3016 4628
312 303 400 345 106

302 393 433 459 εἶναι,
457 395 531 445 καὶ
549 393 676 442 ὁσίων
700 391 776 441 καὶ
798 391 922 457 ἱερῶν
958 386 1165 453 ἐξηγητὰς
1185 392 1272 440 τοῖς
1297 384 1441 437 ἄλλοις
1460 382 1585 429 πολί-

304 489 427 533 ταις,
466 467 613 532 ὥσπερ
638 466 696 519 εἷς
717 462 810 512 ἴσον
857 460 1124 519 κατέστησε,
1154 458 1252 521 δόξῃ
1281 457 1356 520 μὲν
1384 458 1588 517 εὐπατρι-

302 543 405 603 δῶν,
428 559 506 606 χρε
489 540 555 602 ία
583 537 628 586 δὲ
654 535 907 602 γεωμόρων,
933 532 1086 591 πλήθει
1114 530 1159 579 δὲ
1201 534 1284 578 τῶν
1319 528 1587 592 δημιουργων

301 614 526 678 ὑπερέχειν
551 610 805 660 δοκούντων.
872 606 978 656 Ὅτι
1002 605 1044 653 δὲ
1070 607 1236 670 πρῶτος
1260 601 1461 649 ἀπέκλινε
1484 597 1588 663 πρὸς

300 685 374 734 τὸν
393 686 538 751 ὄχλον,
566 686 623 737 ὡς
642 679 956 771 Ἀριστοτέλης
956 677 1085 743 φησὶ,
1105 695 1179 723 και
1196 677 1335 741 ἀφηκε
1354 671 1402 719 τὸ
1423 688 1587 734 μοναρ-

302 758 417 823 χεῒν,
443 756 553 804 ἔοικε
585 759 814 819 μαρτυρεῖν
843 751 917 799 καὶ
934 749 1135 813 “Ομηρος
1155 749 1201 795 ἐν
1230 749 1334 793 νεῶν
1355 741 1585 806 καταλόγῳ

305 829 457 894 μόνους
473 827 759 887 Ἀθηναίους
735 828 871 887 οῆμον
890 819 1254 888 προσαγορεύσας.

368 907 424 951 V.
472 905 726 949 Hermann.
752 900 778 960 §
818 914 911 959 97·
901 932 914 954 ,
940 897 1230 943 Schoemann.
1264 892 1296 936 l.
1338 891 1370 935 1.
1410 905 1461 949 p.
1495 886 1581 940 164

285 977 370 1036 ‘sq.
385 1010 398 1033 ‚
436 986 483 1021 et
528 977 600 1020 De
645 972 844 1018 comitiis
883 971 982 1015 init.
1010 968 1078 1014 Cf.
1124 963 1391 1011 Heraclides
1434 963 1572 1006 Pont.

301 1049 507 1104 sr.1,1.

367 1123 436 1166 De
463 1132 550 1165 ato
574 1117 734 1163 Thesei
767 1114 948 1161 Pittheo
976 1127 1022 1155 v.
1046 1110 1104 1155 fr.
1131 1108 1209 1169 96.
1236 1107 1430 1152 Photius
1464 1107 1579 1149 Lex.

300 1208 479 1254 p.192‚
502 1191 556 1236 13
579 1207 624 1235 v,
651 1184 946 1235 Κυσολάκωντ
972 1179 1171 1244 Μελαίνῃ
1192 1180 1204 1241 (
1218 1175 1321 1225 Ἑλέ
1304 1195 1372 1240 -νῃ
1395 1193 1578 1222 conex.

299 1265 552 1311 Ruhnken.
579 1264 628 1307 in
643 1266 776 1307 Auct.
806 1258 871 1303 ad
896 1255 1092 1315 Hesych.
1116 1250 1129 1315 )
1156 1249 1238 1314 γὰρ
1263 1246 1435 1306 Θησευς
1451 1246 1583 1300 οὕτως

302 1338 316 1400 (
331 1354 393 1382 sc.
421 1347 640 1396 tanquam
663 1329 899 1391 παιδικοῖς)
928 1324 1170 1391 ἐχρησατο,
1191 1326 1246 1376 ὡς
1267 1319 1577 1385 Ἀριστοτέλης.

300 1414 471 1458 Verum
500 1407 565 1452 ibi
586 1417 642 1452 ex
661 1404 889 1464 Hesychio
913 1418 958 1446 v.
985 1395 1249 1447 Κυσολάκων
1274 1412 1364 1456 pro
1391 1393 1583 1458 Ἀριστο-

299 1479 424 1538 τέλης
447 1479 770 1540 reponendum
795 1472 1090 1539 Αρίσταρχος,
1113 1479 1330 1515 monente
1350 1468 1582 1513 Ruhnke-

302 1555 383 1598 nio
401 1554 568 1597 1.1.-ὼ
589 1551 727 1595 Codri
749 1547 1015 1594 Aristoteles
1025 1545 1171 1589 verbo
1191 1542 1399 1586 memmlt
1410 1557 1460 1584 ιιι
1475 1541 1577 1586 Pol.

299 1627 358 1682 V,
379 1625 432 1681 8,
458 1630 503 1686 4,
525 1625 605 1668 ubi
621 1623 716 1667 ait:
736 1620 809 1666 Ad
827 1620 998 1680 regiam
1019 1617 1288 1677 dignitatem
1306 1614 1454 1658 evecti
1476 1621 1581 1657 sunt

301 1700 340 1743 οἱ
384 1695 460 1758 μὲν
494 1692 604 1742 κατὰ
643 1693 829 1756 πόλεμον
869 1688 1138 1742 κωλύσαντες
1172 1683 1399 1745 δουλεύειν,
1434 1683 1580 1751 ὥσπερ

301 1767 477 1836 Κόδρος.

912 1869 954 1914 3.

356 2009 516 2057 Schol.
528 2011 577 2055 in
594 2010 773 2054 Platon.
797 2006 993 2052 Axioch.
1014 2019 1061 2064 p.
1086 2000 1178 2056 465
1204 2001 1365 2048 Bekk·
1387 1999 1580 2067 Ἀριστο-

296 2082 420 2140 τελης
444 2079 574 2146 φησὶ,
610 2099 683 2127 του
714 2077 815 2126 ὅλου
842 2075 1029 2134 πλήθους
1058 2073 1315 2139 διῃρημένου
1341 2072 1580 2132 Ἀθήνησιν

296 2154 355 2208 εἴς
378 2173 424 2200 τε
443 2172 537 2205 τους
560 2149 768 2216 γεωργους
800 2148 872 2198 καὶ
892 2168 987 2202 τους
1011 2145 1290 2212 δημιουργούς
1305 2183 1319 2204 ,
1342 2146 1512 2235 ‘plnum‘
1502 2148 1579 2195 αὖ·

298 2246 380 2272 των
401 2218 747 2288 εἶναιτέσσαρας,
767 2242 852 2270 των
874 2219 917 2268 δὲ
935 2221 1077 2287 φυλων
1097 2218 1284 2276 ἑκάστης
1303 2218 1455 2285 μοίρας
1471 2223 1582 2267 εἶναι

296 2304 432 2361 τρεῖς,
477 2295 524 2349 ἃς
562 2294 757 2361 τριττύας
799 2313 846 2341 τε
881 2294 1060 2341 καλουσι
1101 2291 1176 2340 καὶ
1200 2290 1438 2357 φρατρίας,
1473 2291 1580 2339 ἑκά-

299 2389 399 2427 στης
423 2367 467 2415 δὲ
500 2365 659 2415 τούτων
682 2366 911 2434 τριάκοντα
936 2371 1044 2415 εἶναι
1065 2363 1192 2429 γε’νη,
1229 2364 1278 2412 τὸ
1313 2362 1358 2411 δὲ
1382 2362 1501 2428 γένος
1532 2366 1582 2413 ἐκ

292 2439 519 2505 τριάκοντα
543 2437 722 2487 ἕκαστον
741 2441 903 2504 ἀνδρῶν
918 2437 1185 2486 συνεστάναι
1203 2434 1394 2492 Τούτους
1418 2435 1470 2496 δὴ
1486 2457 1582 2493 τους

292 2516 349 2567 εἷς
366 2512 419 2560 τὰ
436 2512 537 2576 γένη
560 2511 842 2576 τεταγμένους
856 2510 1061 2575 γεννήτας
1090 2511 1313 2559 καλουσιν.

364 2583 439 2639 Εἷς
461 2605 513 2632 τε
535 2584 631 2638 τοὺς
651 2584 861 2648 γεωργοὺς
886 2583 960 2632 καὶ
982 2583 1078 2638 τοὺς
1108 2585 1247 2647 δημ.]
1274 2588 1398 2634 Num
1433 2589 1483 2632 in
1511 2578 1583 2632 h'is

296 2674 403 2703 vere
422 2654 710 2704 Aristotelica
729 2660 968 2712 scholiasta
985 2659 1169 2704 dederit
1199 2675 1370 2715 necne,
1391 2660 1582 2707 difficile

294 2741 359 2775 est
379 2730 648 2789 dijudicatu.
667 2733 826 2777 Putari
850 2734 972 2779 enim
994 2733 1140 2794 possit
1162 2748 1440 2780 memorasse
1472 2734 1575 2780 Ari-

292 2804 502 2848 stotelem
520 2805 674 2863 potius
697 2813 785 2849 tres
795 2807 961 2865 populi
984 2805 1171 2850 ordines
1188 2807 1571 2866 Eupatridarum‚

294 2876 635 2920 Geomororum
649 2858 1075 2938 etDemiurgormn,
1090 2877 1148 2922 de
1162 2879 1574 2938 quihusPlutarch.

295 2947 427 2990 Thes.
453 2963 493 2990 c.
523 2946 581 2991 25
610 2947 693 3007 (fr.
719 2948 789 3006 2),
812 2958 857 2993 et
878 2951 1045 2994 Pollux
1064 2951 1203 3007 VIII,
1232 2966 1318 2996 111
1349 2948 1505 3014 ιΤρία
1530 2947 1575 2999 δὲ

296 3036 348 3073 ην
372 3016 426 3062 τὰ
452 3017 547 3075 ἔθνη
571 3018 730 3076 πάλαι,
755 3021 792 3067 Ε
796 3019 1024 3085 ὖπατρίδαι
1043 3057 1056 3082 ,
1082 3021 1324 3086 Γεωμόροι,
1350 3028 1571 3086 Δημιουρ-

296 3088 380 3151 γοί.
401 3093 456 3136 V.
470 3093 758 3137 Schoemann.
783 3096 853 3138 De
872 3096 1048 3142 comitt.
1068 3097 1234 3143 Athen.
1249 3113 1298 3157 p.
1319 3100 1407 3155 IV3
1425 3099 1575 3159 Ilgen.

299 3164 371 3206 De
396 3164 498 3208 trib.
532 3165 639 3207 Ath.
665 3180 715 3223 p.
742 3161 828 3220 62;
852 3168 1105 3212 Hermann.
1134 3168 1166 3215 1.
1189 3170 1220 3214 l.
1246 3169 1273 3230 S
1298 3169 1392 3230 98,
1418 3168 1474 3226 8,
1502 3171 1579 3213 cui

296 3245 422 3280 recte
444 3251 491 3279 se
504 3235 674 3281 habere
699 3237 839 3282 verba
858 3239 1108 3284 scholiastae
1125 3241 1372 3300 videntur3
1410 3243 1605 3287 Schoe-

295 3323 452 3352 mann.
476 3309 665 3368 Antiqq.
688 3325 735 3368 p.
764 3309 850 3354 166
868 3326 968 3371 sqq.

299 3442 498 3483 incondita
516 3443 700 3484 evaderet
717 3446 757 3484 et
776 3448 960 3498 confusa,
985 3448 1053 3489 sed
1078 3451 1230 3500 primus
1251 3451 1438 3493 discrevit
1462 3463 1575 3492 seor-

296 3516 384 3546 sum
411 3506 594 3556 patricios
607 3539 617 3556 ,
649 3508 835 3557 agricolas
865 3513 903 3550 et
921 3512 1091 3563 opifices.
1113 3515 1245 3565 Atque
1260 3526 1384 3566 quum
1404 3515 1578 3567 patriciis

293 3583 359 3622 Jus
384 3572 634 3613 concessisset
667 3584 727 3614 res
757 3574 909 3617 divinas
942 3580 1220 3629 cognoscendi,
1252 3581 1503 3631 magistratus
1525 3592 1577 3621 ex

295 3648 369 3677 suo
386 3637 523 3676 ordine
542 3638 724 3689 creandi,
745 3642 784 3679 et
805 3643 848 3679 ut
868 3642 970 3691 leges
988 3644 1193 3694 docerent,
1211 3656 1320 3685 sacra
1335 3648 1376 3686 et
1391 3647 1576 3686 caerimo-

297 3702 381 3742 nias
400 3701 560 3752 reliquis
575 3702 730 3742 civibus
749 3703 1114 3757 interpretarentur,
1134 3711 1245 3760 qnasi
1262 3711 1308 3750 ad
1325 3713 1575 3763 aequabilita-

296 3769 377 3805 tem
393 3765 598 3804 constituit
621 3767 931 3819 rempublicam,
954 3771 1061 3821 quod
1090 3773 1278 3822 dignitate
1296 3776 1471 3827 patricii,
1493 3778 1574 3817 uti·

298 3829 410 3869 litate
439 3829 643 3878 agricolae,
676 3830 846 3870 artifices
883 3844 1047 3874 numero
1076 3835 1302 3877 viderentur
1335 3841 1574 3890 praecellere.

297 3895 396 3934 Nam
415 3894 507 3931 eum
527 3892 698 3942 primum
719 3893 835 3933 suis-e
853 3894 891 3933 in
914 3895 1090 3948 plebem,
1123 3902 1168 3938 ut
1191 3903 1327 3941 auctor
1348 3904 1406 3943 cst
1422 3905 1575 3945 Aristo-

297 3959 336 3998 ιιι
339 3957 421 4007 les,
446 3967 684 4008 propensum
714 3960 754 3998 et
783 3959 1030 4001 dominatum
1060 3963 1306 4015 deposuisse,
1339 3969 1474 4010 testari
1495 3974 1575 4011 Ho-

297 4031 451 4064 merum
467 4031 626 4072 quoque
646 4021 686 4061 in
703 4023 871 4063 Navium
892 4026 1078 4077 catalogo
1096 4027 1161 4076 (v.
1184 4030 1280 4080 547>
1303 4035 1488 4085 apparet,
1509 4036 1576 4087 qui

298 4086 403 4127 solos
426 4086 680 4128 Atheniwses
695 4089 887 4139 populum
906 4093 1037 4131 vocat

353 4219 577 4263 Aristoteles
614 4221 731 4272 dicit,
770 4222 996 4266 universam
1027 4227 1160 4278 populi
1200 4230 1492 4275 multitudinem
1537 4236 1575 4276 ιιι

1188 275 1608 330 ARISTOTELIS
1641 268 2033 322 FRAGMENTA
2045 304 2063 347 .-

1722 381 1792 424 De
1817 377 1982 422 ceteris
2006 371 2132 419 conf.
2149 372 2317 416 Pollux
2340 371 2480 426 vm,
2513 385 2596 415 111
2630 387 2641 415 ε
2667 366 2780 420 τὈτε
2805 369 2950 434 μέντοι

1656 449 1854 513 τέτταρες
1873 451 1983 504 ἠσαν
2003 447 2046 490 αἱ
2061 441 2215 507 φυλαὶ,
2234 443 2291 495 εἷς
2309 440 2407 505 τρία
2431 440 2544 505 μέρη
2569 441 2733 502 ἑκάστη
2753 442 2947 509 διῄρητο,

1655 541 1729 569 και
1753 519 1801 567 τὸ
1823 517 1952 582 μέρος
1977 534 2101 562 τουτο
2116 515 2309 561 ἐκαλεῖτο
2326 511 2494 578 τριττυς
2510 512 2586 560 καὶ
2610 514 2723 567 ἔθνος
2744 514 2821 562 καὶ
2839 533 2959 582 φρα-

1655 592 1768 658 τρία·
1784 589 1968 638 ἑκάστου
1994 587 2079 634 δὲε
2063 586 2204 640 ἔθνους
2227 585 2328 649 γένη
2351 584 2587 650 τριάκοντα
2614 584 2659 642 ἐξ
2680 587 2845 653 ἀνδρῶν
2874 606 2950 636 το·

1657 665 1840 722 σούτων,
1858 661 1885 709 ἃ
1903 662 2099 709 ἐκαλεῖτο
2121 659 2354 724 τριακάδες
2371 660 2427 719 (v
2447 658 2746 707 Schoemann.
2764 660 2876 710 Ant.
2895 678 2947 724 p.

1658 754 1750 799 209
1774 736 1809 798 ).
1838 733 1928 783 Καὶ
1962 736 2001 780 οἱ
2044 730 2299 796 μετέχοντες
2334 749 2409 777 του
2442 729 2609 794 γένους,
2639 751 2843 796 γεννηται
2875 728 2952 782 καὶ

1652 807 1959 870 ὁμογάλακτες,
1975 804 2086 869 γένει
2104 802 2159 867 μὲ
2139 823 2182 850 ν
2202 807 2251 850 οὐ
2272 802 2584 868 προσήκοντες,
2602 805 2652 851 ἐκ
2671 803 2717 851 δὲ
2734 808 2811 864 τῆς
2826 806 2952 855 συνό-

1656 882 1730 927 δου
1752 879 1864 927 οὕτω
1887 875 2319 967 προσαγορευόμενοι.
2339 874 2455 941 Γρια
2476 874 2558 924 δὲ’
2535 895 2590 936 ην
2605 875 2660 924 τὰ
2678 875 2777 936 ἔθνη
2796 877 2953 939 πάλαι,

1653 950 1927 1017 εὐπατρίδαι,
1953 949 2195 1015 γεωμόροι,
2214 948 2482 1015 δημιουργοί.

1718 1025 2069 1086 Harpocration
2095 1040 2105 1069 :
2130 1024 2168 1071 Γ
2170 1040 2342 1080 εννηται
2365 1023 2404 1070 οἱ
2431 1039 2507 1071 του
2538 1022 2672 1072 αὐτοῦ
2686 1021 2832 1086 γένους
2853 1026 2955 1074 κου-ἑ
3014 1052 3016 1064 =

1652 1101 1879 1150 νωνοῧντες
1890 1114 1900 1124 ·
1919 1087 2189 1160 διῃρημένων
2205 1091 2290 1161 ’γὰρ
2309 1092 2513 1146 ἁπάντων
2528 1095 2615 1143 τῶν
2632 1095 2825 1147 πολιτῶν
2837 1092 2952 1156 κατὰ
3012 1117 3016 1150 ;

1654 1168 1765 1234 μέρη
1782 1206 1794 1228 ,
1814 1167 1870 1216 τὰ
1889 1167 1968 1230 μὲν
1992 1170 2146 1234 πρῶτα
2165 1166 2241 1215 καὶ
2260 1166 2446 1230 μέγιστα
2475 1165 2590 1234 μέρη
2614 1168 2847 1219 ἐκαλοῦντο
2869 1186 2954 1235 <pu-
3013 1171 3016 1186 ⁵

1651 1242 1724 1289 λαὶ
1736 1241 1934 1301 ,ἑκάστη
1953 1240 1998 1288 δὲ
2031 1239 2143 1306 φυλὴ
2162 1259 2242 1307 τρι
2230 1260 2291 1306 ,ςη
2310 1239 2512 1307 διῄρητο,
2532 1239 2610 1291 καὶ
2627 1242 2827 1292 ἐκαλεῖτο
2847 1241 2944 1293 322oe-

1652 1333 1750 1362 στον
1774 1313 1901 1379 μέρος
1920 1313 2086 1362 τούτων
2109 1312 2277 1378 τριττυς
2300 1332 2375 1360 και
2397 1313 2614 1380 φρατρία,
2629 1309 2764 1364 πάλιν
2793 1313 2841 1368 δὲ
2862 1316 2950 1365 τῶν
2972 1351 2975 1357 ‚
3010 1327 3016 1368 Ξ

1651 1405 1867 1453 φρατριων
1885 1386 2048 1446 ἑκάστη
2070 1385 2250 1451 διῃρητο
2270 1386 2334 1441 εἷς
2356 1384 2460 1450 γένη
2478 1386 2539 1445 λ’,
2557 1379 2655 1442 ἐξῒ
2621 1405 2682 1437 ων
2707 1388 2752 1435 αἱ
2769 1382 2952 1454 ἱερωσύ-
2975 1371 2978 1388 ¹

1651 1479 1722 1507 ναι
1757 1461 1804 1507 αἱ
1829 1459 2025 1514 ἑκάστοις
2020 1458 2361 1544 προσήκουσαι
2396 1460 2674 1524 ἐκληρουντο.
2746 1457 2878 1511 Ἔστι
2904 1454 2982 1511 δὲ,
3006 1495 3012 1523 γ

1649 1530 1771 1597 παρὰ
1797 1531 1970 1586 πολλοῖς
1990 1534 2075 1579 τῶν
2102 1532 2294 1599 ῥητόρων
2318 1530 2526 1597 τοῦνομα,
2549 1534 2607 1587 ὥς
2625 1530 2702 1582 καὶ
2723 1531 2952 1596 Δημοσθέ·
2973 1586 2977 1587 ⁷
3005 1537 3010 1552 ⁴

1649 1624 1723 1663 νης
1742 1607 1784 1651 ἐν
1803 1608 1857 1669 τῇ
1879 1603 1984 1669 πρὸς
2000 1604 2271 1664 Εὐὸουλίδην
2289 1605 2430 1672 ἐφέσει
2455 1606 2499 1671 (§
2519 1603 2635 1670 67).
2661 1605 2819 1662 Ἰσαῖος
2842 1605 2881 1658 δ’
2905 1608 2949 1655 ἐν
2969 1620 2973 1627 “

1649 1681 1712 1744 τῷ
1748 1676 1850 1744 περὶ
1890 1682 1966 1728 τοῦ
1989 1677 2315 1745 Ἀπολλοδώρου
2342 1678 2506 1746 κλήρου
2541 1679 2555 1743 (
2574 1680 2600 1741 §
2626 1679 2703 1728 13.
2740 1678 2821 1731 15.
2861 1677 2949 1744 17)
2976 1710 2981 1715 -ν
3004 1665 3009 1737 Ξ

1650 1750 1746 1805 τοὺς
1777 1757 1994 1815 συγγενεῖς
2034 1751 2243 1816 γεννήτας
2278 1751 2527 1816 ὠνόμασεν·
2555 1753 2636 1817 οὐχ
2669 1753 2711 1803 οἱ
2736 1755 2954 1817 συγγενεῖς
3003 1757 3006 1790 3

1652 1823 1798 1888 μέντοι
1822 1825 1972 1880 ἁπλῶς
1995 1825 2070 1873 καὶ
2095 1827 2133 1874 οἱ
2153 1824 2196 1886 ἐξ
2218 1824 2403 1889 αἵματος
2422 1825 2627 1891 γεννῆταί
2649 1845 2697 1874 τε
2717 1825 2789 1874 καὶ
2805 1827 2855 1875 ἐκ
2875 1831 2951 1876 τοῦ
2973 1863 2975 1866 <
3002 1821 3007 1851 ’ἶ

1651 1900 1780 1948 αὐτοῦ
1799 1897 1946 1963 γένους
1964 1901 2220 1964 ἐκαλοῦντο,
2241 1899 2338 1949 ἀλλ’
2363 1902 2402 1948 οἱ
2421 1899 2463 1956 ἐξ
2481 1902 2621 1966 ἀρχῆς
2633 1901 2692 1955 εἷς
2710 1898 2766 1947 τὰ
2789 1899 2948 1953 καλού-
2963 1944 2970 1964 ,7
2999 1917 3007 1962 {-

1652 1990 1762 2035 μενα
1797 1970 1899 2035 γένη
1923 1972 2306 2036 κατανεμηθέντες.
2330 1972 2575 2039 Φιλόχορος
2593 1971 2639 2020 δὲ
2659 1974 2703 2020 ἐν
2721 1975 2776 2038 τῇ
2800 1973 2843 2034 δ’,
2864 1974 2951 2038 (fr.
2999 1976 3002 1998 ³

1651 2045 1744 2108 91)
1767 2043 1871 2110 φησὶ
1901 2044 2109 2110 πρότερον
2134 2045 2439 2110 ὁμογάλακτας
2467 2044 2755 2110 ὀνομάζεσθαι
2777 2044 2848 2101 οὓς
2876 2051 2961 2095 νῦν
2998 2034 3002 2049 ’

1650 2117 1856 2182 γεννήτας
1874 2119 2098 2169 καλοῦσιν.
2958 2114 2964 2118 a
2997 2110 3004 2134 ἓ

2283 2199 2328 2247 [ι.

1717 2311 2067 2370 Harpocration
2088 2323 2099 2357 ε
2123 2309 2165 2357 Τ
2173 2327 2195 2374 ρ
2208 2326 2255 2355 ιτ
2270 2307 2328 2355 τύ
2341 2328 2360 2363 ς
2383 2308 2475 2355 ἐστι
2493 2306 2545 2354 τὸ
2559 2305 2706 2398 τρίτον
2720 2303 2850 2372 μέρος
2874 2309 2953 2366 τῆς

1651 2382 1811 2447 φυλης·
1841 2380 1953 2439 αὕτη
1977 2380 2062 2448 γὰρ
2084 2380 2287 2447 διῄρηται
2323 2383 2382 2436 εἷς
2401 2380 2500 2446 τρία
2526 2380 2663 2450 μέρη,
2682 2383 2852 2447 τριττῦς
2875 2379 2973 2428 καὶ

1650 2453 1750 2513 ἔθνη
1775 2453 1904 2520 καιφ
1875 2454 2085 2522 φρατρίας
2102 2492 2115 2516 ,
2135 2475 2192 2509 ως
2217 2474 2346 2521 φησιν
2372 2453 2670 2537 Ἀριστοτέλης
2688 2455 2733 2502 ἓν
2754 2456 2810 2520 τῇ
2829 2452 2951 2512 Ἀθη·

1650 2526 1780 2575 ναίων
1797 2525 1965 2576 πολιτε’
1950 2547 2011 2576 ια.
2030 2529 2206 2577 Eadem
2227 2530 2438 2605 Photins.
2975 2524 2994 2570 ἑ

2221 2661 2398 2675 -μ--ι-Ί

1719 2739 1949 2803 [Aristot.
1961 2737 2066 2784 Pol.
2079 2741 2148 2800 II,
2160 2756 2206 2801 9,
2224 2756 2255 2801 9
2279 2735 2546 2803 εΔράκοντος
2563 2734 2608 2784 δὲ
2623 2734 2748 2799 νόμοι
2759 2733 2838 2799 μέν
2851 2730 2991 2797 εἰσιν

1653 2811 1849 2877 πολιτείᾳ
1874 2812 1912 2857 δ’
1934 2808 2190 2876 ὑπαρχούσῃ
2212 2810 2311 2865 τοὺς
2336 2809 2493 2874 νόμους
2515 2808 2666 2867 ἔθηκεν
2681 2828 2693 2840 ·
2710 2807 2820 2857 ἴδιον
2831 2808 2878 2855 δ’
2907 2802 2994 2883 {NJ

1655 2892 1745 2940 τοῖς
1764 2883 1908 2947 νόμοις
1928 2882 2048 2930 οὐδέν
2067 2885 2181 2931 ἐστιν
2195 2882 2221 2930 δ’
2231 2902 2272 2930 τι
2293 2882 2368 2930 καὶ
2386 2881 2536 2945 μνείας
2551 2881 2667 2937 ἄξιον
2682 2879 2797 2940 πλὴν
2817 2883 2845 2940 ἡ
2867 2883 2993 2945 χα-·;’>4

1651 2955 1840 3016 λεπότης
1873 2954 1944 3003 διὰ
1977 2954 2027 3002 τὸ
2053 2959 2130 3014 τῆς
2162 2954 2326 3019 ζημίας
2349 2954 2540 3019 μέγεθος.
2579 2956 2798 3002 Ceterum
2825 2955 2975 3000 hune*

1653 3035 1812 3079 locum
1833 3031 2046 3092 spurium
2069 3046 2164 3076 esse
2186 3039 2314 3075 recte
2337 3038 2492 3075 censet
2506 3029 2818 3090 Goettlingius.
2839 3027 2860 3091 ]
2955 3020 2976 3042 ²

2294 3135 2342 3186 5.

1721 3240 1856 3284 Idem
1904 3253 1915 3285 :
1965 3234 2105 3285 Ἐπὶ
2126 3232 2460 3299 Παλλαδίῳ.
2509 3230 2800 3297 Δικαστήριόν
2835 3229 2984 3279 ἐστι’

1659 3308 1775 3359 οὕτω
1810 3309 2097 3372 καλούμενον,
2132 3311 2190 3363 ὡς
2223 3306 2298 3355 καὶ
2323 3305 2663 3372 Ἀριστοτέλης’
2646 3323 2690 3352 εν
2715 3295 2983 3386 Ἀθηνιιιίωιιξκ,ἶ

1652 3450 1814 3495 Attica
1802 3461 1845 3491 ιιι
1863 3449 2035 3493 rusticos
2049 3449 2091 3490 et
2108 3447 2311 3499 operarios
2335 3446 2505 3489 divisam
2530 3455 2638 3517 esse3
2653 3443 2791 3487 tribus
2808 3453 2905 3487 eoru
2921 3460 2939 3463 ff
2956 3458 2981 3490 :7

1653 3580 1838 3631 renses);
1865 3579 2047 3621 tribuum
2082 3577 2329 3628 smgularum
2364 3577 2501 3617 ternas
2539 3584 2624 3614 esse
2659 3573 2816 3624 partes.
2848 3583 2917 3625 qu

1652 3643 1824 3694 Trittyes
1842 3643 1926 3683 sive
1955 3641 2158 3684 phratrias
2179 3640 2399 3692 appellent,
2420 3637 2608 3691 phratrioe
2638 3635 2899 3688 uniusquusq

1652 3710 1788 3758 gentes
1825 3718 1912 3747 esse
1933 3706 2127 3755 tricenas,
2143 3704 2318 3756 singulas
2339 3705 2475 3755 gentes
2502 3702 2682 3745 virorum
2704 3699 2941 3752 (patrumr

1652 3771 1802 3821 milias)
1833 3781 1918 3811 esse
1935 3770 2212 3819 tricenorum;
2227 3779 2294 3809 eos
2309 3768 2446 3807 autem
2465 3765 2538 3817 qui
2555 3764 2608 3806 ad
2622 3775 2743 3805 unam
2759 3749 2978 3808 eandemss

1652 3847 1731 3888 que
1747 3838 1903 3888 gentem
1921 3836 2168 3888 pertineant,
2187 3832 2379 3889 appellari
2403 3831 2600 3884 γεννήτας.

1704 3973 1853 4024 Trittys
1867 3972 1999 4013 tribus
2012 3971 2131 4012 tertia
2146 3980 2238 4022 pars
2255 3903 2337 4020 eth
2357 3979 2452 4010 nam
2461 3965 2617 4009 tribus
2605 3977 2647 4006 ιιι
2663 3965 2746 4006 tres
2755 3963 2973 4010 divldfflm

1652 4039 1805 4088 partes,
1830 4047 1930 4087 quas
1954 4036 2094 4086 tritt-ys
2111 4035 2195 4076 sive
2213 4035 2350 4085 gentes
2370 4033 2456 4074 sive
2483 4027 2682 4083 phratrias
2697 4027 2867 4079 meunt,
2913 4047 2915 4052 ·

1652 4102 1774 4142 tradit
1795 4101 2028 4142 Aristoteles
2048 4100 2089 4141 in
2115 4100 2258 4141 Athen.
2282 4101 2382 4150 Rep

2272 4169 2316 4209 5.
2919 4196 2922 4202 .

1708 4237 1773 4279 Ad
1795 4236 2066 4279 Palladium.
2101 4235 2301 4278 Judlcium
2328 4235 2388 4276 est
2407 4233 2466 4276 sic
2492 4231 2704 4280 vocatum,
2735 4227 2796 4268 uti
2823 4224 2967 4276 ethni}
