3016 4628
210 300 303 341 218

209 397 284 440 τοῦ
306 389 454 447 ξοάνου
474 407 505 454 χ
509 390 660 454 ρυσοῧν
679 385 934 454 ἀφελόμενοι
953 385 1160 452 στέφανον
1174 421 1187 445 ,
1205 383 1356 432 θυσίαν
1374 383 1503 433 ἐτίθε-

210 482 290 511 σαν
312 465 405 510 ἀντ’
424 463 571 511 αὐτοῦ.
595 463 696 510 Τῶν
717 459 763 508 δὲ
783 457 1084 525 Κεφαλλήνων
1101 457 1234 506 ἄλλον
1253 457 1505 517 ἐπιθέντων,

206 540 354 584 τοῦτον
378 534 597 583 ἀπέὸαλεν
631 536 658 592 ἡ
690 532 803 592 θεὸς,
839 531 916 580 καὶ
943 530 1089 597 χαμαὶ
1114 530 1307 595 κείμενος
1331 529 1502 597 εὑρέθη.

210 610 228 673 [
247 604 525 677 Κεφαλλῆνες
548 606 593 656 δὲ
618 605 705 654 ἀπὸ
724 610 798 655 τοῦ
818 604 1024 672 Κεφάλου
1047 603 1338 668 ἐκλήθησαν.]

562 717 741 767 XVIII.
790 714 1140 765 ΦΑΣΙΑΝΩΝ.

275 826 424 874 Φᾶσιν
437 823 486 873 τὸ
506 823 548 881 ἐξ
562 826 699 891 ἀρχῆς
715 823 909 888 ςΗνίοχοι
926 821 1148 887 κατῴκουν
1162 857 1174 879 ,
1193 821 1324 886 φ’ὗλον
1342 821 1504 884 ἄνθρω-

208 898 402 964 ποφάγον
422 897 498 946 καὶ
522 899 711 963 ἐκδεῖρον
744 896 842 950 τοὺς
866 893 1137 960 ἀνθρώπους,
1160 891 1310 940 ἔπειτα
1348 892 1504 950 Μιλή-

210 989 309 1018 σιοι.
327 970 553 1027 Φιλόξενοι
571 971 606 1018 δ’
626 969 732 1018 εἰσὶν
746 1006 758 1028 ,
780 968 893 1016 ὥστε
911 966 1005 1021 τοὺς
1020 964 1231 1028 ναυαγοὺς
1246 965 1504 1031 ἐφοδιάζειν,

209 1042 286 1091 καὶ
303 1045 417 1110 τρεῖς
434 1050 542 1107 μνᾶς
564 1041 756 1096 διδόντας
781 1038 1000 1087 ἀπολύειν.

599 1154 730 1203 ΧΙΧ.
769 1151 1114 1200 ΑΜΟΡΓΙΩΝ.

278 1283 483 1350 Ἀμοργὸς
520 1277 629 1332 οῗνον
649 1281 763 1348 φέρει
787 1277 920 1328 πολὺν
948 1278 1024 1327 καὶ
1044 1277 1187 1327 ἔλαιον
1211 1278 1286 1326 καὶ
1309 1276 1501 1342 ὀπώρας.

605 1411 711 1459 XX.
748 1409 1116 1458 ΛΕΥΚΑΝΩΝ.

278 1528 337 1576 Οἱ
367 1525 413 1574 δὲ
447 1525 659 1575 Λευκανοὶ
686 1523 891 1590 φιλόξενοι
923 1523 1000 1571 καὶ
1024 1523 1196 1571 δίκαιοι.
1219 1522 1506 1572 Ἐὅασίλευσε

215 1598 261 1647 δὲ
284 1598 443 1647 τούτων
465 1597 711 1660 Δαμίσκος,
732 1595 776 1651 ὃς
791 1588 880 1660 εἶχε
901 1595 1032 1644 λύκου
1053 1594 1124 1643 τὸν
1140 1594 1282 1661 τρίτον
1297 1595 1505 1644 δάκτυλον

212 1675 288 1718 τοῦ
307 1670 434 1725 ποδὸς
453 1670 537 1717 ἀπὸ
560 1673 632 1716 τοῦ
658 1668 864 1732 μεγάλου.

550 1785 678 1833 ΧΧΙ.
715 1783 1067 1853 ΣΑΜΟΘΡᾼΚ
1075 1785 1175 1832 ΗΣ.

283 1900 340 1949 Ἡ
365 1898 626 1975 Σαμοθράκη
651 1898 699 1946 τὸ
721 1896 797 1962 μὲν
823 1897 865 1954 ἐξ
890 1900 1027 1963 ἀρχῆς
1049 1900 1249 1946 ἐκαλεῖτο
1265 1898 1508 1959 Λευκανία,

217 1972 286 2020 διὰ
308 1973 356 2020 τὸ
378 1972 507 2030 λευκὴ
534 1976 661 2019 εἶναι·
680 1970 854 2036 ὕστερον
879 1971 938 2028 δὲ,
964 1973 1153 2038 Θρᾳκῶν
1178 1971 1508 2037 κατασχόντων,

214 2045 408 2111 Θρᾳκία.
435 2045 610 2094 Τούτων
637 2043 680 2091 δὲ
705 2042 983 2103 ἐκλιπόντων,
1005 2043 1182 2110 ὕστερον
1207 2044 1344 2092 ἔτεσιν
1370 2047 1510 2092 ἑπτα-

216 2118 400 2181 κοσίοις,
437 2117 597 2178 Σάμιοι
621 2114 867 2181 κατῴκισαν
889 2117 1040 2175 αὐτὴν,
1064 2116 1317 2171 ἐκπεσόντες
1339 2121 1417 2176 τῆς
1446 2120 1510 2166 οἷ-

218 2188 359 2249 κείας,
386 2189 459 2237 καὶ
485 2187 774 2255 Σαμοθρᾴκην
799 2186 1024 2237 ἐκάλεσαν.

568 2307 730 2354 XXII.
767 2305 1145 2355 ΜΑΓΝΗΤΩΝ.

282 2412 509 2478 Μάγνητες
529 2414 580 2462 δι’
604 2412 847 2479 ὓπερὸολὴν
866 2414 1163 2479 ἀτυχημάτων
1183 2414 1328 2463 πολλὰ
1348 2414 1513 2463 ἐκακώ-

217 2489 366 2544 θησαν·
391 2486 466 2534 καί
489 2505 571 2534 που
595 2487 669 2534 καὶ
693 2485 942 2553 Ἀρχίλοχός
965 2505 1091 2552 φησι·

321 2585 454 2624 Κλαίω
471 2587 675 2626 θαλασσῶν
697 2586 740 2639 [Ι.
757 2587 805 2627 τὰ
823 2586 1014 2638 Θασίων],
1035 2587 1081 2627 οὗ
1097 2587 1146 2627 τὰ
1165 2588 1384 2636 Μαγνήτων
1397 2587 1513 2628 κακά.

222 2669 497 2736 Ἱπποτρόφοι
511 2672 547 2718 δ’
562 2671 684 2735 εἰσὶν,
700 2671 745 2720 ὃν
757 2670 915 2738 τρόπον
928 2671 1004 2720 καὶ
1022 2671 1312 2739 Κολοφώνιοι,
1329 2674 1514 2721 πεδιάδα

223 2741 369 2806 χώραν
394 2741 576 2807 ἔχοντες.

225 2878 362 2918 eadem
379 2879 484 2918 linea
504 2879 631 2930 jungit
649 2880 983 2922 antecedentibus.
1005 2903 1057 2910 -
1074 2882 1267 2922 Μολοττοὶ
1290 2882 1331 2921 δὲ
1346 2885 1404 2928 Α,·
1425 2893 1522 2923 mox

226 2938 291 2976 τὸν
317 2941 386 2976 τοῦ
406 2937 540 2982 ξοάνου
571 2938 726 2978 mavult
751 2942 941 2990 Corayus.
967 2961 1020 2969 —-
1038 2939 1190 2992 θυσίαν]
1219 2941 1388 2980 καυσίαν
1414 2941 1519 2991 conj.

228 2995 385 3044 Koeler;
415 2997 523 3035 recte
544 2996 829 3046 refragantibus
857 2998 1161 3039 Schneidewino
1189 3000 1230 3039 et
1251 2999 1426 3049 Sinteni‚
1451 3000 1523 3051 qui

228 3052 391 3092 omnino
409 3053 506 3093 nihil
523 3065 547 3093 a
570 3055 746 3095 Molossis
769 3056 886 3096 fuisse
900 3056 1134 3107 impositum
1153 3058 1366 3098 monstrari
1387 3059 1524 3099 monet

229 3120 329 3150 voce
348 3112 472 3151 ἄλλον.
489 3114 671 3151 Ceterum
688 3113 738 3153 de
756 3114 917 3153 historia
933 3115 1008 3154 bac
1028 3115 1274 3156 subobscura
1301 3117 1484 3158 Koelerus
1510 3133 1521 3158 :

232 3185 252 3203 «
272 3172 388 3210 Nunc
403 3170 595 3220 conjicere
609 3172 765 3211 tantum
780 3184 943 3223 possum
962 3185 1125 3214 narrare
1139 3175 1262 3214 verba
1275 3175 1498 3226 prodigium
1509 3204 1522 3226 ,

230 3228 443 3279 imperium
456 3228 617 3277 jamiam
632 3229 814 3269 futurum
831 3232 1091 3272 Molossorum
1106 3234 1149 3271 in
1164 3233 1422 3283 Cephallenes
1438 3245 1526 3285 por-

230 3284 412 3326 tendens.
434 3301 454 3321 2»
479 3286 643 3325 Dianam
660 3287 699 3326 h.
719 3288 746 3327 l.
762 3288 934 3339 intelligo
951 3291 1142 3342 Λαφρίαν,
1162 3302 1286 3341 quam
1300 3292 1342 3332 in
1359 3293 1526 3343 Cephal·

232 3341 337 3382 lenia
366 3342 462 3394 ἱερὸν
489 3342 670 3382 habuisse
693 3344 819 3394 liquet
845 3357 894 3384 ex
918 3348 1116 3389 Antonino
1133 3348 1220 3389 Lib.
1243 3360 1280 3390 c.
1304 3352 1366 3390 14.
1385 3351 1528 3391 Cultus

234 3399 355 3448 liuJus
378 3399 463 3439 deae
479 3411 529 3439 ex
556 3401 767 3440 Ambracia
785 3404 824 3442 et
836 3406 982 3444 AEtolia
1001 3408 1139 3446 Patras
1164 3407 1421 3448 transductus
1444 3410 1526 3460 est,

233 3457 338 3497 teste
351 3458 546 3523 Pausania
567 3460 636 3506 lv,
657 3464 720 3509 31,
736 3465 758 3500 7
777 3462 816 3500 et
835 3463 929 3512 Vll,
951 3467 1010 3514 18,
1029 3469 1066 3514 8,
1094 3476 1176 3516 quo
1200 3465 1418 3516 posteriore
1439 3467 1528 3507 loco

234 3514 470 3555 describitur
504 3515 708 3565 sacrificii,
726 3518 835 3567 quod
858 3522 1011 3573 Λαφρία
1039 3523 1222 3574 offertur,
1241 3524 1340 3564 ratio
1366 3526 1468 3565 mira
1489 3527 1530 3566 et

235 3572 515 3612 semibarbara.
536 3573 632 3612 Tale
664 3574 899 3616 sacrificium
925 3579 1062 3619 Dianae
1088 3581 1314 3631 praedatrici
1339 3583 1530 3624 Molossos

236 3632 394 3671 nostros
419 3629 626 3681 praedones
652 3630 693 3670 in
724 3634 975 3683 Cephallenia
994 3636 1208 3679 instituisse
1234 3641 1374 3680 auctor
1396 3643 1530 3682 noster

235 3698 416 3742 narrasse
433 3688 529 3728 mihi
541 3687 711 3728 videtur.
725 3714 775 3721 —
786 3692 971 3744 ἐτίθεσαν]
985 3694 1116 3736 ἔθεσαν
1130 3700 1531 3749 Coray.—Postrema

236 3747 382 3798 verba,
400 3758 490 3799 quae
506 3747 619 3786 uncis
633 3747 813 3789 distinxit
832 3752 1178 3805 Schneidewinus,
1199 3759 1370 3808 arguunt
1388 3759 1532 3799 Molot-

238 3806 372 3903 toritim
398 3805 545 3856 politiae
570 3804 666 3845 olim
698 3806 908 3849 adhaesisse
933 3811 1013 3859 pol.
1036 3813 1344 3867 Cephallenum,
1372 3817 1432 3857 uti
1460 3828 1532 3868 par

239 3874 306 3903 era
329 3894 338 3904 .

290 3922 435 3961 XVIII.
459 3922 586 3962 Φᾶσιν
604 3921 649 3960 τὸ
673 3920 710 3966 ἐξ
731 3921 810 3973 ἀμ]
841 3922 1153 3976 Schneidewin.;
1174 3931 1265 3979 φασὶ
1285 3931 1329 3970 τὸ
1357 3934 1408 3979 ὡς
1429 3933 1466 3978 ἐξ
1493 3933 1531 3972 ἀ.

239 3978 322 4028 Ab;
343 3977 454 4029 φάσιν
473 3978 608 4030 (φασὶν
634 3979 762 4029 CPp.)
780 3982 832 4025 ὡς
847 3981 891 4020 τὸ
907 3981 940 4021 ἐ.
958 3981 997 4020 ἀ.
1019 3983 1175 4034 reliqui.
1198 4008 1246 4015 —
1262 3989 1443 4041 ἐκδεῖρον]
1466 3991 1531 4030 ἐκ·

240 4036 345 4086 δέρον
362 4035 517 4086 abcdeq
532 4060 585 4070 -
601 4035 710 4088 μνᾶς]
731 4041 850 4087 μῆνας
867 4039 948 4078 ΑΟ.
969 4063 1020 4072 -
1035 4042 1228 4095 ἀπολύειν]
1246 4046 1387 4096 Coray.
1400 4077 1412 4098 ,
1434 4048 1526 4088 ἀπο·

240 4094 345 4156 πλεῖν
365 4093 480 4134 codd.
495 4107 506 4144 ;
524 4095 588 4134 ἐᾶν
609 4095 792 4135 ἀποπλεῖν
820 4096 990 4146 Koeler.;
1007 4098 1190 4143 λαὸόντας
1207 4102 1389 4143 ἀποπλεῖν
1406 4105 1533 4146 Sinte-

240 4159 314 4203 ωε.
344 4154 402 4190 De
421 4163 462 4192 re
481 4152 530 4191 cf.
548 4153 733 4193 Nicolaus
752 4155 866 4193 Dam.
885 4154 932 4193 fr.
960 4160 1053 4204 ¹01;
1076 4157 1232 4198 Muller.
1254 4162 1360 4200 Min.
1383 4173 1422 4212 p.
1441 4167 1530 4205 282.

292 4210 397 4248 ΧΙΧ.
425 4210 594 4261 ὀπώρας]
615 4214 670 4256 A,·
692 4211 847 4262 ὀπώραν
870 4213 1023 4263 reliqui.

295 4267 378 4306 ΧΧ.
408 4270 442 4307 οἱ
470 4268 509 4307 δὲ
530 4269 592 4319 Λ.]
621 4272 727 4315 AC.;
756 4272 944 4311 Λευκανοὶ
966 4272 1118 4323 reliqui.
1151 4274 1248 4316 Cod.
1279 4278 1310 4316 Α
1332 4276 1416 4318 haec
1439 4290 1531 4320 cum

1341 280 1741 334 HERACLIDES
1764 290 1767 292 ’

1579 401 1674 431 nam
1705 398 1869 430 auream
1901 383 2155 438 spoliassent,
2185 382 2425 424 sacrificium
2454 393 2528 435 pro
2557 393 2604 423 ea
2629 383 2875 425 obtulerunt.

1582 461 1840 513 Cephallenes
1855 459 1992 500 autem
2013 467 2138 509 quum
2154 457 2273 496 aliam
2289 466 2478 496 coronam
2493 455 2795 508 imposuissent,
2811 468 2877 498 re·
2930 460 2945 518 ⁷}

1577 535 1675 586 jecit
1692 544 1780 574 eam
1795 533 1870 572 dea
1882 530 2076 580 humique
2088 529 2224 580 jacens
2238 528 2400 568 inventa
2415 530 2491 568 est.
2925 515 2935 532 '⁴

1633 606 1907 658 [Cephallenes
1922 614 1947 643 a
1965 602 2138 653 Cephalo
2157 611 2304 641 nomen
2321 600 2456 651 adepti
2475 599 2600 652 sunt].

1882 705 2060 756 XVIII.
2099 701 2582 752 PHASIANORUM.

1633 821 1779 864 Phasin
1795 819 1910 860 initio
1940 817 2202 859 accoluerunt
2219 816 2435 868 Heniochi,
2458 827 2555 867 gens
2579 817 2786 866 immanis,
2811 815 2879 856 cui
2996 829 2998 831 ·

1581 895 1762 935 homines
1784 892 2006 933 excoriatos
2027 899 2170 930 vorare
2194 889 2238 928 in
2257 899 2371 929 more
2386 888 2562 940 positum
2582 890 2669 929 erat
2703 903 2714 928 ε
2743 889 2899 939 postea·
2916 893 2938 934 ’χ
2996 886 2998 927 ζ

1582 967 1735 1009 Milesii.
1758 964 1983 1016 Hospitales
1996 963 2135 1003 autem
2147 962 2242 1002 sunt
2256 961 2358 1002 adeo
2372 991 2386 1012 ,
2401 962 2448 1002 ut
2468 961 2669 1013 naufragis
2686 961 2880 1002 viaticum
2916 951 2954 984 ²²·

1582 1038 1809 1091 praebeant,
1826 1038 1988 1087 tresque
2003 1035 2132 1075 minas
2146 1034 2195 1075 iis
2209 1033 2349 1075 dantes
2363 1033 2582 1075 dimittant.

1915 1147 2046 1196 XIX.
2084 1144 2550 1195 AMORGIORUM.

1635 1286 1831 1334 Amorgus
1848 1281 2010 1322 abunde
2038 1280 2180 1320 vinum
2210 1279 2418 1331 producit,
2435 1279 2475 1320 et
2489 1279 2623 1320 oleum
2648 1278 2691 1320 et
2714 1277 2881 1319 fructus.
2915 1331 2918 1334 Α
2955 1299 2957 1302 <
2998 1277 3000 1301 ³

1947 1405 2055 1453 XX.
2094 1404 2176 1453 LU
2184 1402 2517 1453 CANORUM.

1637 1528 1788 1570 Lucani
1802 1528 2017 1579 hospitales
2031 1527 2125 1568 sunt
2140 1527 2181 1566 et
2195 1525 2389 1576 justitiam
2405 1524 2557 1565 colunt.
2572 1524 2766 1574 Regnavit
2779 1522 2884 1575 apud

1585 1612 1654 1642 eos
1678 1601 1906 1652 Lamiscus‚
1931 1600 2002 1651 qui
2027 1599 2193 1640 tertium
2225 1598 2334 1650 pedis
2360 1597 2530 1649 digitum
2557 1596 2693 1647 lupino
2717 1595 2887 1637 similem
2919 1597 2941 1640 s

1584 1675 1770 1716 habebat.
2506 1674 2510 1678 ·

1905 1784 2037 1833 XXI.
2077 1782 2566 1833 SAMOTHRACIAE.

1638 1906 1913 1949 Samothracia
1940 1906 2056 1946 initio
2083 1905 2191 1945 dicta
2221 1903 2441 1954 Leucania,
2459 1914 2508 1943 eo
2529 1901 2637 1953 quod
2669 1901 2759 1942 alba
2786 1901 2848 1942 est
2879 1917 2890 1942 ε
2916 1883 2950 1951 ,ξ’

1587 1980 1747 2030 postea,
1766 1990 1893 2029 quum
1912 1978 2085 2018 Thraces
2106 1987 2195 2017 eam
2214 1964 2494 2026 occupassent,
2515 1973 2708 2023 Thracia;
2726 1973 2768 2013 et
2783 1972 2893 2012 hisce

1587 2051 1861 2092 deficientibus
1890 2051 1980 2102 post
2017 2060 2143 2090 annos
2171 2048 2438 2099 septingentos
2454 2077 2467 2098 ,
2502 2045 2625 2087 Samii
2657 2057 2730 2087 sua
2764 2045 2934 2097 patria..

1587 2126 1768 2166 extorres
1796 2135 1886 2165 eam
1912 2122 2241 2174 frequentarunt,
2258 2131 2283 2160 a
2309 2120 2455 2172 quibus
2486 2119 2760 2162 Samothracia
2785 2118 2892 2159 dicta
2917 2143 2954 2158 ,ι

1588 2199 1662 2238 est.

1941 2306 2100 2355 xxn.
2138 2290 2555 2353 menarum.-

1643 2422 1692 2463 ni
1707 2421 1761 2461 ob
1775 2421 2049 2461 incredibilem
2064 2418 2261 2470 superbiae
2275 2416 2592 2468 magnitudinem
2606 2416 2746 2458 multis
2766 2402 2925 2457 modis‘

1590 2495 1728 2535 afflicti
1742 2495 1850 2535 sunt.
1868 2493 2132 2535 Archilochus
2145 2502 2307 2544 quoque
2321 2490 2468 2531 alicubi
2481 2489 2538 2530 ait
2556 2505 2567 2531 ε
2954 2482 2962 2492 ’

1657 2588 1824 2635 Deploro
1841 2588 2006 2624 marium
2027 2586 2264 2629 [Thasiorum]
2277 2609 2290 2629 ,
2307 2592 2389 2620 non*
2407 2585 2626 2630 Magnetum
2642 2583 2754 2620 mala.

1592 2686 1726 2731 Quum
1758 2664 2020 2733 campestrem
2043 2680 2221 2721 incolant
2235 2681 2408 2728 terram,
2432 2689 2628 2729 equorum
2658 2676 2892 2719 nutriendo·

1591 2765 1683 2794 rum
1706 2766 1816 2796 curae
1841 2754 2105 2804 incumbunt,
2125 2752 2232 2794 sicut
2252 2751 2375 2792 etiam
2397 2750 2647 2802 Colophonii.

1596 2884 1924 2925 antecedentibus
1935 2883 2078 2935 jungit.
2097 2884 2157 2923 De
2180 2892 2226 2922 re
2246 2881 2300 2921 cf.
2321 2880 2468 2920 AElian.
2484 2882 2537 2920 V.
2554 2881 2605 2920 H.
2624 2882 2695 2930 IV,
2715 2884 2732 2920 1
2751 2895 2762 2920 :
2781 2880 2897 2931 Λέγει

1596 2956 1651 2988 τις
1677 2942 1793 2993 νόμος
1815 2945 2046 2983 Λευκανῶν·
2070 2941 2137 2981 ἐὰν
2163 2940 2274 2988 ἡλίου
2294 2940 2471 2984 δύναντος
2494 2937 2677 2989 ἀφίκηται
2703 2938 2803 2984 ξένος
2829 2939 2897 2978 καὶ

1597 3002 1794 3053 παρελθεῖν
1811 3001 2041 3051 ἐθελήσῃεῖς
2061 2999 2202 3050 στέγην
2216 2998 2317 3044 τινὸς
2327 3027 2340 3048 ,
2355 2997 2439 3037 εἶτα
2457 2996 2510 3048 μὴ
2524 2996 2674 3043 δέξηται
2684 2997 2750 3037 τὸν
2765 2996 2898 3048 ἄνδρα,

1598 3061 1826 3111 ζημιοῦσθαι
1849 3059 1965 3099 αὐτὸν
1984 3059 2051 3097 καὶ
2074 3058 2231 3108 ὑπέχειν
2259 3056 2367 3102 δίκας
2381 3059 2450 3103 τῆς
2465 3055 2710 3104 κακοξενίας,
2731 3054 2815 3105 ἐμοὶ
2831 3055 2899 3095 60⁴

1598 3121 1680 3167 κεῖ,
1701 3118 1767 3158 καὶ
1787 3121 1843 3168 τῷ
1861 3116 2057 3167 ἀφιγμένῳ
2068 3116 2136 3154 καὶ
2162 3118 2218 3166 τῷ
2234 3113 2342 3166 ξενίῳ
2358 3113 2437 3155 Διί.
2463 3134 2512 3143 --
2529 3112 2608 3152 ἀπὸ
2623 3116 2693 3152 τοῦ
2712 3110 2907 3168 μεγάλου]-

1599 3178 1770 3228 ΑΟΡΡς
1807 3175 1850 3215 in
1879 3173 2044 3225 reliquis
2080 3173 2338 3224 omittuntur,
2368 3170 2654 3222 abundantque
2687 3170 2764 3212 nisi
2803 3178 2899 3221 cum

1599 3235 1761 3276 Koelero
1782 3234 1935 3273 statuas
1949 3243 2019 3272 sex
2034 3231 2178 3282 digitos
2193 3230 2372 3271 Lamisco
2384 3227 2516 3270 fuisse.

1650 3295 1758 3334 XXI.
1789 3290 2055 3343 Σαμοθρᾴκης]
2095 3288 2389 3331 Schneidewin.
2423 3298 2447 3328 e
2476 3285 2605 3328 schol.
2643 3283 2774 3337 Apoll.
2814 3284 2908 3328 sive·

1602 3350 1765 3392 Aristot.
1805 3348 1854 3388 fr.
1899 3351 1969 3389 171
1986 3361 2000 3399 ;
2035 3346 2266 3399 Σαμοθρᾴκη
2297 3355 2390 3397 wgo.
2410 3361 2462 3371 ·-
2478 3344 2527 3386 Ἡ
2561 3340 2753 3396 Σαμοθρ.]
2781 3341 2896 3394 artic.

1602 3420 1686 3450 om.
1709 3411 1755 3450 G.
1774 3423 1825 3436 ⁶-
1844 3406 2058 3458 Λευκανία]
2078 3405 2291 3447 Λευκωσία
2309 3414 2389 3445 seo.
2417 3402 2672 3444 Aristotelem
2689 3401 2704 3452 (
2720 3400 2771 3441 st.
2798 3398 2898 3459 171)

1602 3478 1668 3519 ap.
1694 3465 1822 3507 schol.
1844 3465 2028 3516 Apollon.
2050 3467 2207 3516 Fragm.
2235 3473 2366 3515 geogr.
2385 3461 2607 3503 Matritens.
2638 3470 2703 3512 ap.
2731 3457 2900 3513 Iriartsq

1605 3524 1732 3567 Codd.
1759 3524 1906 3565 Matrit.
1937 3526 1977 3573 1,
2003 3528 2079 3564 305
2109 3522 2373 3573 :Aesmocppuc
2392 3522 2417 3568 ἡ
2440 3523 2507 3560 νῦν
2521 3517 2901 3570 Τένεδος,Ὑδροῦσᾳ

1603 3585 1628 3631 ἡ
1651 3587 1716 3623 νῦν
1736 3583 1844 3628 Κέως
1857 3611 1870 3632 ,
1893 3581 2142 3622 Λευκανὶα
2163 3583 2188 3628 ἡ
2202 3583 2268 3620 νῦν
2285 3577 2532 3630 Σαμοθρᾴκῃ.
2553 3577 2651 3616 Haec
2669 3575 2835 3616 sortasse
2849 3583 2901 3619 ex.

1604 3643 1689 3693 ipso
1713 3641 1932 3682 Heraclide.
1956 3639 2091 3681 Schol.
2107 3642 2211 3680 ven.
2233 3634 2279 3678 u.
2295 3650 2352 3688 ω,
2370 3640 2419 3678 78
2442 3636 2484 3676 et
2502 3634 2686 3675 Eustath.
2709 3643 2749 3686 p.
2777 3634 2900 3683 1340,

1608 3703 1654 3742 14
1675 3699 1929 3751 ιΣαμοθρᾴκη
1945 3700 2040 3739 Λευ
2050 3711 2144 3739 κων
2155 3697 2167 3737 ί
2177 3710 2203 3736 α
2221 3695 2403 3748 πρότερον
2423 3694 2596 3734 ἐκαλεῖτο
2606 3721 2620 3742 ,
2636 3691 2722 3732 εἶτα
2735 3691 2811 3732 ὑπὸ
2826 3690 2900 3733 Σαι-

1607 3758 1705 3810 μίων
1722 3758 1950 3806 οἰκισθεῖσα,
1965 3756 2018 3796 ὧν
2029 3756 2079 3796 τὰ
2094 3754 2223 3807 σκάφη
2239 3753 2370 3795 αὐτόθι
2383 3751 2629 3804 αἰχμάλωται
2645 3752 2822 3802 Θρῇσσαι
2833 3758 2901 3802 ufl-

1604 3817 1814 3863 τέκαυσαν,
1832 3813 2060 3866 Σαμοθρᾴκη
2077 3813 2316 3865 ὠνόμασται.
2338 3813 2440 3858 Quae
2457 3809 2627 3862 genuina
2641 3808 2769 3848 forma
2783 3806 2825 3846 fil
2836 3822 2851 3841 ·,.

1606 3873 1716 3913 dictu
1743 3871 1918 3912 difficile.
1937 3895 1990 3906 -
2008 3870 2152 3923 λευκὴ]
2169 3871 2247 3922 deq
2259 3900 2271 3920 ,
2299 3870 2436 3918 λευκὴν
2465 3867 2622 3919 reliqui.
2643 3888 2696 3895 -
2714 3863 2834 3906 Samii
2885 3880 2890 3899 ο

1609 3930 1921 3972 Samothraciam
1933 3929 2155 3980 migrarunt
2169 3929 2283 3970 annis
2301 3934 2376 3970 209
2391 3927 2482 3979 post
2493 3925 2635 3966 Troica
2644 3954 2657 3976 ,
2669 3924 2772 3964 teste
2785 3920 2898 3974 Apol

1606 3989 1748 4030 lodoro
1766 3989 1815 4029 sr.
1841 3992 1926 4029 180.
1946 3988 2008 4028 Cf.
2026 3988 2183 4028 Muller.
2204 3988 2307 4028 Min.
2326 3997 2366 4037 p.
2389 3990 2453 4027 65.
2470 3987 2561 4025 452.
2796 4004 2804 4011 —

1659 4049 1786 4088 XXlI.
1817 4050 1852 4087 1.
1880 4045 2095 4097 Μάγνητες]
2114 4048 2148 4086 Ἀ
2169 4047 2222 4095 0,
2242 4044 2349 4084 οὗτοι
2378 4042 2537 4093 reliqui.
2562 4063 2613 4071 —
2640 4039 2707 4080 καί
2727 4052 2804 4080 που
2850 4060 2857 4070 ·
2880 4037 2893 4095 'b

1607 4107 1662 4156 A;
1679 4106 1762 4145 ὅθεν
1786 4106 1851 4144 καὶ
1872 4105 1966 4144 cett.
1980 4125 2033 4132 —
2046 4103 2138 4154 φησί
2155 4115 2165 4125 ·
2186 4102 2310 4142 κλαίω
2331 4102 2414 4141 θαλ.
2433 4102 2479 4140 οὐ
2497 4099 2575 4151 τὰ]
2591 4100 2698 4139 Act>
2711 4098 2752 4137 et
2766 4106 2873 4136 mar
2903 4136 2905 4138 .

1606 4174 1635 4214 p
1644 4179 1659 4213 ;
1678 4164 1770 4214 φησὶ
1790 4163 1839 4202 τὰ
1853 4163 2072 4212 Μαγνήτων
2088 4161 2191 4200 κακά
2208 4159 2365 4211 reliqui.
2383 4160 2532 4199 Versus
2547 4154 2820 4197 archilochius
2834 4164 2859 4193 a
2872 4172 2902 4207 --ζ

1609 4220 1856 4260 Heraclidem
1880 4220 2015 4269 procul
2035 4218 2157 4257 dubio
2179 4217 2408 4266 corruptus-3
2431 4213 2692 4255 emendarunt
2714 4221 2806 4251 eum
2827 4221 2849 4247 v

1607 4279 1713 4319 docti
1735 4290 1756 4319 e
1775 4277 1968 4320 Strabone
1982 4279 2087 4327 xlv,
2108 4286 2147 4326 p.
2170 4277 2243 4316 (348
2257 4304 2268 4325 ,
2290 4274 2356 4314 ubi
2381 4273 2620 4324 ιἈρχίλοχος
2636 4271 2675 4311 δὲ
2688 4270 2758 4317 ἤδη
2775 4267 2840 4319 φαί
2867 4287 2923 4331 ‘w
