3016 4628
233 293 318 334 152

637 383 1099 449 [memmius]

782 476 954 540 [149]

290 571 454 635 [Idem
487 571 589 616 Pol.
623 574 684 627 V,
706 570 733 615 8
751 604 763 627 ,
796 586 849 615 12
877 586 887 614 :
921 566 1181 616 Συνεπέθετο
1206 565 1250 613 δὲ
1273 569 1384 628 (una
1405 582 1510 611 cum

226 648 398 691 Crataea
418 645 696 689 Archelaum
726 658 882 704 regem
914 642 1106 687 adortus
1124 642 1214 701 est)
1241 639 1314 685 καὶ
1335 637 1510 686 Ἑλλα-

227 715 435 780 νοκρᾶτης
458 717 481 761 ὁ
506 718 767 780 Λαρισσαῖος
790 713 859 760 διὰ
880 712 958 770 τὴν
985 713 1118 769 αὐτὴν
1150 711 1317 758 αἰτίαν·
1347 713 1404 763 ὡς
1426 709 1509 773 γὰρ

227 787 447 853 χρώμενος
481 789 611 834 αὐτου
651 789 704 850 τῇ
740 784 887 851 ἡλικία
920 786 970 831 οὐ
1002 788 1186 846 κατῆγεν
1215 784 1473 845 (ejectum'
1462 798 1510 825 m

227 861 424 921 patriam
454 856 668 921 reduxit)
703 857 1011 934 ὑποσχόμενος,
1039 856 1091 902 δι’
1126 853 1245 918 ὕὸριν
1277 852 1350 899 καὶ
1377 854 1423 899 06
1455 852 1510 897 δι’

226 929 434 996 ἐρωτικὴν
470 931 696 991 ἐπιθυμίαν
730 928 838 975 ὤετο
860 921 966 975 εἰναι
1002 926 1078 984 τὴν
1103 924 1386 988 γεγενημένην
1412 926 1509 985 ὃμι·

228 1004 341 1051 λίαν.
355 1005 373 1068 ]
395 1008 465 1051 De
487 1006 558 1050 his
581 1005 768 1049 aliunde
791 1020 887 1047 non
911 1011 1103 1046 constat.
1126 1001 1197 1048 Cf.
1222 1000 1279 1046 fr.
1309 997 1416 1050 154.

797 1074 952 1136 [15o.]

297 1152 424 1206 [Pol.
452 1152 514 1206 V,
540 1148 592 1205 5,
614 1165 662 1209 9,
678 1149 760 1193 ubi
783 1148 841 1192 de
868 1147 1032 1202 causis,
1060 1161 1115 1190 ex
1142 1144 1310 1203 quibus
1335 1143 1505 1202 oligar·

229 1222 343 1265 chiae
366 1230 637 1267 evertuntur
651 1221 723 1264 vel
740 1220 865 1278 pacis
878 1219 951 1262 vel
968 1218 1078 1262 belli
1100 1225 1309 1274 tempore
1333 1230 1342 1258 :
1369 1211 1445 1260 Ἐν
1467 1210 1511 1259 δὲ

228 1294 283 1354 τῇ
309 1291 456 1355 εἰρήνῃ
477 1290 547 1338 διὰ
565 1290 641 1347 τὴν
663 1288 861 1336 ἀπιστίαν
878 1287 956 1344 τὴν
972 1285 1074 1352 πρὸς
1094 1285 1304 1343 ἀλλήλους
1327 1283 1508 1349 ἐγχειρί·

229 1367 347 1419 ζουσι
369 1363 445 1420 τὴν
467 1361 662 1427 φυλακὴν
675 1360 955 1425 στρατιώταις
969 1358 1041 1406 καὶ
1067 1358 1241 1423 ἄρχοντι
1257 1356 1455 1422 μεσιδίῳ,
1470 1355 1514 1411 ὃς

231 1436 359 1484 ἐνίοτε
380 1434 692 1499 γίνεταικύριος
707 1431 971 1523 ἀμφοτέρων.
1005 1429 1146 1495 εὈπερ
1177 1429 1374 1486 συνέὸη’
1355 1448 1398 1475 εν
1419 1432 1513 1477 Λα-

232 1508 355 1592 ρίσσῃ
371 1508 440 1555 ἐπὶ
451 1511 526 1565 τῆς
545 1510 628 1553 τῶν
648 1506 925 1554 Αλευαδῶν’
903 1523 1059 1596 αρῗχης
1060 1523 1096 1549 τι
1098 1522 1143 1549 1ν
1149 1521 1260 1592 περι
1276 1503 1414 1563 Σῖμον
1439 1521 1513 1549 και

230 1583 271 1627 ἐν
311 1579 515 1644 Ἀὅύδῳ
497 1599 566 1625 επι
590 1581 672 1625 τῶν
701 1579 916 1642 ἑταιριῶν,
941 1581 999 1623 ὡν
1031 1579 1082 1633 ἠν
1111 1575 1188 1638 μία
1212 1578 1240 1631 ἡ
1267 1573 1474 1638 Ἰφιάδου.
1493 1574 1511 1638 ]

296 1656 384 1697 Ρ10
428 1654 564 1713 Σῖμον
606 1652 746 1697 codd.
802 1647 951 1710 Σάμον
999 1665 1122 1694 corr.
1159 1648 1408 1693 Schlosser.
1447 1648 1513 1693 Cf

229 1726 466 1769 Demosth.
494 1741 541 1784 p.
571 1729 687 1779 241,
729 1738 818 1779 273
865 1721 1014 1775 1352,
1052 1720 1136 1776 33;
1174 1719 1294 1764 1382
1313 1753 1325 1774 ,
1364 1719 1411 1763 6.
1449 1722 1504 1764 V.

231 1798 418 1841 Boeckh.
444 1797 578 1855 Expl.
623 1795 808 1839 Pindar.
831 1810 879 1853 p.
910 1794 1027 1849 3333
1064 1792 1267 1837 Meinek.
1294 1792 1505 1851 Euphor.

230 1884 275 1927 p.
300 1869 410 1923 1333
438 1870 653 1914 Korti'n'n.
685 1863 952 1922 Staatsvetf.
985 1881 1017 1925 p
1068 1880 1158 1924 793
1192 1865 1512 1912 WVachsmuth.

230 1941 420 1999 Autiqq.
452 1942 498 1995 I,
527 1955 552 1983 2
577 1956 625 1999 p.
658 1939 767 1996 374.
789 1941 859 1983 De
883 1937 1079 1997 Iphiade
1098 1936 1157 1981 cf.
1192 1937 1360 1981 AEneas
1384 1938 1510 1982 Tact.

231 2027 272 2055 c.
298 2011 379 2067 23,
403 2012 640 2056 Demosth.
661 2027 710 2071 p.
737 2011 856 2069 679,
889 2010 944 2054 18
967 2019 1012 2054 et
1033 2024 1141 2070 pen.

816 2081 951 2143 151.]

295 2153 453 2215 [Idem
484 2155 583 2203 Pol.
615 2158 680 2211 V,
719 2153 744 2198 5
760 2084 889 2211 [,5.
927 2151 982 2199 Ἡ
1023 2149 1283 2214 δημαγωγία
1315 2150 1462 2209 διττή·
1487 2153 1515 2209 ἡ

230 2223 336 2284 μὲν..
349 2225 485 2272 ,ὅταν
508 2226 578 2272 τὸν
594 2225 720 2290 ὄχλον
741 2227 1056 2289 δημαγωγωσιν
1077 2226 1158 2270 οἷ’
1141 2243 1182 2270 εν
1201 2243 1254 2288 τῃ
1279 2223 1511 2316 ὀλιγαρχία

231 2297 372 2358 ὄντες,
402 2290 525 2345 οἶον’
507 2319 549 2344 εν
570 2298 766 2363 Λαρίσσῃ
789 2300 829 2345 οἱ
846 2296 1184 2362 πολιτοφύλακες
1211 2295 1282 2343 διὰ
1312 2296 1360 2344 τὸ
1381 2299 1516 2362 αἱρεῖ·

231 2373 326 2415 σθαι
347 2369 495 2424 αὐτοὺς
515 2369 584 2417 τὸν
607 2369 733 2435 ὄχλον
759 2368 1120 2432 ἐδημαγώγουν.
1100 2369 1117 2410 l

649 2477 664 2528 [
677 2470 1087 2526 ΦΑΡΣΑΛΙΩΝ.]

782 2568 957 2632 [152.]

301 2660 506 2713 [111-13101.
530 2660 629 2703 Pol.
657 2661 719 2714 V,
743 2657 796 2715 5,
826 2674 850 2715 7
878 2673 889 2702 :
923 2655 1199 2718 <Ομονοοῦσα
1224 2653 1267 2702 δὲ
1283 2654 1516 2721 ὀλιγαρχία

597 2798 1127 2861 [LARISSAEORUM.]

812 2890 949 2943 [149.]

289 2957 302 3009 [
320 2957 554 2998 Archelaum
581 2969 672 2997 cum
687 2960 846 2998 Crataea
858 2958 1018 2998 adortus
1043 2959 1103 2998 est
1122 2958 1242 2998 etiam
1258 2958 1517 2999 Hellanocra·

239 3028 298 3064 tes
316 3023 525 3063 Larissoeus
543 3024 708 3063 eandem
727 3025 777 3062 ob
794 3035 966 3063 causam.
990 3024 1066 3064 Ubi
1084 3024 1188 3064 enim
1209 3035 1251 3064 36
1270 3025 1322 3064 ab
1341 3025 1410 3064 illo
1425 3054 1437 3075 ,
1455 3023 1519 3063 cui

238 3099 320 3127 suae
332 3088 459 3127 aetatis
478 3087 612 3126 florem
632 3088 839 3126 fruendum
861 3087 1045 3136 dederat,
1066 3088 1118 3127 ab
1141 3088 1260 3128 exilio
1279 3098 1360 3128 non
1379 3087 1514 3128 reduci

241 3153 279 3191 in
309 3152 477 3202 patriam
510 3151 637 3201 vidit,
653 3150 759 3201 quod
780 3151 847 3190 ille
880 3162 921 3191 36
955 3149 1154 3191 facturum
1179 3152 1379 3203 pollicitus
1411 3152 1519 3203 erat,

239 3215 561 3255 consuetudinem
579 3214 683 3254 illam
699 3226 778 3254 non
790 3215 840 3254 ab
865 3216 1054 3255 amatoria
1069 3216 1298 3267 cupiditate,
1318 3216 1388 3256 sed
1406 3227 1430 3256 a
1452 3227 1518 3255 vo-

241 3282 394 3321 luntate
432 3278 622 3318 inserendi
645 3279 922 3319 contumeliam
939 3281 1155 3334 profectam
1181 3281 1298 3321 fuisse
1316 3279 1520 3333 putavit.]

827 3350 923 3390 150.

292 3416 365 3468 [ln
388 3427 484 3467 pare
507 3414 715 3464 oligarchia
737 3415 836 3465 perit
870 3416 1076 3466 propterea
1091 3416 1202 3467 quod
1228 3417 1370 3457 mutuo
1400 3416 1521 3458 fidem

241 3493 319 3523 non
331 3481 489 3529 habent,
503 3479 716 3518 custodiam
727 3479 897 3529 corporis
914 3480 1084 3519 externis
1093 3480 1284 3520 militibus
1292 3483 1331 3520 et
1340 3482 1521 3522 archonti

242 3546 474 3588 intermedio
494 3544 767 3592 committunt,
795 3545 862 3594 qui
879 3545 923 3585 fit
949 3545 1146 3585 interdum
1167 3545 1374 3597 utriusque
1399 3547 1523 3598 partis

241 3611 438 3651 dominus.
457 3610 540 3648 Hoc
561 3607 722 3647 Larissae
742 3607 881 3647 accidit
900 3619 951 3647 ex
969 3608 1231 3648 Aleuadarum
1252 3610 1401 3650 familia
1414 3612 1521 3651 Simo

242 3674 503 3725 principatum
518 3670 741 3720 obtinente;
763 3672 803 3710 et
821 3671 947 3722 Abydi
962 3673 1140 3723 tempore
1161 3673 1377 3714 factionum
1390 3705 1401 3725 ,
1419 3686 1521 3727 qua-

242 3751 330 3781 rum
347 3748 425 3781 una
443 3738 528 3778 erat
543 3735 757 3788 lphiadae.]

806 3801 905 3853 [151
919 3802 947 3854 .]

293 3873 474 3926 [Duplex
488 3868 689 3923 popularis
703 3870 911 3908 assentatio
927 3871 985 3909 est
1001 3884 1010 3910 :
1032 3879 1110 3909 una
1125 3881 1249 3920 quum
1265 3871 1367 3922 plebi
1384 3883 1519 3913 assen-

241 3941 376 3982 tantur
395 3937 509 3991 pauci
535 3935 807 3994 dominantes,
824 3935 871 3974 ut
892 3934 1054 3975 Larissae
1080 3936 1407 3987 politophylaces‚
1427 3939 1522 3991 quia

242 4003 313 4055 ipsi
338 4013 361 4043 a
376 4001 487 4055 plebe
503 3998 747 4050 legebantur,
765 3996 1008 4038 multitudini
1029 3997 1345 4041 blandiebantur.
1367 4002 1382 4053 ]

599 4075 1143 4140 [PHARSALIORUM.
1149 4077 1167 4139 ]

833 4164 930 4205 152.

1103 277 1512 328 ARISTOTELIS
1547 275 1962 325 FRAGMENTA.

1581 2480 1584 2483 Δ
1661 2511 1826 2575 [Idem
1858 2513 1961 2561 Pol.
1987 2515 2065 2570 V,
2080 2512 2108 2558 8
2126 2547 2139 2570 ,
2161 2513 2216 2558 13
2244 2529 2254 2559 :
2281 2510 2369 2560 Καὶ
2383 2513 2458 2569 τῆς
2478 2509 2714 2576 Ἀρχελάου
2733 2511 2771 2560 δ’
2795 2511 2887 2559 ἐπι·

1583 382 1659 428 οὐκ
1683 378 1953 445 εὐδιάφθορος
1976 374 2018 431 ἐξ
2057 376 2211 431 αὑτῆς·
2238 376 2418 436 σημεῖον
2453 371 2498 419 δὲ
2522 374 2594 431 ἦ
2575 391 2617 421 εν
2643 373 2874 439 Φαρσάλῳ
3006 426 3007 431 ¹

1583 451 1804 498 πολιτεία·
1836 449 1988 495 ἐκεῖνοι
2021 443 2104 535 γὰρ
2129 443 2314 507 ὃλίγοι”
2288 462 2406 498 οντες
2430 445 2603 492 πολλῶν
2627 443 2765 508 κύριοί
2792 447 2875 491 εἶσι
2958 495 2959 498 Ἰ
2998 467 3007 482 κ

1584 523 1654 569 διὰ
1689 522 1738 569 τὸ
1756 523 1945 585 χρῆσθαι
1970 517 2114 584 σφίσιν
2139 517 2281 570 αὐτοῖς
2302 518 2461 570 καλῶς.
2472 522 2496 576 J
2524 521 2577 566 V.
2603 519 2874 565 Schneideri

1583 610 1828 640 excursum
1851 592 1911 636 ad
1929 592 1979 635 h.
2005 591 2038 635 l.
2061 605 2112 649 p.
2131 595 2234 650 490
2256 604 2359 648 sqq.

1650 660 1972 711 Μεθωναίων
1994 659 2246 706 πολιτεία
2272 660 2491 705 laudatur
2507 662 2558 704 in
2573 661 2704 705 libris
2726 661 2875 706 Athe-

1583 738 1669 780 naei
1692 737 1754 780 VI
1768 770 1781 791 ‚
1799 751 1848 794 p.
1894 731 1991 778 236
2008 734 2062 780 E.
2087 735 2150 778 At
2164 732 2415 793 legendum
2435 741 2503 777 est
2522 729 2758 789 Ἀθηναίων
2775 732 2876 780 πολ.

1583 808 1958 936 ῆὲίὲἓιῗεηῐὼυε
1993 876 2228 936 praemitto
2253 891 2356 936 quae
2388 876 2449 921 de
2478 877 2811 922 Macedonibus
2832 885 2880 923 et
2999 923 3007 948 .:

1585 965 1751 994 eorum
1792 950 1983 1010 regibus
2017 948 2145 1008 apud
2182 950 2480 994 Aristotelem
2511 950 2562 992 in
2595 951 2774 996 Politiis
2806 951 2880 996 le-
2939 1012 2942 1016 Α
2998 953 3007 1025 Ξ

1584 1031 1773 1082 guntur.
1796 1022 1979 1066 Dixerit
1997 1021 2056 1066 de
2071 1022 2196 1066 hisce
2219 1023 2270 1065 in
2291 1022 2412 1081 Rep.
2435 1018 2679 1067 Πελλαίων.

2145 1097 2320 1162 [153.]

1653 1178 1866 1240 [Aristot.
1889 1181 1992 1225 Pol.
2017 1181 2129 1236 VII,
2164 1194 2220 1239 2,
2259 1179 2288 1224 6
2321 1169 2448 1226 :'³Hv
2475 1177 2522 1225 δέ
2543 1196 2650 1226 ποτε
2684 1178 2759 1226 καὶ
2781 1179 2882 1246 περὶ

1586 1249 1862 1299 Μακεδονίαν
1894 1251 2020 1314 νόμος
2047 1250 2117 1296 τὸν
2152 1249 2315 1310 μηθένα
2342 1249 2649 1314 ἀπεκταγκότα
2673 1251 2883 1316 πολέμιον
2955 1255 2957 1292 ἶ
2999 1248 3002 1264 ³

1588 1322 1722 1389 ἄνδρα
1745 1325 2028 1389 περιεζῶσθαι
2052 1321 2130 1380 τὴν
2155 1321 2380 1388 φορὸειοίν.
2999 1325 3006 1339 ’

2146 1403 2164 1467 [
2182 1421 2200 1449 1
2211 1403 2321 1468 54.]
2904 1431 2908 1434 ·

1656 1483 1810 1546 [Idem
1836 1486 1940 1530 Pol.
1966 1488 2034 1543 V,
2054 1483 2111 1543 8,
2127 1474 2199 1530 *11
2232 1501 2244 1531 z
2272 1481 2445 1532 Πολλαὶ
2466 1482 2502 1531 δ’
2526 1482 2736 1539 ἐπιθέσεις
2758 1481 2886 1550 γεγέ-

1588 1574 1740 1614 νηνται
1763 1555 1838 1603 και
1874 1553 1945 1603 διὰ
1967 1555 2016 1603 τὸ
2041 1557 2100 1610 εἷς
2119 1554 2169 1603 τὸ
2200 1558 2329 1618 σῶμα
2351 1554 2633 1620 αἰσχύνεσθαι
2670 1559 2754 1604 τῶν
2795 1575 2883 1620 μο-

1588 1627 1761 1719 νάρχων
1796 1627 1930 1682 τινάς.
1976 1622 2081 1678 Οἷον
2121 1628 2196 1676 καὶ
2220 1632 2248 1687 ἡ
2274 1628 2500 1693 Κραταίου
2534 1631 2594 1683 εἷς
2622 1627 2884 1694 Ἀρχέλαον·

1589 1700 1658 1747 ἀει
1698 1699 1781 1766 γὰρ
1824 1700 1990 1768 βαρέως
2013 1705 2103 1766 εἶχε
2131 1701 2237 1765 πρὸς
2267 1700 2346 1760 τὴν
2370 1699 2571 1763 ὁμιλίαν·
2607 1698 2722 1748 ωστε
2755 1700 2885 1760 ἱκανὴ

1589 1772 1662 1820 καὶ
1699 1772 1890 1820 ἐλάττων
1925 1771 2090 1836 ἐγένετο
2119 1771 2334 1839 πρόφασις
2351 1809 2366 1837 ,
2390 1746 2500 1820 διότι
2522 1775 2607 1821 τῶν
2639 1772 2886 1839 θυγατέρων

1589 1845 1793 1909 οὐδεμίαν
1811 1844 1968 1893 ἔδωκεν
1992 1844 2273 1910 ὁμολογήσας
2286 1847 2405 1912 αὐτῷ
2419 1883 2432 1906 ,
2455 1844 2569 1893 ἀλλὰ
2585 1845 2663 1905 τὴν
2681 1844 2760 1909 μὲν
2776 1864 2888 1912 προ-

1588 1918 1715 1984 τέραν
1735 1917 2025 1983 κατεχόμενος
2039 1918 2122 1966 ὑπὸ
2133 1917 2326 1982 πολέμου
2339 1918 2446 1984 πρὸς
2463 1918 2630 1985 Σίρραν
2645 1918 2721 1966 καὶ
2737 1918 2886 1986 Ἀρρά-

1591 1990 1712 2039 ὅαιον
1735 1989 1869 2038 ἔδωκε
1892 1993 1953 2056 τῷ
1976 1992 2146 2056 βασιλεῖ
2163 1994 2225 2057 τῷ
2240 1994 2317 2049 τῆς
2337 1990 2564 2052 Ἐλιμείας
2579 2028 2594 2054 ,
2617 1990 2696 2050 τὴν
2716 1991 2760 2039 δὲ
2778 2010 2884 2040 νεω·

1589 2063 1717 2128 τέραν
1734 2066 1795 2129 τῷ
1807 2066 1890 2111 υἱεῖ
1910 2063 2114 2130 Ἀμύντᾳ,
2131 2062 2321 2128 οἰόμενος
2338 2062 2472 2118 οὕτως
2488 2063 2540 2111 ἂν
2558 2064 2715 2112 ἐκεῖνον
2729 2063 2888 2122 ἥκιστα

1591 2136 1867 2202 διαφέρεσθαι
1890 2134 1965 2183 καὶ
1991 2134 2064 2184 τὸν
2088 2137 2138 2184 ἐκ
2160 2140 2237 2194 τῆς
2266 2135 2576 2202 Κλεοπάτρας·
2601 2135 2716 2183 ἀλλὰ
2738 2139 2814 2194 τ’ῆς
2836 2153 2887 2200 γε

1592 2207 1918 2274 ἀλλοτριότητος
1951 2210 2145 2274 ὑπῆρχεν
2171 2207 2287 2273 ἀρχὴ
2326 2207 2375 2256 τὸ
2413 2207 2580 2273 βαρέως
2613 2206 2754 2274 φέρειν
2781 2206 2888 2274 πρὸς

1591 2280 1670 2340 τὴν
1690 2280 2074 2346 ἀφροδισιαστικὴν
2108 2282 2289 2347 χάριν.]
2313 2285 2369 2328 V.
2416 2283 2672 2331 Schneider
2695 2283 2757 2330 ad
2778 2283 2828 2329 h.
2855 2285 2886 2331 l.

1589 2372 1642 2417 p.
1666 2355 1760 2402 338
1781 2365 1827 2402 et
1847 2354 1942 2402 500
1962 2371 2031 2416 sq.
2057 2357 2125 2403 Cf.
2148 2357 2207 2401 fr.
2241 2362 2352 2416 149.

2165 2433 2320 2497 [155]

1593 2582 1749 2638 θέσεως
1772 2583 2044 2649 Δεκάμνιχος
2077 2582 2252 2647 ἡγεμὼν
2291 2582 2483 2647 ἐγένετο,
2519 2582 2769 2649 παροξύνων
2792 2583 2890 2638 τοὺς
2955 2582 2964 2608 '⁴

1597 2655 1870 2719 ἐπιθεμένους
1893 2661 2086 2723 πρῶτος·
2123 2656 2258 2705 αἴτιον
2292 2655 2336 2704 δὲ
2370 2661 2446 2715 τῆς
2476 2658 2627 2723 ὀργῆς,
2661 2655 2728 2704 ὅτι
2761 2655 2890 2704 αὐτὸν

1591 2807 1641 2836 ex
1659 2807 1701 2836 se
1720 2796 1804 2846 ipsa
1825 2795 2035 2846 evertitur,
2049 2797 2285 2845 argumento
2297 2795 2523 2846 reipublicae
2540 2796 2790 2836 Pharsalicae.
2801 2795 2890 2836 Illic

1592 2860 1699 2901 enim
1723 2859 1841 2911 pauci
1866 2860 1909 2900 in
1943 2860 2093 2900 multos
2115 2859 2327 2911 imperium
2350 2861 2513 2911 tenent,
2537 2861 2728 2911 quoniam
2751 2870 2794 2900 se
2815 2859 2890 2911 ipsi

1592 2927 1709 2978 pauci
1723 2927 1825 2968 116116
1840 2928 1996 2978 gerunt.
2011 2925 2028 2977 ]

2191 2999 2292 3040 153.

1646 3073 1780 3126 [Olim
1802 3074 1908 3127 apud
1931 3073 2166 3115 Macedonas
2180 3073 2249 3113 lex
2265 3074 2352 3114 6161
2373 3073 2420 3113 111
2446 3072 2618 3124 capistro
2641 3071 2892 3124 cingerentur

1594 3139 1664 3189 qui
1678 3139 1833 3179 nullum
1847 3139 2002 3180 hostem
2014 3137 2288 3190 occidissent.]

2199 3220 2300 3262 154.

1647 3295 1808 3349 [Μ111166
1831 3297 1950 3337 etiam
1985 3295 2295 3347 conspirationes
2319 3294 2433 3334 factae
2458 3295 2554 3336 sunt
2585 3294 2628 3335 in
2656 3296 2894 3340 monarchos

1594 3364 1756 3414 propter
1777 3362 1982 3414 pudendas
1999 3361 2261 3402 contumelias
2275 3361 2317 3400 in
2329 3370 2473 3411 corpus
2487 3360 2634 3410 illatas,
2660 3363 2708 3401 ut
2725 3361 2890 3403 cratoeoe

1595 3426 1636 3466 in
1645 3428 1902 3471 Archelaum.
1914 3429 2078 3477 Semper
2093 3425 2199 3466 enim
2207 3424 2382 3476 graviter
2392 3423 2544 3465 serebat
2559 3434 2774 3468 veneream
2787 3425 2903 3479 illius,

1597 3491 1929 3535 consuetudinem
1940 3505 1962 3543 ς,
1988 3491 2124 3542 itaque
2145 3489 2208 3530 vel
2227 3488 2355 3530 levior
2380 3498 2500 3528 causa
2523 3487 2621 3535 satis
2638 3488 2787 3530 idonea
2807 3490 2894 3532 visa

1596 3557 1656 3596 est
1672 3555 1762 3606 illa,
1779 3554 1889 3606 quod
1911 3553 2066 3594 nullam
2087 3552 2162 3593 sibi
2174 3563 2223 3592 ex
2238 3551 2398 3591 filiabus
2410 3580 2422 3601 ‚
2439 3551 2487 3591 ut
2508 3553 2593 3592 erat
2607 3551 2832 3604 pollicitus,
2850 3553 2894 3596 in

1597 3620 1898 3661 matrimonium
1920 3619 2093 3659 dedisset
2109 3616 2206 3667 (sed
2223 3615 2417 3666 majorem
2439 3616 2537 3655 natu
2559 3615 2746 3666 quidem,
2762 3617 2892 3670 bello,

1596 3685 1706 3736 quod
1721 3696 1814 3725 eum
1841 3685 1948 3726 Sirra
1964 3687 2006 3724 61
2036 3682 2225 3723 Arrabaeo
2250 3679 2436 3732 gerebat,
2456 3679 2692 3732 implicitus,
2717 3682 2894 3724 Elimaeoe

1597 3749 1679 3800 regi
1707 3748 1939 3800 despondit,
1971 3747 2166 3787 minorem
2193 3755 2290 3785 vero
2320 3744 2505 3794 Amyntae
2535 3743 2641 3794 filio,
2661 3745 2894 3790 existimans

1598 3819 1683 3858 fore
1696 3817 1773 3857 hoc
1787 3818 1920 3867 pecte,
1933 3816 1981 3855 111
1994 3813 2129 3854 minus
2147 3812 2214 3852 ille
2228 3810 2454 3852 dissentiret
2467 3810 2519 3851 ab
2533 3810 2616 3850 filio
2630 3811 2699 3862 qui
2715 3811 2790 3864 ipsi
2809 3813 2904 3854 rue-¹
2916 3823 2922 3862 j

1597 3883 1660 3922 161
1678 3892 1731 3921 ex
1751 3880 1963 3930 Cleopatra
1978 3875 2123 3927 natus)
2150 3891 2161 3916 =
2185 3874 2256 3918 sed
2273 3874 2527 3915 alienationis
2539 3874 2648 3926 origo
2662 3875 2763 3922 11111,
2783 3887 2839 3929 qu
2873 3871 2917 3932 ..ᾗ

1595 3945 1769 3997 graviter
1782 3941 2110 3985 consuetudinem
2129 3937 2259 3990 stupri
2270 3937 2471 3992 tulisset.]
2915 3937 2921 3949 ‘

2111 4056 2114 4060 .
2169 4019 2291 4073 [155.
2297 4018 2312 4072 ]

1651 4097 1992 4154 [conspirationis
2022 4097 2064 4137 in
2084 4096 2326 4138 Archelaum
2351 4095 2468 4136 factae
2497 4072 2787 4136 Decamnichus
2805 4094 2858 4135 du
2895 4099 2900 4103 ’

1598 4167 1696 4216 fuit,
1720 4164 1789 4216 qui
1804 4164 1959 4215 primus
1975 4162 2130 4204 ceteros
2152 4158 2392 4208 concitavit,
2415 4157 2540 4198 iratus
2553 4157 2689 4209 ‚quod
2713 4158 2876 4210 Euripi
2904 4182 2912 4220 '.

294 4234 574 4288 [consentiens
601 4236 735 4274 autem
762 4235 800 4274 et
821 4233 989 4285 conspir
979 4244 1049 4274 ins
1069 4211 1284 4284 oligarchia
1307 4245 1331 4274 n
1335 4247 1384 4275 on
1407 4237 1520 4277 i'acile
1598 4235 1725 4286 poetae
1752 4231 1919 4273 traditus
1938 4229 1989 4271 ab
2007 4240 2054 4271 eo
2073 4228 2210 4270 suisset
2228 4226 2516 4277 verberandus3
2539 4216 2742 4278 Euripides
2755 4228 2846 4268 61116
2873 4226 2891 4260 -”
