3016 4628
336 284 422 323 lu8

325 385 468 438 τέλους
484 387 559 441 τῆς
577 385 842 444 καλουμένης
858 381 1057 436 ἱππάδος·
1074 401 1123 428 το
1140 380 1182 428 δὲ
1201 380 1402 444 τέταρτον
1419 378 1605 437 θητικὸν,

326 452 386 510 οἷς
409 458 608 519 οὐδεμιᾶς
632 458 771 521 ἀρχῆς
794 458 948 518 μετ’ἤν.
968 461 1031 513 ]

943 548 988 593 8.

389 653 581 697 Photius
602 651 749 697 Lex.:
775 651 813 698 N
828 665 990 712 αυρκρ
1004 665 1030 693 α
1046 644 1092 709 ρί
1105 660 1161 691 α·
1185 643 1234 691 τὸ
1252 642 1454 708 πρότερον
1475 637 1607 690 οὕτως

325 722 519 780 ἐκάλουν,
565 720 802 787 ναυκραρία
856 719 929 767 καὶ
967 717 1222 781 ναύκραρος·
1257 711 1494 778 ναυκραρία
1529 708 1605 773 μὲν

324 794 470 842 ὁποῖόν
508 814 549 842 τι
577 798 605 852 ἡ
637 792 856 858 συμμορία
904 791 976 838 καὶ
1019 793 1041 837 ὃ
1079 791 1240 851 δῆμος,
1276 785 1511 850 ναύκραρος
1550 780 1594 828 δὲ

327 866 474 915 ὁποῖόν
501 886 543 913 τι
566 869 589 913 ὁ
614 865 859 929 δήμαρχος,
898 863 1091 916 Σόλωνος
1113 860 1244 913 ουτως
1279 857 1568 919 ὀνομάσαντος
1583 890 1596 916 ,

328 942 385 994 ὡς
422 938 497 987 καὶ
520 938 813 1003 Ἀριστοτέλης
841 935 976 1001 φησὶ,
1014 933 1129 981 καὶ’
1111 952 1153 979 εν
1190 932 1275 984 τοῖς
1301 929 1442 991 νόμοις
1476 924 1519 974 δὲ
1551 925 1602 972 ἄν

326 1030 389 1064 τις
433 1010 692 1075 ναυκραρίας
752 1006 1008 1096 ἀμφισὸητῇ
1062 1004 1135 1051 καὶ
1187 1022 1281 1055 τους
1336 998 1601 1063 ναυκράρους

324 1081 420 1137 τους
443 1081 555 1129 κατὰ
588 1081 872 1147 ναυκραρίαν·
912 1078 1083 1140 ὕστερον
1118 1074 1163 1121 δὲ
1203 1073 1288 1120 ἀπὸ
1325 1072 1603 1122 Κλεισθένους

325 1154 456 1217 δημοί
485 1157 595 1217 εἶσι,
627 1154 700 1200 καὶ
740 1151 952 1216 δήμαρχοι
982 1147 1240 1206 ἐκλήθησαν.
1280 1145 1362 1194 Ἐκ
1395 1147 1470 1200 της
1494 1141 1602 1204 Ἀρι-

324 1228 544 1282 στοτέλους
555 1227 790 1284 πολιτείας,
806 1225 850 1272 ὃν
871 1223 1026 1289 τρόπον
1048 1219 1211 1275 διέταξε
1227 1218 1305 1276 τὴν
1321 1216 1444 1264 πόλιν
1465 1220 1487 1263 ὁ
1509 1215 1596 1263 Σό·

323 1303 439 1360 λων,
484 1299 613 1366 φυλαι
653 1299 695 1346 δὲ
735 1303 843 1357 ἦσαν
883 1295 1118 1386 τέσσαρες,
1152 1291 1345 1355 καθάπερ
1379 1288 1598 1354 πρότερον,

323 1391 396 1419 και
420 1371 720 1435 φυλοὸασιλεῖς
755 1370 979 1457 τέσσαρες·
1013 1370 1060 1415 ἐκ
1082 1365 1125 1413 δὲ
1147 1368 1221 1422 τῆς
1242 1365 1431 1429 φυλῆςε
1412 1361 1599 1419 ἑκάστης

323 1463 431 1501 ησαν
455 1443 737 1506 νενεμημέναι
761 1441 947 1507 τριττύες
972 1437 1049 1502 μὲν
1078 1438 1214 1503 τρεῖς,
1255 1433 1514 1501 ναυκραρίαι
1549 1433 1592 1480 δὲ

323 1515 488 1563 δώδεκα
505 1516 599 1563 καθ’
619 1515 820 1572 ἑκάστην.
842 1513 897 1562 ‘O
914 1511 1197 1574 Κλείδημος
1179 1528 1220 1555 εν
1244 1511 1299 1572 τῇ
1325 1507 1448 1572 τρίτῃ
1470 1505 1597 1572 φησὶν

322 1587 385 1635 ὅτι
401 1588 675 1642 Κλεισθένους
695 1587 795 1634 δέκα
809 1585 940 1653 φυλὰς
955 1584 1210 1642 ποιήσαντος
1230 1580 1323 1628 ἀντὶ
1342 1583 1427 1628 τῶν
1446 1579 1599 1628 τεσσά-

324 1679 422 1725 ρων,
447 1660 602 1718 συνέὸη
630 1659 702 1707 καὶ
721 1661 762 1713 ἐς
784 1656 1048 1715 πεντήκοντα
1074 1655 1181 1719 μέρη
1201 1655 1486 1718 διαταχθῆναι
1521 1655 1598 1700 αῦ-

320 1732 414 1786 τάς.
440 1735 589 1781 Ταῦτα
614 1731 657 1778 δὲ
688 1732 983 1794 (διαταγῆναι.
1013 1727 1164 1781 αὐτοὺς
1187 1725 1230 1774 δὲ
1255 1728 1362 1774 cod.
1382 1728 1394 1789 )
1415 1725 1595 1774 ἐκάλουν

320 1805 598 1869 ναυκραρίας,
615 1802 759 1867 ὥσπερ
777 1807 848 1850 νῦν
866 1804 924 1855 εἷς
945 1800 1000 1849 τὰ
1024 1799 1175 1848 ἑκατὸν
1201 1797 1310 1864 μέρη
1333 1799 1596 1865 διαιρεθέντα

320 1878 496 1924 καλοῦσι
523 1875 779 1941 συμμορίας.

382 1952 531 1994 Locus
542 1965 742 1994 mancus.
768 1949 916 1995 Verba
937 1945 1009 1994 καὶ
1025 1947 1067 1992 ἐν
1087 1952 1172 1999 τοῖς
1188 1944 1382 2005 νόμοις...
1403 1963 1592 2011 ναυκρα-

287 2023 295 2032 ’
319 2020 410 2083 ρίαν
435 2037 613 2066 sensum
644 2037 740 2065 non
782 2020 1002 2064 fundunt.
1029 2019 1218 2064 Siebelis
1246 2019 1308 2063 ad
1337 2018 1589 2067 Clitodem.

316 2110 365 2153 p.
391 2093 447 2150 37
470 2095 800 2153 interpretatur
823 2094 886 2137 sic
909 2109 919 2135 :
939 2093 1114 2137 «Solon
1131 2091 1313 2136 dixerat
1335 2089 1595 2155 ναυκραρίας

316 2175 362 2209 et
384 2162 658 2227 ναυκράρους,
680 2179 944 2223 quanquam
969 2163 1173 2208 dubitari
1194 2165 1341 2223 possit
1354 2179 1414 2209 an
1435 2164 1594 2208 hocin

315 2238 491 2297 legibus
514 2237 688 2283 fecerit.
720 2257 737 2276 »
768 2237 824 2281 Id
840 2252 951 2281 vero
975 2237 1048 2281 vel
1071 2238 1305 2281 sententiae
1330 2252 1467 2298 causa
1482 2236 1593 2282 ferri

315 2310 493 2367 nequit.
526 2311 733 2354 Fortasse
755 2309 843 2353 fuit
870 2325 880 2352 :
908 2307 998 2354 Καὶ
1033 2309 1075 2354 ἐν
1098 2307 1184 2361 τοῖς
1208 2306 1352 2370 νόμοις
1369 2306 1588 2355 λέλεκται·

315 2403 332 2419 «
354 2380 427 2425 ἐάν
452 2399 512 2433 τις
530 2379 788 2445 ναυκραρίας
800 2380 894 2428 κτλ.
910 2380 982 2428 Η.
1006 2381 1160 2427 »adeo
1182 2391 1236 2426 ut
1254 2383 1353 2443 ipsa
1374 2384 1487 2444 legis
1506 2399 1593 2428 cu-

304 2453 487 2512 jusdam
528 2455 735 2499 Soloneae
766 2455 909 2500 verba
948 2456 1164 2499 citentur.
1208 2456 1266 2498 In
1294 2456 1594 2515 sequentibus

312 2542 483 2570 nomen
508 2527 763 2571 Aristotelis
798 2536 969 2572 temere
991 2528 1242 2587 lepetitum
1279 2543 1373 2572 esse
1406 2543 1589 2574 censeo.

313 2600 580 2658 Scripserim
619 2601 718 2644 ita:
747 2600 795 2645 ἐκ
818 2618 893 2655 της
925 2597 1141 2652 πολιτείας
1178 2597 1222 2645 ὃν
1247 2597 1403 2665 τρόπον
1430 2598 1593 2656 διέταξε

313 2668 389 2725 τὴν
410 2669 529 2715 πόλιν
547 2672 569 2715 ὁ
593 2669 759 2731 Σόλων,
781 2670 909 2735 φυλαὶ
929 2669 1004 2731 μὲν
1023 2675 1135 2729 ἦσαν
1155 2672 1384 2735 τέσσαρες,
1406 2673 1595 2734 vulgata

315 2743 658 2802 interpretanda
674 2743 826 2790 foret:
851 2746 926 2788 Ex
946 2746 1031 2789 Ar.
1054 2761 1151 2806 rep.
1166 2745 1358 2800 Athen„
1384 2762 1472 2806 quo
1497 2747 1593 2791 loco

314 2819 533 2858 rationem
568 2819 753 2874 emponit
767 2833 857 2876 qua
871 2818 1009 2862 Solon
1023 2831 1166 2878 remp.
1183 2819 1477 2862 adornaverit
1494 2817 1593 2879 (cff-

308 2884 412 2939 sero
427 2886 557 2947 hoec)
586 2903 596 2930 :
621 2897 709 2932 etc.

379 2958 448 3002 Cf.
476 2959 638 3002 Pollux
660 2961 792 3016 v111,
835 2960 961 3005 108:
989 2952 1121 3008 Οὗτοι
1151 2961 1239 3023 (sc.
1266 2959 1590 3026 δήμαρχοι)οἱ

315 3026 427 3074 κατὰ
448 3027 655 3090 δήμους”
628 3048 849 3094 αρχοντες·
876 3032 1104 3080 ἐκαλουντο
1119 3033 1224 3088 τέως
1242 3033 1496 3125 ναύκραροι,
1520 3032 1590 3082 ὅτε

315 3099 387 3145 καὶ
407 3096 445 3146 οἱ
469 3100 596 3162 δημοι
623 3102 888 3166 ναυκραρίαι.
915 3105 1167 3171 Ναυκραρία
1192 3106 1230 3153 δ’
1249 3110 1301 3164 ἠν
1323 3106 1429 3162 τέως
1451 3107 1589 3172 φυλης

315 3171 640 3219 δυοκαιδέκατον
666 3173 805 3236 μέρος.
865 3175 951 3223 Καὶ
974 3177 1163 3225 δυώδεκα
1186 3173 1494 3270 ναυκρΗαρίαι
1465 3183 1591 3239 ἠσαν,

313 3241 515 3307 τέσσαρες
531 3242 641 3291 κατὰ
661 3244 828 3308 τριττυν
845 3247 1045 3306 ἑκάστην.
1116 3249 1208 3305 Τὰς
1228 3250 1267 3297 δ’
1293 3249 1491 3316 εἰσφορὰς
1515 3250 1590 3305 τὰς

930 3390 971 3428 8.

365 3451 489 3489 Antea
511 3451 636 3500 (ante
663 3452 885 3494 Clistltenz‘s
907 3458 1121 3508 tempora)
1146 3458 1330 3500 dicebant
1354 3460 1592 3500 :naucraria

313 3516 354 3554 et
383 3525 596 3555 nauci-arus
628 3517 727 3566 (pro
759 3532 771 3558 .·
803 3519 947 3559 demus
967 3524 1008 3561 ct
1039 3522 1338 3575 demarchus).
1376 3526 1592 3564 Nancraria

313 3578 419 3618 enim
450 3581 512 3619 cst
536 3578 639 3619 idem
663 3580 741 3619 scre
766 3582 870 3632 quod
890 3585 1102 3633 symmoria
1125 3588 1164 3625 et
1183 3586 1345 3636 demus,
1370 3599 1591 3628 naucrarus

315 3642 418 3681 idem
453 3641 532 3682 sere
562 3642 666 3692 quod
701 3643 955 3696 demarchus,
991 3648 1133 3688 solone
1167 3650 1223 3690 sic
1253 3651 1503 3703 nominante,
1531 3653 1591 3692 uti

315 3705 543 3748 Aristoteles
562 3705 682 3757 dicit3
707 3707 747 3746 in
771 3708 920 3758 legibus
941 3720 1099 3761 quoque
1110 3714 1336 3754 naucrarias
1352 3717 1393 3755 et
1417 3727 1588 3756 naucra

316 3781 379 3809 ros
406 3768 652 3819 singularum
667 3771 961 3812 naucrariarum
981 3778 1220 3816 memoratos
1236 3777 1427 3819 invenias.
1450 3781 1590 3821 Postea

314 3846 406 3873 vero
425 3834 515 3874 inde
538 3845 562 3874 a
589 3834 789 3875 Clisthene
805 3837 1022 3877 naucrarioe
1049 3842 1240 3880 vocantur
1263 3842 1395 3893 demi,
1423 3846 1463 3884 et
1493 3857 1588 3885 nau·

314 3897 407 3935 clari
429 3896 644 3937 demarchi.
677 3900 735 3937 Ex
760 3898 911 3938 ratione
937 3910 1017 3949 qua
1032 3901 1149 3941 solon
1169 3905 1453 3955 rempublicam
1475 3909 1588 3949 ador·

312 3963 495 4010 flaverat,
522 3960 649 4001 tribus
664 3962 780 4001 erant
795 3963 999 4012 quattuor,
1017 3964 1133 4004 sicuti
1155 3967 1292 4012 antea:
1318 3968 1498 4021 itemque
1516 3972 1586 4012 tri·—

311 4024 435 4063 huum
452 4035 560 4075 reges
577 4024 671 4065 item
685 4027 898 4076 quattuor,
887 4039 896 4049 ·
915 4027 1158 4078 singularum
1171 4040 1265 4069 vero
1279 4031 1452 4073 tribuum
1465 4036 1589 4077 ternae

310 4090 423 4128 orant
445 4088 603 4140 trittym
620 4090 660 4129 et
678 4090 896 4130 nauci-ariae
919 4090 1126 4132 duodenae.
1148 4095 1310 4145 Postea,
1334 4097 1402 4137 uhi
1422 4100 1588 4141 Clisthe-

1237 269 1647 321 ARISTOTELIS
1687 266 2100 349 FRAGMENTA.

1685 374 1799 423 κατὰ
1838 375 1998 438 δήμους
2032 371 2365 437 διεχειροτόνουν
2401 377 2541 432 ουτοι,
2575 393 2650 420 και
2679 373 2734 422 τὰ
2759 374 2804 432 ἐξ
2834 377 3000 425 αὐτῶν

1685 446 1969 509 ἀναλώματα.
2039 442 2317 518 Ναυκραρία
2333 443 2379 491 δὲ
2414 443 2578 503 ἑκάστη
2604 445 2679 494 δύο
2701 447 2859 502 ἱππέας
2887 467 2973 496 πα-

1685 523 1816 584 ρεῖχε,
1839 518 1913 565 καὶ
1932 521 2035 564 ναῦν
2053 514 2171 578 μίαν,
2192 515 2265 581 ἀφ’
2286 508 2376 573 ἧς’
2361 534 2458 570 ισως
2474 516 2740 580 ὠνόμασται.
2759 522 2975 568 Ceterum
2991 519 2997 545 Ψ

1683 594 1742 638 de
1763 592 2021 637 demarchis
2044 589 2250 637 cf.inf1·a
2272 588 2333 666 fr,
2359 588 2438 637 18.

2308 719 2356 764 9.

1746 825 2093 884 Harpocration
2124 839 2170 871 v.
2196 821 2402 900 Ἱππάςτ
2429 822 2636 879 Ἰσαῖος’
2616 845 2661 872 εν
2691 829 2754 892 τῶ
2775 827 2998 893 περὶτοῦ

1683 893 2007 958 Ἀπολλοδώρου
2044 892 2260 959 κλήρου·
2271 916 2291 937 «
2338 893 2642 962 Ἀπεγράψατο
2679 896 2759 961 μὲν
2796 899 2990 964 τίμημα

1679 965 1831 1031 μικρὸν
1845 968 1902 1020 ὡς
1923 964 2094 1012 ἱππάδα
2107 966 2257 1013 τελῶν.
2275 986 2295 1009 »ι
2316 965 2615 1032 Ἀριστοτέλης
2634 970 2672 1016 δ’
2684 972 2729 1018 ἐν
2741 969 2987 1030 Ἀθηναίων

1678 1037 1877 1085 πολιτεία
1909 1036 2038 1102 φησὶν
2073 1034 2140 1083 ὅτι
2173 1036 2324 1085 Σόλων
2356 1040 2415 1092 εἷς
2440 1038 2477 1086 δ’
2507 1039 2636 1087 διεῖλε
2668 1041 2773 1100 τέλη
2800 1042 2851 1090 τὸ
2883 1050 2972 1092 πᾶν

1676 1112 1835 1169 πληθος
1867 1129 1952 1157 των
1978 1108 2230 1174 Ἀθηναίων,
2264 1112 2758 1176 πεντακοσιομεδίμνους
2789 1115 2866 1164 καὶ
2898 1119 2995 1165 ἱπ-

1678 1181 1786 1236 πέας
1811 1182 1885 1230 καὶ
1911 1181 2104 1246 ζευγίταις
2127 1182 2203 1231 καὶ
2225 1186 2372 1242 θ’ῆτας.
2404 1185 2526 1249 [τῶν
2550 1178 2624 1234 ουν
2647 1186 2816 1236 ἱππέων
2835 1190 2880 1237 αἱ
2897 1193 2993 1238 in·-
3015 1215 3016 1218 ¹

1675 1254 1822 1308 πάδες.
1843 1260 1858 1313 ]
2975 1312 2987 1323 ‚

1740 1331 1979 1375 Postrema
1993 1346 2115 1375 unus
2135 1328 2280 1376 habet
2301 1330 2412 1376 cod.
2431 1333 2508 1378 D.
2533 1342 2581 1378 et
2610 1334 2804 1381 Photius
2833 1351 2871 1382 s.
2902 1352 2951 1385 v.
2938 1371 2984 1396 ,

1673 1402 1758 1446 ubi
1780 1403 1917 1447 simul
1937 1404 2130 1448 alteram
2154 1404 2268 1464 legis
2290 1404 2487 1465 glossam
2522 1420 2549 1450 e
2578 1415 2739 1453 nostra
2760 1408 2912 1456 male
2897 1425 2970 1458 ιιι-

1676 1476 1860 1520 tellecta
1900 1485 2076 1534 ortam,
2117 1476 2377 1521 secundum
2411 1493 2553 1537 quam
2585 1480 2735 1525 Solon
2757 1482 2985 1542 quinqu
3013 1464 3016 1488 ἔ

1676 1548 1837 1594 classes
1859 1549 2069 1607 fecisset,
2102 1564 2304 1609 quarum
2333 1559 2570 1610 postrema
2591 1549 2729 1607 ἱππὰς
2757 1547 2991 1606 ἐκαλεῖτοζῖζ

1671 1622 1870 1667 Devoce
1889 1619 2042 1680 ἵππας,
2057 1638 2216 1667 census
2234 1627 2470 1684 eqzeestns,
2485 1624 2545 1673 cs
2560 1626 2762 1688 Isaeusp.
2782 1620 2988 1686 67,23-,'·3

1672 1696 1908 1741 Plutarch.
1936 1697 2100 1743 Solon.
2125 1696 2275 1745 c.18.

2288 1836 2364 1865 10.

1739 1937 2087 2000 Harpocration
2103 1956 2152 1987 v.
2171 1939 2317 1998 Θῆτες
2340 1939 2416 1988 καὶ
2430 1939 2643 1998 Θητικόνε
2667 1943 2745 1997 Εἷς
2766 1961 3008 2010 τέσσαρα

1673 2009 1938 2076 διῃρημένης
1963 2011 2069 2077 παρ’
2091 2010 2327 2070 Ἀθηναίοις
2346 2015 2420 2071 τῆς
2443 2013 2692 2090 πολιτείας
2681 2016 2769 2062 οἷ’
2745 2015 2996 2085 απορώτα
2976 2014 3008 2098 ἐζ

1670 2103 1735 2131 τοι
1765 2082 1964 2147 ἐλέγοντο
1986 2087 2109 2143 θῆτες
2132 2084 2207 2133 καὶ
2231 2084 2410 2144 θητικὸν
2435 2087 2587 2134 τελεῖν.
2622 2079 2758 2136 Οὗτοι
2781 2086 2828 2136 δὲ
2849 2088 2984 2137 οὔδε

1672 2164 1775 2219 μιᾶς
1814 2159 2013 2221 μετεῖχον
2050 2159 2214 2222 ἀρχης,
2239 2160 2298 2212 ὡς
2333 2157 2409 2206 καὶ
2441 2157 2740 2224 Ἀριστοτέλης
2771 2161 2899 2219 δηλοι
2925 2163 2995 2209 ἐ

1671 2228 1904 2288 Ἀθηναίων
1935 2229 2150 2294 πολιτεία·
2187 2229 2253 2278 οτι
2278 2230 2323 2278 δὲ
2348 2233 2424 2279 οὐκ
2458 2230 2786 2297 ἐστρατεύοντο,
2822 2158 3002 2300 εἴρηκ-ῗέ

1669 2323 1744 2350 και
1766 2302 2110 2369 Ἀριστοφάνης’
2091 2322 2135 2351 εν
2156 2305 2461 2352 Δαιταλεῦσιν.
2485 2307 2556 2353 Cf.
2574 2308 2770 2354 Photius
2787 2315 2835 2353 et
2847 2307 2938 2358 Sui
2993 2296 3002 2363 ξ’

1646 2379 1753 2424 das
1787 2395 1824 2424 s.
1868 2395 1916 2423 v.
1946 2380 2141 2424 Aristot.
2167 2380 2271 2425 Pol.
2314 2381 2393 2436 ΙΙ,
2426 2396 2513 2437 10,
2522 2379 2596 2425 3.
2622 2381 2794 2427 Pollux
2825 2382 2971 2430 VIII

1676 2468 1767 2512 129
1790 2468 1860 2512 sq.
1889 2449 2206 2514 εΤιμήματα
2201 2451 2239 2497 δ’
2262 2443 2315 2509 ην
2343 2449 2561 2516 τέτταρα·
2583 2442 2994 2516 πεντακοσιομεδί

1672 2520 1928 2583 μνων,ἱππέ
1931 2540 2008 2582 ων,
2024 2512 2244 2586 ζευγιτῶν,
2265 2525 2466 2581 θητικῶν.
2485 2525 2544 2573 Οἱ
2564 2521 2642 2587 μὲν
2660 2525 2972 2590 [πεντακοσιο
2986 2547 2992 2577 2

1671 2593 1868 2657 μέδιμνοι
1891 2595 1958 2659 ]’
1938 2614 1987 2643 εκ
2014 2614 2090 2643 του
2114 2598 2409 2644 πεντακοσίων
2440 2595 2662 2660 μεδίμνων
2694 2595 2875 2664 μέτραε
2857 2597 2974 2665 υγρῗς
2968 2588 2994 2694 ἑ

1669 2667 1744 2715 καὶ
1763 2666 1872 2733 ξηρὰ
1890 2674 2028 2715 ποιεῖν
2048 2667 2292 2726 κληθέντες·
2313 2668 2546 2727 ἀνήλισκον
2565 2669 2601 2717 δ’
2617 2671 2678 2724 εἷς
2692 2668 2742 2718 τὸ
2761 2668 2993 2733 δημόσιοζιῖΖ

1668 2740 1905 2788 τάλαντον·
1929 2743 1968 2788 οι
1993 2739 2039 2798 δὲ
2072 2739 2152 2799 τὴν
2183 2740 2357 2788 ἱππάδα
2381 2742 2602 2797 τελοῦντες
2627 2743 2677 2790 ἐκ
2698 2741 2776 2805 μὲν
2798 2761 2874 2791 του
2894 2741 2991 2794 δυδ

1668 2819 1823 2862 νασθαι
1850 2813 1977 2880 τρέφε
1960 2833 2018 2861 ιν
2041 2812 2202 2869 ἵππους
2225 2816 2463 2873 κεκλῆσθαι
2484 2816 2704 2863 δοκουσιν·
2727 2814 2900 2864 ἐποίουν
2920 2817 2985 2864 δ

1670 2887 1809 2953 μέτρα
1849 2885 2110 2951 τριακοσια,
2154 2886 2388 2946 ἀνήλισκον
2423 2886 2468 2934 δὲ
2492 2886 2891 2950 ἡμιτάλαντον·οἱ
2921 2866 2992 2951 δέξ

1667 2961 1717 3008 τὸ
1740 2959 1948 3024 ζευγίσιον
1973 2962 2236 3014 τελουντες’
2212 2959 2299 3008 απὸ
2333 2960 2562 3008 διακοσίων
2585 2959 2752 3025 μέτρων
2781 2979 2886 3009 κατε
2868 2942 2989 3056 λε’φὲ

1669 3053 1819 3097 γοντο,
1849 3032 2082 3091 ἀνήλισκον
2108 3031 2152 3081 δὲ
2178 3041 2286 3096 μνᾶς
2310 3031 2436 3080 δέκα·
2461 3035 2500 3081 οι
2534 3032 2580 3081 δὲ
2602 3032 2653 3080 τὸ
2675 3033 2865 3094 θητικόν,
2893 3036 2971 3083 οὐῑ

1669 3105 1820 3168 δεμίαν
1846 3104 1986 3170 ἀρχὴν
2007 3109 2158 3171 ἦρχον,
2179 3104 2276 3153 οὖδὲ
2300 3105 2531 3164 ἀνήλισκον
2561 3104 2700 3154 οὐδέν.
2725 3068 2985 3159 Plutarccji

1668 3183 1829 3227 Solon.
1870 3197 1909 3226 c.
1954 3180 2263 3237 183Boeckh.
2303 3180 2715 3227 Staatslzaush.11
2730 3215 2743 3238 ,
2782 3197 2835 3242 p.
2870 3155 2985 3244 30ss

1670 3251 1921 3323 Hermann.
1950 3253 1977 3313 §
2007 3251 2122 3310 1083
2140 3250 2440 3298 Schoemann.
2469 3269 2516 3314 p.
2540 3259 2648 3310 174.
2942 3266 2972 3284 -·’

1666 3387 1804 3428 divisae
1825 3389 1919 3428 sunt
1943 3388 2096 3439 partes,
2129 3398 2230 3438 quas
2249 3389 2481 3428 naucrarias
2502 3388 2782 3440 appellabant,
2803 3390 2889 3429 ut

1666 3454 1726 3493 tes
1742 3454 1930 3502 centum,
1960 3453 2001 3492 in
2022 3463 2123 3503 quas
2138 3463 2248 3492 nunc
2271 3452 2523 3502 dividuntur,
2541 3462 2588 3503 ε)
2590 3451 2782 3493 mmorias
2801 3463 2918 3494 voca
2944 3439 2977 3484 ²³⁴

2291 3540 2335 3581 9.
2939 3524 2944 3566 Ῡ
2955 3522 2980 3553 ,s

1715 3621 1838 3661 Solon
1859 3630 2019 3660 omnem
2040 3619 2341 3660 Atheniensium
2367 3619 2559 3670 populum
2578 3618 2620 3659 in
2636 3619 2831 3670 quattuor
2855 3615 2930 3660 01.’.

1663 3695 1726 3724 ses
1757 3696 1781 3725 e
1814 3694 1936 3725 censu
1964 3683 2180 3734 descriptas
2211 3681 2367 3733 divisit,
2399 3682 2440 3722 in
2476 3681 2930 3725 Pentecosiomedimnu

1663 3749 1849 3800 Equites,
1866 3749 2045 3800 zeugitas
2059 3749 2100 3788 et
2113 3747 2269 3790 rhetos.
2946 3722 2974 3795 {¹

2669 3787 2672 3790 ⁴
2965 3751 2974 3795 ι

2275 3828 2347 3870 ιο.
2893 3794 2925 3817 m
2890 3804 2973 3867 Ji

1718 3911 1938 3963 Republica
1959 3910 2067 3963 apud
2086 3903 2371 3960 Athenienses,
2388 3909 2430 3949 in
2445 3911 2638 3960 quattuor
2654 3910 2798 3951 classes
2811 3909 2893 3951 di·

1662 3975 1883 4016 tenuissimi
1914 3976 2021 4024 θῆτες
2051 3973 2339 4025 (mercenarii,
2364 3973 2553 4024 opifices)
2591 3974 2634 4014 et
2667 3974 2858 4021 θητικὸν

1662 4039 2025 4090 (mercenariorum
2043 4038 2109 4078 vel
2124 4037 2313 4088 opificum
2330 4036 2446 4078 classi
2467 4036 2696 4088 accenseri)
2711 4037 2838 4078 «lieen-

1665 4103 1732 4143 His
1750 4103 1983 4154 magistratu
2019 4101 2128 4152 fungi
2153 4111 2233 4141 non
2258 4100 2428 4151 licebat,
2463 4101 2509 4141 ut
2534 4100 2765 4142 Aristoteles
2786 4100 2862 4141 d·-

312 4164 380 4191 ms
404 4154 526 4192 (toste
551 4146 728 4193 Clidemo
760 4153 859 4193 libro
892 4155 1038 4204 tertio)
1062 4155 1199 4196 decem
1232 4159 1359 4198 tribus
1393 4163 1588 4211 prioribus
1664 4168 1704 4207 in
1725 4169 1821 4217 Rep.
1844 4166 1996 4215 Δώσω
2013 4176 2087 4206 nec
2106 4164 2357 4215 militabant,
2377 4130 2428 4206 uli
2439 4165 2722 4217 Aristophanes
2736 4119 2954 4219 quoque:

314 4218 395 4255 iniis
422 4220 607 4268 quattuor
629 4216 912 4267 substilniSsol,
946 4220 1060 4260 simul
1089 4222 1207 4261 eliim
1238 4224 1274 4262 in
1304 4225 1503 4276 qniirvnlui
1494 4229 1587 4270 inla
1664 4232 1955 4273 Daetalensibus
1974 4231 2044 4272 ait.
2870 4248 2879 4265 «-
2931 4230 2958 4288 ..ἦ
