3016 4628
611 302 1097 359 CYRENAEORUM,
1133 298 1770 350 CARTHAGINIENSIUM
1809 299 2231 348 RESPUBLlCAE.

103 419 262 477 ταύτην
298 418 373 474 τὴν
409 411 699 478 δημοκρατίαν
728 411 821 475 (se.
858 414 907 455 in
945 426 1037 470 qua
1071 425 1231 454 omnes
1255 410 1376 453 cives

102 495 219 553 reip.
245 487 651 537 administrationis
681 484 931 544 participes
955 481 1091 542 sint),
1112 478 1185 527 καὶ
1208 478 1279 525 τὸν
1305 478 1386 534 δῆ-

105 581 184 626 μον
200 563 334 609 ποιεῖν
349 557 522 623 ἰσχυρὸν
541 554 736 604 εἰώθασιν
753 554 792 600 οἱ
807 555 1073 617 προεστῶτες
1086 570 1146 616 τω
1115 550 1386 614 “προσλαμ·

106 631 288 681 ὅάνειν“
266 650 322 684 ως
343 628 585 686 πλείστους,
607 625 680 673 καὶ
699 631 836 671 ποιεῖν
857 623 1038 677 πολίτας
1057 622 1118 685 μὴ
1142 621 1268 683 μόνον
1290 619 1389 673 τους

104 702 329 767 γνησίους,
351 699 463 749 ἀλλὰ
490 698 564 748 καὶ
579 717 674 750 τους
701 696 744 751 ἐξ
750 699 1040 788 ὁποτερουοῦν
1060 694 1257 754 πολίτου,
1277 691 1390 755 λέγω

107 775 153 825 δὲ
172 769 256 824 οἷον
285 773 445 838 πατρὸς
467 771 496 829 ἢ
528 769 707 835 μητρός·
733 767 850 815 ἅπαν
885 768 968 834 γὰρ
1000 770 1154 815 οἰκεῖον
1177 785 1304 813 τουτο
1329 784 1390 811 τω

106 847 283 912 τοιούτῳ
299 845 424 910 δημῳ
449 844 628 906 μᾶλλον.
657 839 850 890 Εἰώθασι
877 839 954 903 μὲν
979 843 1050 886 οὐν
1075 841 1113 886 οἱ
1134 835 1388 900 δημαγωγοι

47 927 55 932 “
109 917 438 972 κατασκευάζειν
459 914 594 962 ουτω·
620 914 682 960 δεῖ
703 932 846 975 μεντοι
863 909 1215 1002 προσλαμὸάνειν
1235 908 1394 974 μέχρις

109 989 160 1039 ἂν
181 987 407 1077 ὑπερτείνῃ
430 986 480 1034 τὸ
502 988 661 1044 πληθος
683 988 767 1032 τῶν
785 984 1011 1048 γνωρίμων
1029 981 1102 1029 καὶ
1122 984 1208 1028 τῶν
1230 979 1390 1043 μέσων,

39 1050 64 1062 ⁴⁴
107 1060 180 1111 καὶ
212 1059 360 1108 τούτου
394 1057 454 1122 μὴ
489 1056 599 1123 πέρα
634 1056 903 1123 προὸαίνειν·
935 1054 1278 1121 υπερὸοίλλοντες
1308 1052 1391 1115 γὰρ

108 1130 394 1196 ἀτακτοτέραν
418 1149 464 1178 τε
487 1133 657 1177 ποιοῦσι
679 1126 755 1186 τὴν
780 1127 1033 1189 πολιτείαν,
1060 1145 1134 1174 και
1162 1144 1258 1179 τους
1283 1139 1392 1188 γνω-

108 1203 256 1270 ρίμους
284 1203 388 1268 πρὸς
410 1202 458 1250 τὸ
490 1203 692 1266 χαλεπῶς
726 1199 950 1263 ὑπομένειν
982 1198 1059 1256 τὴν
1097 1196 1392 1263 δημοκρατίαν

107 1274 394 1342 παροξύνουσι
416 1275 606 1338 μᾶλλον·
631 1273 736 1337 ὅπερ
761 1271 918 1330 συνέὸη
948 1275 1025 1329 τ’ῆς
1051 1270 1237 1324 στάσεως
1261 1269 1394 1316 αἴτιον

109 1345 304 1410 γενέσθαι
327 1365 425 1411 περι
447 1344 672 1410 Κυρήνην·
699 1343 840 1407 ὀλίγον
859 1343 935 1406 μὲν
956 1342 1038 1407 γὰρ
1057 1341 1241 1406 πονηρὸν
1267 1360 1397 1407 παρο-

111 1425 262 1483 ρᾶται·
290 1416 399 1465 πολυ
425 1415 468 1464 δὲ
493 1416 713 1480 γινόμενον
734 1418 776 1463 ἓν
803 1417 1037 1481 ὀφθαλμοῖς
1065 1412 1231 1476 μᾶλλόν
1265 1415 1394 1460 ἐστιν.

110 1487 214 1536 Ἔτι
233 1487 278 1535 δὲ
301 1486 438 1535 καὶτὰ
448 1506 624 1536 τοιαυτα
643 1485 1043 1548 κατασκευάσματα
1066 1485 1266 1551 χρήσιμα
1288 1485 1396 1549 πρὸς

109 1559 186 1616 τὴν
207 1559 503 1625 δημοκρατίαν
520 1559 596 1616 τὴν
614 1558 833 1620 τοιαύτην,
852 1562 911 1612 οἱς
934 1556 1193 1615 Κλεισθένης
1216 1576 1262 1603 τε
1281 1556 1399 1614 Ἀθή-

110 1650 233 1688 νησιν
245 1634 485 1696 ἐχρήσατο,
510 1631 763 1696 βουλόμενος
779 1628 964 1687 αὐξῆσαι
987 1628 1064 1686 τὴν
1086 1627 1397 1692 δημοκρατίαν,

117 1701 191 1750 καὶ
221 1702 320 1767 περὶ
342 1703 545 1769 Κυρήνην
565 1706 603 1750 οἳ
626 1702 698 1751 τὸν
720 1703 853 1765 δῆμον
878 1700 1152 1754 καθιστάντες
1167 1718 1176 1727 ·
1199 1699 1331 1762 φυλαί
1353 1719 1398 1747 τε

113 1775 196 1839 γὰρ
213 1773 354 1839 ἕτεραι
384 1773 581 1832 ποιητέαι
604 1773 774 1827 πλείους
794 1773 867 1820 καὶ
895 1771 1099 1838 φρατρίαι
1113 1808 1126 1830 ,
1142 1770 1218 1818 καὶ
1240 1770 1294 1818 τὰ
1315 1774 1398 1818 τῶν

109 1845 233 1905 ,ἰδίων
261 1848 385 1910 ἱερῶν
423 1846 653 1894 συνακτέον
674 1848 731 1900 εἷς
756 1844 880 1907 ὀλίγα
901 1844 975 1893 καὶ
994 1842 1138 1903 κοινὰ,
1162 1843 1236 1890 καὶ
1258 1843 1400 1891 πάντα

119 1915 356 1982 σοφιστέον,
396 1916 510 1972 ὅπως
545 1916 595 1964 ἂν
633 1917 698 1964 ὅτι
723 1915 911 1979 μάλιστα
947 1917 1218 1980 ἀναμιχθῶσι
1249 1913 1403 1969 πάντες

86 2005 89 2007 ’
120 1988 322 2047 ἀλλήλοις
337 2027 349 2048 ,
371 1992 415 2036 αἱ
434 1988 477 2037 δὲ
500 1989 720 2048 συνήθειαι
743 1991 1048 2053 διαζευχθῶσιν
1075 1991 1118 2036 αἱ
1135 1987 1362 2053 πρότερον.
1381 1989 1399 2051 ]

496 2096 1009 2160 [ΚΑΡΧΗΔΟΝΙΩΝ]
1061 2146 1065 2151 ,

701 2207 812 2252 209.

185 2282 396 2345 [Aristot.
423 2284 525 2328 Pol.
557 2285 630 2342 ΙΙ,
662 2284 690 2328 8
710 2300 720 2328 ι
742 2280 1052 2330 Πολιτεύεσθαι
1073 2280 1117 2328 δὲ
1137 2282 1307 2329 δοκοῦσι
1330 2281 1405 2329 καὶ

120 2353 411 2420 Καρχηδόνιοι
429 2355 586 2413 καλῶς,
610 2354 684 2401 καὶ
702 2354 844 2401 πολλὰ
860 2357 1068 2419 περιττῶς
1087 2353 1192 2418 πρὸς
1208 2354 1303 2408 τοὺς
1326 2353 1405 2400 ἄλ-

71 2489 82 2533 ’.
123 2502 262 2530 omnes
286 2491 393 2530 cives
419 2491 645 2541 reipublicae
678 2490 1030 2531 administrationis
1063 2490 1272 2540 participes
1301 2491 1405 2540 sint)

109 2557 160 2595 ‘et
177 2554 369 2604 populum
387 2553 561 2593 validum
576 2554 842 2604 efficiendum,
863 2554 990 2594 solent
1005 2555 1138 2604 populi
1154 2554 1274 2593 duces
1285 2565 1407 2604 quam

121 2619 313 2671 plurimos
334 2619 522 2660 asciscere
550 2630 631 2660 non
662 2620 792 2659 solum
816 2620 1012 2669 legitimos
1032 2621 1140 2659 cives
1156 2649 1167 2668 ‚
1202 2619 1270 2659 sed
1290 2620 1409 2659 etiam

122 2683 267 2722 nothos
285 2683 391 2722 etex
406 2683 598 2724 alterutro
618 2684 780 2734 parente
797 2684 883 2723 cive
904 2687 1152 2734 procreatos,
1173 2683 1249 2722 hoc
1269 2684 1342 2732 est,
1360 2694 1410 2722 ex

122 2747 235 2797 patre
250 2746 320 2784 aut
338 2747 479 2786 matre.
498 2750 626 2787 Omne
643 2747 747 2785 enim
766 2758 889 2796 genus
908 2748 984 2787 hoc
1002 2747 1209 2786 hominum
1220 2746 1271 2785 ad
1289 2746 1410 2785 talem

122 2809 405 2849 democratiam
439 2810 561 2860 magis
600 2810 945 2850 accommodatum
989 2811 1058 2850 est.
1105 2810 1241 2850 Solent
1275 2810 1392 2859 igitur

123 2874 327 2924 demagogi
350 2873 437 2912 haec
456 2874 678 2924 excogitare
693 2875 734 2913 et
755 2875 978 2914 machinari
1006 2892 1015 2914 ι
1044 2874 1113 2914 sed
1128 2875 1285 2925 oportet
1300 2885 1410 2913 assu-

124 2946 375 2998 metensque
398 2948 446 2976 eo
458 2968 469 2986 ‚
487 2937 584 2976 dum
606 2937 822 2976 multitudo
838 2938 989 2978 nobiles
1003 2939 1044 2977 et
1059 2938 1210 2977 medios
1230 2938 1410 2988 superet,

125 3001 351 3039 nontamen
367 3000 475 3039 ultra
493 3001 707 3050 procedere
731 3002 928 3040 convenit.
947 3005 1048 3042 Nam
1063 3001 1095 3041 si
1116 3001 1280 3040 modum
1301 3012 1412 3051 supe-

126 3062 234 3111 rent,
251 3064 401 3102 statum
416 3063 643 3114 reipublicae
657 3064 781 3113 magis
798 3065 1055 3114 perturbant,
1079 3064 1281 3114 magisque
1296 3064 1414 3102 nohi-

126 3124 187 3164 les
207 3125 267 3164 ira
292 3125 534 3176 incendunt,
556 3138 638 3177 quo
665 3127 799 3166 minus
824 3129 973 3166 statum
996 3128 1225 3178 popularem
1250 3127 1377 3166 serant
1403 3142 1412 3165 :

127 3189 236 3240 quod
256 3190 421 3246 Cyrenis
447 3201 565 3231 causa
580 3191 655 3230 fuit
677 3191 888 3231 seditionis.
919 3195 1019 3232 Nam
1044 3192 1233 3241 exiguum
1261 3192 1414 3230 malum

128 3262 210 3292 non
235 3252 562 3292 animadvertitur
587 3270 597 3294 ι
624 3254 731 3294 idem
757 3255 788 3294 si
811 3255 882 3295 fiat
901 3255 1052 3305 majus,
1071 3255 1195 3305 magis
1216 3256 1257 3293 in
1280 3255 1416 3294 oculos

129 3310 310 3356 incurrit.
337 3318 533 3356 Praeterea
554 3317 606 3356 ad
626 3318 748 3357 talem
771 3318 1054 3359 democratiam
1070 3319 1184 3358 utilia
1209 3320 1302 3358 sunt
1323 3319 1416 3358 talia

108 3381 357 3421 ‘commenta
374 3382 495 3431 atque
519 3381 679 3421 inventa
693 3411 706 3431 ‚
729 3382 874 3432 quibus
901 3383 1122 3423 Clisthenes
1147 3383 1308 3422 Athenis
1323 3394 1417 3422 usus

100 3452 102 3456 ’
129 3444 190 3483 est
201 3473 212 3492 ,
230 3455 355 3494 quum
368 3443 651 3484 democratiam
666 3445 909 3495 amplificare
924 3447 1044 3496 atque
1062 3457 1203 3496 augere
1219 3447 1360 3496 vellet,
1378 3448 1418 3485 et

98 3551 101 3553 ,
128 3505 159 3544 ti
186 3507 254 3557 qui
284 3507 448 3558 cyrenis
473 3507 755 3548 democratiam
785 3509 1087 3549 constituerunt.
1132 3512 1231 3549 Nam
1263 3510 1303 3548 et
1329 3510 1418 3550 aliae

132 3572 342 3626 pluresque
365 3565 495 3614 trihus
513 3575 554 3615 et
575 3575 698 3614 curiae
722 3575 912 3615 faciendae
939 3578 1058 3624 sunt3
1086 3576 1220 3615 omnia
1250 3575 1418 3626 denique

131 3635 297 3676 artificia
315 3636 536 3677 adhibenda
553 3639 646 3678 sunt
660 3667 673 3688 ,
691 3639 736 3678 ut
754 3640 1052 3688 quammaxime
1087 3651 1225 3679 omnes
1256 3639 1358 3678 inter
1377 3651 1418 3678 se

133 3699 452 3756 permisceantur,
472 3701 647 3751 pristinae
663 3705 798 3741 autem
829 3702 1134 3743 consuetudines
1153 3705 1193 3743 et
1215 3703 1419 3745 societates

133 3761 403 3814 disjungantur
417 3765 537 3815 atque
547 3765 794 3806 aboleantur.
805 3765 820 3817 ]

430 3870 1120 3936 [CARTHAGINIENSIUM.]

707 3981 847 4035 [wa]

188 4079 496 4132 [existimantur
521 4085 656 4124 autem
683 4083 801 4124 etiam
822 4083 1160 4134 Carthaginienses
1196 4083 1421 4133 reipublicae

68 4139 112 4207 ¹--
143 4145 462 4188 administrandae
478 4151 630 4188 ratione
651 4150 708 4188 uti
725 4150 831 4189 recta
843 4179 854 4198 ,
872 4151 912 4188 et
927 4150 1063 4190 multis
1084 4150 1123 4188 in
1141 4149 1258 4188 rebus
1275 4150 1419 4188 eximia

141 4210 259 4264 afflue
273 4212 423 4262 egregia
434 4241 445 4262 ,
463 4212 496 4258 si
511 4223 602 4254 cum
618 4213 702 4253 aliis
719 4214 967 4263 comparetur
982 4226 994 4263 3
1014 4214 1052 4258 in
1068 4213 1267 4258 nonnullis
1286 4215 1420 4257 autem

2651 310 2736 349 16⁴1

1457 414 1583 475 λους,
1621 411 1809 474 μάλιστα
1846 413 1883 457 δ’
1927 412 2019 458 ἔνια
2049 413 2361 475 παραπλησίως
2392 422 2477 466 τοῖς
2512 414 2737 461 ΔΧοίκωσιν·

1460 477 1587 532 αὗται
1611 483 1694 548 γὰρ
1715 485 1759 529 αἱ
1783 485 1998 529 πολιτεῖαι
2017 490 2129 545 τρεῖς
2146 483 2351 538 ἀλλήλαις
2368 504 2411 530 τε
2437 485 2637 546 σύνεγγύς
2656 506 2744 538 πως

1462 555 1571 615 εἶσὶ,
1601 555 1780 603 καὶτῶν
1812 554 1955 600 ἄλλων
1980 553 2089 600 πολὺ
2112 554 2397 618 διαφέρουσιν,
2421 556 2447 613 ἥ
2469 576 2513 602 τε
2547 561 2582 604 Κ
2592 558 2742 620 ρητικὴ

1462 627 1536 675 καὶ
1553 631 1580 684 ἡ
1599 625 1832 683 Λακωνικὴ
1853 625 1927 673 καὶ
1944 624 2066 690 τρίτη
2086 626 2247 671 τούτων
2273 629 2298 682 ἡ
2321 630 2403 673 τῶν
2423 630 2744 691 Καρχηδονίων.

1463 698 1555 748 Καὶ
1579 698 1722 745 πολλὰ
1747 701 1831 744 τῶν
1858 695 2131 760 τεταγμένων
2167 696 2258 759 ἔχει
2282 699 2384 759 παρ’
2413 700 2552 751 αὐτοῖς
2583 702 2746 753 καλῶς·

1464 777 1643 832 σημεῖον
1659 769 1703 816 δὲ
1726 770 1943 822 πολιτείας
1968 768 2309 831 συντεταγμένης
2325 768 2373 814 τὸ
2388 769 2460 815 τὸν
2480 771 2617 831 δῆμον
2635 771 2751 834 ἔχου-

1465 861 1544 890 σαν
1567 843 1783 906 διαμένειν
1808 844 1851 888 ἐν
1870 845 1923 906 τῇ
1941 839 2057 895 τάξει
2076 844 2151 898 τῆς
2170 840 2403 899 πολιτείας,
2429 841 2501 888 καὶ
2523 840 2631 902 μήτε
2647 843 2749 889 στοί-

1465 936 1556 975 σιν,
1574 916 1600 964 ὅ
1618 935 1660 962 τι
1684 915 1759 962 καὶ
1787 915 1900 970 ἄξιον
1934 916 2088 972 εἰπεῖν,
2111 917 2367 976 γεγενῆσθαι
2393 914 2503 975 μήτε
2527 913 2746 979 τύραννον.

1466 989 1516 1054 (a)
1537 987 1667 1052 Ἔχει
1692 987 1736 1035 δὲ
1754 986 2044 1054 παραπλήσια
2068 989 2122 1050 τῇ
2139 989 2373 1050 Λακωνικῇ
2387 985 2581 1050 πολιτεία
2597 985 2650 1031 τὰ
2677 986 2750 1047 μὲν

1467 1060 1666 1108 συσσίτια
1701 1062 1787 1107 τῶν
1813 1061 2011 1121 ἑταιριῶν
2031 1064 2117 1111 τοῖς
2141 1056 2358 1122 φιδιτίοις,
2383 1056 2460 1114 τὴν
2483 1056 2527 1104 δὲ
2544 1060 2626 1103 τῶν
2655 1061 2755 1104 ἑκα-

1466 1131 1538 1179 τὸν
1563 1131 1636 1180 καὶ
1655 1130 1868 1196 τεττάρων
1901 1129 2044 1194 ἀρχὴν
2067 1136 2156 1184 τοῖς
2181 1128 2346 1194 ἐφόροις
2378 1129 2517 1191 (πλὴν
2544 1132 2590 1177 οὐ
2611 1132 2753 1195 χεῖρον

1468 1206 1507 1250 οἱ
1528 1201 1604 1265 μὲν
1624 1204 1673 1250 ἐκ
1697 1205 1781 1249 τῶν
1804 1200 2022 1266 τυχόντων
2050 1201 2130 1248 εἶσὶ
2147 1238 2160 1259 ,
2189 1201 2351 1259 ταύτην
2373 1203 2409 1248 δ’
2432 1205 2651 1267 αἱροῦνται
2672 1202 2748 1259 τὴν

1469 1277 1610 1365 ἀρχην
1639 1273 1946 1339 ἀριστίνδην),
1983 1272 2080 1327 τους
2103 1273 2149 1320 δὲ
2176 1276 2369 1337 βασιλεῖς
2393 1273 2466 1320 καὶ
2503 1293 2580 1330 την
2601 1293 2749 1338 γερου-

1470 1348 1565 1395 σίαν
1605 1345 1809 1410 ἀνάλογον
1839 1353 1927 1400 τοῖς
1951 1347 2039 1392 ἐκεῖ
2077 1348 2303 1410 βασιλεῦσι
2327 1365 2399 1392 και
2434 1344 2643 1419 γέρουσιν.
2671 1348 2756 1394 Καὶ

1473 1418 1637 1484 βέλτιον
1653 1417 1697 1464 δὲ
1717 1415 1814 1470 τοὺς
1835 1419 2026 1480 βασιλεῖς
2048 1416 2158 1478 μήτε
2182 1417 2297 1465 κατὰ
2316 1436 2365 1464 το
2384 1417 2485 1464 αὐτὸ
2502 1422 2609 1464 εἰναι
2630 1418 2758 1480 γένος,

1473 1510 1580 1552 μητε
1594 1494 1717 1538 τοῦτο
1737 1509 1787 1536 το
1805 1489 1958 1553 τυχὸν,
1979 1488 2074 1536 εἰδὲ
2089 1489 2214 1555 διαιρέ
2194 1508 2304 1554 ρον,
2320 1492 2366 1537 ἐκ
2386 1489 2545 1537 τούτων
2572 1491 2761 1555 αἱρετους

1473 1565 1636 1625 μαλλον
1656 1562 1684 1620 ἢ
1705 1563 1801 1610 κατ’
1825 1561 2015 1620 ἡλικίαν·
2040 1563 2239 1624 μεγάλων
2265 1560 2348 1627 γὰρ
2375 1560 2512 1627 κύριοι
2538 1566 2758 1610 memm-

1471 1654 1516 1682 τε
1521 1655 1566 1696 ς,
1589 1654 1638 1681 αν
1663 1635 1847 1688 εὐτελεῖς
1879 1636 1984 1691 ὠσι,
2013 1633 2181 1698 μεγάλα
2210 1632 2446 1698 βλάπτουσι
2471 1633 2544 1681 καὶ
2569 1633 2762 1699 ἔὸλαψαν

1473 1707 1557 1765 ηδη
1570 1706 1648 1765 τὴν
1675 1707 1802 1755 πόλιν
1832 1706 1910 1766 τὴν
1929 1710 2014 1755 των
2040 1705 2411 1769 Λακεδαιμονίων.
2437 1707 2486 1768 (3)
2505 1705 2574 1754 Τὰ
2594 1706 2670 1769 μὲν
2691 1711 2760 1754 οὖν

1473 1781 1659 1828 πλειστα
1694 1783 1779 1828 τῶν
1809 1778 2195 1843 ἐπιτιμηθεντων
2174 1798 2224 1826 αν
2259 1778 2330 1826 διὰ
2369 1778 2447 1832 τὰς
2477 1798 2588 1845 παρε
2593 1779 2763 1834 κὸάσεις

1474 1851 1597 1900 κοινὰ
1616 1851 1818 1917 τυγχάνει
1830 1852 1990 1908 πάσαις
2008 1853 2110 1901 ὄντα
2131 1859 2226 1906 ταῖς
2249 1849 2492 1916 εἰρημέναις
2512 1852 2761 1906 πολιτείαις·

1474 1928 1559 1972 τῶν
1586 1925 1628 1972 δὲ
1644 1925 1747 1990 πρὸς
1768 1923 1846 1983 τὴν
1865 1925 2064 1974 ὑπόθεσιν
2081 1929 2158 1982 τ’ἧς
2172 1924 2502 1990 ἀριστοκρατίας
2516 1924 2590 1971 καὶ
2602 1929 2678 1982 τῆς
2689 1945 2763 1971 πο-

1475 1995 1634 2050 λιτείας
1651 1997 1705 2044 τὰ
1724 1996 1800 2059 μὲν
1815 1999 1872 2051 εἷς
1894 1999 2029 2060 δῆμον
2045 1997 2229 2045 ἐκκλίνει
2243 1998 2422 2058 μᾶλλον,
2447 1995 2503 2044 τὰ
2527 1998 2563 2043 δ’
2592 2000 2649 2051 εἷς
2670 1998 2764 2044 ὀλι-

1476 2066 1679 2132 γαρχίαν.
1737 2070 1827 2116 Τοῦ
1853 2067 1929 2130 μὲν
1961 2068 2043 2132 γὰρ
2072 2067 2128 2115 τὰ
2157 2066 2233 2129 μὲν
2261 2066 2515 2131 προσάγειν,
2540 2068 2594 2115 τὰ
2629 2069 2672 2115 δὲ
2702 2069 2761 2131 μὴ

1478 2140 1707 2206 προσάγειν
1723 2141 1830 2206 πρὸς
1848 2141 1918 2189 τὸν
1940 2142 2074 2204 δημον
2100 2144 2137 2188 οἳ
2166 2141 2354 2205 βασιλεῖς
2388 2141 2524 2231 κύριοι
2550 2141 2658 2204 μετὰ
2682 2147 2766 2190 τῶν

1478 2211 1709 2277 γερόντων,
1743 2212 1794 2260 ἂν
1827 2215 2163 2274 ὁμογνωμονῶσι
2196 2211 2381 2265 πάντες·
2420 2215 2457 2259 εἷ
2486 2213 2529 2260 δὲ
2569 2213 2656 2275 μὴ,
2693 2234 2766 2261 και

1477 2281 1640 2330 τούτων
1657 2285 1679 2329 ὁ
1702 2284 1853 2344 δημος
1869 2283 1920 2330 Ἃ
1937 2282 2015 2330 δ’
1994 2303 2045 2330 αν
2064 2282 2311 2374 εἰσφέρωσιν
2326 2288 2462 2342 οὗτοι,
2484 2285 2530 2331 οὐ
2545 2286 2767 2332 διακοῦσαι

1482 2353 1608 2418 μόνον
1641 2354 1892 2402 ἀποδιδόασι
1915 2357 1976 2402 τῶ
2001 2354 2127 2419 δήμω
2150 2354 2204 2402 τὰ
2234 2353 2411 2409 δόξαντα
2431 2358 2517 2408 τοῖς
2542 2355 2761 2420 ἄρχουσιν,

1481 2491 1873 2531 Lacedaemoniorum
1886 2491 2114 2542 reipublicae
2126 2491 2331 2531 consimili.
2343 2493 2416 2531 Hae
2428 2493 2532 2531 enim
2545 2494 2626 2532 tres
2638 2505 2769 2543 respu-

1481 2556 1595 2596 blicae
1611 2568 1736 2606 quum
1753 2557 1857 2597 inter
1870 2567 1911 2596 se
1927 2556 2221 2606 quodammodo
2233 2556 2311 2596 sint
2329 2556 2475 2596 similes
2489 2587 2500 2606 ‚
2516 2558 2603 2596 tum
2616 2558 2666 2596 al)
2685 2559 2771 2597 aliis

1482 2621 1598 2670 longe
1613 2621 1803 2661 differunt
1827 2617 2076 2671 :Cretensis,
2105 2622 2293 2672 inquam,
2321 2624 2361 2661 et
2387 2623 2582 2661 Laconica
2600 2624 2639 2662 et
2655 2624 2770 2662 tertia

1485 2685 1831 2735 Carthaginiensis.
1851 2686 2060 2735 Multaque
2075 2696 2212 2725 eorum
2228 2714 2238 2733 ,
2253 2696 2343 2735 quae
2356 2685 2459 2735 apud
2479 2686 2772 2735 Carthaginien-

1485 2759 1546 2788 ses
1563 2750 1778 2789 constituta
1793 2751 1907 2798 sunt,
1927 2751 2117 2800 praeclare
2132 2760 2173 2789 se
2189 2750 2351 2789 habent.
2378 2753 2619 2799 Argumento
2636 2752 2769 2791 autem

1484 2813 1564 2861 est,
1583 2813 1685 2852 hanc
1708 2814 1990 2863 rempublicam
2010 2813 2110 2852 bene
2136 2823 2218 2852 esse
2237 2813 2473 2863 descriptam
2489 2843 2500 2862 ‚
2518 2814 2626 2863 quod
2645 2826 2771 2864 quum

1484 2877 1677 2926 populum
1694 2877 1837 2916 habeat
1854 2888 1989 2916 rerum
2009 2878 2233 2926 compotem
2246 2906 2257 2925 ‚
2279 2878 2437 2915 maneat
2459 2877 2498 2915 in
2515 2877 2775 2928 descriptione

1485 2941 1524 2978 et
1537 2939 1785 2979 ordinatione
1808 2940 2036 2990 reipublicae
2049 2970 2061 2988 ‚
2078 2950 2207 2990 neque
2227 2941 2298 2978 aut
2317 2939 2456 2979 seditio
2477 2951 2654 2990 unquam
2668 2942 2706 2980 in
2727 2954 2774 2981 eo

1485 3004 1622 3042 coorta
1655 3003 1732 3053 sit,
1764 3005 1989 3042 memoratu
2016 3003 2178 3053 quidem
2205 3003 2274 3042 illa
2297 3002 2414 3053 digna
2431 3033 2442 3052 ‚
2478 3006 2547 3043 aut
2581 3006 2775 3054 tyrannus

1486 3066 1698 3106 exstiterit.
1754 3066 1808 3116 (2)
1838 3067 1966 3107 Habet
1982 3069 2117 3106 autem
2140 3067 2228 3106 haec
2252 3067 2460 3105 Laconicae
2476 3067 2702 3116 reipublicae
2722 3073 2775 3108 si·

1487 3129 1623 3168 milia:
1650 3130 1824 3179 primum
1853 3129 2128 3169 sodalitiorum
2164 3129 2371 3178 convivia,
2403 3130 2599 3180 phiditiis;
2635 3132 2777 3172 deinde

1491 3195 1652 3232 centum
1664 3195 1704 3232 et
1718 3194 1908 3243 quattuor
1923 3193 2054 3232 virum
2068 3193 2294 3243 imperium,
2313 3193 2551 3243 ephororum
2569 3196 2775 3245 potestati,

1490 3258 1531 3295 et
1550 3256 1691 3296 melius
1714 3257 1876 3306 quidem
1902 3257 2145 3297 institutum.
2199 3257 2264 3296 llli
2288 3257 2393 3296 enim
2417 3267 2439 3296 e
2457 3258 2576 3307 vulgo
2596 3262 2710 3309 sunt,
2739 3261 2775 3299 1ιί

1491 3321 1625 3360 autem
1644 3321 1694 3360 ad
1715 3322 1791 3360 hoc
1817 3322 2027 3371 imperium
2059 3321 2274 3371 eliguntur,
2307 3323 2353 3360 ut
2379 3321 2548 3371 quisque
2565 3323 2713 3363 virtute
2738 3327 2776 3363 et

1489 3385 1677 3434 dignitate
1693 3386 1869 3434 praestat.
1887 3386 2093 3424 Postremo
2116 3395 2225 3434 reges
2253 3385 2292 3424 et
2313 3386 2494 3424 senatum
2511 3386 2629 3425 habet
2654 3390 2777 3426 Laee-

1490 3449 1779 3488 daemoniorum
1796 3449 1951 3499 regibus
1963 3450 2002 3488 et
2017 3449 2170 3488 senatui
2188 3449 2481 3499 respondentes.
2501 3451 2549 3488 Et
2563 3462 2655 3490 vero
2671 3463 2780 3500 reges

1489 3511 1650 3564 quidem
1677 3512 1824 3551 rectius
1849 3513 2008 3559 creant,
2027 3522 2157 3561 neque
2183 3523 2235 3551 ex
2262 3512 2401 3551 eodem
2421 3515 2611 3562 perpetuo
2637 3525 2800 3563 genere-

1490 3587 1619 3626 neque
1638 3587 1690 3615 ex
1711 3575 1851 3624 quovis
1868 3575 2025 3614 fortuna
2047 3574 2207 3622 oblat03
2228 3575 2286 3614 sin
2303 3577 2494 3625 praestans
2516 3576 2674 3625 aliquod
2698 3582 2754 3617 cst
2767 3609 2777 3622 .

1491 3651 1539 3679 ex
1581 3651 1629 3679 eo
1666 3650 1775 3688 reges
1801 3639 1940 3678 electio
1955 3669 1966 3689 ‚
2002 3650 2083 3678 non
2123 3641 2220 3679 aetas
2260 3639 2365 3681 facit.
2408 3643 2508 3679 Nam
2545 3652 2775 3689 magnarum

1491 3712 1625 3742 rerum
1643 3702 1793 3741 domini
1812 3703 1852 3742 et
1871 3703 2074 3752 compotes
2089 3702 2240 3751 effecti,
2261 3703 2292 3742 si
2313 3703 2390 3741 sint
2407 3704 2585 3752 vulgares
2601 3704 2775 3745 homines

1491 3769 1612 3817 atque
1646 3766 1813 3816 abJecti‚
1842 3777 1984 3816 magna
2011 3767 2157 3806 damna
2179 3767 2379 3815 inserunt,
2406 3768 2446 3806 et
2468 3778 2606 3815 magna
2620 3769 2701 3816 jam
2720 3769 2773 3807 in-

1491 3830 1670 3869 tulerunt
1708 3829 2102 3870 Lacedaemoniorum
2139 3830 2301 3869 civitati.
2348 3830 2404 3878 (3)
2446 3830 2619 3868 Plurima
2658 3831 2774 3879 igitur

1493 3905 1647 3943 eorum,
1672 3905 1764 3944 quae
1787 3894 2020 3944 reprehendi
2047 3896 2211 3945 possunt
2239 3897 2399 3944 propter
2424 3894 2720 3933 declinationem
2751 3908 2769 3934 a

1493 3962 1602 3998 recta
1640 3960 1792 3999 ratione
1818 3959 2068 4009 reipublicae,
2104 3960 2330 3998 communia
2361 3958 2453 3996 huic
2484 3959 2641 3996 suerunt
2681 3969 2771 3995 enm

1494 4022 1580 4061 aliis
1596 4022 1882 4072 rebuspublicis
1893 4053 1903 4072 ,
1919 4033 2018 4075 quas
2033 4021 2442 4061 commemoravimus.
2460 4022 2607 4058 Eorum
2625 4023 2772 4068 autem,

1494 4097 1583 4136 quae
1605 4087 1853 4136 optimatium
1869 4080 2131 4136 principatum
2153 4087 2192 4125 et
2205 4085 2384 4140 *politiam
2405 4084 2519 4121 linem
2536 4083 2608 4121 sibi
2628 4096 2773 4133 propo·

1493 4150 1611 4188 situm
1644 4151 1812 4199 liabent,
1838 4151 1981 4199 partim
2014 4149 2173 4198 quidem
2198 4148 2246 4186 ad
2273 4147 2406 4196 populi
2430 4147 2667 4195 potentiam,
2695 4149 2772 4185 alia

1495 4225 1587 4253 vcro
1603 4214 1652 4254 ad
1670 4225 1887 4269 paucorum
1903 4214 2148 4254 dominatum
2165 4212 2287 4261 magis
2302 4210 2508 4249 declinant.
2536 4212 2657 4259 Reges
2668 4212 2771 4251 enim
