3016 4628
195 305 293 345 412

1279 296 1722 347 MEGASTHENIS

185 403 411 468 ἀφροδίτης
435 405 509 459 τῆς
534 402 739 467 σφετέρας
765 403 1037 459 συνδυασθεὶς
1065 404 1169 471 πρὸς
1194 404 1271 463 τὴν
1299 405 1471 462 θήλειαν
1549 405 1646 463 ejus
1669 406 1851 466 origine
1882 405 2061 462 fabula3
2089 422 2132 453 c,
2161 406 2189 450 6
2216 406 2276 451 de
2308 389 2526 469 phattage
2549 411 2762 469 animali3
2799 427 2866 462 οι·
2917 403 2919 408 ’

184 475 477 540 πεπράϋνται,
492 474 565 521 καὶ
586 474 730 536 μέντοι
747 475 822 523 καὶ
839 476 1035 540 συννόμω
1056 477 1191 525 ἐστόν·
1211 470 1303 524 εἶτα
1316 478 1474 533 ταύτης

183 545 553 612 παραδραμούσης
574 546 647 594 καὶ
675 549 752 604 τῆς
777 547 946 605 θηλείας
966 548 1149 606 κυούσης
1164 585 1176 606 ,
1205 550 1472 611 ἓκθηριοῦται

183 614 322 677 αὖθις,
336 618 408 666 καὶ
426 618 574 682 μονίας
593 619 706 666 ἐστὶν
724 619 793 666 ὅδε
813 622 834 666 ὁ
851 619 979 674 Ἰνδὸς
996 621 1276 686 καρτάζωνος.
1297 619 1471 668 Τούτων

181 684 253 739 οῦν
293 692 462 747 πώλους
496 691 610 739 πάνυ
647 690 821 757 νεαροὺς
858 692 1107 754 κομίζεσθαί
1147 712 1250 758 φασι
1288 695 1349 755 τῷ
1388 695 1472 738 τῶν

182 763 405 827 Πραισίων
428 764 622 827 βασιλεῖ,
647 762 720 810 καὶ
743 762 821 820 τὴν
842 764 977 821 ἀλκὴν
1008 765 1050 811 ἓν
1073 763 1272 821 ἀλλήλοις
1296 762 1468 809 ἀποδεί-

181 841 359 883 κνυσθαι
379 834 492 882 κατὰ
512 834 589 889 τὰς
607 837 922 901 πανηγυρικάς·
946 836 1103 885 τέλειον
1125 837 1167 884 δὲ
1190 836 1351 884 ἁλῶναί
1369 855 1470 882 ποτε

181 908 313 962 οὐδεὶς
338 907 570 971 μέμνηται.

245 982 318 1026 ld.
343 999 385 1029 e.
410 998 466 1027 21
498 996 510 1028 :
540 979 840 1043 “Υπερελθόντι
861 980 914 1026 τὰ
938 980 1014 1044 ὄρη
1034 980 1089 1028 τὰ
1108 982 1354 1041 γειτνιῶντα
1385 986 1471 1033 τοῖς

180 1052 329 1106 Ἰνδοῖς
348 1050 459 1098 κατὰ
483 1049 559 1108 τὴν
583 1051 808 1110 ἐνδοτάτην
832 1050 1017 1114 πλευρὰν
1041 1055 1293 1112 φανοῦνται,
1323 1049 1468 1115 φασὶν,

181 1125 367 1176 αὐλῶνες
390 1123 618 1170 δασύτατοι
633 1162 644 1181 ,
669 1122 741 1170 καὶ
766 1122 959 1169 καλεῖται’
974 1140 1021 1184 γε
1042 1121 1113 1168 ὑπ’
1132 1121 1275 1168 Ἰνδῶν
1295 1124 1316 1166 ὁ
1332 1123 1469 1185 χῶρος

182 1195 381 1258 Κόρουδα
408 1194 647 1257 (Κόλουνδα
660 1213 703 1239 ν.
728 1194 798 1257 1.)·
828 1196 1011 1240 ἀλῶνται
1031 1192 1074 1239 δὲ
1109 1192 1218 1256 ἄρα,
1243 1191 1391 1257 φασὶν,
1425 1193 1467 1238 ἓν

180 1267 320 1313 τοῖσδε
340 1269 426 1320 τοῖς
451 1268 613 1313 αὐλῶσι
644 1269 734 1330 ζῷα
767 1265 973 1330 Σατύροις
997 1267 1161 1329 ἐμφερῆ
1181 1263 1256 1317 τὰς
1282 1264 1466 1329 μορφὰς,

180 1337 229 1383 τὸ
247 1344 334 1384 πᾶν
354 1341 480 1398 σῶμα
505 1336 633 1383 λάσια
647 1374 658 1394 ,
680 1335 752 1382 καὶ
777 1335 866 1399 ἔχει
886 1335 997 1382 κατὰ
1019 1339 1093 1392 τ’ἧς
1113 1334 1222 1390 ἷξύος
1242 1334 1462 1399 ἵππουριν.

183 1407 272 1456 Καὶ
292 1408 386 1455 καθ’
404 1407 533 1455 ἑαυτὰ
557 1407 632 1470 μὲν
654 1405 712 1469 μὴ
742 1405 1027 1470 ἐνοχλούμενα
1060 1406 1291 1471 διατρίὸειν
1317 1409 1360 1454 ἓν
1383 1408 1469 1461 τοῖς

181 1481 354 1544 δρυμοῖς
387 1478 838 1544 ὃλοτραγοῦντα,ὅταν
877 1477 921 1525 δὲ
960 1478 1192 1526 αἴσθωνται
1225 1482 1466 1543 κυνηγετῶν

180 1551 362 1610 κτύπου,
400 1554 474 1600 καὶ
512 1551 725 1598 ἀκούσωσι
757 1553 891 1597 κυνῶν
926 1553 1108 1610 ὑλακῆς,
1131 1551 1378 1599 ἀναθέουσιν
1409 1554 1466 1606 εἷς

181 1622 257 1677 τὰς
280 1623 515 1688 ἀκρωρείας
536 1622 665 1676 αὐτὰς
689 1623 904 1688 ἀμηχάνῳ
924 1626 983 1688 τῷ
1004 1623 1149 1687 τάχει·
1182 1623 1256 1671 καὶ
1280 1624 1364 1689 γάρ
1385 1626 1467 1671 εἶσι

180 1698 271 1748 ταῖς
304 1695 563 1760 ὄρειὸασίαις
596 1694 812 1760 ἐντριὸεῗς.
854 1694 942 1742 Καὶ
977 1695 1277 1759 ἀπομάχονται
1309 1696 1466 1762 πέτρας

181 1767 299 1821 τινὰς
328 1769 614 1821 κυλινδοῦντες
644 1768 755 1815 κατὰ
785 1771 867 1815 τῶν
891 1767 1112 1830 ἐπιόντων,
1135 1769 1208 1816 καὶ
1232 1772 1466 1832 καταλαμ-

182 1839 406 1901 6ανόμενοί
443 1860 490 1903 γε
530 1840 681 1887 πολλοὶ
721 1839 1047 1904 διαφθείρονται.
1092 1841 1181 1889 Καὶ
1218 1843 1267 1890 ἐκ
1304 1842 1464 1890 τούτων

181 1913 284 1959 εἰσὶν
306 1914 455 1960 ἐκεῖνοι
477 1912 736 1960 δυσάλωτοι·
756 1913 828 1960 καὶ
848 1913 966 1975 μόλις
991 1913 1094 1960 ποτὲ
1114 1913 1188 1961 καὶ
1206 1913 1275 1961 διὰ
1296 1919 1465 1980 μακροῦ

180 1984 294 2038 τινὰς
318 1987 454 2032 αὐτῶν
479 1987 551 2038 εἷς
577 1988 750 2049 Πραισ
766 1984 873 2039 ίους
893 1985 1140 2048 κομίζεσθαι
1173 1987 1365 2050 λέγουσι·
1390 1988 1464 2036 καὶ

179 2055 337 2103 τούτων
373 2056 515 2119 μέντοι
545 2056 572 2114 ἢ
600 2056 653 2104 τὰ
687 2062 891 2104 νοσοῦντα
916 2057 1143 2120 ἐκομίσθη,
1166 2056 1194 2116 ἢ
1216 2059 1348 2118 θήλεά
1370 2080 1464 2107 τινα

179 2128 253 2174 καὶ
272 2133 451 2176 κυοῦντα
464 2149 473 2158 ·
495 2129 564 2176 καὶ
594 2128 748 2189 συνέὸη
774 2149 821 2193 γε
846 2134 1080 2196 θηραθῆναι
1099 2138 1184 2186 τοῖς
1201 2131 1279 2194 μὲν
1299 2132 1369 2179 διὰ
1385 2132 1462 2191 τὴν

179 2200 368 2259 νωθείαν,
387 2205 478 2255 ταῖς
499 2201 541 2248 δὲ
559 2201 628 2248 διὰ
653 2202 723 2249 τὸν
744 2205 818 2260 τῆς
838 2203 1022 2268 γαστρὸς
1037 2203 1178 2267 ὄγκον.
1198 2207 1267 2255 Cf.
1291 2208 1464 2254 Plinius

179 2277 237 2319 II.
264 2277 316 2319 N.
343 2278 453 2332 VH,
483 2292 527 2332 2,
562 2293 613 2334 17
645 2293 655 2320 :
678 2278 795 2322 Sunt
824 2288 872 2322 et
899 2279 1057 2337 Satyri
1079 2279 1349 2324 Subsolanis
1377 2283 1462 2324 In-

177 2350 333 2391 dorum
354 2350 576 2392 montibus
593 2349 608 2412 (
627 2350 1030 2395 Catharcludorum
1054 2350 1452 2414 [Caturdudorum,

179 2421 527 2465 Cartadulorum
550 2438 598 2468 v,
619 2421 671 2484 1.]
695 2425 866 2467 dicitur
900 2422 1069 2488 regio),
1099 2429 1460 2486 pernicissimum

177 2495 354 2536 animal
378 2510 392 2536 :
414 2510 512 2538 cum
540 2496 878 2555 quadrupedes,
921 2507 1012 2541 tum
1053 2508 1172 2542 recte
1208 2509 1458 2558 currentes,
1509 2516 1513 2521 ·

177 2565 380 2609 humana
416 2567 597 2625 effigie,
632 2577 826 2627 propter
857 2571 1174 2626 velocitatem,
1213 2575 1301 2615 nisi
1333 2586 1463 2616 senes

176 2647 260 2682 aut
276 2643 410 2699 oegri,
431 2655 519 2684 non
539 2644 796 2699 capiantur.
821 2641 890 2687 Cf.
928 2643 1085 2687 Ctesiae
1105 2643 1164 2690 fr.
1196 2641 1273 2702 57,
1297 2660 1345 2704 p.
1374 2644 1455 2702 87.

778 2766 849 2814 14.

245 2878 415 2922 Plinius
452 2881 584 2935 VIII,
617 2887 697 2937 14,
745 2898 762 2926 1
808 2897 819 2928 ε
859 2884 1189 2942 Megasthenes
1221 2887 1383 2932 scribit
1416 2890 1462 2930 in

180 2950 322 2992 India
332 2962 556 3010 serpentes
566 2957 611 2995 in
626 2963 799 2998 tantam
814 2959 1170 3016 magnitudinem
1188 2960 1459 3014 adolescere,

180 3030 229 3064 ut
245 3023 412 3066 solidos
430 3023 650 3068 hauriant
668 3042 815 3070 cervos
838 3037 1090 3089 taurosque.
1117 3031 1182 3076 Cf.
1205 3031 1390 3090 Solinus
1413 3048 1455 3078 e.

183 3091 269 3154 52,
313 3094 369 3138 33
400 3097 691 3141 :Enormitas
737 3104 784 3142 in
820 3104 1096 3160 serpentibus
1132 3114 1262 3148 tanta
1305 3115 1374 3148 est
1412 3115 1482 3149 ut·

179 3181 326 3210 cervos
354 3177 399 3210 et
418 3172 715 3214 animantium
742 3174 839 3215 alia
876 3175 942 3216 ad
963 3191 1124 3233 parem
1164 3180 1329 3221 molem
1365 3188 1458 3221 tota

181 3238 412 3285 hauriant.
440 3241 608 3285 AElian.
637 3244 766 3299 XVI,
792 3260 849 3288 22
890 3261 900 3289 τ
926 3244 1119 3292 Γίνονται
1140 3248 1183 3293 δὲ
1215 3247 1329 3313 ὄφεις
1355 3248 1459 3312 παρ’

115 3319 117 3321 “
180 3309 322 3362 αὐτοῖς
365 3309 532 3371 μεγέθει
571 3311 786 3374 μέγιστοι,
823 3307 879 3361 ῶν
923 3319 960 3363 οἱ
997 3317 1073 3379 μὲν
1111 3319 1349 3383 ἁρπάζουσι
1383 3319 1466 3374 τὰς,

179 3380 361 3440 ποίμνας
395 3382 468 3427 καὶ
507 3388 748 3444 σιτοῦνται,
785 3389 822 3432 οἱ
865 3386 906 3433 δὲ
939 3390 1215 3447 ἐκθηλάζουσι
1245 3392 1294 3439 τὸ
1325 3386 1452 3453 αἷμα.

178 3453 427 3513 (Jonjungit
462 3455 556 3498 haec
593 3458 797 3502 AElianus
831 3476 934 3503 cum
960 3462 1268 3524 descriptione
1306 3469 1456 3512 Scira-

179 3532 326 3568 tarum
350 3527 513 3584 populi
536 3528 653 3573 simi.
677 3531 783 3573 Haec
813 3547 925 3575 vero
947 3549 1153 3593 expresse
1174 3539 1457 3599 Megastheni

179 3597 341 3639 tribuit
361 3598 554 3653 Plinius,
573 3608 624 3642 ut
644 3600 834 3644 dubium
851 3605 926 3647 vix
943 3607 1000 3648 sit
1016 3608 1248 3653 AElianum
1267 3626 1456 3670 quoque

178 3684 232 3711 ex
245 3670 534 3728 Megasthene
559 3671 767 3716 hausisse.
794 3675 861 3719 Ex
886 3677 1050 3721 eodem
1076 3680 1202 3725 fonte
1231 3684 1453 3728 Schwan-

177 3740 365 3785 beckius
403 3740 582 3787 fluxisse
609 3754 779 3799 censet,
803 3762 902 3803 quae
926 3749 1139 3808 leguntur
1160 3755 1284 3812 apud
1308 3757 1456 3801 AElia-

177 3828 286 3856 num
309 3815 468 3870 XVII,
497 3830 542 3870 2,
570 3815 628 3859 de
657 3817 814 3860 avibus
844 3819 1038 3878 Indicis,
1064 3826 1285 3882 psittacis,
1303 3845 1454 3887 pavo-

176 3885 336 3940 nibus,
364 3887 611 3943 columbis,
635 3889 787 3948 gallis;
812 3891 944 3946 XVI,
972 3895 998 3937 3
1025 3894 1082 3937 de
1107 3899 1318 3944 cercione
1345 3917 1452 3958 ave3

176 3971 215 4000 e.
262 3960 284 4007 l,
324 3955 384 4008 de
425 3958 522 4002 cela
555 3974 662 4015 ave3
694 3975 734 4005 c.
765 3958 790 4002 5
831 3961 888 4004 de
913 3978 1066 4023 upupa
1093 3968 1277 4025 Indica,
1304 3971 1455 4033 deque

1549 477 1576 521 8
1602 478 1661 522 de
1680 477 1864 536 hydris;
1891 494 1928 523 c.
1955 493 1985 537 9
2007 478 2065 522 de
2085 479 2221 523 mulis
2239 479 2519 525 silvestribus
2545 479 2654 544 (uhi
2674 482 2862 530 iterum
2892 514 2918 534 2

1547 555 1834 592 memoratur
1857 549 1879 593 ὁ
1904 551 2001 594 τῶν
2035 547 2316 612 Πραισίων
2350 550 2673 616 βασιλεύς);
2699 571 2742 602 c.
2789 572 2840 602 11
2891 605 2896 614 ,

1547 618 1605 662 de
1617 619 1908 679 poeophag03
1938 635 1980 665 c.
2007 636 2061 663 12
2082 621 2141 664 de
2153 621 2320 680 insigni
2330 631 2544 668 cetorum
2556 626 2858 688 aliarumque·
2884 671 2894 682 ,

1545 690 1805 734 belluarum
1842 690 1987 734 Indiae
2025 692 2371 751 magnitudine3
2409 711 2449 742 c.
2482 696 2537 740 13
2574 697 2634 742 de
2670 699 2902 757 rajisetg
2935 682 2941 731 ί
2979 723 2982 738 τ

1545 762 1720 818 squillis
1743 761 1941 822 Indicis;
1963 778 2005 809 e.
2041 769 2094 816 14
2122 763 2181 810 de
2201 765 2431 810 testudine
2451 767 2614 812 Indica
2633 766 2847 816 fluviatili
2891 777 2897 786 ’
2980 764 2982 766 ’

1546 841 1591 876 et
1607 834 1809 876 terrestri
1823 847 1837 892 3
1857 848 1897 879 c.
1923 849 1940 876 1
1951 831 1977 876 5
1993 833 2052 877 de
2068 834 2257 878 solertia
2271 838 2539 884 aniinalium
2551 841 2843 905 Indicorum,
2874 835 2880 840 ’
2900 871 2902 874 -

1543 905 1778 963 praecipue
1803 905 1862 948 de
1895 905 2103 950 formicis
2137 905 2214 967 (de
2255 910 2425 967 quibus
2458 913 2667 959 AElianus
2707 917 2912 966 etiam-1<¹
2980 939 2982 941 ·

1545 976 1716 1020 Jubam
1753 977 1981 1036 scripsisse
2005 976 2111 1038 ait);
2150 994 2192 1022 c.
2226 979 2282 1024 16
2315 981 2376 1026 de
2401 993 2536 1028 antro
2561 986 2772 1032 Plutonis
2794 989 2862 1033 in&-
2910 995 2911 998 ’

1544 1047 1680 1091 India
1713 1049 1948 1107 sacrisque
1981 1049 2047 1093 ibi
2069 1052 2293 1110 peractis;
2321 1069 2359 1099 c.
2387 1070 2442 1113 17
2485 1057 2545 1102 de
2568 1059 2717 1105 insula
2753 1061 2846 1106 Ta-
2909 1058 2914 1109 ᾗ

1541 1119 1755 1177 probane
1779 1129 1825 1163 et
1848 1120 1907 1165 de
1931 1122 2239 1168 testudinibus
2261 1127 2401 1171 maris
2422 1130 2605 1190 magni;
2629 1147 2671 1178 c.
2703 1131 2760 1176 18
2784 1132 2860 1178 de—
2915 1179 2917 1181 .

1543 1191 1798 1250 elephantis
1819 1194 2108 1252 Taprobanae
2131 1195 2290 1240 insulae
2302 1234 2315 1255 ,
2329 1196 2487 1259 'deque
2508 1203 2698 1248 marinis
2716 1205 2840 1250 circa
2910 1222 2918 1250 ς

1544 1279 1646 1307 eam
1666 1264 1856 1321 belluis;
1887 1282 1929 1310 c.
1963 1281 2020 1326 19
2044 1266 2104 1311 de
2127 1268 2286 1327 lepore
2310 1273 2451 1318 maris
2469 1274 2638 1323 Indici.
2653 1278 2853 1336 —Quae
2916 1297 2923 1309 f
2982 1288 2986 1313 ἓ

1544 1336 1700 1379 omnia
1735 1351 1820 1380 nos
1849 1353 1948 1381 non
1980 1339 2304 1400 exscribimus,
2333 1346 2416 1389 etsi
2439 1353 2567 1392 recte
2595 1347 2891 1408 conjecisse-³·
2912 1353 2914 1357 ’
2939 1383 2941 1388 .
2983 1363 2987 1379 ³

1543 1406 1962 1453 Schwanbeckium
1986 1410 2312 1458 existimamus.

2152 1517 2226 1564 15.
2854 1515 2858 1518 .

1608 1613 1775 1662 AElian.
1802 1618 1858 1662 N.
1897 1620 1954 1662 Α.
1989 1620 2124 1677 VIII,
2155 1638 2180 1679 7
2212 1638 2223 1666 ε
2252 1617 2565 1683 Μεγασθένους
2584 1623 2854 1677 exodun-2-
2918 1618 2923 1636 ³

1541 1702 1687 1747 γοντος
1705 1685 1806 1751 περὶ
1823 1686 1902 1745 τὴν
1919 1691 2005 1736 τῶν
2022 1689 2167 1739 Ἰνδῶν
2191 1693 2408 1741 θάλατταν
2425 1692 2645 1757 γίγνεσθαί
2663 1717 2706 1746 τι
2727 1699 2851 1764 ἰχθύ-ν

1540 1757 1643 1816 διον,
1669 1758 1743 1805 καὶ
1768 1765 1892 1807 τοῦτο
1923 1760 2000 1823 μὲν
2025 1761 2126 1810 ὅταν
2152 1766 2222 1830 ζῇ,
2247 1766 2423 1814 ἀθέατον
2457 1759 2565 1814 εἶναι
2580 1806 2594 1831 ,
2614 1768 2733 1818 κάτω
2754 1760 2858 1819 πού-ν

1540 1829 1776 1892 νηχόμενον
1797 1831 1871 1879 καὶ
1892 1834 1935 1879 ἐν
1963 1837 2102 1900 βυθῷ,
2130 1838 2344 1886 ἀποθανὸν
2369 1838 2414 1886 δὲ
2441 1840 2674 1906 ἀναπλεῖνζ
2691 1835 2740 1891 οὗ
2763 1844 2855 1893 τὸν·
2914 1855 2930 1881 ·ὲ

1540 1900 1761 1965 ἁψάμενον
1787 1904 2060 1967 λειποθυμεῐν
2087 1908 2161 1955 καὶ
2185 1909 2431 1978 ἐκθνήσκειν
2452 1910 2508 1959 τὰ
2540 1916 2720 1978 πρῶτα,
2742 1908 2840 1964 εἶτα.

1541 1972 1684 2035 μέντοι
1708 1975 1782 2021 καὶ
1807 1978 2110 2036 ἀποθνήσκειν.
2230 2026 2232 2029 .

1611 2068 1631 2088 «
1659 2049 1812 2094 Philes
1835 2067 1874 2097 c.
1903 2051 1959 2096 81
1976 2087 1989 2108 ,
2022 2053 2206 2100 16—21
2226 2089 2238 2112 ,
2267 2057 2327 2102 de
2344 2059 2571 2117 pisciculo
2591 2061 2673 2106 illo
2697 2076 2708 2105 ι
2730 2062 2838 2124 βραι
2935 2103 2937 2121 3

1536 2116 1614 2181 χύς
1639 2137 1701 2173 τις
1734 2119 1854 2184 ἰχθὺς
1890 2121 2040 2183 μέλας.
2082 2127 2222 2172 Unde
2249 2130 2460 2182 colorem
2495 2142 2692 2178 noverat
2731 2135 2852 2183 illei&
2916 2137 2934 2193 Ϊ

1536 2193 1659 2236 Num
1676 2195 1725 2238 in
1747 2210 1830 2239 suo
1852 2196 1975 2242 libro
1996 2199 2264 2248 invenerat:
2289 2199 2366 2247 καὶ
2385 2205 2509 2250 τοῦτο
2533 2202 2704 2265 μέλανῗ
2721 2227 2740 2246 υ
2756 2209 2843 2253 122
2910 2215 2944 2276 ᾗ

1538 2278 1671 2312 cons,
1731 2281 1733 2283 ¹
2738 2290 2743 2294 ’
2846 2304 2850 2315 =
2880 2290 2895 2309 ⁸
2920 2278 2943 2315 ²

2154 2361 2225 2409 16.

1601 2461 1778 2507 'Plinius
1820 2466 1879 2511 H.
1916 2467 1972 2512 N.
2015 2467 2103 2523 VI,
2137 2473 2197 2521 24
2232 2482 2244 2515 ε
2281 2469 2610 2530 Megasthenes
2629 2466 2854 2534 ffuminess
2917 2461 2945 2498 ’Τ

1535 2535 1679 2579 dividi
1728 2535 1742 2597 (
1762 2538 2066 2597 Taprobanen
2114 2542 2311 2586 insulam
2363 2539 2530 2606 tradit)
2578 2547 2846 2608 incolasque·

1531 2610 1835 2670 palaeogonos
1865 2613 2101 2671 appellari
2109 2647 2120 2668 ‚
2165 2618 2357 2674 aurique
2370 2605 2375 2607 l
2389 2622 2841 2685 margaritarumque
2888 2638 2894 2646 ·
2932 2603 2943 2618 ἱ

1532 2678 1785 2733 fertiliores
1806 2699 1944 2743 quam
1966 2686 2123 2731 Indos,
2146 2685 2216 2730 Cf.
2244 2687 2570 2734 Onesicriti'fr.
2594 2704 2674 2738 21.

1601 2775 1621 2793 «
1631 2753 2017 2816 Palaeogonorum
2027 2773 2200 2803 nomen
2208 2761 2256 2803 in
2264 2760 2390 2805 hunc
2398 2761 2592 2807 modum
2601 2763 2835 2824 explicare

1533 2827 1708 2871 studuit
1725 2830 1964 2875 Lassenius
1981 2830 2182 2890 (Dissert.
2193 2834 2263 2877 De
2278 2833 2364 2888 ins,
2383 2832 2728 2896 Taprobane-p.
2747 2835 2839 2899 9)·:·

1538 2902 1759 2945 Dicamus
1785 2913 1937 2947 notum
1943 2902 2099 2961 fuisse
2121 2907 2418 2964 Megastheni
2441 2905 2666 2964 fitbulam
2686 2911 2839 2956 Indo-2

1534 2989 1634 3016 rum
1648 3008 1658 3027 ,
1694 2991 1787 3033 qua
1800 2980 1946 3034 primi
1961 2980 2127 3021 insuloe
2143 2980 2309 3023 incoloe
2325 2981 2532 3024 Rei-rasa?
2549 2996 2587 3027 s.
2613 2982 2842 3043 Gigantes

1527 3051 1872 3105 progenitorum
1893 3050 2052 3093 mnndi
2058 3050 2162 3109 filii
2169 3048 2327 3108 fuisse
2347 3053 2600 3099 traduntur.
2624 3056 2722 3099 Hos
2744 3059 2839 3099 mi-

1531 3123 1657 3162 nime
1670 3123 1821 3180 inepte
1835 3121 2218 3183 Paloeogonorum
2231 3127 2548 3184 appellatione
2564 3128 2841 3185 significare·

1525 3202 1726 3252 poterat.
1771 3194 1944 3240 Contra
1988 3195 2107 3240 hanc
2152 3199 2426 3242 sententiam
2468 3198 2625 3243 dicere
2669 3200 2828 3258 liceat,

1532 3258 1872 3317 Megasthenem
1894 3260 1982 3305 hac
2004 3276 2121 3306 voce
2141 3270 2235 3306 tam
2251 3263 2439 3309 insolita
2460 3271 2505 3308 et
2520 3263 2586 3308 ab¹
2602 3279 2836 3332 usqquow

1531 3329 1699 3391 tidiani
1710 3332 1940 3384 sermonis
1967 3340 2060 3385 tam
2083 3343 2282 3390 remota*
2297 3336 2835 3394 gemisipsumfuonien

1529 3400 1738 3446 indicare
1760 3401 1980 3458 voluisse,
2003 3419 2102 3448 non
2133 3405 2396 3452 describere
2423 3407 2844 3468 gentem,‘deinde«
2876 3468 2883 3473 ,

1530 3473 1871 3532 Megasthenem
1900 3475 2050 3520 solere
2066 3477 2258 3522 nomina
2289 3493 2388 3522 non
2418 3488 2617 3536 vertere,
2650 3480 2732 3525 sed
2767 3481 2829 3526 ad

1530 3560 1697 3588 sonum
1717 3553 1763 3590 et
1787 3562 1894 3591 cum
1912 3540 2239 3606 paronomasia
2260 3550 2463 3608 quadam
2482 3550 2712 3608 reddere3
2744 3568 2829 3613 po-

1529 3625 1702 3662 stremo
1717 3651 1731 3674 ,
1753 3619 2052 3678 Taprobanes
2074 3629 2121 3664 et
2139 3621 2270 3665 urbis
2285 3622 2510 3682 principis
2528 3626 2704 3668 nomeu
2728 3624 2836 3671 naz-⁴

1528 3687 1830 3748 λαισιμοόνδου
1852 3691 1986 3735 brevi
2026 3700 2133 3751 post
2165 3693 2367 3737 inveniri
2399 3695 2505 3738 voci
2536 3691 2826 3757 Παλαιόγονοι

1527 3762 1824 3807 simillimum.
1841 3765 2004 3822 Itaque
2016 3797 2028 3818 ‚
2048 3778 2193 3822 quum
2212 3766 2452 3810 Lassenius
2468 3767 2630 3826 capitis
2651 3783 2826 3812 nornen

1530 3831 1908 3893 Παλαισιμοόνδου
1942 3837 2159 3880 sanserite
2176 3838 2336 3882 vocari
2351 3839 2688 3898 pdli-simdnta
2705 3840 2752 3903 (ἰ.
2774 3854 2826 3887 e..

1529 3904 1752 3951 doctrinae
1776 3922 1913 3952 sacrae
1939 3906 2087 3968 caput)
2111 3910 2294 3969 egregie
2317 3912 2604 3970 exposuerit,
2635 3913 2811 3958 Palaeo-

1528 3992 1764 4037 gonorum
1805 3995 1981 4024 nomen
2025 3994 2084 4024 ex
2118 3996 2236 4025 voce
2272 3983 2490 4028 sanserita
2518 3982 2816 4043 pali-g'ands

182 4045 2805 4087 Ἣῂ-ὴ--ῇ

782 4102 851 4142 ¹5·
1530 4114 1612 4152 torn
1647 4094 1727 4154 iion
1760 4125 1974 4166 apparere,
2006 4117 2211 4156 mortuum
2242 4127 2339 4157 vero
2367 4117 2418 4157 ad
2447 4129 2645 4165 summam
2674 4129 2827 4170 aquam
2883 4158 2887 4159 γ

232 4164 517 4212 megasthenem
542 4167 659 4206 numo
679 4169 874 4208 dicentem
906 4170 945 4209 in
972 4173 1070 4211 mari
1100 4173 1233 4214 Indico
1261 4180 1457 4226 quendam
1533 4177 2826 4234 fluitat-effluicumcontigerit,primumanimidesectulaborare„
2859 4187 2907 4248 *μ’

180 4227 407 4276 pisciculum
428 4232 530 4270 nasci
542 4261 555 4282 ,
573 4244 763 4284 eumque,
783 4236 911 4286 quoad
930 4237 1047 4287 vivIt,
1067 4238 1104 4278 in
1123 4240 1316 4290 profundo
1330 4247 1460 4285 natan·
1535 4240 1674 4283 deinde
1692 4243 1824 4284 aulem
1845 4252 1932 4282 1¹¹0r
1934 4242 1961 4283 i·
2893 4250 2903 4258 ζ
