3016 4628
140 204 156 241 ¹.

159 326 217 365 30
1071 310 1403 359 HERODORI
1444 311 1916 361 HERACLEENSIS
1994 366 2002 370 μ

155 424 418 483 inspexerit.
442 425 543 467 Jam
565 423 600 466 si
625 422 835 466 conferas
862 421 1003 465 verba
1031 420 1314 480 Apollodori
1335 422 1367 465 l.
1394 422 1426 465 l.
1443 455 1455 476 ‚

157 498 236 540 ubi
265 511 276 540 τ
299 499 648 558 τετραπηχυαῖον
676 492 752 556 μὲν
779 491 861 557 γὰρ
887 484 975 555 εἶχε
1001 490 1049 537 τὸ
1076 494 1226 552 σῶμα,
1251 492 1383 555 πυρὸς
1412 489 1456 537 δὲ

156 566 198 621 ἐξ
228 566 438 628 ὀμμάτων
459 565 652 628 ἔλαμπεν
673 564 850 628 αἴγλην,
876 574 1028 609 totum
1049 566 1206 608 locum
1227 580 1282 608 ex
1307 565 1454 608 schol.

161 640 365 698 Pindari,
383 642 542 685 Tzetze
568 648 630 684 et·
649 639 945 701 Apollodoro
967 637 1260 681 turbulenter
1282 635 1461 681 confla-

151 724 257 760 tum
282 729 392 770 esse,
414 713 519 772 jure
540 722 621 757 tuo
647 712 835 757 dixeris.
860 712 939 755 Sin
961 719 1123 754 contra
1140 710 1240 753 veri
1259 711 1460 768 speciem

157 787 329 831 Natalis
351 802 410 830 ex.
432 786 641 830 fontibus
662 786 813 829 hausit
828 818 840 839 ‚
868 784 948 842 qui
977 798 1061 826 nos
1079 781 1176 839 jam
1195 782 1363 836 latent,
1381 773 1456 841 ap.

167 860 315 904 schol.
341 859 478 903 Pind.
505 874 594 919 pro
619 856 720 921 Ἤρ.
747 860 848 916 γοῦν
875 856 916 900 ἐν
945 853 1146 901 Οἰδίποδι
1162 854 1467 898 scribendum,

158 941 294 991 putes
317 929 414 992 Ἤρ.
441 947 484 975 κ.
513 926 614 977 Ἴων
646 931 688 975 ἐν
714 926 924 991 Ὀμφάλῃ
962 937 1007 973 et
1029 927 1239 970 similiter
1263 941 1337 985 ap.
1364 927 1461 971 Na-

161 1005 317 1049 talem.
348 1006 468 1049 Nam
487 1005 537 1047 in
560 1004 786 1063 Omphale
810 1001 967 1049 fabula
990 999 1186 1058 satyrica
1209 999 1463 1043 Herculem

163 1078 511 1130 voracissimum
541 1077 691 1120 tribus
730 1075 943 1118 dentium
968 1071 1214 1116 ordinibus
1247 1071 1306 1115 ab
1342 1073 1460 1116 Ione

163 1151 438 1195 instructum
456 1150 592 1193 fuisse
620 1163 751 1209 paene
777 1156 956 1190 certum
979 1154 1059 1189 est.
1085 1144 1226 1202 Quod
1248 1145 1462 1189 scenico-

162 1235 269 1265 rum
296 1231 612 1270 commentum
634 1233 896 1264 memorare
926 1225 972 1262 et
1004 1217 1276 1277 improbare
1308 1219 1463 1261 Hero—

162 1294 308 1338 dorus
339 1295 512 1353 potuit.
538 1294 630 1339 Sed
667 1294 764 1336 haec
787 1293 1039 1335 mittamus.
1071 1316 1130 1324 -—
1157 1291 1365 1348 Heynius
1401 1289 1460 1333 ad

162 1367 512 1426 Apollodorum
531 1367 564 1413 l.
586 1368 617 1410 l.
657 1365 961 1410 Herodorum
981 1364 1196 1408 Herculis
1215 1363 1354 1406 rebus
1374 1362 1463 1410 for-

163 1449 279 1484 tasse
301 1441 410 1485 alias
430 1439 607 1487 fabulas
635 1439 877 1483 Thebanas
905 1437 1150 1481 attexuisse
1175 1444 1347 1480 censet.
1385 1436 1461 1479 Si-

163 1514 337 1560 militer
356 1513 512 1559 statuit
541 1512 800 1556 VVeichert.
825 1509 960 1571 (Ueb.
989 1510 1037 1553 d.
1067 1509 1178 1555 Leb.
1204 1524 1249 1552 u.
1277 1510 1392 1555 Ged.
1415 1509 1461 1554 d.

162 1586 322 1644 Apoll.
345 1584 433 1630 Rh.
455 1600 502 1644 p.
532 1582 674 1644 161),
701 1585 783 1642 qui
808 1598 915 1627 eum
939 1582 1138 1637 librum,
1167 1582 1247 1640 qui
1269 1581 1327 1625 de
1343 1583 1464 1625 Her-

163 1658 267 1707 cule
283 1657 452 1702 Thebis
468 1665 789 1702 commorante
809 1657 918 1717 egit,
936 1652 1161 1712 Οἰδίπους,
1183 1656 1314 1699 illum
1327 1670 1459 1710 vero,

164 1732 214 1774 in
238 1745 332 1789 quo
358 1730 417 1774 de
452 1731 668 1775 Herculis
704 1731 846 1774 rebus
880 1730 930 1773 in
964 1730 1291 1789 Peloponneso
1331 1730 1467 1789 gestis

163 1818 317 1847 sermo
339 1811 437 1846 erat
452 1837 463 1858 ‚
488 1799 712 1848 Πελοπεία
731 1803 1008 1861 inscriptum
1035 1817 1129 1845 esse
1152 1809 1302 1860 putat.
1329 1801 1467 1845 Scili-

164 1884 238 1919 cet
261 1890 334 1935 ap.
368 1875 571 1919 eundem
605 1875 753 1919 schol.
789 1874 982 1919 Pindari
1018 1874 1079 1918 ad
1101 1874 1238 1933 Pyth.
1273 1875 1366 1930 XI,
1406 1872 1465 1917 25

168 1946 252 2006 (fr.
279 1944 366 2005 61)
405 1947 465 1992 de
503 1948 676 1992 Orestis
709 1956 841 1991 aetate
864 1947 1086 1992 laudatur
1110 1946 1388 1993 Herodorus
1424 1945 1467 1990 ἐν

165 2017 386 2083 Πελοπείᾳ
430 2019 495 2081 (ἐν
520 2017 690 2065 Πέλοπι
729 2020 836 2066 cod.
871 2016 1126 2081 Gotting.).'
1157 2019 1250 2064 Sed
1282 2020 1381 2063 haec
1409 2019 1469 2063 ad

165 2093 492 2153 inscriptiones
514 2093 749 2137 librorum
773 2093 1009 2137 Heracleae
1031 2091 1198 2136 referri
1222 2091 1467 2149 quomodo

165 2166 368 2223 possint,
388 2181 487 2209 non
501 2165 659 2209 video.
680 2166 773 2209 Res
792 2165 851 2208 ab
872 2165 1064 2224 antiquo
1081 2165 1308 2224 scriptore
1326 2179 1477 2224 pror--

171 2254 245 2282 sus
271 2240 438 2283 aliena.

235 2312 455 2355 Ceterum
468 2310 775 2355 Herodorum
796 2311 876 2369 qui
893 2311 1106 2369 Pelopeae
1128 2310 1276 2370 gentis
1297 2309 1474 2354 fabulas

167 2386 373 2429 narravit
392 2385 742 2428 Heracleensem
769 2398 863 2427 esse
888 2383 1036 2442 liquet
1062 2398 1119 2427 ex
1144 2384 1368 2427 Athenaeo
1395 2383 1465 2442 (v.

169 2457 226 2503 fr.
257 2456 361 2517 61).
397 2455 577 2514 Quidni
599 2455 727 2499 idem
761 2457 1011 2515 separatim
1035 2455 1212 2499 fabulas
1234 2454 1475 2499 Thebanas

169 2530 434 2574 tractaverit
467 2529 591 2572 libro
623 2526 831 2579 Οἰδίπους
867 2527 1126 2588 inscripto?
1157 2529 1275 2572 Rem
1307 2542 1476 2586 quam-

169 2603 369 2648 maxime
405 2601 568 2645 suadet
606 2601 926 2660 Apollodorus
959 2602 1054 2656 ΙΙΙ,
1094 2599 1148 2656 5,
1177 2599 1232 2655 6,
1260 2615 1314 2655 2,
1347 2599 1431 2643 ubi
1460 2615 1470 2643 :

170 2671 413 2737 ζΗρόδωρος
447 2673 536 2735 (sic
562 2676 745 2735 AEgius3
773 2674 922 2717 nostri
940 2674 1051 2717 libri
1072 2670 1323 2733 εΗρόδοτος)
1361 2669 1405 2716 δὲ
1432 2669 1469 2716 δ’

173 2747 260 2811 (sic
283 2747 579 2791 scribendum
600 2763 690 2806 pro
711 2747 839 2807 vulg.
861 2742 950 2807 δύο)
977 2741 1053 2806 μὲν
1077 2743 1272 2808 ἄῤῥενοις,
1298 2749 1410 2807 τρεῖς
1429 2742 1474 2789 δὲ

172 2817 346 2876 θηλείας
375 2835 439 2864 sc.
466 2820 629 2866 Niobae
650 2820 823 2863 liberos
847 2818 983 2863 fuisse
1016 2819 1146 2863 dicit.
1177 2818 1353 2864 Eadem
1377 2817 1472 2863 sch.

172 2894 286 2939 Eur.
309 2892 472 2937 Phoen.
501 2890 614 2946 628,
643 2891 728 2934 1ὼί
750 2906 795 2936 v,
819 2890 980 2936 Valck.
1003 2892 1098 2934 Aut
1120 2891 1263 2950 igitur
1282 2898 1477 2948 praeter-

173 2966 272 3009 iens
295 2963 574 3008 Herodorus
590 2964 639 3005 in
672 2961 862 3021 OEdipo
888 2961 947 3006 de
965 2962 1169 3006 Hercule
1189 2962 1373 3005 locutus
1389 2969 1474 3021 est3

175 3047 256 3083 aut
277 3037 420 3081 verba
445 3035 486 3080 ἐν
511 3030 713 3081 Οἰδίποδι
741 3042 964 3093 corrupta
1003 3042 1110 3078 sunt
1137 3049 1194 3078 ex
1219 3030 1280 3078 ἑνὶ
1316 3030 1417 3077 ποδί
1450 3048 1478 3077 a

174 3110 447 3164 scholiasta,
474 3108 549 3152 cui
569 3107 688 3150 liber
710 3106 951 3151 Herodori
975 3106 1034 3151 de
1063 3107 1295 3150 Thebanis
1311 3105 1478 3153 fabulis

175 3183 373 3241 scriptus
389 3179 741 3224 obVersabatur.

243 3253 540 3308 Herodotus,
579 3267 720 3311 quem
756 3252 816 3297 de
851 3254 1013 3297 Leone
1047 3251 1275 3296 Sardense
1309 3251 1478 3294 excitat

164 3329 384 3383 Tzetzes,
410 3327 822 3371 Halicarnassensis
844 3333 910 3370 est
933 3325 1212 3384 Kiesslingio
1228 3359 1240 3382 ‚
1265 3325 1338 3368 cui
1361 3326 1478 3368 Tze—

181 3409 271 3443 tzes
293 3414 347 3443 ea
367 3396 641 3458 significasse
659 3397 865 3452 videtur,
898 3413 1000 3456 quae
1024 3397 1245 3457 leguntur
1270 3412 1346 3455 ap.
1375 3398 1475 3440 He-

181 3471 340 3519 rodot.
361 3472 403 3526 1,
427 3469 485 3524 84
506 3479 551 3515 et
566 3471 658 3526 IX,
680 3469 759 3514 83.
775 3469 915 3528 Quod
929 3469 1174 3530 quomodo
1191 3467 1294 3513 fieri
1311 3477 1478 3528 potue-

180 3546 258 3600 rit,
272 3543 401 3588 haud
416 3543 647 3603 percipio.
662 3544 765 3587 Imo
782 3543 929 3587 serior
946 3541 1139 3600 quidam
1152 3542 1479 3602 grammaticus

181 3618 256 3662 vel
278 3631 437 3661 rerum
471 3616 856 3660 miraculosarum
879 3617 1082 3675 scriptor
1105 3614 1242 3659 fuisse
1262 3614 1475 3670 videtur3

180 3688 307 3735 idem
318 3689 488 3749 procul
507 3689 654 3732 dubio
671 3722 683 3744 ‚
707 3703 846 3747 quem
871 3688 1007 3732 affert
1022 3689 1282 3747 Stephanus
1304 3703 1349 3731 V.
1375 3684 1479 3733 Ἀν-

182 3760 309 3807 δανία
349 3775 362 3809 :
396 3761 561 3808 Τοῦτον
599 3759 689 3821 (sc.
732 3762 1076 3805 Aristomenem
1115 3757 1413 3820 Messeniam)
1441 3759 1479 3804 οἱ

186 3830 518 3894 Λακεδαιμόνιοι
543 3830 750 3884 πολλάκις
775 3830 925 3884 αὐτοὺς
948 3830 1188 3889 νικήσαντα
1213 3829 1478 3892 Θαυμάσαν-

812 3972 857 4011 7.

235 4042 397 4091 septem
413 4041 553 4081 diebus
573 4040 764 4081 Hercules
779 4040 929 4080 Thestii
947 4039 1047 4080 filias
1057 4040 1344 4090 quinquaginta
1360 4038 1485 4078 devir-

184 4105 348 4154 ginavit.

239 4242 304 4280 Bis
323 4241 479 4281 insaniit
504 4241 705 4281 Hercules.

1538 440 1628 480 τες,
1653 424 1709 475 ὡς
1739 422 1859 483 μόλις
1885 420 2129 487 ἐκράτησαν
2155 422 2198 466 ἐν
2224 422 2308 473 τοῖς
2341 423 2687 481 Μεσσηνιακοῖς,
2725 424 2829 469 ἀνα-

1536 492 1736 555 τεμόντες
1759 493 1967 540 ἐσκόπουν
1999 495 2035 540 εἷ
2054 491 2174 559 παρὰ
2209 493 2304 547 τοὺς
2340 493 2516 548 λοιποὺς
2544 495 2636 541 ἐστί
2669 483 2736 554 τι,
2755 493 2829 542 καὶ

1539 559 1661 627 εῧρον
1687 565 1935 630 σπλάγχνον
1962 562 2277 629 ἐξηλλαγμένον
2316 565 2390 613 καὶ
2415 566 2493 623 τὴν
2526 565 2705 630 καρδίαν
2741 568 2829 614 δα·-

1536 645 1682 696 σεῐαν,
1709 641 1766 691 ὡς
1792 637 2079 702 εΗιρόδοτος
2110 638 2185 685 καὶ
2224 638 2506 703 Πλούταρχος
2540 639 2615 686 καὶ
2641 638 2827 694 Ῥιανός.

1541 712 1750 771 (Miilleri
1772 715 1996 758 sententia
2023 715 2134 759 Dor.
2166 715 2213 770 Ι,
2254 723 2343 759 142
2374 723 2497 758 stare
2527 715 2607 758 vix
2631 706 2834 776 potest.)

1536 782 1713 826 Eadem
1732 792 1893 828 narrat
1910 785 2120 829 Valerius
2137 787 2367 831 Maximus
2382 789 2428 842 I,
2452 786 2479 831 8
2507 785 2674 830 eodem
2691 786 2800 830 loco
2816 820 2829 841 ‚

1540 868 1635 911 quo
1670 853 1729 898 de
1767 854 1984 900 dentibus
2018 858 2188 905 Prusiae
2220 857 2303 902 filii
2342 859 2391 902 in
2423 874 2573 903 unum
2604 860 2834 904 concretis

1541 922 1686 985 (quos
1709 928 1891 972 Tzetzes
1915 943 2105 988 quoque
2130 930 2161 975 l.
2188 930 2220 974 l.
2247 929 2506 995 memorat)
2534 930 2678 975 verba
2703 929 2830 975 facit.

1558 1029 1563 1032 -
1602 1000 1891 1044 Memoratur
1916 1016 1940 1045 a
1961 1003 2121 1061 Steph.
2147 1003 2252 1062 Byz.
2291 1013 2337 1047 et
2371 1004 2513 1048 Suida
2541 1003 2612 1064 (v.
2649 1000 2835 1066 Ὀλοφύ-

1539 1068 1647 1134 ξιος)
1674 1073 1945 1117 Herodotus
1970 1074 2186 1132 quidam,
2210 1076 2291 1134 qui
2315 1072 2414 1138 περὶ
2432 1076 2608 1137 νυμφῶν
2633 1072 2707 1120 καὶ
2728 1075 2856 1119 θεῶν’

1539 1141 1696 1207 [ἱερῶν
1721 1143 1882 1206 Suid.]
1905 1147 2134 1206 scripsisse
2160 1147 2348 1210 dicitur.

2168 1278 2214 1319 7.

1603 1379 1849 1423 Athenaeus
1871 1380 2017 1435 XIII,
2056 1394 2106 1438 p.
2137 1377 2251 1438 556,
2274 1380 2309 1422 F
2346 1394 2357 1422 :
2395 1375 2472 1424 Ἐν
2510 1375 2620 1423 ἑπτὰ
2657 1375 2839 1441 ἡμέραις

1537 1449 1806 1506 πεντήκοντα
1824 1447 2152 1515 διεπαρθένευσε
2177 1448 2366 1497 Θεστίου
2385 1448 2540 1514 κόρας,
2565 1452 2623 1503 ὡς
2643 1448 2836 1515 Ἡρόδω-
2896 1451 2900 1454 ’

1541 1541 1608 1586 ρος
1632 1525 1810 1586 ἱστορεῖ.

1605 1599 1951 1659 Quinquaginta
1973 1597 2141 1642 diebus
2174 1612 2266 1642 see.
2296 1597 2646 1657 Apollodorum
2666 1599 2738 1654 ΙΙ,
2778 1603 2804 1651 4
2824 1631 2836 1653 ,

1543 1675 1569 1725 4
1584 1705 1596 1727 ,
1630 1687 1703 1716 10.

2139 1741 2147 1748 ”
2171 1749 2218 1793 8.

1609 1867 1764 1913 Schol.
1791 1866 1926 1910 Pind.
1950 1868 2084 1910 Nem.
2109 1867 2206 1921 ΙΙΙ,
2239 1871 2327 1918 104
2370 1881 2379 1908 :
2420 1861 2666 1928 Ἡρόδωρος
2696 1861 2740 1910 δὲ
2768 1862 2842 1911 καὶ

1544 1938 1605 1991 δίς
1628 1957 1734 2003 φησι
1759 1940 1949 2000 μανῆναι
1974 1933 2046 1983 τὸν
2085 1935 2309 2000 Ἱὶρακλέα
2342 1936 2431 1998 (sc.
2458 1947 2563 1998 post
2587 1938 2759 1982 caedem
2781 1939 2842 1982 li—

1542 2014 1767 2059 berorum
1787 2021 1833 2056 et
1853 2010 2024 2056 deinde
2043 2020 2149 2071 post
2176 2010 2350 2054 eaedem
2367 2011 2510 2070 Iphiti
2525 2008 2559 2063 l.

2167 2143 2215 2187 9.

1612 2246 1833 2293 Tatianus
1861 2261 1937 2305 ap.
1957 2244 2125 2288 Justin.
2152 2244 2347 2301 Martyr.
2378 2258 2429 2301 p.
2465 2242 2556 2299 267
2590 2259 2601 2286 z
2638 2243 2744 2294 Πῶς
2769 2243 2845 2288 οὐκ

1547 2312 1600 2359 ἂν
1622 2311 1786 2369 ἠλίθιον
1814 2311 2032 2359 πείθεσθαι
2052 2312 2138 2365 τοῖς
2155 2310 2412 2376 εΗροδώρου
2443 2311 2575 2374 (libri
2593 2311 2842 2376 Ἡροδότου)

1551 2384 1730 2450 βιὸλίοις
1749 2404 1847 2448 περι
1871 2404 1944 2432 του
1976 2387 2070 2432 καθ’
2097 2383 2323 2449 εΗρακλέα
2346 2382 2493 2448 λόγου,
2540 2388 2622 2447 γῆν
2655 2385 2745 2432 ἅνω
2761 2405 2845 2474 κη-

1551 2458 1799 2523 ρῦττουσιν,
1840 2456 2178 2513 κατεληλυθεναι
2218 2477 2266 2504 τε
2302 2458 2379 2503 ἀπ’
2424 2458 2557 2516 αὐτῆς
2587 2456 2740 2505 λέοντα
2775 2458 2847 2506 τὸν

1548 2535 1604 2599 ὑφ
1628 2529 1898 2596 Ἡρακλέους
1919 2526 2195 2597 φονευθέντα,

1613 2608 1787 2651 Nemea
1807 2606 1998 2665 insignis
2018 2605 2106 2649 fuit
2124 2606 2254 2649 cultu
2271 2605 2470 2649 Junonis
2492 2601 2704 2668 (Miiller.
2731 2607 2843 2651 Dor.

1549 2681 1618 2735 ΙΙ,
1643 2695 1696 2739 p.
1721 2684 1813 2732 442
1829 2679 1840 2738 )
1856 2712 1869 2735 ,
1897 2694 2000 2738 quae
2021 2679 2072 2722 h.
2099 2679 2132 2722 l.
2158 2679 2276 2722 nihil
2299 2678 2458 2722 differt
2479 2693 2506 2722 a
2524 2677 2671 2723 Luna.
2694 2679 2848 2737 Quare

1548 2753 1647 2811 ipsa
1666 2753 1840 2796 Nemea
1860 2750 2032 2794 dieitur
2050 2752 2193 2795 Lunae
2211 2749 2306 2794 filia
2327 2759 2372 2794 et
2394 2752 2420 2794 J
2424 2751 2524 2794 ovis
2542 2748 2712 2810 (schol.
2740 2750 2845 2795 Pin-

1551 2824 1652 2868 dar.
1677 2838 1858 2883 argum.
1879 2824 2014 2866 Nem.
2035 2837 2085 2882 p.
2113 2820 2206 2874 425
2225 2822 2417 2866 Boeckh.
2431 2821 2465 2883 ).
2484 2823 2556 2866 De
2572 2822 2710 2866 leone
2729 2824 2848 2882 Epi—

1549 2894 1762 2939 menides
1777 2910 1853 2954 ap.
1886 2894 2056 2937 AElian.
2081 2894 2140 2938 N.
2169 2896 2227 2938 A.
2264 2893 2389 2949 XII,
2421 2909 2486 2950 7:
2525 2889 2766 2949 Σελήνης<ι
2783 2891 2845 2940 ΔΗ

1551 2965 1685 3012 δεινὸν
1728 2964 1822 3049 φρίξ,
1827 2966 1895 3010 ασ’
1942 2962 2203 3010 ἀπεσείσατο
2242 2967 2351 3027 θηρα
2392 2962 2545 3010 λέοντα
2579 2962 2656 3011 Ἔν
2697 2964 2847 3030 Νεμέα

1552 3030 1753 3093 ἀνάγουσ’
1774 3031 1900 3076 αὐτον
1919 3028 1988 3075 διὰ
2010 3028 2187 3076 ποτνίαν
2202 3027 2381 3094 ⁰2pr
2372 3031 2557 3076 ›.Schol
2572 3032 2730 3092 Apoll.
2751 3033 2844 3076 Rh.

1549 3108 1597 3162 I,
1628 3105 1758 3166 498:
1785 3101 1881 3160 Τὴν
1903 3100 1948 3149 δὲ
1966 3103 2152 3159 σελήνην
2177 3099 2532 3166 Ἀναξαγόρας
2554 3100 2703 3165 χώραν
2727 3104 2848 3150 πλα-

1550 3177 1668 3223 τεῒαν
1690 3175 1946 3241 ἀποφαίνει,
1973 3174 2016 3230 ἐξ
2038 3179 2089 3233 ἧς
2111 3175 2230 3221 δοκεῖ
2253 3177 2275 3221 ὃ
2298 3177 2512 3237 Νεμεαῒος
2531 3174 2640 3221 λέων
2669 3192 2849 3222 πεπτω-

1551 3248 1687 3296 κέναι.
1722 3251 2003 3310 Euphorion
2061 3264 2138 3309 ap.
2177 3245 2413 3293 Plutarch.
2474 3249 2634 3309 Symp.
2668 3252 2731 3306 V,
2789 3248 2816 3294 3
2831 3285 2846 3305 ‚

1550 3339 1600 3383 p.
1625 3323 1737 3380 677,
1761 3325 1802 3367 A
1817 3322 1895 3383 (fr.
1921 3327 1979 3379 47
2004 3320 2234 3382 Meinek.)
2253 3322 2441 3366 leonem
2456 3322 2595 3366 istum
2612 3321 2726 3366 dicit
2744 3318 2851 3376 Μή-

1552 3413 1625 3451 νης
1649 3393 1785 3439 παῖδα
1820 3392 2001 3458 χάρωνα
2029 3391 2222 3456 (Χάρων
2246 3394 2269 3438 ὃ
2307 3390 2416 3438 λέων
2449 3389 2564 3438 κατὰ
2597 3391 2878 3446 Μακεδόνας,

1550 3469 1646 3513 sch.
1682 3467 1743 3512 ad
1761 3468 2000 3528 Lycophr.
2030 3464 2172 3528 455).
2192 3465 2262 3511 Cf.
2294 3466 2468 3526 Hygin.
2490 3464 2598 3510 fab.
2629 3463 2712 3522 303
2735 3465 2849 3510 Plu-

1554 3541 1700 3586 tarch.
1715 3542 1787 3584 De
1807 3540 1923 3585 facie
1936 3541 2035 3584 lu-n.
2053 3554 2094 3583 c.
2117 3543 2176 3591 24
2195 3555 2207 3594 3
2226 3537 2292 3582 id.
2311 3540 2383 3582 De
2398 3534 2511 3581 fluv.
2538 3535 2615 3592 183
2634 3539 2847 3582 Lactant.

1554 3614 1614 3658 ad
1633 3613 1767 3659 Statii
1787 3612 1934 3656 Theb.
1959 3613 2031 3667 II,
2059 3609 2147 3666 68;
2177 3610 2362 3655 Servius
2384 3609 2446 3654 ad
2471 3609 2635 3669 Virgil.
2673 3608 2844 3669 Georg.

1554 3688 1651 3742 ΙΙΙ,
1677 3683 1790 3744 5913
1814 3683 2029 3744 Nigidius
2049 3697 2125 3742 ap.
2151 3681 2298 3726 schol.
2327 3681 2546 3727 German.
2565 3695 2615 3739 p.
2645 3678 2730 3734 523
2753 3680 2850 3724 Ste-

1551 3759 1695 3818 phan.
1734 3759 1843 3816 Byz.
1880 3771 1926 3799 v.
1955 3751 2152 3806 Ἀπέσας·
2195 3749 2289 3815 ὅρος
2324 3754 2400 3809 τῆς
2430 3749 2630 3813 Νεμέας,
2654 3751 2710 3803 ὡς
2741 3747 2850 3798 Πίν-

1555 3830 1680 3893 δαρος
1704 3827 1777 3875 καὶ
1804 3825 2091 3889 Καλλίμαχος
2114 3827 2156 3872 ἐν
2170 3822 2302 3890 τρίτῳ
2317 3859 2329 3881 ,
2345 3822 2428 3870 ἀπὸ
2443 3821 2700 3875 Ἀπέσαντος
2711 3821 2851 3887 ἥρωος

2171 3964 2216 4005 9.

1609 4035 1822 4085 Quomodo
1843 4046 1923 4075 non
1939 4035 2110 4075 stultum
2130 4033 2232 4086 soret
2252 4030 2445 4072 Herodori
2461 4030 2511 4070 de
2534 4030 2715 4071 Herculis
2730 4029 2850 4069 histo·

1560 4103 1619 4141 ria
1637 4101 1752 4141 libris
1770 4099 1931 4139 credere
1947 4101 2094 4139 terram
2111 4095 2353 4147 superiorem
2374 4094 2682 4145 praedicantibus
2694 4105 2741 4134 ac
2762 4092 2851 4133 inde

1557 4167 1764 4217 delapsum
1784 4166 1962 4214 leonem,
1978 4172 2099 4214 quem
2130 4162 2318 4202 Hercules
2333 4158 2491 4200 occidit.
