3008 4542
284 286 378 328 556

274 393 462 437 Armen.
487 406 576 450 pro
599 390 759 435 diebus
782 399 996 436 numerat
1018 407 1187 446 annos,
1217 393 1348 436 scioli
1371 401 1438 436 est
1459 408 1570 436 mu-

272 464 402 508 tatio.
426 463 576 523 Reges
591 467 791 522 quinque
803 478 911 508 cum
923 464 1142 520 Eusebio,
1161 479 1260 508 non
1275 469 1572 524 septuaginta

271 544 378 572 cum
400 528 621 573 Africano
639 530 958 575 numerandos
983 545 1078 574 esse
1095 530 1192 574 fere
1214 545 1374 574 omnes
1395 539 1569 575 statue-

270 608 407 656 runt,
446 601 527 659 qui
547 601 739 659 antiqua
758 602 857 647 haec
887 602 947 647 ad
969 617 1090 647 verae
1112 603 1315 646 historiae
1344 601 1570 662 probabi-

270 673 446 716 litatem
465 688 753 732 componere
776 675 979 719 student.
1001 677 1069 719 Ae
1097 673 1353 718 Bunsenius
1378 673 1568 733 quidem

269 746 332 788 ita
354 759 455 788 rem
472 745 676 804 explicat
688 755 743 790 ut
759 761 815 791 ex
831 748 964 790 litera
990 744 1023 790 ε’
1048 762 1105 790 ex
1124 755 1257 805 parte
1271 745 1423 790 deleta
1443 745 1570 804 apud

269 816 542 861 Africanum
581 820 777 863 evaserit
813 819 947 863 litera
966 816 1016 863 o'.
1055 819 1182 863 Nihil
1217 818 1385 861 dubito
1401 851 1413 873 ‚
1455 818 1572 876 quin

269 890 497 934 Eusebius
531 891 667 935 sicuti
690 891 935 936 Africanus
958 892 1167 935 statuerit
1199 899 1377 934 certum
1400 905 1571 935 nume—

270 977 376 1005 rum
389 977 553 1022 regum
567 978 781 1023 regnasse
794 979 879 1023 per
890 963 1090 1007 eundem
1103 978 1352 1006 numerum
1364 962 1566 1008 dierum.

269 1034 434 1093 Itaque
452 1050 540 1094 pro
565 1031 597 1079 ε’
621 1036 780 1094 potius
802 1034 942 1078 fuerit
957 1031 1012 1078 σε’
1043 1032 1160 1095 (75).
1183 1033 1334 1092 quue
1357 1048 1414 1077 eo
1436 1048 1572 1077 com-

267 1107 500 1165 probatur
543 1107 675 1166 quod
719 1107 810 1151 hoc
846 1113 1027 1150 tantum
1059 1106 1206 1149 modo
1249 1107 1355 1150 erui
1392 1107 1573 1164 possint

268 1194 401 1239 reges
432 1194 518 1238 192
535 1212 547 1234 ,
567 1194 684 1237 quos
702 1180 857 1237 primo
880 1188 1007 1222 tomo
1030 1194 1054 1222 a
1071 1180 1354 1223 Manethone
1370 1179 1588 1223 recensi--

269 1259 341 1294 tos
357 1264 450 1294 esse
473 1251 697 1299 Eusebius
712 1250 854 1294 tradit
880 1248 960 1310 (8.
983 1266 1032 1310 9.
1056 1249 1101 1297 8.
1133 1266 1207 1307 17.
1237 1250 1314 1297 31.
1340 1249 1416 1307 75.
1445 1251 1492 1297 5.
1522 1256 1570 1304 4.

275 1338 349 1382 19.
379 1321 600 1383 16:192
618 1321 651 1383 ).
677 1349 742 1356 —
759 1323 975 1368 Ceterum
1001 1338 1149 1382 quum
1168 1324 1242 1367 vel
1263 1324 1472 1382 quinque
1493 1338 1573 1368 re·-

267 1410 346 1455 ges
367 1396 446 1439 vix
468 1411 554 1455 per
581 1411 640 1452 70
662 1395 760 1440 dies
779 1396 1044 1456 regnarint‚
1070 1396 1271 1440 Bunsen.
1301 1411 1359 1440 ex
1373 1412 1572 1441 numero

272 1464 338 1520 κζ’
343 1501 355 1522 ,
378 1468 460 1526 qui
474 1481 640 1527 regum
661 1476 727 1511 est
743 1469 975 1526 sequentis
996 1467 1215 1527 dynastiae
1231 1503 1243 1524 ‚
1264 1470 1450 1513 assumit
1472 1470 1575 1514 lite-

267 1555 367 1582 ram
381 1537 440 1595 κ’,
459 1539 664 1599 ideoque
682 1539 901 1598 dynastiae
918 1540 1106 1584 tribuit:
1125 1556 1271 1585 annos
1285 1556 1365 1598 20,
1380 1543 1478 1586 dies
1494 1557 1573 1598 70.

267 1613 417 1656 Porro
439 1627 583 1671 quum
606 1613 717 1656 alias
735 1613 956 1657 Manetho
981 1613 1188 1657 Africani
1212 1614 1309 1658 dies
1327 1629 1574 1659 numerare

266 1698 363 1727 non
382 1685 554 1739 soleat,
601 1684 693 1729 hoe
718 1693 874 1728 tamen
900 1686 1007 1729 loco
1041 1695 1294 1745 propterea
1328 1686 1379 1730 id
1402 1687 1575 1731 factum

266 1771 387 1815 esse,
415 1755 547 1815 quod
569 1772 688 1801 unus
712 1772 737 1801 e
760 1758 948 1816 regibus
968 1757 1105 1816 hujus
1127 1759 1240 1818 dyn.
1269 1774 1356 1818 per
1383 1775 1442 1816 70
1468 1769 1574 1804 tan-

267 1837 370 1872 tum
386 1829 484 1873 dies
509 1839 758 1889 regnasset.
806 1831 918 1888 Quae
940 1832 1101 1890 quanti
1121 1831 1331 1876 facienda
1361 1833 1478 1889 sint,
1521 1841 1573 1876 tu

267 1897 441 1946 videas.
473 1925 533 1933 --
549 1901 765 1946 Ceterum
787 1902 1033 1947 Boeckhius
1051 1905 1101 1946 in
1121 1919 1354 1948 annorum
1378 1921 1576 1965 compu-

271 1973 444 2017 tatione
478 1988 564 2033 pro
583 1973 749 2018 diebus
776 1989 836 2031 70
865 1977 1024 2034 posuit
1043 1991 1215 2020 annum
1233 2011 1245 2033 ‚
1269 1978 1492 2036 quoniam
1511 1980 1574 2023 sic

269 2044 458 2088 demum
495 2044 691 2091 conflari
732 2048 876 2106 possit
919 2062 1098 2092 summa
1143 2064 1375 2093 annorum
1416 2049 1543 2095 2300
1557 2085 1570 2108 ,

269 2127 386 2175 quot
399 2119 448 2160 in
461 2119 615 2177 primo
626 2119 748 2162 libro
768 2121 989 2164 Manetho
1004 2134 1293 2166 enumerasse
1305 2122 1492 2169 dicitur.
1510 2142 1574 2156 —·-

267 2188 446 2246 Quodsi
459 2187 580 2234 verae
592 2191 795 2234 historiae
810 2193 969 2237 colore
985 2193 1155 2238 tradita
1169 2195 1432 2239 illuminare
1443 2196 1572 2252 velis,

267 2262 472 2321 cogitare
494 2262 602 2306 licet
618 2273 726 2321 post
747 2273 950 2309 mortem
977 2267 1235 2311 Nitocridis
1259 2264 1472 2330 ἀναρχίαν
1495 2269 1576 2312 ob·

269 2334 454 2377 tinuisse
495 2350 582 2393 per
621 2335 719 2380 dies
768 2336 825 2394 75
839 2372 851 2394 ‚
880 2339 1051 2398 quibus
1084 2355 1277 2401 magnus
1303 2341 1573 2401 principum

267 2422 485 2452 numerus
502 2423 701 2469 regnum
726 2412 1039 2470 appetiissent‚

611 2539 852 2587 OCTAVA
885 2543 1210 2592 DYNASTIA.

880 2660 906 2688 2
915 2642 940 2688 5
950 2682 960 2692 .

639 2760 764 2807 SEC.
804 2759 1188 2808 AFRICANUM.

332 2875 530 2934 Syncell.
556 2892 606 2935 p.
637 2875 715 2932 58,
738 2876 774 2925 C
798 2893 809 2921 :
835 2874 996 2938 Ὀγδόη
1018 2875 1245 2924 δυναστεία
1273 2879 1352 2925 Με
1363 2896 1395 2940 μ
1405 2897 1433 2943 φ
1448 2898 1461 2924 ι
1471 2882 1568 2926 τῶν

269 2950 333 3009 βα
347 2945 464 2992 σιλέ
478 2965 543 2993 ων
571 2947 658 3006 κζ’,
681 2946 719 2994 οἳ
737 2947 1034 2995 ἓὸασίλευσ
1048 2968 1075 2994 α
1089 2968 1110 2994 ν
1139 2947 1212 3007 ἔτη
1235 2949 1357 3014 ρμς’.
1371 2950 1568 2998 Γίνονται

266 3016 343 3066 σὺν
354 3025 441 3074 τοῖς
453 3019 894 3085 προτεταγμένοιςέτη
913 3020 1051 3086 Ιαχλο’
1067 3024 1152 3069 τῶν
1166 3020 1279 3070 ὀκτὼ
1290 3023 1564 3073 δυναστειῶν.

876 3138 936 3182 26
945 3172 955 3181 .

665 3239 785 3286 SEC.
822 3238 1150 3287 EUSEBIUM.

302 3346 463 3391 ‘Idem
493 3362 542 3406 p.
575 3345 654 3406 59,
692 3349 732 3391 A
759 3361 771 3393 :
797 3344 960 3407 Ὀγδόη
993 3344 1221 3392 δυναστεία
1257 3348 1563 3413 Μεμφιτῶν

267 3421 370 3481 βασ
385 3415 546 3463 ιλέων
567 3416 736 3480 πέντε,
761 3416 802 3464 οἳ
826 3417 1109 3466 ἐὸασίλευσαν
1132 3418 1206 3477 ἔτη
1232 3419 1399 3469 ἑκατόν.
1422 3420 1565 3470 Γίνον-

264 3508 337 3536 ται
358 3488 433 3536 σὺν
455 3495 541 3543 τοῖς
568 3489 927 3561 προτεταγμένοις
947 3490 1022 3549 ἔτη
1045 3485 1191 3557 ἀφᾎη
1206 3491 1217 3509 ’
1237 3494 1322 3539 τῶν
1346 3494 1460 3540 ὀκτὼ
1490 3495 1562 3542 δυ-

263 3564 489 3610 ναστειῶν.
517 3565 659 3623 (Male
679 3566 749 3608 his
776 3565 1037 3625 junguntur
1066 3582 1167 3625 quae
1191 3576 1450 3626 sequuntur
1483 3584 1559 3629 ap.

264 3638 404 3695 Sync.
435 3651 445 3679 z
471 3636 568 3681 κατ’
596 3633 863 3699 Ἀφρικανόν.
894 3639 1023 3682 Patet
1054 3639 1269 3683 haecesse
1292 3641 1562 3700 inscriptio—

265 3724 368 3752 nem
392 3723 555 3753 eorum
570 3740 584 3765 ,
615 3724 717 3768 quae
736 3718 993 3767 sequuntur
1022 3709 1080 3754 de
1102 3710 1215 3769 dyn.
1239 3711 1349 3772 IX.)

330 3788 552 3832 Eusebius
564 3787 738 3834 Chron.
753 3801 763 3833 z
778 3788 950 3831 Octava
964 3789 1181 3847 dynastia
1195 3791 1557 3850 [Welnpleitarum

265 3862 349 3902 IX
390 3858 483 3920 (ita
515 3868 692 3920 textus3
729 3875 890 3920 margo
928 3859 1119 3922 :·X1X)
1151 3878 1338 3921 regum,
1373 3880 1559 3923 qaorum

263 3934 515 3977 dominatio
531 3948 674 3976 annos
691 3942 868 3976 centum
890 3937 1135 3992 occupavit.

330 4005 470 4064 Apud
509 4005 782 4050 Africanum
818 4006 854 4049 si
889 4008 1201 4050 numeraveris
1243 4023 1387 4052 annos
1439 4009 1555 4066 146,

264 4093 445 4121 summa
480 4092 712 4122 annorum
736 4077 858 4122 foret
884 4077 1004 4131 1643
1029 4075 1041 4139 (
1065 4080 1351 4138 14974-146
1369 4078 1405 4141 );
1436 4083 1559 4140 Syn-

264 4150 404 4193 vellus
421 4157 639 4209 supputat
658 4166 732 4195 an.
768 4149 906 4209 1639.
928 4151 1077 4211 Igitur
1100 4151 1317 4210 dynastiae
1339 4154 1445 4197 VIII
1472 4155 1558 4198 tri-

265 4221 363 4264 buit
397 4238 468 4268 an.
502 4227 605 4275 ¹42·
636 4224 786 4282 Atque
812 4222 902 4267 hoc
929 4238 1016 4281 pro
1040 4238 1151 4267 vero
1170 4224 1435 4268 habendum
1467 4241 1560 4269 esse

1204 278 1615 330 MANETHONis
1638 270 2042 333 *SERENNYT‘AE

1624 2108 2031 2159 ,κλεοπολιτῶν
2048 2111 2239 2176 βασιλέ
2249 2133 2319 2190 ‘⁰2‘
2343 2114 2653 2181 τεσσάρων,
2683 2111 2752 2164 οἳ’
2758 2100 2950 2205 {Enteii-

1637 3938 1720 3982 τῶν
1760 3935 1970 3999 βασιλέων
2013 3937 2076 3995 ιθ’,
2104 3935 2144 3984 οἳ
2179 3938 2464 3986 ἐδασίλευσαν
2499 3938 2573 3998 ἔτη
2612 3940 2721 4005 ρπε’.

1630 4085 1883 4141 politarum
1919 4085 2058 4127 XIX
2090 4099 2248 4143 regam
2283 4091 2419 4130 annis
2472 4087 2607 4132 CLX
2603 4089 2712 4131 XX
2713 4088 2755 4130 V
2795 4086 2808 4148 (
2831 4085 2898 4132 18,

1636 4155 2132 4217 Sainuelis).Excerpt.
2157 4158 2297 4205 Barb.
2324 4160 2351 4203 1.
2374 4159 2405 4203 l.
2438 4151 2683 4205 numerant
2705 4175 2729 4216 7
2766 4174 2890 4220 regu

1638 4243 1783 4272 annos
1805 4232 1894 4279 204
1907 4261 1917 4271 .
2883 4238 2887 4242 ⁴
2907 4240 2909 4242 ’

1648 405 1802 441 censet
1822 399 2012 446 Boeckh‘.
2041 416 2089 460 p.
2123 399 2229 454 154.
2258 401 2404 462 Apud
2431 403 2611 452 Euseb.
2628 408 2758 452 Arm.
2789 424 2944 458 novem

1649 483 1672 510 1
1675 483 1779 528 eges
1798 480 2040 529 ponuntur
2054 487 2145 532 pro
2164 475 2388 534 quinque.
2413 478 2502 522 Per
2521 493 2732 525 errorem
2745 490 2799 526 ut
2812 482 2945 529 vide·
2999 486 3005 539 ζ

1650 548 1725 584 tur
1745 541 1788 588 Θ
1803 552 2119 601 permutatum
2135 562 2242 590 cum
2261 547 2319 594 E.
2338 549 2560 595 Similiter
2576 551 2636 600 fr.
2661 552 2719 598 32
2738 569 2812 614 ap.
2831 556 2946 615 Syn·
2999 550 3004 605 Ξ

1649 614 1815 658 cellum
1841 614 1940 663 ΟΘ’
1962 632 2052 676 pro
2081 617 2191 665 OE'.
2215 621 2475 668 Barbarus:
2499 623 2730 670 Similiter
2748 629 2945 673 aliorum
2999 610 3006 673 1

1649 689 2006 744 quattuordecim
2038 707 2184 737 annos
2219 694 2364 741 CXL.
2394 697 2519 739 Anni
2548 708 2726 743 centum
2762 699 2949 758 Eusebii
3003 740 3008 745 .

1649 765 1747 802 tum
1771 761 1820 803 in
1838 761 1925 805 hac
1946 771 2044 806 tum
2068 764 2118 807 in
2137 775 2358 824 sequente
2377 767 2585 827 dynastia
2602 771 2846 834 scriptoris
2858 767 2971 819 κισ-ἕ·
3000 802 3005 822 ι

1647 831 1878 893 gligentiae
1899 833 2144 882 debentur.
2170 839 2425 883 Bunsenius
2454 855 2544 899 pro
2570 841 2644 896 κζ’
2658 843 2851 908 regibus
2866 859 2945 896 at·
2956 877 2958 883 ›
3000 833 3006 865 1

1648 902 1790 948 bitrio
1814 921 1900 950 suo
1928 907 2213 963 numeratC'.

2024 1009 2192 1053 NONA
2237 1011 2566 1057 DYNASTIA.

2258 1157 2284 1185 2
2291 1157 2315 1198 7
2325 1176 2335 1186 .

2021 1249 2146 1296 sEc
2188 1224 2569 1300 AFRICANUmss

1716 1363 1915 1422 Syncell.
1940 1338 1990 1424 p.
2029 1365 2178 1427 5913:
2199 1364 2402 1426 Ἐνάτη
2442 1368 2742 1417 δυναστεία
2774 1367 3006 1444 Ἦρα-2

1651 1435 2028 1483 κλεοπολιτων
2072 1438 2328 1501 βασιλέων
2378 1440 2458 1500 ιθ’,
2492 1439 2540 1489 οἳ
2567 1441 2966 1507 ἐὸτιισίλευσαῡςι

1652 1504 1742 1565 ἔτη
1777 1508 1868 1554 υ6’·
1887 1511 1945 1555 ὧν
1967 1512 1989 1555 ὁ
2019 1513 2187 1576 πρῶτος
2218 1511 2270 1561 A
2279 1512 2410 1577 χθοη
2426 1534 2464 1575 ς,
2496 1514 2734 1570 δεινότατος
2746 1520 2830 1565 τῶν
2862 1517 2963 1585 πρὸῗ·

1653 1580 1781 1626 αυτοῦ
1802 1579 2028 1644 γενόμενος
2047 1583 2134 1638 τοῖς
2154 1586 2196 1632 ἐν
2234 1584 2356 1651 πάσῃ
2386 1584 2599 1653 Αἷγυπτῳ
2644 1588 2760 1636 κακὰ
2808 1583 2955 1655 ειργῶζὲ

1652 1667 1757 1700 σατο
1770 1652 1984 1719 ,ὕστερον
2006 1654 2050 1702 δὲ
2068 1655 2203 1723 μανία
2219 1658 2445 1722 περιέπεσε
2477 1679 2552 1707 και
2568 1659 2650 1708 ὑπὸ
2675 1661 2946 1726 κροκοδείλου

1652 1726 1872 1792 διεφθάρη.
1895 1730 1985 1776 Pro
2006 1728 2068 1776 ue'
2087 1733 2344 1780 Bunsenius
2360 1736 2501 1780 vellet
2517 1734 2581 1782 σθ’
2602 1734 2778 1799 (207).

2261 1841 2339 1887 28.

2057 1941 2182 1989 SEC.
2221 1943 2546 1989 EUSEBIUM.
2923 1976 2930 2011 ,Ι

1717 2039 1922 2099 Idemp.
1962 2041 2055 2098 60,
2085 2043 2182 2089 A:
2209 2041 2402 2100 Ἐνοίτη
2443 2041 2746 2090 δυναστεία
2779 2041 2947 2109 Ἥρα,-

1651 2181 1903 2228 λευσαν”
1879 2202 1970 2242 ετη
2015 2186 2229 2234 ἑκατόν·
2271 2191 2331 2235 ὧν
2366 2190 2531 2253 πρῶτος
2566 2187 2813 2253 Ἀχθώης
2850 2189 2945 2263 (sic

1651 2256 1760 2302 eod.
1791 2259 1844 2303 B.
1854 2274 1981 2319 ‚vgo
1997 2255 2152 2323 Αχθος
2168 2261 2208 2324 ),
2230 2259 2468 2321 δεινότατος
2492 2264 2576 2308 τῶν
2613 2259 2698 2327 πρὸ
2721 2263 2853 2311 αὐτοῦ
2871 2275 2961 2338 γγῑ
2969 2311 2971 2313 ,

1650 2326 1848 2391 νόμενος,
1873 2337 1960 2385 τοῖς
1979 2333 2023 2379 ἐν
2045 2332 2166 2399 πάσῃ
2191 2332 2400 2400 Αἰγύπτῳ
2419 2333 2534 2382 κακὰ
2555 2333 2803 2400 εἰργάσατο,
2827 2335 2967 2401 uere}-
2966 2391 2967 2394 Ἰ

1652 2418 1723 2465 ρον
1746 2400 1789 2448 δὲ
1810 2403 1944 2469 μανίᾳ
1965 2424 2084 2469 περιε
2073 2404 2142 2454 ἐπ
2145 2425 2194 2455 σε
2223 2407 2338 2455 καὶ
2322 2409 2404 2455 υπὸ
2423 2407 2696 2472 κροκοδείλου
2716 2388 2970 2487 διεφθάρηῐξ

1714 2478 1883 2523 ΕιιεεΙ).
1909 2481 2085 2525 Chron.
2111 2498 2159 2542 p.
2186 2499 2281 2544 97·
2302 2485 2439 2529 Nona
2458 2485 2678 2541 dynastia
2697 2457 2965 2543 Heraclea?

2938 2518 2978 2591 ‘i

1643 2552 1896 2612 politanam
1917 2555 1951 2597 Ι
1953 2555 2001 2596 V
2007 2569 2183 2616 regum,
2205 2560 2343 2600 tennis
2356 2556 2409 2603 C.
2427 2557 2598 2601 Horam
2606 2561 2794 2617 primus
2809 2546 2978 2620 Ochi-31.

1648 2627 1738 2667 tois
1755 2629 2032 2670 saevissimus
2057 2643 2216 2686 regum
2221 2628 2349 2686 fult,
2368 2633 2449 2688 qui
2476 2631 2567 2674 sibi
2583 2621 2956 2690 praecesserant}

1647 2702 1991 2758 unIversamque
2006 2703 2254 2761 AEgyptam
2266 2703 2383 2746 diris
2393 2704 2738 2748 calamitatibus
2750 2700 2948 2761 affecil.-
2969 2702 2975 2715 ³

1646 2771 1781 2814 Idem
1808 2773 2005 2832 denique
2036 2779 2234 2820 vesania
2258 2786 2488 2837 correptus
2508 2787 2576 2821 est
2599 2786 2649 2821 et
2665 2793 2696 2821 a
2715 2777 2954 2824 cmcoditol

1640 2856 1916 2905 peremptas.

1711 2919 1940 2978 Excerpta
1958 2921 2162 2966 Barbara
2189 2923 2221 2966 1.
2245 2923 2277 2969 l.
2307 2932 2553 2968 numerant
2583 2919 2744 2985 regum
2769 2925 2943 2995 viginti

1647 2987 1764 3050 (pro
1789 2993 2107 3055 undeviginti)
2131 3009 2277 3039 annos
2309 3001 2420 3055 409.

1995 3131 2228 3180 DECIMA
2259 3132 2578 3177 DYNASTIA.

2253 3247 2328 3292 29.

2026 3335 2145 3380 SEC.
2171 3336 2544 3382 AFRICANUM.

1707 3437 1907 3495 Syneell.
1935 3454 1985 3498 p.
2008 3437 2087 3499 59‚
2108 3441 2143 3484 B
2161 3453 2173 3485 ε
2193 3431 2366 3507 Δεκᾴτη
2388 3438 2615 3487 δυναστεία
2632 3439 2933 3506 Ἡρακλεο-

1642 3509 1881 3556 πολιτῶν
1906 3511 2182 3573 βασιλέων
2206 3516 2250 3559 ιθ
2266 3511 2300 3572 ’,
2321 3511 2362 3560 οἳ
2381 3512 2665 3561 ἐδασίλευσαν
2685 3512 2760 3573 ἔτη
2789 3512 2901 3580 ρπε’.,

2247 3642 2324 3687 30.

2042 3752 2162 3799 SEC.
2201 3751 2523 3799 EUSEBIUM.

1703 3866 1849 3912 Idem.
1872 3882 1919 3926 p.
1943 3867 2072 3923 60,B
2094 3883 2104 3911 :
2132 3865 2304 3924 Δεκάτη
2338 3865 2566 3914 δυναστεία
2587 3866 2903 3933 Ἡρακλεοπολι

1702 4012 1871 4059 Euseb,
1886 4011 2063 4058 Chron.
2078 4026 2127 4071 p.
2144 4028 2204 4073 97
2221 4028 2232 4057 :
2251 4014 2444 4058 Decima
2455 4015 2674 4073 dynastia
2682 4016 2832 4060 Herae
2863 4039 2865 4041 ·
2883 4036 2894 4055 e

2221 4264 2235 4290 0
