3016 4628
1009 319 1147 393 ΕΚ
1209 320 1411 394 ΤΗΣ
1477 320 1940 397 ΙΣΤΟΡΙΑΣ

487 577 1230 683 ΔΙΟΝΥΣΙΟΥ
1308 580 2481 697 ΑΛΙΚΑΡΝΑΣΣΕΩΣ.

575 970 690 1033 [ΕΚ
725 970 885 1019 ΒΙΒΛ.
926 968 1044 1031 lss‘.]
1473 974 1484 1009 ¹
1971 991 2028 1042 [E
2056 994 2207 1062 Lissno
2235 995 2351 1045 x11.]

52 1107 59 1129 ι,
153 1117 157 1123 .
222 1082 323 1130 *Ότι
357 1083 482 1142 λιμοῧ
527 1077 640 1127 κατὰ
685 1077 760 1136 τὴν
787 1077 965 1141 Ῥώμην
986 1078 1208 1141 γενομένου
1227 1080 1408 1144 ἰσχυροῦ
1426 1118 1438 1139 ,
1569 1097 1689 1135 Fame
1714 1107 1783 1147 per
1810 1098 1948 1152 urbem
1976 1100 2184 1151 saeviente,
2212 1101 2272 1140 vir
2302 1103 2454 1152 generis
2474 1104 2580 1144 band
2599 1106 2753 1147 obscuri
2771 1111 2810 1148 et

48 1183 103 1239 εδδ

48 1318 89 1352 p

60 1402 89 1419 ι

48 1419 95 1482 ε

40 1490 94 1548 ‘'25.

48 1230 53 1251 l
73 1235 106 1271 ''J’'

66 1262 102 1308 2s.

98 2203 100 2211 s
153 2159 327 2225 ἀγορὰν,
360 2160 568 2226 διεμέτρει
592 2162 644 2224 (5)
670 2167 757 2215 τοῖς
781 2161 998 2221 πολίταις,
1024 2161 1118 2208 ἀντὶ
1143 2161 1308 2210 δώδεκα
1329 2164 1435 2228 δρα-

156 1153 263 1218 ἀνήρ
298 1173 359 1208 τις
382 1152 497 1199 ‘'zm‘'
522 1171 567 1198 τε
603 1152 681 1198 Οὐκ
709 1153 892 1216 ἀφανοῦς
924 1150 999 1197 καὶ
1032 1150 1253 1216 χρήμασιν
1289 1154 1332 1198 ἐν
1356 1171 1443 1206 τοις
1518 1178 1658 1229 opibus
1676 1191 1797 1230 quam
1818 1181 1991 1220 maxime
2003 1183 2167 1232 pollens,
2195 1184 2360 1233 Spurius
2395 1187 2651 1237 Moelius,‹:ui
2673 1191 2810 1230 Felicis

131 1224 348 1290 *mihera
369 1222 567 1283 δυνατὸς,
592 1222 776 1287 Σπόριος
795 1222 990 1276 Μάλλιος
1018 1224 1068 1285 (1)
1086 1259 1097 1280 ,
1121 1222 1333 1284 εὐδαίμων
1347 1224 1440 1270 ε’πί-

449 1299 476 1310 Ν
634 1299 660 1310 Ν
737 1296 749 1312 ‚
846 1294 857 1311 ,
1089 1294 1099 1313 x
1165 1294 1174 1312 ,
1517 1264 1823 1311 cognomentum
1850 1264 1902 1303 ob
1918 1265 2113 1305 bonorum
2131 1266 2429 1319 abundantiam,
2452 1280 2578 1321 nuper
2594 1271 2810 1312 hereditate

156 1297 308 1354 κλησιν
333 1295 404 1370 ἐπὶ,
423 1314 498 1354 της
521 1296 682 1353 πολλης
710 1313 930 1358 ευποριας,
951 1313 1105 1341 νεωστι
1126 1314 1203 1355 μεν
1224 1296 1441 1359 παρειλη-

157 1366 244 1431 φὼς
268 1366 337 1414 τὸν
361 1371 474 1415 οἰκον
503 1371 576 1414 τοῦ
610 1365 797 1431 πατρὸς,
823 1365 995 1426 ἡλικίαν
1035 1365 1079 1413 δὲ
1115 1366 1190 1429 (ιν)
1214 1366 1289 1413 καὶ
1321 1365 1440 1421 τάξιν

155 1439 267 1504 ἔχων
291 1439 492 1502 ἱππικὴν,
522 1432 590 1487 οἶα
632 1438 740 1502 μήτε
781 1438 919 1504 ἀρχὰς
941 1438 1299 1503 παραλαμςάνεῑν
1330 1439 1440 1500 μήτε
1515 1432 1750 1484 adscriptus,
1768 1445 1898 1484 neque
1917 1435 2147 1486 magistratu
2161 1448 2292 1488 neque
2304 1439 2381 1478 alio
2401 1440 2542 1490 quovis
2561 1452 2725 1482 munere
2737 1453 2809 1492 pu·

155 1512 290 1571 ἄλλην
314 1512 456 1569 κοινὴν
476 1510 722 1572 ἐπιμέλειαν
742 1511 975 1574 μηδεμίαν,
995 1512 1193 1576 λαμπρὸς
1221 1513 1256 1557 εἰ
1277 1511 1351 1558 καί
1377 1531 1440 1565 τις
1518 1511 1619 1551 blico
1645 1523 1822 1562 unquam
1857 1513 2040 1564 functus,
2071 1515 2246 1555 ceterum
2277 1516 2420 1567 siquis
2457 1518 2557 1559 alius
2593 1530 2636 1559 re
2669 1519 2811 1559 bellica

1516 1348 1679 1397 paterna
1702 1349 1872 1400 potitus,
1894 1349 1935 1390 in
1947 1351 2077 1391 aetatis
2096 1351 2194 1392 ssore
2213 1355 2470 1404 constitutus,
2493 1357 2618 1397 ordini
2637 1361 2808 1410 equestri

46 1571 91 1643 ’,αξη
156 1584 281 1638 ἄλλος
304 1583 358 1630 τὰ
377 1583 592 1646 πολεμικὰ
619 1585 668 1647 (2)
682 1621 695 1646 ,
719 1584 793 1630 καὶ
810 1584 981 1638 πολλοῖς
1002 1582 1321 1645 κεκοσμημένος
1346 1587 1440 1648 ἀρι-
1515 1588 1645 1627 clarus
1664 1589 1881 1638 multisque
1899 1589 2060 1630 virtutis
2082 1591 2255 1640 praemiis
2274 1594 2439 1632 ornatus
2459 1609 2468 1632 ι
2490 1593 2523 1632 is
2543 1594 2675 1644 igitur,
2698 1606 2808 1645 egre-

80 1702 83 1703 .
155 1654 330 1718 στείοις,
354 1655 580 1719 κράτιστον
602 1654 831 1702 ὑπολαὸὼν
856 1655 1003 1720 καιρὸν
1026 1656 1211 1702 ἐπιθέσει
1232 1656 1436 1720 τυραννί-
1513 1668 1618 1718 giam
1637 1669 1856 1718 tyrannidis
1870 1670 2104 1710 affectandae
2123 1671 2369 1711 occasionem
2389 1683 2471 1712 sese
2491 1675 2653 1713 nactum
2674 1678 2783 1715 ratus
2797 1706 2808 1724 ‚

52 1772 54 1775 ψ
91 1779 94 1781 ,
155 1729 244 1785 δος,
276 1727 345 1776 ἐπὶ
367 1726 651 1791 δημαγωγίαν
676 1732 749 1775 τοῦ
784 1727 970 1785 πλήθους
998 1727 1229 1792 ἐτράπετο,
1256 1727 1334 1786 τὴν
1360 1731 1437 1794 50,ss-
1514 1748 1678 1797 gratiam
1710 1749 1750 1788 et
1776 1749 2055 1789 auctoritatem
2082 1751 2314 1801 popularem
2345 1754 2505 1802 captare
2540 1754 2659 1803 eoepit
2685 1769 2694 1792 :
2719 1765 2810 1804 quae

154 1798 319 1857 οἵώνην
353 1801 437 1845 τῶν
459 1798 529 1845 ἐπὶ
549 1798 778 1864 τυραννίδα
814 1802 1029 1863 φερουσῶν
1055 1800 1186 1869 ὁδῶν·
1214 1798 1367 1864 Ἔχων
1394 1799 1437 1847 δὲ
1513 1826 1675 1876 quidem
1688 1827 1752 1865 via
1778 1827 1958 1866 omnium
1975 1828 2159 1868 facillime
2179 1829 2228 1868 ad
2246 1830 2496 1880 tyrannidem
2525 1830 2669 1871 ducere
2694 1834 2807 1874 solet.

153 1870 334 1926 πολλοὺς
359 1870 548 1936 ἑταίρους
564 1870 638 1918 καὶ
659 1871 849 1926 πελάτας
863 1908 876 1930 ,
902 1871 1055 1925 ἄλλους
1076 1871 1185 1935 άλλη
1213 1872 1436 1938 διέπεμψε,

151 1943 356 2008 χρήματα
375 1942 468 1998 δοὺς
484 1946 531 1991 ἐκ
546 1946 630 1991 τῶν
655 1943 771 1991 ἰδίων
794 1945 837 1998 ἐς
868 1943 1162 2007 συναγυρμοὺς
1185 1944 1235 2009 (3)
1258 1949 1436 2010 τροφῆς·

151 2016 223 2064 καὶ
251 2016 375 2071 αὐτὸς
394 2018 452 2070 εἷς
464 2017 709 2082 Τυρρηνίαν
730 2017 779 2077 (4)
793 2015 944 2082 ᾤχετο.
959 2017 1035 2066 Ἐν
1063 2018 1219 2082 βραχεῖ
1239 2019 1280 2064 δὲ
1295 2018 1438 2084 χρόνῳ

152 2089 206 2135 δι’
231 2091 381 2136 ἑαυτοῦ
408 2107 454 2135 τε
495 2089 568 2135 καὶ
608 2091 692 2136 τῶν
734 2089 912 2153 ἑταίρων
942 2089 1107 2147 πολλὴν
1143 2090 1438 2153 κατακομίσας

1514 1907 1652 1956 ltaque
1668 1917 1794 1956 quum
1828 1907 1976 1946 multos
2003 1907 2218 1956 ,familiares
2242 1909 2282 1947 et
2303 1909 2464 1949 clientes
2490 1909 2676 1962 haberet,
2713 1911 2810 1951 alios

1513 1984 1683 2034 dimisit,
1704 1986 1774 2035 qui
1793 1986 1959 2039 pecunia
1987 1986 2072 2035 eJus
2103 1987 2259 2036 privata
2278 1986 2525 2027 frumentum
2556 1993 2807 2039 coemerent;

1513 2061 1731 2113 eodemque
1747 2063 1828 2113 ipse
1851 2063 2014 2103 consilio
2033 2063 2074 2102 in
2096 2063 2293 2103 Etruriam
2315 2065 2513 2114 profectus
2524 2066 2596 2105 est.
2618 2067 2669 2106 Et
2684 2078 2808 2116 quum

1512 2141 1622 2182 brevi
1635 2152 1817 2192 magnam
1834 2153 2003 2181 annonae
2017 2142 2172 2192 copiam
2195 2143 2283 2181 tum
2299 2153 2370 2182 sua
2381 2143 2469 2181 tum
2483 2143 2676 2184 sodalium
2689 2157 2809 2196 opera

1512 2219 1552 2258 in
1566 2220 1706 2259 urbem
1736 2219 1981 2258 convexisset
1992 2249 2003 2269 ,
2018 2219 2119 2258 inter
2131 2219 2237 2259 cives
2259 2230 2345 2258 eam
2362 2219 2654 2271 dimetiebatur,
2681 2225 2808 2274 pretio

151 2235 274 2296 ’[μῶν
297 2233 534 2297 διδράχμου
572 2235 826 2297 ἀπομετρῶν
847 2232 920 2280 τὸν
947 2232 1090 2296 μόδιον
1106 2251 1117 2262 ·
1153 2233 1274 2288 ὅσους
1296 2234 1339 2281 δὲ
1378 2234 1437 2281 αἴ-

171 2287 181 2296 ⁴
1512 2296 1635 2336 modii
1651 2307 1673 2335 a
1689 2296 1895 2335 duodecim
1913 2295 2112 2334 drachmis
2127 2295 2175 2334 ad
2188 2295 2286 2336 duas
2301 2298 2487 2350 reduct03
2504 2303 2701 2352 quotquot
2713 2313 2808 2342 vero

151 2310 292 2352 σθοιτο
330 2305 606 2352 παντάπασιν
629 2306 860 2359 ἀδυνάτους
905 2305 979 2352 καὶ
1005 2307 1108 2368 μηδ’
1137 2304 1186 2370 (a)
1227 2304 1333 2371 ὑπὲρ
1362 2311 1437 2364 τῆς

0 2396 1 2403 ,
151 2376 365 2441 &mut-{pou
394 2381 550 2442 τροφῆς
581 2376 758 2441 ἔγοντας
789 2376 995 2442 προέσθαι
1039 2377 1088 2424 τὸ
1113 2378 1309 2443 διάφορον
1336 2378 1436 2425 ἄνευ
1512 2385 1671 2424 prorsus
1689 2385 1831 2424 egenos
1853 2375 2019 2413 noverat
2038 2375 2077 2412 et
2093 2374 2158 2424 qui
2189 2385 2239 2414 ne
2255 2376 2476 2424 quotidiani
2498 2378 2660 2428 quidem
2678 2380 2808 2419 victus

148 2452 275 2510 τιμῆς
300 2447 594 2513 χαριζόμενος.
625 2446 777 2510 Ταύτῃ
802 2452 856 2512 τῇ
878 2449 1176 2514 φιλανθρωπίᾳ
1201 2450 1271 2496 τὸν
1297 2451 1433 2511 δῆμον
1514 2453 1731 2503 impensam
1747 2453 1872 2491 facere
1885 2452 2062 2502 possent,
2083 2451 2127 2490 iis
2145 2452 2227 2491 sine
2239 2453 2364 2502 pretio
2383 2454 2692 2503 gratificabatur.
2718 2460 2807 2503 Qua

63 2519 103 2588 γ’·
150 2520 380 2567 ἀναλαὸὼν
412 2520 486 2567 καὶ
519 2519 772 2583 θαυμαστὴν
797 2518 900 2580 ὅσην
938 2520 1061 2576 δόξαν
1094 2522 1436 2584 ἀπενεγκάμενος
1511 2529 2807 2579 humanitatepostquampopulisavoremsibiconciliaveratetmi-

20 2643 25 2649 2
64 2597 81 2647 ξ·
140 2591 287 2656 ,ᾤχετο
307 2594 436 2639 πάλιν
461 2591 828 2658 ἐμπορευσάμενος
852 2592 998 2657 ἑτέρας
1011 2593 1166 2658 ἀγοράς
1179 2614 1188 2623 ·
1205 2594 1279 2642 καὶ
1292 2598 1434 2657 παρῆν
1511 2619 1600 2646 rum
1617 2609 1807 2657 quantam
1824 2607 1994 2646 nominis
2014 2606 2284 2646 celebritatem
2303 2609 2444 2648 nactus
2469 2610 2578 2658 erat,
2599 2610 2730 2650 denuo
2755 2612 2805 2650 ad

147 2667 193 2712 οὖ
221 2665 290 2712 διὰ
325 2670 494 2731 μακροῦ
519 2665 795 2728 ποταμηγοὺς
835 2667 884 2728 (7)
922 2665 1037 2727 ἄγων
1070 2666 1238 2731 σκάφας
1272 2666 1434 2720 πολλὰς
1511 2697 1708 2726 annonam
1729 2671 1984 2736 quaerendam
2005 2685 2205 2734 profectus
2228 2686 2300 2733 est,
2323 2697 2397 2726 nec
2423 2687 2551 2727 multo
2578 2690 2668 2738 post
2691 2690 2806 2730 rediit

34 2744 60 2805 ἶ
149 2737 261 2784 πάνυ
285 2737 394 2799 μετὰ
434 2741 591 2802 τροφῆς
607 2758 616 2767 “
638 2737 712 2784 καὶ
739 2738 812 2784 τὸν
837 2738 963 2786 αὐτὸν
987 2739 1142 2803 τρόπον
1172 2745 1258 2792 τοῖς
1285 2739 1434 2801 [πολί’
1509 2778 1629 2806 naves
1648 2766 1860 2805 fluviatiles
1875 2765 2025 2804 ducens
2041 2766 2169 2804 multo
2187 2766 2351 2806 refertas
2368 2767 2567 2807 frumento
2583 2799 2594 2818 ,
2620 2770 2726 2820 quod
2751 2771 2804 2810 si-

147 2811 265 2873 ταις]
293 2808 477 2874 ἐμέτρει·
497 2812 554 2858 Οἱ
580 2808 624 2857 δὲ
643 2810 861 2876 πατρίκιοι
882 2815 1018 2857 ταῦτα
1033 2810 1278 2872 πράττοντα
1300 2814 1430 2875 ὁρῶν“
1508 2844 1591 2883 cuti
1610 2843 1725 2882 antea
1744 2843 1896 2882 civibus
1914 2841 2208 2883 dimetiebatur.
2264 2845 2361 2883 Haec
2377 2844 2555 2884 videntes
2573 2846 2728 2896 patricii
2748 2848 2804 2886 ni·

147 2899 215 2934 τες
242 2881 368 2929 αὐτὸν
393 2882 578 2946 ὑποψίας
607 2901 652 2928 τε
680 2881 922 2942 ἐλάμὸανον
947 2885 1024 2939 τῆς
1059 2883 1168 2945 ἄγαν
1193 2883 1434 2948 φιλοτιμίας

145 2957 220 2999 τοῦ
245 2953 421 3018 ἀνδρὸς,
462 2953 580 3001 οὐδὲν
616 2955 779 3015 ἀγαθοῦ
820 2953 1081 3001 ἀπολαύσειν
1116 2954 1300 3016 οἰόμενοι
1313 2991 1326 3012 ,
1357 2954 1431 3002 καὶ

147 3025 444 3084 συνιστάμενοι
480 3025 593 3072 κατὰ
620 3026 699 3083 τὴν
732 3024 891 3090 ἀγορὰν
915 3026 1126 3074 ἐσκόπουν
1161 3029 1304 3074 ὅντινα
1339 3026 1424 3092 χρὴ

146 3094 298 3159 τρόπον
333 3096 668 3162 εὐπρεπέστερον
702 3096 802 3144 ἄνευ
841 3097 1034 3145 κινδύνου
1072 3102 1237 3158 παῦσαι
1270 3098 1429 3145 τούτων

147 3165 272 3213 αὐτὸν
294 3169 376 3213 τῶν
405 3168 744 3230 πολιτευμάτων,
776 3167 918 3234 κρύφα
954 3167 1030 3231 μὲν
1068 3169 1116 3216 τὸ
1150 3173 1318 3234 πρῶτον
1356 3170 1429 3217 καὶ

146 3239 242 3284 κατ’
266 3238 427 3301 ὀλίγους
451 3240 659 3294 συνιόντες
675 3240 748 3287 καὶ
769 3240 1062 3304 διαλεγόμενοι
1083 3241 1189 3306 πρὸς
1204 3241 1430 3302 ἀλλήλους,

147 3308 292 3358 ἔπειτα
312 3311 386 3358 καὶ
410 3313 457 3359 ἐκ
476 3317 550 3359 τοῦ
574 3318 756 3378 φανεροῦ
777 3313 1073 3367 καταὸοῶντες
1084 3353 1097 3373 ‚
1125 3313 1272 3372 ἐπειδὴ
1289 3314 1430 3379 ,βαρύς
1505 3315 1623 3355 etiam
1632 3325 1683 3354 ex
1698 3314 1832 3363 aperto
1844 3311 2005 3362 agereet
2014 3310 2254 3351 clamoribus
2263 3313 2451 3362 Spurium
2465 3325 2649 3355 accusare
2666 3332 2673 3354 :
2688 3315 2800 3354 nimi·

1507 2923 1629 2962 miam
1649 2921 1722 2961 viri
1752 2920 2010 2960 ambitionem
2043 2919 2343 2970 suspectabant,
2365 2932 2438 2961 nec
2461 2921 2554 2962 boni
2584 2924 2801 2974 quidquam

1506 3002 1598 3055 inde
1611 3000 1683 3051 sibi
1699 2985 1908 3040 evasurum
1928 2998 2238 3049 augurabantur.
2291 3000 2343 3038 Et
2355 3001 2542 3040 coeuntes
2558 3001 2596 3039 in
2625 3002 2710 3040 foro
2739 3003 2802 3041 di-

1505 3079 1720 3130 spiciebant
1731 3089 1826 3117 num
1836 3087 1915 3127 qua
1925 3075 2076 3116 ratione
2088 3076 2262 3126 speciosa
2276 3077 2424 3126 absque
2436 3077 2609 3126 periculo
2625 3081 2803 3119 avertere

1506 3158 1693 3210 Spurium
1706 3167 1730 3195 a
1749 3155 1887 3206 coeptis
1899 3155 1982 3195 istis
1993 3155 2165 3205 possent.
2183 3157 2421 3206 congressus
2434 3154 2489 3193 illi
2508 3154 2681 3205 primum
2697 3159 2801 3196 clan-

1506 3234 1647 3275 destini
1663 3234 1777 3273 erant
1797 3233 1837 3272 et
1867 3241 2087 3282 paucorum
2105 3231 2206 3270 inter
2237 3242 2279 3271 se
2296 3233 2515 3284 colloquia,
2533 3235 2673 3274 deinde
2706 3247 2801 3274 vero

71 3419 75 3428 .
95 3415 103 3435 ·.
145 3401 191 3429 τε
213 3383 264 3446 (8)
291 3383 365 3430 καὶ
393 3384 602 3450 ἀφόρητος
619 3390 688 3445 ἠν,
710 3385 821 3451 ἔργῳ
844 3405 891 3433 τε
918 3386 1118 3450 πράττων
1139 3387 1430 3452 ὑπερηφανίας
1504 3405 1595 3433 rum
1612 3392 1800 3432 molestus
1817 3390 2032 3430 admodum
2049 3391 2088 3429 et
2101 3389 2216 3438 plane
2231 3388 2488 3431 intolerabilis
2507 3394 2699 3442 evaserat,
2712 3394 2798 3432 tum

194 3522 230 3560 Ι.
259 3521 346 3561 Fol.
369 3512 468 3572 186,
489 3527 504 3562 1
541 3534 579 3563 r.
602 3544 654 3553 —
677 3527 748 3563 193
763 3555 774 3574 ‚
801 3528 823 3565 8
845 3535 882 3564 r.
911 3526 1011 3570 Quae
1035 3525 1110 3564 hoc
1133 3525 1220 3563 loco
1239 3524 1288 3564 de
1314 3528 1381 3574 Sp.
1408 3524 1537 3564 Maelio
1557 3525 1785 3570 narrantur,
1803 3523 1913 3562 Titus
1936 3522 2069 3560 Livius
2088 3521 2250 3570 exponit
2265 3521 2333 3559 lib.
2354 3523 2424 3569 IV,
2446 3532 2481 3560 c.
2510 3525 2554 3584 i6
2577 3532 2686 3570 sqq.;
2706 3532 2797 3560 suc-

145 3577 308 3618 cinctius
317 3579 367 3618 de
383 3579 521 3620 iisdem
538 3593 560 3621 e
578 3582 716 3621 Dionis
737 3582 858 3621 Cassii
879 3582 988 3621 libris
1006 3582 1217 3632 deperditis
1236 3583 1316 3632 agit
1328 3585 1500 3621 Zonaras
1520 3583 1590 3619 Vll
1603 3610 1614 3629 ‚
1631 3586 1701 3628 203
1724 3579 1860 3629 paucis
1876 3589 1960 3617 rem
1977 3579 2146 3627 tangunt
2162 3576 2399 3625 complures,
2421 3579 2464 3615 ut
2478 3579 2616 3616 Cicero
2638 3580 2695 3616 De
2710 3588 2792 3626 rep.

145 3638 208 3687 11,
227 3641 290 3678 27.
317 3644 387 3687 29;
405 3641 504 3680 cato
527 3646 599 3689 16,
633 3646 708 3689 56;
731 3643 806 3680 Pro
827 3641 961 3680 Milon.
984 3644 1031 3681 27
1048 3671 1059 3691 ‚
1085 3645 1162 3691 72;
1182 3641 1222 3680 in
1242 3641 1402 3682 catilin.
1427 3642 1468 3689 Ι,
1493 3634 1606 3687 1,”4;
1633 3638 1796 3687 Philipp.
1821 3639 1884 3686 ll,
1913 3639 1986 3684 44,
2012 3639 2108 3683 114;
2131 3635 2226 3674 Lael.
2255 3639 2324 3682 li,
2350 3640 2411 3673 36.
2436 3635 2576 3700 .F¹⁰r¹¹.S
2599 3637 2637 3683 Ι,
2659 3641 2730 3683 26,
2756 3639 2795 3683 7,

143 3694 222 3735 alii.
243 3696 303 3736 ef.
324 3696 442 3736 etiam
460 3697 510 3738 de
536 3699 771 3749 AEquimelio
791 3700 930 3739 Cicero
954 3701 1013 3738 De
1031 3698 1155 3738 divin.
1186 3701 1221 3738 ll
1235 3729 1246 3747 ,
1275 3702 1344 3747 ¹73
1368 3701 1444 3737 Pro
1462 3697 1581 3735 domo
1602 3700 1673 3745 38,
1699 3702 1766 3735 101
1786 3708 1797 3744 ;
1819 3694 2000 3734 Valerius
2019 3695 2127 3733 Max.
2149 3695 2203 3732 VI
2217 3722 2228 3741 ,
2258 3696 2305 3758 ἔξ,
2333 3698 2373 3758 ,1.
2391 3695 2608 3758 .Ι)ιοηγειυε
2630 3692 2794 3757 eandem

143 3763 262 3803 quam
277 3753 410 3794 Livius
425 3757 686 3796 narrationem
703 3757 898 3806 sequitur,
915 3768 1059 3797 verum
1075 3757 1201 3795 multo
1210 3756 1342 3802 „fusius
1358 3766 1443 3794 rem
1458 3753 1582 3793 tradit
1597 3782 1607 3800 ‚
1630 3754 1669 3791 et
1685 3754 1827 3802 praeter
1846 3751 2111 3790 narrationem
2128 3780 2139 3799 ,
2162 3761 2253 3799 quae
2271 3761 2342 3799 ipsi
2362 3750 2569 3788 videbatur
2588 3751 2794 3788 verisimil-

70 3817 76 3825 ·
143 3808 237 3849 lima
250 3819 344 3857 esse,
359 3809 475 3849 aliam
487 3812 686 3862 subjungit
703 3823 754 3852 ex
768 3812 1050 3863 probatissimis
1064 3813 1305 3860 auctoribus,
1324 3815 1370 3852 L.
1390 3812 1527 3852 Cincio
1544 3811 1742 3850 Alimento
1758 3810 1797 3848 et
1814 3807 2027 3856 Calpurnio
2046 3807 2201 3857 Pisone,
2220 3807 2441 3856 repetitam.
2462 3810 2590 3853 Quam
2614 3806 2645 3844 si
2662 3808 2794 3843 nosset

142 3866 375 3906 Niebulirius
394 3867 551 3916 (Roem.
586 3871 728 3911 Gesclz.
762 3874 820 3920 11,
845 3882 888 3921 p.
916 3875 992 3911 470
1023 3883 1110 3921 sqq.
1126 3871 1139 3920 )
1153 3899 1164 3919 ‚
1192 3872 1320 3910 multo
1343 3871 1463 3910 etiam
1490 3867 1754 3909 confidentius
1781 3866 2014 3905 memoriam
2034 3868 2102 3915 Sp.
2130 3865 2249 3904 Maelii
2275 3864 2325 3903 ab
2352 3864 2549 3903 affectatae
2575 3862 2793 3928 tyrannidis

143 3922 304 3963 crimine
321 3933 508 3975 purgare,
531 3936 578 3965 ac
597 3927 854 3976 patriciorum
875 3928 1005 3978 potius
1020 3928 1111 3967 odio
1131 3929 1263 3967 virum
1281 3939 1512 3979 oppressum
1531 3927 1661 3967 dicere
1682 3924 1942 3964 sustinuisset.
1964 3944 2017 3952 —
2038 3925 2319 3974 Fragmentum
2347 3924 2528 3961 nostrum
2548 3931 2570 3960 e
2590 3921 2689 3958 libro
2718 3922 2791 3958 ΧΙΙ

142 3979 416 4031 depromptum
432 3993 516 4024 esse
533 3995 612 4023 non
630 3986 689 4024 est
709 3995 779 4023 cur
801 3986 980 4034 pluribus
995 3986 1214 4025 ostendam.
2618 4031 2626 4042 .

195 4043 229 4077 1.
247 4038 423 4092 Μάλλιος]
444 4042 694 4082 codexmodo
712 4043 879 4088 Μάλλιος
897 4044 1183 4088 τηοᾶοΜάλιος.
1201 4043 1350 4083 Eodem
1373 4043 1492 4083 modo
1513 4041 1666 4081 codices
1680 4042 1915 4079 zonarae.—
1928 4038 1991 4078 1*.
2010 4036 2082 4087 δὲ]
2097 4051 2136 4076 τε
2154 4035 2424 4102 codex.--2.⁷t
2438 4030 2653 4103 okxepzxof]
2666 4031 2788 4071 codex

141 4095 303 4146 πολέμια
315 4127 326 4145 ,
342 4099 453 4148 quod
467 4100 540 4139 etsi
558 4103 768 4150 excerptor
783 4112 855 4150 pro
870 4102 1060 4152 πολεμικὰ
1075 4111 1266 4151 usurpare
1281 4103 1411 4151 potnit
1421 4131 1432 4150 ,
1450 4111 1473 4139 a
1490 4099 1675 4149 Dionysio
1690 4100 1823 4137 tamen
1838 4097 2008 4136 alienum
2027 4098 2099 4135 est.
2120 4093 2411 4162 Deinde'codex
2433 4105 2496 4129 και
2512 4102 2701 4157 αοσμενης
2717 4099 2788 4138 pro

142 4156 382 4203 κεκοσμένης.
397 4183 444 4195 --
461 4163 500 4197 3.
518 4158 560 4204 ἐς
576 4158 761 4210 συναγ.]
778 4159 1082 4210 ἐκσυναγυρμοὺς
1098 4159 1236 4198 codex.
1251 4183 1302 4192 -
1314 4162 1351 4198 4.
1371 4162 1434 4199 Τυ
1445 4172 1552 4210 ρρην
1563 4157 1574 4196 ί
1585 4156 1652 4206 αν]
1669 4154 1865 4205 τυραννίαν
1879 4154 2019 4192 codex.
2034 4174 2086 4181 --
2099 4158 2133 4191 5.
2151 4153 2219 4221 διε
2230 4163 2367 4201 μετρε
2378 4148 2405 4198 ι]
2419 4149 2576 4196 διεμερει
2593 4144 2789 4211 codex:—

143 4213 181 4249 6·
199 4211 320 4263 μηδ’]
338 4215 423 4264 μήδ’
437 4215 576 4256 codex.
593 4238 645 4246 —
659 4221 697 4257 7.
716 4231 744 4256 π
755 4215 1037 4268 οταμηγοὺς]
1054 4218 1287 4268 ποτκμιγοὺς
1303 4217 1441 4258 codex.
1462 4220 1550 4256 Mox
1565 4214 1762 4266 inseruiv.
1781 4212 1964 4256 πολίταις.
1982 4233 2031 4241 -
2045 4215 2081 4250 8.
2099 4209 2163 4260 τε]
2182 4223 2234 4249 ετι
2252 4208 2389 4248 codex.
2402 4209 2429 4246 F
2433 4206 2509 4244 ort.
2531 4205 2613 4243 erat
2628 4203 2787 4253 βαρυτε·
