3008 4542
181 230 198 267 t

151 302 154 305 ·
228 301 328 355 ,536

234 421 352 463 quos
377 404 691 449 desideramus
710 419 855 449 annos
879 404 987 460 184,
1010 419 1187 448 summa
1199 412 1265 449 est
1284 419 1359 450 an.
1382 403 1523 456 1462.

230 478 460 536 Dynastiis
488 477 809 521 XX-XXVI
841 478 1112 522 tribuuntur
1134 477 1242 520 anni
1278 475 1387 521 681.
1427 477 1528 520 Ιο1-

232 550 346 592 tium
369 538 586 608 dynastiae
606 549 785 594 XXVII
801 583 814 605 ‚
841 551 934 594 sive
952 550 1130 609 primus
1153 564 1300 592 annus
1323 549 1526 607 Camby-

229 621 311 676 sis‚
330 622 366 664 si
389 621 599 679 ponitur,
621 622 690 665 uti
712 621 868 678 debet,
887 623 936 664 in
956 637 1033 667 an.
1062 619 1154 667 525
1174 636 1216 667 a.
1241 621 1312 676 C.,
1337 621 1526 663 initium

230 691 448 751 dynastiae
470 693 566 736 XX
590 693 714 737 cadit
733 694 867 739 inan.
901 693 1048 749 12063
1071 691 1175 736 finis
1199 692 1309 751 dyn.
1333 692 1454 736 XIX
1479 693 1529 735 in

232 780 310 808 an.
339 780 491 821 1207;
518 763 622 809 finis
639 765 826 825 periodi
850 766 1074 810 Sothiacae
1095 766 1143 808 in
1177 780 1251 811 an.
1280 763 1417 809 1208.
1439 765 1528 807 Hic

228 852 343 881 vero
363 852 509 882 annus
535 845 599 882 est
613 838 778 882 excidii
790 837 979 896 Trojani
1003 853 1060 882 ex
1084 852 1174 881 aera
1198 836 1517 881 celeberrima.

227 906 366 953 Unde
386 910 557 969 colligo
590 925 789 969 graecum
812 919 1052 953 auctorem
1076 909 1296 953 Chronici
1315 907 1375 951 ad
1399 909 1526 951 Tro-

221 981 380 1038 janam
396 982 647 1041 epocham,
665 982 833 1027 Graecae
844 982 1045 1025 historiae
1063 994 1365 1039 parapegma,
1385 977 1527 1023 finem

227 1055 347 1112 cycli
372 1052 646 1098 canicularis
688 1053 907 1098 direxisse
944 1051 1015 1111 (Ἴ.
1067 1054 1360 1111 Quamquam
1390 1053 1524 1096 etiam

226 1126 315 1170 alia
345 1141 392 1170 se
417 1126 555 1170 offert
599 1127 747 1186 ratio,
782 1140 874 1184 qua
911 1141 936 1168 a
960 1126 1096 1169 Mene
1131 1126 1224 1169 sive
1250 1141 1273 1168 a
1298 1125 1387 1168 XV
1436 1123 1525 1183 dy-

227 1198 374 1242 nastia
407 1199 591 1241 initium
616 1197 734 1256 cycli
774 1197 978 1241 nancisci
1002 1198 1164 1256 possis.
1191 1196 1374 1240 Etenim
1413 1195 1525 1239 duo-

225 1267 378 1312 decim
403 1269 468 1312 dii.
492 1277 686 1329 regnant
709 1284 782 1313 an.
815 1267 958 1328 3984,
985 1268 1175 1313 semidei
1194 1285 1270 1315 an.
1295 1284 1388 1325 217
1423 1284 1432 1311 ε
1459 1289 1526 1308 ==

227 1343 371 1392 4201,
394 1341 571 1398 Quibus
584 1342 620 1384 si
644 1340 775 1384 addis
792 1356 937 1385 annos
968 1340 1076 1396 184,
1094 1356 1271 1385 summa
1294 1350 1360 1384 est
1376 1356 1524 1384 anno-

223 1427 330 1456 rum
343 1411 484 1469 4385,
504 1414 598 1457 sive
614 1412 832 1465 3><1461
846 1419 956 1462 ><2.
982 1413 1144 1457 Sedne
1165 1412 1318 1456 dicam
1336 1413 1394 1456 de
1411 1412 1525 1457 duo-

222 1484 311 1529 bus
331 1487 460 1530 annis
488 1487 570 1544 qui
593 1485 856 1540 abundant,
878 1486 998 1529 ratio
1024 1486 1122 1529 haec
1144 1500 1200 1529 eo
1235 1501 1427 1544 quoquc
1456 1487 1525 1530 la-

222 1557 359 1601 borat
378 1557 707 1612 incommodo,
734 1557 865 1616 quod
885 1573 984 1601 000
1010 1565 1378 1601 annumerantur
1403 1555 1524 1602 Solis

157 1644 161 1647 ’
190 1626 197 1630 ’
222 1630 332 1673 3001
355 1629 513 1674 30000
541 1628 635 1694 (**).
656 1630 747 1687 Qui
765 1645 876 1674 vero
903 1630 990 1674 diis
1014 1639 1060 1674 et
1083 1629 1291 1673 semideis
1311 1630 1419 1672 anni
1455 1639 1522 1674 at-

222 1701 513 1756 tribuuntur,
541 1717 620 1745 eos
642 1716 740 1744 non
760 1709 826 1745 est
850 1717 933 1745 cur
956 1716 1242 1761 magnopere
1275 1710 1525 1760 corruptos

220 1783 451 1832 putemus.
476 1776 593 1818 Nam
613 1772 927 1818 semideorum
953 1775 1061 1818 anni
1086 1790 1175 1830 217
1203 1774 1418 1833 proxime
1442 1790 1522 1819 ac-

221 1846 395 1890 cedunt
414 1846 474 1891 ad
502 1862 575 1892 30.
614 1852 739 1899 214ξ
765 1862 881 1905 (1005
912 1846 1075 1890 iisdem
1109 1846 1322 1890 semideis
1356 1847 1519 1891 tribuit

219 1919 440 1962 Manetho
466 1918 715 1965 Panodori.
735 1920 953 1977 Beneque
966 1917 1069 1962 fieri
1093 1919 1264 1977 potuit,
1285 1927 1337 1962 ut
1358 1928 1523 1963 auctor

220 1991 443 2036 Chronici
466 1993 591 2036 hunc
629 2007 874 2036 numerum
889 2026 903 2049 ,
942 1992 1000 2035 de
1022 1991 1150 2049 cujus
1180 1993 1362 2036 ratione
1385 2008 1523 2052 supra

219 2066 503 2120 monuimus,
541 2066 696 2108 nescio
735 2064 863 2108 unde
897 2055 1202 2123 assismpserit,
1239 2065 1522 2124 reliquisque

219 2145 394 2180 temere
433 2136 747 2192 admiscuerit,
788 2145 841 2180 ut
884 2137 1058 2180 scilicet
1081 2151 1134 2180 03
1181 2152 1323 2195 (10301
1361 2145 1521 2197 postu-

218 2209 358 2265 laret,
385 2225 562 2254 summa
597 2224 827 2253 annorum
862 2206 1160 2253 conflaretur.

284 2284 432 2343 Igitur
465 2282 574 2326 anni
594 2282 667 2325 isti
693 2279 782 2333 184
821 2280 1043 2324 excidisse
1086 2280 1260 2324 debent
1282 2281 1333 2324 10
1358 2281 1523 2340 primis

218 2356 436 2415 dynastiis
457 2354 742 2400 mortalium.
764 2354 998 2411 Quaeritur
1021 2368 1228 2412 quonam
1244 2355 1366 2398 loco.
1391 2356 1518 2398 Anni

219 2427 312 2480 443
339 2426 557 2485 dynastiae
580 2427 668 2470 XV
693 2426 798 2469 satis
831 2440 878 2469 50
902 2425 1023 2469 tueri
1040 2425 1156 2468 mihi
1188 2424 1437 2482 videntur,
1463 2441 1520 2490 00

218 2498 350 2557 quod
389 2497 518 2556 apud
541 2497 894 2541 Eratosthenem
916 2511 1107 2555 quoque
1125 2497 1289 2556 primis
1314 2496 1369 2542 15
1396 2488 1518 2558 regi-

216 2572 304 2616 bus
321 2572 551 2616 Thebanis
570 2570 661 2623 443
680 2571 790 2614 3001
801 2570 1089 2626 tribuuntur;
1109 2570 1235 2615 unde
1251 2578 1407 2615 tamen
1426 2572 1519 2615 mi-

216 2646 342 2688 nime
365 2645 574 2703 sequitur
610 2651 855 2688 auctorem
895 2643 1231 2687 Chronicihaec
1263 2659 1320 2688 ex
1355 2646 1521 2688 Erato-

217 2717 375 2761 sthene
397 2725 660 2761 mutuatum
696 2731 806 2762 0550.
846 2742 912 2749 —
938 2716 1031 2773 Qui
1062 2715 1234 2761 deinde
1258 2725 1518 2776 sequuntur

217 2789 332 2833 anni
366 2788 681 2848 dynastiarum
710 2789 1024 2834 XVI—XIX
1064 2787 1351 2848 (190.,163.
1404 2788 1513 2842 348.

224 2859 358 2920 194),
389 2876 534 2919 quum
556 2861 742 2905 eosdem
759 2860 975 2904 exhibeat
999 2860 1223 2904 Eusebius
1238 2894 1250 2916 ‚
1286 2861 1398 2906 item
1419 2876 1520 2906 non

219 2941 286 2976 est
311 2947 395 2976 cur
430 2934 642 2992 corrupti
669 2947 761 2977 esse
788 2941 1079 2977 censeantur.
1119 2935 1285 2992 Itaque
1307 2935 1425 2977 nihil
1445 2949 1521 2978 re-

218 3005 402 3064 liquum
421 3013 511 3060 est,
547 3006 634 3048 nisi
661 3014 714 3048 ut
735 3020 878 3048 unam
898 3004 1155 3063 dynastiam
1174 3005 1396 3050 excidisse
1429 3021 1519 3065 pu-

218 3085 369 3121 temus
398 3078 519 3121 inter
534 3076 762 3121 decimam
783 3077 993 3134 quintam
1014 3086 1060 3121 et
1076 3076 1305 3122 decimam
1323 3086 1514 3124 sextam.

219 3174 284 3181 —
325 3149 568 3195 Africanus
608 3149 863 3208 dynastiam
895 3150 981 3195 XV
1035 3159 1243 3194 recenset
1276 3159 1518 3209 pastorum

220 3221 328 3263 anni
373 3220 482 3273 284.
525 3222 634 3265 Haec
669 3237 766 3264 000
803 3221 1052 3279 quadrant.
1096 3223 1270 3266 Contra
1311 3222 1519 3267 Africani

221 3292 427 3351 dynastia
465 3295 586 3338 XIII
615 3309 778 3353 regum
812 3294 1065 3340 Xoitarum
1111 3292 1431 3354 (Tanitarum,
1471 3296 1520 3338 in

220 3366 334 3412 Exc.
361 3365 531 3425 Barb.)
557 3381 704 3425 quum
730 3367 851 3425 ipsos
870 3367 972 3410 illos
995 3366 1083 3418 184
1105 3382 1250 3411 30005
1269 3367 1487 3413 exhibeat
1503 3402 1514 3423 ,

221 3452 340 3496 quos
363 3453 448 3482 nos
463 3437 558 3495 jam
600 3439 869 3497 quaerimus,
901 3439 1021 3482 hanc
1043 3440 1242 3483 omisisse
1269 3448 1521 3498 excerptor

219 3510 423 3555 videtur.
463 3506 712 3561 Antecedit
751 3526 827 3570 ap.
869 3510 1140 3555 Africanum
1182 3520 1227 3556 et
1267 3512 1520 3556 Eusebium

222 3582 433 3640 dynastia
453 3584 548 3627 XII
581 3597 739 3642 regem
772 3583 1167 3641 Diospolitarum,
1204 3584 1376 3642 quibus
1411 3586 1521 3628 anni

223 3654 498 3698 tribuuntur
524 3653 634 3707 453.
660 3656 791 3699 Η300
828 3669 921 3698 0550
945 3656 1211 3713 suspiceris,
1250 3656 1325 3699 cui
1361 3656 1514 3700 Chro-

221 3730 365 3772 nicon
387 3727 556 3771 tribuit
582 3742 728 3771 annos
757 3725 868 3778 443.
903 3727 1129 3785 Reliquos
1150 3728 1302 3771 omisit
1333 3736 1518 3786 auctor,

222 3798 448 3842 similibus
489 3798 751 3842 rationibus
798 3798 994 3856 ductus,
1039 3799 1210 3856 quibus
1250 3799 1530 3858 Syncellumr

223 3870 436 3914 videmus
455 3871 750 3915 Manethonis
785 3885 1005 3914 numeros
1033 3879 1279 3915 truncasse.
1305 3898 1369 3904 —-
1389 3872 1520 3916 Cete—

279 4010 334 4059 (*)
356 4009 418 4049 Cf.
441 4013 520 4049 not.
537 4010 585 4049 ad
612 4010 830 4050 Dicaearch.
853 4009 901 4048 tr.
926 4014 964 4048 6.
1029 4008 1033 4013 '

279 4067 354 4115 (**)
381 4066 592 4106 Boeckhius
608 4066 830 4117 suspicatur
851 4065 1033 4106 semideis
1050 4067 1210 4107 fortasse
1230 4078 1300 4118 pro
1319 4071 1390 4109 217
1409 4070 1521 4108 annis

230 4123 345 4162 datos
355 4134 439 4174 esse
455 4133 580 4164 annos
592 4127 680 4163 417.
705 4127 795 4170 Qua
813 4125 949 4163 tamen
969 4124 1189 4164 mutatione
1200 4126 1404 4175 cyclorum
1422 4127 1522 4165 ratio

233 4192 313 4220 non
328 4181 563 4230 explicatur,
587 4182 786 4233 simulque
808 4183 849 4222 in
874 4182 1035 4233 reliquis
1055 4192 1213 4233 quoque
1236 4185 1411 4223 numeris
1429 4195 1522 4234 pec-

230 4240 365 4277 catum
384 4249 466 4278 csse
493 4239 746 4280 statuendum
767 4239 877 4280 soret.

1576 148 1597 169 l

1122 293 1428 340 MANETHO
1440 293 1536 342 NlS
1570 292 1966 342 SERENNYTAE

1605 421 1709 449 rum
1739 409 1821 466 qui
1841 406 2016 452 factum
2041 408 2097 453 sit
2121 417 2172 452 ut
2201 422 2294 452 una
2318 407 2524 467 dynastia
2562 424 2588 454 a
2612 410 2826 468 Syncello
2851 412 2904 456 in·
3002 391 3004 410 ἶ

1605 478 1838 524 Chronico
1850 489 2013 526 nostro
2032 482 2342 536 omitteretur,
2361 479 2560 525 divinari
2579 481 2713 526 facile
2731 493 2899 542 potest.

1605 550 1826 596 Chronici
1850 551 2058 611 dynastia
2094 553 2228 598 XVII
2270 552 2390 596 facta
2426 561 2492 596 est
2530 551 2710 598 decima
2744 564 2898 613 sexta,

1606 636 1753 680 quum
1787 623 1979 669 decimae
2016 633 2152 670 sextae
2181 619 2370 669 Eusebii
2405 626 2811 684 corresponderet.
2839 659 2900 668 -.

1604 695 1754 739 Porro
1776 710 1803 740 0
1817 698 2135 755 superioribus
2153 697 2361 755 sequitur
2382 696 2556 757 nullam
2569 697 2789 746 excidisse
2809 698 2901 758 dy-
2947 741 2951 748 ,
2995 700 3005 740 ἰ

1603 767 1797 810 nastiam
1814 768 2085 824 XXXVIII,
2106 784 2337 812 annorum
2357 783 2454 814 sex.
2483 769 2722 828 Syncellus
2742 771 2904 829 potius

1605 840 1793 885 erravit.
1823 840 1942 884 Sane
1966 847 2012 884 et
2048 840 2176 900 apud
2207 841 2459 904 Eusebium
2489 856 2608 885 unus
2645 843 2903 901 Amyrtaeus
2996 855 3002 903 ς

1604 909 1858 968 dynastiam
1876 913 2114 956 constituit
2127 928 2137 956 :
2150 926 2318 956 verum
2334 929 2480 972 quum
2497 913 2714 972 dynastiae
2735 914 2903 958 XXIX
2951 912 2954 914 ’
2997 912 3003 960 ἱ

1605 990 1650 1025 et
1673 984 1816 1027 XXX
1836 985 1884 1026 in
1908 985 2190 1029 Manethone
2221 986 2409 1029 Eusebii
2450 995 2496 1030 et
2526 984 2734 1031 Africani
2769 986 2903 1030 aliter

1601 1054 1740 1111 plane
1784 1064 1924 1112 atque
1970 1057 2020 1098 in
2051 1056 2286 1101 Chronico
2335 1057 2593 1100 distributae
2626 1058 2745 1112 sint,
2785 1058 2903 1101 nihil
2955 1110 2958 1111 ⁷
2998 1040 3004 1054 Ι

1603 1125 1721 1170 3(100
1743 1126 1963 1185 impedit,
1990 1129 2106 1186 quin
2129 1128 2398 1173 Chronicon
2427 1131 2715 1188 Amyrtaeum
2737 1144 2901 1174 accen·

1602 1199 1744 1242 suerit
1762 1198 1980 1257 dynastiae
1997 1200 2185 1254 XXIX,
2205 1201 2280 1243 cui
2303 1198 2363 1260 39
2387 1202 2497 1244 3001
2528 1201 2739 1260 assignat.
2767 1202 2901 1245 Toti-
3002 1205 3008 1220 ¹

1603 1270 1711 1314 dem
1726 1286 1840 1315 vero
1857 1286 2003 1315 annos
2014 1273 2237 1316 Eusebius
2255 1287 2444 1330 quoque
2455 1288 2565 1333 pag.
2590 1272 2679 1317 106
2692 1288 2903 1335 regnasse
2956 1268 2969 1322 s
3003 1273 3008 1289 ¹

1603 1343 1716 1387 dicit
1736 1346 2025 1403 Amyrtaeum
2040 1344 2079 1401 ej
2088 1359 2232 1403 usque
2254 1360 2536 1389 successores
2552 1360 2700 1404 usque
2725 1345 2786 1390 ad
2807 1346 2902 1391 Ne·-
2964 1346 2965 1349 ’
3003 1369 3008 1380 =

1602 1416 1851 1460 ctanebum
1871 1415 1944 1477 (6.
1974 1417 2021 1462 6.
2061 1416 2138 1463 13.
2170 1433 2212 1473 1.
2248 1433 2288 1461 1.
2320 1417 2387 1479 ¹l3.
2417 1433 2491 1462 10.
2517 1414 2585 1479 2).

1666 1490 1737 1532 De
1757 1498 1886 1533 aetate
1905 1488 2042 1546 hujus
2063 1506 2132 1533 πα
2146 1487 2173 1533 λ
2187 1491 2304 1534 αιοῧ
2334 1486 2670 1553 χρονογραφείου
2689 1490 2784 1534 sive
2806 1506 2900 1535 πα-

1600 1559 1662 1604 λα
1680 1557 1788 1605 ιοτέ
1801 1577 1887 1623 ρας
1912 1559 2323 1621 (Manethoniana)
2349 1558 2628 1622 νομιζομένής
2647 1563 2895 1624 συγγραφῆς

1603 1646 1775 1677 errasse
1792 1641 2032 1678 auctorem
2056 1635 2258 1693 Syncelli
2294 1644 2421 1679 recte
2437 1635 2610 1694 procul
2645 1634 2792 1679 dubio
2809 1635 2900 1679 viri

1601 1705 1731 1749 docti
1768 1715 2043 1752 statuerunt.
2084 1707 2288 1752 Plathius
2344 1709 2434 1766 Qu.
2484 1706 2584 1769 AEg.
2653 1707 2667 1769 (
2686 1708 2896 1768 Gotting.

1606 1774 1754 1839 1829)
1774 1794 1822 1837 p.
1847 1778 1907 1831 46
1932 1793 1943 1824 :
1964 1800 1984 1818 «ι
1999 1782 2140 1824 Vetus
2150 1780 2241 1824 hoc
2255 1780 2541 1836 Chronicon,
2566 1779 2698 1839 quod
2717 1779 2897 1835 dicunt,

1601 1851 1794 1894 omnino
1832 1852 2031 1910 antiquae
2057 1850 2243 1912 AEgypti
2260 1860 2472 1911 tempora
2511 1867 2612 1895 non
2653 1852 2897 1912 attingere,
2968 1861 2969 1866 ’
3003 1875 3006 1884 ·

1598 1923 1670 1966 uti
1696 1920 1916 1982 Syncello
1951 1939 2223 1983 persuasum
2260 1933 2354 1980 est,
2391 1924 2474 1968 sed
2505 1924 2707 1968 hominis
2749 1924 2900 1968 Judaei
2968 1927 2969 1931 ’

1599 1995 1903 2039 Alexandrini
1937 2011 2020 2040 500
2045 1997 2292 2041 Christiani
2321 1996 2578 2041 admodum
2609 2011 2771 2041 recens
2806 2011 2901 2043 esse

1601 2075 1916 2112 commentum
1941 2067 2161 2126 equidem
2186 2077 2316 2112 certo
2342 2069 2511 2113 certius
2525 2083 2794 2127 persuasum
2817 2069 2899 2112 ha·
2966 2056 2982 2123 jf

1598 2131 1706 2178 beo.
1725 2133 1903 2177 Nonab
1926 2133 2152 2193 AEgyptio
2173 2167 2185 2189 ,
2207 2133 2289 2177 sed
2315 2134 2372 2177 ab
2408 2134 2608 2177 homine
2619 2133 2894 2178 Graeco-Ju-
3006 2135 3008 2151 ⁵

1602 2204 1703 2249 daeo
1723 2220 1804 2249 seu
1827 2206 2090 2250 Christiano
2125 2204 2378 2250 confictum
2402 2220 2495 2250 esse
2516 2206 2590 2250 vel
2612 2205 2723 2250 inde
2750 2220 2899 2265 appa-

1598 2284 1685 2333 ret,
1700 2276 1831 2335 quod
1847 2277 2307 2337 AEgyptiosprimmn
2325 2281 2522 2333 Aeriam,
2544 2285 2649 2338 post
2658 2277 2901 2322 Mestroeos

1602 2363 1655 2393 ac
1708 2357 1817 2407 post
1859 2349 2048 2394 demum
2090 2351 2333 2410 AEgyptios
2371 2365 2464 2395 esse
2519 2359 2708 2395 vocatos
2755 2350 2892 2398 dixit.

1600 2421 1827 2482 AEgyptus
1851 2421 2019 2467 incolis
2032 2424 2220 2467 nonnisi
2239 2422 2403 2467 Chemi
2419 2439 2456 2468 s.
2476 2424 2623 2467 Keme
2652 2422 2897 2480 audiebat,

1595 2501 1649 2537 ut
1688 2510 1796 2538 cum
1834 2495 2023 2540 aliunde
2063 2505 2162 2540 tum
2201 2511 2259 2540 ex
2302 2497 2606 2555 inscriptione
2647 2497 2902 2542 Rosettana

1598 2576 1777 2611 constat
1817 2565 1911 2628 (Cf.
1955 2568 2284 2628 Champollion
2331 2569 2514 2629 Egypte
2557 2583 2595 2614 5.
2648 2583 2691 2614 1.
2718 2570 2822 2616 Ρ31·.
2844 2570 2867 2614 Ι
2883 2602 2896 2626 ,

1595 2654 1647 2698 p.
1681 2635 1813 2702 101).
1837 2642 1985 2691 Aeria
2014 2639 2083 2702 (v.
2111 2641 2273 2700 steph.
2296 2642 2350 2686 B.
2384 2656 2421 2684 S.
2460 2637 2530 2702 v.)
2549 2649 2616 2685 est
2644 2641 2896 2700 appellatio

1597 2710 1791 2772 AEgypti
1824 2713 1994 2758 Graecis
2047 2712 2229 2767 debita;
2277 2714 2511 2771 Mestraea,
2570 2721 2624 2756 ut
2660 2713 2901 2772 Syncellus

1595 2795 1644 2842 p.
1671 2788 1725 2835 41
1756 2784 1854 2842 ipse
1877 2793 2066 2840 monet,
2101 2793 2167 2828 est
2195 2785 2426 2828 Hebraica
2459 2785 2651 2844 AEgypti
2689 2785 2899 2844 appella-

1597 2857 1680 2903 tio.
1721 2857 1931 2902 Graecum
1970 2873 2063 2902 esse
2093 2858 2332 2901 hominem
2373 2865 2453 2901 aut
2474 2853 2654 2902 'Graecis
2676 2858 2727 2900 in
2758 2858 2898 2910 rebus

1595 2938 1852 2986 versatum,
1876 2932 2018 2975 etiam
2042 2929 2294 2974 duodecim
2337 2929 2403 2972 dii
2425 2929 2531 2973 satis
2558 2929 2792 2986 indicant,
2815 2929 2898 2975 sed

1598 3002 1727 3060 quod
1751 3017 1852 3046 rem
1877 2990 2092 3058 cofficit,
2114 2999 2337 3046 Chronici
2358 3009 2522 3044 auctor
2553 3017 2658 3044 cum
2693 3002 2895 3046 Eusebio

1596 3074 1659 3118 ita
1678 3075 1938 3130 consentit,
1984 3083 2125 3133 atque
2167 3074 2218 3116 in
2237 3074 2292 3116 iis
2321 3073 2614 3129 0031010015,
2645 3073 2728 3117 uhi
2747 3075 2896 3118 Euse-

1595 3145 1727 3189 bium
1747 3146 2079 3190 Manethonem
2102 3144 2362 3204 corrupisse
2388 3145 2580 3200 scimus,
2607 3159 2648 3191 0.
2672 3160 2743 3205 gr.
2778 3145 2893 3204 dyn.

1605 3217 1681 3264 16.
1717 3234 1793 3274 17.
1845 3216 1918 3263 18.
1965 3233 2037 3277 19.
2071 3232 2150 3261 22.
2182 3215 2264 3273 253
2289 3225 2342 3260 ut
2362 3217 2761 3277 Des-Vignolesp.
2801 3216 2898 3279 659

1597 3300 1723 3335 recte
1745 3290 1842 3349 jam
1866 3286 1963 3348 ejus
1986 3299 2226 3335 auctorem
2250 3290 2451 3334 Eusebio
2478 3290 2789 3349 posteriorem
2810 3299 2896 3336 sta·

1597 3364 1751 3407 tuerit.
1778 3382 1796 3402 »
1825 3363 1908 3407 His
1932 3363 2018 3407 alia
2043 3372 2312 3422 argumenta
2335 3361 2467 3406 addit
2491 3361 2736 3406 Boeckhius
2762 3378 2810 3422 p.
2833 3361 2892 3407 53

1596 3451 1698 3495 sqq.
1721 3436 1943 3495 scriptum
1968 3450 2061 3480 esse
2078 3425 2362 3480 Chronicum
2379 3448 2566 3491 censens
2585 3448 2642 3478 eo
2663 3443 2895 3493 tempore,

1601 3507 1733 3566 quod
1764 3509 1888 3552 inter
1924 3508 2113 3552 Eusebii
2143 3517 2189 3552 et
2212 3507 2452 3552 Panodori
2487 3513 2667 3550 aetatem
2699 3506 2896 3565 11110110-
2952 3531 2955 3553 ,-

1600 3590 1726 3624 ctum
1755 3589 1837 3626 est.
1867 3607 1931 3614 —
1966 3581 2276 3625 Christianum
2301 3589 2347 3624 et
2381 3578 2595 3624 Judaeum
2625 3579 2894 3636 hominem,
2953 3582 2955 3587 ⁴

1598 3654 1679 3711 qui
1720 3661 1829 3712 post
1868 3652 2115 3698 Claudium
2141 3653 2439 3696 Ptolemaeum
2473 3651 2707 3709 scripserit
2744 3653 2897 3712 AEgy-

1596 3726 1898 3784 ptiorumque
1923 3733 2135 3784 tempora
2159 3723 2220 3767 ad
2243 3737 2418 3767 sacram
2441 3716 2793 3782 chronologiam
2819 3738 2894 3767 ac·
2956 3714 2959 3718 ⁷

1598 3797 1898 3842 commodare
1932 3797 2163 3851 voluerit,
2198 3794 2295 3852 jam
2319 3795 2600 3838 Letronnius
2631 3794 2896 3839 ostenderat

1598 3884 1671 3930 ap.
1694 3870 1816 3913 Biot.
1843 3868 2127 3913 Recherclzes
2144 3882 2224 3910 sur
2249 3868 2430 3910 l’annc'e
2449 3882 2604 3927 vagae
2630 3868 2711 3911 des
2734 3857 2896 3927 Egyp-

1598 3946 1727 3996 te'ens,
1755 3958 1803 4001 p.
1830 3940 1908 3994 48.

1662 4015 1822 4057 Restat
1843 4020 1895 4056 ut
1917 4026 2188 4056 moneamus
2211 4009 2270 4054 de
2292 4011 2446 4056 verbis
2473 4025 2484 4056 :
2511 4011 2594 4055 τῶν
2620 4006 2703 4072 γὰρ
2728 4009 2771 4054 ἐν
2805 4014 2891 4061 τοῖς
2955 4024 2957 4026 ·

1599 4082 1712 4146 τρισὶ
1731 4081 1875 4143 τόμαις
1898 4080 1976 4146 ριγ’
2002 4084 2156 4144 γενεῶν
2183 4082 2226 4127 ἐν
2249 4077 2518 4133 δυναστείαις
2540 4077 2640 4128 λ’...
2663 4076 2716 4124 τὰ
2741 4077 2884 4124 πάντα
2954 4074 2956 4078 ’

1599 4153 1774 4212 συνῆξεν
1800 4152 1901 4213 ἔτη,
1929 4151 2045 4218 ,γφνέ
2075 4152 2272 4217 (3555).
2306 4154 2495 4197 Minime
2531 4153 2627 4197 haec
2664 4152 2895 4212 quadrare
2952 4208 2958 4216 .

1602 4230 1646 4271 in
1677 4227 2001 4272 Manethone-m
2023 4261 2034 4282 ,
2063 4226 2243 4287 qualem
2270 4240 2324 4269 ex
2365 4224 2583 4272 Africano
2616 4234 2661 4272 et
2696 4224 2893 4269 Eusebio
2950 4243 2952 4246 ’
