3016 4628
234 315 326 356 ⁴24

227 417 394 478 χαλκῆν
431 411 610 477 ἔχουσαν
645 410 771 461 ἀκίδα
811 409 901 457 ἀπο
933 410 1017 457 τῶν
1047 409 1204 455 ἐκεῖθεν
1228 409 1316 464 πλη
1320 405 1532 470 γμοίτων.

226 485 394 548 “Opem
408 486 452 531 δὲ
472 482 616 531 καὶτὰ
635 483 734 548 περὶ
749 485 832 529 τῶν
844 481 1158 531 Ἐνωτοκοιτῶν
1171 498 1244 526 και
1264 481 1348 525 τῶν
1362 476 1514 540 ἀγρίων

228 556 461 623 ἀνθρώπων
477 575 551 604 και
536 555 704 629 ἄλλων
711 574 852 620 τερατ
843 555 977 601 ιιδῶν.
990 556 1031 601 'l
1032 572 1099 606 ους
1111 552 1188 614 μὲν
1197 544 1268 599 οὖν
1279 550 1446 616 ἀγρίους
1459 548 1516 610 μὴ

228 633 484 694 κοαισθηναι
500 648 620 694 παρα
641 626 972 693 Σανδρόκοττον·
999 627 1304 689 ἀποκαρτερεῖν
1327 623 1410 686 γάρ
1446 629 1454 684 (
1460 623 1515 684 *)·

230 703 344 767 ἔχειν
376 703 422 749 δὲ
457 700 534 755 τὰς
571 700 652 792 μὲν
683 700 865 764 πτέρνας
898 697 1094 763 πρόσθεν,
1125 715 1218 748 τους
1257 695 1299 741 δὲ
1340 692 1519 757 ταρσους

228 775 400 822 ὄπισθεν
424 792 496 821 και
517 773 616 827 -ους
651 770 900 823 δακτύλους.
932 769 1161 830 Ἀστόμους
1184 766 1230 813 δέ
1251 785 1366 818 τινας
1391 767 1519 829 ἀχθῆ-

230 867 299 894 ναι
310 846 591 913 ,ἀνθρώπους
613 846 818 910 ἡμέρους·
840 845 968 891 οἰκεῖν
991 841 1037 888 δὲ
1057 840 1156 905 περὶ
1179 838 1254 893 τὰς
1273 837 1414 900 πηγὰς
1443 840 1515 883 τοῦ

231 920 425 983 Ιάγγου·
446 919 671 984 τρέφεσθαι
695 919 731 966 δ’
758 919 913 978 ἀτμαῖς
937 917 1078 985 6mi33v
1098 931 1232 976 κρεων
1252 930 1324 957 και
1340 911 1517 973 καρπῶν

232 994 306 1040 καὶ
333 992 490 1040 ἀνθέων
511 994 692 1052 ὀσμαῖς,
716 988 808 1036 ἀντι
843 1008 926 1034 των
949 978 1173 1048 στομάτων
1211 983 1385 1047 ἔχοντας
1411 985 1519 1027 ἀνα-

231 1064 387 1119 πνοᾶς·
423 1063 700 1128 χαλεπαίνειν
734 1061 777 1107 δὲ
813 1063 900 1112 τοῖς
937 1058 1096 1105 δυσώδε
1080 1076 1166 1114 ε,σι
1184 1056 1257 1102 καὶ
1290 1055 1360 1100 διὰ
1394 1057 1518 1100 τοῦτο

232 1136 520 1202 περιγίνεσθαι
552 1133 671 1197 μόλις
693 1152 766 1180 και
796 1131 985 1193 μάλιστα
1010 1149 1051 1175 εν
1085 1125 1372 1191 στρατοπέδῳ.
1409 1123 1518 1189 Περὶ

233 1209 279 1256 δὲ
300 1212 384 1256 τῶν
404 1208 545 1254 ἄλλων
564 1207 800 1267 διηγεῖσθαι
819 1202 914 1254 τους
931 1199 1180 1266 φιλοσόφους
1201 1197 1449 1250 Ωκύποδάς
1473 1215 1518 1243 τε

233 1284 543 1350 {mopouvrotc-
528 1276 672 1324 ἵππων
695 1276 856 1338 μᾶλλον
890 1272 1113 1324 ἀπιόντας·
1146 1269 1451 1322 Ἐνωτοκοίτας
1475 1267 1519 1315 δὲ

233 1351 400 1416 ποδήρη
435 1351 490 1398 τὰ
513 1351 603 1396 ὠτα
639 1347 836 1412 ἔχοντας,
861 1347 916 1398 ὥς
945 1342 1226 1407 ἐγκαθεύδειν,
1262 1340 1519 1405 ἶσχυροὺςδ’

234 1423 337 1471 ὥστ’
357 1426 556 1470 ἀνασπᾶν
581 1420 728 1494 δένδρα
748 1417 822 1465 καὶ
839 1416 1019 1507 ''prix-‘rem
1039 1414 1208 1479 νευράν·

236 1515 331 1549 τους
359 1494 402 1543 δὲ
423 1495 598 1551 ἄλλους,
621 1495 710 1540 ὠτα
737 1489 856 1553 μὲν”
834 1507 1007 1554 εχοντας
1025 1486 1146 1542 κυνὸς
1159 1526 1171 1547 ,
1193 1489 1235 1536 ἐν
1257 1506 1309 1550 με
1299 1484 1377 1550 ’σῳ
1398 1484 1441 1532 δὲ
1458 1504 1519 1550 τῳ

235 1569 429 1631 μετώπῳ
453 1566 525 1614 τὸν
544 1563 778 1639 ὀφθαλμὸν,
798 1561 1070 1626 ὄρθοχαίτας,
1098 1561 1270 1613 λασίους
1292 1562 1347 1606 τὰ
1368 1557 1518 1617 στήθη·

237 1661 333 1695 τους
350 1641 394 1687 δὲ
414 1640 454 1687 Α
462 1657 680 1703 μυκτηρας
699 1641 807 1683 εἰναι
823 1634 1101 1700 παμφάγους,
1125 1632 1376 1699 ὠμοφάγους
1392 1670 1404 1693 ,
1431 1634 1519 1680 ὀλι-

237 1711 482 1777 γοχρονίους
495 1748 508 1772 ,
533 1710 616 1774 πρὸ
636 1708 776 1773 γήρως
796 1706 1072 1764 θνήσκοντας·
1089 1726 1162 1753 του
1180 1704 1225 1752 δὲ
1245 1704 1458 1767 στόματος
1473 1704 1521 1751 τὸ
1576 1758 1579 1762 ,

241 1785 330 1832 ἄνω
349 1782 671 1849 προχειλότερον
697 1786 802 1828 εἶναι
818 1779 943 1827 πολύ.
1015 1778 1123 1842 Περι
1147 1777 1192 1824 δὲ
1214 1781 1298 1824 τῶν
1321 1780 1521 1842 χιλιετῶν

243 1856 543 1921 “Υπερὸορέων
577 1854 627 1901 τὰ
652 1852 762 1900 αυτὰ
791 1850 928 1914 λέγειν
962 1850 1183 1914 Σιμωνίδῃ
1218 1849 1293 1897 καὶ
1318 1850 1522 1915 Πινδοίρῳ

237 1930 311 1977 καὶ
334 1930 477 1982 ἄλλοις
501 1925 760 1990 μυθολόγοις.
790 1922 955 1992 [Μῦθος
975 1924 1018 1970 δὲ
1043 1922 1116 1971 καὶ
1139 1922 1188 1969 τὸ
1212 1923 1294 1969 ὑπὸ
1320 1922 1519 1986 Τιμαγέ-

237 2021 328 2055 νους
353 1999 521 2065 λεχθὲν,
543 2002 599 2053 ὡς
629 1997 693 2046 ὅτι
714 1997 874 2062 χαλκὸς
911 1996 1025 2044 ὕοιτο
1053 1996 1318 2059 σταλαγμοῖς
1341 1996 1521 2060 χαλκοῖς

237 2074 313 2121 καὶ
338 2072 522 2137 σύροιτο.
592 2070 834 2135 Ἐγγυτέρω
859 2069 902 2117 δὲ
938 2068 1124 2123 πίστεώς
1147 2087 1275 2134 φησιν
1296 2071 1318 2116 ὁ
1339 2071 1522 2132 Μεγα-

236 2165 263 2193 σ
274 2150 297 2194 θ
309 2144 361 2193 ἐν
372 2165 401 2204 η
411 2165 444 2203 ς,
457 2144 521 2191 ὅτι
541 2146 579 2191 οἱ
598 2142 786 2203 ποταμοὶ
799 2140 1075 2205 καταφέροιεν
1090 2142 1245 2205 ψῆγμα
1258 2144 1436 2204 χρυσοῦ,
1451 2139 1524 2188 καὶ

239 2221 315 2265 ἀπ’
335 2220 463 2266 αὐτοῦ
496 2217 621 2283 φόρος
640 2216 850 2279 ἀπάγοιτο
868 2217 930 2280 τῷ
965 2216 1157 2278 βασιλεῖ·
1184 2217 1312 2261 ’τοῦτο
1344 2213 1428 2279 γὰρ
1451 2213 1525 2262 καὶ

237 2294 280 2339 ἐν
302 2290 473 2354 Ἰὅηρίᾳ
498 2288 765 2352 sunguine]

299 2365 367 2411 Cf.
394 2365 566 2410 Gellius
583 2365 672 2423 IX,
695 2368 720 2416 4
751 2364 888 2408 :Esse
898 2367 945 2407 in
967 2363 1189 2408 montibus
1204 2372 1343 2407 terrae
1367 2362 1527 2422 Indice

237 2439 441 2481 homines
449 2453 534 2480 can
539 2441 625 2481 inis
634 2441 742 2497 capi
745 2438 858 2480 tibus
870 2447 917 2480 et
926 2438 1115 2481 latranti
1118 2437 1213 2490 bus,·
1228 2452 1391 2496 eosque
1398 2441 1526 2481 vesci

237 2515 386 2553 avium
413 2519 458 2553 et
467 2507 683 2566 ferarum
707 2511 947 2553 venatibus
968 2526 982 2553 .·
1005 2519 1142 2569 atque
1168 2525 1266 2554 esse
1291 2514 1402 2553 item
1424 2511 1524 2553 alia

237 2582 364 2640 apud
393 2583 577 2625 ultimas
609 2586 795 2625 orientis
832 2592 977 2626 terras
1015 2584 1243 2626 miracula
1289 2581 1521 2639 homines,

238 2658 313 2713 qui
337 2655 557 2698 monocoli
575 2656 880 2713 appellantur,
909 2656 1107 2715 singulis
1126 2655 1329 2700 cruribus
1347 2656 1524 2699 saltua-

242 2731 321 2768 tim
352 2735 575 2769 currentes
605 2730 912 2770 vivacissimae
935 2730 1234 2787 pernicitatis
1260 2742 1275 2769 :
1304 2727 1526 2786 quosdam

243 2802 383 2841 etiam
406 2813 500 2841 esse
523 2799 662 2841 nullis
683 2800 943 2853 cervicibus,
976 2802 1127 2844 oculos
1150 2804 1198 2843 in
1222 2799 1422 2843 humeris
1445 2799 1528 2842 lta-

245 2870 409 2913 bentes.
480 2870 586 2912 lam
604 2884 715 2913 vero
730 2872 962 2930 egreditur
980 2874 1155 2915 omnem
1178 2873 1360 2915 modum
1380 2872 1525 2914 admi»

244 2945 451 2993 rationis,
500 2942 621 2999 quod
658 2943 795 2985 iidem
836 2945 908 2986 illi
929 2948 1170 3003 scriptores
1209 2953 1391 3005 gentem
1434 2959 1530 2988 esse

300 3103 350 3149 (*)
382 3118 401 3136 «ι
424 3105 508 3142 -Hos
529 3105 573 3142 in
595 3104 681 3143 alio
702 3115 782 3143 non
797 3107 966 3155 spirare
986 3106 1109 3156 caeIo,
1130 3106 1303 3158 ideoque
1323 3106 1384 3146 ad
1397 3107 1529 3152 sinili-

248 3170 332 3198 mos
348 3170 461 3208 reyes
476 3170 555 3198 non
568 3161 764 3210 pertrahi
781 3178 799 3195 »
818 3165 948 3201 Baeton
960 3164 975 3212 (
987 3163 1034 3204 ir.
1056 3166 1092 3213 3)
1103 3176 1161 3215 ap.
1182 3166 1282 3205 Plin.
1300 3168 1393 3214 Vll,
1412 3171 1494 3213 2,2.

250 3294 317 3322 rus
349 3283 742 3332 signitieaverit),neo
763 3297 841 3324 non
873 3287 1061 3336 perdices,
1090 3290 1234 3338 quibus
1266 3301 1450 3328 anserum
1481 3291 1534 3329 sit

250 3346 491 3395 magnitudo.
518 3348 700 3386 llomiues
717 3361 808 3389 vei-o
823 3350 908 3388 illos
926 3352 1060 3390 avium
1077 3352 1242 3392 istarum
1262 3366 1336 3394 ova
1349 3356 1476 3406 legere
1494 3357 1535 3395 et

250 3411 406 3449 abolere
420 3424 431 3458 ;
449 3411 486 3448 in
503 3410 560 3449 liis
576 3412 678 3451 enim
696 3415 914 3463 regionibus
932 3427 1047 3465 grues
1061 3418 1284 3470 nidificare3
1306 3433 1430 3471 quase
1441 3421 1533 3462 alibi

251 3475 431 3524 nuspiam
462 3484 589 3524 neque
607 3486 682 3514 ova
717 3488 857 3526 gruum
885 3489 1013 3529 neque
1043 3481 1171 3530 pullos
1204 3485 1398 3533 reperiri:
1431 3497 1536 3536 saepe

252 3538 372 3578 etiam
395 3547 529 3587 gruem
558 3537 639 3577 istis
657 3540 876 3589 regionibus
901 3543 1096 3594 evolasse,
1124 3556 1215 3595 quae
1234 3558 1386 3588 aeneam
1407 3549 1536 3598 euspi-

253 3601 344 3640 ‹lem
365 3600 526 3641 liaberet
546 3601 705 3640 infixam
721 3631 732 3649 ‚
761 3606 920 3655 accepto
947 3605 1026 3646 illie
1044 3608 1083 3647 in
1103 3610 1250 3659 proeliis
1268 3611 1366 3652 ictu.
1386 3613 1536 3653 Similia

254 3667 347 3704 sunt
361 3676 451 3715 quae
466 3665 516 3704 de
543 3665 784 3705 Enotocoetis
811 3668 907 3718 (qui
927 3671 1106 3710 auribus
1135 3675 1226 3712 suis
1246 3676 1536 3727 incumbunt),
1561 3674 1563 3678 ’

253 3730 304 3769 de
322 3730 412 3770 seris
427 3729 672 3778 hominibus,
700 3730 861 3780 aliisque
876 3734 1060 3775 monstris
1075 3736 1274 3778 dicuntur.
1304 3742 1425 3782 Feros
1449 3743 1540 3792 qui*

254 3791 344 3830 alem
380 3791 557 3831 homines
587 3792 636 3831 ad
658 3792 962 3837 sandrocottum
995 3808 1075 3838 non
1101 3811 1185 3840 esse
1208 3802 1428 3855 adductos,
1445 3817 1538 3856 quo·

256 3854 361 3894 niam
376 3857 488 3894 extra
513 3855 709 3904 regionem
735 3867 848 3897 suam
869 3870 946 3898 non
966 3863 1185 3904 sustineant
1201 3866 1348 3918 vitam;
1370 3880 1437 3909 eos
1459 3871 1542 3911 eal

255 3931 320 3958 ces
349 3921 595 3966 antrorsuin,
614 3920 767 3970 plantas
785 3923 823 3960 et
840 3922 979 3972 digitos
999 3926 1143 3974 pedum
1167 3932 1271 3969 retro
1286 3943 1442 3976 aversos
1474 3935 1538 3976 im·

257 3981 362 4022 bere.
390 3982 587 4023 Adductos
619 3994 712 4022 vero
744 3984 1065 4035 fuissequosdam
1097 3993 1196 4029 Ore·
1179 3998 1397 4047 -oarentes‚
1426 3999 1541 4039 mites

260 4046 457 4096 homines,
482 4047 550 4098 qui
579 4047 682 4087 circa
709 4049 855 4097 Gangis
882 4053 1013 4089 ortum
1035 4052 1232 4104 habitent,
1262 4059 1302 4096 et
1333 4062 1541 4111 vaporibus

258 4119 433 4148 assarum
463 4110 664 4158 carnium,
694 4113 733 4149 et
769 4112 969 4152 fructuum
1001 4116 1039 4153 et
1063 4114 1205 4156 florum
1233 4119 1420 4166 odoribus
1450 4137 1541 4164 enu-

258 4172 442 4219 triantur,
459 4173 498 4211 et
514 4183 583 4222 pro
606 4184 674 4213 ore
693 4174 887 4223 spiracula
908 4176 1091 4226 quaedam
1113 4178 1312 4220 habe-int:
1334 4184 1403 4223 lios
1426 4189 1542 4227 iebus

259 4233 402 4276 twinus
415 4236 557 4290 oppido
574 4238 748 4289 gravari,
769 4238 933 4294 ideoque
964 4242 1085 4282 vitam
1106 4254 1209 4293 aigro
1237 4248 1423 4299 tolerare,
1448 4263 1540 4301 prie-

1331 296 1713 349 MEGAs'rflEN
1721 294 1775 343 IS

1279 1412 1520 1474 Μονομμά-
1565 1433 1567 1458 ;

1595 410 1727 448 aiunt
1765 403 1893 462 apud
1924 411 2133 445 extrema
2177 398 2330 444 Indice
2366 395 2631 456 corporibus
2665 395 2799 441 hirtis
2838 378 2934 453 eti-²¹
2989 393 2991 396 ’

1595 483 1742 520 avium
1776 481 1865 518 ritu
1882 473 2217 533 plumantibus,
2262 471 2389 513 nullo
2413 469 2563 512 cibatu
2599 478 2891 523 vescentem„
2983 525 2985 527 Ι

1596 551 1679 592 sed
1712 552 1876 607 spiritu
1900 546 2073 603 florum
2111 543 2299 587 natibus
2336 541 2496 585 liausto
2536 545 2824 587 victitantem
2862 556 2897 587 ,tx
2931 548 2933 555 ·

1596 622 1840 679 Pygmaeos
1855 633 2028 678 quoque
2052 615 2184 660 haud
2197 617 2330 675 longe
2348 612 2410 658 ab
2429 614 2504 658 lzis
2521 618 2675 669 nasci‚·
2699 629 2893 684 quorum
2924 639 2942 674 ’,γ

1596 698 1671 752 qui
1696 693 1944 751 longissimi
1962 693 2075 742 sint,
2112 703 2202 732 non
2223 689 2450 745 longiores
2472 701 2570 731 esse
2587 702 2724 747 quam
2743 687 2904 756 pede-¹

1595 767 1682 808 duo
1705 774 1751 808 et
1766 764 2085 823 quadrantem.
2876 769 2891 811 ᾗ
2936 789 2938 792 .

2205 845 2282 891 31.

1662 944 1835 987 Plinius
1863 943 1967 998 VII,
1990 957 2034 996 α,
2074 946 2129 993 14·
2161 956 2171 983 :
2210 942 2271 984 In
2309 950 2482 995 monte,
2521 944 2597 984 cui
2625 951 2789 984 nomen
2820 928 2898 985 esl-
2937 988 2945 1004 ι
2983 932 2993 971 3³

1598 1017 1720 1061 Nulo
1745 1015 1914 1076 (Nullo
1936 1030 1981 1060 v.
2000 1014 2033 1057 l.
2050 1013 2111 1074 )‚
2135 1013 2339 1058 homines
2362 1028 2457 1057 esse
2489 1018 2660 1058 aversis
2682 1015 2899 1074 plantis,'
2887 1003 2899 1028 '⁵'
2982 1011 2994 1075 ζ]

1596 1098 1774 1132 octonos
1790 1088 1954 1147 digitos
1973 1089 2021 1129 in
2040 1088 2237 1145 singulis
2254 1086 2494 1140 habentes,
2524 1095 2684 1131 auctor
2695 1095 2763 1130 est
2774 1087 2837 1131 M
2842 1101 2890 1131 e·-

1597 1177 1701 1221 gas
1714 1171 1733 1203 t
1748 1160 1939 1203 henes
1972 1157 2066 1219 (15)
2091 1161 2151 1202 In
2167 1161 2322 1203 multis
2331 1169 2488 1203 autem
2508 1160 2730 1204 montibus
2745 1150 2913 1219 genus·
2944 1147 2947 1175 ³
2983 1174 2989 1179 ’

1596 1232 1828 1275 hominum
1851 1231 2080 1290 capitibus
2095 1247 2272 1274 caninis
2277 1228 2494 1288 serarum
2503 1229 2710 1291 pellibus
2729 1233 2883 1287 velati,
2927 1260 2930 1267 ·
2984 1278 2987 1287 ..

1592 1320 1676 1363 pro
1701 1319 1803 1347 voce
1820 1305 2036 1347 latratum
2057 1305 2208 1359 edere,
2236 1305 2462 1363 unguibus
2481 1313 2711 1348 armatum
2730 1291 2893 1358 venata

1565 1383 1567 1386 '
1596 1385 1642 1419 et
1675 1380 1872 1436 aucupio
1914 1380 2045 1421 vesci.
2084 1376 2275 1438 [Horum
2313 1391 2454 1435 supra
2497 1385 2675 1420 centum
2729 1367 2900 1434 viginti
2939 1410 2943 1441 ·.
2984 1375 2989 1386 ’

1598 1450 1751 1492 millia
1770 1446 1926 1505 fuisse
1943 1449 2166 1508 prodente
2198 1464 2247 1493 se
2273 1449 2445 1494 Ctesias
2472 1447 2555 1508 (fr.
2587 1445 2674 1510 76)
2705 1443 2895 1504 scribit,⁴
2927 1474 2938 1509 ,⁴
2984 1470 2989 1479 ’-

1598 1531 1644 1564 et
1664 1525 1710 1564 in
1739 1521 1942 1580 quadam
1971 1531 2106 1580 gente
2135 1521 2293 1565 Indice
2309 1517 2522 1576 feminas
2549 1522 2696 1566 semet
2726 1525 2776 1564 in
2805 1525 2895 1574 vita

1593 1608 1762 1655 parere
1779 1598 2043 1656 genitosque
2059 1591 2298 1652 confestim
2315 1608 2580 1650 canescere,
2611 1590 2728 1655 εἴα]

2210 1689 2287 1762 32.

1599 1806 1610 1815 ·
1665 1793 1865 1839 Solinus.
1887 1795 1949 1839 52
1965 1826 1976 1848 ‚
1994 1791 2055 1837 36
2084 1805 2096 1839 ε
2115 1793 2194 1836 Ad
2213 1801 2433 1847 montem,
2456 1796 2542 1852 qui
2565 1790 2690 1838 Nulo
2710 1791 2885 1846 dicitur,

1600 1864 1837 1919 habitant,
1876 1864 2039 1924 quibus
2078 1865 2286 1915 adversae
2309 1866 2498 1925 plantoe
2533 1873 2641 1909 sunt
2671 1874 2722 1912 et.
2742 1866 2898 1909 octoni

1599 1938 1738 1996 digiti
1762 1941 1809 1981 in
1825 1939 2006 1998 plantis
2029 1939 2242 1996 singulis.
2279 1935 2697 1998 Megasthenes
2712 1951 2803 1997 per
2819 1935 2899 1981 di·-

1602 2025 1746 2054 versos
1768 2012 1803 2054 I
1799 2011 1928 2054 ndioe
1951 2020 2125 2055 montes
2143 2025 2240 2054 esse
2257 2010 2423 2054 scribit
2439 2012 2650 2055 nationes
2665 2010 2896 2070 capitibus

1601 2086 1795 2136 caninis,
1828 2092 2039 2127 armatas
2072 2083 2317 2143 unguibus,
2344 2086 2542 2128 a‘mictas
2567 2086 2724 2127 vestitu
2743 2092 2896 2142 tergo-'-

1601 2172 1725 2210 rum,
1749 2156 1816 2200 ad
1833 2171 2083 2202 sermonem
2102 2155 2352 2200 humanum
2370 2156 2502 2199 nulla
2529 2170 2631 2205 voce
2642 2156 2737 2205 ,sed
2751 2157 2903 2200 latras

1602 2230 1722 2273 tibus
1755 2238 1932 2273 tantum
1971 2238 2206 2283 sonantes,
2258 2232 2440 2288 asperis
2482 2228 2686 2275 rictibus.
2730 2226 2900 2290 [Apud
2913 2227 2931 2270 J<

1604 2302 1803 2347 Ctesiam
1829 2303 2005 2362 legitur,
2032 2302 2257 2361 quasdam
2267 2299 2483 2359 feminas
2499 2301 2565 2346 ibi
2577 2302 2724 2365 semel
2730 2314 2899 2362 parere
2942 2299 2943 2302 ’

1602 2384 1822 2436 natosque
1845 2389 1983 2422 canos
2006 2376 2130 2419 illico
2135 2374 2260 2434 fieri,
2293 2371 2404 2436 etet]
2936 2371 2938 2373 ’

2211 2469 2288 2516 33.

1605 2630 1608 2632 ι
1668 2574 1841 2618 Plinius
1851 2574 1955 2629 VII,
1969 2589 2014 2629 2,
2037 2589 2054 2616 1
2065 2572 2092 2618 8
2111 2589 2121 2617 :
2145 2573 2240 2617 Me
2252 2587 2324 2631 ga
2337 2587 2360 2616 s
2372 2569 2507 2618 the-n
2519 2586 2574 2615 es
2585 2581 2768 2631 gentem
2782 2575 2904 2616 inter

1603 2647 1844 2691 Nomadas
1868 2646 2012 2690 Indos
2034 2649 2216 2690 narium
2242 2647 2336 2690 loco
2347 2643 2594 2703 foramina
2613 2654 2787 2688 tantum
2811 2643 2915 2707 lea-‘-¹

1610 2720 1786 2762 bentem
1795 2751 1811 2772 ,
1836 2722 2057 2778 anguium
2082 2719 2216 2762 modo
2230 2719 2489 2778 loripedemj
2514 2721 2664 2762 vocari
2676 2717 2898 2775 Scyritas.

1612 2793 1695 2835 Ad
1714 2801 1942 2836 extremos
1966 2791 2089 2850 fines
2108 2792 2268 2835 Indioe
2301 2791 2363 2834 ab
2383 2794 2557 2834 oriente
2578 2779 2900 2847 cit-casontem

1608 2866 1789 2924 Gangis
1815 2866 2100 2908 Astomorum
2134 2873 2315 2923 gentem
2347 2867 2450 2907 sine
2480 2878 2576 2918 ore,
2606 2877 2793 2923 corpore
2813 2871 2902 2906 toto

1605 2930 1782 2980 hirtam·
1811 2940 1960 2980 vestiri
1980 2935 2222 2992 frondium
2252 2937 2497 2994 lanugine,
2534 2934 2687 2979 halitu
2726 2943 2901 2978 tantum

1606 3012 1818 3052 viventem
1838 3018 1885 3052 et
1905 3009 2060 3063 odore,
2096 3023 2228 3067 quem
2259 3009 2446 3051 naribus
2481 3006 2684 3053 trahant.
2710 3007 2902 3051 Nullum

1607 3084 1666 3125 iis
1686 3081 1834 3125 cibum
1858 3082 2122 3139 nullumque
2125 3090 2290 3140 potum
2328 3113 2339 3123 .
2371 3089 2547 3124 tantum
2570 3080 2778 3123 radicum
2803 3078 2898 3136 flo-

1606 3169 1795 3212 rumque
1823 3157 1971 3197 varios
1992 3154 2150 3197 odores
2169 3162 2216 3196 et
2233 3153 2500 3196 silvestrium
2521 3153 2764 3211 medorum,
2799 3167 2904 3211 quai·

1608 3290 1745 3330 sertim
1763 3290 1802 3328 in
1818 3289 1970 3331 castris.
1993 3290 2143 3328 Praeter
2166 3286 2238 3328 lios'
2256 3288 2306 3328 de
2322 3288 2408 3328 aliis
2428 3287 2637 3340 permultis
2653 3286 2905 3339 philosophos

1609 3355 1849 3408 exposuisse,
1863 3355 2069 3398 narrantes
2087 3353 2294 3405 Ocypodes
2313 3364 2410 3402 esse,
2429 3354 2498 3405 qui
2516 3364 2636 3394 cursu
2655 3363 2779 3404 equos
2796 3362 2904 3405 pm·

1608 3422 1791 3470 vertant,
1809 3422 2124 3476 etvEnotocoetas
2137 3450 2154 3471 ,
2173 3419 2246 3471 qui
2269 3430 2386 3460 aures
2413 3418 2467 3458 ad
2489 3419 2593 3468 talos
2613 3428 2740 3469 usque
2759 3416 2904 3475 depen-

1609 3485 1746 3525 dentes
1766 3484 1959 3534 habeant,
1980 3483 2127 3534 quibus
2145 3476 2408 3532 iudei-miani,
2422 3482 2522 3523 adeo
2549 3482 2671 3522 fortes
2685 3485 2732 3522 ut
2745 3480 2906 3532 &rhome

1609 3550 1783 3590 evellant
1804 3550 1844 3589 et
1861 3550 2030 3590 ner'vum
2049 3549 2268 3599 campana
2283 3547 2382 3591 alios
2400 3557 2484 3587 esse
2504 3544 2726 3595 UnoculoS,
2757 3544 2904 3602 caninis

1610 3613 1776 3653 auribus
1785 3614 1826 3652 et
1843 3611 2176 3661 crinibuserectis
2188 3641 2204 3661 ,‚
2226 3613 2386 3661 pectore
2399 3609 2572 3661 hispido,
2599 3609 2791 3650 habentes
2806 3618 2905 3655 ocur

1611 3679 1694 3718 lum
1717 3678 1759 3718 in
1774 3677 1912 3718 media
1931 3677 2083 3726 fronte3
2102 3687 2170 3716 eos
2195 3675 2265 3727 qui
2284 3686 2381 3719 naso
2412 3678 2550 3715 carent
2576 3685 2742 3715 voraces
2765 3674 2905 3731 essee!

1611 3742 1735 3782 cruda
1757 3741 1876 3782 edere
1903 3742 1945 3782 et
1975 3751 2100 3792 parvo
2125 3743 2308 3790 tempore
2330 3738 2508 3782 viventes
2539 3739 2642 3788 ante⁴
2660 3740 2795 3786 senoni

1613 3806 1831 3858 exstingui;
1846 3806 1984 3846 iisdem
2016 3805 2196 3856 superius
2217 3803 2297 3845 oris
2311 3803 2461 3843 labium
2473 3813 2593 3854 supra
2604 3801 2778 3844 ‘tilterum
2793 3803 2885 3853 long

1613 3871 1848 3922 prominere.
1865 3873 1924 3910 De
1943 3868 2222 3920 moechorum,
2237 3868 2305 3918 qui
2323 3866 2431 3911 mille
2438 3877 2562 3910 annos
2575 3866 2734 3918 vivunt,
2746 3866 2861 3915 illos·

1613 3934 1704 3974 dem
1728 3933 1860 3981 dicere
1879 3944 1970 3984 quae
1982 3931 2120 3985 glieant
2135 3931 2356 3973 Simonides
2371 3933 2410 3971 et
2438 3930 2633 3972 Pindarus
2653 3932 2695 3970 et
2712 3929 2781 3971 alii
2793 3928 2860 3979 sab
2882 3934 2902 3986 ζ

1615 3999 1742 4038 larum
1759 3997 1981 4048 scriptores.
2003 3996 2184 4049 [Fabula
2200 3996 2319 4036 etiam
2340 3998 2414 4045 est,
2431 3995 2539 4055 quod
2553 3995 2785 4049 Timogenes
2795 3995 2875 4035 dic

1607 4052 1734 4108 ‘aeneis
1748 4063 1869 4113 guttis
1889 4062 2025 4112 pluere
2038 4093 2051 4112 ‚
2078 4062 2230 4113 quasin
2246 4072 2410 4104 acervos
2426 4060 2623 4121 colligant.
2648 4059 2860 4112 Propinqu
2859 4054 2892 4117 ι’,

1617 4127 1773 4166 veritati
1786 4127 1867 4174 est,
1887 4124 1994 4176 quod
2013 4125 2133 4166 refert
2165 4119 2434 4175 Megasthenes
2455 4116 2618 4168 flumina
2629 4123 2714 4167 euri
2731 4134 2832 4164 ram
2866 4140 2882 4168 ·,

1615 4192 1782 4239 ἀεί’,οιτε
1794 4202 1844 4230 ex
1863 4190 2008 4241 quibus
2029 4190 2107 4240 regi
2128 4190 2321 4231 tributum
2339 4189 2588 4235 advehatur:
2612 4187 2652 4229 id
2667 4187 2772 4230 enim
2787 4188 2839 4228 eti
2862 4191 2887 4201 ”

1618 4256 1657 4294 in
1692 4255 1815 4295 iberia
1840 4253 2069 4306 contingit.]
