3016 4628
304 275 385 313 ¹12

295 375 340 416 in
372 374 536 417 tabulis
559 372 835 433 quibusdam
860 370 1176 416 inscribendos
1210 370 1343 415 fuisse
1381 370 1568 424 volunt,

292 446 377 490 hac
398 444 457 490 de
479 461 554 500 re,
575 461 719 504 quum
742 454 918 489 veteres
936 444 1218 504 probatique
1237 452 1368 487 testes
1386 443 1570 495 sileant,

293 517 427 562 nobis
445 533 542 561 non
561 518 668 561 satis
695 518 872 575 liquere
894 515 1185 575 profitemur.
1229 535 1247 555 υ
1275 514 1343 560 Cf.
1372 512 1572 557 eundern

292 586 650 651 Schoemannum
671 590 702 633 l.
731 590 764 633 l.
793 605 841 648 p.
880 587 984 648 198.

892 708 966 738 20.

357 804 701 863 Harpocration
711 820 758 850 v,
783 802 1019 867 Περίπολος
1042 818 1052 849 t
1079 798 1368 864 Ἀριστοτέλης
1388 799 1429 844 ἐν
1455 797 1570 853 Ἀθη-

292 872 421 920 ναίων
440 874 634 939 πολιτείᾳ
657 874 755 938 περὶ
777 877 860 920 τῶν
884 872 1053 939 ἐφήὸων
1073 872 1208 936 λέγων
1245 871 1371 936 φησὶν
1407 868 1538 922 οὕτως
1553 884 1565 894 ·

294 969 311 985 ·
330 944 417 993 Τὸν
436 944 626 1010 δεύτερον
651 945 839 992 ἐνιαυτὸν
855 945 1083 1002 ἐκκλησίας
1104 947 1146 992 ἐν
1169 947 1228 1008 τῷ
1251 942 1415 1007 θεάτρῳ
1445 959 1567 1004 γενο-

294 1016 421 1077 μένης
447 1016 751 1079 ἀποδεξάμενοι
783 1020 844 1082 τῷ
878 1016 1003 1081 δήμῳ
1041 1015 1139 1079 περὶ
1176 1018 1298 1076 (lege
1331 1013 1451 1078 παρὰ
1490 1016 1564 1059 τοῦ

293 1088 431 1150 δήμου
459 1106 515 1135 ex
542 1091 702 1148 Suida)
727 1088 802 1142 τὰς
822 1087 961 1143 τάξεις
983 1087 1056 1133 καὶ
1078 1085 1276 1139 λαὸόντες
1301 1084 1464 1131 ἀσπίδα
1488 1083 1561 1130 καὶ

219 1192 221 1195 .
293 1160 393 1223 δόρυ
418 1159 537 1224 παρὰ
560 1164 632 1207 τοῦ
653 1159 789 1222 δήμου
814 1159 1088 1223 περιπολοῦσι
1111 1157 1189 1214 τὴν
1210 1157 1356 1221 χώραν
1381 1155 1454 1202 καὶ
1481 1156 1569 1230 δια-

295 1230 509 1294 τρίδουσιν
548 1233 588 1277 ἐν
623 1234 710 1284 τοῖς
738 1229 1049 1295 φυλακτηρίοις.
1080 1253 1098 1271 »
1129 1227 1465 1294 Παρατηρητέον
1494 1231 1567 1274 οὖν

294 1308 356 1352 ὁτι
399 1301 476 1364 μὲν
512 1306 535 1349 ὁ
570 1302 868 1368 Ἀριστοτέλης
908 1305 979 1349 ἕνα
1021 1301 1148 1367 φησὶν
1172 1300 1360 1348 ἐνιαυτὸν
1400 1301 1443 1346 ἐν
1481 1301 1567 1354 τοῖς

290 1374 534 1439 περιπόλοις
549 1375 737 1438 γίνεσθαι
756 1374 852 1429 τοὺς
876 1374 1072 1440 ἐφήὸους,
1093 1377 1114 1420 ὃ
1128 1373 1170 1421 δὲ
1193 1373 1404 1437 Αἰσχίνης
1424 1372 1564 1437 (Περὶ

291 1446 566 1509 παραπρεσὸ.
588 1449 613 1509 5
635 1450 746 1509 167)
771 1446 858 1495 δύο.

356 1519 525 1564 Eadem
557 1521 715 1564 Suidas
751 1530 796 1565 et
817 1522 1021 1566 Photius.
1063 1521 1214 1565 Verba
1257 1516 1564 1580 ἀποδεξάμενοι

369 1588 504 1643 τάξεις
522 1589 594 1635 καὶ
619 1593 765 1636 omitt.
791 1592 895 1636 cod.
922 1595 978 1637 D.
1002 1601 1047 1635 et
1070 1592 1270 1637 Photius.
1294 1594 1349 1638 V.
1372 1593 1563 1637 Boeckh.

291 1663 321 1709 l.
345 1663 372 1707 1.
391 1678 436 1722 p.
465 1661 490 1706 5
510 1679 635 1722 sqq.;
662 1664 860 1708 Clinton.
882 1666 930 1708 F.
950 1665 1009 1708 H.
1038 1673 1151 1710 tom.
1172 1666 1234 1719 ΙΙ,
1248 1680 1295 1724 p.
1317 1664 1428 1709 362.
1447 1667 1563 1710 Her-

290 1750 444 1779 mann.
483 1736 508 1794 §
555 1736 664 1791 123,
694 1735 745 1791 83
773 1734 1062 1782 Schoemann.
1096 1738 1258 1795 Antiq.
1285 1753 1334 1796 p.
1368 1737 1457 1798 198
1488 1752 1575 1798 sq.

289 1807 501 1850 Ceterum
525 1817 644 1851 errat
663 1809 829 1867 procul
852 1797 996 1851 dubio
1021 1810 1346 1867 grammaticus
1369 1826 1427 1855 ex
1451 1812 1560 1856 loco

289 1878 426 1921 allato
465 1879 682 1938 colligens
716 1880 1010 1924 Aristotelem
1048 1888 1229 1938 putasse
1253 1881 1448 1939 juvenes
1476 1899 1564 1943 per

287 1964 430 1993 unum
455 1958 632 1994 tantum
656 1967 826 1995 annum
845 1952 1146 1997 circuitorum
1164 1967 1356 1999 munere
1379 1954 1564 2001 functos

287 2035 394 2066 esse.
419 2022 567 2066 Verba
589 2019 658 2066 τὸν
680 2021 867 2086 δεύτερον
890 2019 1075 2067 ἐνιαυτόν
1092 2024 1370 2071 intellexerit
1389 2044 1563 2073 annum

285 2092 535 2136 secundum
558 2096 633 2148 τῆς
664 2092 774 2150 ἥὸης
790 2131 803 2153 ‚
828 2111 912 2154 per
934 2111 1133 2155 eumque
1153 2096 1347 2155 juvenes
1368 2103 1563 2162 peripo-

286 2163 352 2205 los
370 2162 500 2208 fuisse
521 2168 764 2223 putaverit.
789 2168 1096 2227 Intelligenda
1120 2179 1275 2215 autem
1298 2174 1442 2218 verba
1458 2184 1564 2219 sunt

285 2234 343 2278 de
366 2238 589 2282 concione
606 2254 704 2297 quae
720 2241 977 2284 habebatur
996 2253 1192 2287 exeunte
1211 2246 1287 2300 τῆς
1303 2242 1414 2302 ἥὸης
1429 2248 1561 2292 bien-

284 2307 383 2361 nio,
410 2310 538 2366 quod
556 2312 809 2371 excipiebat
832 2306 1027 2357 alierum
1064 2315 1305 2362 biennium
1328 2320 1413 2364 τῶν
1434 2337 1561 2384 περι-

284 2375 442 2429 πόλων.

884 2517 959 2548 21.

348 2604 477 2648 Idem
507 2622 516 2649 ε
542 2604 660 2654 Ὀτι
694 2609 819 2672 νόμος
846 2613 958 2660 ἐστὶν
993 2614 1098 2681 ὑπὲρ
1138 2615 1183 2678 μ’
1220 2616 1295 2675 ἔτη
1338 2616 1563 2681 γενόμενον

286 2682 481 2737 χορηγεῖν
507 2679 678 2739 παισὶν,
717 2684 923 2747 Αἰσχίνης
959 2706 1003 2733 τε
1030 2689 1071 2734 ἐν
1095 2691 1156 2752 τῷ
1184 2689 1298 2736 κατὰ
1332 2691 1563 2757 Τιμάρχου

292 2746 358 2804 (c,
386 2746 434 2808 5)
462 2751 563 2812 φησὶ
583 2752 656 2798 καὶ
694 2753 985 2819 Ἀριστοτέλης
1015 2762 1057 2807 ἐν
1092 2765 1145 2824 τῇ
1171 2761 1403 2821 Ἀθηναίων
1434 2767 1562 2812 πολι-

288 2816 394 2881 τείᾳ.
425 2822 612 2869 Photius
631 2835 676 2870 et
695 2829 855 2875 Suidas
880 2833 1039 2877 eadem
1057 2869 1068 2891 ‚
1093 2837 1277 2882 testium
1296 2839 1565 2885 nominibus

290 2905 478 2938 omisffls.

884 3017 963 3049 22.

358 3098 484 3144 lde'm
510 3118 520 3146 :
553 3103 806 3171 Πρόεδροι
831 3110 1082 3176 ἐκληροῦντο
1113 3119 1196 3164 τῶν
1222 3119 1327 3179 (ὑπὸ
1351 3124 1435 3169 τῶν
1469 3136 1559 3171 e'm.

293 3169 435 3214 Vales.
467 3189 571 3218 cum
610 3180 723 3225 Lex.
762 3183 931 3245 Rhet.)
957 3187 1204 3250 πρυτάνεων
1239 3196 1335 3239 καθ’
1377 3194 1595 3254 ἑκάστην,

291 3244 545 3302 πρυτανείαν
571 3247 629 3312 (l.
658 3252 905 3318 ἐκκλησίαν)
928 3249 985 3311 εἶς
1018 3258 1058 3314 ἐξ
1077 3262 1259 3322 ἑκάστης
1292 3269 1426 3330 φυλῆς
1450 3269 1563 3327 πλὴν

308 3337 2929 3388 χ-ῄ-,Ἣ
2948 3399 2951 3405 ,

891 3398 964 3439 20.

343 3454 573 3505 ῐΙιρίπο).ος,
590 3458 785 3501 circuitor.
826 3466 1048 3509 Aristoteles
1064 3471 1102 3511 in
1125 3475 1220 3524 Rep.
1244 3477 1566 3531 Atheniensium,

292 3515 342 3553 «le
357 3517 517 3566 ephebis
538 3520 655 3559 verba
676 3524 817 3565 taciens
832 3528 886 3567 sic
907 3531 962 3570 ait
982 3548 991 3572 z
1012 3550 1030 3568 «
1050 3536 1181 3576 Altero
1197 3549 1301 3579 anno
1317 3544 1508 3585 concione
1526 3546 1567 3585 in

295 3581 449 3620 theatro
464 3590 698 3631 convocata.
727 3591 888 3642 ephebi,
907 3597 1041 3647 clypeo
1073 3604 1110 3640 et
1131 3602 1245 3643 hasta
1273 3617 1345 3656 pro
1373 3610 1567 3651 concione

293 3647 476 3695 accepta,
499 3649 643 3688 terram
676 3653 846 3693 Atticam
869 3659 1109 3706 perlustrant
1128 3667 1168 3704 et
1202 3666 1242 3707 in
1273 3672 1443 3713 castellis
1477 3684 1568 3714 ver·

292 3711 443 3750 santur.
462 3726 480 3744 »
495 3712 669 3754 Oboerva
684 3717 926 3761 Aristotelem
945 3728 1082 3774 putare
1095 3730 1267 3779 ephebos
1282 3745 1350 3785 per
1362 3747 1511 3779 annum
1528 3741 1568 3780 in

293 3773 468 3814 excubiis
486 3777 693 3827 mansisse,
714 3783 936 3825 AEschinem
958 3798 1026 3838 per
1042 3789 1260 3837 biennium.

894 3854 965 3895 21.

315 3969 322 3976 .
346 3909 426 3946 Lex
440 3909 551 3958 jubet
571 3914 615 3952 ut
651 3925 862 3964 puerorum
880 3918 1035 3972 choragi
1052 3936 1199 3967 annum
1216 3933 1343 3972 aetatis
1357 3937 1568 3989 quadrage·

295 3979 436 4010 simum
461 3977 722 4027 excesserint,
750 3981 807 4020 uti
838 3984 1038 4026 AEschines
1068 3989 1105 4027 in
1133 3990 1309 4033 oratione
1340 4001 1476 4040 contra
1506 4003 1570 4042 Ti-

296 4034 497 4075 marchum
516 4036 631 4089 dicit,
650 4043 690 4080 et
708 4043 932 4086 Aristoteles
947 4049 986 4088 in
1006 4051 1100 4102 Rep.
1128 4056 1439 4103 Atheniensium.

902 4117 971 4156 22.

346 4168 503 4209 Proeilrl
522 4181 542 4208 a
575 4175 826 4228 prytanihus,
845 4182 1001 4232 quoties
1018 4195 1118 4225 nova
1143 4188 1359 4232 habebatur
1385 4200 1568 4251 ecclesia,
1640 4235 1643 4239 ,

1237 257 1649 308 ARlS'l'O'l'ELIS
1689 255 2097 304 FRAGMENTA.

1646 366 1722 420 τ’ἧς
1745 361 2088 427 πρυτανευούσης
2101 395 2112 417 ,
2131 357 2280 411 οἵτινες
2301 357 2355 404 τὰ
2374 358 2472 423 περὶ
2489 358 2565 413 τὰς
2586 362 2818 421 ἐκκλησίας
2842 363 2957 432 διῴ-’

1646 454 1763 483 κουν.
1803 433 2065 481 Ἐκαλοῧντο
2090 430 2134 476 δὲ
2158 429 2383 494 πρόεδροι,
2414 432 2645 498 ἐπειδήπερ
2667 435 2931 501 προήδρευον

1646 510 1729 554 τῶν
1752 506 1895 553 ἄλλων
1922 497 2141 550 ἁπάντων.
2167 501 2388 556 Πολλάκις
2421 503 2456 550 δ’
2482 505 2573 552 ἐστὶ
2591 505 2780 569 τοῦνομα
2811 508 2939 574 παρὰ,

1645 586 1731 631 τοῖς
1757 578 1979 643 ῥήτορσιν,
2019 579 2076 628 ὡς
2106 575 2180 621 καὶ
2204 573 2326 640 παρὰ
2361 576 2627 638 Δημοσθένει
2659 581 2702 627 ἐν
2740 582 2803 645 τῷ
2835 583 2958 629 κατ’.
3000 602 3002 605 ·

1647 648 1942 713 Ἀνδροτίωνος
1976 646 2050 694 καὶ
2083 646 2272 710 Αἰσχίνῃ
2297 647 2341 692 ἐν
2365 650 2426 713 τῷ
2465 649 2579 696 κατὰ
2617 652 2954 718 Κτησιφῶντος(
3000 648 3004 687 'l

1646 721 1753 770 ’Ότι
1775 721 1810 767 δ’
1836 724 1858 767 ὁ
1887 718 2149 781 καλούμενος
2173 719 2410 778 ἐπιστάτης
2433 722 2588 786 κληροῖ
2610 722 2783 783 αὐτοὺς,
2809 723 2959 791 εἴρῃ-ᾗ

1644 811 1716 839 κεν
1733 789 2027 855 Ἀριστοτέλης
2051 792 2093 836 ἐν
2115 790 2351 849 Ἀθηναίων
2376 792 2589 858 πολιτείᾳ.
2999 801 3003 852 ζ

1712 866 1824 912 Καθ’
1862 863 2050 920 ἑκάστην
2090 862 2380 928 πρυτανείαν]
2415 884 2457 914 κ.
2499 868 2534 913 ἑ.
2569 867 2934 926 ἐκκλησίανειιι.

1642 941 1847 983 Luzacus
1863 940 1935 982 De
1960 939 2148 982 Socrate
2172 939 2272 982 cive
2294 953 2342 998 p.
2369 955 2450 999 97,
2477 941 2608 1000 quod
2630 943 2862 1001 probatur
2879 959 2940 999 ex

1642 1012 1759 1054 Lex.
1783 1010 1922 1053 Rhet.
1945 1025 1994 1069 p.
2022 1024 2133 1069 290.
2148 1010 2342 1054 Photius
2362 1026 2554 1071 quoque
2575 1013 2756 1059 duabus
2777 1014 2944 1076 glossis
2999 1016 3004 1053 ἱ

1641 1098 1685 1128 v.
1707 1079 1915 1144 Πρόεδροι
1931 1082 2094 1126 eadem
2108 1082 2353 1142 proferens
2368 1118 2381 1140 ‚
2401 1086 2451 1128 in
2464 1086 2609 1130 altera
2621 1086 2764 1132 habet
2785 1087 2961 1147 {xxm-j

1643 1152 1761 1210 σίαν,
1796 1154 1910 1198 dum
1939 1155 1989 1198 in
2022 1155 2168 1199 altera
2200 1165 2267 1200 est
2296 1148 2574 1220 πρυτανείαν.
2602 1156 2675 1203 Cf.
2704 1161 2852 1205 schol.
2877 1156 2961 1210 ad?

1638 1227 1940 1271 Demosthen.
1967 1242 1992 1271 e
2017 1226 2126 1271 cod.
2161 1229 2410 1284 Bavarioe,
2431 1230 2561 1274 Orat.
2588 1230 2670 1276 Gr.
2698 1239 2816 1288 tom.
2858 1234 2959 1290 1·1,·
2999 1229 3004 1288 ξ

1637 1314 1684 1357 p.
1719 1303 1807 1351 104
1839 1299 1915 1345 ed.
1940 1299 2125 1355 Reisk.;
2151 1300 2298 1344 schol.
2326 1301 2387 1345 ad
2410 1303 2616 1347 AEschin.
2649 1303 2702 1349 C.
2732 1303 2934 1364 Ctesiph.
3000 1327 3005 1346 ι

1637 1386 1687 1429 p.
1711 1376 1803 1428 247
1833 1385 1903 1430 sq.
1935 1371 2011 1415 ed.
2056 1371 2204 1419 Bekk.
2231 1373 2399 1417 Pollux
2433 1375 2569 1433 VIII,
2601 1374 2663 1434 96
2696 1391 2706 1420 :
2735 1371 2882 1423 “orm
2896 1375 2936 1423 οἱ
2999 1421 3003 1431 1

1638 1441 1866 1506 πρυτάνεις
1897 1441 1970 1489 τὸν
1997 1443 2133 1506 δῆμον
2162 1440 2190 1500 ἢ
2221 1443 2298 1503 τὴν
2322 1443 2482 1509 βουλὴν
2515 1439 2939 1510 συνάγωσιν·,.οἷτος
2999 1466 3002 1507 ξ

1642 1514 1687 1576 (ὃ
1713 1514 1972 1580 ἐπιστάτης)
1997 1515 2039 1571 ἐξ
2060 1515 2246 1576 ἑκάστης
2275 1521 2409 1585 φυλῆς
2432 1518 2637 1584 πρόεδρον
2658 1517 2733 1567 ἕνα
2752 1522 2936 1586 κληροῖ,
2999 1530 3002 1569 f

1639 1586 1772 1648 μόνην
1792 1587 1869 1645 τὴν
1896 1588 2244 1653 πρυτανεύουσαν
2265 1590 2417 1656 ἀφιείς.
2443 1594 2608 1639 Suidas
2633 1611 2679 1642 v.
2707 1591 2934 1658 Πρόεδροι.
2958 1621 2962 1624 ·
2999 1638 3002 1643 .

1637 1663 1973 1708 Recentiorum
2004 1664 2152 1709 libros
2188 1665 2349 1711 laudat
2385 1662 2624 1712 Hermann
2642 1669 2674 1712 l.
2705 1667 2789 1728 15
2824 1683 2933 1724 127.
2960 1713 2961 1716 ,

1637 1736 1932 1783 Schoemann.
1969 1738 2128 1797 Antiq.
2150 1752 2200 1797 p.
2232 1753 2323 1796 217
2343 1773 2355 1796 ,
2374 1755 2432 1799 *93
2459 1742 2530 1784 De
2553 1741 2753 1785 comitiis
2773 1755 2822 1800 p.
2850 1738 2931 1787 85.
2959 1738 2962 1739 ⁷
2998 1734 3002 1735 ⁷

2222 1868 2282 1898 22
2309 1869 2351 1900 3.

1703 1967 2051 2025 Harpocration
2067 1983 2077 2012 ε
2094 1968 2140 2015 Π
2151 1985 2173 2031 ρ
2184 1987 2207 2014 υ
2217 1987 2310 2020 ταν
2322 1987 2341 2015 ε
2354 1966 2368 2014 ί
2377 1986 2404 2013 α
2415 1987 2435 2022 ς
2445 1986 2457 1997 ·
2476 1967 2688 2034 Ἀντιφῶν
2701 1970 2744 2016 ἐν
2757 1970 2820 2034 τῷ
2831 1967 2939 2034 πρὸς

1637 2036 1873 2083 Νικοκλέα.
1896 2035 2031 2086 Ἐστι
2051 2037 2098 2086 δὲ
2119 2039 2298 2105 ἀριθμὸς
2322 2043 2497 2106 ἡμερῶν
2528 2045 2556 2100 ἡ
2581 2041 2818 2108 πρυτανεία
2836 2041 2936 2100 ἤτοι

1634 2107 1707 2161 λς’
1727 2107 1755 2164 ἢ
1779 2109 1869 2169 λε’,
1896 2108 1970 2156 καὶ
2001 2112 2165 2170 ἑκάστη
2191 2111 2302 2177 φυλὴ
2327 2112 2599 2179 πρυτανεύει.
2625 2110 2871 2162 Διείλεκται
2891 2114 2935 2165 δὲ

1634 2179 1734 2245 περὶ
1771 2179 1932 2228 τούτων
1967 2181 2261 2248 Ἀριστοτέλης
2301 2186 2344 2232 ἐν
2367 2189 2421 2250 τῇ
2446 2185 2693 2243 Ἀθηναίων
2716 2184 2932 2251 πολιτείᾳ.

1636 2253 1704 2299 Cf.
1729 2251 1894 2300 Suidas
1912 2272 1959 2303 v,
1988 2255 2274 2320 Πρυτανείας.

2245 2366 2324 2414 23.

1705 2479 1839 2526 Idem
1876 2497 1888 2524 :
1913 2478 2208 2540 Ἐπιστάτη
2220 2499 2255 2535 ς.
2291 2480 2380 2530 Δύο
2415 2481 2522 2529 εἰσὶν
2557 2484 2597 2530 οἳ
2629 2482 2937 2547 καθιστάμενοι

1640 2550 1894 2611 ἐπιστάται,
1915 2554 1938 2598 ὁ
1963 2551 2041 2614 μὲν
2075 2555 2124 2600 ἐκ
2150 2553 2404 2620 πρυτάνεων
2431 2555 2744 2621 κληρούμενος,
2770 2558 2794 2604 ὃ
2814 2555 2860 2604 δὲ
2884 2558 2935 2604 ἐκ

1639 2624 1723 2668 τῶν
1740 2624 1958 2690 προέδρων
1971 2662 1986 2688 ,
2005 2618 2064 2672 ὧν
2083 2625 2281 2691 ἑκάτερος
2296 2626 2393 2674 τίνα
2414 2627 2626 2687 διοίκησιν
2647 2631 2798 2678 διοικεῖ
2814 2628 2936 2687 δεδή-

1638 2695 1776 2742 λωκεν
1800 2699 1823 2743 ὃ
1847 2696 2142 2762 Ἀριστοτέλης
2162 2701 2205 2746 ἐν
2227 2699 2461 2758 Ἀθηναίων
2485 2700 2701 2767 πολιτείᾳ.
2772 2730 2779 2739 1

1706 2769 1952 2815 CflPollux
1963 2774 2091 2828 VIII,
2103 2772 2165 2833 96
2180 2788 2191 2816 :
2208 2770 2478 2831 Ἐπιστάτης
2491 2774 2528 2820 δ’
2542 2774 2656 2821 ἐστὶν
2668 2766 2727 2829 εἷς
2737 2777 2824 2822 τῶν
2835 2779 2936 2838 πρυ-

1639 2838 1803 2887 τάνεων
1818 2878 1830 2899 ,
1845 2844 1868 2887 ὁ
1887 2840 2035 2907 κλήρῳ
2051 2841 2216 2907 λαχών.
2239 2845 2314 2899 Δὶς
2333 2844 2378 2891 δὲ
2397 2848 2475 2892 οὐκ
2492 2845 2630 2901 ἔξεστι
2646 2846 2841 2911 γενέσθαι
2863 2846 2934 2894 τὸν
2953 2892 2955 2894 ,
2991 2876 2994 2906 1

1641 2910 1769 2959 αὐτὸν
1795 2913 2051 2972 ἐπιστάτην.
2079 2913 2210 2978 Ἔχει
2236 2914 2279 2962 δὲ
2297 2909 2418 2971 οὗτος
2437 2920 2521 2964 τῶν
2539 2919 2665 2982 ἱερῶν
2699 2917 2776 2972 τὰς
2795 2920 2935 2978 κλεῖς,
2991 2914 2996 2969 Δ,

1641 2982 1685 3027 ἐν
1709 2975 1770 3037 οἷς
1785 2983 1840 3031 τὰ
1859 2983 2069 3049 χρήματα
2093 2987 2166 3033 καὶ
2188 2986 2243 3034 τὰ
2262 2987 2519 3053 γράμματα.
2537 2993 2807 3052 Sequuntur
2827 3009 2929 3053 quae
2957 3031 2959 3034 .

1644 3054 1696 3100 in
1715 3059 2019 3105 antecedente
2038 3059 2203 3121 fragm.
2217 3062 2467 3123 adscripsi.
2479 3091 2546 3098 —
2558 3065 2791 3130 Suidasy..
2807 3063 2934 3113 Ἐπι-

1641 3127 1800 3187 στάτης
1826 3148 1836 3176 :
1864 3132 1965 3179 Τῶν
2001 3131 2251 3196 πρυτάνεων
2276 3124 2337 3187 εἷς
2366 3137 2388 3181 ὁ
2419 3133 2567 3198 λαχὼν
2593 3136 2827 3195 ἐπιστάτης
2847 3136 2957 3185 ἐλί-

1641 3219 1756 3263 γετο.
1784 3201 1859 3257 Δὶς
1886 3202 1930 3250 δὲ
1964 3202 2037 3252 τὸν
2061 3203 2190 3252 αὐτὸν
2223 3207 2454 3264 ἐπιστῆσαι
2479 3209 2557 3254 οὐκ
2575 3207 2687 3266 ἐξῆν.
2706 3208 2957 3263 Φυλάσσει

1642 3271 1686 3319 δὲ
1717 3278 1792 3320 τοῦ
1822 3277 1938 3341 ἱεροῦ
1973 3275 2052 3331 τὰς
2089 3278 2228 3338 κλεῖς,
2258 3271 2360 3345 ἐνῷ
2390 3279 2444 3326 τὰ
2475 3279 2662 3340 δημόσια
2697 3277 2951 3346 χρήματα,

1641 3414 1748 3451 sorte
1767 3413 2022 3465 legebantur,
2042 3427 2092 3455 ex
2108 3417 2288 3467 qualibet
2308 3418 2417 3459 tribu
2437 3428 2541 3457 unus
2561 3418 2754 3469 (excepta
2771 3429 2820 3459 ea
2837 3429 2949 3469 qum-
2990 3447 2991 3450 η

1641 3476 1867 3525 prytaniain
1892 3479 2076 3530 gerebat)
2100 3495 2109 3519 ε
2127 3481 2199 3531 qui
2216 3481 2411 3521 curabant
2426 3491 2474 3521 ea
2496 3491 2591 3542 quae
2611 3480 2670 3521 -ad
2683 3481 2847 3522 comitia
2860 3492 2945 3533 μω

1641 3539 1722 3589 puli
1738 3538 1999 3589 pertinebant.
2019 3543 2334 3594 Appellabantur
2356 3546 2493 3584 autem
2505 3543 2704 3597 πρόεδροι,
2725 3545 2833 3596 quod
2852 3547 2938 3597 pri·

1641 3614 1748 3643 mam
1771 3615 1854 3655 prae
1885 3607 2047 3657 reliquis
2075 3607 2210 3649 sedem
2239 3609 2442 3649 tenebant.
2467 3611 2669 3660 Frequens
2698 3620 2846 3651 nomen
2873 3612 2937 3658 ost
2988 3652 2991 3653 ⁷

1641 3668 1747 3717 apud
1768 3672 1946 3711 oratores
1957 3701 1968 3721 ,
2004 3673 2050 3710 ut
2067 3672 2174 3723 apud
2194 3673 2501 3713 Demosthenem
2517 3672 2558 3712 in
2571 3674 2672 3713 orat.
2692 3676 2832 3715 contra
2848 3672 2946 3716 Am?

1640 3731 1863 3773 drotionem
1887 3736 1927 3774 et
1953 3735 2060 3785 apud
2077 3736 2306 3776 AEschinem
2330 3738 2471 3776 contra
2487 3734 2799 3787 Ctesiphontem.
2828 3741 2941 3799 Em!
2990 3764 2992 3766 v

1640 3799 1774 3835 autem
1811 3798 1881 3847 qui
1922 3799 2142 3839 vocabatur
2171 3799 2402 3850 ἐπιστάτης,
2434 3799 2627 3851 proedros
2657 3803 2765 3842 sorte
2797 3801 2900 3853 legi
2920 3800 2947 3846 .·.·

1643 3861 1868 3902 Aristoteles
1886 3863 1927 3903 in
1949 3864 2246 3905 Atheniensium
2270 3876 2352 3916 rep.
2371 3865 2480 3906 dicit.
2672 3856 2677 3862 ⁴
2878 3885 2924 3932 ’,Δ

1692 3997 1780 4035 Duo
1811 3999 2016 4040 constituti
2031 4002 2124 4040 sunt
2147 4001 2356 4052 Epistatae‚
2378 4012 2481 4042 unus
2506 4012 2530 4042 e
2562 3999 2798 4052 prytanibus
2827 3995 2943 4058 ⁸0¹⁴&

1640 4057 1791 4110 lectus,
1809 4061 1911 4101 alter
1931 4073 1981 4102 ex
2000 4057 2193 4113 proedris.
2213 4067 2269 4104 De
2285 4061 2554 4104 functionibus
2570 4063 2766 4104 ethorum
2785 4066 2827 4105 et
2843 4064 2886 4121 ill
2902 4115 2906 4118 .
2931 4099 2933 4101 .
2988 4070 2989 4074 ’

1643 4132 1730 4163 rum
1754 4126 1935 4175 exposuit
1958 4126 2190 4168 Aristoteles
2206 4129 2244 4168 in
2263 4131 2360 4180 Rep.
2386 4128 2699 4170 Atheniensium.
