3016 4628
1200 301 1608 350 FRAGMENTA.

690 414 764 460 30.

55 501 91 577 ,Β
154 525 285 574 Idem
301 527 349 580 Ι,
386 539 434 583 Ρ.
470 538 556 583 29,
576 523 611 567 F
648 534 660 568 :
686 517 810 577 Φησὶ
834 515 879 564 δὲ
908 516 1124 571 Φανίαςὸ
1153 515 1371 581 Ἐρέσιος,

67 593 326 657 ’,Μενδαίους
343 592 435 646 τοὺς
461 591 610 656 βότρυς
639 589 709 638 ἐπὶ
732 593 784 654 τῇ
810 587 994 653 ἀμπέλῳ
1020 586 1177 654 ῥαίνειν
1196 590 1257 652 τῷ
1276 589 1370 634 ἐλα-

147 664 245 732 ρίῳ·
263 665 328 712 διὸ
352 666 542 728 γίνεσθαι
568 664 638 710 τὸν
663 654 771 710 οἶνον
795 660 1009 723 μαλακόν.

691 777 766 823 31.

71 930 84 945 ,γ
150 887 283 934 Idem
297 888 390 943 IX,
410 902 460 947 p.
487 886 599 942 406,
625 887 660 931 C
687 901 698 930 τ
722 881 849 932 Μετὰ
865 886 1001 930 ταῦτα
1021 883 1372 948 περιενεχθεισῶν

64 947 260 1027 ’.ὀρνίθων
292 976 339 1004 τε
380 959 520 1004 ὀπτῶν
552 959 692 1022 φακῆς
726 974 774 1003 τε
811 954 886 1002 καὶ
917 957 1055 1001 πισῶν
1104 956 1253 1008 αὐταῖς
1285 953 1373 1018 χύ-
1426 965 1430 969 -

69 1048 232 1098 stpatc,
253 1029 316 1079 ἔτι
333 1028 378 1077 δὲ
397 1031 480 1076 τῶν
502 1027 729 1088 τοιούτων,
751 1027 850 1092 περὶ
869 1019 927 1074 ὧν
952 1026 1124 1081 Φανίας
1140 1029 1162 1074 ὁ
1179 1026 1374 1091 Ἐρέσιος

40 1099 135 1161 -le
157 1109 245 1158 τοῖς
266 1101 375 1166 Περὶ
400 1103 542 1168 φυτῶν
576 1100 677 1148 τάδε
699 1099 879 1166 γράφει·
905 1122 924 1142 α
947 1102 1080 1149 Πᾶσα
1104 1097 1187 1165 γὰρ
1216 1100 1374 1164 χεδρο-

51 1167 232 1235 ’Ῐπώδης
253 1171 412 1238 ἥμερος
433 1170 556 1238 φύσις
580 1171 870 1237 ἐνσπέρματος
885 1174 912 1230 ἡ
934 1170 1011 1235 μὲν
1038 1171 1230 1237 ἑψήσεως
1251 1168 1375 1218 ἕνεκα

40 1236 82 1305 31³
93 1244 313 1310 σπείρεται
326 1281 339 1305 ,
363 1236 450 1292 οἷον
470 1246 493 1291 δ
516 1242 709 1306 κύαμος,
734 1243 860 1298 πισός
874 1262 884 1272 ·
910 1242 1085 1308 ἐτνηρὸν
1107 1241 1191 1307 γὰρ
1214 1245 1262 1290 ἐκ
1281 1240 1375 1289 τού-

62 1336 173 1368 των
193 1317 342 1383 ἕψημα
365 1317 550 1379 γίνεται·
576 1314 631 1362 τὰ
654 1313 699 1362 δὲ
723 1314 852 1362 πάλιν
885 1309 1003 1371 αὖθις
1034 1314 1266 1372 λεκιθώδη,
1288 1333 1375 1361 κα-

56 1383 225 1455 ’,Ϋθάπερ
249 1387 430 1452 ἄρακος·
451 1386 501 1435 τὸ
525 1386 570 1435 δὲ
594 1390 755 1454 φακῆς,
777 1381 865 1435 οἷον
888 1388 1058 1453 ἀφάκη,
1084 1387 1239 1453 φακός·
1260 1385 1309 1433 τὸ
1331 1384 1374 1432 δὲ

39 1483 48 1528 j.
69 1453 243 1527 Ηχόρτου
277 1459 404 1509 ἕνεκα
437 1462 522 1508 τῶν
543 1459 818 1524 τετραπόδων
843 1457 962 1524 ζῴων
977 1496 989 1519 ,
1015 1454 1100 1508 οἷον
1123 1457 1272 1524 ὄροὸος
1297 1456 1375 1520 μὲν

32 1546 54 1601 Ἰζ
74 1533 306 1604 1ἀροτήρων
330 1534 468 1598 βοῶν,
487 1531 632 1598 ἀφάκη
653 1531 698 1580 δὲ
719 1531 966 1597 προὸάτων.
993 1554 1011 1575 »

693 1641 771 1687 32.

155 1756 291 1802 Idem
311 1759 358 1814 Ι,
381 1772 429 1816 Ρ.
446 1757 523 1815 32,
544 1759 613 1803 A:
636 1755 746 1819 Περὶ
765 1753 810 1803 δὲ
833 1758 910 1813 τῆς
924 1758 998 1802 τοῦ
1017 1755 1248 1816 ἀνθοσμίου
1262 1752 1373 1801 οἴνου

31 1818 319 1883 σκευασίας
353 1826 524 1881 Φανίας
557 1830 579 1874 ὃ
612 1826 808 1892 Ἐρέσιός
831 1846 935 1893 φησι
974 1826 1099 1874 τάδε·
1134 1847 1153 1869 «
1188 1825 1369 1874 Γλεύκει

48 1905 353 1964 ,ηπαραχεῖται
371 1898 443 1946 ἐπὶ
458 1905 560 1964 χοῦς
575 1899 843 1958 πεντήκοντα
858 1890 920 1954 εἷς
939 1900 1182 1957 θαλάσσης,
1202 1897 1277 1947 καὶ
1301 1898 1374 1962 γί-

60 1989 204 2025 :vetat
231 1971 482 2034 ἀνθοσμίας.
510 1994 529 2015 »
553 1971 642 2020 Καὶ
661 1971 814 2019 πάλιν·
832 1993 852 2015 α
871 1971 1122 2033 Ἀνθοσμίας
1144 1970 1307 2035 γίνεται
1328 1973 1376 2018 ἐκ

60 2059 66 2106 j
88 2041 190 2091 νέων
218 2042 424 2106 ἀμπέλων
448 2043 718 2108 ἰσχυρότερος
751 2043 780 2102 ἢ
806 2045 855 2091 ἐκ
877 2045 1092 2093 παλαιῶν.
1117 2065 1139 2085 ³»
1175 2042 1302 2101 Ἕξῆς
1331 2044 1377 2091 τέ

58 2133 218 2182 ςφησι·
252 2136 273 2157 α
307 2114 401 2170 Τὰς
436 2115 707 2180 ὀμφακώδεις
748 2114 1112 2179 συμπατήσαντες
1145 2114 1349 2163 ἀπέθεντο
1363 2152 1375 2176 ,

31 2235 33 2238 ⁴
52 2185 166 2246 ’ἷζκαὶ
189 2186 422 2250 ἀνθοσμίας
442 2186 624 2252 ἐγένετο.
649 2209 668 2230 n

701 2276 779 2324 33.

27 2391 36 2441 J‘
59 2378 63 2382 ’
79 2391 89 2444 s
153 2391 413 2452 Idem11‚p.
433 2389 555 2450 51,E
575 2406 589 2438 :
606 2388 778 2445 Φανίας
795 2389 1082 2455 δ’ὁἘρέσιος,
1099 2394 1121 2437 ὁ
1139 2390 1378 2455 Ἀριστοτέ-

27 2491 31 2498 »
66 2459 187 2517 Γλους
203 2460 425 2525 μαθητὴς,
443 2461 516 2509 τὸν
532 2465 608 2519 τῆς
626 2461 775 2527 ἀγρίας
794 2462 1030 2524 συκαμίνου
1053 2462 1220 2526 καρπὸν
1248 2461 1378 2528 μόρον

52 2534 241 2592 εκαλεῒ,
274 2531 378 2580 ὄντα
401 2525 638 2580 καΫαῦτὸν
661 2532 925 2597 γλυκύτατον
966 2533 1040 2580 καὶ
1075 2533 1272 2592 ἥδιστον,
1308 2533 1377 2581 ὅτε

52 2598 346 2662 [πεπανθείη.
369 2605 535 2670 Γράφει
556 2604 600 2652 δὲ
622 2603 776 2660 οὕτως·
793 2627 813 2648 α
833 2603 899 2653 Τὸ
931 2604 1059 2669 μόρον
1083 2604 1132 2652 τὸ
1159 2606 1375 2670 βατῶδες,

70 2672 366 2741 ζξηρανθείσης
391 2679 469 2734 τῆς
488 2675 672 2742 σφαίρας
701 2679 778 2735 τῆς
802 2675 1145 2737 συκαμινώδους,
1179 2695 1376 2742 σπερμα-

44 2747 213 2817 ζζτικὰς
241 2747 333 2813 ἔχει
369 2747 446 2804 τὰς
468 2748 780 2811 συκαμινώδεις
804 2748 1023 2812 διαγονὰς,
1052 2748 1246 2813 καθάπερ
1268 2752 1378 2796 ὑπο-

50 2815 348 2887 ]φαινούσας,
378 2820 453 2868 καὶ
473 2819 655 2887 διαφυὰς
677 2820 770 2886 ἔχει
792 2820 986 2888 ψαθυρὰς
1009 2820 1083 2869 καὶ
1108 2820 1337 2886 εὐχύμους.
1360 2844 1378 2864 n

702 2939 779 2993 34.

156 3053 290 3100 Idem
304 3056 370 3112 11,
383 3070 432 3115 p.
449 3055 527 3113 66,
547 3057 590 3100 D
607 3072 618 3100 t
643 3052 815 3109 Φανίας
830 3073 840 3084 ·
856 3075 875 3098 α
890 3053 1047 3119 Βρωτὰ
1061 3054 1139 3116 μὲν
1151 3055 1302 3104 ἁπαλὰ
1315 3060 1376 3123 τῷ

69 3123 71 3127 ’
92 3122 336 3191 ἰπικαρπίῳ
351 3123 492 3178 σικυὸς
513 3125 588 3172 καὶ
607 3124 756 3173 πέπων
773 3125 873 3173 ἄνευ
889 3131 964 3174 τοῦ
981 3127 1225 3192 σπέρματος
1238 3165 1251 3187 ,
1270 3148 1379 3176 πετ-

41 3218 43 3222 ⁴
67 3195 270 3267 χεόμενον
307 3195 352 3244 δὲ
375 3196 424 3245 τὸ
443 3198 725 3263 περικάρπιον
746 3197 889 3262 μόνον.
916 3200 1166 3259 Κολοκύντη
1193 3199 1237 3248 δὲ
1278 3200 1378 3264 ὠμὴ

82 3267 176 3334 4,μὲν
200 3267 414 3335 ἄὸρωτος,
441 3268 547 3335 ἑφθὴ
573 3270 618 3318 δὲ
636 3270 711 3318 καὶ
734 3269 845 3329 ὀπτὴ
869 3271 1030 3336 βρωτή.
1054 3296 1073 3314 ι»

697 3380 778 3429 35.

53 3479 114 3554 Δ«ἦ.
161 3494 387 3554 IdemIII,
403 3512 450 3557 p.
464 3496 675 3554 84‚C,D:
691 3495 869 3550 Τούτοις
886 3496 999 3551 εἴτις
1017 3480 1252 3561 ἀντιλέγειν
1269 3498 1380 3563 ἔχει,

24 3558 37 3619 ἶ,
179 3563 240 3628 μὴ
263 3564 312 3613 τὸ
327 3570 399 3614 ν’ὗν
417 3565 574 3632 κιτρίον
592 3567 820 3631 λεγόμενον
838 3567 1118 3631 σημαίνεται,
1138 3569 1381 3638 σαφέστερα

2631 320 2718 362 301

1447 406 1662 472 μαρτύρια
1687 408 2007 472 παρατιθέσθω,
2033 410 2171 458 καίτοι
2203 414 2274 459 καὶ
2306 416 2474 463 Φανίου
2495 423 2567 464 τοῦ
2594 418 2726 485 'Epe-

1447 477 1539 526 σίου
1561 477 1723 526 ἔννοιαν
1747 484 1851 542 ἡμῖν
1874 479 2080 539 διδόντος,
2109 483 2277 543 μήποτε
2303 487 2387 533 ἀπὸ
2403 492 2477 546 τῆς
2500 490 2651 555 κέδρου
2676 493 2725 540 τὸ
2805 490 2806 493 “

1446 550 1610 616 κεδρίον
1621 550 1897 613 ὠνόμασται.
1922 551 2010 600 Καὶ
2029 553 2111 617 γὰρ
2131 553 2207 610 τὴν
2229 556 2374 620 κέδρον
2394 560 2518 621 φησὶν
2540 565 2581 608 ἐν
2610 563 2727 624 πέμ-

1447 642 1542 688 πτῳ
1568 622 1677 688 Περὶ
1701 626 1840 688 φυτῶν
1866 622 2052 678 ἀκάνθας
2087 623 2200 689 ἔχειν
2231 627 2329 691 περὶ
2353 629 2407 675 τὰ
2435 631 2591 694 φύλλα.
2624 637 2729 684 “Ort

1447 693 1493 743 δὲ
1513 695 1561 742 τὸ
1582 694 1685 743 αὐτὸ
1703 699 1827 743 τοῦτο
1846 694 1920 743 καὶ
1939 695 2037 761 περὶ
2056 695 2104 744 τὸ
2127 697 2285 763 κιτρίον
2303 700 2416 758 ἐστὶ,
2434 705 2561 750 παντὶ
2582 706 2727 763 δῆλον.

2048 813 2128 859 36.

1514 929 1666 987 Etym.
1693 930 1756 975 M.
1792 944 1842 988 p.
1879 926 2002 985 515,
2032 928 2093 982 48
2131 945 2143 973 ι
2185 926 2379 993 Κίτριον.
2421 930 2575 989 Φάνης
2611 933 2732 997 (sic)

1449 1000 1471 1044 ὃ
1495 996 1688 1062 Ἐρέσιος
1712 997 1873 1046 ἔννοιαν
1897 1002 2002 1062 ἡμῖν
2039 998 2215 1058 δίδωσι,
2251 1001 2418 1062 μήποτε
2441 1003 2526 1050 ἀπὸ
2557 1008 2632 1061 τῆς
2664 1006 2735 1052 κέ-

1450 1070 1550 1134 δρου
1574 1067 1623 1116 τὸ
1643 1069 1799 1134 κίτριον
1824 1068 2098 1132 ὠνόμασται·
2124 1070 2199 1118 καὶ
2226 1071 2309 1136 γὰρ
2339 1072 2416 1130 τὴν
2442 1073 2589 1139 κέδρον
2610 1076 2739 1140 φασὶν

1450 1141 1638 1197 ἀκάνθας
1653 1141 1766 1206 ἔχειν
1786 1142 1886 1207 περὶ
1908 1141 1963 1189 τὰ
1987 1140 2154 1208 φύλλα,
2176 1146 2234 1199 ὡς
2248 1144 2297 1191 τὸ
2320 1143 2498 1212 κίτριον.
2519 1147 2731 1206 Ἀθηναῖοι

1450 1213 1496 1261 δὲ
1523 1214 1609 1261 ἀπὸ
1631 1219 1705 1262 τοῦ
1731 1214 1862 1262 τόπου
1883 1215 1988 1262 αὐτὸ
2008 1217 2356 1279 ἐτυμολογοῦσιν.

2057 1333 2140 1392 37.

1517 1449 1670 1494 Schol.
1694 1447 1929 1492 Theocrit.
1955 1449 2070 1504 VII,
2099 1447 2188 1502 134
2217 1447 2431 1502 ε-Φανίας
2462 1447 2508 1495 δὲ
2528 1449 2657 1515 φησὶν
2678 1455 2738 1499 οἷ-

1395 1549 1397 1551 ·
1450 1515 1657 1582 ναρίζειν,
1677 1514 1726 1562 τὸ
1749 1516 1984 1580 περιαιρεῖν
2003 1519 2088 1564 τῶν
2110 1515 2411 1580 οἷναρέωνκαὶ
2427 1527 2599 1583 τρυγᾶν.

2059 1611 2140 1658 38.

1517 1707 1778 1767 Antigonus
1795 1706 1963 1751 Mirab.
1991 1721 2031 1752 c.
2057 1722 2142 1765 171
2175 1705 2190 1768 (
2212 1705 2299 1752 155
2317 1708 2593 1770 Westerm.)
2618 1710 2744 1756 εΦα-

1452 1775 1544 1823 νίαν
1572 1774 1617 1823 δὲ
1645 1778 1731 1840 (sc.
1754 1778 1936 1840 ἱστορεῖν
1957 1778 2087 1842 φασι)
2111 1775 2189 1835 τὴν
2225 1781 2310 1824 τῶν
2334 1777 2548 1844 Πυράκων
2584 1777 2741 1843 λίμνην

1453 1845 1554 1894 ὅταν
1594 1846 1864 1912 ἀναξηρανθῇ
1900 1847 2096 1897 κάεσθαι.

1520 1918 1766 1985 Πυράκων]
1819 1918 2029 1984 Συράκων
2068 1923 2335 1983 Bentleiu53
2389 1920 2620 1985 Πυρραίων
2661 1920 2734 1985 (in

1452 1995 1678 2040 Thessalia
1703 1992 1963 2055 Meursius.)
1991 1993 2060 2040 Cf.
2081 1995 2386 2054 Theophrast.
2410 1997 2481 2039 De
2501 1997 2649 2054 plant.
2672 1997 2716 2040 ΙΙ
2730 2030 2742 2052 ,

1455 2065 1498 2112 8.
1535 2068 1703 2135 Nqster
1739 2067 1871 2110 locus
1907 2066 2019 2110 item
2052 2081 2111 2110 ex
2145 2081 2289 2125 opere
2325 2069 2396 2112 De
2434 2068 2604 2126 plantis
2642 2069 2741 2127 peti

1452 2141 1626 2200 potuit.

2059 2232 2137 2292 39.

1519 2332 1592 2376 Id.
1618 2331 1735 2375 ibid.
1771 2347 1813 2378 c.
1843 2330 1931 2375 186
1957 2328 2083 2392 (171
2126 2331 2396 2392 Westerm.)
2439 2348 2449 2375 :
2485 2330 2658 2378 Φανίαν
2693 2331 2738 2378 δὲ

1455 2394 1567 2442 κατά
1591 2413 1708 2447 τινας
1726 2393 1879 2448 τόπους
1902 2397 1977 2451 τῆς
2006 2392 2178 2441 Λέσὸου
2205 2394 2277 2440 καὶ
2300 2395 2399 2459 περὶ
2419 2398 2502 2441 τῶν
2529 2397 2742 2459 Νεανδρί-

1455 2468 1538 2514 δων
1576 2466 1653 2520 τὰς
1684 2465 1846 2530 βώλους
1882 2465 1958 2520 τὰς
1983 2468 2065 2512 τῶν
2092 2465 2230 2531 ὄψεων
2260 2466 2518 2530 καθηγήσεις
2551 2467 2742 2530 γίνεσθαι

1454 2541 1532 2587 καὶ
1550 2539 1795 2604 χρησίμας,
1814 2538 1890 2585 καὶ
1913 2539 1971 2592 εἷς
1994 2536 2109 2603 ὕδωρ
2137 2538 2421 2600 ἐμὸληθείσας
2445 2538 2540 2586 οὔτε
2556 2539 2741 2586 καταδύ-

1455 2630 1539 2659 νειν
1563 2610 1658 2658 οὔτε
1678 2609 2015 2667 κατατήκεσθαι.

2064 2729 2142 2777 40.

1521 2841 1718 2899 Hesych.
1737 2856 1782 2884 v,
1811 2837 2006 2902 Κήρυκες
2027 2855 2038 2883 :
2062 2836 2290 2886 Ἐκαλεῖτο
2308 2835 2350 2883 δὲ
2369 2837 2440 2884 καὶ
2466 2837 2582 2899 γένος
2603 2839 2743 2902 ἰθαγε-

1456 2915 1553 2971 νῶν,
1579 2909 1665 2957 ἀπὸ
1689 2909 1887 2974 Κήρυκος
1909 2914 1982 2956 τοῦ
2005 2908 2189 2973 Ἑρμοῦ.
2212 2907 2408 2973 Φανίας.
2426 2908 2515 2956 Καὶ
2530 2908 2626 2964 τοὺς
2649 2912 2743 2974 ἐρι-

1456 2983 1658 3039 νάζοντας
1681 2981 1777 3036 τοὺς
1800 2980 1959 3046 ἓρινοὺς
1982 2980 2173 3046 κήρυκας
2190 2979 2403 3045 λέγουσιν.

1520 3060 1730 3104 Fortasse
1741 3057 1924 3102 Phaniae
1936 3057 2081 3101 Eresii
2091 3057 2266 3100 mentio
2279 3056 2390 3100 latet
2401 3056 2527 3115 apud
2538 3058 2741 3103 Eustath.

1457 3132 1517 3177 ad
1539 3131 1700 3191 Odyss.
1719 3130 1769 3186 λ,
1795 3128 1904 3187 522,
1927 3145 1975 3189 Ρ.
1999 3129 2139 3190 1697,
2166 3128 2253 3186 60,
2279 3128 2365 3172 ubi
2383 3129 2480 3173 haec
2511 3144 2522 3174 :
2551 3127 2743 3193 Ἐρέσιος

1458 3202 1501 3250 δὲ
1525 3201 1687 3267 ἱστορεῖ
1705 3200 1779 3248 καὶ
1802 3198 2093 3266 Πρωτεσιλάῳ
2112 3200 2285 3257 δοθῆναι
2307 3198 2506 3260 μνήμονα
2525 3198 2741 3264 Δάρδανον

1457 3273 1703 3333 Θετταλὸν,
1724 3272 1910 3326 δοθέντος
1924 3275 2126 3338 χρησμοῦ
2147 3270 2345 3335 Φυλάκῳ
2366 3274 2426 3335 τῷ
2444 3270 2598 3336 πατρὶ,
2622 3273 2742 3317 ἀναι-

1460 3351 1632 3413 ρεθῆναι
1653 3348 1690 3393 εἷ
1713 3344 2007 3412 προπηδήσει·
2032 3343 2054 3391 ὃ
2078 3343 2152 3391 καὶ
2175 3343 2338 3407 γέγονε.

1522 3419 1864 3466 EPIGRAMMATA
1894 3419 2102 3475 Phaniae,
2143 3418 2298 3462 nescio
2331 3417 2487 3474 cujus,
2525 3417 2742 3476 leguntur

1458 3495 1508 3537 in
1539 3492 1761 3538 Brunckii
1786 3492 1918 3536 Anal.
1945 3493 2044 3536 Vet.
2069 3491 2199 3536 Poet.
2225 3489 2306 3534 Gr.
2334 3497 2448 3532 tom.
2476 3489 2544 3545 ΙΙ,
2579 3504 2627 3546 p.
2680 3487 2739 3530 52

1457 3581 1556 3624 sqq.
1582 3564 1763 3610 Jacobs.
1787 3563 1975 3608 Anthol.
2001 3572 2116 3609 tom.
2137 3564 2200 3618 11,
2226 3576 2274 3621 p.
2305 3559 2362 3604 53
2389 3576 2496 3619 sqq.
