3016 4628
247 273 335 314 :394

237 375 326 425 πῶς
349 370 503 434 ἔχομεν
522 367 626 431 πρὸς
650 365 744 419 τοὺς
766 364 944 428 νόμους,
963 361 1028 410 ὅτι
1049 361 1190 408 πάντα
1214 359 1399 424 πάσχειν
1422 356 1530 434 ὓκπὲρ

237 447 309 489 τοῦ
329 442 397 502 μὴ
422 439 672 505 παραὸἧναι
693 437 863 491 τούτους
885 434 1231 500 προαιρούμεθα,
1266 432 1397 479 καλὸν
1423 435 1531 476 εἰναι

238 513 494 575 νομίζοντες.
511 534 530 552 α
555 514 811 575 Τοιγαροῦν,
833 508 952 574 φησὶ,
970 507 1043 554 καὶ
1058 509 1199 558 κακῶς
1221 503 1443 556 ἀκούοντες
1455 502 1536 548 ὑπὸ

239 589 326 633 τῶν
360 581 668 646 ἀστυγειτόνων
703 580 779 629 καὶ
813 583 897 627 τῶν
923 576 1310 643 εἷσαφικνουμένων
1339 574 1528 631 πάντων,

238 658 312 706 καὶ
325 653 741 722 προπηλακιζόμενοι
753 652 963 706 πολλάκις
979 650 1059 698 ὑπὸ
1072 653 1156 696 τῶν
1174 650 1397 711 Περσικῶν
1417 649 1537 709 βασι·

241 730 349 776 λέων
373 729 446 776 καὶ
459 729 712 792 σατραπῶν,
734 726 780 774 οὗ
799 724 999 771 δύνανται
1017 724 1353 783 μεταπεισθῆναι
1378 722 1430 781 τῇ
1449 718 1536 763 δια-

240 802 353 867 νοίᾳ,
381 801 492 848 ἀλλὰ
510 797 849 865 γεγυμνωμένως
868 796 964 861 περὶ
991 794 1151 841 τούτων
1180 791 1252 838 καὶ
1280 788 1437 842 αἰκίαις
1462 786 1535 835 καὶ

238 875 433 927 θανάτοις
453 874 706 924 δεινοτάτοις
731 871 920 933 μάλιστα
940 866 1109 914 πάντων
1132 866 1354 910 ἀπαντῶσι
1377 859 1436 921 μὴ
1457 861 1535 923 ἀρ·

239 947 432 1005 νούμενοι
449 943 503 991 τὰ
526 946 722 1008 πατρῷα.
746 965 764 983 »ι
791 939 1037 1003 Παρέχεται
1058 937 1101 983 δὲ
1126 934 1199 982 καὶ
1222 932 1433 996 τεκμήρια
1454 934 1530 988 τῆς

241 1015 667 1082 ἷσχυρογνωμοσύνης
685 1018 761 1070 τῆς
779 1011 875 1076 περὶ
899 1014 981 1056 τῶν
1004 1007 1146 1068 νόμων
1167 1008 1242 1053 οὐκ
1254 1003 1394 1066 ὀλίγα.
1411 1002 1534 1060 Φησὶ

242 1088 342 1153 γὰρ,
356 1111 376 1129 «
394 1086 667 1149 Ἀλεξάνδρου
682 1084 783 1131 ποτὲ
797 1084 839 1129 ἐν
857 1080 1084 1129 Βαὸυλῶνι
1096 1076 1322 1141 γενομένου
1333 1074 1534 1139 καὶπροε-

239 1159 421 1221 λομένου
443 1158 491 1206 τὸ
509 1163 581 1205 τοῦ
603 1158 743 1214 Βήλου
759 1152 982 1204 πεπτωκὸς
1010 1150 1120 1214 ἱερὸν
1147 1151 1440 1210 ἀνακαθᾶραι,
1460 1144 1535 1192 καὶ

248 1240 380 1278 πᾶσιν
408 1233 538 1278 αὐτοῦ
569 1232 653 1283 τοῖς
678 1225 955 1291 στρατιώταις
985 1221 1137 1284 ὁμοίως
1161 1220 1299 1285 φέρειν
1330 1219 1401 1266 τὸν
1431 1222 1534 1282 χοῦν

241 1302 569 1366 προστάξαντος,
586 1299 732 1362 μόνους
749 1296 844 1350 τοὺς
860 1294 1087 1347 Ἰουδαίους
1100 1294 1147 1340 οὔ
1159 1291 1405 1357 προσσχεῖν,
1424 1288 1535 1336 ἀλλὰ

243 1375 317 1422 καὶ
339 1374 499 1427 πολλὰς
517 1377 744 1433 ὑπομεῖναι
763 1368 932 1432 πληγὰς
953 1366 1025 1414 καὶ
1046 1364 1200 1428 ζημίας
1226 1367 1430 1410 ἀποτῖσαι
1457 1382 1535 1421 με-

243 1448 405 1508 γάλας,
428 1446 505 1499 ἕως
529 1446 668 1497 αὐτοῖς
697 1442 928 1506 συγγνόντα
964 1438 1031 1485 τὸν
1073 1435 1254 1501 βασιλέα
1288 1436 1430 1482 δοῦναι
1456 1434 1534 1491 τὴν

243 1521 404 1565 ἄδειαν.
426 1520 476 1542 *³²
491 1541 510 1559 «ι
525 1520 623 1566 Τῶν
638 1535 683 1579 γε
703 1515 786 1577 μὴν
799 1517 855 1567 εἷς
868 1512 943 1570 τὴν
958 1511 1122 1576 χώραν,
1136 1508 1255 1572 φησὶ,
1269 1507 1372 1572 πρὸς
1388 1506 1536 1561 αὐτοὺς

241 1589 558 1654 ἀφικνουμένων
582 1588 654 1635 καὶ
682 1586 782 1640 νεὼς
804 1585 875 1632 καὶ
906 1583 1073 1649 βωμοὺς
1095 1578 1533 1638 κατασκευασάντων,

245 1662 416 1710 ἅπαντα
437 1666 573 1709 ταῦτα
593 1660 905 1718 κατέσκαπτον,
934 1656 1006 1704 καὶ
1029 1658 1116 1703 τῶν
1143 1652 1226 1717 μὲν
1253 1651 1410 1716 ζημίαν
1443 1659 1534 1708 τοῖς

243 1734 480 1797 σατράπαις
501 1733 690 1792 ἐξέτινον,
711 1732 807 1796 περὶ
827 1733 949 1777 τινῶν
972 1728 1014 1776 δὲ
1035 1728 1108 1775 καὶ
1129 1725 1388 1790 συγγνώμης
1410 1745 1541 1788 μετε-

246 1806 486 1868 λάμὸανον.
521 1829 540 1848 n
562 1806 650 1854 Καὶ
684 1802 1032 1869 προσεπιτίθησιν
1058 1801 1121 1848 ὅτι
1154 1800 1317 1847 δίκαιον
1346 1799 1415 1846 ἐπὶ
1439 1799 1538 1846 τού-

243 1897 329 1931 τοις
347 1878 494 1932 αὐτούς
507 1880 595 1925 ἐστι
609 1877 851 1939 θαυμάζειν.
863 1876 989 1940 Λέγει
1008 1874 1051 1921 δὲ
1065 1873 1139 1922 καὶ
1153 1873 1249 1937 περὶ
1263 1877 1336 1920 τοῦ
1350 1874 1535 1920 πολυαν-

245 1950 517 2013 θρωπότατον
549 1950 765 2014 γεγονέναι
789 1951 910 2011 ἡμῶν
947 1947 995 1995 τὸ
1030 1943 1168 2001 ἔθνοςῖ
1196 1969 1214 1988 «
1255 1944 1431 1999 Πολλὰς
1459 1943 1535 2008 μὲν

245 2022 328 2085 γὰρ
352 2025 490 2083 ἡμῶν,
515 2022 662 2086 φησὶν,
688 2020 984 2072 ἀνασπάστους
1008 2021 1065 2072 εἷς
1090 2018 1335 2066 Βαὸυλῶνα
1364 2018 1533 2082 Πέρσαι

243 2094 446 2158 πρότερον
471 2097 608 2141 αὐτῶν
630 2094 832 2151 ἐποίησαν
859 2092 1094 2156 μυριάδας,
1121 2094 1198 2139 οὐκ
1220 2091 1364 2155 ὀλίγαι
1385 2089 1428 2138 δὲ
1453 2090 1528 2139 καὶ

247 2165 356 2226 μετὰ
376 2167 447 2214 τὸν
470 2167 740 2232 Ἀλεξάνδρου
765 2166 946 2213 θάνατον
972 2169 1028 2220 εἰς
1051 2164 1268 2229 Αἴγυπτον
1290 2165 1364 2213 καὶ
1383 2164 1535 2214 Φοινί-

245 2259 324 2297 κην
359 2239 642 2302 μετέστησαν,
678 2239 748 2286 διὰ
781 2238 859 2296 τὴν
895 2241 937 2286 ἐν
973 2238 1111 2303 Συρίᾳ
1149 2237 1318 2286 στάσιν.
1348 2261 1368 2280 ‘³
1407 2237 1463 2287 ‘O
1491 2237 1534 2285 δὲ

245 2311 369 2365 αὐτὸς
386 2306 501 2366 οὗτος
521 2311 627 2377 ἀνὴρ
651 2311 724 2359 καὶ
744 2311 791 2359 τὸ
814 2311 988 2374 μέγεθος
1014 2316 1090 2367 τῆς
1107 2310 1278 2376 χώρας,
1302 2311 1354 2369 ἣν
1385 2330 1532 2358 κατοι-

244 2389 417 2444 κοῦμεν,
439 2384 512 2432 καὶ
533 2385 582 2432 τὸ
602 2384 757 2439 κάλλος
776 2384 992 2449 ἱστόρηκε.
1020 2406 1039 2426 «
1059 2383 1322 2449 Τριακοσίας
1342 2383 1426 2448 γὰρ
1452 2404 1533 2445 μυ-

250 2456 396 2519 ριάδας
419 2459 607 2522 ἀρουρῶν
628 2457 778 2521 σχεδὸν
798 2460 873 2515 τῆς
895 2457 1068 2522 ἀρίστης
1091 2457 1164 2503 καὶ
1181 2456 1534 2521 παμφορωτάτης

245 2608 431 2658 quodque
446 2610 577 2648 omnia
593 2610 673 2659 pati
689 2610 872 2649 malimus
883 2640 893 2659 ,
912 2621 1032 2660 quam
1045 2611 1182 2650 contra
1192 2610 1280 2649 illas
1294 2610 1422 2649 facere
1433 2639 1443 2659 ,
1460 2610 1537 2649 lioc

248 2671 457 2719 pulchrum
488 2684 570 2713 esse
600 2685 831 2723 persuasum
860 2675 1061 2714 habentes.
1135 2690 1154 2709 «
1187 2677 1342 2724 Quare,
1377 2674 1534 2725 inquit,

252 2745 478 2785 quanquam
492 2738 531 2776 et
544 2737 759 2777 maledictis
782 2738 918 2788 impeti
940 2739 1067 2778 solent
1078 2749 1102 2778 a
1114 2739 1252 2779 vicinis
1265 2738 1510 2790 advenisque
1523 2770 1536 2790 ‚

250 2801 289 2836 et
309 2798 491 2847 injuriose
507 2811 610 2850 saepe
625 2801 780 2840 tractati
795 2806 887 2841 sunt
902 2813 924 2841 a
943 2802 1105 2843 Persicis
1116 2802 1273 2853 regibus
1288 2805 1328 2844 et
1344 2803 1509 2854 satrapis
1523 2834 1534 2854 ,

252 2873 328 2900 non
374 2866 535 2912 possunt
580 2875 603 2902 a
636 2866 828 2904 sententia
868 2865 1034 2917 deduci,
1068 2867 1135 2907 sed
1169 2879 1241 2918 pro
1280 2879 1326 2907 ea
1362 2869 1537 2909 maxime

251 2926 430 2964 ninnium
457 2927 544 2966 sorti
562 2930 691 2967 animo
719 2941 836 2969 omne
863 2942 984 2980 genus
1008 2932 1206 2973 cruciatus
1222 2933 1538 2984 saevissimasque

254 2992 399 3029 mortes
430 2990 622 3038 subeunt,
649 3004 722 3031 nec
756 2994 897 3034 adduci
923 2998 1087 3045 possunt
1116 3000 1162 3036 ut
1195 2999 1324 3048 patria
1353 2999 1536 3038 instituta

253 3053 446 3092 abdicent,
479 3070 498 3088 υ
554 3056 657 3100 Quin
687 3058 725 3094 et
751 3057 893 3096 indicia
920 3060 1098 3108 perhibet
1124 3072 1204 3100 non
1235 3062 1377 3112 exigua
1409 3063 1531 3102 animi

253 3128 389 3155 «forium
410 3118 596 3167 propositi
614 3119 761 3159 tenacis
777 3124 816 3159 et
834 3122 952 3161 validi
970 3122 1073 3162 eirca
1088 3124 1213 3174 legem
1230 3125 1535 3166 observandam,

255 3181 358 3219 Dicit
381 3181 509 3228 enim,
534 3192 657 3230 quum
689 3182 899 3232 aliquando
920 3186 1025 3235 apud
1048 3187 1288 3237 Babylonem
1313 3191 1414 3229 esset
1444 3190 1537 3230 Ale·

257 3242 419 3291 xander,
451 3245 490 3282 et
516 3244 634 3283 vellet
655 3244 686 3284 is
714 3247 790 3285 Beli
819 3249 1009 3297 templum
1031 3251 1138 3299 quod
1164 3253 1390 3292 conciderat
1419 3265 1537 3304 repo·

256 3316 349 3343 nere
363 3335 373 3351 ‚
396 3307 434 3345 et
451 3307 634 3346 omnibus
656 3309 843 3348 militibus
865 3314 1110 3362 praecepisset
1135 3315 1300 3355 humum
1329 3327 1536 3368 aggerem,

256 3369 359 3407 solos
392 3369 552 3408 Judaeos
582 3381 660 3409 non
683 3372 913 3423 opitulatos,
950 3376 1029 3415 imo
1057 3379 1096 3416 et
1119 3379 1283 3419 verbera
1305 3383 1344 3420 et
1366 3382 1539 3422 mulctas

257 3441 395 3478 graves
423 3433 647 3483 pertulisse,
682 3435 806 3474 donee
837 3448 904 3475 rex
944 3439 999 3478 eis
1034 3440 1235 3490 ignoscens
1272 3444 1419 3484 laboris
1448 3446 1540 3485 talis

257 3496 420 3544 gratiam
433 3498 537 3536 iecit.
561 3498 580 3518 *
596 3498 616 3517 '¹
637 3502 665 3531 α’
683 3501 758 3545 Qui
774 3513 896 3550 quum
914 3505 951 3542 in
970 3506 1165 3554 regionem
1182 3538 1192 3557 ,
1212 3509 1362 3559 inquit,
1377 3510 1427 3550 ad
1448 3522 1540 3550 suos

259 3560 402 3599 reversi
434 3561 615 3610 tuissent,
645 3565 685 3602 et
718 3567 863 3615 templa
885 3570 925 3606 et
959 3570 1097 3609 altaria
1126 3574 1436 3625 exstruxissent,
1463 3577 1537 3615 ista

258 3623 390 3662 omnia
420 3623 626 3663 diruerunt
656 3642 664 3664 :
698 3630 736 3666 et
771 3639 840 3677 pro
868 3631 953 3670 aliis
974 3633 1134 3682 quidem
1157 3637 1349 3677 mulctam
1373 3641 1540 3690 satrapis

259 3687 481 3736 exsolvere,
514 3698 584 3738 pro
619 3690 704 3728 aliis
733 3702 824 3730 vero
857 3694 1009 3734 veniam
1039 3700 1269 3748 consequuti
1299 3704 1405 3741 sunt.
1434 3718 1454 3737 ν
1491 3705 1542 3743 Et

259 3752 445 3798 praeterea
475 3750 609 3800 adjicit
634 3753 742 3802 quod
777 3756 915 3794 merito
942 3758 994 3797 ob
1019 3759 1104 3798 haec
1133 3762 1434 3805 admirationem
1468 3766 1541 3806 lia·

259 3814 366 3854 iwnt.
425 3817 552 3866 Atque
581 3817 737 3868 insuper
771 3825 963 3861 memorat
999 3827 1153 3873 gentem
1191 3831 1366 3869 nostram
1397 3833 1542 3882 populo

261 3879 433 3917 maxime
459 3879 680 3920 abundasse
711 3895 723 3922 :
751 3898 769 3917 α
802 3886 899 3923 Nam
930 3887 1072 3927 multas
1101 3891 1352 3942 nostrorum,
1384 3895 1540 3947 inquit,

260 3941 454 3989 myriadas
483 3954 505 3981 e
529 3944 686 3982 sedibus
703 3945 781 3985 suis
807 3947 977 3997 primum
997 3950 1247 3993 abduxerunt
1270 3958 1397 3996 Persae
1423 3974 1432 3997 z
1462 3970 1542 4000 non

261 4014 396 4054 pauca:
426 4007 558 4045 autem
586 4008 705 4047 etiam
730 4012 817 4059 post
846 4010 999 4051 obitum
1025 4014 1234 4055 Alexandri
1270 4018 1308 4057 in
1329 4022 1541 4072 AEgyptum

262 4070 300 4106 et
345 4069 551 4108 Phoenicen
596 4072 839 4123 migrarunt,
879 4078 1038 4127 propter
1075 4079 1305 4120 seditionem
1348 4084 1386 4123 in
1432 4089 1543 4136 Syria

264 4131 419 4171 tactam.
445 4147 462 4165 »ι
521 4133 590 4172 llic
615 4134 716 4174 idom
746 4137 806 4175 vir
825 4139 865 4177 et
896 4139 1204 4188 magnitudinem
1235 4145 1399 4193 regionis
1422 4159 1542 4197 quam

264 4194 468 4237 incolimus
488 4200 525 4237 et
546 4199 876 4248 pulchritudinem
898 4204 1080 4254 prodidit.
1102 4223 1118 4238 u
1145 4207 1202 4247 Ad
1221 4209 1373 4259 tricies,
1392 4211 1540 4263 inquit,

1226 250 1521 299 HECATAEI
1557 247 1895 297 ABDERlTAE

1569 1659 1578 1704 i

1612 354 1758 420 χώρας
1781 353 1983 416 νέμονται
2000 387 2013 411 ,
2039 349 2190 415 φησίν·
2216 352 2243 406 ἡ
2261 347 2346 412 γὰρ
2367 347 2557 396 Ἰουδαία
2575 347 2765 406 τοσαύτη
2785 348 2939 405 πλᾶἒῆ

1610 411 1678 480 τὀς
1712 426 1845 473 ἐστίν,
1875 447 1895 466 ι»
1933 421 2062 474 Ἀλλὰ
2085 421 2170 484 μὴν
2194 419 2259 466 ὅτι
2297 420 2372 467 καὶ
2410 418 2486 478 τὴν
2526 419 2650 467 πόλιν
2685 421 2820 480 αὐτὴν
2848 419 2935 472 τὲ-

1612 498 1892 562 Ἱεροσόλυμα
1909 494 2147 550 καλλίστην
2164 511 2210 538 τε
2230 491 2304 539 καὶ
2324 491 2530 552 μεγίστην
2547 494 2595 539 ἐκ
2611 493 2914 565 παλαιοτάτοιρξ
2923 512 2941 553 34
2983 498 2985 500 ’

1612 574 1909 630 κατοικοῦμεν,
1937 567 2010 614 καὶ
2030 564 2129 629 περὶ
2159 563 2352 622 πλήθους
2378 565 2558 629 ἀνδρῶν,
2590 564 2665 612 καὶ
2699 565 2800 632 περὶ

1612 647 1684 689 τοῦ
1713 641 1794 688 νεὼ
1829 641 2122 695 κατασκευῆς,
2145 635 2279 690 οὕτως
2313 635 2439 692 αὐτὸς
2469 638 2705 700 διηγεῖται·
2731 661 2750 682 οι
2771 634 2943 712 ''Eo-ff}
2982 641 2987 679 ζ

1611 713 1694 778 γὰρ
1733 716 1816 759 τῶν
1852 709 2070 759 Ἰουδαίων
2117 709 2173 755 τὰ
2203 707 2283 779 μὲν
2317 708 2459 756 πολλὰ
2490 708 2757 776 ὀχυρώματα
2789 710 2943 764 καὶ
2984 761 2986 763 ,

1612 785 1689 843 τὴν
1717 784 1865 849 χώραν
1897 783 1971 830 καὶ
2004 784 2173 843 κῶμαι·
2210 780 2289 844 μία
2321 781 2365 828 δὲ
2399 781 2524 841 πόλις
2573 776 2711 848 ὀχυρὰ
2747 784 2931 854 ‘trev-tvi&

1611 876 1741 905 κοντα
1781 856 1970 918 μάλιστα
2003 853 2189 901 σταδίων
2211 853 2302 912 ’τὴν
2340 854 2614 920 περίμετρον,
2651 856 2704 914 ἣν
2741 853 2943 925 οἷκοῦσιέζ-
2983 885 2986 893 2

1613 931 1690 992 μὲν
1733 928 1966 994 ἀνθρώπων
2004 925 2103 990 περὶ
2134 925 2301 974 δώδεκα
2337 927 2575 992 μυριάδες.·
2631 930 2828 977 Καλοῦσι
2867 930 2946 986 δ’·ἐῑξ
2983 960 2987 998 3

1612 1000 1745 1059 αὐτὴν
1771 1000 2072 1065 Ἱεροσόλυμα.
2103 999 2323 1047 Ἐνταῦθα
2347 998 2384 1046 δ’
2408 999 2506 1047 ἐστὶ
2528 1001 2642 1048 κατὰ
2659 1000 2790 1064 μέσον
2815 1002 2945 1064 μά-·
2984 1014 2986 1017 ’

1612 1075 1737 1121 λιστα
1756 1077 1833 1131 τῆς
1851 1073 2017 1126 πόλεως
2051 1072 2275 1136 περίὸολος
2296 1070 2474 1131 λίθινος,
2500 1076 2638 1133 μ’ἥκος
2663 1076 2721 1128 ὡς
2743 1073 2918 1142 πεντά;·’ἶ

1611 1145 1814 1209 πλεθρος,
1848 1138 1967 1210 εῧρος
1988 1146 2032 1192 δὲ
2057 1148 2214 1209 πηχῶν
2237 1146 2414 1204 ἑκατὸν,
2439 1145 2552 1210 ἔχων
2576 1147 2731 1201 διπλᾶς
2748 1146 2915 1215 πύλαςς,
2945 1143 2947 1149 ’

1612 1216 1686 1265 Ἐν
1705 1211 1741 1282 ᾧ
1766 1216 1909 1281 βωμός
1930 1218 2019 1263 ἐστι
2038 1217 2316 1281 τετράγωνος,
2340 1219 2418 1265 οὐκ
2442 1220 2492 1266 ἐκ
2510 1221 2706 1283 τμητῶν,
2734 1221 2830 1268 ἄλλ’
2858 1222 2944 1269 lx:
2984 1239 2989 1267 ;

1613 1288 1854 1336 συλλέκτων
1881 1290 2024 1353 ἀργῶν
2061 1289 2192 1336 λίθων
2231 1287 2345 1336 οὕτω
2383 1290 2678 1355 συγκείμενος·
2714 1291 2944 1358 πλευρὰν..

1613 1359 1692 1423 μὲν
1724 1362 1910 1420 ἑκάστην
1947 1360 2082 1408 εἴκοσι
2114 1364 2286 1426 πηχῶν,
2320 1362 2426 1429 ὕψος
2463 1362 2509 1410 δὲ
2545 1365 2788 1429 δεκάπηχυ.
2817 1363 2932 1422 Καὶ,
2984 1417 2986 1419 ,

1612 1433 1715 1497 παρ’
1736 1433 1864 1481 αὐτὸν
1892 1433 2056 1497 οἴκημα
2086 1434 2222 1497 μέγα,
2253 1429 2302 1482 οἷ
2338 1434 2489 1499 βωμός,
2512 1439 2605 1485 ἐστι
2620 1437 2696 1485 καὶ
2717 1437 2931 1503 λυχνίοηῑὲ

1613 1507 1834 1572 ἀμφότερα
1852 1515 2017 1572 χρυσᾶ,
2040 1506 2114 1555 δύο
2139 1507 2329 1555 τάλαντα
2354 1507 2433 1566 τὴν
2453 1509 2605 1567 ὁλκήν.
2675 1509 2782 1559 Ἐπὶ
2804 1509 2912 1559 τούο,

1611 1599 1696 1627 των
1721 1582 1809 1646 φῶς
1839 1581 1953 1627 ἐστιν
1979 1580 2305 1628 ἀναπόσὸεστον
2341 1581 2415 1628 καὶ
2448 1581 2525 1636 τὰς
2555 1582 2710 1638 νύκτας
2733 1583 2808 1630 καὶ
2831 1583 2912 1640 τὰς

1614 1652 1796 1718 ἡμέρας.
1865 1651 2070 1717 Ἀγαλμα
2093 1653 2138 1700 δὲ
2157 1655 2235 1701 οὐκ
2258 1653 2371 1701 ἔστιν
2396 1654 2492 1702 οὐδὲ
2516 1655 2720 1716 ἀνάθημα
2743 1657 2792 1705 τὸ
2813 1676 2908 1705 πα·

1616 1725 1786 1790 ράπαν·
1824 1725 1921 1773 οὐδὲ
1962 1725 2158 1791 φύτευμα
2185 1728 2409 1781 παντελῶς
2439 1726 2576 1787 οὐδὲν,
2607 1721 2695 1777 οἷον
2719 1730 2910 1784 ἀλσῶδες

1611 1798 1639 1859 ἤ
1666 1819 1705 1848 τι
1728 1803 1935 1849 τοιοῦτον.
2001 1798 2283 1865 Λιατρίὸουσι
2303 1802 2340 1848 δ’
2358 1803 2400 1849 ἐν
2426 1802 2543 1867 αὐτῷ
2566 1800 2640 1849 καὶ
2659 1800 2735 1856 τὰς
2753 1801 2914 1859 νύκτας,

1611 1872 1686 1920 καὶ
1712 1873 1788 1927 τὰς
1816 1872 1982 1938 ἡμέρας
2013 1874 2163 1938 ἱερεῖς,
2197 1873 2369 1937 ἁγνείας
2389 1874 2506 1928 τινὰς
2531 1873 2778 1938 ἁγνεύοντες
2794 1911 2808 1938 ,
2833 1874 2916 1926 καὶ.

1610 1945 1659 1992 τὸ
1693 1945 1902 2011 παράπαν
1927 1939 2038 1993 οἶνον
2062 1949 2109 1993 οὔ
2145 1946 2336 2000 πίνοντες
2364 1948 2408 1993 ἐν
2442 1950 2504 2012 τῷ
2523 1949 2643 2012 ἱερῷ.
2675 1969 2696 1990 »
2734 1946 2837 1996 Ἔτι
2858 1967 2910 2012 γε

1613 2018 1699 2082 μὴν
1724 2017 1790 2066 ὅτι
1813 2018 1888 2066 καὶ
1919 2017 2182 2084 Ἀλεξάνδρῳ
2215 2020 2278 2085 τῷ
2316 2018 2486 2084 βασιλεῖ
2518 2019 2916 2085 συνεστρατεύομευ

1611 2090 1686 2138 καὶ
1711 2090 1822 2153 μετὰ
1845 2095 1983 2138 ταῦτα
2019 2098 2106 2146 τοῖς
2142 2092 2358 2156 διαδόχοις
2393 2093 2523 2138 αὐτοῦ
2553 2091 2906 2158 μεμαρτύρηκεν·

1610 2157 1670 2218 οἷς
1694 2165 1730 2211 δ’
1761 2163 1883 2218 αὐτὸς
1906 2168 2172 2229 παρατυχεῖν
2190 2163 2260 2211 ὑπ’
2288 2163 2437 2230 ἀνδρὸς
2457 2163 2664 2213 Ἰουδαίου
2685 2164 2799 2213 κατὰ
2831 2160 2937 2230 τὴν,

1613 2236 1842 2302 στρατείαν
1860 2234 2123 2299 γενομένοις,
2145 2241 2269 2285 τοῦτο
2286 2236 2613 2304 παραθήσομαι.
2631 2236 2763 2302 Λέγει
2779 2238 2819 2286 δ’
2835 2236 2934 2302 οὔῆ]

1610 2329 1714 2364 τως·
1746 2331 1764 2352 α
1790 2307 1930 2371 Ἐμοῦ
1955 2313 2056 2372 γοῦν
2079 2308 2151 2356 ἐπὶ
2174 2309 2252 2368 τὴν
2278 2309 2494 2376 Ἐρυθρὰν
2529 2311 2752 2359 θάλασσαν
2785 2309 2934 2378 βαὸίῴΞ

1611 2386 1751 2438 ζοντος
1789 2380 2092 2440 συνηκολούθει
2115 2401 2177 2437 τις
2215 2382 2325 2445 μετὰ
2349 2386 2432 2430 τῶν
2471 2383 2616 2432 ἄλλων
2653 2387 2739 2432 τῶν
2761 2383 2946 2452 wopa-²„

1609 2455 1868 2519 πεμπόντων
1882 2458 1998 2519 ἡμᾶς
2010 2454 2178 2503 ἱππέων
2191 2455 2431 2516 Ἰουδαίων,
2445 2457 2580 2521 ὄνομα
2597 2453 2951 2525 Μοσόλλαμος,’ζ-

1610 2612 1777 2650 centena
1800 2611 1924 2651 millia
1939 2622 2148 2651 arurarum
2164 2611 2346 2651 habitant
2363 2612 2503 2662 optimi
2522 2613 2604 2653 t'ere
2621 2613 2662 2652 et
2682 2611 2914 2654 feracissimi.
2944 2635 2945 2638 =

1610 2680 1699 2721 soli.
1753 2678 1895 2719 Judaea
1917 2685 2094 2726 namque
2117 2675 2237 2725 hujus
2251 2677 2311 2715 est
2330 2675 2614 2726 amplitudinis.
2632 2690 2654 2711 »
2693 2678 2780 2716 Imo
2801 2673 2914 2727 quod

1611 2747 1651 2784 et
1687 2743 1852 2791 urbem,
1889 2740 2183 2790 Hierosolyma,
2212 2739 2519 2790 pulcherrimam
2547 2741 2588 2780 et
2613 2739 2830 2780 maximam
2858 2749 2912 2780 ex

1611 2807 1750 2847 multis
1768 2809 1875 2846 retro
1893 2804 2039 2844 seculis
2058 2804 2267 2843 incolimus
2281 2834 2292 2853 ,
2316 2805 2356 2843 et
2371 2803 2421 2843 de
2439 2805 2618 2844 virorum
2629 2803 2907 2853 multitudine,

1611 2873 1652 2912 et
1670 2872 1720 2911 de
1733 2869 1871 2920 templi
1883 2868 2169 2917 exstructione,
2187 2867 2294 2907 idem
2313 2867 2396 2917 ipse
2410 2868 2466 2907 sic
2480 2865 2601 2908 refert
2621 2883 2631 2907 :
2650 2882 2670 2902 α
2688 2868 2790 2907 Sunt
2802 2867 2917 2907 enim·

1610 2935 1858 2976 Judaeorum·
1878 2932 2040 2972 castella
2073 2931 2201 2970 multa
2227 2932 2268 2970 et
2297 2931 2375 2970 vici
2405 2942 2477 2981 per
2512 2932 2712 2981 regionem
2738 2931 2862 2982 sparsi
2891 2947 2904 2972 ι

1611 3011 1694 3040 una
1709 3001 1844 3039 autem
1868 2997 1967 3036 urbs
1982 2995 2159 3045 munita,
2184 2994 2336 3034 ambitu
2349 2994 2486 3034 xferme
2506 2995 2797 3045 quinquaginta
2819 2995 2905 3036 sta-

1610 3064 1793 3112 diorum,
1826 3071 1947 3111 quam
1976 3059 2157 3099 incolunt
2186 3056 2350 3109 quidem
2379 3058 2588 3098 hominum
2615 3057 2773 3099 circiter
2805 3068 2903 3099 cem

1610 3129 1700 3168 tum
1731 3128 1772 3166 et
1798 3125 1936 3176 viginti
1963 3123 2102 3164 millia.
2156 3124 2279 3163 Istam
2313 3133 2408 3162 vero
2440 3121 2713 3172 Hierosolyma
2742 3124 2905 3178 vocant.

1613 3194 1698 3233 lllic
1724 3193 1858 3232 autem
1885 3191 1927 3230 in
1952 3189 2174 3229 meditullio
2205 3188 2358 3228 scilicet
2391 3187 2514 3228 urbis.
2531 3189 2687 3238 septum
2719 3189 2780 3229 est
2804 3187 2904 3240 lapi-

1611 3258 1757 3308 deum,
1799 3257 1979 3308 quinque
2013 3255 2095 3295 sere
2130 3254 2315 3306 jugerum
2352 3253 2631 3304 longitudinis,
2675 3253 2895 3296 latitudinis

1613 3322 1842 3362 cubitorum
1867 3321 2053 3369 centum,
2070 3319 2204 3370 portas
2226 3317 2378 3358 habens
2401 3316 2587 3368 geminas.
2617 3316 2767 3358 ibidem
2786 3318 2911 3359 altare

1613 3387 1877 3438 quadratum,
1900 3397 1950 3426 ex
1973 3385 2246 3435 impolitorum
2269 3386 2310 3423 et
2322 3382 2486 3422 rudium
2504 3381 2682 3433 lapidum
2699 3393 2908 3435 coagmen-

1612 3453 1763 3493 tatione
1797 3451 2039 3503 conilatum;
2069 3450 2184 3499 cujus
2221 3448 2346 3488 laten
2384 3448 2539 3498 singula
2573 3447 2711 3498 viginti
2745 3449 2907 3491 cubito-

1613 3528 1702 3556 rum
1733 3518 1849 3564 sunt,
1880 3514 2049 3555 altitudo
2075 3524 2173 3553 vero
2203 3512 2357 3552 decem.
2410 3513 2462 3552 Et
2487 3513 2633 3562 praeter
2658 3511 2735 3552 hoc
2761 3512 2919 3563 altare,

1612 3579 1749 3630 ingens
1777 3579 2078 3619 tabernaculum
2102 3578 2185 3628 est,
2211 3587 2293 3627 quo
2315 3576 2355 3616 et
2381 3585 2451 3615 ara
2479 3576 2520 3615 et
2541 3575 2787 3626 lychnuchus
2810 3587 2909 3625 con·

1612 3643 1805 3692 tinentur‚
1841 3644 2058 3692 utrumque
2091 3650 2281 3689 aureum,
2308 3637 2464 3688 pondus
2487 3638 2731 3679 talentorum
2767 3638 2892 3681 duum

1615 3708 1685 3747 His
1701 3708 1928 3758 impositum
1945 3708 2004 3747 est
2026 3707 2162 3746 lumen
2175 3704 2460 3744 inexstinctum
2475 3734 2486 3753 ,
2505 3703 2616 3754 quod
2638 3703 2723 3744 dies
2749 3705 2889 3747 noctes
2916 3730 2917 3733 =

1615 3782 1693 3822 que
1723 3771 1972 3811 continenter
2003 3769 2128 3810 ardet.
2183 3767 2348 3808 Nullum
2373 3766 2430 3807 ibi
2463 3767 2747 3818 simulacrum,
2780 3767 2874 3809 don
2894 3772 2910 3809 ’ς

1614 3837 1720 3876 rium
1737 3837 1899 3876 omnino
1922 3836 2100 3884 nullum,
2125 3833 2305 3884 adeoque
2330 3843 2405 3873 nec
2423 3832 2557 3883 planta
2579 3843 2654 3872 nec
2678 3832 2816 3883 lucus,

1614 3900 1725 3940 aliud
1739 3899 1954 3951 quicquam
1970 3897 2178 3949 ejusmodi.
2234 3896 2468 3937 Sacerdotes
2483 3895 2523 3935 in
2539 3906 2587 3936 eo
2598 3926 2610 3946 ,
2625 3898 2746 3936 noctu
2762 3897 2898 3947 parit

1615 3966 1734 4014 atque
1745 3963 1916 4004 interdiu
1929 3961 2096 4009 assidui,
2109 3961 2228 4001 certis
2245 3960 2482 4012 quibusdam
2502 3959 2794 4010 expiationibus
2810 3959 2866 4000 d·

1615 4037 1799 4077 operam,
1821 4037 1924 4077 quos
1957 4025 1998 4064 in
2020 4025 2169 4076 templo
2203 4025 2341 4064 vinum
2361 4025 2524 4064 omnino
2549 4025 2706 4074 gustare
2738 4025 2903 4079 nesas23

1615 4089 1693 4129 Sed
1716 4093 1906 4141 praeterea
1934 4089 2046 4129 testis
2075 4090 2134 4128 est
2156 4088 2346 4128 militasse
2371 4099 2445 4128 nos
2471 4099 2562 4128 cum
2589 4087 2853 4137 Alexandro,
2882 4078 2912 4130 ’ἶ

1615 4156 1751 4203 postea
1788 4154 1874 4204 ejus
1905 4165 1997 4194 cum
2034 4152 2339 4194 successoribus.
2392 4153 2608 4204 subjiciam
2638 4152 2731 4202 illa,
2765 4151 2851 4204 qui

1617 4216 1698 4266 ipse
1716 4227 1758 4257 se
1778 4216 1999 4258 interfuisse
2014 4216 2132 4266 dicit,
2150 4215 2201 4255 ab
2220 4215 2380 4256 homine
2394 4215 2568 4268 quodam
2589 4214 2729 4256 Judaeo
2744 4216 2852 4266 gesta
2876 4224 2881 4242 ι
2899 4211 2915 4234 ³
