3008 4542
82 549 84 555 Ι
157 551 392 620 Προμηθέα
412 549 629 615 γενέσθαι.
658 571 677 590 υ

1265 295 1667 344 FRAGMEMA.

158 411 277 461 ἰδίαν,
305 408 473 472 ἑκάστῳ
512 405 654 471 φωνὴν
693 406 860 462 δοῦναι,
897 402 959 450 διὸ
999 402 1049 458 δὴ
1086 401 1323 456 Βαὸυλῶνα
1354 408 1432 459 τήν

73 495 90 530 .’
155 482 278 531 πόλιν
297 482 527 539 κληθῆναι·
549 477 703 540 μετὰ
680 477 723 524 οὲ
748 477 818 523 τὸν
845 472 1150 535 κατακλυσμὸν
1174 476 1340 521 Τιτᾶνα
1359 474 1433 520 καὶ

79 603 82 605 ,
754 547 842 596 Καὶ
865 546 919 593 τὰ
941 545 1017 608 μὲν
1045 550 1120 603 τῆς
1153 545 1452 608 πυργοποιίας.

86 618 94 642 γ’
156 625 424 687 Ἀλέξανδρος
442 641 580 670 ταυτα
607 622 833 685 μαρτυρῶν
854 618 928 666 καὶ
954 617 1078 671 αὐτὸς
1098 617 1338 664 Βαὸυλῶνα
1365 616 1434 663 διὰ

32 707 33 710 ’
78 723 87 746 a
153 696 231 756 τὴν
246 695 450 760 σύγχυσιν
473 695 684 751 κληθῆναι
700 692 781 749 τὴν
793 689 876 755 πρὸ
899 691 1069 737 πολλῶν
1082 680 1347 754 μυριάδων’
1329 691 1432 735 ετῶν

148 1702 314 1747 musei»
337 1703 387 1748 P.
409 1703 462 1746 E.
485 1702 576 1757 lx,
604 1698 754 1760 14(p.
780 1706 887 1756 417,

91 1813 102 1834 ⁴.
149 1773 368 1833 1·,Cyri11.
389 1776 445 1818 In
460 1774 630 1817 Julian.
652 1773 691 1818 1.
715 1788 764 1832 p.
790 1772 906 1832 9ed.
929 1773 1072 1832 Lips.;
1095 1772 1290 1819 Cedr.en
1303 1789 1355 1832 ..p
1381 1789 1432 1816 11

86 1852 112 1897 J
149 1847 226 1894 ed.
251 1848 394 1893 Paris.
416 1846 552 1903 1647,
566 1847 735 1905 abique
754 1846 1014 1904 scriptores,
1039 1860 1156 1903 quos
1176 1846 1296 1889 mter
1315 1845 1440 1890 Cho—

92 1915 110 1959 ,⁹
149 1920 536 1964 ienensisHistor.
555 1921 595 1973 Ι,
616 1917 662 1964 8.
679 1920 780 1962 ,lam
793 1927 840 1962 et
857 1919 907 1961 in
922 1915 1150 1977 Sibyllmo
1164 1917 1286 1961 libro
1301 1919 1437 1962 tertio

44 2023 47 2051 3
75 1979 81 2039 s
149 2007 196 2038 v.
226 1991 284 2039 35
304 2007 411 2051 sqq
430 1992 527 2036 haec
545 1991 814 2037 habentur:
844 1987 1001 2035 ὁπόταν
1038 1988 1227 2051 μεγάλου
1255 1992 1347 2035 θεου
1370 2008 1438 2035 τε-

150 2060 523 2110 λέωνταιάπειλαὶ
545 2080 587 2108 κ.
618 2081 663 2109 τ.
690 2062 740 2110 λ.
771 2081 789 2104 5
817 2064 932 2107 Mu.
962 2062 1033 2110 Cf.
1058 2062 1276 2122 Abydeni
1296 2063 1353 2107 fr.
1387 2062 1432 2110 5.

79 823 102 828 ,
154 767 520 831 μυθολογουμένην
543 767 646 830 παρ’
669 766 809 822 αυτοῖς
832 761 1199 827 βεὸασιλευκέναι.

217 843 437 889 Eusebius
459 843 590 886 Arm.
618 855 670 898 p.
700 854 754 895 17
778 838 903 883 mai:

214 914 476 959 Alexandri
496 909 802 968 Polyhistoris
822 910 881 952 de
900 911 1030 952 turris
1049 907 1265 963 aedificio.

215 987 398 1045 Sibylla
421 989 492 1029 ait
521 997 676 1028 omnes
704 981 908 1026 homines
942 996 1035 1024 una
1069 982 1230 1040 lingua
1254 989 1430 1024 utentes

77 1058 90 1102 .’
153 1063 309 1104 turrim
339 1059 467 1102 illam
499 1057 796 1101 celsissimam
819 1057 1096 1109 extruxisse,
1127 1063 1177 1096 ut
1199 1057 1246 1096 in
1270 1054 1434 1096 coelum

71 1126 84 1184 J
149 1132 524 1177 conscenderent:
539 1130 684 1174 Deum
697 1140 803 1173 vero
802 1123 930 1182 forti
930 1141 1108 1169 ssimum
1118 1141 1208 1169 ven
1213 1116 1256 1170 to
1269 1123 1436 1183 afflato

75 1211 78 1214 “
149 1205 342 1249 eandem
377 1206 534 1246 turrim
554 1201 793 1258 deJ‘ecisse,
826 1199 1204 1258 peculiaremque
1240 1199 1436 1256 singulis

87 1276 90 1278 ’
147 1290 403 1321 sermonem
429 1275 659 1328 tribuisse,
692 1272 881 1330 ideoque
911 1281 960 1315 et
978 1272 1130 1315 urbem
1153 1271 1435 1329 Babylonem

95 1371 97 1373 ’
149 1363 246 1393 esse
259 1350 563 1408 appellatam.
586 1347 704 1390 Mox
714 1354 820 1404 post
829 1345 1045 1388 diluvium
1072 1345 1283 1387 Titanum
1303 1353 1438 1403 atque

96 1446 101 1466 ,ε
147 1421 466 1466 Prometheum
493 1422 752 1463 exstitisse:
780 1427 872 1461 tum
905 1421 1046 1461 etiam
1070 1433 1101 1460 a
1130 1418 1292 1459 Titano
1320 1417 1438 1460 bello

84 1502 98 1544 ζ,
147 1494 392 1537 Saturnum
415 1506 511 1536 esse
533 1495 803 1551 appetitum.
838 1491 909 1534 De
937 1493 1068 1534 turris
1094 1490 1295 1548 oedificio
1319 1489 1436 1533 hac--

76 1592 79 1594 >
150 1575 292 1610 tenus:

219 1649 239 1670 «
274 1630 538 1676 consonant
574 1629 683 1672 huic
721 1629 828 1672 loco
864 1628 1435 1687 Joseph Antiq.1‚4;

907 1698 992 1759 Β;)
1012 1700 1242 1759 Epiphan.
1266 1702 1434 1746 Haeres.

757 2179 832 2210 11.

217 2265 373 2324 Pergit
401 2263 624 2308 Eusebius
655 2278 705 2323 p.
738 2279 835 2320 17:
877 2264 1121 2308 Proedictis
1154 2273 1304 2308 autem
1336 2263 1438 2308 hoec

75 2331 81 2398 J
150 2339 283 2382 addit
304 2338 424 2381 idem
441 2335 739 2394 Polyhistor:
759 2355 778 2376 «
797 2337 910 2380 Post
922 2338 1138 2380 diluvium
1157 2341 1438 2396 imperitasse

52 2455 54 2458 ,
149 2411 321 2469 regioni
337 2407 661 2453 Chaldaeorum
679 2409 897 2452 Evexium
925 2406 1138 2472 (Εὖήχοον
1159 2409 1297 2468 Sync.
1309 2405 1321 2471 )
1346 2426 1437 2454 ne·—

53 2491 55 2494 “
80 2477 91 2522 ἶ
151 2485 213 2525 ris
234 2490 485 2540 quattuor:
502 2481 610 2525 inde
633 2485 873 2541 imperium
903 2491 1140 2541 exceptum
1165 2498 1195 2525 a
1203 2482 1315 2540 filio
1339 2488 1437 2540 eJ'us

89 2582 105 2602 -,
154 2554 452 2599 Chomasbelo
474 2557 594 2597 neris
625 2563 838 2613 quattuor
849 2569 959 2598 cum
991 2558 1123 2598 sossis
1152 2558 1361 2614 quinque.
1393 2557 1438 2598 A

103 2665 106 2667 Α
151 2626 375 2672 Xisuthro
397 2636 492 2670 eta
512 2627 702 2682 diluvio,
720 2628 863 2671 donec
895 2627 1028 2670 Medi
1053 2627 1336 2684 Babylonem
1360 2643 1438 2671 oc-

96 2687 102 2717 3
151 2708 396 2760 cuparunt.
445 2713 670 2743 summam
710 2714 784 2758 re„
766 2714 869 2742 um
907 2714 991 2742 sex
1022 2714 1168 2758 supra
1208 2704 1436 2760 octoginta

92 2771 102 2810 ι’
152 2781 367 2832 ειφριιταί
390 2771 673 2828 Polyhistor,
700 2773 985 2831 singulosque
1007 2775 1272 2816 nominatim
1298 2788 1324 2816 e
1346 2774 1433 2817 Be·

55 2899 59 2905 ,
84 2855 90 2867 ⁷
153 2850 243 2890 rosi
266 2846 378 2889 libro
399 2855 613 2890 recenset.
637 2846 713 2889 Ex
735 2845 894 2889 horum
926 2855 1077 2888 autem
1096 2849 1296 2889 omnium
1315 2856 1436 2889 ceta-

155 2919 272 2962 tibus
297 2927 385 2962 tres
402 2919 632 2974 myriades
658 2932 879 2961 annorum
900 2917 1099 2976 conjicit,
1122 2927 1438 2977 praetereaque

154 3005 298 3034 annos
320 3001 390 3035 ter
410 2991 536 3034 mille
555 2999 604 3034 et
623 3005 759 3034 unum
782 3005 923 3049 supra
940 2994 1260 3047 nonaginta1
1221 2989 1260 3046 (1
1267 2989 1301 3049 ).
1336 2991 1441 3034 Post

60 3047 121 3126 {¹234}
155 3061 236 3107 hos
257 3067 336 3122 qui
350 3067 624 3107 successione
643 3066 905 3108 inconcussa
923 3077 1111 3122 regnum
1127 3063 1435 3120 obtinuerant,

63 3133 65 3143 ⁴
97 3132 101 3134 ’
154 3135 395 3194 derepente
414 3135 581 3178 Medos
598 3135 799 3178 collectis
816 3137 956 3194 copiis
968 3134 1104 3192 Baby
1106 3136 1252 3179 Ionem
1270 3139 1441 3195 cepisse

154 3211 244 3261 ait,
278 3208 426 3266 ibique
447 3208 506 3250 de
519 3210 613 3250 suis
634 3217 851 3264 tyrannos
883 3211 1182 3251 constituisse.
1207 3210 1331 3252 Hinc
1354 3224 1438 3252 no-

92 3266 101 3341 Ι.
156 3283 281 3324 mina
299 3294 473 3339 quoque
499 3289 790 3336 tyrannorum
814 3279 1058 3323 Medorum
1081 3281 1289 3323 edisserit
1313 3290 1430 3336 octo,

94 3364 110 3398 1
156 3367 388 3412 annosque
408 3367 559 3396 eorum
578 3354 744 3410 viginti
761 3360 975 3410 quattuor
993 3367 1133 3410 supra
1151 3353 1364 3397 ducentos
1385 3369 1442 3397 ac

100 3419 111 3444 '⁴
157 3440 309 3469 rursus
325 3425 535 3468 undecim
557 3439 688 3481 reges
706 3432 753 3467 et
773 3438 918 3467 annos
934 3423 1052 3484 [octo
1070 3439 1210 3482 supra
1240 3426 1438 3483 quadra·

110 3501 307 3563 ginta.
330 3498 436 3540 llaec
459 3512 515 3540 ex
539 3497 766 3556 margine.
790 3497 848 3539 In
867 3496 975 3540 cod.
1014 3494 1253 3557 lacuna]:
1277 3506 1368 3540 tum
1399 3507 1445 3541 et

63 3645 104 3707 ξ’,
161 3646 399 3698 Babylonem
434 3645 486 3685 ab
505 3645 650 3685 enata
639 3656 680 3684 m
709 3636 755 3685 ea
784 3645 1016 3684 contusione
1039 3645 1254 3684 vocitatam
1285 3645 1444 3695 scribit,

64 3718 94 3758 l
161 3721 283 3761 quam
311 3710 474 3761 ipsemet
494 3711 587 3750 ante
612 3709 743 3760 plures
761 3708 956 3759 myriadas
971 3719 1165 3748 annorum
1191 3709 1292 3748 sub'
1282 3709 1445 3760 imperio

65 3769 119 3835 ,τ
162 3774 466 3826 Babyloniorum
482 3772 592 3824 fingit
605 3772 811 3813 exstitisse.

770 3892 841 3932 11.

215 3997 277 4038 Ab
306 4008 411 4038 anno
438 3998 632 4048 praesente
660 3996 800 4036 mundi
836 4000 936 4037 2405
968 3996 1189 4037 Alexander
1227 3994 1448 4045 polyhistor

69 4034 134 4118 ‚vs
166 4061 442 4102 Chaldaeorum
460 4071 626 4111 regnum
654 4061 743 4112 post
768 4060 960 4099 diluvium
981 4060 1211 4099 continuata
1230 4059 1328 4099 serie
1355 4070 1448 4109 pro·

71 4133 84 4151 1.
94 4124 102 4153 ί
169 4127 352 4176 pagatum
370 4136 570 4165 resumere
581 4126 758 4174 molitur,
773 4125 972 4174 octoginta
988 4135 1058 4164 sex
1077 4124 1353 4164 Chaldaeorum
1371 4126 1448 4163 Me·

71 4192 76 4239 ὲ
96 4188 117 4212 .-=
169 4189 391 4238 dnmmque
415 4199 524 4239 reges
544 4199 614 4239 per
630 4187 828 4238 quandam
850 4191 1059 4237 Satorum,
1080 4191 1270 4228 Nerorum
1294 4189 1334 4226 et
1357 4190 1448 4226 Sos-

171 4263 304 4294 sorum
319 4251 458 4293 seriem
471 4253 583 4293 annis
595 4252 769 4292 millibus
784 4253 940 4303 triginta
954 4253 1141 4301 quattuor
1161 4252 1199 4291 et
1215 4250 1424 4300 nonaginta
1438 4280 1448 4300 ‚

2697 310 2788 351 :208

1511 404 1758 450 Chaldoeos
1814 419 1942 464 reges
1993 406 2302 463 quadraginta
2340 424 2517 462 novem,
2566 426 2794 479 annosque

1507 477 1860 535 quadringentos
1876 486 1921 519 et
1940 487 2057 520 octo
2052 493 2191 536 supra
2204 484 2553 540 quinquaginta.
2622 485 2787 528 Postea

1508 556 1552 588 et
1587 545 1763 590 Arabes
1804 562 1956 590 novem
1985 563 2130 608 7·‚eges
2170 565 2400 608 annosque
2432 554 2641 597 ducentos
2680 572 2795 614 qua-

1509 617 1732 674 draginta
1785 622 1993 676 quinque.
2061 620 2228 664 Horum
2270 637 2488 667 annorum
2543 632 2796 671 recensione

1506 692 1794 747 perscripta,
1834 690 1892 732 de
1932 690 2240 734 Samiramide
2273 709 2446 752 quoque
2490 707 2654 740 narrat
2693 714 2797 758 quoe

1511 763 1752 818 imperavit
1771 761 1968 818 Assyriis
1997 759 2076 822 (2).
2099 764 2377 823 Rursumque
2395 767 2606 812 distincte
2627 771 2797 813 admo-

1509 831 1615 874 dum
1633 836 1820 876 nomina
1835 848 1991 891 regum
2009 835 2317 894 quadraginta
2330 842 2530 897 quinque
2542 853 2787 894 enumerat,

1511 906 1650 961 iisque
1687 920 1832 949 annos
1864 905 2018 948 tribuit
2040 910 2207 964 viginti
2224 922 2308 950 sea·
2340 924 2479 968 supra
2515 915 2646 971 quino
2629 923 2795 959 tyenias,

1509 974 1620 1018 Post
1637 973 1717 1018 hos
1733 980 1805 1018 ait
1817 981 2044 1020 exstitisse
2066 977 2390 1022 Chaldoeorum
2410 996 2586 1040 regem,
2620 985 2694 1028 cui
2716 999 2800 1028 no-

1510 1061 1613 1089 men
1636 1046 1813 1090 Phulus
1837 1058 1978 1091 erat:
2004 1064 2135 1107 quem
2173 1050 2473 1095 Hebraeorum
2514 1068 2687 1112 quoque
2718 1050 2797 1098 hi-

1510 1122 1648 1162 storia
1679 1130 1921 1174 memorat,
1965 1137 2183 1180 quemque
2217 1126 2322 1166 item
2355 1124 2550 1168 Phulum
2573 1129 2796 1187 appellat

1510 1190 1593 1233 Hic
1624 1192 1842 1236 Judoeam
1872 1196 2084 1236 invasisse
2117 1195 2296 1240 dicitur.
2333 1195 2510 1238 Deinde
2542 1197 2803 1255 Polyhistor

1511 1262 1858 1307 Senecheribum
1879 1279 2019 1324 regno
2025 1268 2225 1323 potitum
2242 1280 2338 1308 esse
2354 1270 2452 1308 ait:
2470 1282 2599 1325 quem
2620 1271 2801 1327 quidem

1512 1335 1805 1380 Hebraeorum
1818 1337 1920 1394 libri
1932 1351 2006 1396 rbe
1987 1346 2197 1380 ouantem
2215 1334 2680 1398 teseruntimperante
2698 1343 2738 1384 F
2739 1358 2804 1385 ze

1513 1406 1622 1449 chia
1645 1418 1693 1451 et
1687 1409 2006 1470 pmphetante
2027 1411 2170 1454 lsaia.
2192 1411 2272 1452 Ait
2289 1419 2439 1453 autem
2455 1413 2618 1456 diserte
2634 1415 2723 1457 dis'
2695 1430 2804 1457 inus·

1515 1478 1630 1521 liber
1653 1477 2272 1541 (Regg.1V,18‚13)·«
2307 1484 2442 1526 Anno
2465 1486 2802 1542 quartodecimo

1513 1550 1728 1594 Ezechioe
1752 1556 1875 1610 regis
1906 1553 2163 1595 ascendisse
2196 1551 2547 1598 Senecheribum
2583 1557 2650 1599 ad
2675 1558 2803 1600 urbes

1512 1622 1696 1666 Judoeoe
1706 1629 1916 1680 munitas,
1939 1640 2105 1683 easque
2122 1628 2350 1683 cepisse.»
2376 1625 2514 1683 Cujus
2531 1632 2599 1671 rei
2607 1639 2804 1690 peracta

1513 1693 1722 1749 historia,
1769 1697 1971 1740 subdit:
2010 1695 2129 1742 «Et
2163 1701 2371 1756 regnavit
2391 1700 2650 1743 Asmdanes
2668 1701 2804 1759 filius

1514 1771 1612 1824 ejus
1625 1783 1710 1826 pro
1731 1783 1781 1811 eo
1804 1766 1929 1828 (cap.
1959 1784 2031 1827 19,
2056 1767 2195 1828 37).
2185 1771 2482 1829 »Rursusque
2501 1778 2717 1831 pergens,
2746 1789 2802 1817 ea

1515 1848 1778 1898 tempestate
1793 1844 1859 1882 ait
1878 1850 2125 1898 aegrotasse
2141 1840 2402 1889 Ezechiam
2407 1850 2414 1876 Ι
2430 1858 2470 1888 c.
2495 1857 2570 1898 20,
2596 1843 2660 1902 7).
2693 1846 2802 1888 Tum

1514 1916 1653 1956 ctiam
1670 1913 1915 1957 oldinatim
1934 1914 2090 1956 eodem
2116 1923 2315 1972 tempore
2335 1915 2676 1960 Marudachum
2696 1919 2805 1960 Bal-

1513 1985 1681 2029 danem
1707 1986 2064 2043 Babyloniorum
2089 1999 2241 2043 7egem
2274 1989 2448 2029 misisse
2475 1997 2673 2031 07atores
2703 2004 2802 2032 cum

1520 2057 1662 2100 literis
1684 2067 1728 2101 et
1744 2058 2001 2101 muneribus
2020 2058 2086 2100 ad
2104 2056 2353 2101 Ezechiam
2377 2056 2442 2117 (c.
2467 2073 2544 2114 20,
2578 2058 2670 2120 12).
2690 2062 2804 2104 Hoec

1515 2130 1705 2172 tradunt
1727 2130 2021 2173 Hebraeorum
2036 2133 2287 2188 scripturae.
2306 2131 2348 2172 E
2349 2139 2399 2173 t
2386 2131 2560 2189 quidem
2577 2130 2802 2176 Seneche-

1515 2202 1674 2257 ribam,
1692 2218 1790 2246 cum
1807 2202 2044 2261 cujusfilio
2056 2202 2298 2246 Asordane
2310 2218 2392 2246 nec
2403 2218 2492 2247 non
2508 2190 2809 2248 Marudacho-

1515 2274 1748 2328 Baldane,
1816 2274 2143 2319 Chaldaeorum
2189 2290 2365 2333 quoque
2406 2275 2623 2323 historiast
2588 2277 2796 2336 g‘.raphus

1514 2354 1773 2388 mem07·:at
1798 2360 1898 2388 cum
1925 2346 2082 2404 quibus
2105 2349 2245 2388 etiam
2280 2346 2791 2400 NabuchodonosQotum

1514 2421 1578 2459 uti
1612 2431 1720 2461 moa·
1753 2418 1938 2463 dicetur.
1980 2419 2079 2460 Hac
2115 2428 2265 2461 autem
2296 2422 2470 2462 ratione
2485 2420 2542 2462 de
2578 2423 2631 2462 iis
2653 2417 2802 2463 scribit

1518 2487 1574 2549 (v.
1597 2489 1654 2533 fi.
1683 2488 1775 2549 12).

1581 2556 1621 2622 (1
1604 2560 1641 2620 1)
1669 2563 1776 2605 Haec
1797 2559 2086 2606 emendanda
2107 2576 2163 2604 ex
2185 2561 2399 2620 Syncello
2426 2577 2476 2620 p.
2503 2561 2577 2619 78,
2595 2563 2663 2609 C:
2689 2560 2802 2608 Ἀλέ-

1514 2629 1685 2694 ξανδρος
1714 2634 1735 2677 ὃ
1754 2629 2051 2696 Πολυίστωρ’
2033 2650 2080 2677 εκ
2104 2631 2225 2676 τουδε
2247 2650 2318 2677 του
2336 2631 2439 2696 βυε’
2458 2650 2662 2693 κοσμικου
2686 2631 2806 2685 ἔτους

1517 2701 1714 2764 βούλεται
1742 2702 1870 2749 πάλιν
1895 2701 1972 2760 τὴν
2015 2701 2124 2764 μετὰ
2147 2702 2217 2749 τὸν
2243 2674 2546 2764 κατακλυσμὸν
2567 2722 2651 2749 των
2681 2705 2805 2752 Χαλ-

1514 2773 1644 2821 δαίων
1686 2773 1906 2837 βασιλείαν
1941 2772 2257 2838 κατάρξασθαι,
2286 2776 2529 2836 μυθολογῶν
2566 2772 2635 2820 διὰ
2661 2773 2802 2834 σάρων

1514 2847 1587 2892 καὶ
1610 2845 1748 2911 νήρων
1770 2846 1842 2893 καὶ
1866 2843 2044 2893 σώσσων
2075 2844 2429 2936 3βεὲἷασιλευκέναι
2463 2845 2696 2893 Χαλδαίων
2724 2846 2798 2893 καὶ

1515 2918 1677 2977 Μήδων
1717 2920 1904 2983 βασιλεῖς
1956 2918 2029 2965 πσ’
2067 2938 2110 2964 εν
2149 2917 2410 2982 τρισμυρίοις
2448 2915 2559 2964 ἔτεσι
2597 2937 2670 2966 και
2726 2918 2803 3005 84¹

1521 2994 1741 3054 (34090),
1777 2992 1888 3038 τουτ’
1922 2990 2035 3037 ἔστιν
2066 2992 2107 3036 ἐν
2144 2990 2287 3055 σάροις
2323 2989 2358 3036 θ’
2385 3008 2458 3036 και
2481 2987 2622 3053 νήροις
2656 2990 2695 3054 β’
2723 2991 2797 3037 καὶ

1517 3062 1698 3117 σώσσοις
1714 3063 1775 3121 η’.
1852 3062 1958 3111 Ἀπὸ
1982 3062 2026 3109 δὲ
2057 3081 2206 3109 τουτου
2225 3081 2298 3109 του
2329 3061 2482 3125 χρόνου
2501 3065 2585 3108 τῶν
2612 3081 2676 3114 πς
2680 3061 2755 3125 ’(
2733 3061 2815 3109 ουο.

1521 3135 1730 3200 (δεύτερον
1769 3136 1893 3198 libri)
1938 3135 2015 3196 μὲν
2054 3124 2287 3183 Χαλδαίων
2338 3133 2563 3200 βασιλέων,
2607 3133 2796 3198 Ρύηχίου

1517 3227 1590 3255 και
1621 3206 1953 3270 Χωμασὸήλου,
1993 3205 2065 3254 πδ’
2105 3206 2148 3254 δὲ
2185 3205 2375 3270 Μήδων)
2414 3205 2699 3270 Ζωροάστρην
2733 3225 2811 3252 xm·

1521 3280 1616 3334 τους
1652 3283 1746 3341 μετ’
1774 3279 1902 3327 αὐτὸν
1939 3280 1984 3335 ζ’
2023 3278 2255 3329 Χαλδαίων
2292 3281 2480 3344 βασιλεῖς
2508 3278 2690 3342 εἷσαγει,
2731 3279 2803 3333 ἔτη

1524 3352 1825 3416 κρατήσαντας
1849 3350 2008 3409 ἠλιακὰ
2033 3351 2110 3417 94,
2133 3355 2154 3399 ὃ
2178 3350 2303 3406 αὐτος
2337 3350 2588 3414 Πόλυίστωρ
2605 3387 2618 3412 ,
2641 3351 2716 3397 οὒκ
2743 3350 2813 3396 ἔτι,

1520 3423 1590 3472 διὰ
1613 3443 1756 3489 σαρων
1785 3423 1860 3470 καὶ
1879 3443 2018 3511 νηρων
2039 3424 2113 3471 καὶ
2135 3423 2314 3471 σώσσων
2337 3423 2412 3471 καὶ
2433 3427 2506 3481 τῆς
2536 3425 2684 3479 λοιπης
2707 3421 2806 3469 ἀλό-

1518 3514 1596 3558 γου
1618 3498 1828 3558 μυθικης(
1817 3495 2022 3560 ιστορίας,
2048 3494 2161 3542 ἀλλὰ
2184 3493 2254 3542 διὰ
2279 3496 2510 3552 ἡλιακῶν
2492 3496 2610 3542 ετῶν.

1518 3647 1594 3686 hoe
1619 3648 1678 3687 est
1705 3648 1803 3687 saris
1823 3658 1994 3697 novem,
2018 3647 2123 3687 neris
2141 3646 2299 3686 duobus
2313 3647 2353 3686 et
2385 3646 2499 3686 sossis
2520 3647 2610 3684 octo
2628 3654 2806 3694 regnasse

1519 3712 1780 3750 commentus.
1810 3711 1868 3751 Ab
1893 3713 2071 3761 tempore
2095 3711 2294 3761 octoginta
2319 3721 2386 3750 sex
2415 3710 2664 3759 praefatorum
2686 3707 2805 3756 (quo,-

1520 3785 1608 3813 rum
1625 3774 1726 3823 duo,
1747 3775 1944 3814 Euechius
1958 3775 2108 3814 scilicet
2122 3775 2162 3814 et
2183 3773 2489 3821 Chomasbelus‚
2505 3770 2779 3811 Chaldaeorum
2792 3799 2802 3817 ,

1521 3839 1662 3889 reliqui
1688 3839 1889 3889 octoginta
1915 3840 2104 3890 quattuor
2139 3838 2345 3879 Medorum
2368 3847 2476 3886 reges
2503 3835 2634 3884 erant)
2658 3836 2803 3874 Zoroa-

1519 3903 1641 3942 strem
1663 3905 1703 3942 et
1722 3905 1869 3953 septem
1887 3903 2164 3944 Chaldaeorum
2187 3911 2297 3951 reges
2308 3911 2398 3940 eum
2414 3899 2600 3948 sequutos
2619 3897 2730 3936 annis
2745 3907 2803 3935 so·

1522 3968 1669 4008 laribus
1699 3973 1770 4009 190
1789 3969 2046 4019 imperantes,
2067 3978 2147 4007 non
2167 3966 2329 4006 ulterius
2355 3964 2474 4012 saris,
2502 3963 2603 4001 neris
2625 3963 2665 4001 et
2689 3961 2804 4000 sossis

1521 4034 1730 4084 reliquisve
1759 4035 1948 4074 fabulosae
1974 4033 2146 4073 historiae
2175 4029 2499 4075 absurditatibus,
2533 4026 2598 4066 sed
2633 4025 2803 4074 legitimo

1521 4097 1707 4137 solarium
1737 4109 1930 4137 annorum
1964 4108 2081 4137 cursu
2109 4095 2239 4135 habita
2269 4090 2499 4132 numerandi
2530 4089 2698 4135 ratione,
2725 4090 2802 4125 Po-

1524 4164 1690 4215 lyhistor
1711 4163 1814 4204 idem
1837 4163 2000 4203 inducit
