3016 4628
877 300 1487 352 LACEDAEMONIORUM
1528 300 1928 352 RESPUBLICA.

99 440 192 489 ραν.
231 420 310 469 Ἔν
346 419 464 483 μέσῳ
489 416 532 464 δὲ
571 414 727 463 τούτων
758 412 834 466 τὰς
864 411 1092 470 ἐκκλησίας
1126 417 1248 474 ἠγον,
1278 410 1373 458 οὔτε

4 507 15 553 ἰ
95 493 326 541 παστάδων
350 493 485 539 οὐσῶν
506 487 601 536 οὔτε
619 486 751 544 ἄλλης
767 483 877 538 τινὸς
893 486 1180 540 κατασκευῆς.

697 580 775 628 80.

158 680 390 726 Plutarch.
419 680 617 737 Lycurg.
643 690 683 720 c.
711 671 807 717 28:
844 669 903 718 ‘H
927 668 971 716 δὲ
995 667 1240 729 καλουμένη
1275 687 1378 732 κρυ-

94 748 200 797 πτία
226 749 331 814 παρ’
360 749 522 804 αὐτοῖς,
559 744 645 821 εἴγε
669 741 721 800 δὴ
753 741 828 789 καὶ
863 745 987 788 τοῦτο
1019 743 1103 787 τῶν
1130 740 1378 805 Λυκούργου

93 818 416 882 πολιτευμάτων
451 815 493 864 ἕν
531 802 676 874 ἐστιν,
715 816 773 867 ὡς
814 811 1158 878 Ἀριστοτέλης(
1149 811 1376 877 ιστόρηκε,

92 889 250 946 ταύτην
274 888 324 936 ἂν
347 888 412 947 εἴη
437 887 510 935 καὶ
533 887 594 950 τῷ
619 883 829 934 Πλάτωνι
845 883 945 948 περὶ
969 903 1045 941 της
1060 883 1279 937 πολιτείας
1303 902 1377 930 και

27 955 30 957 ’
94 965 166 1007 τοῦ
186 959 370 1024 ἀνδρὸς’
351 955 654 1057 ενειργασμένη
676 955 819 1011 δόξαν.

154 1033 286 1077 Idem
316 1031 430 1076 ibid.
520 1026 817 1093 Ἀριστοτέλης
853 1025 897 1074 δὲ
933 1025 1122 1088 μάλιστά
1160 1046 1264 1092 φησι
1303 1026 1377 1073 καὶ

90 1101 183 1157 τους
203 1101 374 1167 ἐφόρους
389 1137 402 1160 ,
426 1098 525 1148 ὅταν
550 1102 608 1154 εἷς
640 1098 717 1156 τὴν
746 1097 884 1165 ἀρχὴν
909 1103 1159 1146 καταστῶσι
1178 1102 1374 1189 πρῶτον,

87 1177 173 1228 τοῖς
201 1171 365 1222 Εἵλωσι
395 1171 697 1236 καταγγέλλειν
723 1170 928 1232 πόλεμον,
967 1169 1081 1225 ὅπως
1105 1169 1254 1234 εὐαγὲς
1274 1174 1300 1235 ᾖ
1327 1169 1375 1217 τὸ

89 1246 269 1307 ἀνελεῖν.
285 1245 352 1293 Cf.
371 1244 553 1293 Miiller.
574 1247 684 1290 Dor.
705 1246 768 1301 II,
788 1244 866 1297 43.
887 1243 1128 1301 125331o,
1151 1244 1198 1290 6.
1216 1246 1374 1289 Manso

85 1321 254 1380 Sparta
276 1333 326 1378 p.
357 1323 441 1371 141
469 1333 570 1377 sqq.
588 1319 842 1363 Hermann.
866 1317 1058 1375 Antiqq.
1084 1316 1111 1376 S
1132 1316 1192 1369 48
1210 1350 1221 1372 ,
1245 1321 1270 1368 l,
1300 1332 1371 1375 sq.

151 1393 366 1436 Ceterum
389 1390 448 1434 de
470 1389 642 1435 Laced.
670 1390 790 1447 Rep.
809 1388 917 1431 vide
937 1389 1210 1448 ampliorem
1232 1403 1374 1446 quam

84 1471 138 1508 ut
154 1463 417 1508 exscribere
437 1463 576 1506 velim
598 1461 957 1520 disputationem
984 1461 1033 1503 in
1060 1461 1201 1506 Arist.
1228 1458 1370 1505 Polit.

85 1538 157 1591 ΙΙ,
183 1535 239 1591 6,
268 1551 286 1578 1
311 1550 433 1594 sqq.‚
455 1535 560 1578 coll.
584 1535 659 1589 II,
685 1532 730 1588 3,
757 1548 836 1588 103
858 1534 941 1592 IV,
965 1531 1010 1587 5,
1040 1548 1121 1588 113
1148 1535 1226 1587 IV,
1257 1549 1301 1593 7,
1325 1537 1370 1588 [23

84 1609 171 1664 111,
189 1623 236 1667 9,
257 1622 302 1652 2.
321 1609 392 1651 De
404 1607 592 1666 singulis
606 1605 883 1665 quibusdam
895 1604 1003 1648 vide
1021 1605 1099 1659 IV,
1126 1620 1155 1664 9
1173 1637 1185 1660 ,
1215 1619 1270 1648 1o
1288 1602 1372 1667 (de

85 1682 300 1739 Lycurgo
320 1678 368 1722 ἐκ
390 1678 474 1722 τῶν
494 1674 635 1737 μέσων
655 1677 840 1722 πολιτῶν
862 1675 1145 1737 legislatore)
1165 1677 1254 1731 311,
1274 1692 1318 1733 7,
1348 1692 1366 1719 1

86 1749 172 1810 (de
200 1753 415 1810 Lycurgo
456 1750 507 1792 in
537 1749 688 1805 Creta,
712 1756 765 1791 ut
798 1748 955 1791 ferunt
971 1781 983 1802 ,
1008 1747 1091 1791 diu
1117 1756 1300 1791 morato
1327 1747 1369 1808 >3

83 1822 146 1878 11,
172 1837 218 1877 ᾳ,
251 1837 306 1866 ιο
335 1820 421 1882 (de
442 1822 625 1880 syssitiis
642 1819 684 1881 );
709 1821 822 1875 VII,
850 1835 904 1875 2,
930 1817 956 1862 5
988 1818 1075 1879 (de
1095 1818 1372 1864 educatione

82 1892 392 1954 puerorum);
417 1894 490 1948 II,
528 1908 553 1936 2
571 1927 584 1949 ,
612 1890 638 1935 5
666 1890 753 1955 (de
781 1893 1018 1936 communi
1053 1901 1295 1935 servorum
1327 1901 1373 1936 et

84 1979 313 2024 equorum
343 1960 684 2024 possessione);
714 1966 768 2018 V,
804 1962 832 2007 6
849 1997 861 2019 ,
883 1979 908 2007 2
938 1962 1024 2023 (de
1052 1962 1176 2006 bello
1194 1964 1372 2007 Messe—

22 2064 24 2069 ·
82 2036 216 2081 niaco
237 2045 282 2081 et
300 2038 482 2102 Tyrtaeo
503 2035 545 2095 );
564 2038 617 2092 V,
635 2050 728 2094 9,1
753 2035 826 2095 (de
840 2035 1148 2093 Theopompo
1168 2035 1372 2094 ephoros

82 2108 400 2168 instituente);
421 2109 476 2165 V,
499 2108 543 2163 6,
566 2125 585 2153 1
615 2106 699 2168 (de
718 2104 974 2151 Partheniis
989 2107 1176 2151 Tarenti
1201 2108 1371 2152 condi-

82 2179 314 2240 toribus);
338 2182 395 2236 V,
430 2195 449 2224 1
467 2215 481 2238 ,
510 2178 536 2224 5
562 2177 645 2242 (de
678 2179 918 2238 Lysandro
941 2175 1188 2242 βασιλείαν,
1219 2179 1371 2239 deque

80 2251 303 2296 Pausania
322 2248 512 2314 ἐφορείαν
538 2252 779 2310 antiquare
798 2249 1104 2312 tentantibus)
1121 2265 1134 2311 3
1151 2251 1236 2296 VII
1251 2284 1262 2306 ,
1288 2267 1305 2294 1
1318 2251 1342 2295 3
1355 2285 1368 2308 ,

88 2321 142 2366 13
172 2322 186 2383 (
209 2323 319 2367 item
338 2322 402 2367 de
416 2323 635 2367 Pausania
656 2318 688 2383 ).

684 2418 762 2465 81.

73 2513 76 2516 ’
147 2523 337 2567 Photius
374 2525 487 2567 Lex.
529 2538 539 2565 :
569 2518 794 2577 Πελάται,
833 2521 871 2566 οἱ
898 2523 1037 2584 μισθῷ
1073 2519 1367 2578 δουλεύοντες,

82 2587 174 2640 ἐπεὶ
203 2592 251 2639 τὸ
273 2593 288 2656 (
307 2596 338 2639 l.
363 2591 448 2638 ἀπὸ
475 2593 577 2651 τοῦ)
606 2590 767 2653 πέλας,
799 2590 941 2655 ἐγγύς·
979 2585 1065 2638 οἷον
1099 2590 1274 2655 ἔγγιστα
1301 2590 1370 2638 διὰ

54 2665 231 2724 ,πενίαν
265 2663 525 2728 προσιόντες.
562 2662 871 2727 Ἀριστοτέλης.
907 2664 978 2710 Cf.
1004 2665 1151 2710 schol.
1188 2666 1367 2710 Platon.

56 2742 63 2744 “
81 2736 404 2797 Euthyphron.
423 2753 472 2796 p.
496 2737 587 2794 327
606 2736 751 2782 Bekk.
783 2750 793 2781 ε
825 2733 1024 2791 Πελάτης
1043 2736 1064 2779 ὃ
1080 2733 1173 2780 ἀντὶ
1199 2732 1367 2798 τροφῶν

83 2810 303 2873 ὑπηρετῶν
321 2808 394 2855 καὶ
416 2806 746 2872 προσπελάζων,
762 2806 847 2852 ἀπὸ
867 2810 941 2853 τοῦ
962 2805 1096 2860 πέλας
1113 2806 1210 2864 ἤτοι
1232 2807 1368 2870 ἐγγύς,

62 2879 275 2928 ἐκαλεῖτο
299 2881 322 2925 ὃ
346 2879 398 2925 δι’
416 2877 578 2925 ἔνδειαν
599 2876 803 2939 προσιὼν,
829 2877 992 2940 μίσθιος
1024 2876 1069 2925 δὲ
1093 2880 1333 2943 ὑπηρετῶν.

146 2954 216 2998 Ex
237 2951 697 2997 Lacedaemoniorum
719 2952 840 3011 Rep.
863 2953 960 2996 haec
980 2953 1126 3011 petita
1156 2967 1249 2996 esse
1270 2968 1369 2996 non

84 3023 335 3070 contendO.
357 3025 474 3068 Nam
496 3021 682 3068 πελάται
707 3033 752 3068 et
776 3025 955 3068 Helotae
980 3024 1200 3068 dicuntur
1223 3023 1365 3084 (Plu-

84 3097 231 3142 tarch.
265 3095 404 3156 Agid.
451 3094 510 3154 6)
555 3104 601 3140 et
636 3097 832 3141 Clarotae
859 3097 1146 3141 Cretensium
1191 3095 1365 3156 (Dion.

80 3167 188 3214 Hal.
213 3169 268 3214 A.
293 3169 352 3212 R.
382 3182 430 3226 p.
458 3166 550 3211 388
567 3201 579 3223 ,
605 3166 692 3228 33)
713 3202 724 3223 ,
751 3183 810 3212 ne
837 3168 989 3212 dicam
1028 3168 1086 3212 de
1116 3166 1370 3230 προσπελά-

68 3253 173 3298 ,χταις
201 3239 454 3284 Arcadicis.
483 3237 706 3284 Poterant
730 3241 869 3284 etiam
893 3241 1251 3284 commemorari
1275 3241 1359 3284 ubi

12 3346 15 3350 .
78 3308 142 3357 sse
162 3311 298 3355 thetis
316 3309 667 3355 Atheniensium
700 3313 774 3356 vel
793 3312 852 3355 de
885 3313 1205 3356 Thessalorum
1229 3327 1370 3371 pene-

72 3416 235 3498 afflmem
263 3444 398 3494 ssuvii,
430 3445 629 3495 Babycam
669 3446 799 3496 pontis
829 3457 974 3486 nomen
1005 3457 1088 3487 esse
1123 3449 1262 3486 auctor
1290 3449 1362 3487 est.

82 3499 232 3553 Boxum
254 3507 296 3547 in
312 3507 442 3547 medio
461 3509 668 3548 conciones
684 3509 868 3560 agebant,
888 3521 1013 3560 quum
1033 3520 1162 3560 neque
1183 3511 1362 3560 porticus

77 3578 210 3620 mque
225 3570 324 3610 alius
340 3571 447 3611 ullus
462 3573 673 3622 apparatus
687 3573 805 3612 esset.

687 3642 760 3681 80.

69 3704 305 3808 ’mgiryptiae
333 3716 493 3756 quoque
522 3707 663 3745 auctor
698 3709 901 3757 Lycurgus
930 3707 1030 3758 fuit,
1063 3709 1109 3747 ut
1136 3707 1366 3747 Aristoteles

31 3785 33 3788 >
175 3767 203 3807 't

137 3833 362 3873 Aristoteles
393 3833 572 3884 inprimis
605 3835 746 3874 auctor
780 3835 841 3873 est
864 3834 1063 3884 Ephoros„
1099 3835 1169 3873 uhi
1192 3834 1366 3884 primum

71 3894 351 3946 ..magistratum
365 3897 591 3947 occipiunt,
607 3897 756 3937 bellum
774 3897 980 3938 Helotibus
993 3897 1166 3937 indicere
1180 3927 1191 3947 ,
1206 3899 1252 3936 ut
1269 3897 1367 3936 citra

0 4001 6 4028 Β
85 3957 309 4011 minonem
327 3958 354 3999 ii
371 3960 496 4000 occidi
509 3961 671 4010 possint.

70 4057 86 4065 ,
178 4041 183 4045 ·
690 4029 762 4070 81.

10 4068 14 4103 j
82 4078 303 4150 {fis-Pelatae,
334 4093 404 4144 qui
435 4096 616 4134 mercede
648 4096 847 4143 serviunt;
876 4106 1024 4136 nomen
1057 4095 1316 4136 derivandum
1344 4106 1367 4134 a

11 4197 17 4219 ·.
86 4156 227 4211 §250oe
257 4157 396 4204 πέλας,
414 4156 441 4196 i.
470 4168 506 4196 e.
527 4168 668 4208 prope,
691 4160 738 4198 ut
761 4158 924 4198 πελάται
947 4159 1026 4199 sint
1059 4159 1241 4210 proxime
1267 4169 1360 4208 pro-

52 4242 54 4246 ,
89 4219 176 4274 pter
193 4222 460 4272 paupertatem
483 4222 726 4262 accedentes.
744 4223 984 4263 Aristoteles.

16 4286 19 4303 *
299 4302 532 4333 tumueram
550 4304 649 4334 ms'r.
668 4305 734 4334 cn.
759 4318 803 4325 -
826 4307 913 4335 vor..
936 4308 975 4336 n.

2633 318 2722 358 127

1455 414 1532 456 stis
1544 428 1695 458 sermo
1717 425 1832 461 erat.
1848 417 2061 459 Ceterum
2073 418 2320 461 Welckero
2338 417 2525 480 (Tril‹›g‚
2545 437 2589 479 p.
2609 436 2703 481 29⁰
2720 457 2731 476 ‚

1454 481 1639 531 πελάται
1655 496 1760 530 sunt
1774 484 1941 540 ἐλάται,
1959 485 2239 547 βουπελάται.
2256 488 2324 534 Cf.
2343 492 2387 532 Μ
2394 492 2522 533 iiller.
2544 493 2651 538 Dor.
2673 495 2734 545 11,

1456 559 1541 620 693
1563 558 1798 604 Ruhnken
1820 557 1878 601 ad
1899 558 2055 601 Timaei
2079 557 2190 604 Lex.
2215 574 2247 606 s,
2267 575 2311 604 v.

2062 646 2140 694 82.

1483 757 1489 765 ’
1519 765 1866 824 Harpocration
1890 777 1900 809 :
1928 760 2025 809 Καὶ
2043 760 2143 826 γὰρ
2162 760 2218 807 τὸ
2240 765 2437 823 μηδένα
2458 767 2558 810 τῶν
2581 785 2647 826 μα
2661 768 2739 830 χί-

1454 854 1559 898 μων
1586 834 1711 881 ἄνευ
1731 837 1822 891 τῆς
1853 835 1955 879 τῶν
1981 832 2258 897 ἀρχόντων
2282 834 2504 897 γνώμης
2533 838 2737 896 ἀποδη-

1454 907 1588 970 μεῖν.
1618 905 1894 971 Ἰσοκράτους
1917 905 1960 951 ἐν
1985 904 2204 970 Βουσίριδι
2227 905 2275 970 (§
2306 908 2391 968 18)
2418 907 2514 971 περὶ
2533 910 2741 955 Λακεδαι·

1452 978 1610 1040 μονίων
1643 983 1781 1025 ταῦτα
1814 976 2034 1040 λέγοντος,
2061 975 2207 1042 ῥητέον
2232 976 2297 1024 ὅτι
2321 978 2396 1025 καὶ
2420 982 2458 1026 οἳ
2490 978 2567 1032 τὰς
2589 983 2738 1028 Λακε-

1452 1049 1682 1112 δαιμονίων
1721 1048 1937 1102 πολιτείας
1967 1047 2227 1117 γεγραφότες
2250 1047 2306 1095 τὰ
2329 1048 2456 1111 ὅμοια
2490 1049 2734 1114 εἰρήκασιν·

1450 1125 1472 1168 ὁ
1508 1121 1552 1169 δὲ
1588 1120 1885 1187 Ἀριστοτέλης
1919 1122 1996 1167 οὐκ
2032 1117 2186 1175 ἐξεῖναί
2221 1139 2349 1186 φησιν
2382 1122 2620 1183 ἀποδημεῖν
2653 1126 2740 1176 τοῖς

1450 1194 1827 1256 Λακεδαιμονίοις,
1844 1192 1958 1247 ὅπως
1977 1192 2036 1255 μὴ
2062 1193 2282 1248 ἐθίζωνται
2308 1193 2450 1241 ἄλλων
2469 1193 2608 1255 νόμων
2632 1197 2740 1241 εἰναι

1450 1266 1583 1330 φίλοι.
1620 1269 1710 1314 Του
1746 1264 1892 1328 μέντοι
1915 1265 2188 1329 Ισοκράτους
2223 1264 2320 1319 τους
2344 1264 2564 1329 μαχίμους
2590 1265 2741 1328 μόνους

1447 1337 1642 1399 λέγοντος
1665 1337 1904 1385 κωλύεσθαι
1933 1339 2196 1398 ἀποδημεῖν,
2236 1340 2274 1384 οἳ
2306 1337 2405 1402 περὶ
2440 1337 2738 1402 Ἀριστοτέλην

1447 1409 1544 1464 τοὺς
1558 1409 1724 1463 πάντας
1747 1409 2112 1471 Λακεδαιμονίους
2135 1409 2278 1474 φασίν.

2049 1508 2127 1554 83.

1512 1604 1854 1662 Harpocration
1867 1619 1910 1648 v.
1931 1600 2016 1649 Mo‘
2030 1620 2124 1667 ρων
2147 1618 2158 1650 :
2179 1599 2473 1665 Συντάγματά
2486 1619 2578 1646 τινα
2589 1603 2742 1649 Λακω-

1446 1672 1544 1719 νικὰ
1579 1673 1690 1720 οὕτω
1728 1673 1950 1719 καλεῖται·
1984 1672 2213 1720 διείλεκται
2238 1672 2282 1720 δὲ
2312 1672 2410 1737 περὶ
2430 1671 2591 1719 τούτων
2623 1672 2739 1738 Ἄρι-

1448 1744 1650 1803 στοτέλης
1680 1748 1724 1792 ἐν
1755 1749 1808 1808 τῇ
1834 1745 2190 1808 Λακεδαιμονίων
2215 1745 2423 1810 πολιτείᾳ.
2453 1744 2576 1803 Φησὶ
2597 1745 2641 1792 δὲ
2675 1747 2732 1797 ὡς

1447 1816 1529 1864 εἰσὶ
1565 1818 1697 1882 μόραι
1734 1819 1748 1881 (
1770 1816 1898 1882 μοίρα
1923 1820 2064 1866 codd.
2085 1818 2097 1882 )
2136 1817 2178 1872 ’ἐξ
2202 1817 2535 1881 ὠνομασμέναι,
2555 1817 2628 1864 καὶ
2653 1816 2741 1880 διῄ-

1449 1908 1600 1954 ρηνται
1622 1892 1679 1944 εἷς
1710 1889 1786 1944 τὰς
1811 1889 1946 1955 μόρας
1970 1890 2308 1952 Λακεδαιμόνιοι
2333 1890 2508 1944 πάντες.
2535 1888 2738 1954 Ξενοφῶν

1446 1963 1490 2010 δὲ
1512 1964 1555 2010 ἐν
1572 1966 1625 2027 τῇ
1644 1962 1863 2012 Λακώνων
1881 1962 2074 2028 πολιτείᾳ
2102 1963 2165 2026 (c.
2194 1981 2213 2008 1
2228 1980 2267 2021 1,
2292 1964 2345 2026 4)
2370 1962 2521 2027 φησίν·
2540 1983 2559 2004 «
2577 1961 2738 2018 ἑκάστη

1447 2037 1490 2083 δὲ
1509 2038 1595 2083 τῶν
1630 2037 1861 2083 πολιτικῶν
1897 2037 2040 2099 μορῶν
2064 2033 2152 2099 ἔχει
2177 2033 2451 2100 πολέμαρχον
2477 2033 2550 2081 ἕνα
2565 2071 2579 2096 ,
2604 2035 2740 2095 λοχα-

1444 2107 1542 2171 γοὺς
1565 2108 1618 2167 δ’,
1638 2105 1960 2164 πεντηκοστύας
1979 2107 2040 2166 η’,
2072 2106 2381 2171 ἕνωμοτάρχας
2418 2107 2494 2160 ις’.
2523 2129 2542 2149 »
2563 2107 2738 2152 Eadem

1445 2183 1608 2230 Suidas
1643 2190 1689 2226 et
1723 2182 1933 2227 Photius.
1967 2182 2052 2225 Ille
2085 2197 2176 2241 pro
2205 2179 2336 2245 μόραι
2363 2177 2406 2233 ἓξ
2427 2181 2570 2225 habet
2606 2176 2740 2240 μόραι

1444 2253 1549 2311 καὶ,
1582 2254 1776 2298 Photius
1812 2250 1944 2315 μόραι
1986 2250 2127 2313 ἑπτὰ,
2159 2268 2421 2313 perperam.
2455 2253 2526 2298 Cf.
2569 2251 2731 2310 Steph.

1444 2328 1578 2371 Thes.
1593 2341 1638 2374 v.
1659 2321 1815 2387 Μόρα;
1833 2322 2084 2369 Hermann.
2104 2324 2491 2383 Staat.5altertlz.§
2516 2339 2604 2386 293
2621 2325 2737 2368 Miil-

1444 2400 1529 2445 ler.
1548 2400 1659 2443 Dor.
1684 2399 1746 2454 II,
1776 2396 1869 2441 236
1893 2412 1962 2455 sq.

2055 2489 2132 2541 84.

1512 2589 1708 2635 Photius
1730 2592 1840 2634 Lex.
1869 2604 1880 2636 ε
1903 2587 2079 2651 Λόχοι
2104 2588 2454 2650 Λακεδαιμονίων
2472 2588 2525 2647 δ’,
2548 2591 2605 2642 ὡς
2626 2589 2738 2655 Ἀρι-

1447 2661 1658 2725 στοφάνης
1673 2680 1683 2690 ·
1705 2659 1973 2718 Θουκυδίδης
1992 2659 2036 2707 δὲ
2056 2660 2110 2722 ε’,
2138 2660 2433 2725 Ἀριστοτέλης
2452 2661 2503 2717 ζ’.

1512 2735 1709 2794 Hesych.
1736 2748 1747 2780 :
1778 2731 1914 2796 Λόχοι
1941 2731 2296 2794 Λακεδαιμονίων
2321 2732 2449 2797 φησὶν
2481 2732 2737 2799 Ἀριστοφά-

1445 2823 1520 2862 νης
1542 2804 1759 2870 τέτταρες·
1862 2802 1988 2851 πέντε
2006 2803 2089 2869 γάρ
2115 2809 2238 2862 εἰσιν,
2262 2802 2318 2858 ὥς
2335 2824 2464 2869 φησιν
2490 2805 2737 2870 Ἀριστοτέ-

1445 2878 1541 2935 λης.
1564 2881 1675 2937 Quae
1695 2894 1720 2923 e
1744 2879 1911 2923 Photio
1929 2879 2235 2925 emendanda.
2264 2878 2587 2939 Aristophanis
2609 2881 2739 2925 locus

1446 2961 1511 2997 est
1534 2953 1583 2996 in
1612 2953 1801 3011 Lysistr.
1829 2950 1919 3003 453
1950 2965 1961 2997 z
1987 2951 2101 3013 [Ιαρ’
2126 2949 2232 3011 ἡμῖν
2263 2952 2344 2997 εἶσι
2368 2950 2493 3014 λόχοι
2522 2949 2727 3014 τέσσαρες

1447 3022 1658 3086 μαχίμων
1676 3021 1853 3084 ἀνδρῶν,
1877 3023 1936 3067 ad
1955 3038 2096 3081 quem
2126 3023 2284 3067 locum
2309 3026 2558 3083 respiciens
2586 3025 2734 3071 schol.

1445 3097 1806 3151 Acharn.1o74
1856 3093 2010 3154 (unde
2034 3110 2114 3138 sua
2132 3095 2275 3139 habet
2305 3096 2470 3140 Suidas
2495 3111 2541 3143 v.
2566 3094 2734 3158 Λόχοι)

1445 3177 1644 3212 monet:
1643 3163 1805 3238 Παρὰ
1841 3163 1886 3211 δὲ
1915 3164 2322 3226 Λακεδαιμονίοις
2307 3169 2497 3231 υπῆρχον
2531 3165 2735 3231 τέσσαρες

1445 3237 1600 3301 λόχοι,
1625 3241 1684 3290 οἱς
1711 3235 1920 3302 ἐκέχρητο
1946 3240 1969 3283 ὃ
2002 3235 2218 3300 βασιλεύς.
2251 3239 2451 3283 Eosdem
2480 3241 2642 3284 lochos
2679 3256 2735 3284 ex

1448 3313 1693 3358 Aristotele
1711 3312 1966 3356 memorari
1989 3311 2248 3370 probabilis
2273 3313 2496 3355 sententia
2515 3321 2580 3356 est
2602 3313 2734 3356 Gras-

1504 3524 1732 3564 Aristoteles
1746 3534 1827 3563 non
1842 3524 1961 3563 licere
1983 3523 2079 3562 dicit
2091 3524 2399 3564 Lacedaemoniis
2412 3525 2662 3575 peregrinari,
2684 3536 2734 3563 ne

1443 3588 1611 3627 aliarum
1627 3578 1763 3637 ’legum
1779 3587 1910 3627 studio
1929 3590 2212 3628 assuescerent.
2228 3592 2333 3628 Dum
2348 3589 2540 3628 Isocrates
2558 3589 2612 3627 ait
2628 3589 2733 3627 solos

1446 3651 1636 3690 militares
1658 3652 1970 3700 peregrinatione
1985 3651 2204 3700 prohibitos
2227 3662 2330 3700 esse,
2348 3651 2579 3691 Aristoteles
2597 3662 2732 3689 omnes

1443 3713 1761 3754 Lacedaemonios
1779 3713 1888 3753 dicit.

2048 3793 2120 3832 83.

1494 3871 1618 3908 Morae
1650 3884 1658 3907 :
1685 3868 1869 3908 cohortes
1898 3869 2085 3919 quaedam
2112 3869 2319 3924 Laconicae
2348 3869 2405 3908 sic
2431 3869 2649 3916 vocantur,
2680 3867 2731 3906 de

1443 3932 1586 3982 quibus
1612 3931 1767 3971 disserit
1796 3932 2028 3972 Aristoteles
2054 3933 2095 3971 in
2124 3935 2216 3972 Lac.
2250 3931 2476 3982 Republica.
2502 3930 2605 3970 Dicit
2632 3940 2728 3967 vero

1443 4008 1574 4036 moras
1597 4008 1679 4036 esse
1702 4007 1793 4046 sex,
1824 3999 1862 4036 in
1890 4008 1989 4048 quas
2012 3997 2184 4037 universi
2210 3994 2494 4037 Lacedaemonii
2526 3993 2725 4032 distributi

1443 4064 1521 4103 sint

2054 4141 2124 4180 84.

1493 4218 1616 4258 Lochi
1637 4218 2031 4259 Lacedaemoniorum
2047 4218 2139 4256 sunt
2155 4218 2318 4266 septem,
2338 4214 2395 4252 uti
2408 4212 2641 4262 Aristoteles,
2651 4211 2722 4251 ait.

2480 4330 2500 4358 9
