3016 4628
40 456 48 515 ἐ

1054 276 1391 325 moNYqus
1430 278 1882 328 MYTtLENfflUS.
2205 247 2214 254 ’
2765 298 2789 336 z

212 393 451 435 Postremo
479 390 584 432 loco
621 388 739 431 inter
762 386 931 444 scripta
961 387 1019 429 D.
1053 386 1214 429 Milesii
1239 386 1433 444 ponitur

148 461 312 514 Κύκλος
328 458 534 525 ἱστορικὸς
551 461 594 506 ἐν
613 456 726 522 βιὸλ.
745 456 778 511 ζ’
799 459 873 502 vel
893 455 951 510 ς’.
971 459 1180 517 Dionysii
1196 456 1435 521 κυκλογρά-

145 552 224 598 φου
240 535 400 593 saepius
421 532 547 592 apud
558 541 733 576 veteres
753 531 930 574 mentio
946 528 1015 585 fit,
1037 538 1176 588 atque
1195 531 1312 589 cycli
1330 531 1434 574 lau-

146 606 316 650 dantur
333 604 451 647 liber
465 603 642 662 primus
653 635 666 658 ,
691 602 879 660 quintus
892 610 937 645 et
951 610 1120 657 sextus,
1143 602 1192 644 in
1205 617 1298 660 quo
1312 603 1432 646 inter

145 677 233 721 alia
258 676 317 720 de
345 675 482 719 Ulixe
511 674 639 732 apud
663 673 1003 732 Polyphemum
1038 682 1249 717 versante
1278 688 1434 719 sermo

145 757 259 792 erat.
274 747 421 807 Igitur
431 746 607 790 fabulas
630 745 898 790 Graecorum
915 759 972 789 ex
986 744 1154 788 ordine
1168 746 1432 804 exposuisse

145 828 282 877 atque
301 819 351 862 in
366 807 534 869 ’νόστοις
565 818 764 862 heroum
778 851 790 872 ,
815 832 916 876 quae
957 816 1018 861 ad
1037 818 1073 860 Τ
1075 815 1223 874 rojam
1245 831 1432 877 pugna—

142 897 327 945 verant,
355 889 602 933 substitisse
636 889 841 950 videtur.
868 890 1043 934 Verum
1077 890 1326 947 Dionysius
1349 890 1434 932 iste

142 961 363 1005 Athenaeo
405 975 503 1004 non
547 969 614 1005 est
649 961 852 1005 Milesius
866 994 878 1016 ‚
923 960 1004 1004 sed
1039 959 1239 1008 Samius.
1295 961 1436 1005 Mile-

142 1033 231 1076 sius
252 1034 311 1079 D.
339 1041 568 1091 ‘tanquam
602 1033 720 1091 cycli
754 1041 918 1077 auctor
953 1048 1181 1091 nusquam
1210 1048 1440 1077 memora·

132 1112 236 1160 tur,
262 1113 424 1148 contra
464 1104 669 1149 Samium
708 1113 928 1162 tanquam
957 1105 1352 1165 mythographum
1380 1120 1438 1150 ex

141 1176 241 1234 ipso
263 1177 478 1220 novimus
502 1176 674 1221 Lexieo
700 1176 943 1222 Suidiano.

206 1248 368 1293 Suidas
398 1263 409 1292 ι
443 1245 662 1300 Διονύσιος
702 1245 956 1295 Μουσωνίου
988 1245 1151 1300 Ῥόδιος
1186 1246 1214 1304 ἢ
1252 1246 1436 1307 Σάμιος,

143 1317 366 1382 ἱστορικός.
387 1310 478 1366 *Hv
500 1318 544 1365 δὲ
564 1317 638 1366 καὶ
654 1317 789 1382 ἱερεὺς
803 1322 877 1365 τοῦ
892 1319 1029 1365 ἐκεῖσε
1042 1320 1155 1383 ἱεροῦ
1173 1322 1248 1365 τοῦ
1267 1317 1434 1367 Ἡλίου.

143 1390 352 1456 Ἱστορίας
387 1390 585 1450 τοπικὰς,
621 1390 770 1454 βιὸλία
802 1390 860 1446 ἕξ.
889 1391 1194 1454 [Οἰκουμένης
1227 1390 1438 1456 περιήγη-

143 1465 258 1527 σιν,]
295 1463 505 1528 Ἱστορίας
542 1464 816 1521 παιδευτικῆς
839 1463 985 1528 βιὸλία
1015 1464 1056 1511 ι’.
1083 1463 1440 1526 [Ὑπολαμὸάνω

142 1534 206 1582 ὅτι
230 1533 446 1589 Διονύσιος
469 1538 490 1582 ὃ
512 1528 787 1600 Περιηγητὴς
811 1536 1040 1590 Βυζάντιος
1075 1529 1127 1594 ἦν
1165 1535 1234 1582 διὰ
1257 1537 1328 1582 τὸν
1354 1554 1439 1582 πο-

141 1606 279 1669 ταμὸν
302 1606 485 1666 Ῥήὸαν.
503 1608 520 1671 ]

207 1683 372 1737 Recte,
409 1690 526 1740 puto
543 1715 555 1737 ,
582 1681 854 1725 Welckerus
877 1681 1004 1742 Cycl.
1027 1698 1078 1742 p.
1115 1681 1174 1739 75
1198 1683 1442 1727 contendit

145 1749 318 1800 Κύκλον
334 1750 544 1815 ἱστορικὸν
575 1750 673 1814 (***)
701 1753 826 1797 idem
851 1769 969 1812 opus
998 1770 1090 1799 esse
1121 1771 1225 1799 cum
1251 1752 1440 1818 Ἱστορίᾳ

144 1823 394 1887 παιδευτικῇ
414 1833 552 1883 atque
567 1840 814 1869 numerum
833 1825 1064 1870 librorum
1085 1828 1312 1872 alterutro
1326 1829 1437 1872 loco

149 1897 451 1956 depravatum
475 1912 583 1941 esse.
608 1898 793 1942 Scilicet
810 1899 1207 1956 quemadmodum
1221 1900 1279 1944 de
1297 1901 1438 1960 Apol-

149 1969 307 2014 lodori
354 1969 642 2014 Bibliotheca
673 1979 815 2029 poeta
849 1968 862 2030 (
897 1986 943 2014 v.
977 1973 1164 2032 Fragm.
1215 1973 1337 2017 Hist.
1382 1988 1432 2032 p.

143 2037 418 2103 XXXVIII)
468 2041 581 2085 dicit
620 2057 630 2085 :
667 2038 836 2086 αἰώνων
874 2040 1096 2105 σπείραμα
1134 2042 1434 2108 ἀφυσσάμενος

145 2111 219 2157 ἀπ’
261 2112 403 2172 ἐμεῖο,
436 2110 631 2169 παιδείης
656 2110 812 2173 μύθους
844 2115 974 2175 γνῶθι
996 2113 1280 2178 παλαιγενέας
1317 2116 1438 2174 κτλ,,

144 2185 208 2228 5ἰο
241 2185 380 2229 etiam
403 2185 424 2229 ὃ
449 2182 619 2237 Κύκλος
659 2186 871 2245 Dionysii
916 2183 1105 2249 ἱστορίαν
1142 2186 1439 2244 παιδευτικὴν,

143 2257 176 2302 i.
200 2272 241 2301 e.
274 2266 451 2302 veteres
481 2256 657 2302 fabulas
677 2258 727 2301 in
762 2273 897 2302 usum
911 2257 1166 2316 juventutis
1195 2260 1442 2305 adornatas

145 2328 407 2373 exhibebat.
443 2326 578 2374 Idem
611 2343 728 2388 opus
752 2343 779 2374 a
813 2329 1004 2375 Socrate
1027 2331 1078 2375 in
1107 2333 1283 2377 Histor.
1311 2330 1436 2376 Eccl.

144 2400 248 2455 ΙΙΙ,
296 2399 355 2444 23
403 2399 575 2445 dicitur
619 2396 839 2463 Στέφανος
882 2409 929 2445 et
975 2417 1083 2447 cum
1126 2405 1226 2449 aliis
1275 2404 1436 2460 libris,

152 2471 236 2530 qui
284 2479 561 2531 argumento
614 2479 661 2514 et
705 2472 992 2517 tractationis
1042 2489 1213 2534 genere
1269 2476 1438 2520 similes

145 2641 262 2681 nibus
279 2641 546 2692 sabulosisque
565 2642 800 2682 commentis
815 2645 1042 2694 exposuerit
1057 2648 1152 2697 ete„
1170 2648 1258 2698 quis
1272 2650 1332 2688 est
1343 2650 1440 2700 quin

147 2700 268 2739 etiam
284 2700 406 2739 suida
422 2700 565 2738 collato
583 2703 632 2739 D.
652 2703 836 2748 agnoscat
853 2702 1121 2752 Mytilenaeum
1134 2734 1146 2754 ,
1167 2706 1232 2744 cui
1259 2708 1299 2746 et
1310 2708 1441 2747 studia

146 2757 341 2806 ejusmodi
361 2756 604 2796 conveniunt
622 2757 661 2796 et
677 2759 862 2808 argutula
878 2759 1009 2800 doctae
1029 2762 1280 2809 Alexandriae
1300 2766 1432 2805 subti-

146 2815 236 2855 litas
253 2816 292 2854 et
310 2813 524 2863 industria,
542 2814 738 2854 Milesium
756 2827 876 2867 vero,
898 2818 969 2867 qui
984 2829 1116 2869 neque
1135 2822 1353 2872 compilare
1373 2835 1440 2864 ne-

148 2883 227 2922 que
252 2871 466 2922 crepundia
485 2873 620 2923 nosset
635 2872 837 2913 otiosioris
859 2875 936 2914 aevi
968 2875 1166 2928 digerere,
1186 2879 1236 2919 ab
1254 2880 1330 2920 isto
1349 2882 1440 2921 lite-

148 2940 283 2969 rarum
305 2930 488 2970 instituto
520 2931 681 2980 penitus
706 2929 958 2974 abhorruisse
983 2934 1206 2987 intelligat?
1233 2954 1258 2974 »
1280 2961 1333 2968 -
1360 2941 1440 2988 Qui

147 2998 240 3027 vero
267 2987 413 3027 fuerint
435 2988 630 3038 ἀρχαῖοι
660 2988 725 3028 isti
755 2990 983 3042 μυθολόγοι,
1012 3004 1184 3044 quorum
1202 2998 1442 3038 auctoritate

150 3055 269 3084 suam·
278 3045 329 3085 de
346 3044 634 3094 Amazonibus,
662 3046 818 3086 Baccho
831 3048 909 3087 etc.
927 3049 1148 3091 doctrinam
1163 3055 1442 3101 commendare

150 3102 322 3153 studuit,
349 3102 390 3143 id
415 3103 542 3154 liquet
568 3114 618 3143 ex
643 3104 820 3144 Diodoro
847 3108 927 3157 1v,
955 3111 1002 3148 77
1027 3125 1036 3148 ι
1067 3111 1143 3150 Τὸν
1162 3111 1195 3150 δ’
1226 3111 1294 3152 οὖν
1320 3115 1438 3154 Λίνον

86 3165 89 3169 ’
143 3161 242 3210 φασὶ
256 3165 334 3206 τοῖς
360 3162 616 3212 Πελασγικοῖς
631 3162 832 3214 γράμμασι
862 3165 1140 3217 συνταξάμενον
1157 3169 1224 3213 τὰς
1241 3174 1310 3210 τοῦ
1329 3172 1439 3223 πρώ-

118 3232 136 3242 “
148 3231 216 3258 του
239 3219 426 3258 Διονύσου
441 3219 591 3270 πράξεις
610 3222 675 3259 καὶ
690 3221 759 3267 τὰς
779 3222 894 3267 ἄλλας
914 3225 1141 3276 μυθολογίας
1168 3227 1370 3269 ἀπολιπεῖν
1395 3231 1434 3270 ἐν

65 3288 71 3290 ”
149 3280 227 3322 τοῖς
258 3277 546 3328 Ὺπομνήμασν.
575 3278 746 3328 Ὁμοίως
769 3280 810 3319 δὲ
838 3281 986 3327 τούτοις
1017 3284 1234 3334 χρήσασθαι
1253 3291 1332 3332 τοῖς
1359 3290 1441 3328 Πε·

149 3334 344 3384 λασγικοῖς
361 3335 558 3386 γράμμασι
583 3337 649 3375 τὸν
669 3337 814 3388 Ὀρφέα
829 3339 896 3378 καὶ
924 3341 1168 3392 Προναπίδην
1183 3346 1248 3385 τὸν
1264 3347 1438 3398 Ὁμήρου

152 3394 404 3444 διδάσκαλον,
425 3395 541 3444 εὐφυῆ
561 3396 747 3447 γεγονότα
767 3399 994 3448 μελοποιόν·
1015 3402 1106 3453 πρὸς
1137 3404 1176 3442 δὲ
1195 3406 1342 3452 τούτοις
1359 3410 1438 3448 Θυ-

153 3451 283 3500 μοίτην
298 3453 362 3492 τὸν
380 3453 573 3504 Θυμοίτου
588 3458 657 3493 τοῦ
681 3456 946 3506 Λαομέδοντος
958 3487 970 3507 ,
991 3460 1091 3499 κατὰ
1111 3462 1179 3508 τὴν
1205 3464 1356 3510 ἡλικίαν
1375 3478 1440 3515 γε·

86 3545 91 3549 .
152 3509 288 3558 γονότα
302 3511 370 3558 τὴν
387 3511 549 3563 Ὀρφέως
564 3540 576 3560 ,
591 3513 827 3561 πλανηθῆναι
849 3515 951 3554 κατὰ
966 3518 1128 3564 πολλοὺς
1144 3519 1284 3567 τόπους
1304 3527 1370 3570 τῆς
1387 3525 1442 3562 οἱ-

152 3567 358 3618 κουμένης,
386 3569 454 3607 καὶ
484 3570 718 3620 παραὸαλεῖν
747 3575 813 3618 τῆς
839 3573 987 3620 Λιὸύης
1011 3576 1063 3619 εἰς
1080 3577 1147 3623 τήν
1167 3579 1258 3628 πρὸς
1274 3581 1437 3631 ἑσπέραν

153 3624 280 3676 χώραν
297 3624 382 3676 [τῆς
398 3626 635 3678 οἰκουμένης]
664 3628 734 3673 ἕως
750 3629 938 3669 Ὠκεανοῦ
952 3642 961 3651 ·
984 3632 1194 3674 θεάσασθαι
1223 3637 1263 3675 δὲ
1282 3638 1348 3676 καὶ
1371 3639 1440 3686 τὴν

153 3682 358 3731 Νῦσαν,ἐν
381 3682 406 3733 ἦ
434 3685 710 3734 μυθολογοῦσιν
729 3688 766 3725 οἱ
795 3687 974 3739 ἐγχώριοι
993 3689 1146 3741 ἀρχαῖοι
1162 3698 1346 3744 τραφῆναι
1375 3696 1440 3734 τὸν

156 3737 362 3789 Διόνυσον,
386 3741 453 3778 καὶ
480 3740 547 3785 τὰς
570 3741 672 3780 κατὰ
698 3742 809 3792 μέρος
830 3748 901 3783 τοῦ
924 3746 1010 3785 θεοῦ
1032 3748 1170 3787 τούτου
1197 3750 1345 3802 πράξεις
1363 3767 1440 3804 μα-

155 3794 268 3834 θόντα
284 3796 388 3847 παρὰ
404 3801 482 3836 τῶν
504 3799 692 3838 Νυσαέων
714 3801 980 3846 συντάξασθαι
999 3805 1068 3851 τὴν
1094 3808 1266 3857 Φρυγίαν
1296 3810 1440 3861 ὀνομα-

155 3853 310 3902 ζομένην
328 3853 484 3901 ποίησιν
497 3884 508 3903 ,
523 3855 720 3907 ἀρχαϊκῶς
738 3862 786 3908 τῇ
801 3872 842 3898 τε
862 3860 1048 3912 διαλέκτῳ
1067 3865 1134 3903 καὶ
1149 3869 1227 3911 τοῖς
1241 3867 1440 3919 γράμμασι

155 3908 409 3960 χρησάμενον.
438 3911 589 3951 Deinde
619 3914 837 3955 secundum
867 3917 1106 3968 Thymoeten
1131 3922 1257 3963 istum
1295 3927 1439 3967 Bacchi

156 3966 326 4006 Africani
341 3967 505 4008 historia
519 3971 707 4010 narratur
721 3972 935 4014 uberrime.

207 4021 299 4074 (***)
326 4027 385 4064 Ne
413 4025 566 4066 haereas
592 4027 636 4067 in
650 4038 749 4068 voce
765 4030 957 4082 ἱστορικός
987 4031 1037 4073 de
1052 4034 1221 4076 fabulari
1250 4042 1439 4091 usurpata

155 4082 404 4130 argumento.
434 4097 455 4133 ςι
483 4084 649 4124 Veteres
672 4085 747 4136 ipsi
765 4087 942 4130 fabulam
966 4090 1017 4130 ab
1046 4092 1210 4134 historia
1232 4098 1342 4138 nullo
1365 4099 1439 4140 nisi

157 4135 308 4234 zlirigigrii
321 4137 383 4178 sui
394 4137 619 4182 discrimine
634 4138 927 4194 disjunxerunt.
949 4163 970 4184 »
987 4149 1179 4192 Nitzsclz.
1197 4154 1297 4194 [list.
1319 4158 1437 4197 Hom.

187 4222 198 4241 ‚
267 4224 278 4234 .

1511 389 1824 452 omnibusque
1881 391 1982 431 noti
2048 400 2208 446 erant,
2269 396 2588 453 componitur.
2647 399 2795 443 Verba

1510 462 1617 496 sunt
1667 468 1676 496 :
1735 452 1818 498 ‘ssv
1865 451 1877 515 (
1916 453 2115 497 deorum
2167 456 2465 521 Graecorum)
2505 459 2600 512 τοὺς
2637 463 2795 525 ἄρρενι·

1509 521 1607 576 κοὺς
1638 522 1713 570 καὶ
1759 522 1966 580 θηλυκοὺς
1998 522 2158 589 ἔρωτας
2196 527 2233 571 εἰ
2270 528 2670 594 ἀναριθμησαίμην,
2709 552 2796 594 μα·

1511 593 1610 658 κρὸς
1635 598 1736 656 ἡμῖν
1761 594 1884 642 ἔσται
1909 599 1931 642 ὃ
1955 599 2030 653 τῆς
2051 597 2358 660 παρεκὸάσεως
2378 599 2519 663 λόγος·
2558 604 2729 666 ἀρκέσει
2754 604 2798 652 δὲ

1510 673 1596 720 τοῖς
1617 671 1756 714 ταῦτα
1777 669 1937 731 γνῶναι
1962 667 2180 716 ἐθέλουσιν
2215 673 2238 716 ὃ
2279 670 2591 735 Ἀριστοτέλους
2631 677 2800 728 Πέπλος

1510 738 1584 785 καὶ
1610 737 1817 786 Διονύσου
1853 740 1969 802 (scr.
1998 740 2237 804 Διονυσίου)
2261 743 2478 807 Στέφανος
2502 745 2575 791 καὶ
2600 745 2799 809 Ῥηγίνου

1511 814 1533 858 ὃ
1557 810 1866 874 Πολυμνήμων
1880 811 1955 860 καὶ
1979 815 2064 860 τῶν
2085 811 2286 861 τοιούτων
2307 814 2356 861 τὸ
2375 816 2549 872 πλῆθος.

1576 887 1648 929 De
1689 894 1820 930 aetate
1858 888 2070 947 Dionysii
2116 898 2162 932 et
2214 888 2274 933 de
2323 889 2483 935 indole
2524 891 2651 950 Cycli
2695 893 2802 936 vide

1511 965 1671 1002 notam
1697 957 1757 1002 ad
1777 958 1942 1019 fragm.
1980 975 2062 1015 10,
2098 975 2149 1019 p.
2203 975 2279 1004 10.
2320 988 2378 995 —
2415 964 2572 1007 Varias
2595 964 2803 1007 virorum

1514 1029 1765 1073 doctorum
1806 1033 2055 1076 sententias
2095 1033 2286 1093 collegit
2317 1035 2553 1079 Welcker.
2598 1037 2629 1079 l.
2679 1038 2710 1079 l.
2750 1053 2801 1095 p.

1515 1106 1610 1161 429
1631 1117 1732 1161 sqq.

2025 1242 2292 1261 dm*-

1570 1384 2054 1458 DIONYSIUS
2105 1389 2747 1465 MYTILENAEUS.

1888 1552 2429 1605 ΑΡΓΟΝΑΥΤΙΚΑ.

1969 1710 2146 1755 LIBER
2169 1712 2411 1759 PRIMUS,

2146 1863 2164 1890 1
2177 1884 2180 1889 .

1581 1979 1740 2026 Schol.
1770 1985 1994 2043 Apollon.
2030 1988 2122 2032 Rh.
2154 1987 2204 2047 I,
2245 1991 2400 2052 1289:
2425 1994 2643 2049 Διονύσιος
2678 2000 2699 2043 ὁ
2724 2001 2811 2047 Μι-

1514 2053 1797 2109 τυληναῖος
1817 2057 2196 2118 συμπεπλευκέναι
2216 2061 2320 2126 φησὶ
2346 2062 2418 2110 τὸν
2448 2065 2572 2130 ἥρωα
2604 2069 2811 2131 (Hercu—

1514 2126 1630 2188 lem)
1666 2132 1751 2179 τοῖς
1775 2131 2021 2190 ἀριστεῦσιν
2048 2129 2127 2184 ἕως
2153 2131 2353 2197 Κόλχων,
2379 2136 2453 2183 καὶ
2475 2139 2562 2193 τοῖς
2583 2141 2679 2206 περὶ
2707 2144 2811 2201 Μή-

1516 2196 1632 2243 δειαν
1658 2200 2019 2265 συμπεπραχέναι
2043 2206 2104 2268 τῷ
2127 2203 2304 2252 Ἰάσονι.
2331 2205 2522 2270 Ὁμοίως
2545 2212 2619 2260 καὶ
2650 2217 2808 2278 Δημά-

1517 2287 1656 2333 ρατος.

1581 2345 1864 2402 Apollodor.
1890 2345 1940 2403 l,
1964 2363 2014 2407 9,
2040 2364 2124 2409 19,
2141 2366 2179 2406 ‚7
2206 2367 2216 2394 ε
2244 2343 2506 2415 Δημάρατος
2531 2355 2574 2403 δὲ
2601 2359 2727 2406 αὐτὸν
2751 2364 2810 2415 εἷς

1515 2413 1712 2478 Κόλχους
1735 2417 2022 2465 πεπλευκέναι
2044 2419 2287 2485 παρέδωκε.
2309 2424 2528 2481 Διονύσιος
2545 2428 2621 2491 μὲν
2637 2431 2721 2498 γὰρ
2740 2436 2814 2482 αὗ-

1513 2484 1586 2532 τὸν
1605 2485 1679 2532 καὶ
1699 2487 1891 2551 ἡγεμόνα
1910 2490 2015 2554 φησὶ
2035 2494 2118 2538 τῶν
2140 2493 2432 2558 Ἀργοναυτῶν
2451 2499 2664 2561 γενέσθαι.

1580 2562 1943 2624 Βεῐηῐιῐειῐιωγβῃ
1962 2565 2365 2632 Τραγῳδουμένοις)
2390 2588 2491 2617 rem
2513 2575 2812 2626 adornaverit

1514 2641 1567 2676 ut
1587 2631 1627 2676 T
1630 2634 1864 2679 heocritus
1882 2638 2023 2694 XIII,
2061 2638 2119 2695 75
2134 2673 2147 2695 ,
2168 2641 2251 2684 ubi
2278 2640 2498 2690 Hercules
2515 2659 2622 2706 post
2643 2652 2810 2710 Hylam

1514 2705 1737 2773 ainissumae
1760 2722 1786 2752 e
1822 2710 1968 2768 Mysia
2003 2711 2144 2776 πεσδᾷ
2193 2713 2235 2765 ἐς
2278 2712 2462 2779 Κόλχως
2497 2715 2627 2766 ἵκετο.
2668 2726 2809 2783 Apud

1513 2777 1780 2823 Diodorum
1798 2782 1878 2836 IV,
1906 2786 1964 2834 44
1982 2816 1995 2838 ,
2017 2781 2065 2843 5,
2092 2800 2194 2843 quae
2211 2786 2269 2831 de
2291 2789 2412 2848 Hyla
2424 2799 2470 2834 et
2489 2794 2690 2841 Hercule
2706 2813 2811 2842 nar-

1514 2858 1694 2907 rantur,
1729 2861 1950 2912 tanquam
1980 2858 2320 2903 nonnullorum
2345 2866 2570 2910 sententia
2593 2868 2810 2928 interpo—

1513 2931 1690 2968 nuntur
1712 2923 1796 2985 (sc.
1829 2940 1887 2969 ex
1919 2927 2146 2986 Dionysio
2170 2939 2283 2975 vett.
2309 2934 2676 2997 mythographos
2704 2943 2807 2986 lau-

1515 2994 1702 3056 dante).
1736 2994 1869 3041 Idem
1893 3013 2001 3042 cum
2030 3002 2294 3060 Mytilenaeo
2320 3008 2496 3066 optime
2519 3015 2809 3060 consentiens

1515 3083 1617 3127 cap.
1658 3074 1737 3125 41,
1776 3069 1802 3114 3
1843 3068 1991 3122 ιΤοὺς
2013 3062 2085 3117 οῧν
2122 3073 2307 3136 ἀριστεῖς
2330 3078 2606 3135 συνελθόντας
2638 3083 2808 3131 ἑλέσθαι

1515 3141 1632 3204 σφῶν
1661 3140 1800 3187 αὐτῶν
1836 3142 2077 3206 στρατηγὸν
2103 3142 2351 3210 Ἡρακλέα,
2377 3151 2690 3216 προκρίναντας
2712 3159 2806 3203 κατ’

1515 3210 1727 3277 ἀνδρείαν.
1763 3215 1977 3261 Ceterum
1999 3218 2097 3263 haec
2133 3222 2290 3267 omnia
2320 3238 2347 3268 a
2382 3226 2532 3284 prisca
2557 3230 2808 3276 traditione

1513 3286 1662 3331 aliena
1680 3278 1800 3331 s'unt.

2135 3422 2180 3451 2.

1580 3513 1736 3557 Schol.
1752 3515 1910 3573 Apoll.
1931 3517 2023 3560 Rh.
2045 3514 2084 3573 Ι,
2101 3516 2178 3574 54,
2192 3517 2480 3584 Ἀμφιρύσοιο
2500 3542 2510 3569 :
2531 3525 2573 3587 [ὁ
2592 3523 2635 3571 δὲ
2646 3495 2801 3591 ’Anisa'-

1516 3599 1638 3645 ρυσος
1661 3583 1854 3646 ποταμὸς
1877 3586 2166 3656 Θεσσαλίας]
2182 3590 2392 3656 γράφεται
2412 3594 2486 3642 καὶ
2509 3597 2801 3664 [Ἀμὸίρυσος]

1516 3653 1586 3701 διὰ
1610 3659 1682 3701 τοῦ
1712 3658 1769 3719 β,
1797 3658 1854 3710 ὡς
1878 3657 2112 3714 Διονύσιος.

1579 3729 1731 3774 Verba
1756 3731 1890 3775 uncis
1926 3733 2103 3779 inclusa
2126 3744 2173 3800 et
2202 3736 2278 3780 hic
2313 3745 2360 3782 et
2388 3739 2438 3783 in
2469 3756 2597 3801 seqq.
2634 3744 2796 3804 fragm.

1514 3815 1540 3844 e
1564 3799 1728 3844 codice
1749 3803 1891 3847 Paris.
1931 3804 2157 3852 advocata
2180 3818 2303 3864 sunt,
2336 3810 2386 3854 in
2410 3826 2504 3870 quo
2528 3813 2575 3857 h.
2611 3815 2643 3858 l.
2675 3818 2802 3863 abest

1514 3873 1689 3916 mentio
1712 3863 1943 3934 Dionysii.-

1579 4061 1712 4107 Idem
1738 4064 1813 4125 11,
1835 4079 1926 4122 207
1961 4082 1978 4110 τ
2006 4066 2224 4121 Διονύσιος
2251 4069 2289 4114 δ’
2313 4071 2355 4115 ἐν
2388 4071 2472 4123 τοῖς
2503 4071 2798 4135 Ἀργοναύταις

1514 4131 1643 4197 φησὶν
1667 4133 1939 4196 ἀναιρεθῆναι
1971 4136 2045 4184 τὸν
2068 4138 2208 4186 Φινέα
2234 4139 2314 4186 ὑπὸ
2335 4139 2618 4204 Ἡρακλέους,
2641 4147 2810 4204 ἰδόντος-

1513 4202 1607 4264 τοὺς
1642 4203 1868 4269 [Φινέως]
1905 4210 2062 4263 παῖδας
2093 4211 2135 4256 ἐν
2173 4210 2356 4275 ἐρημίᾳ,
2382 4212 2461 4260 καὶ.
2491 4215 2697 4276 μαθόντος
2730 4219 2798 4269 ὅτι
