3016 4628
231 319 242 326 ν
272 295 366 340 246

267 472 445 514 tionem
478 480 663 527 movet,
693 472 826 532 quod
855 482 1024 532 praeter
1052 473 1242 519 Suidam
1273 490 1412 519 nemo
1440 477 1560 519 ullus

266 542 402 601 hujus
441 544 693 589 Aristarchi
735 547 1022 592 mentionem
1057 539 1191 600 facit;
1238 562 1324 591 nec
1359 547 1558 591 multum
1585 580 1587 584 Α

266 613 429 663 absum
453 617 570 676 quin
592 617 793 677 probem
823 619 1134 679 suspicionem
1158 620 1191 663 F
1194 619 1317 663 uhrii
1337 618 1404 678 (p.
1426 618 1502 680 60)
1545 636 1554 662 :

266 707 284 726 «ι
308 688 549 746 Ejusmodi
564 691 917 751 grammaticum
929 728 941 747 ,
961 680 1023 735 ait
1036 725 1048 746 ,
1071 691 1290 735 exstitisse
1306 692 1341 734 si
1359 691 1462 750 quis
1478 707 1559 735 ne-

265 769 396 819 garet
403 769 450 807 et
457 761 646 807 Suidam
656 763 789 822 quod
797 763 994 822 protulit
1005 758 1342 821 Λακεδαιμόνιος
1353 771 1397 806 et
1407 762 1559 824 ἀκροα-

264 829 341 887 τὴς
366 831 650 898 Ἀριστάρχου
689 837 882 880 omnino
911 834 1094 879 finxisse
1128 843 1370 890 statueret,
1407 836 1559 894 prima

267 905 461 964 quidem
483 909 932 968 specie-temeritatis
960 909 1137 951 crimen
1163 907 1354 952 subiret.
1392 910 1452 951 At
1484 907 1561 951 de-

267 981 516 1024 monstrari
550 979 739 1024 fortasse
779 982 957 1039 potest,
1002 982 1084 1038 qui
1121 979 1294 1024 factum
1333 978 1472 1023 fuerit
1507 987 1560 1022 ut

267 1050 432 1096 Suidas
451 1051 511 1096 de
533 1054 837 1112 grammatico
861 1053 1151 1107 Dicaearcho,
1171 1066 1322 1110 eoque
1350 1051 1561 1097 Lacedae-

266 1124 430 1168 monio
446 1133 492 1168 et
502 1124 756 1169 Aristarchi
771 1123 1001 1182 discipulo
1012 1123 1254 1182 cogitaret.
1267 1116 1562 1168 Dicaearchus

265 1196 515 1241 Messenius
555 1197 845 1256 aliquantum
886 1196 1111 1254 temporis
1148 1196 1197 1238 in
1235 1196 1560 1255 Peloponneso

267 1268 280 1327 (
299 1269 397 1315 Cic.
419 1269 493 1314 Ad
513 1271 608 1314 Att.
635 1271 696 1315 VI
713 1302 725 1324 ,
749 1283 774 1312 2
794 1269 807 1329 )
828 1277 871 1312 et
888 1302 899 1323 ,
919 1268 968 1313 id
985 1268 1118 1328 quod
1134 1283 1279 1327 quum
1298 1283 1384 1327 per
1400 1284 1446 1313 se
1464 1278 1561 1312 tum

265 1339 375 1384 ideo
400 1340 532 1399 quod
560 1341 791 1385 civitatem
813 1341 1086 1398 Spartanam
1106 1334 1410 1399 descripserat
1430 1341 1558 1384 colli-

266 1426 376 1471 gere
408 1413 517 1457 licet
532 1447 545 1472 ‚
571 1410 709 1457 etiam
733 1412 905 1472 Spartae
925 1413 1103 1456 vixerat
1121 1412 1307 1471 ibique,
1336 1411 1563 1470 quemad-

267 1483 464 1528 modum
493 1487 631 1530 etiam
656 1485 752 1544 ejus
772 1485 831 1529 de
859 1483 1025 1544 Sparta
1050 1485 1170 1528 liber
1192 1485 1378 1544 publica
1398 1486 1562 1529 recita-

267 1558 397 1602 tione
417 1573 564 1617 eaque
588 1559 836 1617 quotannis
852 1556 1133 1601 instituenda
1152 1557 1319 1617 dignus
1331 1556 1563 1614 judicatus

267 1638 357 1685 est,
396 1631 582 1675 civitate
619 1632 844 1690 Spartana
882 1630 1081 1674 donatus
1119 1629 1311 1673 fortasse
1352 1629 1503 1673 suerat
1548 1646 1558 1672 :

266 1702 393 1747 unde
417 1701 757 1763 Λακεδαιμόνιος
774 1703 1000 1762 appellari
1019 1703 1191 1762 potuit.
1214 1701 1363 1760 Quam
1381 1704 1564 1763 egregie

266 1784 420 1819 autem
457 1778 764 1837 γραμματικοῦ
803 1790 1068 1835 cognomen
1105 1774 1166 1818 ad
1201 1775 1562 1833 Peripateticum

268 1848 488 1906 quadret,
519 1864 576 1893 ex
596 1850 739 1893 literis
763 1848 859 1906 ejus
883 1858 927 1892 et
949 1848 1112 1892 studiis
1140 1849 1244 1891 satis
1266 1848 1563 1907 perspicuum

266 1930 346 1966 est.
379 1922 572 1966 Accedit
607 1922 739 1981 quod
775 1921 939 1966 Suidas
973 1930 1186 1965 nostrum
1211 1920 1557 1976 Dicaearchum,

267 2008 362 2050 quo
390 1993 496 2036 loco
524 1992 582 2036 de
616 2008 672 2036 eo
709 1993 852 2037 verba
884 1991 1018 2048 facit,
1045 1993 1126 2035 illo
1159 1992 1440 2051 cognomine
1464 2007 1563 2034 non

231 2064 234 2066 ’
266 2064 436 2109 affecit.
479 2066 733 2109 Aristarchi
760 2074 913 2110 autem
952 2065 1219 2108 auditorem
1255 2079 1357 2107 eam
1385 2065 1563 2122 potissi-

265 2153 392 2181 mum
419 2138 481 2181 ob
508 2153 689 2182 causam
724 2139 928 2182 statuisse
953 2136 1155 2191 videtur,
1194 2134 1325 2194 quod
1359 2135 1564 2179 Dicaear-

265 2211 377 2254 chus
395 2232 461 2243 —-
483 2220 640 2254 utrum
662 2219 817 2254 autem
837 2210 894 2261 ὡς
919 2209 962 2253 ἐν
989 2205 1167 2271 παρόδῳ
1193 2223 1252 2252 an
1273 2222 1329 2251 ex
1350 2206 1562 2266 professo

263 2282 313 2326 id
338 2283 499 2326 fecerit
522 2297 620 2326 non
656 2282 872 2326 discerno
903 2308 966 2314 -—
993 2281 1164 2324 criticae
1198 2287 1440 2323 contextus
1465 2281 1562 2323 Ho—

263 2357 428 2399 merici
453 2356 714 2399 recensioni
739 2354 986 2399 studuerit.
1013 2353 1071 2397 Id
1107 2354 1231 2397 enim
1256 2353 1406 2396 solum
1431 2352 1562 2411 quod

262 2429 554 2472 Dicaearchus
570 2428 819 2472 lectionem
835 2426 1085 2486 proposuit
1104 2417 1182 2469 vel*
1199 2423 1560 2481 commendavit,

264 2513 403 2558 quam
420 2500 710 2545 Aristarchus
726 2499 898 2545 deinde
919 2498 1269 2558 comprobavit,
1294 2497 1354 2541 ad
1373 2496 1562 2540 creden-

264 2572 377 2616 dum
395 2587 691 2617 commovere
711 2573 790 2616 vix
813 2573 994 2631 potuit,
1019 2570 1274 2614 Aristarchi
1298 2568 1560 2613 auditorem

263 2645 395 2687 illum
432 2644 582 2691 fuisse.
622 2646 678 2688 In
716 2646 814 2688 aliis
853 2644 1056 2703 denique
1093 2642 1363 2686 nominibus
1398 2641 1562 2686 Suidas

263 2718 471 2761 similiter
506 2733 562 2761 ex
587 2733 682 2760 uno
718 2717 836 2761 duos
872 2716 1027 2761 effecit
1056 2717 1324 2775 scriptores.
1364 2736 1381 2754 υ
1413 2715 1561 2759 Simili

265 2790 408 2833 modo
425 2790 604 2847 judicat
620 2791 827 2834 Osannus
851 2791 879 2834 l.
905 2791 934 2836 l.
967 2806 982 2833 1
999 2806 1053 2846 17
1076 2805 1144 2848 sq.

331 2863 431 2905 Jam
452 2878 566 2907 vero
594 2864 768 2907 etiamsi
799 2878 887 2922 pro
914 2871 1042 2907 certo
1063 2877 1295 2922 ponamus
1327 2862 1561 2905 Aristote—

271 2931 406 2977 licum
441 2935 757 2978 Dicaearchum
787 2928 856 2979 'ab
900 2934 1161 2995 Apollonio
1200 2934 1427 2995 spectari,
1462 2933 1555 2976 hoc

266 3015 422 3050 tamen
466 3008 695 3051 incertum
733 3017 911 3063 manet,
953 3017 1114 3052 utrum
1150 3007 1379 3067 peculiari
1415 3020 1559 3064 opere

271 3079 517 3123 Homerica
548 3095 628 3123 sua
666 3079 944 3139 protulerit,
986 3097 1045 3124 an
1075 3096 1162 3140 per
1203 3080 1381 3138 reliqua
1416 3092 1559 3137 opera

266 3149 487 3208 dispersa.
526 3151 649 3194 Nihil
674 3152 928 3210 profeceris
961 3169 986 3197 e
1020 3152 1274 3199 Plutalcho
1299 3153 1407 3196 Non
1426 3164 1559 3209 posse

266 3236 390 3265 suav.
418 3223 509 3265 vivi
530 3238 578 3281 p.
610 3222 748 3282 1095,
771 3226 845 3267 A.
867 3224 932 3271 Οὐ
947 3222 1039 3313 γὰρ
1059 3243 1110 3281 αν
1132 3224 1313 3280 ἐπῆλθεν
1337 3221 1481 3273 αὐτοῖς
1502 3221 1560 3271 εἰς

267 3295 362 3336 νοῑν
396 3292 604 3353 βαλέσθαι
635 3292 710 3347 τὰς
748 3294 925 3382 τυφλὰςω
942 3295 1106 3349 ἐκείνας
1137 3314 1210 3342 και
1246 3293 1385 3347 νωδὰς
1415 3293 1559 3357 ψηλα-

268 3364 417 3427 φήσεις
444 3384 519 3412 και
548 3366 828 3424 ἐπιπηδήσεις
851 3371 925 3414 τοῦ
963 3367 1207 3415 ἀκολάστου
1234 3364 1555 3429 μεμαθηκόσιν,

266 3439 301 3482 εἰ
321 3435 453 3498 μηδὲν
479 3437 606 3497 ἄλλο,
631 3438 808 3504 γράφειν
834 3459 931 3505 περι
951 3439 1148 3507 Ὁμήρου
1165 3459 1239 3487 και
1257 3458 1356 3504 περι
1381 3436 1559 3503 Εὐριπί-

273 3524 2921 3549 -—--—--——--—--—-—-—-——-—-——-————-—-—-——·

856 3596 910 3636 33
931 3606 971 3636 a.

317 3675 582 3724 Reprehendit
603 3676 858 3715 Dicaearchus
876 3677 1092 3726 Penelopen
1106 3707 1116 3725 ‚
1139 3677 1266 3726 qualis
1286 3677 1389 3727 apud
1411 3679 1559 3716 Home-

266 3750 357 3777 rum
374 3739 433 3777 est
445 3769 455 3786 ‚
474 3740 635 3789 propter
656 3749 793 3778 versus
810 3740 927 3778 hosce
948 3750 957 3777 :

362 3817 447 3849 Haec
465 3824 555 3850 vero
574 3816 723 3859 quando
745 3815 822 3857 jam
846 3814 891 3849 ad
908 3823 1042 3858 procos
1060 3818 1208 3851 venerat
1225 3815 1349 3851 divina
1368 3815 1513 3858 mulier,

355 3871 455 3906 stetit
468 3873 574 3915 juxta
593 3873 735 3916 postem
751 3870 882 3904 domus
905 3868 1042 3904 affabre
1061 3873 1231 3913 structae,

355 3930 457 3974 genis
473 3928 727 3975 (praetendens
744 3927 867 3963 tenuia
886 3926 1123 3969 redimicula)

269 3999 305 4035 et
327 4007 416 4045 quae
449 3996 686 4045 sequuntur.
712 3993 874 4034 Minime
902 3993 1007 4033 enim
1032 3993 1239 4033 decentem
1273 3996 1313 4033 et
1341 3995 1561 4034 modestam

269 4060 364 4098 «licit
391 4071 432 4098 se
456 4058 676 4108 Penelopen
701 4057 898 4108 praebere,
921 4057 1067 4107 quippe
1090 4067 1181 4106 quae
1205 4058 1380 4106 primum
1400 4057 1562 4108 quidem

270 4125 318 4162 ad
340 4124 441 4163 anim
461 4125 616 4174 portam
643 4124 810 4174 juvenes
826 4122 1058 4170 conveniat,
1076 4121 1218 4161 deinde
1242 4123 1376 4162 autem
1394 4124 1481 4162 velo
1501 4134 1564 4163 ve·

274 4188 538 4228 mistissiuiam
572 4188 681 4227 faciei
711 4188 863 4237 partem
894 4186 1076 4236 obtegat,
1097 4185 1312 4235 oculosque
1335 4187 1438 4225 solos
1461 4186 1563 4226 sinat

1178 271 1181 273 ’
1250 293 1620 343 mCAEARcffl·
1655 294 1945 345 MESSENH

269 398 570 453 daemonium,
587 397 865 459 discipulum
883 401 1136 445 Aristarchi
1150 435 1162 457 ,
1182 417 1346 446 verum
1371 402 1560 447 dubita-
1636 403 1709 449 δου
1725 405 1816 464 ,ὡς
1834 402 2129 487 Ἀριστοτέλης
2148 422 2220 451 και
2239 403 2294 451 Η
2300 402 2550 468 ρακλειδης
2548 422 2623 451 και
2642 404 2945 471 Δικαίαρχος.
2940 383 2949 393 Γ

1635 478 1702 521 Ex
1719 478 1790 522 his
1819 479 1942 522 enim
1962 493 2060 522 non
2080 479 2228 540 liquet
2261 493 2376 522 num
2391 486 2592 540 uterque
2611 480 2794 538 titulus,
2823 477 2931 546 περὶ

1635 545 1834 611 Ὁμήρου
1860 534 1941 595 καὶ
1979 547 2078 613 περὶ
2117 547 2382 612 Ευριπίδου,
2408 565 2469 594 an
2509 550 2628 595 alter
2653 558 2834 596 tantum
2865 543 2949 604 ada,

1633 623 1852 666 Nostrum
1876 624 2120 682 pertineat.
2918 613 2955 684 ᾗ

2216 731 2273 775 33
2301 748 2344 776 a.
2932 690 2950 736 ’

1701 845 1856 891 Schol.
1885 847 2026 889 Hom.
2059 844 2151 890 Od.
2179 863 2234 901 α,
2264 844 2354 889 333
2381 861 2406 890 e
2431 846 2538 890 cod.
2567 847 2698 891 Harl.
2727 844 2854 904 5674
2878 820 2950 892 ine

1635 914 1844 960 Crameri
1877 916 2057 963 Anecd.
2081 918 2222 962 Paris.
2259 918 2354 973 111,
2394 933 2444 977 p.
2477 923 2611 971 422:
2639 917 2846 964 Αἷτιᾶται
2875 917 2938 966 ἐκ

1635 989 1718 1033 τῶν
1747 988 1863 1032 ἐπων
1891 985 2053 1034 τούτων
2088 986 2352 1052 Δικαίαρχος
2374 986 2452 1044 τὴν
2477 990 2582 1052 παρ’
2611 986 2799 1054 ‘Op-,5909
2822 990 2949 1048 nvp*
2996 984 3003 1047 3

1635 1059 1842 1116 νελόπην·
2997 1064 3003 1086 1

1737 1159 1787 1199 ‘H
1804 1159 1836 1198 δ’
1854 1158 1917 1198 ὅτε
1937 1159 1983 1206 δὴ
2008 1163 2225 1211 μνηστῆρας
2245 1160 2401 1230 ἀφίκετο
2423 1161 2488 1201 δῖα
2506 1162 2726 1212 γυκαικῶν,

1738 1222 1810 1264 στῆ
1833 1218 1880 1268 ῥα
1900 1217 2006 1266 παρὰ
2025 1219 2195 1268 σταθμὸν
2214 1219 2343 1264 τέγεος
2359 1209 2472 1258 πύκα
2490 1222 2668 1266 ποιητοῖο

1739 1276 1833 1314 ἄντα
1852 1275 2047 1326 παρειάων

2944 1344 2946 1350 ,
2998 1323 3006 1347 i

1637 1361 1710 1408 καὶ
1753 1359 1807 1407 τὰ
1833 1359 1942 1419 ἑξῆς.
1976 1361 2196 1423 Οὐδαμῶς
2219 1360 2303 1426 γὰρ
2327 1359 2535 1408 εὔτακτον
2571 1353 2680 1408 εἷναί
2714 1379 2820 1423 φησι
2852 1359 2953 1421 'div-'j

1641 1432 1900 1493 Πηνελόπην
1931 1436 2084 1498 πρῶτα
2107 1433 2185 1496 μὲν
2203 1432 2268 1480 ὅτι
2292 1432 2400 1498 πρὸς
2428 1432 2506 1491 τὴν
2533 1433 2664 1498 θύραν
2692 1436 2770 1492 τῆς
2793 1435 2952 1499 αὐλῆς·

1637 1505 1921 1570 παραγίνεται
1946 1505 2207 1568 νεανίσκοις,
2234 1505 2384 1553 ἔπειτα
2408 1509 2472 1572 τῷ
2495 1505 2726 1572 κρηδέμνῳ
2746 1500 2802 1554 τὰ
2823 1506 2931 1556 κάλ·

1637 1580 1764 1626 λιστα
1790 1577 1902 1644 μέρη
1921 1582 1995 1625 τοῦ
2021 1577 2253 1642 προσώπου
2279 1577 2540 1644 καλύψασα,
2569 1577 2666 1632 τοὺς
2687 1577 2939 1644 ὀφθαλμοὺς

1639 1650 1790 1714 μόνους
1804 1648 2071 1718 ἀπολε[ίπει]
2091 1653 2362 1715 θεωρεῖσθαι·
2383 1650 2604 1716 περίεργος
2613 1649 2696 1715 γὰρ
2708 1654 2737 1709 ἡ
2754 1650 2931 1710 τοιαύτη

1638 1723 1962 1790 σχηματοποιία
1991 1724 2066 1771 καὶ
2089 1723 2404 1789 προσποίητος,
2438 1722 2468 1783 ἥ
2489 1743 2536 1771 τε
2555 1742 2830 1789 παραστασις
2846 1726 2932 1772 τῶν
2998 1729 3002 1731 ’

1638 1796 1952 1888 θεραπαινίδων
1977 1795 2202 1861 ἑκάτερθεν
2228 1798 2286 1850 εἷς
2309 1796 2358 1844 τὸ
2389 1799 2485 1844 κατ’
2521 1795 2674 1862 ἐξοχὴν
2708 1815 2767 1889 (ζα
2741 1795 2933 1846 αίνεσθαι
2998 1789 3000 1792 ,

1628 1869 1799 1930 καλὴν,
1821 1872 1898 1917 οὐκ
1919 1869 2250 1928 ἀνεπιτήδευτον
2277 1869 2482 1917 δείκνυσι.
2511 1867 2673 1932 Φαμὲν
2697 1887 2771 1916 ουν
2795 1867 2862 1917 ὅτι
2883 1869 2934 1918 τὸ
3000 1913 3002 1915 ,

1638 1944 1820 1990 καθόλου
1836 1941 1960 1996 ἔθος’
1936 1948 2102 2005 αγνοεῐν
2116 1940 2248 1989 ἔοικεν
2262 1943 2284 1988 ὃ
2297 1940 2576 2006 Δικαίαρχος.
2593 1946 2939 2008 Argumentum

1638 2018 1773 2077 hujus
1796 2018 2054 2079 ‘fragmenti
2082 2026 2149 2061 est
2185 2014 2436 2075 ejusmodi,
2455 2025 2509 2061 ut
2530 2017 2580 2060 in
2599 2018 2716 2062 Vitae
2748 2017 2935 2062 Graeciae

1637 2099 1769 2151 parte
1787 2106 1840 2135 ea
1851 2124 1863 2146 ,
1880 2106 1972 2149 qua
1984 2090 2184 2134 heroicae
2201 2090 2343 2133 aetatis
2361 2104 2516 2134 mores
2528 2089 2934 2147 describebantur,

1638 2173 1743 2223 apte
1764 2163 1922 2206 locum
1944 2162 2118 2206 habere
2142 2162 2363 2221 potuerit.

1705 2235 1788 2279 His
1810 2234 2006 2292 subjicio
2030 2248 2132 2292 quae
2155 2232 2364 2277 Osannus
2388 2233 2418 2278 l.
2454 2232 2486 2276 l.
2510 2247 2561 2292 p.
2594 2231 2683 2277 118
2708 2247 2734 2277 e
2769 2232 2935 2280 codice

1638 2307 1801 2350 Italico
1826 2314 2074 2350 tractatum
2101 2306 2174 2348 De
2203 2305 2342 2364 signis
2377 2304 2632 2349 Aristarchi
2668 2306 2936 2351 continente

1639 2379 1868 2438 excerpsit
1898 2393 1908 2421 z
1936 2378 1978 2424 T
1979 2374 2031 2432 ὴν
2057 2373 2102 2422 δὲ
2119 2373 2292 2433 ποίησιν
2313 2373 2682 2438 ἀναγινώσκεσθαι
2701 2374 2812 2431 ἀξιοῖ
2831 2373 2934 2426 Ζώ-

1638 2467 1770 2513 πυρος
1790 2450 1812 2494 ὃ
1833 2447 2017 2511 Μάγνης
2037 2446 2204 2496 Αἰολίδι
2237 2445 2450 2512 διαλέκτῳ
2464 2466 2474 2475 ·
2493 2445 2543 2494 τὸ
2565 2446 2600 2494 δ’
2622 2446 2727 2509 αὐτὸ
2749 2447 2824 2495 καὶ
2855 2451 2935 2498 At·-

1639 2521 1863 2585 καίαρχος.

2040 2642 2190 2710 ΠΕΡΙ
2228 2641 2534 2688 ΑΛΚΑῘΟΥ.

1704 2761 1832 2819 Opus
1858 2761 1930 2803 De
1953 2758 2133 2813 Alcaeo,
2157 2766 2382 2816 quantum
2403 2771 2428 2800 e
2453 2756 2720 2817 fragmentis
2750 2759 2932 2820 colligi·
2995 2805 2998 2808 ,

1639 2842 1733 2888 tur,
1761 2830 2121 2875 commentarius
2144 2837 2244 2873 erat
2261 2830 2310 2871 in
2334 2829 2476 2874 Alcaei
2501 2831 2706 2874 carmina
2725 2831 2929 2891 exegeti-
2954 2889 2956 2892 ⁴

1639 2920 1719 2949 cus
1753 2903 2047 2960 criticusque.
2074 2901 2306 2945 Praemissa
2341 2899 2483 2943 fuerit
2517 2900 2576 2944 de
2603 2901 2700 2944 vita
2731 2909 2778 2945 et
2799 2901 2932 2960 poesi

1638 2977 1778 3022 Alcaei
1800 2974 2075 3018 dissertatio.

2220 3088 2322 3139 34.

1703 3220 1950 3263 Athenaeus
1968 3219 2079 3273 XV,
2118 3232 2167 3276 p.
2197 3215 2315 3272 668,
2340 3217 2422 3260 Ε·
2454 3211 2563 3265 f‘On
2588 3211 2633 3260 δὲ
2661 3213 2931 3262 ἐσπούδαστο

1636 3288 1758 3354 παρὰ
1781 3295 1867 3342 τοῖς
1894 3287 2176 3341 Σικελιώταις
2203 3289 2227 3334 ὃ
2255 3252 2490 3348 κότταὸος,
2519 3287 2692 3344 δηλον’
2673 3305 2722 3334 εκ
2749 3305 2823 3334 του
2854 3305 2929 3334 και

1637 3361 1860 3424 οικήματα
1902 3360 2125 3417 ἐπιτήδεια
2161 3378 2215 3423 τῃ
2242 3358 2395 3423 παιδιᾷ
2423 3348 2850 3422 κατασκευάζεσθαι,
2873 3359 2939 3411 ὣς-

1635 3436 1798 3499 ἱστορεῖ
1818 3431 2125 3497 Δικαίαρχος’
2105 3451 2148 3479 εν
2172 3433 2233 3497 τῷ
2262 3429 2372 3496 Περὶ
2397 3428 2612 3479 Ἀλκαίου.

1635 3573 1818 3624 spectari.
1847 3573 2028 3623 Ineptam
2044 3571 2150 3611 enim
2168 3570 2292 3610 talem
2319 3569 2479 3609 habitus
2498 3569 2824 3620 compositionem
2855 3584 2900 3604 κ-
2916 3574 2941 3604 ιὲ

1633 3638 1954 3686 affectatamque.
1973 3638 2094 3675 Porro
2110 3633 2220 3684 quod
2232 3633 2375 3673 ancilla
2389 3632 2440 3672 ab
2456 3634 2628 3683 utroque
2644 3632 2768 3673 latere
2782 3631 2912 3674 adstet

1634 3703 1742 3743 haud
1756 3702 1968 3742 minimum
1980 3711 2028 3740 eo
2040 3700 2170 3739 facere
2184 3698 2381 3747 ostendit,
2394 3699 2440 3737 ut
2452 3699 2566 3738 tanto
2581 3697 2706 3749 magis
2717 3698 2863 3738 PeneIo
2875 3714 2881 3732 ι
2901 3714 2932 3755 ¹³5·

1634 3768 1823 3807 venustas
1836 3765 2021 3805 emineat.
2036 3763 2158 3804 Nobis
2170 3763 2330 3813 ignarus
2345 3762 2482 3812 utique
2497 3772 2655 3802 morum
2671 3761 2835 3802 rationis
2854 3778 2899 3797 τυ.
2926 3768 2937 3773 ·

1634 3830 1889 3871 Dicaearchus
1907 3827 2083 3868 videtur.

2098 3892 2182 3940 DE
2219 3891 2465 3940 ALCAEO.
2933 3938 2936 3942 .

2249 3987 2321 4028 34.

1688 4059 1842 4109 Insigne
1857 4057 2036 4098 studium
2052 4056 2094 4095 in
2113 4054 2272 4095 ‘cottabi
2294 4054 2435 4094 ludum
2462 4054 2693 4094 contulisse·
2707 4052 2862 4093 Siculos
2886 4079 2905 4087 .-
2925 4057 2931 4091 ’,

1636 4134 1683 4163 eo
1714 4123 1897 4173 apparet,
1918 4119 2028 4172 quod
2054 4119 2175 4160 etiam
2196 4118 2401 4159 conclavia
2422 4118 2515 4158 huic
2534 4117 2632 4157 ludo
2651 4116 2837 4168 adaptata

1637 4188 1880 4236 struxerint,
1898 4188 1941 4226 ut
1961 4185 2212 4226 Dicoearchus
2228 4183 2348 4224 tradit
2367 4184 2407 4223 in
2424 4183 2524 4223 libro
2545 4186 2604 4223 De
2631 4182 2778 4222 Alcaeo.
