3016 4628
285 276 376 315 244

346 376 479 420 Idem
502 379 550 438 1,
579 382 633 430 41
663 393 672 426 :
703 377 992 434 Στασιάζεται
1011 379 1053 426 δὲ
1077 379 1150 427 καὶ
1177 379 1367 446 περὶτοῦ
1389 385 1572 447 ἀριθμοῦ

282 447 479 496 αὐτῶν...
503 449 766 515 Δικαίαρχος
784 450 827 498 δὲ
849 451 1059 518 τέσσαρας
1079 454 1445 518 ὁμολογουμένους
1468 459 1572 517 ἡμῖν

279 519 568 585 παραδίδωσι,
592 524 763 582 Θαλῆν,
786 524 966 584 Βίαντα,
987 525 1204 574 Πιττακὸν
1218 564 1231 588 ,
1253 526 1450 574 Σόλωνα.
1474 527 1574 576 Ἄλ-

279 594 379 646 λους
406 591 451 640 δὲ
483 594 683 658 ὀνομάζει
704 595 768 655 ἓξ,
802 589 861 644 ὧν
890 597 1146 654 ἐκλέξασθαι
1168 607 1302 665 τρεῖς,
1327 601 1575 665 Ἀριστόδη-

281 685 386 729 μον,
414 666 672 734 Πάμφιλον,
715 669 915 719 Χείλωνα
951 672 1315 734 Λακεδαιμόνιον,
1347 673 1574 722 Κλεόὸου-

280 737 307 782 λ
401 737 415 755 ³
489 739 513 766 l·
813 741 823 759 Ι
885 743 903 758 <S

310 755 353 784 ον
363 778 376 798 ,
407 743 660 806 Αναχαρσιν
672 781 683 800 ,
712 744 993 808 Περιανορον.

890 884 964 927 29.

675 984 755 1026 DE
792 982 1175 1028 PYTHAGORA.

343 1092 578 1157 Porphyr.
600 1100 689 1144 Vir.
711 1099 844 1157 Pyth.
864 1114 914 1157 p.
942 1099 1035 1151 34:
1065 1096 1191 1144 Ἐπεὶ
1214 1096 1258 1143 δὲ
1283 1100 1357 1155 τ’ῆς
1387 1098 1572 1153 Ἰταλίας

282 1165 484 1222 ἐπιὸὰς’
465 1188 508 1215 εν
551 1169 742 1233 Κρότωνι
775 1168 966 1232 ἐγένετο,
1003 1188 1131 1233 φησιν
1164 1173 1186 1216 ὃ
1212 1170 1541 1236 Δικαίαρχος,ε
1519 1192 1575 1226 ως

282 1239 431 1304 ἀνδρὸς
457 1241 717 1306 ἀφικομένου
757 1241 1038 1288 πολυπλάνου
1074 1261 1119 1288 τε
1153 1261 1227 1289 και
1260 1249 1463 1309 περιττοῦ
1499 1244 1573 1291 καὶ

279 1311 395 1360 κατὰ
413 1312 492 1370 τὴν
514 1313 624 1361 ἰδίαν
646 1314 769 1390 φύσιν
791 1313 871 1360 υπὸ
901 1333 976 1371 της
995 1313 1128 1378 τύχης
1149 1319 1195 1362 εὖ
1220 1316 1571 1380 κεχορηγημένου

283 1384 384 1446 (τήν
410 1404 456 1431 τε
477 1385 560 1450 γὰρ
579 1386 694 1433 ἰδέαν
715 1391 822 1433 εἰναι
844 1386 1078 1452 ἐλευθέριον
1096 1387 1168 1434 καὶ
1192 1389 1353 1451 μέγαν,
1377 1389 1505 1454 χάριν
1527 1409 1572 1435 τε

278 1455 486 1516 πλείστην
519 1458 593 1505 καὶ
618 1458 780 1522 κόσμον
817 1459 888 1506 ἐπί
915 1479 961 1506 τε
987 1480 1064 1517 της
1091 1478 1236 1527 φωνης
1260 1480 1334 1508 και
1355 1481 1429 1508 του
1450 1462 1572 1520 ἤθους

279 1528 354 1575 και
377 1530 448 1576 ἔπι
466 1533 550 1577 τῶν
579 1530 768 1577 ἄλλων(
746 1531 949 1578 απάντων
972 1531 1133 1596 ἔχειν),
1156 1533 1291 1587 οὕτως
1326 1535 1572 1619 διατεθῆναι

278 1601 357 1658 τὴν
394 1603 705 1667 Κροτωνιατῶν
737 1604 885 1662 πόλιν,
914 1603 1016 1651 ὥστ’
1050 1606 1143 1651 ἐπεὶ
1179 1605 1226 1652 τὸ
1258 1604 1341 1652 τῶν
1364 1605 1571 1695 γερόντων

280 1677 452 1738 ἀρχεῖον
479 1674 793 1740 ἐψυχαγώγησε
812 1676 953 1724 πολλὰ
973 1697 1046 1724 και
1078 1677 1192 1724 καλα
1220 1677 1427 1742 διαλεχθε
1422 1698 1457 1731 ις
1483 1698 1571 1732 τοις

280 1746 388 1801 νέοις
411 1747 542 1794 πάλιν
565 1747 780 1806 ἡὸητικὰς
803 1749 1038 1808 ἐποιήσατο
1057 1751 1354 1815 παραινέσεις,
1381 1751 1462 1797 ὑπὸ
1487 1754 1571 1798 τῶν

282 1821 503 1886 ἀρχόντων
541 1820 801 1874 κελευσθείς·
833 1822 943 1883 μετὰ
977 1821 1020 1869 δὲ
1049 1827 1187 1869 ταῦτα
1221 1831 1306 1877 τοῖς
1340 1823 1488 1870 παισὶν
1523 1825 1571 1870 ἐκ

279 1897 365 1940 τῶν
394 1893 704 1940 διδασκαλείων
730 1894 892 1960 ἀθρόως
924 1896 1218 1952 συνελθοῦσιν,
1245 1887 1336 1941 εἶτα
1363 1898 1458 1948 ταῖς
1493 1915 1572 1958 γυ-

277 1965 408 2021 ναιξί·
435 1965 507 2012 καὶ
533 1969 744 2028 γυναικῶν
771 1965 976 2029 σύλλογος
1001 1969 1117 2032 αὐτῷ
1146 1967 1487 2024 κατεσκευάσθη.

886 2085 962 2128 30.

541 2065 551 2091 i

345 2199 516 2243 Gellius
549 2201 686 2246 Noct,
723 2201 819 2242 Att.
850 2200 936 2255 lv,
984 2216 999 2242 1
1019 2216 1033 2242 1
1076 2217 1085 2245 :
1121 2201 1435 2261 Pythagoram
1476 2217 1574 2244 vero

279 2275 423 2329 ipsum
443 2274 578 2313 sicuti
595 2272 770 2314 celebre
790 2280 859 2313 est
879 2271 1173 2330 Euphorbum
1193 2277 1348 2331 prI'mo
1366 2270 1574 2328 seficisse

277 2344 510 2386 dictitasse
532 2359 546 2385 .·
570 2347 632 2386 ita
653 2343 753 2386 hoec
773 2348 1020 2388 remotiora
1044 2355 1153 2388 sunt
1169 2345 1265 2400 leis,
1288 2357 1394 2405 quce
1414 2345 1570 2389 Clear-

277 2416 389 2459 chus
413 2426 458 2459 et
490 2416 795 2459 Dicoearchm·
827 2422 1063 2460 memorioe
1091 2419 1401 2472 tradiderunt,
1428 2415 1574 2470 fuisse

277 2499 551 2550 eumposlea
565 2490 855 2548 Pyrandram
867 2525 877 2544 ‚
900 2491 1065 2533 deinde
1085 2491 1356 2535 Callicleam
1373 2525 1385 2547 ,
1405 2491 1577 2535 deinde

265 2561 501 2619 feminam
539 2561 740 2622 pulchra
764 2560 903 2618 facie
945 2568 1253 2618 meretricem,
1295 2568 1369 2606 cui
1406 2578 1571 2607 nomen

265 2633 434 2691 suerat
465 2637 611 2678 Alce!

331 2772 537 2811 Dissensus
558 2773 676 2811 etiam
693 2775 752 2811 est
781 2773 830 2811 de
850 2784 1018 2813 numero
1039 2774 1284 2824 sapientum.
1316 2773 1571 2813 Dicaearchus

282 2837 471 2885 quattuor
501 2837 706 2885 tamquam
737 2838 918 2876 omnium
946 2848 1140 2877 consensu
1167 2837 1271 2876 inter
1298 2848 1365 2876 eos
1395 2838 1575 2887 receptos

281 2899 430 2948 praehet
443 2929 454 2945 ,
470 2899 695 2948 Thaletem,
715 2902 895 2940 Biantem
908 2932 918 2950 ,
938 2902 1135 2941 Pittacum
1148 2931 1158 2950 ,
1193 2902 1405 2950 Solonem;
1431 2902 1575 2950 praeter

281 2965 352 3002 hos
371 2964 467 3003 alios
482 2968 556 3003 sex
564 2965 741 3005 nominat
753 2997 763 3015 ,
778 2977 828 3005 ex
844 2967 989 3016 quibus
1010 2968 1091 3007 tres
1106 2967 1360 3017 eligerentur,
1375 2965 1574 3006 Aristode-

282 3039 392 3066 mum
408 3058 419 3076 ,
435 3028 700 3078 Pamphilum,
716 3030 919 3070 Chilonem
943 3030 1283 3071 Lacedaemonium
1294 3061 1306 3081 ,
1321 3030 1573 3079 cleobulum,

283 3091 522 3131 Anacharsin
535 3122 544 3141 ,
570 3092 839 3135 Periandrum.

889 3163 960 3202 29.

335 3227 576 3276 Pythagoras
605 3228 641 3265 in
660 3229 812 3267 ltaliam
835 3230 1036 3279 profectus
1066 3231 1135 3270 ubi
1152 3232 1369 3271 crotonem
1396 3232 1574 3282 venerat,

285 3291 554 3340 (Dicaearchus
568 3291 654 3340 ait),
676 3294 811 3341 utpote
825 3293 884 3331 vir
908 3294 977 3342 qui
994 3294 1033 3332 in
1055 3294 1264 3334 itineribus
1279 3295 1362 3335 suis
1377 3295 1502 3334 multa
1517 3295 1573 3333 vi·

284 3356 403 3394 disset
416 3357 454 3393 ct
476 3354 634 3403 insignis
648 3356 763 3404 piane
780 3358 879 3395 esset
891 3386 901 3403 ,
916 3359 1108 3406 praeterea
1128 3358 1247 3397 etiam
1261 3360 1446 3398 naturam
1463 3369 1576 3399 suam

285 3419 452 3469 egregiis
464 3418 624 3457 dotibus
639 3430 662 3457 a
675 3420 833 3458 fortuna
854 3420 1089 3461 instructam
1101 3423 1267 3462 haberet
1285 3422 1404 3473 (nam
1422 3424 1578 3463 statura

285 3484 369 3522 erat
381 3481 518 3532 grandi
540 3483 580 3520 et
594 3482 753 3521 liberale
769 3486 808 3522 et
826 3483 1039 3532 ingenuum
1057 3486 1151 3535 quid
1165 3497 1247 3536 prae
1265 3498 1306 3526 se
1323 3487 1488 3537 serente,
1509 3498 1579 3527 vo·

285 3547 340 3586 cis
352 3547 470 3585 etiam
484 3547 523 3584 et
537 3556 692 3584 morum
710 3548 1013 3598 ceterorumque
1036 3550 1163 3588 multa
1183 3551 1307 3599 gratia
1323 3551 1578 3602 multumque

286 3610 407 3650 decus
425 3611 509 3649 erat
526 3610 556 3658 ),
577 3609 626 3647 de
646 3610 966 3649 crotoniatarum
987 3612 1086 3651 urhe
1108 3614 1164 3652 ita
1180 3614 1387 3664 disposuit,
1404 3617 1450 3654 ut
1470 3617 1577 3667 post·

287 3685 408 3725 quam
429 3674 630 3712 seniorum
650 3672 859 3722 collegium
886 3675 1020 3712 multis
1054 3677 1093 3714 et
1120 3678 1282 3727 egregiis
1310 3678 1441 3718 verbis
1466 3679 1578 3719 oble-

287 3741 455 3788 ctasset,
468 3737 609 3777 deinde
624 3737 702 3777 ad'
689 3749 762 3786 μιν
765 3749 857 3778 enes
875 3739 1170 3782 adhortationes
1189 3744 1298 3783 sacer
1299 3747 1339 3783 et
1359 3744 1472 3794 jussu
1496 3756 1577 3784 ma-

288 3805 548 3855 gistratuum,
573 3804 660 3852 post
686 3802 774 3841 haec
789 3803 907 3842 ctiam
934 3803 984 3842 ad
1011 3815 1155 3854 pueros
1182 3818 1203 3846 c
1234 3807 1338 3847 ludis
1369 3808 1578 3849 confertim

289 3867 593 3914 concurrentes,
625 3867 824 3916 postremo
848 3866 896 3905 ad
922 3867 1108 3917 seminas,
1137 3871 1257 3920 atque
1273 3872 1470 3923 colloquia
1487 3884 1579 3912 cum

290 3930 521 3971 mulieribus
546 3928 724 3968 habenda
737 3929 920 3970 instituit.

918 3998 990 4039 30.

342 4066 536 4108 Hesiodus
546 4096 556 4115 ,
576 4066 830 4106 Dicaearchus
841 4095 851 4113 ,
866 4067 1096 4114 Clearchus,
1111 4068 1389 4120 Callimachus,
1406 4071 1470 4111 alii
1485 4083 1580 4111 non·

291 4131 390 4172 nulli
427 4130 477 4170 de
504 4130 651 4173 Tiresia
682 4132 845 4170 narrant
875 4130 974 4169 haec.
1005 4131 1222 4179 Tiresiam,
1259 4134 1398 4173 Eueris
1431 4134 1579 4185 silium,

292 4197 419 4246 aiunt,
440 4195 480 4234 in
495 4195 658 4246 Cyllene
683 4194 859 4237 Art-adim
891 4197 1024 4238 monte
1055 4199 1241 4236 coeuntes
1260 4199 1458 4247 serpentes
1480 4210 1578 4239 con-

1259 272 1618 323 DmAEAncm
1654 239 1951 323 MessssNn

1625 600 1914 691 ,Δικαίαρχρς
1935 601 2009 648 καὶ
2038 600 2302 667 Κλείταρχος
2321 601 2382 664 (l.
2405 601 2656 667 Κλέαρχος)
2679 622 2754 650 και
2778 598 2983 653 Kane-tsi

1715 387 1894 432 Eodem
1916 387 2023 430 loco
2046 382 2339 431 Dicaearchus
2361 389 2640 446 narraverit,
2663 404 2763 448 quae
2785 389 2844 434 de
2862 388 2978 442 'Pi-22

1650 459 1775 502 resiae
1814 469 1860 502 et
1903 459 2054 503 Caenei
2094 459 2578 503 transfor-mationibus
2610 475 2665 504 ex
2706 476 2764 506 eo
2795 462 2940 507 refert

1650 530 1874 591 Phlegon.
1906 531 2075 575 Mirab.
2113 546 2153 574 c.
2181 536 2242 584 4:
2270 528 2454 594 Ιστορεῒ
2477 529 2520 576 δὲ
2545 530 2619 578 καὶ
2642 529 2841 586 Ἡσίοδος
2866 530 2983 611 καῖ,

1652 692 1791 736 μαχος
1812 693 1885 720 και
1907 673 2031 720 ἄλλοι
2055 673 2161 727 τινὲς
2184 674 2282 740 περὶ
2308 673 2532 738 Τειρεσίου
2561 675 2678 723 τάδε.
2710 676 2977 742 Τειρεσίαν

1649 743 1720 790 τὸν
1751 745 1941 809 Εὐήρους
1962 748 2004 792 ἐν
2029 747 2070 794 Ἀ
2081 745 2234 811 ρκαδίᾳ
2258 746 2393 811 ἄνδρα
2417 745 2528 793 ὄντα
2550 749 2592 794 ἐν
2613 751 2675 815 τῷ
2699 747 2788 839 ὄρει
2812 751 2875 814 τῷ
2898 750 2981 797 'a‘

1653 817 1910 882 Κυλλήνῃ”
1885 837 1997 883 οφεις
2022 818 2206 866 ἰδόντα
2187 819 2416 883 οχεύοντας
2435 822 2601 884 τρῶσαι
2617 839 2690 867 τον
2711 819 2852 886 ἕτερον
2867 820 2979 885 xoe'nj

1650 894 1924 954 παραχρῆμα
1958 890 2222 979 μεταὸαλεῖν
2261 889 2339 947 τὴν
2375 889 2509 938 ἰδέαν·
2553 892 2750 955 γενέσθαι
2781 891 2866 959 γὰρ
2899 892 2979 951 ἐξ

1651 961 1801 1025 ανδρὸς
1821 970 2003 1025 γυναῖκα
2025 982 2097 1009 και
2115 966 2325 1027 μιχθῆναι
2343 963 2480 1027 ἀνδρί.
2507 966 2598 1012 Του
2617 963 2661 1012 δὲ
2679 959 2970 1022 ’Ammoevacss

1652 1035 1770 1099 αὐτῳ
1804 1034 2069 1099 χρήσαντος,
2104 1037 2161 1089 ὡς
2186 1035 2259 1082 ἐὰν
2298 1035 2490 1100 τηρήσας
2521 1035 2759 1101 ὄχευοντας
2787 1039 2977 1105 ὁμοίως
2973 1059 2979 1077 ¹

1650 1107 1797 1172 τρώσῃ
1837 1107 1907 1154 τὸν
1940 1106 2042 1170 ἕνα,
2085 1106 2204 1154 ἔσται
2240 1099 2325 1161 οἶος
2360 1112 2434 1167 ἠν,
2469 1109 2838 1175 παραφυλάξαντα
2871 1111 2975 1160 τὸν

1650 1180 1878 1244 Ἰειρεσίαν
1906 1185 2086 1239 ποιῆσαι
2111 1179 2164 1227 τὰ
2189 1179 2272 1227 ὑπὸ
2292 1185 2366 1228 τοῦ
2393 1185 2487 1228 θεου
2514 1181 2692 1248 ῥηθέντα
2714 1182 2789 1231 καὶ
2813 1182 2902 1231 οὔτ
2924 1195 2958 1249 -ξ,

1649 1252 1912 1313 κομίσασθαι
1936 1272 2013 1310 την
2035 1252 2223 1317 ἀρχαίαν
2241 1271 2380 1317 φυσιν.
2398 1253 2496 1307 Διος
2521 1253 2564 1300 δὲ
2583 1252 2801 1318 ἐρίσαντος
2818 1251 2953 1321 “Hp

1649 1325 1721 1371 καὶ
1754 1324 1969 1390 φαμένου,
2003 1327 2046 1371 ἐν
2081 1326 2174 1380 ταῖς
2208 1325 2448 1379 συνουσίαις
2473 1327 2740 1374 πλεονεκτεῖν
2766 1326 2844 1386 τὴν
2867 1318 2973 1391 qud-*¹

1649 1399 1776 1444 ναῒκα
1799 1403 1874 1445 τοῦ
1910 1398 2059 1464 ἀνδρὸς
2083 1419 2158 1457 της
2182 1402 2266 1446 τῶν
2303 1399 2561 1464 ἀφροδισίων
2585 1400 2737 1458 ἡδονης
2771 1399 2847 1448 καὶ
2869 1405 2970 1461 τῆς
3012 1407 3014 1414 ‘

1648 1468 1708 1518 Η
1716 1489 1791 1535 ρας
1810 1469 2058 1537 φασκούσης
2074 1470 2127 1517 τὰ
2150 1469 2322 1517 ἐναντία
2336 1469 2483 1529 ,δόξαι
2503 1473 2645 1526 αὐτοῖς
2663 1474 2969 1542 ριετιιιϊςεμιξιιι·ι..7

1651 1543 1790 1605 μένοις
1808 1542 1978 1608 ἐρέσθαι
1995 1562 2066 1589 τον
2083 1542 2312 1607 Τειρεσίαν
2327 1579 2340 1604 ,
2360 1541 2431 1589 διὰ
2447 1542 2494 1589 τὸ
2513 1546 2596 1589 τῶν
2617 1543 2786 1608 τρόπων
2804 1546 2945 1610 ἀμφο-

1648 1615 1783 1680 τέρων
1806 1613 2108 1680 πεπειρᾶσθαι.
2136 1614 2223 1663 Ἱὸν
2243 1614 2330 1661 δὲ
2311 1614 2587 1680 ερωτώμενον
2610 1615 2944 1682 ἀποφήνασθαι,

1651 1688 1756 1736 διότι
1783 1692 1942 1754 μοιρῶν
1968 1688 2072 1735 δέκα
2096 1687 2167 1735 τὸν
2191 1688 2322 1752 ἄνδρα
2349 1688 2579 1752 τέρπεσθαι
2609 1688 2687 1747 τὴν
2709 1689 2846 1752 μίαν,
2866 1687 2944 1748 τὴν

1650 1758 1693 1806 δὲ
1715 1759 1898 1824 γυναῖκα
1923 1759 1997 1814 τὰς
2019 1760 2154 1808 ἐννέα.
2178 1758 2272 1817 Τὴν
2297 1759 2340 1807 δὲ
2357 1759 2504 1825 Ἥραν
2523 1763 2791 1825 ὀργισθεῖσαν
2808 1781 2946 1810 κατα-

1649 1832 1769 1887 νύξαι
1801 1835 1931 1880 αὐτου
1963 1853 2058 1887 τους
2085 1832 2328 1898 ὂφθαλμους
2353 1834 2427 1880 καὶ
2455 1822 2636 1891 ποιῆσαι
2659 1834 2848 1900 τυφλὸν,
2872 1835 2946 1888 τον

1677 1904 1804 1952 ὲΔία
1831 1905 2107 1969 δωρήσασθαι
2141 1907 2259 1952 αὐτῶ
2286 1906 2364 1964 τὴν
2392 1906 2606 1968 μαντικὴν
2634 1907 2710 1954 και
2732 1911 2850 1972 βιουν
2873 1905 2947 1956 {R

1650 1977 1796 2041 γενεὰς
1818 1978 2250 2027 ἑπτά..

1714 2053 1787 2098 ld.
1812 2054 1876 2097 ib.
1904 2070 1944 2097 c.
1976 2052 2035 2100 5:
2059 2053 2115 2100 Οἱ
2145 2052 2294 2099 αὐτοὶ
2321 2054 2538 2117 ἱστοροῦσι
2562 2051 2677 2099 κατὰ
2696 2072 2774 2110 την
2799 2051 2946 2102 Λαπί-

1651 2128 1734 2170 θων
1751 2123 1901 2188 χώραν
1919 2142 2014 2187 γενε
1997 2122 2116 2171 έσθαι
2135 2123 2309 2188 Ἐλάτῳ
2326 2144 2387 2188 ‘etp
2409 2126 2580 2187 βασιλεῖ
2597 2124 2838 2190 θυγατέρα,
2851 2127 2947 2174 ὄνοι·

1651 2196 1895 2258 μαζομένην
1946 2195 2152 2252 Καινὶδα;
2197 2196 2334 2260 ταύτῃ
2382 2196 2427 2243 δὲ
2473 2199 2727 2246 Ποσειδῶνα
2767 2195 2956 2277 μιγέντξ

1651 2268 1989 2332 ἐπαγγείλασθαι
2006 2267 2200 2325 ποιήσειν
2225 2267 2360 2326 αὐτὴν
2378 2267 2443 2316 8
2423 2288 2472 2315 αν
2495 2269 2642 2332 ἐθέλῃ,
2658 2268 2735 2328 τὴν
2757 2268 2812 2316 δὲ·
2819 2262 2953 2324 ἆξιωὲ

1651 2360 1724 2387 σαι
1743 2339 2012 2403 μεταλλάξαι
2032 2339 2163 2397 αὐτὴν
2190 2343 2247 2394 εἷς
2267 2341 2430 2405 ἄνδρα,
2457 2342 2640 2400 ποιῆσαί
2661 2361 2730 2389 τε
2731 2340 2909 2406 ἄτρωτι
2927 2367 2959 2416 τ,

1649 2415 1736 2461 Του
1761 2411 1806 2459 δὲ
1827 2416 2096 2467 Ποσειδῶνος
2110 2413 2221 2460 κατὰ
2242 2413 2290 2460 τὸ
2316 2413 2490 2468 ἀξιωθὲν
2508 2414 2791 2475 ποιήσαντος,
2815 2433 2955 2479 μετα·

1649 2490 1918 2548 νομασθῆναι
1943 2485 2128 2543 Καινέα.
2891 2535 2913 2546 ς,

1714 2564 1894 2606 Locum
1930 2561 1988 2605 de
2023 2562 2190 2606 Caeneo
2222 2564 2382 2608 omisit
2402 2563 2646 2619 Fuhrius3
2669 2565 2903 2626 alterum.

1651 2635 1822 2702 Tiresia
1852 2635 2052 2678 Fuhrius
2090 2634 2149 2678 ad
2190 2632 2292 2680 Βίον
2334 2632 2567 2691 Ἑλλάδος,
2611 2637 2852 2682 Fabricius
2882 2627 2961 2683 ad

2615 2721 2944 2741 -—-—-——--—--3

1648 2772 1819 2822 spexisse
1835 2773 1874 2810 et
1890 2772 2013 2811 exiis
2035 2772 2205 2811 alterum
2231 2772 2480 2821 vulnerasse,
2507 2783 2636 2823 eoque
2649 2773 2770 2822 facto,
2791 2773 2945 2814 mutata

1649 2837 1776 2876 forma
1806 2847 1828 2876 e
1855 2837 1941 2875 viro
1965 2837 2134 2876 evasisse
2156 2837 2363 2884 mulierem
2391 2839 2432 2877 et
2454 2846 2547 2876 cum
2563 2838 2653 2879 viro.
2669 2838 2941 2879 concubuisse.

1649 2900 1800 2940 Deinde
1819 2911 1943 2950 quum
1971 2901 2160 2950 Apollinis
2188 2902 2351 2940 oraculo
2377 2900 2542 2940 edoctus
2568 2902 2670 2941 esset
2702 2912 2746 2941 se
2773 2901 2901 2952 prisca

1649 2965 1819 3003 sormam
1838 2966 2188 3015 recuperaturum,
2209 2964 2242 3004 si
2259 2964 2403 3004 iterum
2427 2964 2556 3003 coitus
2572 2964 2815 3015 serpentium
2838 2966 2920 3005 tem
2984 2981 2985 2984 ¹

1649 3039 1744 3079 pore
1755 3029 1986 3077 observato,
2000 3029 2169 3067 alterum
2182 3039 2322 3068 eorum
2334 3027 2584 3077 vulneraret,
2597 3028 2734 3068 fecisse
2745 3039 2839 3068 eum
2851 3040 2879 3080 q
2890 3045 2896 3065 i
2913 3044 2934 3063 e·

1649 3095 1748 3135 deus
1774 3094 1974 3145 jussisset,
2000 3095 2123 3144 atque
2146 3094 2211 3133 ita·
2225 3093 2401 3144 pristinae
2424 3095 2580 3133 natura:
2597 3103 2680 3134 esse
2699 3094 2928 3135 restitutum

1650 3160 1743 3199 Post
1755 3159 1842 3198 hoec
1856 3169 1982 3209 quum
2000 3157 2091 3198 Jovi
2108 3169 2199 3198 cum
2212 3161 2234 3198 J
2240 3168 2369 3197 unone
2385 3157 2592 3197 altercatio
2608 3156 2729 3207 esset,
2753 3168 2834 3209 qua
2860 3176 2937 3214 4122

1651 3223 1907 3271 contenderet
1917 3254 1928 3273 ,
1946 3223 1985 3262 in
1999 3223 2106 3262 coitu
2127 3222 2334 3261 mulierem
2352 3222 2408 3260 rei
2425 3232 2606 3261 venereae
2617 3221 2810 3272 majmem
2822 3222 2899 3277 qun
2913 3240 2932 3257 .·

1649 3287 1782 3326 virum
1798 3288 1999 3338 percipere
2028 3287 2277 3337 voluptatem
2291 3316 2302 3336 ,
2321 3285 2419 3324 dum
2441 3288 2548 3325 Juno
2564 3285 2811 3326 contrarium
2829 3278 2920 3328 amr

1650 3353 1778 3390 maret
1808 3363 1818 3390 :
1851 3351 2047 3401 placuisse
2074 3350 2168 3400 ipsis
2191 3349 2423 3390 arcessitum
2457 3349 2702 3400 interrogare
2730 3349 2779 3390 'ri
2809 3366 2868 3385 νυ
2891 3365 2910 3386 u

1651 3417 1796 3467 quippe
1815 3416 1884 3467 qui
1907 3416 2116 3467 utriusque
2140 3415 2303 3455 rationis
2330 3415 2434 3454 haud
2457 3415 2665 3466 imperitus
2682 3416 2800 3459 esset.
2821 3413 2900 3458 *mu

1651 3491 1747 3520 vero
1774 3480 2021 3531 respondisse
2034 3510 2046 3529 ,
2079 3479 2112 3519 si
2131 3479 2270 3519 decem
2289 3481 2421 3519 essent
2446 3478 2664 3531 voluptatis
2687 3481 2820 3531 partes
2826 3489 2891 3536 ,41

1655 3556 1793 3584 earum
1828 3545 1904 3584 frui
1921 3542 2081 3594 virum,
2113 3543 2274 3593 reliquis
2289 3553 2433 3582 novem
2457 3542 2678 3583 mulierem.
2695 3545 2828 3595 Quap
2844 3561 2874 3609 ⁷¹:

1651 3609 1792 3648 iratam
1815 3610 2013 3649 Junonem
2033 3608 2170 3647 oculos
2195 3606 2229 3646 ei
2249 3606 2552 3656 compunxisse‚
2583 3609 2724 3647 Jovem
2747 3617 2869 3653 vero
2884 3623 2890 3641 ο

1651 3673 1868 3713 luminibus
1879 3671 2074 3722 ademptis
2085 3670 2323 3711 vaticinandi
2335 3671 2477 3721 artem,
2493 3669 2698 3722 vitamque
2714 3681 2832 3743 per-.-

1651 3737 1920 3789 generationes
1931 3736 1967 3777 ei
1983 3735 2231 3775 concessisse

1706 3870 1833 3910 Iidem
1845 3871 2008 3909 narrant
2020 3869 2060 3908 in
2076 3867 2334 3918 Lapitharum
2350 3868 2456 3907 terra
2467 3867 2584 3908 Elato
2595 3865 2676 3917 regi
2687 3865 2810 3906 filiam

1655 3933 1858 3974 Caenidem
1880 3931 2061 3980 nomine,
2089 3931 2153 3971 cui
2170 3932 2376 3982 Neptunus
2405 3930 2646 3982 promisisset
2670 3939 2713 3969 se
2727 3927 2856 3968 conen

1655 3989 1825 4048 potitum
1847 3995 2048 4036 iacturum
2065 4005 2149 4035 esse
2165 4005 2251 4035 eam
2271 3993 2632 4045 quodcunqueipsa
2644 3991 2823 4042 iuberet)
2854 4013 2856 4017 ι

1654 4080 1751 4110 vero
1783 4068 1941 4119 petiisse
1967 4068 2013 4107 ut
2050 4063 2092 4106 in'
2133 4066 2266 4106 virum
2300 4067 2424 4117 ipsam
2455 4066 2631 4106 mutaret
2663 4065 2784 4115 atque
2809 4062 2822 4102 i
2848 4059 2858 4110 J

1655 4134 1872 4175 nerabilem
1906 4133 2100 4172 redderet.
2119 4131 2236 4179 Quod
2271 4142 2397 4183 quum
2420 4132 2575 4172 fecisset
2609 4131 2817 4181 Neptunus
2840 4176 2842 4178 ,

1656 4201 1788 4240 uidem
1800 4198 2150 4253 deincepsmutato
2162 4197 2323 4238 nomine
2333 4197 2569 4248 appellatam
2582 4204 2669 4238 esse
2680 4197 2833 4256 Caeneu-
2845 4236 2852 4246 ι
