3016 4628
1081 317 1320 368 ZOILUS.
1360 313 1859 365 CEPHISODORUS‘.
2771 329 2827 367 85

174 446 331 492 dicum
346 458 463 504 saepe
477 448 706 486 memorat
720 439 892 483 Plinius
913 438 994 498 (H.
1008 426 1066 484 N:
1085 436 1222 491 XIX,
1242 440 1288 490 43
1305 434 1460 491 XXV,

174 516 262 579 953
286 516 512 570 XXVIII,
531 512 799 573 49;XXX,
821 526 906 567 22;
928 507 1134 566 XXXII,
1155 506 1214 552 52
1230 520 1244 566 3
1261 506 1461 559 XXXV,

176 588 262 646 503
282 588 421 633 index
440 594 617 632 auctor.
641 583 701 628 ad
721 583 804 627 lib.
823 583 967 637 XXI,
984 579 1148 626 XXIX
1162 613 1174 635 ‚
1195 577 1395 634 XXXI.)

454 879 675 929 ZOlLUS
710 876 1180 926 AMPHIPOLITA.

241 1011 396 1057 Zoilus
424 1007 739 1067 Amphipolita
756 1042 770 1067 ,
797 1005 1055 1064 Polycratis
1083 1003 1369 1048 Atheniensis
1394 1001 1468 1045 di-

176 1083 399 1143 scipulus‚
419 1076 752 1143 Ὁμηρομάστιξ
765 1078 962 1134 ,rhetor
982 1085 1026 1121 et
1043 1075 1366 1136 grammaticus
1382 1089 1470 1116 no-

177 1156 392 1210 tissimus,
420 1154 501 1212 qui
524 1152 727 1211 Philippi
766 1158 812 1194 et
838 1148 1092 1193 Alexandri
1127 1155 1257 1191 aetate
1282 1144 1466 1200 floruit,

176 1228 392 1272 historica
413 1240 554 1286 opera
577 1222 839 1268 condidisse
862 1221 1033 1265 dicitur
1050 1220 1171 1276 du03

244 1296 354 1363 Περὶ
374 1293 669 1360 Ἀμφιπόλεως
689 1291 835 1357 βιὸλία
859 1290 957 1357 τρία
983 1291 1142 1353 (Suid.
1163 1308 1208 1336 v.
1238 1287 1401 1342 Ζώιλος
1426 1299 1472 1335 et

307 1371 428 1416 Eud.
458 1386 504 1430 p.
532 1364 672 1429 203).

243 1439 452 1504 Ἱστορίαν
475 1437 561 1485 ἀπὸ
586 1434 799 1501 θεογονίας
828 1432 907 1488 ἕως
929 1437 1003 1493 τῆς
1023 1432 1250 1482 Φιλίππου
1272 1434 1473 1490 τελευτῆς

309 1513 524 1576 (Iidem).

177 1590 354 1633 Eorum
394 1601 453 1630 ne
494 1583 810 1629 tenuissimum
852 1580 1042 1641 quidem
1094 1579 1303 1640 fragmen
1337 1577 1473 1623 inda-

177 1673 286 1720 gare
308 1658 460 1718 potui.
483 1657 637 1713 Quare
658 1669 760 1713 quae
778 1654 838 1698 de
854 1655 949 1698 vita
966 1653 1175 1697 auctoris.
1189 1651 1473 1710 reliquisque

178 1731 274 1790 ejus
288 1731 467 1789 scriptis
483 1727 746 1782 traduntur,
761 1742 860 1770 non
869 1735 936 1770 est
948 1740 1031 1769 cur
1043 1725 1134 1768 hoc
1150 1725 1473 1783 loco-expona-

178 1818 280 1847 mus
304 1800 376 1862 (Ἴ.
403 1802 617 1846 Ceterum
634 1799 910 1858 discipulum
928 1797 1047 1841 Zoili
1067 1796 1230 1841 suidas
1253 1794 1319 1856 (v.
1346 1791 1474 1839 Ἀνα-

179 1872 287 1936 ξιμ.)
307 1874 440 1918 fuisse
460 1873 572 1916 dicit
590 1872 926 1916 Anaximenem
939 1903 951 1925 ,
978 1869 1061 1928 qui
1081 1868 1244 1913 eadem
1267 1883 1360 1927 qua
1375 1883 1472 1911 ma-

178 1948 318 2008 gister
339 1945 661 1990 maledicentia
686 1944 876 2003 insignis
900 1943 1008 1998 fuit,
1043 1943 1249 2001 itemque
1272 1956 1298 1986 a
1334 1941 1473 1985 theo—

179 2019 318 2080 gonia
337 2018 550 2062 historias
573 2031 674 2061 suas
691 2029 882 2060 exorsus
904 2023 986 2060 est.

231 2151 282 2202 (⁴¹)
311 2150 434 2190 Tituli
460 2160 627 2201 operum
650 2147 864 2188 laudantur
882 2146 925 2186 hi
962 2162 971 2187 ε
1004 2147 1140 2186 Κατὰ
1161 2146 1474 2198 Ἰσοκράτους

178 2214 261 2250 τοῦ
283 2210 504 2262 ῥήτορος,
524 2207 634 2248 Suid.
657 2207 686 2246 l.
705 2207 757 2256 l.;
776 2206 912 2245 Κατὰ
937 2205 1222 2253 Πλάτωνος,
1247 2206 1390 2245 AElian.
1421 2209 1472 2246 V.

181 2270 231 2308 H.
249 2270 327 2318 XI,
362 2273 431 2317 10,
462 2266 624 2316 Dionys.
647 2265 739 2304 Hal.
772 2263 824 2303 ad
856 2266 996 2313 Pomp.
1018 2263 1118 2302 tom.
1145 2266 1222 2311 Vl,
1242 2274 1280 2312 p.
1302 2267 1374 2303 757
1400 2266 1473 2312 R.;

179 2326 415 2366 Τενεδίων
442 2325 712 2374 ἐγκώμιον,
743 2321 887 2362 Strabo
909 2323 990 2370 Vl,
1022 2331 1062 2371 p.
1097 2323 1200 2369 271;
1234 2322 1372 2360 Κατὰ
1393 2326 1474 2369 τῆς

180 2385 383 2436 Ὀμήρου
413 2383 667 2428 ποιήσεως
697 2379 833 2429 λόγοι
871 2377 1030 2418 ὲννέα.
1059 2378 1226 2428 Ψόγος
1260 2379 1474 2429 Ὁμήρου

183 2444 270 2491 (καὶ
288 2443 384 2482 ἄλλα
402 2440 611 2488 πλεῖστα),
630 2437 769 2478 suidas
784 2437 812 2476 l.
835 2437 864 2476 l.
883 2436 946 2476 Cf.
970 2436 1116 2476 AElian.
1134 2436 1162 2475 l.
1182 2436 1208 2475 l.
1228 2449 1240 2485 ;
1267 2436 1472 2476 Plutarch.

180 2505 362 2551 Sympos.
384 2510 423 2550 p.
444 2502 535 2547 677,
559 2499 605 2536 F.
621 2510 632 2546 ;
650 2495 773 2535 schol.
802 2497 920 2535 Hom.
941 2495 987 2534 11.
1011 2497 1050 2544 1,
1071 2499 1166 2542 129;
1185 2497 1243 2542 V,
1267 2498 1306 2537 7,
1326 2500 1399 2544 203
1423 2497 1473 2544 Χ,

111 2567 114 2569 ’
181 2562 282 2608 274;
298 2560 426 2598 XVIII
443 2587 454 2607 ,
473 2562 548 2604 223
571 2557 704 2603 xxn,
728 2558 826 2602 2093
854 2555 1009 2602 xxm,
1035 2558 1130 2602 1005
1149 2553 1329 2592 Eustath.
1352 2553 1401 2592 ad
1428 2555 1472 2593 11.

181 2628 220 2668 p.
245 2622 333 2666 512,
357 2615 407 2658 ad
437 2614 515 2654 Od.
551 2625 590 2663 p.
624 2615 746 2662 16143
768 2613 900 2652 Tzetz.
924 2613 1046 2661 Exeg.
1066 2612 1114 2651 ll.
1139 2623 1175 2661 p.
1199 2617 1245 2660 3,
1282 2616 1351 2659 13;
1389 2617 1474 2662 125,

183 2681 231 2714 22
256 2675 318 2714 ed.
341 2677 475 2713 Herm.
499 2671 690 2722 (Diodor.
717 2672 816 2710 tom.
843 2672 894 2719 11,
915 2680 954 2720 p.
989 2674 1062 2709 582
1086 2669 1150 2709 ed.
1175 2669 1345 2720 Di‹lot.)5.
1369 2672 1475 2710 Prae-
1499 2709 1503 2713 ,

181 2734 288 2772 terea
307 2732 358 2772 de
375 2732 458 2770 vita
489 2729 584 2769 Zoili
604 2730 644 2768 et
662 2727 817 2778 scriptis
837 2727 927 2767 vide
952 2727 1112 2777 Dionys.
1135 2731 1192 2767 De
1216 2730 1314 2766 Isoeo
1334 2739 1371 2767 c.
1410 2733 1473 2779 20,

181 2779 280 2830 tom.
303 2793 359 2839 V,
375 2801 415 2840 p.
435 2794 507 2829 627
535 2790 608 2836 Rx,
634 2790 692 2827 De
716 2786 757 2825 vi
774 2786 979 2825 Demosth.
998 2797 1033 2824 c.
1058 2789 1098 2834 8,
1118 2796 1153 2835 p.
1173 2788 1270 2835 8743
1302 2786 1468 2836 Longin.

183 2850 242 2888 De
270 2847 373 2887 subl.
396 2853 443 2896 9,
481 2849 525 2885 14
546 2846 705 2895 (Walz.
732 2844 867 2883 Rhett.
888 2846 1004 2892 vffl,
1036 2854 1075 2893 p.
1103 2844 1230 2893 498);
1261 2844 1474 2883 Phoebam-

183 2916 278 2945 mon
298 2917 339 2956 p.
359 2908 431 2945 588
451 2903 565 2952 Ald.;
591 2901 782 2948 Quinctil.
797 2904 875 2950 IX,
897 2906 940 2950 1,
963 2904 1005 2941 14
1020 2915 1029 2924 ·
1055 2901 1195 2941 Suidas
1211 2912 1250 2940 V.
1274 2904 1476 2952 Δημοσθέ·

182 2977 247 3010 νης
259 2977 270 3012 ;
284 2963 407 3003 schol.
424 2962 579 3003 Platon.
598 2960 814 3010 Hipparch.
831 2970 870 3010 p.
887 2963 983 3008 240;
1003 2931 1206 2999 fflutarch.
1221 2962 1279 3000 De
1291 2963 1327 2999 X
1344 2963 1473 3001 oratt.

182 3033 224 3073 p.
245 3025 334 3072 844,
352 3024 383 3062 C
395 3035 408 3071 ;
430 3021 523 3060 Vita
543 3019 651 3059 Arati
667 3022 701 3058 ΙΙ
714 3032 726 3067 ;
749 3018 869 3059 Ovid.
893 3020 950 3057 De
966 3018 1114 3057 remed.
1138 3029 1263 3058 amor.
1281 3025 1377 3069 366;
1400 3023 1476 3060 Ga-

183 3081 262 3120 len.
283 3082 406 3130 IV,'p
441 3083 514 3127 37;
545 3077 695 3117 Plinius
711 3079 764 3116 H.
789 3078 836 3116 N.
858 3078 950 3125 XII,
969 3078 1086 3125 X1113
1105 3076 1263 3116 Vitruv.
1289 3078 1403 3127 praef.
1425 3079 1475 3118 ad

183 3137 251 3178 lib.
284 3140 374 3178 vll.
396 3138 626 3177 Postremus
649 3135 823 3174 maxime
849 3134 963 3173 locus
985 3134 1026 3172 in
1056 3145 1178 3173 causa
1200 3134 1276 3174 suit
1303 3137 1348 3174 ut
1375 3135 1476 3177 duos

183 3196 309 3236 Zoilos
319 3194 499 3235 nonnulli
510 3192 803 3243 distinguendos
813 3203 897 3232 esse
909 3194 1115 3231 censerent
1128 3192 1184 3242 (v.
1204 3193 1377 3235 Hardoin
1392 3198 1475 3235 Sur

185 3254 244 3294 les
274 3253 388 3294 deux
411 3252 555 3292 Zo‘z‘les
583 3251 624 3289 in
661 3250 779 3291 Mam.
815 3250 867 3289 de
898 3249 1060 3289 l'Acad.
1093 3250 1136 3290 d.
1169 3253 1201 3291 1.
1235 3252 1335 3290 tom.
1360 3255 1475 3298 vlu,

184 3322 223 3362 p.
243 3315 313 3352 178
326 3322 413 3362 sqq.
427 3323 438 3358 ;
453 3310 564 3350 Ballu
583 3312 622 3359 1,
637 3319 679 3359 p.
697 3313 772 3348 253
786 3322 797 3356 ;
813 3307 938 3349 Wolf.
955 3308 1130 3358 Prolegg.
1145 3320 1184 3359 p.
1208 3313 1281 3349 192
1295 3310 1324 3360 )..
1343 3313 1474 3356 Quam

184 3369 420 3411 sententiam
457 3368 602 3408 merito
632 3367 914 3417 improbarunt
942 3367 1124 3406 Olearius
1152 3367 1203 3406 ad
1237 3368 1468 3410 Philostrat.

160 3454 164 3456 ἡ
185 3439 224 3479 p.
243 3431 340 3476 648;
356 3427 511 3468 Fabric.
530 3429 576 3467 B.
596 3429 666 3466 Gr.
689 3429 723 3475 l,
739 3436 779 3476 p.
803 3431 899 3474 560;
918 3426 1094 3466 Clinton.
1118 3428 1162 3466 F.
1179 3428 1227 3466 H.
1247 3429 1327 3477 111,
1346 3439 1384 3478 p.
1398 3434 1472 3469 380

184 3497 269 3536 sq„
291 3489 381 3534 485,
405 3486 539 3525 Lehrs.
567 3485 608 3523 in
634 3484 752 3524 Jahn.
782 3485 924 3523 Annal.
950 3486 1047 3523 tom.
1070 3486 1166 3533 ΧΙΙ,
1195 3495 1234 3534 p.
1270 3490 1338 3525 106
1368 3497 1471 3537 sqq„

186 3543 479 3583 Westermann.
501 3540 646 3581 Gesch.
663 3539 705 3580 d.
727 3551 793 3589 qr.
817 3541 985 3581 BeredS.
1008 3539 1032 3590 ξ
1053 3546 1125 3589 50,
1143 3546 1207 3590 20,
1228 3543 1269 3581 et
1286 3542 1337 3582 ad
1354 3544 1470 3583 Voss.

189 3599 286 3639 nist.
305 3601 376 3639 Gr.
397 3609 436 3650 p.
456 3603 524 3638 132
537 3629 547 3648 ,
565 3598 635 3638 ubi
653 3597 828 3636 conferri
844 3597 965 3636 etiam
977 3597 1092 3646 jubet
1106 3600 1284 3648 Spengel.
1302 3603 1359 3640 De
1375 3604 1469 3641 artt.

187 3658 323 3708 script.
342 3669 381 3708 p.
405 3663 492 3698 180.
522 3656 632 3697 Adde
662 3656 820 3695 Reinoe.
846 3657 939 3694 Var.
963 3657 1091 3695 Lectt.
1114 3659 1193 3707 ΠΙ,
1223 3663 1270 3708 25
1296 3659 1471 3700 Perizon.

187 3714 238 3755 ad
253 3715 394 3756 AElian.
411 3715 441 3756 l.
463 3715 515 3765 l.;
542 3714 695 3755 lonsius
710 3713 811 3753 Hist.
827 3713 924 3764 phil.
942 3725 980 3764 p.
999 3716 1048 3754 49
1068 3726 1128 3765 sq.

674 3844 977 3866 ψ

1936 428 2427 480 CEPHISODORUS.

1739 572 1887 618 ΠΕΡΙ
1924 572 2048 619 ΤΟΥ
2083 573 2275 620 ΙΕΡΟΥ
2311 575 2629 623 ΠΟΛΕΜΟΥ.

1877 699 2055 744 LIBER
2091 701 2504 746 DUODECIMUS.

1609 825 1807 883 Eustrat.
1832 823 1891 867 ad
1912 825 2103 868 Aristot.
2126 825 2273 870 Ethic.
2298 826 2401 870 Nic.
2424 828 2517 882 III,
2546 827 2573 870 8
2593 828 2674 871 fol.
2702 830 2760 881 46
2787 832 2830 874 h.

1543 894 1618 938 ed.
1639 894 1794 941 Aldin.
1820 894 1961 950 1536,
1987 896 2046 940 de
2065 912 2240 957 pugna,
2260 911 2400 955 quam
2419 898 2468 942 in
2490 898 2700 944 Coronea
2721 902 2837 945 urbe

1543 976 1706 1011 contra
1722 968 2069 1012 Onomarchum
2082 1002 2094 1024 ,
2114 969 2195 1027 qui
2212 983 2367 1013 arcem
2384 980 2714 1029 occupaverat,
2746 974 2837 1017 Co-

1542 1053 1763 1083 ronenses
1797 1055 2056 1104 eorumque
2100 1041 2238 1096 socii,
2279 1054 2335 1084 ex
2369 1042 2629 1086 Metachoeo
2660 1045 2835 1099 Boeoti,

1545 1112 1875 1155 commiserunt
1907 1110 2008 1172 (Ol.
2040 1112 2152 1168 106,
2178 1112 2236 1172 4)
2262 1127 2273 1155 :
2297 1109 2538 1175 Ἱστοροῧσι
2567 1111 2667 1177 περὶ
2692 1113 2837 1178 μάχης

1544 1180 1703 1237 ταύτης
1731 1181 2114 1246 Κηφισόδωρος
2134 1185 2185 1230 ἐν
2207 1185 2267 1246 τῇ
2290 1183 2565 1249 δωδεκάτῃ
2586 1188 2684 1232 τῶν
2712 1186 2841 1252 Περὶ

1546 1256 1633 1299 τοῦ
1656 1255 1801 1316 ἱεροῦ
1825 1252 2083 1315 πολέμου,
2115 1253 2189 1301 καὶ
2214 1253 2486 1316 Ἀναξιμένης
2510 1259 2552 1303 ἐν
2576 1260 2629 1321 τῇ
2657 1258 2839 1322 τετάρτῃ

1545 1326 1630 1370 τῶν
1644 1324 1755 1389 Περὶ
1783 1324 2024 1383 Φίλιππον,
2044 1325 2118 1373 καὶ
2138 1324 2325 1392 Ἔφορος
2349 1328 2391 1373 ἐν
2411 1331 2465 1392 τῇ
2490 1335 2726 1395 τριακοστῇ
2758 1334 2839 1393 (fr.

1553 1396 1670 1457 153,
1698 1399 1781 1442 ubi
1803 1395 1962 1461 vide).
1985 1400 2170 1460 Olymp.
2201 1401 2317 1456 106,
2340 1407 2385 1455 4.
2420 1416 2461 1446 a.
2497 1403 2548 1447 C.
2576 1402 2693 1458 353,
2721 1420 2842 1448 anno

1548 1472 1713 1530 quinto
1749 1472 1863 1516 belli
1898 1473 2015 1516 sacri
2046 1472 2134 1531 (Cf.
2165 1473 2367 1518 Diodor.
2401 1475 2537 1530 XVI,
2574 1474 2687 1535 23),
2715 1478 2844 1535 quod

1549 1552 1702 1587 ortum
1728 1553 1794 1588 est
1816 1544 2040 1588 archonte
2060 1545 2398 1604 Cephisodoto,
2425 1547 2499 1591 Ol.
2530 1546 2637 1601 105,
2660 1552 2703 1600 4.
2725 1565 2764 1596 a.
2788 1551 2837 1594 C.

1552 1614 1660 1672 357.
1695 1617 1836 1661 Unde
1859 1625 1987 1675 patet
2026 1619 2342 1663 narrationem
2370 1619 2677 1678 Cephisodori
2711 1622 2845 1667 fuisse

1547 1688 1847 1735 uberrimam.

1621 1780 1640 1800 «
1670 1760 2016 1820 Cephisodorus
2029 1795 2040 1816 ,
2060 1762 2277 1806 Isocratis
2297 1762 2572 1823 discipulus,
2597 1765 2717 1808 inter
2734 1767 2847 1811 Ora-

1551 1841 1674 1876 tores
1696 1833 1896 1877 refertur
1920 1848 1945 1877 a
1968 1834 2195 1893 Dionysio
2215 1835 2316 1879 Hal.
2342 1837 2431 1894 Ep.
2453 1836 2512 1880 ad
2539 1838 2691 1879 Amm.
2720 1839 2769 1892 I,
2796 1855 2842 1892 2,

1548 1920 1597 1964 p.
1631 1920 1747 1960 120,
1775 1921 1915 1964 quem
1939 1907 2076 1950 etiam
2113 1907 2221 1951 vide
2256 1909 2305 1950 in
2329 1909 2441 1952 Isaeo
2472 1924 2514 1954 c,
2549 1924 2622 1967 19.
2661 1910 2845 1953 Nullam

1550 1976 1647 2035 ejus
1686 1979 1948 2022 orationem
1990 1989 2404 2024 commemoratam
2442 1981 2716 2025 invenimus,
2754 1983 2846 2027 Sed

1550 2058 1679 2094 tanto
1713 2050 2000 2108 frequentius
2018 2051 2237 2095 laudatur
2260 2053 2493 2112 Apologia
2516 2054 2729 2097 Isocratis
2761 2054 2845 2098 ad·-

1549 2138 1705 2167 versus
1740 2124 2035 2167 Aristotelem
2049 2157 2060 2179 ,
2089 2123 2148 2167 de
2172 2140 2263 2184 qua
2282 2125 2391 2168 vide
2411 2126 2617 2168 Ionsium
2638 2127 2708 2169 De
2731 2128 2846 2170 scri-

1549 2204 1670 2255 ptor.
1697 2198 1756 2240 H.
1783 2197 1900 2254 phil.
1927 2197 1974 2251 I,
2007 2195 2081 2250 13,
2109 2211 2158 2255 p.
2199 2196 2279 2256 96.
2306 2196 2382 2240 Ad
2402 2197 2525 2241 hunc
2553 2199 2845 2257 Cephisodo-

1550 2282 1657 2311 rum
1678 2269 1919 2312 retulerim
1941 2269 2194 2312 Historiam
2221 2269 2335 2313 belli
2362 2271 2478 2313 sacri
2504 2270 2598 2314 sive
2628 2271 2842 2327 Phocici,

1551 2339 1679 2398 eujus
1696 2340 2029 2384 duodecimum
2046 2341 2219 2384 librum
2236 2341 2395 2385 laudat
2414 2343 2685 2401 Anonymus
2700 2344 2845 2388 inter-

1549 2427 1682 2471 pres,
1722 2428 1863 2471 quem
1898 2414 2141 2472 Aspasium
2179 2420 2320 2472 puto,
2352 2413 2412 2457 ad
2449 2415 2707 2459 Aristotelis
2747 2417 2816 2460 111
2829 2451 2845 2472 ‚

1549 2500 1599 2543 p.
1624 2485 1685 2537 46
1712 2486 1755 2528 b.
1781 2486 1899 2528 Nam
1919 2486 2133 2544 plerique
2156 2487 2370 2530 Isocratis
2389 2485 2603 2545 discipuli
2622 2502 2669 2531 se
2689 2487 2748 2531 ad
2767 2489 2845 2533 hi-

1551 2557 1740 2600 storiam
1756 2556 2051 2619 scribendam
2077 2558 2424 2602 contulerunt.»
2451 2559 2703 2610 Runa-lum.
2722 2561 2841 2604 Hist.

1552 2630 1653 2674 crit.
1671 2630 1800 2674 Orat.
1815 2644 1865 2688 p.
1883 2628 1942 2682 48
1964 2629 2038 2674 ed.
2058 2630 2331 2675 Frotscher.·
2355 2656 2418 2664 -—
2438 2632 2510 2675 De
2539 2631 2846 2690 Cephisodori

1551 2697 1851 2763 Ἀντιγραφαῖς
1884 2698 1991 2764 πρὸς
2025 2698 2298 2763 Ἀριστοτέλη
2331 2701 2440 2746 vide
2462 2703 2655 2762 Dionys.
2695 2705 2843 2752 Isocr.

1559 2771 1614 2815 18
1636 2770 1782 2833 (tom.
1809 2774 1874 2829 V,
1906 2788 1955 2832 p.
1980 2771 2071 2830 577
2098 2775 2158 2818 R.
2186 2789 2197 2817 ι
2226 2770 2393 2819 Ἱκανὸν
2419 2770 2463 2819 δὲ
2493 2772 2765 2836 ἡγησάμενος
2784 2767 2846 2821 εἶ’-

1553 2861 1623 2888 ναι
1643 2845 1719 2898 τῆς
1743 2842 1948 2900 ἀληθείας
1970 2842 2213 2907 βεὸαιωτὴν
2237 2843 2309 2890 τὸν
2329 2843 2550 2903 Ἀθηναῖον
2577 2846 2846 2911 Κηφισόδω-

1555 2933 1643 2979 ρον,
1681 2914 1725 2967 ὃς
1749 2914 1824 2961 καὶ
1848 2915 2106 2963 συνεδίωσεν
2143 2915 2403 2980 Ἰσοκράτει,
2442 2916 2517 2964 καὶ
2556 2917 2846 2981 γνησιώτατος

1553 2986 1764 3045 ἀκουστὴς
1788 2986 1975 3049 ἐγένετο,
2010 2987 2085 3034 καὶ
2110 2986 2188 3045 τὴν
2221 2988 2457 3051 ἀπολογίαν
2496 2988 2572 3046 τὴν
2599 2989 2713 3038 πάνυ
2743 2995 2846 3037 θαυ-

1553 3058 1722 3119 μαστὴν
1744 3063 1786 3107 ἐν
1811 3067 1904 3113 ταῖς
1924 3059 2029 3125 πρὸς
2051 3060 2323 3126 Ἀριστοτέλη
2347 3063 2624 3128 ἀντιγραφαῖς
2642 3063 2845 3120 ἐποιήσα-

1551 3149 1601 3178 το
1614 3168 1628 3193 ,
1655 3131 1844 3179 πιστεύω
1855 3169 1867 3191 ,
1883 3133 2123 3199 γεγράφθαι
2140 3132 2289 3196 λόγους
2306 3132 2423 3187 τινὰς
2439 3133 2521 3181 ὑπὸ
2537 3139 2610 3181 τοῦ
2626 3134 2773 3200 ἀνδρὸς
2790 3139 2848 3190 εἷς

1551 3203 1808 3269 δικαστήρια
1826 3241 1839 3266 ,
1870 3207 1917 3252 οὖ
1945 3204 2090 3266 μέντοι
2110 3205 2309 3268 πολλάς),
2336 3209 2581 3253 Athenaeus
2602 3211 2672 3265 I‘I,
2694 3225 2742 3269 p.
2766 3209 2843 3265 60,

1550 3279 1603 3333 E3
1624 3280 1770 3338 III,p.
1793 3295 1900 3336 122,
1919 3282 1972 3336 B;
1986 3281 2112 3336 VIII,
2126 3295 2174 3339 p.
2193 3279 2303 3336 354,
2318 3281 2367 3338 C;
2381 3281 2714 3341 Themistiusp.
2732 3282 2842 3335 285,

1550 3351 1583 3394 C
1596 3366 1608 3406 ;
1623 3350 1790 3395 Euseb.
1809 3352 1859 3394 P.
1878 3353 1930 3397 E.
1946 3367 1995 3410 p.
2020 3367 2128 3411 792,
2150 3352 2260 3408 732.
2279 3352 2411 3397 Idem
2425 3363 2586 3398 contra
2605 3355 2845 3397 Platonem

1548 3423 1752 3481 scripsit,
1778 3424 1969 3482 Dionys
1994 3425 2082 3482 Ep.
2106 3423 2167 3467 ad
2187 3425 2351 3483 Pomp.
2391 3439 2409 3469 1
2446 3434 2566 3469 extr.
2596 3426 2735 3483 (tom.
2756 3426 2815 3469 VI
2830 3458 2841 3477 ,

1547 3508 1597 3551 p.
1624 3491 1713 3551 757
1735 3494 1833 3554 R.).
1858 3495 1927 3540 Cf.
1946 3497 2286 3540 Westermann.
2311 3496 2473 3540 Gescle.
2496 3498 2542 3543 d.
2563 3511 2636 3555 gr.
2656 3498 2841 3542 Bes-eds.

1547 3565 1574 3625 §
1599 3562 1677 3620 50,
1711 3582 1791 3621 11;
1815 3567 2018 3612 Clinton.
2043 3569 2097 3612 F.
2124 3565 2185 3611 H.
2212 3570 2257 3612 II
2276 3583 2324 3627 p.
2352 3569 2443 3622 462
2463 3569 2538 3613 ed.
2562 3578 2665 3613 tert.

1617 3636 1858 3681 Athenaeus
1875 3639 1994 3694 XII,
2015 3654 2066 3698 p.
2091 3637 2203 3695 548,
2227 3640 2263 3683 Ε
2287 3655 2298 3683 t
2325 3636 2564 3702 Καρύστιος
2583 3637 2618 3684 δ’
2633 3641 2654 3684 ὁ
2677 3642 2843 3700 Περγα-

1551 3705 1685 3767 μηνὸς
1722 3707 1766 3754 ἓν
1794 3707 2042 3773 Ἱστορικοῖς
2079 3708 2364 3772 ὑπομνήμασι
2400 3732 2420 3751 «
2457 3710 2842 3774 Κηφισόδωρος

1550 3778 1728 3843 (φησὶν)
1751 3782 1774 3827 ὃ
1793 3779 2047 3839 Θηὸαῑος,
2069 3780 2328 3846 Πολύδωρον
2345 3781 2416 3828 τὸν
2437 3781 2571 3838 Τήϊον
2588 3781 2730 3845 ἰατρὸν
2755 3781 2842 3827 Ἀν-

1550 3849 1745 3916 τιπάτρῳ
1771 3852 2004 3910 συσσιτεῖν,
2030 3852 2294 3917 ψιλοτάπιδα
2316 3851 2456 3922 ἔχωντι
2480 3846 2691 3916 κρικωτῆν
2711 3852 2840 3899 καθά-

1548 3933 1629 3980 περ
1652 3915 1750 3970 τοὺς
1774 3923 2042 3983 στρωματεῖς
2056 3953 2069 3978 ,
2093 3918 2267 3976 εὐτελῆ,
2285 3918 2353 3982 ἐφ’
2372 3922 2421 3974 ἧς
2441 3917 2737 3963 κατακεῖσθαι·
2759 3916 2837 3962 κά-

193 3995 2814 4027 ——-—————·—ss-————·———-—-———-———

807 4068 848 4107 1.

498 4160 535 4204 E
562 4130 1153 4206 LlnRo‘mJonEclMO.

241 4243 302 4296 be
320 4263 449 4307 pugna
465 4252 712 4306 (coronensi)
736 4255 900 4296 narrant
928 4253 1221 4308 cephisodorus
1243 4255 1345 4296 libro
1372 4256 1472 4306 duo-

1548 4096 1704 4138 decimo
1731 4099 1914 4139 Historias
1931 4099 2022 4139 belli
2038 4099 2161 4148 sacri,
2183 4100 2223 4138 et
2248 4098 2508 4139 Anaximenes
2529 4098 2852 4149 Philippicorum.

1549 4161 1651 4202 libro
1666 4165 1810 4214 quarto
1824 4192 1836 4214 ,
1853 4165 1894 4204 et
1909 4164 2090 4214 Ephorus
2105 4163 2206 4203 libro
2224 4161 2437 4202 tricesimo.
