3016 4628
253 300 343 339 296
1298 277 1558 327 PHANlAE
1605 274 1806 324 ERESII

859 408 905 452 9.

306 509 434 554 Idem
455 506 570 551 ibid
599 522 641 552 c.
668 520 764 563 27:
788 500 1052 558 Θουκυδίδης
1071 497 1146 562 μὲν
1172 518 1240 545 ουν
1263 498 1336 545 καὶ
1358 495 1517 559 Χάρων

237 583 258 624 6
286 574 579 642 ἱαμψακηνὸς
609 578 824 639 ἱστοροῦσι
848 571 1092 630 τεθνηκότος
1120 569 1283 635 Ξέρξου
1308 568 1412 631 πρὸς
1445 565 1516 612 τὸν

237 651 323 697 υἱὸν
372 652 500 696 αὐτου
538 667 599 713 τω
641 647 932 709 Θεμιστοκλεῖ
966 644 1161 708 γενέσθαι
1201 639 1276 698 τὴν
1319 636 1514 695 ἔντευξιν,

237 723 465 788 Ἔφορος
443 721 486 768 οὲ
513 719 587 767 καὶ
610 718 767 768 Δείνων
792 716 866 765 καὶ
891 717 1152 780 Κλείταρχος
1185 714 1257 760 καὶ
1284 709 1517 777 Ἡρακλεί-

238 797 335 852 δης,
362 793 424 841 ἔτι
450 794 485 840 δ’
526 791 647 838 ἄλλοι
681 789 889 848 πλείονες,
913 788 1016 853 πρὸς
1048 786 1172 834 αὐτὸν
1196 784 1420 851 ἀφικέσθαι
1443 780 1514 828 τὸν

237 885 299 913 :.
285 864 422 929 ίρξην.
450 867 553 916 Τοῖς
577 862 621 910 δὲ
644 862 853 927 χρονικοῖς
877 860 992 907 δοκεῖ
1021 859 1182 920 μᾶλλον
1206 861 1228 904 6
1251 854 1516 911 Θουκυδίδης

238 937 425 1003 συμφέρε
409 940 547 993 ε,σ6αι
568 934 721 998 καίπερ
745 932 834 980 οὐδ’
864 932 1003 985 αὐτοῖς
1029 928 1192 994 ἅτρεμα
1229 926 1513 989 συνταττομέ-

237 1030 333 1063 νοις.
362 1009 419 1058 ‘O
457 1008 494 1055 δ’
518 1026 589 1054 ουν
614 1006 911 1069 Θεμιστοκλῆς
946 1002 1165 1067 γενόμενος
1198 1003 1300 1065 παρ’
1327 999 1430 1046 αὐτὸ
1466 999 1513 1046 τὸ

238 1081 369 1128 δεινὸν
413 1080 660 1144 ἐντυγχάνει
706 1081 870 1142 πρῶτον
908 1074 1155 1139 Ἀρταὸάνῳ
1197 1077 1257 1120 τῶ
1299 1072 1513 1137 χιλιάρχω

235 1154 372 1218 λέγων
407 1150 608 1213 “Eu-m
602 1151 678 1198 μὲν
703 1154 829 1206 εἶναι,
858 1148 1081 1213 βουλεσθαι
1107 1148 1142 1194 δ’
1168 1148 1356 1210 ἐντυχεῖν
1384 1148 1512 1208 βασι-

237 1228 304 1273 λεῖ
341 1224 439 1290 περὶ
479 1223 688 1287 μεγίστων
724 1221 988 1288 πραγμάτων
1027 1239 1100 1266 και
1133 1218 1235 1285 πρὸς
1261 1219 1287 1264 ἃ
1311 1216 1512 1281 τυγχάνει

237 1298 425 1358 μάλιστα
449 1295 738 1349 σπουδάζων
721 1294 888 1346 εκεῖνος.
920 1292 974 1338 Ὁ
999 1291 1043 1339 δέ
1073 1311 1217 1357 φησιν,
1247 1313 1263 1332 α
1299 1282 1364 1337 Ω
1401 1288 1510 1348 ξένε,

236 1370 358 1430 νόμοι
402 1366 667 1433 διαφέρουσιν
706 1364 951 1429 ἀνθρώπων,
988 1364 1096 1411 ἄλλα
1132 1365 1169 1410 δ’
1195 1363 1337 1416 ἄλλοις
1373 1361 1510 1420 καλὰ,

236 1442 366 1488 καλὸν
398 1440 442 1487 δὲ
476 1447 583 1486 πᾶσι
607 1437 659 1485 τὰ
687 1438 818 1484 οἰκεῖα
851 1437 1022 1498 κοσμεῖν
1060 1435 1133 1482 καὶ
1168 1434 1329 1490 σώζειν.
1371 1433 1510 1496 Ὑμᾶς

238 1514 314 1573 μὲν
348 1508 419 1561 οὖν
454 1511 688 1575 ἐλευθερίαν
729 1510 916 1571 μάλιστα
954 1508 1182 1574 βαυμοίζειν
1220 1506 1293 1554 καὶ
1333 1505 1508 1563 ἰσότητα

535 1584 570 1601 αἱ

235 1587 378 1649 λόγος,
404 1588 507 1659 ἧημῗν
534 1603 574 1631 οε
609 1585 776 1630 πολλῶν
811 1581 950 1643 νόμων
985 1601 1057 1627 και
1081 1579 1272 1627 καλῶν”
1247 1599 1378 1627 οντων
1405 1579 1507 1626 κάλ-

235 1660 387 1711 ὶιστος
400 1650 517 1709 οὑτός
547 1658 663 1713 ἐστι,
695 1661 820 1716 τιμᾶν
853 1629 1031 1718 βασιλέα
1060 1653 1132 1699 καὶ
1170 1658 1419 1716 προσκυνεῖν
1444 1653 1507 1697 εἷ-

234 1748 337 1776 κονα
360 1733 453 1775 6εου
478 1732 549 1775 τοῦ
573 1726 625 1773 τὰ
652 1727 790 1773 πάντα
813 1726 1028 1782 σωζοντος.
1057 1728 1111 1774 Εἰ
1131 1725 1206 1788 μὲν
1232 1729 1302 1771 οὐν
1325 1743 1506 1771 επαινων

234 1801 287 1847 τὰ
311 1801 499 1865 ἡμέτερα
524 1798 954 1862 προσκυνήσεις,ἔστι
973 1818 1037 1845 σοι
1060 1816 1130 1844 και
1156 1796 1333 1862 βασιλέα
1352 1797 1506 1843 θεάσα·

234 1878 331 1920 σΟαι
367 1873 439 1919 καὶ
477 1878 739 1936 προσειπεῖν,
777 1874 812 1918 εἰ
846 1871 881 1917 δ’
908 1871 1011 1918 ἄλλο
1045 1890 1085 1916 τι
1109 1876 1288 1935 φρονεῖς,
1315 1869 1508 1933 ἀγγέλοις

234 1945 388 2010 ἑτέροις
406 1943 548 2007 χρήσῃ
571 1943 674 2008 πρὸς
697 1942 837 1990 αὐτόν·
861 1944 1029 2007 βασιλεῖ
1046 1942 1127 2006 γὰρ
1160 1943 1206 1988 οὐ
1226 1940 1402 2005 πάτριον
1427 1943 1506 1987 ἀν-

234 2018 326 2079 δρὸς
352 2019 581 2080 ἀκροᾶσθαι
611 2015 669 2076 μὴ
700 2014 1085 2079 προσκυνήσαντος.
1112 2037 1130 2054 >³
1154 2017 1304 2062 Ταῦτα
1328 2016 1349 2059 ὁ
1368 2016 1505 2075 Θεμι-

233 2091 414 2145 στοκλῆς
438 2087 622 2140 ἀκούσας
642 2087 753 2149 λέγει
774 2086 876 2151 πρὸς
898 2086 1039 2133 αὐτόν·
1075 2109 1093 2128 α
1130 2086 1244 2133 Ἀλλ’
1272 2084 1404 2149 ἔγωγε
1429 2085 1505 2144 τὴν

233 2160 465 2222 βασιλέως,
487 2151 522 2205 ὦ
555 2158 783 2223 Ἀρτάὸανε
798 2196 809 2217 ,
830 2158 976 2224 φήμην
997 2158 1071 2205 καὶ
1100 2157 1276 2220 δύναμιν
1311 2157 1506 2216 αὐξήσων

232 2235 412 2294 ἀφῖγμαι
435 2230 506 2276 καὶ
544 2230 665 2283 αὐτός
686 2250 730 2276 τε
751 2230 954 2292 πείσομαι
978 2231 1063 2284 τοῖς
1086 2229 1301 2295 ὑμετέροις
1333 2230 1502 2294 νόμοις,

230 2303 319 2348 ἐπεὶ
361 2306 441 2367 Θεῷ
475 2305 534 2365 τῷ
574 2302 857 2364 μεγαλύναντι
893 2301 1066 2367 Πέρσας
1097 2301 1206 2349 οὕτω
1249 2305 1388 2362 δοκεῖ,
1428 2304 1502 2351 καὶ

230 2376 280 2420 δι’
328 2375 401 2437 ἐμὲ
450 2374 634 2427 πλείονες
668 2378 750 2420 τῶν
791 2379 862 2421 νῦν
903 2373 1082 2439 βασιλέα
1123 2374 1503 2439 προσκυνήσουσιν·

238 2445 258 2462 a'

228 2467 334 2493 ωστε
383 2450 503 2494 τοῦτο
545 2445 677 2506 μηδὲν
719 2446 915 2508 ἐμποδὼν
956 2446 1066 2493 ἔστω
1112 2447 1196 2500 τοῖς
1237 2446 1397 2510 λόγοις,
1435 2447 1506 2504 οὒς

841 2591 883 2629 9.

279 2654 523 2704 Thucydides
540 2658 579 2694 et
605 2656 759 2695 Charon
775 2659 1063 2707 Lampascenus
1078 2659 1263 2707 narrant,
1282 2661 1412 2697 Xerxe
1426 2658 1506 2708 jam

230 2721 319 2757 ante
352 2719 557 2767 defuncto,
602 2719 649 2757 ad
689 2719 815 2758 silium
850 2721 934 2769 ejus
974 2722 1125 2760 venisse
1155 2721 1462 2762 Themistoclem
1495 2734 1504 2761 :

234 2786 429 2834 Ephorus,
451 2786 551 2824 Dino
564 2815 573 2833 ,
592 2787 810 2826 Clitarchus
825 2818 835 2836 ‚
858 2788 1080 2827 Heraclides
1092 2819 1103 2837 ,
1122 2787 1267 2838 aliique
1282 2790 1508 2839 complures

231 2849 278 2886 :ul
301 2849 425 2898 ipsum
447 2851 612 2888 Xerxem
633 2849 806 2890 delatum
828 2849 1020 2891 scribunt.
1038 2852 1208 2892 Videtur
1238 2854 1373 2893 autem
1394 2853 1509 2893 Thu«

232 2911 387 2960 cydidoe
406 2912 563 2951 annales
591 2914 711 2962 magis
738 2916 895 2953 secutus
910 2945 921 2964 ,
942 2927 1170 2966 quanquam
1191 2918 1232 2956 et
1252 2917 1292 2956 hi
1322 2917 1395 2968 ipsi
1425 2929 1506 2957 non

232 2983 323 3021 salis
341 2985 520 3022 accurate
535 2983 634 3023 inter
659 2996 700 3024 se
722 2989 955 3037 congruunt.
972 2988 1254 3030 Themistocles
1277 3001 1403 3041 quum
1421 2990 1506 3040 jam

234 3048 270 3085 ιιι
296 3059 463 3097 prmsens
491 3048 697 3088 discrimen
728 3050 915 3100 venisset,
946 3053 1073 3102 primo
1109 3055 1288 3094 omnium
1320 3055 1507 3095 convenit

238 3111 472 3149 ‚in-lalmnum
494 3111 660 3151 militum
682 3114 931 3164 praesectum,
966 3117 1078 3164 eique
1109 3118 1292 3168 exponit,
1318 3121 1505 3159 Graecum

234 3188 273 3212 se
301 3186 383 3213 esse
397 3206 407 3223 ,
428 3186 570 3226 cupere
589 3179 721 3216 autem
741 3188 832 3217 cum
854 3190 939 3230 rege
960 3181 1010 3221 de
1032 3183 1215 3222 maximis
1235 3184 1377 3234 rebus,
1406 3186 1446 3224 et
1465 3185 1505 3224 in

235 3239 380 3286 quibus
401 3238 463 3277 ille
479 3239 690 3288 plurimum
706 3241 822 3280 studii
844 3246 1025 3293 poneret,
1043 3247 1227 3296 colloqui.
1247 3248 1323 3288 Cui
1342 3248 1502 3288 Artaba·

235 3313 308 3340 nus
320 3332 330 3350 ,
352 3318 367 3333 α
388 3304 504 3351 Leges
516 3331 527 3351 ‚
549 3303 674 3353 inquit
688 3334 698 3351 ,
716 3316 739 3342 ο
753 3305 910 3356 hospes,
928 3309 1013 3347 aliae
1030 3311 1121 3348 sunt
1139 3311 1244 3360 apud
1260 3311 1358 3352 alios
1379 3311 1507 3351 homi-

238 3384 251 3394 ..
275 3376 351 3409 nes,
360 3364 590 3415 diversaque
598 3367 700 3416 apud
713 3368 1303 3423 diversoshonestajudicantur,
1320 3375 1506 3416 omnibus

235 3445 252 3461 «ι
276 3433 404 3468 tamen
430 3441 480 3468 ex
499 3441 613 3480 aequo
634 3432 839 3481 pulchrum
858 3434 1024 3484 videtur,
1047 3448 1139 3477 suas
1169 3449 1312 3479 ornare
1343 3443 1382 3479 et
1410 3451 1505 3479 con·

238 3512 251 3520 ··
275 3503 430 3532 servare
455 3492 568 3541 leges.
593 3496 669 3533 Vos
684 3496 800 3535 audio
818 3508 896 3547 pra:
913 3499 1050 3538 ceteris
1066 3500 1284 3541 libert-atem
1308 3505 1348 3543 et
1370 3514 1505 3554 aequa·

237 3570 254 3586 «ι
276 3556 425 3595 litatem
443 3556 648 3605 ailmirari3
672 3559 774 3608 apud
799 3572 868 3600 nos
886 3565 1017 3602 autem
1041 3576 1165 3614 quum
1185 3568 1321 3607 multae
1345 3570 1423 3609 sint
1459 3580 1506 3609 ac

237 3635 252 3644 «ι
276 3618 449 3667 pulchrae
474 3620 595 3670 lego-s,
614 3632 657 3659 ca
684 3623 860 3661 omnium
890 3628 1203 3674 praestantissima
1229 3632 1309 3680 ost,
1331 3643 1421 3682 quae
1441 3633 1506 3673 ho·

238 3700 252 3709 .,
278 3694 414 3722 horare
454 3696 605 3733 regem,
647 3686 886 3737 adorare-que
914 3701 1030 3739 eum,
1064 3694 1250 3743 tanquam
1280 3696 1342 3735 dei
1376 3698 1509 3737 omnia

238 3765 250 3772 .,
278 3749 543 3787 conservantis
583 3749 772 3799 vuigienn,
807 3752 933 3800 jubet.
968 3757 1096 3800 Quare
1123 3757 1155 3796 si
1196 3761 1348 3800 nostros
1380 3772 1510 3802 mores

237 3827 250 3837 ιι
278 3810 419 3859 probas
445 3814 481 3851 et
514 3824 636 3860 genna
669 3813 821 3853 flectere
857 3828 987 3855 coram
1016 3830 1102 3868 rege
1135 3820 1214 3868 vis,
1249 3822 1404 3863 videndi
1437 3826 1509 3865 tibi

236 3889 252 3903 «ι
275 3876 611 3927 ‹orripellandique
633 3878 718 3927 ejus
744 3879 906 3920 simultas
936 3882 1041 3921 erit:
1065 3884 1122 3922 sin
1143 3884 1254 3924 aliter
1284 3889 1423 3938 sentis,
1446 3890 1507 3929 in-

238 3954 253 3967 υ
281 3940 489 3978 lernnnciis
508 3941 555 3979 ad
574 3953 664 3982 eum
683 3946 749 3981 ιιῑι·
754 3943 802 3982 ιιιῗ
809 3955 874 3983 um
897 3945 966 3985 tihi
987 3949 1056 3985 cst.
1088 3950 1176 3998 Regi
1195 3951 1297 3990 enim
1315 3953 1415 4002 leges
1437 3966 1508 4004 pa-

236 4016 251 4029 «
278 4001 361 4039 trin·
379 4014 454 4041 ιιοιι
474 4005 726 4054 permittunt,
746 4009 789 4045 ut
807 4008 953 4048 homini
980 4010 1048 4059 qui
1070 4011 1140 4060 ipsi
1166 4024 1242 4052 non
1263 4017 1508 4066 supplicave-

239 4083 252 4092 ἰ
277 4065 346 4112 rit,
372 4077 485 4106 aures
515 4069 801 4110 acconnu‹›d‹.·.t
868 4073 921 4110 ,ld
943 4072 1026 4111 lunc
1049 4074 1358 4117 Themistocles:
1380 4095 1397 4113 «
1429 4083 1509 4131 kgo

238 4138 348 4176 w·‚ro
378 4131 591 4177 inmane,
622 4133 718 4180 rogis
738 4146 800 4173 ve
787 4088 853 4174 lii
878 4136 1041 4184 gloriam
1070 4139 1188 4188 atquc
1207 4142 1416 4189 potentiam
1445 4155 1508 4183 au·

235 4159 348 4238 gsncli
379 4203 491 4231 ‹wusa
525 4196 609 4234 voni
642 4213 648 4235 z
680 4198 811 4249 ilaqm·
843 4202 876 4237 vl
913 4201 990 4249 ipw
1012 4202 1155 4252 parcho
1181 4204 1317 4243 vesu-is
1339 4205 1507 4258 legibus,

1596 380 1804 443 βούλομαι
1851 378 1953 442 πρὸς
2003 378 2158 424 ἐκεῖνον
2195 377 2345 422 εἰπεῖν.
2393 396 2411 416 »
2453 397 2473 416 «
2515 375 2628 424 Τίνα
2662 377 2724 437 δ’,
2761 371 2882 429 εἶπεν

1593 456 1615 499 6
1649 450 1928 516 Ἀρτοὶὅανος,
1953 447 2173 506 Ἑλλήνων
2207 445 2387 510 ἀφῖχθαί
2417 465 2465 493 σε
2504 451 2678 512 φῶμεν;
2715 453 2762 498 οὗ
2797 451 2882 519 γὰρ

1594 522 1741 585 ἰδιώτῃ
1785 521 1862 579 τὴν
1904 519 2080 612 γνώμην
2127 519 2281 571 ἔοικας.
2321 539 2340 559 »
2370 517 2463 566 Και
2497 522 2521 566 ὁ
2554 521 2886 584 Θεμιστοκλης,

1594 618 1612 636 α
1631 596 1760 643 Ἰοῦτ’
1782 592 1921 640 οὐκέτ’
1940 591 1990 638 ἂν
1999 590 2135 656 ,gp-r),
2155 589 2331 637 πύθοιτό
2349 609 2434 650 τις,
2453 590 2707 656 Ἀρτοίὸανε,
2726 595 2884 661 πρότε-

1593 685 1659 731 ρος
1685 664 1954 730 βασιλέως.»
1985 662 2116 712 Οὕτω
2141 661 2219 725 μὲν
2240 664 2262 708 6
2282 659 2452 716 Φανίας
2473 663 2617 727 φησίν·
2643 667 2666 712 6
2689 666 2728 712 δ’
2750 667 2765 684 ³
2862 694 2884 707 .

1590 736 1714 785 τοσθέ
1695 756 1789 794 νης
1814 756 1855 783 εν
1880 739 1967 790 τοῖς
1999 734 2110 800 Περὶ
2140 733 2326 782 πλούτου
2357 735 2699 823 προσιστόρησε
2705 737 2774 786 διὰ
2801 758 2883 803 γυ-

1590 809 1733 863 ναικὸς
1768 808 2039 873 Ἐρετρικῆς,
2074 806 2128 863 ἣν
2162 808 2185 852 6
2216 805 2443 871 χιλίαρχος
2477 811 2597 871 εἶχε,
2640 811 2703 875 τῷ
2739 809 2882 873 Θεμι-

1592 879 1848 938 στοκλεῖτὴν
1862 879 1966 945 πρὸς
1991 877 2118 927 αὐτὸν
2137 877 2320 934 ἔντευξιν
2344 877 2541 943 γενέσθαι
2559 880 2635 928 και
2657 900 2881 933 συστασιν

2197 981 2271 1011 10.

1654 1055 1788 1099 Idem
1810 1055 1927 1103 ibid.
1969 1070 2009 1100 c.
2051 1069 2130 1113 29,
2163 1050 2447 1106 10.·Πόλεις
2471 1053 2508 1099 δ’
2536 1054 2653 1119 αὐτῶ
2678 1054 2881 1120 (Themi-

1588 1127 1721 1170 stocli
1745 1126 1802 1170 ab
1834 1125 2107 1187 Altaxerxe)
2134 1130 2248 1186 τρεῖς
2286 1123 2365 1189 μὲν
2403 1127 2442 1172 οἷ
2477 1101 2671 1174 πλεῖστοι
2708 1125 2882 1187 δοθηναι

1589 1195 1783 1259 λέγουσιν
1806 1194 1911 1248 εἰς”
1883 1214 2011 1259 αρτον
2031 1194 2106 1241 καὶ
2127 1199 2237 1243 οἶνον
2269 1194 2344 1242 καὶ
2371 1195 2494 1262 ὄψον,
2517 1197 2778 1261 Μαγνησίαν
2805 1199 2881 1248 καὶ

1588 1268 1830 1333 Λάμψακον
1871 1267 1944 1314 καὶ
1978 1269 2209 1316 Μυοῦντα·
2247 1267 2322 1315 δύο
2359 1268 2395 1316 δ’
2430 1268 2565 1324 ἄλλας
2598 1270 2880 1336 προστίθησιν

1587 1343 1609 1386 6
1632 1340 1865 1399 Κυζικηνὸς
1894 1339 2087 1398 Νεάνθης
2103 1341 2177 1387 καὶ
2201 1329 2398 1400 Φανίας,
2422 1341 2662 1408 Περκώτην
2681 1342 2756 1391 καὶ
2777 1340 2878 1394 Πα-

1589 1411 1838 1478 λαίσκηψιν,
1859 1414 1915 1465 εἷς
1942 1411 2170 1477 στρώμνην
2190 1413 2264 1460 καὶ
2294 1414 2564 1479 ἀμπεχόνην.
2588 1409 2764 1463 Eadem
2782 1433 2881 1464 non

1585 1487 1751 1544 injecta
1763 1487 1946 1531 Phaniae
1966 1489 2204 1533 mentione
2226 1489 2472 1535 Athenaeus
2487 1505 2537 1550 p.
2554 1505 2634 1550 29,
2652 1491 2706 1548 F,
2729 1491 2893 1540 schoh‘

1585 1560 1644 1604 ad
1668 1560 1904 1619 Aristoph.
1930 1561 2016 1619 Eq.
2042 1559 2120 1612 84.

2201 1657 2273 1686 11.

1650 1727 1895 1794 Athepaeus
1911 1728 1952 1784 I,
1974 1743 2021 1787 p.
2045 1727 2121 1785 48,
2140 1727 2213 1775 D:
2248 1725 2337 1774 Τὸν
2372 1721 2445 1789 οὖν
2479 1729 2634 1792 Κρῆτα
2671 1727 2878 1793 Τιμαγό-

1586 1816 1661 1860 ραν
1675 1836 1686 1856 ,
1706 1796 1734 1855 ἢ
1755 1797 1826 1844 τὸν
1846 1799 1895 1844 ἐκ
1918 1799 2127 1864 Γόρτυνος
2152 1800 2269 1862 (scr.
2294 1801 2392 1847 vid.
2411 1803 2609 1848 'Voisino
2631 1800 2704 1849 τὸν
2726 1794 2799 1857 οὖν
2822 1806 2876 1852 Τ.

1583 1867 1610 1926 ἢ
1634 1868 1704 1916 τὸν
1728 1871 1777 1916 ἐκ
1805 1870 2014 1934 Γόρτυνος
2042 1871 2258 1936 Κρῆτα),
2284 1870 2342 1926 ὥς
2368 1891 2473 1939 φησι
2497 1872 2671 1933 Φανίας
2695 1876 2720 1922 6
2743 1875 2880 1940 Περι-

1583 1942 1843 2003 πατητικὸς,
1883 1941 2112 2006 Ἔντιμον,
2145 1941 2189 1998 ὃς
2221 1944 2338 2011 ζήλῳ
2360 1944 2708 2009 Θεμιστοκλέους
2740 1944 2877 2009 ἅνέὸη

1583 2017 1641 2068 ὡς
1682 2014 1895 2079 βασιλέα,
1921 2019 2058 2077 τιμῶν
2094 2013 2392 2083 Ἀρταξέρξης,
2432 2017 2595 2078 σκηνήν
2633 2037 2680 2067 τε
2719 2018 2875 2068 ἔδωκεν

1584 2088 1701 2152 αὐτῷ
1749 2087 2034 2154 διαφέρουσαν
2076 2087 2125 2136 τὸ
2163 2089 2320 2144 κάλλος
2354 2089 2429 2138 καὶ
2464 2090 2514 2138 τὸ
2553 2089 2760 2155 μέγεθος,
2800 2091 2876 2140 καὶ

1583 2159 1731 2218 κλίνην
1757 2161 2054 2226 ἀργυρόποδα,
2093 2160 2260 2228 ἔπεμψε
2293 2162 2338 2210 δὲ
2362 2162 2436 2212 καὶ
2471 2162 2708 2229 στρῴματα
2739 2165 2875 2212 πολυ-

1582 2236 1708 2291 τελη,
1745 2233 1819 2280 καὶ
1854 2233 1926 2281 τὸν
1965 2233 2321 2299 υποστρώσοντα,
2359 2235 2539 2301 φάσκων
2572 2237 2650 2284 οὔκ
2695 2234 2878 2285 ἐπίστα-

1583 2309 1681 2352 σθαι
1705 2304 1799 2359 τους
1824 2304 2046 2364 ’Έλληνας
2080 2307 2440 2372 ὑποστρωννύειν.
2469 2308 2558 2358 Καὶ
2587 2307 2658 2356 ἐπὶ
2679 2307 2730 2356 τὸ
2763 2327 2879 2374 συγ-

1582 2377 1745 2440 γενικὸν
1769 2377 1940 2443 ἄριστον
1981 2380 2176 2427 ἐκαλεῖτο
2207 2383 2229 2428 6
2260 2379 2382 2446 Κρὴς
2413 2373 2554 2441 ουτος,
2583 2380 2656 2428 τὸν
2695 2377 2876 2445 βασιλέα

1581 2450 1926 2515 ψυχαγωγήσας·
1965 2451 2070 2516 ὅπερ
2110 2452 2248 2500 οὖδενι
2285 2452 2492 2520 πρότερον
2533 2455 2617 2501 τῶν
2651 2451 2889 2512 Ἑλλήνωνι

1584 2590 1743 2639 quando
1759 2590 1815 2630 ita
1836 2591 1965 2631 visum
1992 2592 2067 2632 deo
2093 2593 2164 2643 qui
2194 2595 2334 2633 Persas
2348 2592 2531 2644 extollit,
2561 2594 2603 2634 et
2621 2593 2783 2644 propter
2811 2599 2878 2632 me

1580 2655 1716 2704 plures
1729 2684 1740 2703 ,
1756 2666 1879 2706 quam
1895 2667 2003 2696 nunc
2021 2660 2136 2708 sunt,
2154 2659 2273 2698 erunt
2291 2658 2360 2709 qui
2386 2670 2518 2710 regem
2544 2658 2734 2710 adorent3
2752 2668 2877 2710 quare

1581 2718 1677 2757 nihil
1695 2719 1770 2758 hoc
1786 2719 1951 2770 impedit
1967 2721 2181 2772 quominus
2195 2733 2289 2761 cum
2318 2733 2409 2772 rege
2427 2723 2647 2773 colloquar.
2667 2738 2688 2758 n
2717 2738 2736 2758 ιι
2760 2721 2878 2771 Quod

1579 2784 1736 2831 autem,
1761 2783 1892 2833 inquit
1918 2784 2164 2835 Artabanus,
2187 2796 2334 2824 nomen
2357 2785 2432 2825 tibi
2454 2796 2538 2826 esse
2561 2786 2641 2836 regi
2662 2785 2874 2841 indicabo?

1579 2858 1710 2898 neque
1724 2848 1830 2887 enim
1846 2849 2022 2899 vulgaris
2036 2849 2210 2890 hominis
2231 2850 2411 2889 animum
2440 2861 2523 2900 prae
2545 2851 2588 2890 te
2610 2848 2702 2891 fers.
2729 2866 2749 2886 υ
2773 2853 2878 2891 Tum

1580 2913 1865 2953 Themistocles
1886 2929 1897 2953 :
1916 2929 1936 2949 «
1954 2917 2108 2955 Nomen
2119 2943 2132 2965 ‚
2145 2915 2345 2955 Artabane
2356 2945 2368 2963 ,
2381 2926 2517 2955 meum
2529 2925 2648 2955 nemo
2664 2906 2876 2966 quisquam

1579 2989 1670 3028 rege
1689 2978 1796 3029 prior
1810 2978 1958 3019 audiet.
1976 2995 1996 3014 2>
2014 2981 2112 3019 Haec
2127 2979 2302 3018 narratio
2321 2981 2380 3019 est
2404 2979 2576 3019 Phaniae.
2594 2979 2878 3019 Eratosthenes

1578 3041 1620 3080 in
1645 3053 1765 3092 opere
1787 3041 1838 3082 de
1861 3036 2017 3082 Divitiis
2039 3043 2256 3096 narrationi
2273 3042 2316 3082 id
2333 3042 2500 3093 adjecit,
2520 3042 2638 3082 fuisse
2651 3042 2876 3083 Themisto-

1579 3106 1630 3144 cli
1645 3105 1799 3146 aditum
1817 3105 1868 3145 ad
1897 3106 2146 3146 Artabanum
2174 3107 2295 3156 atque
2321 3116 2575 3156 congressum
2606 3108 2792 3157 paratum
2818 3105 2873 3146 ab

1579 3169 1698 3219 huJus
1714 3170 1900 3219 muliere,
1916 3180 2007 3220 quae
2033 3170 2193 3210 natione
2211 3170 2330 3210 fuerit
2349 3170 2538 3211 Eretrica.

1632 3304 1813 3354 Plerique
1824 3305 2007 3344 auctores
2021 3304 2186 3344 tradunt
2197 3304 2454 3344 Themistocli
2466 3304 2518 3344 ab
2529 3305 2751 3345 Artaxerxe
2763 3304 2877 3346 datas

1578 3378 1662 3408 esse
1673 3369 1754 3408 tres
1765 3367 1958 3418 civitates,
1968 3379 2139 3419 quarum
2151 3379 2173 3408 e
2186 3367 2380 3408 reditibus
2389 3378 2549 3418 panem,
2557 3367 2699 3408 vinum
2709 3369 2751 3409 et
2764 3368 2882 3419 obeo(
2943 3419 2946 3422 ἢ

1578 3432 1644 3471 nia
1659 3433 1837 3482 pararet,
1853 3431 2107 3481 Magnesiam,
2123 3433 2385 3482 Lampsacum
2397 3432 2439 3472 et
2453 3431 2658 3482 Myuutem
2673 3446 2684 3471 ι
2697 3431 2797 3476 duas
2806 3431 2876 3473 ad·
2939 3467 2941 3470 ⁴

1579 3497 1679 3536 dunt
1695 3497 1746 3536 ad
1758 3498 1907 3537 vestem
1925 3497 2137 3547 stragulam
2151 3497 2191 3536 et
2203 3497 2395 3536 amictum
2411 3495 2447 3535 ei
2463 3502 2669 3536 concessas
2679 3495 2878 3537 Neanthes
2931 3527 2943 3547 ,η

1581 3561 1801 3611 Cyzicenus
1827 3562 1867 3600 et
1894 3560 2083 3610 Phanias,
2100 3560 2290 3600 nimirum
2322 3561 2512 3600 Percoten
2541 3559 2581 3598 et
2598 3558 2876 3618 Paloescepsinf
2912 3567 2917 3578 ⁹
2937 3570 2939 3574 ·

1633 3702 1904 3752 Timagoran),
1923 3702 2011 3751 vel,
2029 3703 2074 3741 ut
2088 3701 2145 3741 ait
2162 3701 2331 3744 Phanias
2346 3699 2655 3751 Peripateticus,
2670 3699 2884 3746 Eutimum.
2926 3708 2931 3713 “

1582 3775 1604 3803 e
1636 3766 1808 3815 Gortyne
1842 3766 2094 3815 cretensem,
2127 3764 2196 3815 qui
2223 3763 2482 3803 aemulatione
2509 3762 2790 3804 Themistoclis
2811 3762 2877 3808 ad
2912 3770 2936 3799 ἐ·

1582 3839 1714 3879 regern
1735 3829 1934 3879 profectus
1956 3828 2063 3877 erat,
2087 3829 2330 3868 Artaxerxes
2355 3826 2517 3867 honoris
2541 3836 2681 3866 caussa
2703 3825 2906 3868 tentorio
2911 3826 2933 3865 ᾗ

1582 3891 1768 3931 donavit
1759 3892 1896 3942 insigni
1909 3857 2203 3942 pulchritudine
2212 3890 2565 3941 amplitudineque,
2573 3890 2614 3930 et
2624 3889 2730 3930 lecto
2740 3899 2877 3940 uffin-
2894 3898 2919 3921 Η
2926 3877 2939 3923 ,i

1582 3956 1655 3995 teis
1675 3955 1840 4006 pedibus
1854 3956 2040 4004 suffult03
2057 3956 2311 4006 stragulaque
2326 3955 2361 3995 ei
2381 3954 2490 3994 misit
2516 3944 2712 4005 pretiosa,
2730 3954 2771 3995 et
2795 3952 2907 4000 Ιιο--έ
2894 3976 2923 4008 2

1583 4020 1731 4059 minem
1751 4019 1820 4071 qui
1847 4030 1894 4059 ea
1923 4020 2139 4069 sterneret,
2174 4019 2325 4059 nescire
2343 4018 2528 4059 dictitans
2546 4020 2707 4072 Graecos
2725 4011 2899 4058 lectuna
2903 4074 2906 4075 ⁷

1582 4087 1768 4124 sternere.
1808 4086 1854 4124 Et
1874 4084 1924 4123 ad
1953 4085 2211 4133 cognatorum
2231 4083 2467 4124 convivium
2493 4083 2659 4123 vocatus
2687 4081 2753 4123 hie
2775 4083 2891 4128 Cre·
2884 4078 2941 4151 ’ἦ

1583 4147 1703 4187 tensis
1728 4148 1807 4193 θεῖς
1851 4146 1932 4196 (ita
1955 4146 2056 4198 regis
2089 4147 2330 4190 demulserat
2365 4147 2575 4187 animum,
2589 4145 2603 4195 )
2631 4145 2736 4196 quod
2774 4131 2941 4188 nuni-³².

1584 4215 1838 4262 Giaecoium,
1861 4222 1930 4252 nec
1960 4215 2072 4261 ante,
2098 4222 2169 4252 nec
2198 4212 2428 4262 posthunc,
2447 4210 2640 4262 contigit:
2668 4211 2891 4267 ΜωευΙίφ
2903 4217 2934 4249 i
