3016 4628
1068 302 1073 307 ’
1181 263 1969 379 ANDRONES.
2043 327 2052 331 x

335 745 582 793 Andrones
619 743 942 803 distinguimus
984 747 1224 798 quattuor,
1269 733 1514 793 Ephesium
1530 765 1542 786 ,

258 820 697 866 Halicarnassensem
707 850 720 872 ‚
735 814 915 874 Tejum,
934 809 1317 857 Alexandrinum.
1334 807 1545 862 Quorum

258 892 466 936 omnium
489 890 672 934 enotavi
686 887 954 948 fragmenta,
970 883 1052 927 etsi
1071 880 1292 940 Ephesius
1311 877 1388 921 ille
1407 885 1545 935 atque

258 962 395 1022 Tejus
406 978 461 1008 ex
478 962 673 1006 instituti
687 960 830 1004 nostri
842 958 1021 1002 ratione
1038 953 1189 999 omitti
1201 950 1456 1010 potuissent
1468 945 1540 1009 (⁴‘),

323 1035 517 1079 Andron
537 1032 762 1093 Ephesius
783 1042 993 1088 expresse
1022 1027 1191 1070 citatur
1218 1022 1333 1066 locis
1357 1019 1545 1064 duobus

262 1098 277 1160 (
296 1100 356 1146 fr.
379 1114 406 1144 α
429 1108 475 1143 et
501 1097 582 1157 5),
602 1111 719 1156 quos
740 1091 1024 1153 comparanti
1047 1105 1153 1134 cum
1173 1089 1226 1132 iis
1246 1101 1348 1145 quae
1370 1084 1429 1128 fr.
1454 1099 1473 1128 1
1499 1091 1545 1127 et

258 1172 288 1217 6
309 1188 367 1217 ex
402 1172 597 1232 Tripode
619 1169 844 1212 Andronis
868 1164 1143 1217 afferuntur,
1168 1160 1295 1203 nulla
1317 1157 1542 1215 relinqui-

258 1252 335 1289 tur
357 1243 607 1298 dubitatio,
629 1241 741 1299 quin
756 1246 918 1283 auctor
936 1235 1071 1294 hujus
1095 1233 1250 1293 operis
1271 1231 1330 1275 sit
1343 1228 1543 1274 Andron

260 1317 495 1376 Ephesius.
521 1317 856 1374 Argumentum
875 1307 1136 1368 scriptionis
1157 1304 1217 1349 de
1243 1310 1420 1362 septem
1444 1308 1542 1345 erat

258 1388 565 1448 sapientibus3
598 1386 756 1429 titulus
792 1399 817 1426 a
848 1379 1036 1440 tripode
1075 1380 1161 1423 isto
1194 1376 1416 1436 repetitus
1449 1388 1542 1418 esse

259 1460 460 1516 videtur,
487 1459 567 1518 qui
598 1456 871 1516 sapientium
897 1452 1146 1496 destinatus
1172 1457 1270 1494 erat
1297 1446 1541 1506 sapientis-

259 1534 393 1576 simo.
424 1557 489 1564 ——
517 1530 708 1588 Scripsit
729 1535 906 1581 auctor,
940 1531 1186 1580 antequam
1205 1520 1540 1578 Theopompus

261 1604 515 1663 Philippica
543 1617 621 1645 sua
645 1599 909 1645 absolvisset
951 1594 1086 1655 (vide
1120 1593 1178 1637 fr.
1213 1590 1292 1653 6).
1325 1592 1542 1649 Quamvis

258 1677 380 1719 enim
397 1691 498 1734 quae
515 1674 573 1718 de
590 1673 722 1717 furtis
742 1667 1031 1728 Theopompi
1050 1665 1336 1724 Porphyrius
1358 1663 1538 1723 prodit,

259 1748 380 1790 haud
405 1747 561 1806 magni
579 1744 795 1804 equidem
819 1742 998 1796 faciam,
1022 1747 1175 1782 tamen
1197 1736 1256 1781 ad
1276 1745 1540 1798 temporum

258 1820 458 1863 rationes
481 1833 584 1869 eum
605 1818 653 1868 in
677 1823 938 1861 commento
963 1815 1049 1857 isto
1071 1809 1314 1855 attendisse
1340 1825 1540 1854 consen—

258 1900 440 1936 taneum
476 1899 557 1935 est.
588 1891 801 1935 Ceterum
826 1894 999 1946 quanto
1033 1885 1389 1943 Theopompum
1411 1892 1541 1928 aetate

258 1963 453 2008 Andron
472 1963 769 2022 superaverit,
786 1959 1041 2004 accuratius
1056 1957 1147 2001 dici
1165 1957 1340 2015 nequit.
1356 1958 1382 2000 J
1386 1958 1542 2003 onsius

258 2035 386 2098 (Ser.
422 2037 528 2080 hist.
563 2035 676 2094 phil.
710 2036 756 2090 I,
785 2033 836 2088 8,
875 2027 932 2094 2)
970 2030 1172 2094 Philippi
1203 2029 1414 2088 Amyntae
1456 2028 1542 2073 filii

256 2109 475 2166 :equalem
510 2107 640 2151 fuisse
673 2113 915 2161 asseverat,
939 2103 1070 2147 nullo
1098 2111 1252 2146 tamen
1274 2102 1379 2146 satis
1402 2100 1540 2146 firmo

260 2195 366 2224 usus
390 2187 679 2240 argumento.
705 2178 887 2223 Scilicet
910 2190 1049 2235 quem
1081 2174 1360 2233 Apollonius
1383 2171 1396 2237 (
1417 2175 1536 2220 Hist.

255 2251 361 2296 Mir.
389 2266 428 2296 c,
459 2250 486 2294 8
506 2248 523 2312 )
546 2248 702 2294 laudat
722 2244 940 2312 Ἄνδρωνα
968 2248 1009 2293 ἐν
1033 2244 1068 2291 δ’
1084 2246 1168 2291 τῶν
1189 2242 1294 2308 πρὸς
1316 2242 1540 2291 Φίλιππον

256 2323 426 2378 Θυσιῶν,
448 2322 696 2382 Ephesium
719 2336 812 2366 esse
836 2321 1016 2380 statuit,
1043 2319 1124 2378 qui
1145 2334 1263 2378 opus
1285 2317 1344 2362 de
1367 2317 1543 2363 sacrifi-

256 2396 336 2440 ciis
354 2395 413 2440 ad
441 2396 703 2455 Philippum
730 2408 886 2455 regem
905 2393 1155 2453 scripserit.
1189 2391 1423 2451 Equidem
1457 2393 1542 2437 etsi

254 2467 515 2527 Philippum
538 2467 662 2511 hunc
686 2480 779 2510 esse
805 2463 954 2509 filium
978 2466 1190 2524 Amyntae
1214 2464 1542 2522 concesserim,

257 2554 374 2598 opus
410 2549 560 2584 tamen
596 2539 654 2583 de
698 2536 931 2582 sacrificiis
977 2536 1037 2581 ad
1082 2537 1225 2580 alium
1268 2536 1543 2582 Andronem

255 2611 417 2669 majori
438 2627 542 2655 cum
559 2609 970 2654 verisimilitudinis
989 2609 1142 2668 specie
1163 2607 1330 2653 referri
1354 2624 1538 2654 cense0.

322 2684 508 2727 Andron
544 2685 676 2740 TeJ‘us
716 2682 895 2742 scripsit
932 2681 1185 2741 Periplum.
1228 2682 1412 2726 Nomen
1447 2681 1544 2741 ejus

259 2756 492 2815 scriptoris
528 2756 575 2798 in
607 2751 813 2818 Ἀκαρίων
849 2763 1125 2814 corruptum
1163 2768 1257 2799 esse
1291 2755 1428 2798 statui
1462 2770 1540 2814 ap.

262 2827 406 2873 schol.
443 2827 598 2886 Apoll.
634 2827 726 2871 Rh.
764 2828 836 2883 ΙΙ,
883 2825 989 2871 168.
1024 2825 1164 2884 Quod
1194 2827 1230 2870 si
1256 2841 1421 2871 verum
1455 2837 1547 2888 est,

265 2900 470 2957 sequitur
493 2898 761 2943 Andronem
797 2898 1064 2959 Nymphide
1087 2900 1374 2944 Heracliensi
1408 2899 1544 2947 fuisse

264 2971 587 3030 antiquiorem.
607 2972 687 3027 Ac,
704 2971 790 3014 nisi
815 2972 996 3032 egregie
1017 2971 1168 3028 fallor,
1191 2973 1365 3031 Peripli
1385 2982 1552 3019 auctor

267 3043 389 3088 idem
414 3052 479 3098 est
503 3058 606 3086 cum
630 3042 851 3087 Androne
871 3043 982 3102 Tejo
999 3077 1011 3100 ,
1037 3044 1224 3089 Cebalei
1246 3042 1372 3102 filio,
1410 3061 1551 3105 quem

267 3116 482 3160 comitem
526 3114 775 3160 Alexandri
812 3117 877 3163 M.
917 3125 1054 3176 atque
1086 3133 1234 3161 unum
1262 3132 1318 3162 ex
1354 3117 1553 3164 ducibus

267 3188 567 3247 navigationis
588 3186 760 3231 Indicae
779 3186 911 3232 fuisse
927 3190 1138 3233 novimus
1160 3204 1217 3234 ex
1236 3190 1423 3235 Arriani
1441 3191 1548 3236 Ind.

268 3275 310 3307 c.
339 3259 419 3315 18,
448 3275 493 3316 7.

338 3333 527 3374 Andron
568 3333 938 3387 Alexandrinus,
984 3333 1324 3380 Chronicorum
1365 3345 1548 3394 auctor,

191 3403 195 3406 ’
246 3441 256 3445 -
273 3404 345 3447 vel
369 3412 473 3464 post
505 3405 800 3449 Ptolemaeum
827 3407 913 3451 VII
938 3407 1052 3451 vixit
1085 3409 1159 3453 vel
1187 3410 1375 3468 aequalis
1406 3409 1548 3469 hujus

271 3477 392 3536 regis
425 3476 527 3520 suit.
566 3478 694 3521 Patet
721 3493 792 3522 res
814 3493 868 3523 cx
907 3495 1001 3523 uno
1036 3481 1165 3540 quod
1196 3492 1405 3542 superest
1427 3481 1551 3544 frag-

272 3557 447 3594 mento.

339 3623 570 3666 Andronis
591 3623 1003 3668 Halicarnasseus&
1026 3626 1239 3671 disertam
1263 3628 1550 3673 mentionem

327 3761 379 3810 (⁶)
408 3760 514 3801 Alios
542 3758 746 3800 Andrones
769 3761 923 3801 invenio
951 3762 1023 3803 hos
1048 3779 1057 3803 ι
1089 3764 1402 3813 Atheniensem,
1425 3779 1551 3809 unum

274 3830 321 3858 ex
338 3818 432 3857 viris
447 3817 762 3869 quadringentis,
776 3830 839 3869 ap.
860 3822 1089 3870 Harpocrat.
1109 3833 1148 3862 V.
1174 3823 1358 3876 Ἀνδρων;
1379 3829 1553 3877 patrem

274 3875 543 3916 Androtioms
566 3874 765 3924 sophistae,
784 3885 849 3925 ap.
867 3876 1028 3916 suidam
1049 3889 1085 3917 v.
1103 3878 1333 3931 Ἀνδροτίων,
1350 3884 1550 3929 Plutarch.

274 3936 305 3973 X
323 3936 479 3982 Orat.1‚
499 3932 792 3981 233med1‘cum
807 3944 870 3983 ap.
890 3934 1120 3974 Athenmum
1140 3940 1225 3985 XV,
1241 3950 1279 3988 p.
1294 3945 1369 3980 680
1388 3944 1440 3991 D;
1458 3944 1550 3982 Cel·

274 4001 359 4028 sum
382 3993 432 4039 V,
451 3992 673 4039 20.1v,14
693 3992 733 4029 et
760 3993 824 4038 183
853 3991 1044 4029 Calenum
1073 3994 1130 4039 ΙΙ,
1148 4005 1185 4042 p.
1212 4000 1304 4044 118,
1332 4003 1426 4048 135,
1454 4004 1550 4050 189,

277 4053 348 4087 202
365 4050 458 4097 ;1v,
477 4059 515 4098 p.
530 4051 596 4096 90,
615 4052 680 4095 98,
701 4051 889 4096 191,’),1(>,
904 4050 1367 4102 ¹218;ap.!Aetiumme‹l.;
1390 4056 1552 4096 Andro-

276 4115 369 4143 nem
390 4108 613 4155 Aramum,
636 4104 685 4143 de
705 4115 785 4154 quo
803 4104 1031 4154 Apollonius
1049 4106 1184 4146 Μὶν-ὼ,
1204 4119 1237 4146 c.
1257 4114 1303 4147 25
1320 4112 1358 4148 et
1380 4114 1554 4153 Laertius

277 4164 342 4209 lx,
368 4168 408 4201 81
435 4174 483 4200 ex
507 4161 726 4201 Aristotele.
743 4182 794 4190 —
818 4164 1081 4211 Geometram
1100 4166 1140 4202 et
1157 4168 1383 4215 mimicum,
1401 4172 1453 4209 M.
1474 4175 1552 4210 An-

277 4219 396 4258 tonini
415 4220 663 4267 magistrum,
683 4230 744 4268 ap.
767 4219 1030 4269 capitolinum
1058 4223 1178 4260 Marc.
1199 4224 1258 4263 Cf.
1279 4225 1436 4265 Jonsius
1454 4228 1549 4267 nist.

277 4276 343 4325 ph.
368 4279 379 4315 Ι
426 4279 447 4312 8
464 4306 473 4324 ,
493 4283 526 4315 2.

1623 729 1719 772 duo
1751 725 1974 770 exhibent
1996 723 2269 783 fragmenta.
2295 722 2511 780 Quorum
2538 722 2738 766 alterum
2762 730 2830 768 est
2852 722 2914 769 de
3002 709 3011 780 Ξ

1621 799 1786 845 Oceani
1804 796 2022 857 prosapia
2045 792 2133 856 (fr.
2166 792 2240 855 1);
2264 794 2412 838 altero
2433 795 2589 855 agitur
2616 793 2676 840 de
2694 793 2919 855 proedria
2939 792 2961 822 ‘⁹¹
3003 810 3009 863 j

1622 869 1973 916 Atheniensium
2009 867 2059 910 in
2091 865 2216 910 ludis
2252 865 2478 928 Isthmiis,
2505 881 2650 926 quos,
2676 866 2746 911 uti
2775 862 2829 911 ἔν
2847 863 2920 913 ια’(
2949 858 2965 902 5
3004 865 3009 868 ’

1622 958 1765 1006 φασιν,
1790 941 1988 985 Theseus
2012 933 2082 982 διὰ
2105 933 2183 993 τὴν
2205 933 2454 999 συγγένειαν
2473 938 2562 998 ipsi
2579 953 2687 982 cum
2710 936 2908 985 Scirone

1621 1012 1991 1058 intercedentem
2013 1010 2212 1054 instituit
2237 1007 2331 1071 (fr.
2363 1009 2419 1055 13
2436 1009 2470 1071 ).
2497 1011 2628 1055 Inter
2647 1008 2779 1063 ἐνίους
2816 1011 2922 1059 illos
2944 1003 2961 1038 '.
3002 1005 3014 1040 '¹

1619 1087 1717 1146 ipse
1761 1084 1900 1129 etiam
1931 1082 2073 1127 fuerit
2100 1081 2302 1127 Andron
2335 1082 2762 1128 HalicarnassensiS.
2799 1084 2970 1138 Rem*

1619 1157 1879 1204 narraverit
1894 1157 1944 1199 in
1965 1169 2134 1216 opere,
2154 1154 2287 1215 quod
2305 1155 2582 1216 inscriptum
2599 1163 2699 1200 erat
2721 1151 2921 1217 Συγγέφ
2963 1179 2967 1202 s

1621 1248 1730 1276 νεια
1746 1247 1772 1274 ι.
1797 1229 1970 1275 Earum
1993 1228 2115 1272 liber
2147 1230 2341 1274 octavu's
2366 1227 2426 1275 de
2445 1228 2748 1274 Pho'rbanteo
2771 1228 2920 1276 Athe-‚
2950 1238 2966 1288 ',
3002 1219 3005 1226 Α

1617 1303 1847 1348 niensium
1864 1302 2033 1345 citatur
2049 1299 2108 1345 fr.
2138 1315 2212 1346 10.
2228 1302 2393 1361 Operis
2410 1302 2516 1346 satis
2539 1301 2681 1361 ampli
2698 1301 2797 1361 ipse
2816 1302 2920 1348 An·
2961 1314 2965 1338 s

1620 1376 1766 1431 dron,
1791 1374 1925 1420 sicuti
1938 1373 2142 1421 Atthidis
2161 1389 2251 1419 suae
2263 1374 2590 1431 Philochorus,
2602 1373 2804 1419 confecit
2819 1377 2921 1435 epi-0
3002 1378 3007 1390 ‘

1619 1459 1784 1505 tomen,
1811 1462 1868 1492 ex
1885 1462 1977 1506 qua
1994 1446 2054 1491 de
2069 1454 2220 1492 matre
2236 1447 2412 1492 Iasonis
2433 1446 2646 1507 quaedam
2663 1445 2923 1492 afferuntur

1618 1522 1676 1568 fr.
1707 1518 1785 1567 15.
1816 1546 1882 1554 --
1904 1521 1971 1565 Ut
1988 1534 2102 1564 vero
2127 1518 2404 1567 Andronem
2422 1520 2871 1566 Halicarnassensem
2895 1534 2922 1565 a

1618 1592 1884 1656 Συγγενειῶν
1901 1601 2093 1637 auctore
2111 1607 2211 1637 non
2224 1591 2459 1638 diversum
2478 1607 2572 1637 esse
2590 1599 2827 1653 putemus,
2844 1591 2919 1637 vel

1617 1667 1669 1712 id
1684 1665 1879 1711 suadere
1893 1665 2100 1723 videtur,
2122 1664 2256 1725 quod
2277 1673 2323 1710 et
2342 1665 2398 1710 fr.
2417 1663 2473 1710 13
2488 1674 2534 1710 et
2554 1665 2611 1712 fr.
2629 1679 2687 1710 10
2704 1664 2923 1712 Androni

1611 1739 1830 1801 jungitur
1845 1739 2128 1784 Hellanicus.
2149 1738 2285 1783 Idem
2309 1753 2456 1799 quum
2474 1743 2646 1784 factum
2661 1737 2718 1782 sit
2739 1737 2799 1785 fr.
2824 1752 2852 1782 2
2873 1745 2921 1785 et

1619 1813 1664 1870 6,
1673 1814 1770 1857 haec
1780 1827 1875 1872 quo
1881 1826 1972 1871 que
1984 1811 2139 1856 eidem
2149 1810 2366 1856 Androni
2375 1810 2649 1856 ascribenda
2668 1825 2769 1855 esse.
2785 1809 2922 1855 facile

1618 1884 1864 1934 concedes,
1883 1886 2070 1946 Fragm.
2103 1882 2159 1930 15
2185 1885 2390 1930 sociatur
2415 1883 2675 1944 Pherecydi
2693 1892 2742 1929 et
2767 1884 2923 1928 Hero·

1619 1958 1756 2002 doro.
1772 1959 1956 2019 Fragm.
1978 1973 2034 2002 12
2058 1955 2154 2011 τοὺς
2175 1955 2254 2013 τὴν
2277 1954 2449 2004 Ἀτθίδα
2470 1953 2803 2020 συγγράψαντας
2824 1951 2924 2009 τούς
2956 1952 2958 1954 ’

1618 2047 1666 2092 γε
1685 2028 1814 2092 λόγου
1834 2027 1974 2083 ἀξίους
1994 2030 2200 2075 excitans
2222 2029 2393 2075 Strabo
2423 2029 2706 2073 nominat-im
2729 2027 2926 2073 adducit

1620 2103 1882 2150 testimonia
1893 2101 2131 2147 Andronis
2139 2102 2288 2146 nostri
2303 2109 2350 2145 et
2363 2100 2653 2146 Philochori.
2667 2101 2832 2159 Neque
2852 2108 2924 2144 ta·

1617 2191 1728 2220 men
1752 2175 1992 2220 Atthidem
2013 2173 2251 2219 Andronis
2270 2188 2297 2218 a
2321 2171 2589 2235 Συγγενειῶν
2608 2186 2751 2232 opere
2778 2170 2946 2231 sejunr
2995 2177 2997 2180 ⁴

1619 2257 1741 2292 ctam
1769 2247 1905 2292 fuisse
1938 2261 2121 2294 censeo,
2158 2248 2261 2291 Imo
2282 2244 2684 2306 quemadmodum
2697 2240 2947 2290 Hellanici>

1617 2321 1770 2366 Atthis
1791 2330 2080 2381 postremam
2089 2327 2274 2380 partem
2291 2318 2532 2363 constituit
2548 2316 2737 2376 majoris
2745 2316 2923 2377 operis,
2939 2366 2945 2381 Ιχ

1619 2393 1752 2454 quod
1774 2394 1911 2439 simul
1929 2394 2251 2448 Phoroneam,
2276 2391 2642 2437 Deucalioneam
2661 2398 2709 2434 et
2726 2387 2949 2440 Atlanti-

1620 2467 1729 2512 dem
1745 2467 2016 2512 continebat
2031 2500 2045 2523 ,
2066 2465 2278 2511 similiter
2304 2463 2505 2510 Andron
2526 2478 2628 2508 rem
2647 2450 2958 2528 instituerit&¹

1621 2555 1764 2600 quem
1787 2539 2016 2584 Hellanici
2049 2538 2241 2598 vestigia
2271 2552 2385 2597 prae*
2400 2537 2565 2582 ceteris
2586 2543 2798 2581 secutum
2824 2538 2962 2597 esseffj

1621 2613 1778 2658 omnia
1786 2611 1995 2657 suadent.
2003 2613 2074 2657 Ita
2082 2626 2196 2656 vero
2204 2619 2260 2654 ut
2270 2618 2537 2665 statuamus,
2550 2609 2660 2654 facit
2667 2609 2927 2668 Harpocra·
2935 2646 2946 2650 .,
2955 2598 2961 2602 ”

1620 2686 1760 2730 tionis
1781 2686 1911 2729 locus
1939 2683 2025 2746 (fr.
2059 2700 2078 2728 1
2093 2683 2175 2746 1),
2192 2682 2322 2728 unde
2345 2698 2449 2743 quae
2473 2681 2534 2727 ad
2558 2681 2924 2741 antiquissimam

1620 2758 1972 2803 Atheniensium
1982 2757 2226 2802 historiam
2237 2757 2476 2816 pertinent
2487 2790 2500 2815 ,
2517 2770 2571 2800 ea
2583 2755 2634 2798 in
2646 2749 2935 2816 Συγγενείαις·

1624 2831 1768 2890 inque
1801 2839 1971 2875 octavo
1993 2829 2184 2874 demum
2211 2843 2372 2873 earum
2409 2826 2532 2872 libro
2559 2825 2768 2886 exposita
2788 2822 2926 2871 fuisse
2952 2852 2955 2853 ν

1627 2904 1864 2949 discimus.
1908 2901 2251 2948 Antecesserint
2287 2901 2430 2961 igitur
2465 2914 2567 2957 quae
2610 2904 2822 2956 spectant
2864 2895 2926 2941 ad
2992 2958 2994 2960 ,

1625 2976 1866 3020 historiam
1890 2971 2217 3029 Deucalioneae
2229 2972 2455 3034 prosapiae
2475 2970 2558 3031 (fr.
2585 2966 2734 3030 1—2)
2753 3001 2766 3025 ,
2785 2977 2926 3028 atque

1625 3049 1807 3108 reliqua
1837 3048 2010 3108 partim
2044 3046 2370 3107 genealogica,
2390 3044 2560 3104 partim
2584 3041 2922 3103 geographica,

1627 3135 1729 3180 quae
1752 3119 2037 3181 genealogiis
2060 3117 2229 3163 eodem
2253 3131 2350 3176 quo
2370 3113 2638 3161 Hellanicus
2658 3113 2815 3158 studio
2834 3113 2924 3157 im-

1625 3192 1878 3238 miscuerit.
1905 3192 2056 3236 Porro
2089 3190 2140 3234 in
2173 3204 2231 3234 eo
2273 3186 2474 3234 Andron
2506 3186 2666 3231 similis
2693 3184 2924 3233 Hellanici

1631 3263 1768 3309 fuisse
1790 3263 1996 3319 videtur,
2025 3261 2158 3322 quod
2181 3260 2478 3321 reliquorum
2501 3258 2689 3305 Graeciae
2713 3257 2924 3318 populo-

1625 3351 1732 3381 rum
1764 3336 2017 3396 mythicam
2049 3341 2229 3379 tantum
2252 3333 2496 3378 historiam
2524 3338 2796 3391 persecutus
2828 3335 2920 3388 est,

1625 3410 1675 3453 in
1705 3408 2059 3455 Atheniensium
2080 3421 2194 3452 vero
2214 3405 2356 3451 rebus
2390 3403 2452 3450 ad
2471 3403 2693 3448 historica
2712 3410 2911 3462 tempor

1626 3490 1672 3526 et
1694 3481 1755 3526 ad
1777 3495 1907 3526 suam
1918 3494 2067 3540 usque
2090 3487 2272 3524 aetatem
2295 3476 2552 3527 descendit,
2578 3475 2713 3522 Certe
2733 3474 2816 3519 uni
2856 3493 2879 3512 aa

1629 3553 1969 3615 fragmentum,
2001 3551 2133 3612 quod
2167 3550 2230 3596 ad
2262 3551 2426 3595 saecula
2446 3548 2650 3594 historiae
2673 3547 2779 3592 luce
2801 3545 2871 3592 cla
2905 3579 2910 3584 ·

1625 3627 1830 3688 pertinet
1855 3630 1870 3682 (
1890 3625 1946 3671 fr.
1978 3629 2034 3678 14
2054 3623 2068 3686 )
2086 3659 2098 3681 ‚
2124 3623 2184 3669 de
2210 3621 2455 3670 Alcibiade
2477 3620 2759 3667 Atheniense
2777 3618 2888 3681 agit.
2921 3626 2924 3631 '

1692 3697 1835 3760 Apud
1859 3697 2006 3742 schol.
2039 3698 2181 3743 Hom.
2206 3692 2287 3759 (fr.
2318 3691 2371 3755 5)
2391 3727 2405 3754 ,
2427 3693 2511 3738 ubi
2531 3691 2591 3738 de
2615 3690 2911 3746 Sellisserm·

1627 3780 1718 3829 est,
1756 3786 1874 3831 quos
1899 3766 2189 3820 ἀνιπτόποδας
2220 3768 2456 3812 Homerus
2499 3771 2662 3821 vocat,
2708 3761 2848 3808 lauda
2907 3773 2909 3776 ·

1625 3837 1816 3905 Ἄνδρων
1839 3842 1884 3888 ἐν
1904 3841 1998 3892 ταῖς
2023 3838 2058 3887 ‘I
2071 3855 2135 3884 στ
2148 3855 2204 3902 ορ
2219 3835 2336 3890 ίαις.
2361 3838 2484 3895 Quas
2495 3835 2688 3896 quidem
2699 3835 2876 3880 Histori

1628 3931 1713 3960 cur
1730 3915 1932 3959 diversas
1944 3928 1970 3958 a
1985 3910 2250 3974 Συγγενειῶν
2261 3922 2416 3970 opere,
2433 3909 2508 3954 vel
2519 3908 2578 3953 ab
2587 3907 2680 3954 alio
2698 3903 2893 3952 Andro

1627 3987 1858 4048 profectas
1878 4000 1971 4031 esse
1987 3994 2220 4049 putemus,
2240 3997 2423 4028 causam
2442 3981 2665 4050 idoneam
2684 3978 2844 4025 deside
2875 4045 2879 4051 ⁶

1693 4061 1919 4104 Praeterea
1932 4057 1991 4102 ad
2010 4055 2287 4101 Andronem
2299 4054 2748 4104 Halicarnassensem
2767 4051 2886 4097 refe

1627 4133 1774 4176 libros
1810 4127 1922 4193 Περὶ
1957 4129 2132 4184 θυσιῶν,
2175 4142 2294 4187 quos
2335 4134 2501 4171 auctor
2547 4123 2780 4169 dedicavit
2813 4113 2901 4188 P&

1628 4205 1759 4264 lippo
1787 4201 1867 4264 (sr.
1891 4200 1993 4263 16).
2018 4199 2219 4244 Eosdem
2239 4199 2424 4243 Jonsius
2437 4196 2692 4242 vindicavit
2707 4192 2878 4240 Andr?
2901 4199 2905 4213 ³

1633 4277 1831 4334 Ephesio
1848 4308 1860 4331 ,
1895 4274 1975 4334 qui
2006 4275 2076 4318 De
2102 4280 2276 4332 septem
2314 4268 2594 4330 sapientibus
2635 4267 2829 4329 scripsit.
