3016 4628
192 270 314 303 xxiv

188 364 355 408 δεῖπνον
374 360 444 407 τὸν
465 359 723 425 Σερτώριον,
744 362 816 409 καὶ
834 363 930 418 τοὺς
941 363 1190 430 συνίστορας
1207 368 1485 433 συμπαρέλα-

188 435 259 480 Ιἱέν
281 436 351 481 ἐπὶ
376 433 454 492 τὴν
481 433 688 483 ἑστίασιν.
766 436 1129 495 Καταντήσαντος
1151 439 1196 486 ’δὲ
1217 445 1288 487 τοῦ
1309 443 1481 505 Σερτω-

186 507 276 571 ρίου
294 544 307 569 ‚
328 506 402 554 καὶ
426 509 510 554 τῶν
536 509 933 573 κοινοπραγούντων
959 512 1314 574 συνεπιθεμένων,
1337 516 1359 560 ὁ
1379 516 1482 579 Σερ·

183 579 334 644 τώριος
358 579 598 634 ἀνακλιθεὶς
627 579 841 644 ἀναμέσον
869 582 1112 648 Ταρκυνίου
1139 584 1212 632 καὶ
1237 584 1478 650 Ἀντωνίου,

182 651 266 698 ὑπὸ
286 650 448 699 τούτων
465 651 653 717 ἐσφάγη.

246 726 473 775 ΧΧΧΙΙΙ.
509 724 615 774 υΟτι
635 728 657 772 ὁ
679 725 948 790 Μιθριδάτης
969 726 1012 783 ἐξ
1032 727 1264 787 ἐπιὸουλῆς
1281 730 1383 795 παρ’
1399 730 1481 777 ὀλί-

180 816 253 858 γον
285 798 574 845 ἐκινδύνευσεν
610 798 851 863 ὑποχείριος
873 798 1070 863 γενέσθαι
1094 802 1180 855 τοῖς
1207 805 1476 862 Κυζικηνοῖς.

181 870 583 936 Συναγωνιζόμενος
607 870 688 936 γάρ
706 891 767 925 τις
792 873 835 918 ἐν
854 878 947 926 ταῖς
973 873 1246 935 μεταλλείαις
1260 874 1480 936 Ῥωμαῖος

178 944 501 1010 ἑκατοντάρχης
525 943 762 990 ἐπεὸάλετο
786 948 912 991 τοῦτο
931 944 1121 992 τελέσαι.
1193 946 1277 994 Διὰ
1301 946 1383 1013 γὰρ
1403 946 1479 1002 τὰς

178 1017 547 1082 παρ’ἀμφοτέροις
565 1015 822 1078 μεταλλείας
835 1020 1022 1081 συνεχῶς
1034 1017 1269 1081 γινομένων
1289 1022 1479 1083 συμπλο-

176 1092 263 1135 κῶν
291 1089 365 1136 καὶ
397 1089 633 1152 συλλόγων,
659 1091 719 1142 εἷς
742 1092 898 1151 γνῶσιν
919 1083 1021 1148 ἦλθε
1052 1093 1138 1143 τοῖς
1166 1095 1238 1137 τοῦ
1267 1091 1478 1155 βασιλέως

176 1162 248 1208 διὰ
279 1162 356 1217 τὰς
381 1163 572 1226 συνεχεῖς
606 1161 712 1226 πρὸς
751 1161 903 1217 αὐτοὺς
937 1162 1122 1226 ὁμιλίας.
1194 1164 1412 1219 Μονωθεὶς
1433 1164 1478 1212 δέ

173 1255 277 1283 ποτε
295 1235 408 1283 κατὰ
433 1235 510 1293 τὴν
532 1238 573 1283 ἐν
598 1236 684 1289 τοῖς
709 1234 926 1300 ὀρύγμασι
947 1235 1144 1301 φυλακὴν
1165 1236 1239 1283 καὶ
1259 1236 1344 1285 ὑπό
1366 1256 1477 1292 τινος

173 1312 257 1355 τῶν
284 1307 626 1356 ἐπιστατούντων
658 1309 701 1354 ἐν
732 1311 819 1363 τοῖς
843 1307 980 1372 ἔργοις
1010 1309 1343 1374 κατα-πειραθεὶς
1376 1310 1476 1376 περὶ

173 1381 433 1445 προδοσίας,
475 1379 764 1445 προσεδέξατο
799 1380 895 1435 τοὺς
918 1381 1067 1444 λόγους
1105 1386 1469 1446 προσποιητικῶς.

174 1454 496 1520 Ἀπενεχθέντος
512 1452 556 1500 δὲ
573 1458 646 1501 τοῦ
664 1454 920 1517 πράγματος
935 1456 1040 1519 πρὸς
1052 1454 1122 1502 τὸν
1140 1456 1340 1520 βασιλέα,
1359 1459 1474 1503 ἐκεῖ-

171 1545 238 1580 νος
253 1525 331 1586 μὲν
355 1529 573 1589 ἐπιθυμῶν
595 1531 817 1589 κυριεῦσαι
842 1530 918 1585 τῆς
937 1525 1120 1589 πόλεως,
1148 1526 1310 1594 δωρεὰς
1331 1530 1471 1592 ἐπηγ-

169 1599 374 1662 γείλατο,
399 1599 472 1646 καὶ
507 1599 702 1647 συνέθετο
727 1599 892 1663 καιρὸν,
915 1601 958 1646 ἐν
983 1591 1018 1665 ᾧ
1054 1599 1126 1647 τὸν
1151 1600 1357 1664 σύλλογον
1389 1602 1472 1648 ἔδει

168 1671 382 1735 γενέσθαι.
453 1675 544 1722 Τοῦ
583 1671 626 1718 δὲ
655 1671 881 1733 Ἱ)ωμαίου
911 1672 1077 1727 πίστεις
1094 1676 1177 1720 τῶν
1202 1675 1471 1738 ἐπαγγελιῶν

169 1749 412 1809 ζητοῦντος,
433 1746 644 1793 ἀπέλυσεν
667 1749 688 1792 ὃ
712 1743 913 1810 βασιλεὺς
926 1745 1021 1799 τοὺς
1038 1745 1145 1811 ὑπὲρ
1167 1749 1296 1794 αὐτοῦ
1319 1751 1471 1806 συνθη-

169 1819 391 1882 σομένους.
466 1818 522 1867 Ὁ
556 1820 600 1865 δὲ
644 1820 719 1865 οὐκ
749 1817 904 1883 ἔφησεν
937 1818 987 1885 (1)
1024 1818 1164 1872 ἄλλως
1202 1818 1466 1878 πιστεύσειν,

144 1890 241 1938 ὶέὰν
260 1891 321 1954 μὴ
342 1891 464 1957 παρὰ
494 1897 567 1939 τοῦ
601 1890 811 1954 βασιλέως
836 1890 951 1954 λάὸῃ
985 1891 1081 1945 τοὺς
1106 1891 1271 1957 ὅρκους.
1344 1891 1400 1941 cO
1425 1891 1469 1939 δὲ

148 1953 248 2029 Χοῦχ
274 1966 422 2028 ἡγεῖτο
446 1966 676 2029 βασιλικῆς
702 1961 822 2018 ἀξίας
854 1966 1008 2011 οἰκεῖον
1041 1957 1148 2011 εἶναι
1170 1965 1462 2028 συγκαταὸαί-

164 2058 249 2084 νειν
268 2041 325 2092 εἷς
339 2037 393 2094 τᾷ
415 2036 658 2102 ὀρύγματα.
734 2037 926 2088 'Emtae
950 2041 971 2084 ὃ
989 2038 1201 2103 προδότης
1217 2040 1295 2085 οὐκ
1313 2037 1467 2104 ἔφησεν

165 2110 307 2164 ἄλλως
350 2113 677 2167 ὕπακούεσθαι,
721 2113 747 2167 ἡ
801 2108 845 2155 δὲ
891 2109 1077 2163 ἐπίθεσις
1121 2114 1196 2156 τοῦ
1244 2115 1467 2175 κυριεῦσαι

162 2187 238 2241 τῆς
268 2183 433 2237 πόλεως
469 2186 680 2246 συνεῖχεν,
716 2182 969 2246 ἠναγκάσθη
1014 2182 1359 2246 συγκαταθέσθαι
1382 2187 1469 2237 τοῖς

163 2255 425 2318 ἀξιουμένοις
465 2258 486 2301 ὃ
510 2255 796 2320 Μιθριδάτης.
872 2255 960 2302 Καὶ
996 2255 1154 2314 συνέὸη
1185 2254 1257 2301 τὸν
1284 2255 1466 2319 βασιλέα

160 2329 358 2392 γενέσθαι
393 2330 658 2393 ὑποχείριον,
688 2330 724 2374 εἷ
758 2326 818 2390 μὴ
854 2329 939 2373 τῶν
980 2326 1112 2392 φίλων
1148 2346 1210 2380 τις
1251 2327 1468 2392 εὐστόχως

159 2402 627 2464 καταμαντευσάμενος
652 2400 728 2458 τὴν
756 2397 1008 2458 ἐπιδουλὴν,
1030 2399 1324 2446 κατεσκεύασε
1361 2399 1466 2463 σύμ-

160 2494 314 2540 μετρον
356 2471 559 2539 μηχανὴν
597 2471 838 2535 δυναμένην
875 2470 1002 2526 ὀξέως
1029 2470 1275 2535 ἀνοίγεσθαί
1306 2491 1350 2519 τε
1391 2473 1465 2521 καὶ

160 2548 394 2597 κλείεσθαι·
424 2546 505 2594 καὶι
529 2546 690 2603 ταύτης
726 2548 782 2600 εἷς
809 2546 856 2596 τὸ
887 2545 1057 2610 ὄρυγμα
1081 2544 1271 2603 τεθείσης
1295 2545 1369 2593 καὶ
1391 2550 1463 2595 τοῦ

160 2620 432 2686 Μιθριδάτου
465 2618 575 2681 μετὰ
600 2622 683 2666 τῶν
709 2619 842 2684 φίλων
874 2617 1201 2681 συνεμὸάντων,
1229 2621 1251 2665 ὁ
1274 2621 1465 2668 ἑκατον-

159 2693 325 2758 τάρχης
348 2694 406 2758 (2)
427 2691 782 2755 τοὺςμέλλοντας
806 2692 898 2753 μεθ’
924 2694 1076 2740 ἑαυτοῦ
1101 2693 1162 2757 τῷ
1188 2692 1359 2759 βασιλεῖ
1387 2691 1462 2746 τὰς

158 2774 308 2831 χεῖρας
328 2766 584 2831 προσφέρειν
610 2765 660 2829 (τι)
683 2765 770 2828 [εἷς
792 2764 867 2819 τὰς
886 2771 1036 2828 χεῖρας
1053 2761 1072 2830 ]
1088 2763 1135 2810 τὸ
1153 2763 1267 2828 ξίφος
1288 2764 1465 2811 σπασά-

161 2860 287 2902 μενος
301 2839 505 2904 ὥρμησεν
525 2838 596 2885 ἐπὶ
614 2839 685 2885 τὸν
703 2837 908 2902 βασιλέα·
929 2841 951 2884 ὃ
969 2837 1013 2884 δὲ
1035 2837 1199 2904 φθάσας
1219 2837 1462 2885 συνέκλεισε

157 2913 235 2971 τὴν
257 2912 407 2977 θύραν,
435 2911 600 2959 καὶτὸν
628 2912 818 2958 κίνδυνον
845 2910 1059 2977 ἐξέφυγεν.

224 2990 447 3038 XXXIV.
483 2986 590 3036 ζὈτι
609 2990 691 3034 τῶν
716 2986 965 3051 Ἀντιοχέων
982 2985 1091 3039 τινὲς
1107 2986 1462 3052 καταφρονήσαν-

159 3081 224 3114 τες
250 3060 469 3125 Ἀντιόχου
493 3065 566 3107 τοῦ
592 3059 805 3123 βασιλέως
825 3059 893 3106 διὰ
918 3058 994 3117 τὴν
1017 3052 1170 3119 ἧτταν,
1195 3059 1380 3106 ἀνέσειον
1404 3063 1460 3107 τὰ

157 3133 301 3191 πλήθη
321 3133 395 3182 mi
414 3133 717 3182 συνεὸούλευον
740 3134 788 3179 ἐκ
801 3137 876 3190 τῆς
895 3132 1060 3185 πόλεως
1086 3131 1458 3194 μεταστήσασθαι.

158 3206 397 3268 Γενομένης
422 3206 465 3254 δὲ
493 3205 686 3259 στάσεως
707 3205 901 3267 μεγάλης
925 3204 999 3252 καὶ
1021 3209 1095 3251 τοῦ
1129 3201 1458 3269 βασιλέωςέπι-

157 3279 468 3343 κρατήσαντος,
513 3282 550 3326 οἳ
589 3278 716 3325 αἴτιοι
748 3283 823 3336 τῆς
857 3278 1046 3332 στάσεως
1073 3277 1325 3343 φοὸηθέντες
1359 3278 1460 3344 ἔφυ-

147 3357 228 3416 ’γον
264 3354 312 3399 ἐκ
336 3356 412 3409 τῆς
445 3351 621 3417 Συρίας,
665 3352 739 3399 καὶ
772 3351 1118 3409 καταντήσαντες
1157 3353 1213 3405 εἰς
1254 3352 1458 3402 Κιλικίαν

157 3425 420 3472 ἐπεέάλοντο
458 3424 663 3487 κατάγειν
689 3424 931 3479 Φίλιππον,
964 3424 1006 3477 ὃς
1038 3417 1090 3482 ἦν
1127 3423 1212 3478 υἱὸς
1233 3423 1458 3471 Φιλίππου

155 3503 228 3545 τοῦ
249 3498 467 3561 γεγονότος
488 3497 530 3552 ἐξ
550 3496 769 3561 Ἀντιόχου
792 3502 864 3544 τοῦ
887 3499 1076 3561 Γρυποῦ.
1151 3496 1458 3544 εΥϊιακούσαν-

156 3591 226 3624 τος
250 3570 294 3617 δὲ
329 3575 401 3617 τοῦ
437 3570 666 3619 Φιλίππου
693 3570 768 3617 καὶ
798 3570 1144 3626 καταντήσαντος
1165 3570 1267 3634 πρὸς
1293 3568 1458 3627 Ἄζιζον

155 3645 226 3692 τὸν
243 3641 289 3691 Ἄ
299 3643 430 3708 ραὸα,
447 3643 640 3705 ἀσμένως
661 3648 810 3690 τοῦτον
829 3643 1167 3707 προσδεξάμενος
1183 3642 1227 3691 Ἄ
1238 3646 1364 3705 ζιζος,
1383 3643 1457 3691 καὶ

156 3714 340 3782 περιθεὶς
361 3716 554 3777 διάδημα
580 3715 650 3763 ἐπὶ
669 3716 746 3772 τὴν
771 3715 995 3780 βασιλείαν
1011 3717 1273 3780 κατήγαγεν.
1290 3716 1458 3765 -”()τι

159 3793 212 3853 (ι)
240 3788 316 3844 τὰς
352 3789 453 3844 ὅλας
486 3789 661 3842 ἐλπίδας
696 3789 806 3853 ἔχων
834 3791 875 3835 ἐν
910 3793 963 3854 τῇ
1005 3794 1078 3836 τοῦ
1112 3790 1458 3856 Σαμψιγεράμου

1511 977 1520 1324 ¹

830 256 909 304 El(
947 257 1074 306 ΤΗΣ
1110 259 1411 310 ΙΣΤΟΡΙΑΣ
1444 264 1768 316 ΔΙΟΔΩΡΟΥ
1801 270 2204 320 ΣΙΚΕΑΙΩΤΟΥ.

1557 383 1631 420 est.
1652 384 1687 422 ls
1714 383 1832 434 igitur
1849 385 1898 424 ad
1915 373 2143 425 convivium
2161 388 2276 425 vocat
2294 386 2514 426 Sertorium
2527 415 2538 437 ,
2554 387 2751 440 simulque
2764 401 2856 430 con-

1557 472 1658 512 scios
1675 473 1727 513 ad
1742 475 2069 515 comessationem
2085 476 2256 515 adhibet.
2282 476 2358 516 Ubi
2390 477 2606 518 advenerat
2636 482 2855 531 Sertorius,

1557 564 1751 614 conjurati
1768 566 1886 606 simul
1903 567 2031 606 adorti
2053 578 2146 606 eum
2167 567 2269 606 inter
2289 568 2551 619 Tarquinium
2569 571 2608 610 et
2639 572 2856 625 Antonium

1556 651 1861 692 decumbentem
1885 652 2131 693 confodiunt.

1607 740 1791 778 XXXlll.
1823 742 1971 779 Parum
1988 740 2114 779 abfuit
2138 740 2235 790 quin
2263 741 2514 782 Mithridates
2548 743 2700 784 insidiis
2714 746 2856 795 captus

1556 823 1595 862 iu
1638 825 1926 874 Cyzicenorum
1957 826 2128 865 venisset
2146 827 2402 876 potestatem.
2442 830 2539 868 Rem
2573 840 2774 880 aggressus
2797 833 2856 872 est

1554 912 1736 950 centurio
1761 915 1983 963 Romanus,
2001 913 2071 963 qui
2098 914 2138 952 in
2163 915 2359 955 cuniculis
2379 916 2538 966 agendis
2556 928 2718 968 operam
2738 919 2854 970 Cyzi·
2900 919 2901 922 ’

1553 974 1659 1036 cenis
1678 998 1905 1047 praestabat.
1936 999 2096 1039 Scilicet
2130 1011 2256 1052 quum
2278 1001 2329 1040 ab
2361 1002 2540 1054 utrisque
2560 1003 2735 1044 cuniculi
2761 1015 2854 1056 age-

1554 1083 1692 1121 rentur
1708 1084 1748 1122 et
1770 1083 1947 1123 continui
1974 1086 2105 1125 essent
2131 1096 2364 1136 congressus
2383 1089 2423 1127 et
2449 1088 2674 1140 colloquia,
2701 1089 2854 1130 sactum

1553 1169 1612 1207 est
1634 1170 1680 1208 ut
1706 1171 1909 1209 Romanus
1935 1170 2000 1210 ille
2019 1172 2139 1211 notus
2165 1172 2279 1212 fieret
2308 1173 2502 1223 militibus
2525 1175 2778 1216 Mithridatis.
2801 1178 2854 1216 Et

1552 1254 1754 1304 quondam
1770 1255 1866 1295 dum
1885 1257 1991 1296 solus
2002 1257 2052 1296 ad
2068 1257 2290 1297 custodiam
2306 1258 2583 1299 cuniculorum
2602 1260 2763 1300 relictus
2778 1263 2854 1311 est,

1551 1350 1574 1378 a
1610 1340 1877 1380 MithridatIco
1910 1340 2083 1391 quodam
2121 1342 2312 1392 operibus
2338 1344 2525 1394 praesecto
2552 1344 2602 1384 de
2630 1344 2854 1396 proditione

1550 1427 1826 1477 compellatur.
1849 1429 2051 1467 Romanus
2073 1427 2284 1469 admittere
2302 1440 2344 1469 se
2359 1430 2562 1481 proposita
2585 1431 2761 1473 simulat.
2794 1435 2854 1474 Re

1550 1513 1601 1552 ad
1617 1524 1748 1564 regem
1765 1514 1896 1554 delata
1910 1545 1922 1565 ‚
1937 1515 1969 1555 is
1988 1515 2190 1565 potiundae
2220 1515 2331 1556 urbis
2351 1517 2629 1568 cupidissimus
2643 1518 2749 1559 dona
2769 1519 2852 1570 pol-

1549 1599 1705 1650 licetur,
1726 1601 1962 1652 tempusque
1993 1602 2221 1652 constituit,
2253 1614 2334 1653 quo
2365 1603 2416 1642 ad
2440 1603 2687 1655 colloquium
2710 1615 2850 1646 conve-

1548 1685 1682 1736 niant,
1697 1688 1737 1726 et
1750 1689 1931 1727 Romano
1952 1687 2070 1727 fidem
2086 1688 2372 1739 promissorum
2389 1690 2614 1740 postulante
2625 1721 2636 1740 ,
2654 1691 2762 1732 misit
2780 1691 2853 1743 qui

1549 1774 1670 1824 ipsius
1687 1774 1774 1833 loco
1789 1775 2093 1825 paciscerentur.
2117 1777 2170 1816 At
2187 1777 2368 1816 centurio
2393 1777 2500 1817 haud
2532 1788 2574 1818 se
2593 1778 2712 1819 fidem
2735 1779 2852 1819 habi·-
2895 1761 2898 1763 ’

1547 1861 1682 1899 turum
1697 1872 1779 1901 esse
1790 1860 1949 1902 dicebat
1964 1842 2100 1903 nisi-ab
2116 1863 2201 1914 ipso
2217 1875 2308 1914 rege
2321 1863 2603 1915 Jusjmandum
2618 1867 2849 1918 accepisset.

1545 1949 1628 1985 Rex
1651 1950 1747 1987 vero
1766 1948 1991 1988 aestimabat
2003 1949 2110 1989 haud
2126 1961 2212 1990 esse
2231 1950 2432 2001 dignitatis
2441 1950 2560 2006 regiae
2579 1952 2619 1991 in
2643 1953 2851 1994 cuniculos

1545 2007 1806 2086 descendere3
1827 2038 2006 2077 attamen
2023 2039 2211 2089 quoniam
2239 2039 2418 2090 proditor
2444 2040 2541 2080 alias
2573 2041 2851 2092 obtemperare

1545 2122 1705 2162 nolebat.
1721 2127 1760 2162 et
1778 2107 1980 2174 capiendae
2003 2124 2112 2164 urbis
2137 2125 2369 2165 stimulabat
2395 2125 2660 2178 desiderium,
2681 2129 2847 2168 coactus

1545 2209 1793 2249 Mithridates
1824 2212 1907 2259 est,
1928 2212 1974 2250 ut
1990 2212 2200 2262 postulatis
2218 2212 2543 2262 adstipularetur.
2571 2216 2652 2254 Nec
2665 2214 2750 2264 Jam
2773 2214 2848 2254 du-

1544 2295 1654 2334 bium
1681 2297 1767 2335 erat
1796 2297 1894 2346 quin
1919 2295 1961 2336 in
1984 2308 2127 2338 manus
2150 2298 2332 2340 hostibus
2360 2310 2432 2339 rex
2454 2299 2651 2349 venisset,
2683 2301 2759 2340 nisi
2790 2313 2842 2341 ex

1543 2382 1681 2422 amicis
1697 2382 1859 2435 quidam
1879 2382 2037 2425 insidias
2055 2384 2216 2423 subesse
2231 2384 2394 2428 feliciter
2409 2385 2639 2426 divinasset.
2665 2390 2706 2427 Is
2729 2387 2848 2439 igitur

1539 2468 1658 2517 justoe
1681 2469 1966 2519 magnitudinis
1996 2469 2222 2509 machinam
2249 2472 2498 2522 construxit,
2519 2483 2612 2523 quae
2629 2484 2753 2524 quam
2781 2486 2848 2515 ce·

1542 2556 1702 2596 lerrime
1715 2559 1755 2595 et
1770 2555 1916 2605 aperiri
1932 2558 1971 2596 et
1995 2556 2127 2596 claudi
2147 2558 2319 2608 poterat.
2344 2561 2427 2598 Hac
2452 2559 2494 2598 in
2518 2560 2704 2600 cuniculo
2728 2559 2847 2602 collo‘-

1541 2646 1628 2684 cata
1643 2674 1653 2693 ,
1671 2644 1711 2683 in
1733 2655 1902 2695 eamque
1919 2644 2093 2695 ingresso
2119 2655 2211 2684 cum
2229 2646 2368 2686 amicis
2390 2646 2642 2699 Mithridate,
2663 2649 2844 2689 centurio

1540 2731 1708 2770 adduxit
1720 2730 1790 2781 qui
1807 2741 1887 2769 una
1903 2741 2041 2770 secum
2058 2742 2224 2770 manum
2242 2732 2323 2782 regi
2343 2732 2526 2782 injecturi
2543 2736 2671 2783 erant,
2688 2735 2846 2775 stricto2

1539 2832 1619 2872 que
1637 2822 1768 2872 gladio
1785 2823 1826 2863 in
1843 2822 2112 2863 Mithridatem
2130 2822 2260 2863 irruit.
2275 2824 2325 2863 At
2339 2816 2596 2864 antevertens
2612 2824 2678 2865 ille
2695 2825 2846 2867 claudit

1539 2908 1693 2957 portam
1711 2907 2012 2957 periculumque
2036 2906 2186 2956 effugit.

1589 2990 1773 3026 XXXIV.
1796 2987 2079 3027 Antiochenses
2094 2986 2257 3037 quidam
2271 2987 2513 3027 Antiochum
2533 2999 2664 3038 regem
2682 2993 2843 3041 propter

1537 3079 1690 3118 cladem
1710 3047 1915 3128 acceptam
1936 3079 2259 3131 contemnentes,
2285 3078 2587 3118 multitudinem
2615 3081 2844 3122 excitabant

1536 3170 1769 3223 atqueurbe
1789 3180 1920 3220 regem
1953 3170 2098 3220 pellere
2126 3169 2409 3209 moliebantur.
2443 3173 2597 3212 Verum
2622 3182 2749 3222 quum
2782 3172 2841 3212 in·

1535 3266 1714 3315 gentem,
1745 3274 1836 3312 quae
1875 3263 2102 3312 exarserat,
2134 3259 2372 3303 'seditionem
2409 3274 2480 3302 rex
2511 3264 2839 3315 compescuisset,

1536 3357 1720 3394 auctores
1744 3355 1829 3404 ejus
1848 3353 2046 3405 perterriti
2070 3365 2091 3393 e
2112 3353 2224 3404 Syria
2247 3354 2512 3404 aufugerunt,
2537 3354 2633 3394 etin
2659 3355 2839 3395 Ciliciam

1535 3447 1699 3498 profecti
1722 3447 1946 3497 Philippum
1962 3477 1973 3498 ,
1995 3446 2064 3497 qui
2082 3445 2252 3497 Philippi
2267 3447 2463 3486 Antiocho
2473 3424 2619 3498 'Grypo
2639 3447 2721 3486 nati
2737 3447 2840 3487 lilius

1535 3537 1633 3584 erat,
1649 3536 1688 3573 in
1701 3545 1866 3584 regnum
1885 3533 2072 3577 reducere
2084 3534 2313 3574 voluerunt.
2332 3533 2623 3583 Obtemperans
2634 3533 2838 3584 Philippus

1535 3621 1584 3660 ad
1615 3621 1778 3661 Azizum
1803 3619 1973 3660 Arabem
2005 3631 2089 3659 sese
2120 3619 2313 3669 contulit,
2349 3619 2416 3668 qui
2443 3618 2549 3658 haud
2573 3618 2721 3658 invitus
2741 3630 2833 3658 eum

1534 3709 1712 3759 excepit,
1727 3708 1952 3747 diademate
1968 3706 2126 3746 ornavit
2146 3707 2186 3746 et
2201 3706 2240 3746 in
2259 3717 2422 3756 regnum
2437 3704 2627 3747 reducere
2643 3705 2831 3746 instituit.

1536 3797 1756 3839 Antiochus
1773 3796 1907 3835 autem
1926 3805 2066 3834 omnes
2076 3805 2165 3845 spes
2188 3793 2228 3833 in
2246 3793 2549 3844 Sampsigerami
2567 3793 2757 3833 societate
2769 3806 2832 3833 re-

207 3931 389 3968 XXXlll.
415 3928 502 3968 Fal.
529 3933 620 3978 186,
647 3932 691 3968 27
708 3939 746 3967 r.
765 3951 814 3956 —
834 3933 924 3977 186,
941 3934 990 3968 22
1007 3940 1091 3968 vso,
1107 3932 1165 3969 De
1189 3930 1414 3969 Mithridate
1430 3930 1623 3980 Cyzicum
1636 3929 1839 3969 obsidente
1857 3929 1948 3978 (an.
1969 3929 2040 3977 73)
2058 3927 2149 3967 vide
2165 3927 2332 3978 Appian.
2351 3927 2448 3968 Bell.
2468 3927 2578 3966 Mith.
2595 3938 2630 3966 c.
2651 3932 2696 3993 7²2
2715 3938 2827 3992 sqqq

156 3989 359 4026 Memnon.
382 3987 483 4026 llist.
507 3986 668 4025 Iler-acl.
695 3997 780 4035 cap.
806 3989 869 4027 40.
898 3989 954 4025 De
975 3997 1017 4025 re
1040 3988 1175 4025 nostro
1196 3988 1243 4025 fr.
1271 3990 1428 4027 narrata
1444 3988 1603 4027 aliunde
1622 3999 1701 4027 non
1722 3989 1890 4026 constat.
1917 3987 2102 4026 Ceterum
2119 3997 2168 4026 ex
2188 3986 2363 4035 Appiano
2380 3996 2416 4023 c.
2443 3988 2491 4024 75
2513 3987 2552 4024 et
2571 3988 2619 4024 76
2639 3985 2828 4026 discimus

156 4045 424 4085 Mithridatem
442 4045 636 4085 cuniculis
660 4045 804 4083 nloenia
823 4045 931 4083 urhis
950 4045 1156 4085 suffodisse
1169 4074 1178 4092 ‚
1201 4046 1415 4095 Cyzicenos
1431 4057 1524 4086 vcro
1543 4046 1751 4086 suffodisse
1771 4056 1928 4096 aggeres
1945 4045 2104 4084 hostiles
2124 4060 2144 4094 ;Δ
2156 4044 2384 4095 Μιθριδάτης
2397 4043 2458 4082 ἐπὶ
2478 4043 2522 4082 τὸ
2541 4043 2728 4094 Δίνδυμον
2744 4044 2829 4094 ὄρος

156 4104 425 4154 ὑπερκείμενον
442 4104 563 4155 ἀνῄει,
578 4104 644 4142 καὶ
658 4107 776 4154 χῶμα
794 4102 859 4141 ἀπ’
878 4103 996 4141 αὐτοῦ
1018 4103 1052 4147 ἐς
1069 4104 1136 4149 τὴν
1154 4103 1263 4143 πόλιν
1281 4103 1372 4153 ἔχου
1385 4135 1395 4152 ,
1412 4106 1577 4156 πύργους
1593 4118 1634 4143 τε
1651 4105 1783 4151 ἐφίστη
1795 4132 1808 4152 ,
1825 4105 1890 4142 καὶ
1908 4103 2114 4151 ὑπονόμοις
2131 4103 2173 4142 τὸ
2190 4106 2315 4153 τεῖχος
2333 4102 2634 4172 ἀπκρήμνη.’1ῗῑ
2649 4113 2735 4172 cap.
2752 4105 2801 4143 76
2817 4119 2826 4142 :

159 4163 397 4212 Διεκαρτέρει
411 4162 444 4200 δ’
458 4163 561 4212 ὅμως
575 4162 804 4213 Μιθριδάτης
819 4163 977 4207 ἐλπίζων
996 4162 1048 4200 ἔτι
1066 4163 1132 4208 τὴν
1150 4163 1309 4207 Κύζικον
1322 4163 1491 4211 αἱρήσειν
1508 4167 1585 4207 τοῖς
1603 4163 1761 4214 χώμασι
1775 4165 1851 4207 τοῖς
1868 4162 1943 4200 ἀπὸ
1956 4166 2023 4199 τοῦ
2041 4161 2243 4211 Δινδύμου.
2260 4161 2325 4205 Ὡς
2342 4161 2379 4199 δὲ
2397 4161 2462 4198 καὶ
2475 4164 2569 4199 ταῦτ
2595 4174 2830 4229 υπεσυρον.το

156 4222 192 4258 αἱ
216 4221 439 4266 Κυζικηνοὶ,
461 4221 630 4270 δρασμὸν
655 4222 675 4259 ὁ
695 4222 749 4259 M.
773 4221 961 4259 ἐδούλευε.
984 4242 1034 4253 σ-
1057 4224 1084 4258 1.
1107 4220 1276 4269 ἔφυσεν
1294 4219 1420 4261 codex
1441 4223 1479 4261 h.
1504 4222 1528 4260 l.
1553 4224 1592 4261 et
1613 4232 1705 4260 mox
1725 4220 1884 4259 iterum.
1911 4244 1959 4252 --
1983 4224 2020 4258 2.
2037 4219 2312 4270 ἑκατόνταρχος
2331 4219 2354 4257 lt
2394 4219 2419 4257 Ι.
2443 4217 2531 4257 cod.
2552 4240 2606 4247 -—-
2626 4225 2664 4258 3.
2687 4220 2738 4264 εἰς
2758 4231 2824 4264 τας

158 4278 284 4325 χεῖρας
307 4289 353 4314 ex
371 4279 522 4316 antece.
545 4278 648 4317 male
667 4277 844 4328 repetita.
870 4280 1049 4316 Fortasse
1066 4278 1212 4317 excidit
1229 4276 1477 4328 participium
1495 4309 1504 4326 ,
1526 4281 1747 4329 εἰσαγαγὼν
1765 4279 2013 4330 [εἰσκαθίσας
2034 4278 2139 4326 conj.
2162 4278 2392 4326 Diibuerus3
2427 4276 2618 4328 egregie}

210 4334 387 4375 λΧΧΝ.
411 4335 492 4373 Fal.
520 4340 604 4383 1⁵56,
618 4341 663 4374 ¹22
680 4346 713 4374 v.
733 4338 928 4384 —187‚1‹)
945 4347 978 4374 r.
992 4358 1039 4367 —
1058 4339 1087 4373 Ι.
1104 4336 1204 4374 ’Ὁτι
1225 4338 1277 4377 τὰ
1291 4350 1306 4380 ς
1323 4337 1464 4387 ὅλας]
1482 4350 1559 4378 vox
1575 4340 1662 4378 ’Ὁτι
1683 4341 1774 4378 novi
1791 4333 1988 4388 excerpti,
2006 4336 2043 4375 in
2060 4336 2195 4376 cadem
2211 4348 2251 4376 re
2268 4335 2472 4384 versantis,
2485 4335 2829 4378 initimnindicare
