3016 4628
238 298 330 336 426

233 398 336 440 Iudi
363 404 526 455 putant
548 396 884 455 septentriones
906 410 1062 440 versus
1083 395 1321 454 habitare3
1343 395 1404 438 ita
1429 395 1520 437 alio

231 469 402 527 modo,
427 484 568 527 quam
597 483 682 527 per
700 469 949 527 scriptores
972 483 1127 511 rerum
1157 466 1421 511 Indicarum
1448 465 1519 509 fa—

229 541 352 585 bella
366 542 445 585 ista
463 542 512 584 in
528 540 819 585 occidentem
831 540 1017 584 videtur
1034 540 1229 583 tranlata
1248 554 1359 596 esse,
1375 552 1519 596 quum

230 613 288 657 ab
316 615 413 657 aliis
440 613 745 672 scriptoribus
763 612 907 657 iidem
936 612 1147 655 homines
1170 611 1220 653 in
1239 609 1521 668 septentrio-

228 687 323 730 nali
345 688 543 746 Europae
562 693 694 746 parte
709 686 1010 730 collocentur.
1034 685 1152 729 Plin.
1180 682 1233 727 H.
1257 684 1316 726 N.
1333 684 1411 726 IV.
1441 695 1517 736 27.

230 757 256 802 5
273 793 285 814 ,
312 760 431 804 Mela
456 761 543 815 ΙΙΙ,
571 760 616 815 6,
644 758 813 802 Isidor.
838 759 926 812 XI,
965 756 1007 803 3.
1034 758 1101 800 Ex
1131 757 1207 810 iis,
1242 755 1323 812 qui
1356 752 1517 796 Indica

227 834 624 892 conscripserunt,
677 828 972 875 Enotocoetas
1016 829 1194 887 primus
1244 826 1519 869 memoravit

226 906 394 950 Ctesias
423 905 528 950 Ind.
558 904 612 949 31
632 939 644 960 ‚
677 913 775 948 tum
806 904 946 948 Duris
982 917 1050 960 ap.
1090 900 1207 944 Plin.
1235 900 1294 944 H.
1330 898 1388 941 N.
1430 898 1516 941 VII

228 994 273 1033 2,
303 977 383 1022 23.

290 1069 311 1090 α
333 1050 601 1095 Brahmanae
621 1049 682 1106 (οἱ
715 1044 960 1111 φιλόσοφοι)
995 1043 1516 1104 Megastheninarrave-

225 1131 359 1179 rant,
397 1124 446 1166 in
483 1123 618 1166 India
657 1137 749 1166 esse
789 1116 1034 1165 Ὠκύποδ
1043 1135 1067 1161 α
1082 1135 1122 1173 ς,
1161 1112 1306 1158 ἵππων
1350 1112 1514 1173 μᾶλλον

224 1192 445 1247 ἀπιόντας.
469 1197 616 1253 Quam
641 1195 843 1238 fabulam
871 1191 1078 1235 Indicam
1103 1203 1220 1242 esse,
1247 1202 1305 1230 ex
1337 1202 1393 1230 eo
1415 1187 1515 1230 Ra—

224 1267 430 1326 majan'ae
455 1270 560 1311 loco
589 1274 808 1325 apparet,
843 1279 983 1322 quem
1011 1262 1154 1306 modo
1191 1259 1512 1314 laudavimus;

224 1355 319 1399 quo
344 1342 482 1385 etiam
499 1355 669 1383 nomen
687 1334 925 1387 Ὠκύποδες
945 1336 1215 1394 explicatur.
1231 1334 1349 1376 Nam
1367 1347 1513 1390 quum

222 1413 328 1457 Indi
354 1422 533 1472 partem
560 1411 791 1471 quandam
824 1410 1081 1453 Ciratarum
1110 1414 1385 1463 nuncupent
1407 1403 1512 1447 ὅσα·

216 1487 375 1544 pa‘das
402 1487 433 1529 i.
462 1500 504 1530 e.
541 1481 800 1544 μονόποδας,
828 1482 907 1539 qui
937 1491 1087 1524 tamen
1116 1493 1208 1522 esse
1230 1478 1413 1521 veloces
1438 1477 1512 1520 di·

222 1567 408 1613 cuntur,
443 1573 616 1601 nomen
653 1571 754 1599 cum
791 1563 897 1613 apta
934 1552 1134 1612 quadam
1191 1551 1515 1610 paronomasia

222 1630 535 1690 Megasthenes
572 1645 688 1673 voce
727 1624 965 1676 Ὠκύποδες
1019 1624 1157 1667 vertit
1217 1621 1292 1682 (Ἴ.
1351 1624 1514 1680 Neque

221 1703 513 1762 Monopodcs
539 1703 692 1747 Ctesiae
713 1700 902 1754 desunt,
935 1698 1014 1756 qui
1041 1695 1166 1755 apud
1199 1695 1314 1741 Plin.
1337 1695 1440 1750 VII,
1466 1710 1512 1753 2,

227 1790 281 1831 17
306 1775 402 1819 haec
435 1775 576 1818 refert
611 1790 622 1817 z
662 1777 780 1817 Item
812 1772 1044 1814 hominum
1083 1784 1257 1827 gemes,
1288 1771 1368 1827 qui
1394 1768 1453 1810 M
1463 1784 1512 1811 0-

217 1849 414 1891 nocoli
449 1856 732 1901 vocarentur,
773 1845 966 1903 singulis
995 1843 1197 1889 cruribus
1213 1874 1225 1896 ,
1253 1844 1386 1883 miroe
1403 1856 1513 1899 per-

219 1924 421 1964 nicitatis
456 1921 523 1963 ad
548 1921 726 1972 saltum,
760 1918 1027 1975 eosdemque
1045 1915 1301 1974 Sciapodas
1321 1916 1503 1967 vocari,

217 1995 342 2051 quod
349 1997 394 2036 in
409 1997 582 2049 majore
593 2002 707 2035 oesta
723 1991 850 2034 humi
865 1995 1066 2043 jacentes
1078 1990 1280 2046 resupini
1291 1987 1453 2030 umbra
1464 2001 1514 2029 se

211 2066 381 2123 pedum
390 2074 642 2125 protegant
648 2081 664 2118 ;
686 2080 776 2108 non
804 2065 937 2121 longe
953 2078 1028 2106 eos
1060 2078 1092 2104 a
1115 2061 1156 2104 T
1152 2053 1403 2118 reglodytis
1439 2054 1510 2120 (**)

214 2138 387 2184 abesse.
413 2140 522 2196 Quae
547 2137 865 2196 Ecapadarum
896 2145 940 2180 et
969 2133 1250 2194 Sciapodum
1279 2132 1509 2188 confusio,

216 2211 367 2254 solum
391 2226 447 2254 ex
467 2210 764 2255 similitudine
786 2210 1029 2253 nominum
1050 2206 1259 2267 pendere
1281 2206 1484 2250 videtur.

283 2302 303 2322 α
323 2284 483 2342 Neque
495 2285 645 2327 minus
658 2284 828 2326 mirum
849 2282 976 2326 estid
996 2280 1127 2340 quod
1142 2279 1201 2323 de
1226 2279 1334 2323 feris
1356 2279 1512 2322 homi-

216 2356 571 2400 nibus-tradidit
610 2355 696 2416 (fr.
726 2355 785 2398 30
811 2371 842 2399 a
879 2364 924 2399 et
955 2354 1059 2414 31).
1090 2355 1220 2397 Hanc
1249 2352 1388 2395 etiam
1412 2367 1511 2394 rem

215 2431 380 2474 Ctesias
414 2431 547 2488 prior
583 2429 803 2473 retulerat
836 2427 942 2472 Ind.
978 2428 1003 2486 ξ
1049 2426 1124 2472 31.
1162 2426 1229 2470 Cf.
1260 2425 1406 2469 Sorin.
1449 2423 1507 2468 52

213 2504 362 2547 Tzetz.
400 2503 515 2549 Chil.
544 2504 642 2558 VII,
694 2500 820 2558 768,
847 2501 964 2546 Gell.
995 2501 1084 2556 IX,
1114 2504 1158 2552 [2.
1187 2500 1399 2556 Quorum
1422 2498 1510 2541 ho-

214 2576 391 2619 minum
408 2576 527 2619 inter
547 2575 800 2619 Alexandri
822 2575 1013 2618 comites
1033 2575 1157 2617 Baeto
1179 2572 1263 2632 (fr.
1289 2569 1351 2633 3.)
1378 2587 1510 2615 men·

217 2649 391 2691 tionem
409 2647 598 2706 fecitap.
614 2649 731 2691 Plin.
748 2649 804 2691 H.
818 2648 874 2690 N.
891 2647 994 2701 VII,
1011 2661 1057 2689 2.
1082 2644 1126 2691 3.
1158 2644 1320 2688 Eidem
1344 2645 1506 2703 appel-

220 2719 373 2762 lantur
394 2721 647 2778 Antipodes
670 2728 716 2763 et
743 2720 864 2763 inter
889 2728 1046 2779 gentes
1067 2718 1358 2776 AEthiopicas
1381 2732 1507 2760 enu-

216 2792 383 2835 merari
408 2792 572 2835 solent.
610 2791 678 2836 Cf.
706 2792 815 2836 Isid.
851 2791 984 2851 Orig.
1024 2792 1121 2849 XI,
1151 2789 1195 2833 3.
1227 2790 1510 2848 Opinionem

217 2864 341 2907 illam
359 2864 484 2922 apud
507 2864 647 2908 Indos
662 2866 956 2909 vernaculam
978 2865 1112 2908 fuisse
1129 2898 1140 2919 ,
1163 2879 1261 2907 non
1284 2863 1431 2907 modo
1453 2878 1510 2906 ex

219 2951 276 2979 co
298 2945 489 2995 apparet
507 2969 520 2992 ,
550 2937 679 2995 quod
705 2938 840 2981 multi
864 2939 1142 2997 scriptores,
1167 2952 1372 2995 quorum
1397 2937 1511 2979 alius

218 3010 311 3052 alio
332 3025 429 3052 non
444 3025 549 3053 usus
569 3019 660 3065 est,
685 3010 742 3054 de
757 3011 843 3054 hac
863 3026 914 3054 re
935 3012 1223 3055 consentiant
1239 3044 1251 3065 ,
1276 3008 1355 3053 sed
1373 3009 1509 3052 etiam

213 3109 347 3147 λώτιοι
363 3108 400 3157 ),
420 3108 699 3148 es’c’acarn'oe
718 3110 767 3159 (i.
787 3120 822 3148 e.
851 3111 1040 3160 χειλώτιοι
1054 3109 1085 3158 ),
1112 3095 1381 3159 pdn⁶ieornoe
1400 3107 1448 3158 (ἰ.
1471 3118 1507 3147 e.

214 3167 409 3216 χειρώτιοι
422 3167 450 3214 ),
468 3165 517 3205 de
532 3167 674 3215 quibu÷
689 3168 740 3206 cf.
759 3169 863 3206 Ctes.
885 3167 969 3206 lnd.
987 3168 1010 3218 ὃ
1031 3171 1094 3207 31.

267 3224 358 3273 (***)
380 3223 686 3273 Eeapddarum
707 3236 783 3264 non
795 3236 882 3264 rara
898 3226 937 3264 in
951 3227 1069 3276 epicis
1083 3226 1325 3265 carminibus
1341 3225 1386 3264 snt
1402 3236 1509 3264 men·

216 3283 273 3322 tio
291 3294 355 3321 ex.
371 3293 405 3320 c.
431 3297 440 3321 ε

274 3340 442 3379 Malmb'.
480 3343 538 3387 11,
577 3344 855 3380 1837-1838;
884 3341 945 3381 Ibi
975 3344 1174 3391 conspexi
1210 3340 1511 3392 Diophthal-

217 3410 321 3437 mos
360 3397 784 3447 Triophthalmos
800 3428 810 3446 ,
846 3402 981 3438 Meto
997 3399 1127 3449 popli
1143 3402 1158 3439 t
1174 3399 1410 3448 hulmo-5,
1434 3401 1509 3450 qui

217 3458 351 3495 variis
381 3466 403 3495 e
434 3456 671 3504 reqionibus
705 3457 993 3507 advenerant,
1017 3479 1069 3486 -
1098 3457 1507 3508 Anthropopha-

214 3524 304 3563 9⁰⁴⁸
323 3515 364 3551 et
389 3515 505 3553 Mon
519 3523 604 3561 opo
618 3513 720 3552 des.

270 3572 404 3611 flariv.
425 3574 709 3611 9540—9541:
745 3573 980 3612 Praediti
1017 3575 1247 3623 capillis
1274 3575 1502 3618 erectis,

218 3633 355 3681 niqris
385 3634 426 3670 et
457 3631 590 3677 albis,
622 3630 767 3668 robore
796 3632 1120 3679 elephantorum
1147 3633 1288 3673 decem
1319 3634 1431 3674 mill.
1465 3636 1508 3674 et

213 3688 427 3739 procellae,
443 3687 737 3734 Monochea'res,
754 3690 824 3726 Mo
838 3699 862 3726 n
875 3699 924 3738 op
935 3701 957 3728 ο
968 3691 1050 3729 des
1062 3720 1072 3738 ,
1086 3693 1134 3730 M
1138 3702 1198 3731 οη
1209 3703 1272 3742 op
1287 3692 1338 3731 th
1350 3692 1506 3741 almi,

215 3748 293 3797 qui
315 3756 392 3784 ora
416 3746 645 3784 trementia
666 3745 823 3783 habent
842 3750 919 3785 etc.
1483 3743 1487 3749 ’

269 3803 404 3843 nai-iv.
422 3806 546 3843 9:253:
569 3802 884 3852 Mo'nopodes
901 3806 942 3843 et
965 3805 1163 3855 Dipodes,
1184 3807 1261 3846 alii
1280 3809 1505 3858 Bicipites,

217 3862 439 3902 Macilenti
460 3863 537 3900 etc.

266 3920 327 3958 Cf.
351 3918 518 3958 Maliab‘.
552 3921 601 3966 11,
628 3921 738 3957 1173.
776 3919 846 3965 ΙΙΙ,
873 3922 990 3958 16137
1008 3949 1018 3967 ,
1043 3919 1173 3958 Hariv.
1196 3923 1316 3970 2444,
1338 3925 1406 3961 As.
1421 3933 1502 3962 res.

214 3978 322 4016 Vlll.
345 3981 431 4016 338.
453 3976 538 4016 Alio
561 3976 719 4014 nomine
739 3975 790 4014 ab
810 3974 914 4014 ludis
938 3978 1130 4015 vocantur
1146 3977 1271 4015 eidem
1289 3977 1505 4018 &cali’ara-

218 4035 311 4073 u’oe.
334 4038 399 4073 As.
423 4037 510 4074 Res.
528 4036 634 4073 vlu.
654 4036 742 4072 340.

267 4094 343 4141 (**)
372 4091 633 4142 Troqlodytoe
650 4090 696 4130 ad
722 4101 787 4129 eas
823 4090 1019 4140 pertinent
1055 4093 1203 4140 gentes,
1220 4093 1390 4140 quasalii
1408 4093 1505 4131 scri·

220 4153 351 4200 plores
375 4151 606 4200 AEtliiopnn‚
628 4149 749 4188 lndiie
783 4148 847 4187 alii
869 4147 1171 4197 adscripserunt.
1198 4149 1336 4187 indicis
1370 4150 1507 4195 litteris

216 4207 377 4245 mininie
393 4206 547 4254 desinit,
576 4205 718 4256 «unibus
734 4206 981 4256 appellantur
997 4204 1315 4254 qiriqahvards‚
1347 4208 1371 4245 i.
1395 4220 1429 4246 υ.
1462 4211 1503 4247 in

217 4267 429 4304 montanis
451 4267 646 4304 cavernis
671 4266 866 4304 viventes.
885 4261 1053 4302 Maliab'.
1080 4265 1147 4309 Vl,
1164 4266 1248 4302 2375.

1351 285 1398 332 M
1409 286 1484 333 EG
1494 283 1728 332 ASTHEN
1739 286 1790 333 IS

1597 410 1652 438 ex
1685 395 1847 439 litteris
1870 395 2065 450 Ind'icis;
2092 395 2267 453 pluries
2290 396 2413 438 enim
2438 396 2487 438 in
2511 398 2653 455 epicis
2676 401 2898 444 carmim‘-
2956 404 2958 407 '

1595 468 1682 511 bus
1701 476 2130 512 commemorantur
2143 461 2615 528 paek'cidangulajas‚
2651 486 2789 530 quam
2813 489 2899 517 vo·
2959 478 2961 489 ²

1597 555 1697 583 cem
1728 540 2064 583 accuratissime
2104 539 2419 599 Megasthenes
2445 542 2637 587 nomine
2669 542 2907 590 ὀπισθοδά-”

1596 611 1747 662 κτυλος
1771 613 2000 655 convertit
2027 609 2101 672 (Ἴ.

1666 706 1684 723 «
1715 685 1888 729 Plinius
1908 683 2077 728 deinde
2111 683 2425 744 scribitwll,
2451 701 2496 743 2,
2538 684 2624 748 15)
2647 703 2792 746 genus
2814 687 2896 733 ho·-
2925 698 2930 702 ’

1596 760 1768 800 minum
1798 757 2024 816 capitibus
2043 760 2255 813 caninis,
2265 754 2482 812 serarum
2500 759 2703 818 pellebas
2723 762 2893 815 velari,

1589 844 1674 888 pro
1697 844 1798 872 voce
1820 831 2039 872 latratum
2060 830 2208 882 edere,
2235 831 2465 888 anguibus·
2481 842 2711 876 armatum
2731 843 2896 878 venatu
2952 835 2953 838 ’

1595 909 1640 943 et
1675 905 1873 959 aucupio
1917 904 2047 947 vesci.
2087 902 2199 959 Quae
2237 903 2468 959 narratio,
2502 905 2537 948 si
2571 904 2783 949 Solinum
2830 904 2897 950 52

1592 973 1820 1030 sequaris,
1838 974 2145 1033 Megasthenis
2168 983 2248 1021 est.
2288 974 2451 1034 Neque
2474 976 2524 1019 in
2543 976 2630 1021 hac
2646 987 2784 1038 gente
2807 977 2897 1023 de-
2957 1020 2961 1030 ,Α
2990 973 2999 1047 ζ

1592 1045 1864 1101 scribenda,
1899 1062 2040 1105 quam
2071 1047 2261 1091 nomine
2286 1044 2583 1110 Κυνοκέφαλοι
2613 1049 2899 1109 appellavit„

1594 1118 1763 1161 Ctesias
1787 1118 1914 1162 deest
1930 1153 1941 1174 ,
1962 1119 2068 1164 Ind.
2094 1134 2178 1174 20,
2196 1120 2316 1164 Plin.
2343 1119 2433 1166 Li.
2459 1120 2688 1166 Sanscrite
2709 1138 2894 1177 minen-
2962 1138 2963 1142 ’
2998 1111 3001 1152 3

1593 1200 1767 1249 pantur
1789 1191 2099 1247 §aliamue-'ds
2127 1207 2161 1238 S.
2191 1191 2461 1248 Cvdmac'ds
2479 1193 2584 1238 i.'e.
2616 1193 2894 1256 κυνοπρόσω-

1592 1279 1664 1307 ποι
1683 1279 1719 1307 s.
1741 1260 2037 1327 κυνοκέφαλοι.
2063 1266 2143 1308 As.
2163 1266 2266 1308 Res.
2293 1265 2418 1310 VIII.
2447 1263 2540 1309 331
2555 1301 2566 1311 .
2797 1259 2800 1263 ⁴

1593 1344 1687 1380 tem
1736 1338 2043 1382 barbararum
2092 1339 2299 1398 gentium
2328 1339 2502 1399 >saepius
2541 1348 2635 1384 tam
2671 1341 2901 1386 immanes
2954 1347 2958 1350 ’

1592 1408 1936 1465 describuntur,
1980 1425 2055 1454 ex.
2094 1427 2134 1457 c.
2175 1410 2359 1455 Mahab'
2395 1411 2460 1466 II,
2507 1410 2630 1456 1865
2657 1427 2670 1459 :
2711 1414 2902 1466 Cir-dtas

1591 1487 1828 1542 conspicio,
1863 1488 1944 1543 qai
1959 1485 2193 1528 radicibus
2205 1485 2476 1544 plantarum
2503 1496 2748 1542 vescuntur,
2779 1489 2889 1548 pel-

1592 1556 1706 1599 libus
1719 1554 1898 1613 ferinis
1922 1559 2112 1611 indutor,
2134 1556 2282 1612 foedis·
2311 1559 2510 1602 moribus
2525 1592 2537 1615 ,
2547 1556 2890 1620 foedisquesa-

1589 1633 1685 1672 ctis.
1713 1629 1784 1676 Cf.
1804 1629 1989 1675 Mahab.
2007 1632 2120 1687 VII,
2143 1629 2269 1688 6867
2295 1645 2390 1690 seq.

1660 1722 1681 1743 α
1702 1704 1919 1747 Astomos
1933 1704 1983 1746 in
2005 1703 2136 1748 libris
2151 1702 2325 1748 Indicis
2348 1704 2626 1760 memorari,
2650 1703 2902 1750 ostendere
2958 1694 2965 1707 ³

1588 1774 1803 1819 nondum
1836 1791 2080 1835 possumus
2102 1790 2233 1835 aeque
2267 1784 2407 1834 atque
2444 1777 2738 1835 Amycteras,
2771 1791 2895 1836 'quos

1590 1862 1684 1892 esse
1701 1848 1820 1892 dixit
1837 1845 2118 1912 παμφάγους,
2139 1845 2410 1912 ὠμοφάγους,
2430 1846 2759 1911 ὀλιγοχρονίους.
2789 1851 2898 1910 Ipsa
2950 1871 2951 1874 ¹

1589 1929 1744 1965 tamen
1761 1921 1906 1966 verba
1933 1922 2256 1982 descriptionis
2270 1931 2377 1985 sunt
2397 1920 2683 1966 documento
2697 1957 2711 1980 ,
2732 1923 2910 1983 Mega·
2986 1920 2995 1989 f*

1588 1993 1798 2038 sthenem
1819 1994 2049 2039 Indorum
2072 1996 2363 2039 narrationes
2378 2004 2587 2040 secutum
2603 2010 2714 2039 esse.
2741 1998 2896 2040 Voces

1589 2060 1713 2102 enim
1738 2056 1970 2123 παμφάγος
1994 2070 2275 2120 ceteraeque,
2303 2061 2481 2120 quibus'
2502 2062 2773 2120 A1nycteras
2799 2059 2890 2106 de·-
2945 2118 2947 2120 η

1588 2133 1790 2192 scripsit,
1825 2134 1883 2178 ab
1917 2149 2007 2177 usu
2039 2134 2266 2177 sermonis
2297 2133 2433 2194 graeci
2462 2141 2653 2178 remotae
2679 2141 2815 2189 sunt,
2846 2141 2895 2179 et

1589 2221 1822 2251 conversae
1843 2222 1899 2251 ex
1923 2207 2150 2251 sanseritis
2173 2206 2379 2250 vocibus.
2406 2207 2494 2254 Ex.
2519 2221 2582 2262 c.‚
2605 2221 2750 2266 quum
2774 2221 2898 2252 voce
2965 2221 2987 2260 ,ε

1588 2276 1822 2343 παμφάγος
1854 2280 2001 2325 Graeci
2035 2294 2231 2339 perraro
2252 2288 2461 2335 utantur,
2485 2276 2613 2338 apud
2635 2277 2790 2324 Indos‘
2811 2295 2891 2325 ea·
2954 2339 2955 2342 Ἴ
2982 2317 2986 2334 ,

1589 2352 1696 2397 dem
1718 2369 1812 2397 vox
1831 2362 1896 2396 est
1910 2353 2186 2412 pervulgata
2200 2385 2212 2407 ,
2233 2361 2280 2394 et
2297 2352 2464 2395 usitata
2482 2359 2590 2395 sunt
2609 2352 2894 2412 cognomina
2983 2342 2986 2354 ¹

1588 2423 1897 2471 barbararum
1937 2426 2146 2485 gentium
2179 2423 2459 2467 sareab’axa
2476 2458 2488 2480 ,
2535 2422 2897 2485 vipvab‘dg'ana

1591 2499 1642 2559 (i.
1686 2515 1726 2546 e.
1765 2495 2048 2562 παμφάγος),
2082 2498 2158 2541 vel
2205 2496 2597 2552 rricius-ab'dxaca,
2649 2496 2892 2556 ‹imis'dein

1577 2576 1830 2633 piqitciein,
1852 2572 2076 2630 cravjdda
2097 2568 2112 2631 (
2132 2571 2165 2614 i.
2193 2585 2233 2614 e.
2255 2570 2527 2615 carnivorus
2554 2566 2657 2631 (μ’).

1658 2666 1678 2687 «
1702 2648 1770 2691 Ea
1793 2661 1896 2705 quae
1917 2645 2001 2689 uni
2025 2644 2388 2689 Monoculorum
2413 2644 2541 2705 genti
2571 2643 2767 2703 propria
2797 2656 2897 2689 esse

1639 2747 1694 2796 (η
1717 2747 1777 2786 cr.
1801 2745 1972 2786 Manah’.
1991 2746 2044 2794 x,
2065 2746 2270 2784 452—457
2293 2760 2301 2769 ·
2321 2743 2388 2784 Ibi
2407 2743 2776 2794 conspiciebantur
2811 2741 2892 2783 aa·

1586 2817 1709 2846 xasae
1738 2809 1780 2846 et
1810 2804 2001 2846 Picdh'ae
2030 2806 2170 2848 varii,
2201 2811 2376 2851 carnem
2403 2802 2640 2843 humanam
2666 2803 2894 2852 vorantes,
2947 2794 2986 2857 ’ᾖ

1584 2867 1838 2913 sanquinem
1856 2863 2060 2906 bibentes,
2088 2864 2282 2911 inqentes
2296 2888 2308 2904 ,
2323 2861 2445 2909 fusci
2457 2887 2470 2905 ‚
2495 2861 2640 2900 saxeis
2657 2859 2856 2911 dentibus
2871 2885 2886 2904 ,
2955 2875 2963 2891 ·-

1590 2925 1731 2963 tauris
1757 2923 1944 2965 similes,
1975 2920 2148 2970 capillis
2169 2919 2386 2967 horridis,
2415 2919 2554 2968 lenuis
2577 2919 2778 2958 instructi
2794 2927 2888 2956 con·
2951 2947 2957 2950 -
2980 2951 2983 2959 .,

1585 2981 1704 3026 chis,
1725 2978 2010 3030 pentapodes‚
2027 2980 2229 3017 ventriosi
2245 3005 2257 3025 ‚
2277 2975 2496 3026 opistho
2509 2974 2741 3024 dactyli,
2761 2984 2888 3025 aspe-
2961 2975 2971 2989 “¹

1586 3042 1654 3083 ri,
1697 3038 1930 3087 deformes,
1962 3046 2065 3077 voce
2104 3033 2330 3081 horribili,
2373 3034 2597 3082 campanis
2637 3031 2895 3084 retibusque
2952 3035 2981 3080 ff,

1587 3099 1810 3145 instructi,
1832 3098 1969 3147 niqris
1985 3093 2252 3145 qutturibus‚
2261 3090 2562 3140 formidolosi,
2578 3089 2893 3130 crudelissimis
2938 3094 2942 3101 ’
2977 3093 2984 3144 ξ

1587 3157 1713 3197 vultu
1733 3155 1934 3196 horribili
1954 3168 1968 3194 .·
1987 3154 2205 3204 variaeque
2221 3149 2503 3191 Rdxasarum
2533 3149 2687 3192 formoe
2705 3149 2766 3189 ibi
2788 3158 2884 3201 oon·
2944 3178 2955 3194 v.
2976 3146 2981 3194 ξ

1584 3215 1888 3266 spiciebantur.
1941 3214 1999 3252 Et
2019 3211 2099 3251 atii
2116 3219 2249 3261 quum
2270 3210 2528 3257 sanquinem
2541 3205 2768 3255 bibissent,
2796 3205 2889 3246 laeci
2975 3232 2979 3265 ;

1585 3274 1840 3312 catervatim
1868 3268 2116 3316 saltabant,
2149 3267 2346 3307 collocuti
2380 3266 2514 3310 talia,
2547 3280 2566 3298 ιι
2593 3262 2669 3304 hoc
2684 3265 2750 3303 est
2776 3265 2885 3314 opti-
2932 3263 2942 3315 j*
2975 3272 2978 3300 ἡ

1584 3341 1702 3371 mum
1714 3361 1726 3381 ‚
1749 3330 2066 3375 clarissimum,
2084 3325 2406 3365 dulcissimum,
2425 3339 2444 3358 »
2500 3324 2569 3363 Sic
2588 3321 2886 3373 colloqueban-

1587 3393 1662 3430 tur
1675 3389 1746 3429 illi
1763 3380 1966 3429 vorantes
1985 3384 2224 3426 medullam
2238 3413 2249 3432 ,
2263 3392 2357 3422 ossa
2369 3413 2380 3430 ‚
2397 3382 2671 3431 sanquinem,
2687 3379 2884 3430 adipem,

1586 3450 1776 3490 hostium
1803 3455 1979 3486 carnem
2010 3437 2291 3492 devorantes,
2321 3439 2462 3482 cruda
2489 3449 2622 3480 carne
2649 3439 2887 3488 vescentes,
2975 3439 2977 3442 ’

1585 3518 1717 3550 earne
1737 3507 1942 3555 viventes.
2165 3523 2168 3526 <

1638 3566 1710 3617 (**)
1731 3565 1795 3605 Cf.
1814 3560 2092 3609 Mabab'..Xll,
2113 3563 2242 3600 6956:
2260 3556 2419 3598 Gudroe
2436 3555 2644 3597 dicuntur
2659 3565 2748 3596 esse
2764 3565 2887 3607 pam-

1582 3626 1714 3676 phayi
1729 3631 1908 3671 semper,
1930 3619 2100 3659 nultius
2115 3617 2236 3667 facti
2260 3609 2478 3667 expertes,
2499 3615 2686 3665 impuri,
2709 3614 2750 3653 et
2764 3623 2887 3664 quem
2916 3632 2934 3663 ,χ
2973 3655 2977 3669 2

1583 3679 1978 3725 locumlaudavimus
1994 3677 2033 3716 in
2043 3678 2126 3716 not.
2139 3675 2349 3715 antedente
2361 3673 2599 3713 carnivoros
2610 3682 2694 3712 esse
2710 3671 2888 3722 Padaeus,
2923 3700 2927 3705 .
2974 3674 2978 3725 j,

1579 3744 1662 3793 jam
1683 3739 1908 3781 Herodotus
1925 3738 1976 3776 lll
1990 3765 2002 3786 ,
2029 3739 2080 3776 99
2097 3734 2299 3774 retulerat.
2333 3730 2553 3781 omophagi
2579 3740 2664 3770 esse
2687 3729 2807 3769 iidem
2822 3729 2885 3769 vi-
2930 3757 2934 3775 ,
2973 3730 2976 3734 ’

1582 3800 1726 3840 dentur
1748 3798 1868 3846 atque
1890 3794 1959 3845 qui
1986 3793 2104 3842 vulgo
2130 3791 2377 3842 appellantur
2404 3787 2650 3839 Agriophagi.
2679 3785 2899 3829 interdum
2917 3812 2926 3830 ς

1582 3857 1720 3898 iisdem
1751 3853 1940 3901 vocibus,
1967 3851 2114 3902 quibus
2133 3850 2218 3900 ipsa
2244 3848 2406 3888 nomina
2433 3845 2612 3898 gentium
2638 3842 2919 3895 significan-<-

1581 3916 1791 3966 scriptores
1806 3921 1932 3962 quum
1951 3907 2073 3949 lndicl
2089 3910 2178 3947 tum
2197 3905 2327 3947 Graeci
2343 3906 2527 3944 utuntur.
2587 3903 2644 3951 lla
2661 3900 2769 3952 apud
2797 3901 2892 3947 ΡΙίι,
2924 3955 2925 3958 ¹

1582 3975 1690 4013 nium
1707 3975 1778 4019 Vl,
1804 3975 1868 4017 35,
1891 3971 1934 4008 17
1966 3966 2061 4017 (qui
2078 3965 2190 4005 locus
2204 3963 2361 4003 videtur
2375 3963 2426 4003 ad
2446 3961 2601 4002 indiam
2616 3959 2749 4011 potius
2761 3959 2906 4012 qumi

1582 4031 1633 4071 ad
1649 4028 1885 4080 AEthiopiam
1901 4023 2104 4075 spectare)
2123 4023 2396 4062 memorantur
2410 4023 2556 4070 Niqrae
2570 4049 2581 4068 ‚
2598 4026 2782 4070 quorum
2802 4025 2916 4073 rex...

1581 4099 1718 4130 unum
1729 4087 1900 4127 oculum
1914 4083 2072 4124 habeat
2088 4080 2309 4129 infronte,
2328 4077 2602 4128 Ayriopnaqi,
2625 4073 2903 4132 ΡαπηοΙιαῃξ.Ι

1583 4143 1958 4196 Anthropophaqi‚
1991 4138 2236 4190 Cynomolyi
2275 4137 2469 4185 (caninis
2493 4132 2752 4185 capitibus);
2774 4135 2922 4196 purg:

1583 4205 1785 4257 quaedam
1805 4201 2057 4250 AEthiopum
2079 4198 2260 4237 locustis
2285 4197 2456 4234 totilum
2474 4195 2606 4238 vivit,
2630 4193 2662 4232 ii
2690 4188 2880 4242 quadra-

1581 4266 1784 4315 qesimum
1801 4269 1966 4301 arvium
1986 4259 2087 4298 vitae
2104 4265 2183 4296 non
2202 4251 2425 4294 excedunt.

2635 1267 2792 1311 Mores
2809 1282 2897 1312 au·
2955 1266 2961 1314 ’.
