3016 4628
794 280 877 329 Ex
912 278 1210 327 HISTORIA
1249 276 1527 324 Diom'stt
1567 278 2202 327 HALICARNASSENSIS.

166 396 326 444 πολλοῦ
361 393 459 459 περὶ
485 391 533 440 τὸ
559 395 700 456 βῆμα,
729 407 934 451 συγγνους
954 388 1018 433 ὅτι
1042 386 1212 439 πλείους
1244 386 1348 432 εἰσιν
1374 388 1458 431 τῶν

168 466 431 533 βοηθούντων
455 468 497 512 οἳ
523 460 843 524 συλλαμὸάνειν
870 461 1098 523 μέλλοντες
1121 459 1250 508 αὐτὸν
1265 498 1277 518 ,
1316 461 1391 507 καὶ
1411 462 1458 507 οὗ

166 538 372 629 μακρὰν
355 538 518 602 ετέρους
539 534 898 582 ὑποκαθιεῖσθαι’
879 552 922 580 εν
939 531 1099 591 δ’πλοις,
1112 534 1353 624 καταπηδᾷ
1375 551 1457 578 τα-

163 612 274 678 χέως
301 610 385 657 ἀπο
404 615 478 656 τοῦ
501 608 693 673 βήματος
722 605 796 652 καὶ
821 595 893 652 δια
915 598 989 661 τῆς
1017 603 1173 670 ἅγορας
1193 604 1348 670 ἐχώρει
1375 604 1462 670 δρό·

166 704 264 749 μῳ,
291 683 485 731 σπεύδων
513 682 571 734 εἷς
595 679 671 738 τὴν
696 678 834 726 οἰκίαν
860 686 1139 744 καταφυγεῖν.
1214 679 1461 740 Καταλαμ-

166 755 396 818 6ανόμενος
415 753 456 801 δὲ
477 754 559 800 ὑπὸ
576 756 660 799 τῶν
680 751 845 798 ἱππέων
872 752 929 804 εἷς
950 750 1228 816 ἐργαστήριον
1250 750 1462 815 εἰστρέχει

165 827 437 892 μαγειρικὸν,
463 826 537 873 καὶ
561 824 716 872 κοπίδα
738 826 823 870 τῶν
847 823 1094 888 κρεοκόπων
1117 823 1324 888 ἁρπάσας
1343 824 1462 870 παίει

165 899 237 948 τὸν
261 902 426 964 πρῶτον
452 900 568 962 αὐτῷ
589 894 896 963 προσελθόντα·
945 894 1095 941 ἔπειτα
1115 896 1288 942 πολλῶν
1308 896 1462 941 ἐπιπε-

166 971 324 1020 σόντων
349 970 515 1032 ἀθρόον,
538 967 801 1030 ἀμυνόμενος
823 965 896 1013 καὶ
924 965 1090 1032 βραχὺν
1119 965 1333 1031 ἀντισχὼν
1354 965 1453 1031 ,χρό-

165 1063 256 1102 νον,
287 1043 485 1100 ἀπεκόπη
515 1040 597 1088 ὑπό
628 1058 738 1092 τινος
775 1040 846 1086 τὸν
877 1042 1088 1103 βραχίονα
1111 1038 1185 1086 καὶ
1218 1038 1366 1085 πίπτει
1391 1038 1464 1085 καὶ

165 1114 427 1167 κατακοπεὶς
459 1112 606 1177 ὥσπερ
642 1109 785 1176 θηρίον
811 1111 1089 1167 ἀποθνήσκει.
1163 1110 1358 1164 Μάλλιος
1387 1110 1464 1172 μὲν

167 1183 219 1244 δὴ
261 1184 460 1249 μεγάλων
494 1182 681 1248 ὀρεχθεὶς
719 1183 1007 1249 πραγμάτων,
1042 1183 1116 1229 καὶ
1153 1187 1306 1247 μικροῦ
1351 1181 1464 1228 πάνυ

165 1256 322 1316 δεήσας
355 1261 440 1304 τῶν
483 1255 716 1318 Ῥωμαίων
734 1254 968 1318 ἡγεμονίαν
1017 1261 1254 1319 κατασχεῖν
1272 1293 1284 1315 ,
1334 1253 1467 1308 οὕτως

165 1330 324 1387 ἀζήλου
351 1349 425 1377 και
449 1335 603 1392 πικρᾶς
627 1331 929 1393 καταστροφῆς
953 1325 1466 1414 ἔτυχεν.1·.ςενεχθεν-

163 1419 232 1455 τος
257 1400 300 1448 δὲ
323 1402 382 1455 εἷς
411 1399 488 1458 τὴν
513 1400 671 1463 ἀγορὰν
696 1404 768 1446 τοῦ
790 1419 967 1464 νεκρου,
993 1399 1067 1446 καὶ
1094 1397 1338 1462 γενηθέντος
1358 1406 1469 1446 πᾶσι

165 1478 376 1540 φανεροῦ,
398 1472 550 1537 δρόμος
574 1477 624 1531 ἠν
646 1471 720 1519 καὶ
746 1471 823 1536 βοὴ
842 1491 916 1519 και
937 1470 1166 1536 θόρυὸος(
1145 1471 1350 1518 απάντων
1382 1474 1466 1518 τῶν

164 1545 283 1594 κατὰ
301 1544 379 1603 τὴν
405 1544 589 1612 ἀγορὰν,
616 1547 701 1591 τῶν
724 1545 801 1606 μὲν
825 1544 1118 1609 οἰκτειρόντων
1135 1581 1148 1603 ,
1171 1547 1256 1592 τῶν
1287 1544 1331 1592 δὲ
1361 1547 1469 1608 ἀγα-

165 1618 455 1678 νακτούντων,
488 1621 572 1665 τῶν
596 1615 638 1664 δὲ
665 1617 797 1679 ὁμόσε
825 1618 910 1671 τοῖς
947 1615 1176 1680 δεδρακόσι
1208 1616 1279 1679 (28)
1313 1618 1470 1681 χωρεῖν

166 1688 507 1737 ἐσπουδακότων.
578 1688 794 1746 Τοιαύτης
823 1692 1020 1752 ταραχῆς
1039 1686 1297 1750 γενομένης,
1320 1687 1468 1749 μαθὼν

166 1764 190 1810 ὃ
211 1761 426 1826 δικτάτωρ
446 1759 512 1808 ὅτι
547 1760 867 1824 διαπέπρακται
886 1765 973 1812 τοῖς
992 1762 1172 1805 ἱππεῦσι
1207 1758 1255 1806 τὸ
1279 1778 1470 1823 προστα-

165 1833 266 1901 χθὲν
305 1833 451 1900 ἔργον,
478 1833 730 1881 κατέὲαινεν
752 1831 838 1879 ἀπὸ
861 1835 937 1889 τῆς
953 1831 1091 1896 ἄκρας
1110 1833 1169 1885 εἷς
1192 1831 1271 1889 τὴν
1294 1831 1469 1896 ἀγορὰν,

165 1905 262 1960 τούς
285 1925 329 1953 τε
353 1905 582 1970 βουλευτὰς
607 1903 869 1967 ἐπαγόμενος
895 1902 1091 1957 ἅπαντας
1108 1903 1183 1950 καὶ
1205 1902 1302 1956 τοὺς
1325 1906 1470 1959 ἱππεῖς

167 1978 265 2043 περὶ
275 1978 427 2026 ἑαυτὸν
443 1977 556 2042 ἔχων
582 1975 724 2040 γυμνὰ
748 1975 976 2042 φαίνοντας
993 1975 1105 2041 ξίφη·
1123 1975 1197 2023 καὶ
1220 1977 1470 2041 δημηγορή·

167 2068 246 2106 σας
273 2052 346 2114 (9.9)
377 2052 446 2098 ἐπ’
472 2050 703 2108 ἐκκλησίας
727 2048 917 2097 ἀπέλυσε
953 2048 1027 2095 τὸν
1065 2045 1212 2113 ὄχλον.
1284 2051 1386 2098 Τῶν
1428 2049 1471 2096 δὲ

168 2122 409 2184 δημοτικῶν
433 2125 471 2170 οἱ
501 2122 612 2186 [μὲν
639 2122 717 2185 οὐ]
741 2122 818 2186 (30)
860 2120 1263 2184 συμὸουλεύσαντες
1298 2125 1352 2183 τῇ
1383 2140 1470 2168 κα-

169 2191 346 2240 ταλύσει
382 2197 457 2251 τῆς
489 2193 708 2261 πολιτείας
740 2193 1011 2256 ἠγανάκτουν
1044 2192 1118 2240 καὶ
1155 2193 1210 2240 δι’
1244 2195 1373 2258 ὀργῆς
1396 2192 1474 2251 τὴν

170 2265 435 2332 ἐπιχείρησιν
460 2271 537 2313 τοῦ·
561 2265 709 2331 ἀνδρὸς
728 2265 989 2328 ἐλάμὸανον·
1012 2269 1050 2314 οἷ
1075 2265 1119 2312 δὲ
1138 2266 1475 2323 κοινωνήσαντες

168 2341 244 2396 τῆς
279 2338 548 2401 συνωμοσίας
589 2339 662 2403 (31)
694 2338 919 2403 ἀφειμένοι
954 2343 1027 2386 τοῦ
1065 2338 1199 2404 φόὸου
1234 2337 1402 2404 χαίρειν
1427 2358 1475 2386 τε

167 2415 499 2476 προσεποιοῦντο
532 2410 607 2458 καὶ
624 2412 671 2457 τὸ
692 2412 908 2474 συνέδριον
931 2414 1014 2458 τῶν
1036 2411 1341 2474 βουλευμάτων
1367 2410 1474 2475 ἐπῄ-

167 2502 280 2530 νουν·
301 2483 438 2546 ὀλίγοι
459 2483 504 2530 δέ
520 2503 630 2537 τινες
650 2483 692 2538 ἐξ
712 2484 850 2529 αὐτῶν
869 2485 907 2529 οἱ
929 2483 1214 2548 πονηρότατοι
1234 2485 1474 2547 λογοποιεῖν

168 2555 362 2618 ἐτόλμων
392 2558 435 2603 ἐν
460 2558 554 2609 ταῖς
580 2559 650 2617 (3-2)
684 2554 779 2610 ἑξῆς
803 2552 1007 2618 ἡμέραις,
1045 2558 1103 2609 ὡς
1138 2555 1474 2617 ἀνηρπασμένου

168 2628 272 2691 πρὸς
295 2629 589 2675 τῶνδυνατῶν
614 2632 690 2675 τοῦ
710 2628 931 2688 Μαλλίου,
957 2627 1031 2674 καὶ
1057 2628 1377 2684 διαστασιάζειν
1402 2628 1474 2675 τὸν

169 2702 305 2762 δῆμον
330 2700 603 2765 ἐπεχείρουν,
638 2699 709 2753 οὒς
737 2704 890 2765 ἀφανεῖ
919 2701 1092 2766 θανάτῳ
1125 2701 1473 2767 διαχρησάμενος

167 2775 191 2820 ὁ
216 2773 452 2838 δικτάτωρ,
472 2772 622 2830 ἐπειδὴ
643 2772 891 2820 κατέπαυσε
916 2777 988 2820 τοῦ
1009 2772 1213 2838 θορύὸου,
1233 2773 1311 2830 τὴν
1337 2772 1475 2837 ἀρχὴν

172 2844 437 2894 ἀποτίθεται.

235 2918 294 2966 Οἱ
317 2915 394 2979 μὲν
416 2916 468 2974 δὴ
491 2915 546 2964 τὰ
566 2916 880 2964 πιθανώτατά
872 2936 944 2980 μοι
963 2916 1034 2981 (33)
1059 2920 1277 2971 δοκουντες
1297 2919 1473 2983 γράφειν

170 2988 281 3054 περὶ
325 2994 403 3048 τῆς
442 2989 643 3038 Μαλλίου
681 2992 884 3047 τελευτης
902 3029 915 3051 ‚
957 2989 1069 3037 οὕτω
1111 2990 1468 3054 παραδεδώκασι.

172 3061 373 3126 Λεγέσθω
395 3062 439 3109 δὲ
463 3082 535 3110 και
551 3066 573 3110 ὁ
598 3064 776 3110 δοκωνε
753 3082 880 3121 ηττον
902 3055 1011 3110 εἶναί
1031 3083 1106 3126 μοι
1130 3064 1306 3118 πιθανὸς
1325 3065 1448 3125 λόγος
1463 3102 1474 3122 ,

170 3127 207 3201 ᾧ
235 3133 445 3200 κέχρηται
476 3135 651 3199 Κίγκιος
673 3135 755 3200 (34)
784 3154 858 3183 και
890 3135 1213 3202 Καλπούρνιος,
1253 3135 1476 3201 ἐπιχώριοι

174 3211 447 3272 συγγραφεῖς·
486 3206 531 3256 οῖ’
552 3227 681 3272 φασιν
708 3206 804 3255 οὔτε
832 3208 1064 3299 δικτάτορα
1099 3207 1182 3254 ὑπὸ
1220 3211 1294 3265 τῆς
1321 3210 1477 3271 βουλῆς

175 3279 486 3344 ἀποδειχθῆναι
518 3279 589 3327 τὸν
634 3279 842 3339 Κόϊντον,
881 3299 977 3327 ουτε
1013 3280 1190 3345 ἱππάρχ
1190 3300 1242 3338 ην
1280 3279 1366 3327 ὑπὸ
1401 3300 1474 3328 του

178 3348 359 3401 Κοΐντου
385 3352 455 3399 τὸν
480 3352 745 3418 Σερουίλιον.
819 3352 1058 3414 1ενομενης
1080 3352 1123 3399 δὲ
1150 3357 1223 3410 τῆς
1245 3351 1472 3422 μηνύσεως

176 3421 258 3471 ὕπὸ
279 3442 352 3471 του
374 3425 606 3473 Μινουκίου
618 3424 742 3484 ,τοὶς
770 3425 985 3488 παρόντας
1004 3427 1046 3471 ἐν
1078 3428 1140 3471 τῶ
1171 3425 1377 3490 συνεδρίω
1403 3445 1471 3472 πι·

112 3519 114 3522 ·
174 3493 435 3563 meamne
455 3489 594 3556 αληθῆ
618 3498 673 3546 τὰ
695 3498 907 3560 λεγόμενα
935 3502 1068 3556 εἶναι,
1088 3518 1164 3547 και
1189 3499 1265 3562 (32)
1297 3499 1474 3561 γνώμην

2690 294 2831 327 XXXV

1535 393 1710 432 clamore
1729 396 1767 432 et
1783 394 1983 441 tumultu,
2004 393 2069 432 ubi
2090 393 2369 432 anitii-advertit
2389 399 2577 445 maiorem
2607 409 2745 436 eorum
2764 397 2834 447 qui

1536 481 1756 530 correpturi
1773 465 1893 531 quam
1914 481 1981 531 qui
1999 480 2197 519 defensuri
2211 483 2340 520 essent
2359 492 2593 531 numerum,
2611 483 2834 533 acjamjam

1537 568 1635 608 alios
1656 568 1696 607 in
1712 569 1833 607 armis
1849 568 2027 607 submitti
2043 597 2054 614 ,
2078 567 2184 606 illico
2207 567 2257 606 de
2277 570 2460 616 suggestu
2488 568 2670 610 desiliens
2694 583 2762 621 per
2783 573 2838 610 so-

1539 666 1626 693 rum
1647 666 1764 694 cursu
1788 666 1829 694 se
1848 654 2041 704 abripuit,
2061 655 2106 693 ut
2121 654 2285 693 domum
2305 654 2525 704 aufugeret.
2582 658 2632 695 Et
2652 668 2777 707 quum
2800 658 2838 697 in

1538 753 1586 781 eo
1608 744 1731 791 esset,
1753 744 1798 782 ut
1824 742 1874 781 ab
1897 741 2098 792 equitibus
2124 740 2507 791 deprehenderetur,
2532 742 2572 781 in
2596 743 2688 782 lanii
2718 744 2840 784 offici·

1539 841 1629 869 nam
1655 840 1696 869 se
1716 828 1880 879 recipit,
1900 828 2034 878 ibique
2051 828 2222 878 primum
2249 827 2299 866 ad
2320 839 2361 867 se
2385 827 2660 867 accedentium
2684 832 2841 881 arrepto

1541 915 1630 955 serit
1663 915 1820 964 cultr03
1850 914 1993 954 deinde
2024 916 2159 952 autem
2186 913 2274 952 aliis
2308 914 2517 952 confertim
2549 914 2842 965 adorientibus,

1540 1003 1751 1051 postquam
1770 1000 1985 1040 defendens
2017 1011 2059 1040 se
2087 1001 2371 1051 aliquantisper
2399 1002 2626 1050 restitisset,
2656 1003 2841 1054 tandem,

1541 1100 1669 1138 quum
1700 1088 1908 1127 brachium
1943 1088 1977 1127 ei
2009 1088 2060 1128 ab
2101 1089 2235 1138 aliquo
2267 1089 2476 1138 praecisum
2506 1094 2628 1140 esset,
2669 1092 2775 1133 cadit
2804 1096 2844 1134 et

1542 1177 1761 1225 prostratus
1780 1175 1922 1214 belluae
1940 1176 1978 1214 in
1996 1175 2159 1214 modum
2179 1175 2401 1215 conficitur.
2460 1177 2612 1217 Moelius
2627 1178 2745 1228 igitur
2762 1190 2844 1220 rem

1543 1271 1725 1310 magnam
1748 1272 1841 1300 sane
1862 1272 2089 1310 aggressus,
2119 1261 2187 1300 ubi
2221 1261 2326 1300 haud
2350 1263 2524 1302 multum
2554 1262 2718 1313 aberat,
2751 1267 2846 1316 quin

1543 1354 1710 1394 regnum
1725 1345 1828 1395 apud
1847 1347 2044 1385 Romanos
2059 1348 2282 1396 usurparet,
2301 1348 2383 1385 tam
2401 1346 2668 1387 miserandum
2685 1350 2849 1401 tamque

1544 1429 1733 1468 acerbum
1759 1430 1852 1469 vitae
1876 1429 2028 1469 exitum
2051 1432 2191 1469 nactus
2213 1432 2287 1469 est.
2343 1430 2502 1470 Elatum
2532 1433 2687 1472 veroin
2717 1433 2846 1474 forum

1545 1513 1714 1553 cadaver
1740 1524 1866 1564 quum
1895 1514 1935 1552 in
1963 1514 2143 1553 omnium
2166 1514 2337 1554 venisset
2361 1517 2638 1566 conspectum,
2660 1516 2848 1558 discursa-

1545 1601 1602 1640 tio
1623 1602 1708 1640 erat
1727 1603 1766 1639 et
1786 1600 1939 1639 clamor
1967 1601 2005 1638 et
2029 1599 2228 1639 tumultus
2259 1602 2454 1639 versantis
2484 1600 2536 1640 ibi
2560 1601 2849 1653 multitudinis,

1546 1683 1611 1723 alii
1635 1684 1763 1724 vicem
1799 1685 1873 1723 viri
1910 1684 2118 1734 lugebant,
2144 1685 2209 1723 alii
2237 1684 2557 1736 indignabantur,
2590 1688 2655 1726 alii
2690 1700 2851 1730 manum

1548 1777 1754 1806 conserere
1770 1776 1862 1805 cum
1874 1765 2102 1805 auctoribus
2117 1765 2238 1804 caedis
2253 1766 2532 1816 properabant.
2592 1771 2695 1809 Dum
2718 1771 2773 1811 ita
2792 1773 2851 1812 tn-

1549 1851 1815 1899 multuantur,
1851 1850 2022 1890 dictator
2054 1854 2265 1900 postquam
2288 1851 2447 1890 rescivit
2482 1853 2675 1903 peregisse
2701 1856 2854 1906 equites

1548 1935 1766 1986 imperata,
1789 1934 1827 1973 in
1850 1935 1980 1974 sorum
2001 1933 2204 1974 descendit
2223 1945 2316 1974 cum
2336 1937 2475 1975 senatu
2498 1937 2684 1978 universo
2700 1941 2740 1979 et
2762 1950 2853 1980 cum

1549 2020 1773 2071 equitibus,
1805 2020 1873 2070 qui
1903 2019 2032 2059 nudos
2062 2019 2251 2059 tenebant
2283 2020 2447 2068 gladios.
2507 2023 2785 2076 populumque
2815 2027 2854 2066 in

1549 2107 1781 2146 concionem
1811 2105 1971 2144 vocavit
1991 2106 2031 2144 et
2053 2105 2253 2144 allocutus
2275 2116 2370 2144 eum
2393 2105 2560 2146 dimisit.
2616 2110 2802 2149 Ceterum
2834 2123 2857 2150 ο

1551 2190 1665 2240 plebe
1684 2189 1754 2240 qui
1775 2188 2061 2239 conjurationis
2077 2188 2127 2228 de
2147 2189 2361 2228 evertenda
2382 2190 2580 2240 republica
2602 2204 2679 2232 non
2699 2194 2717 2232 f
2719 2198 2857 2234 nerant

1551 2274 1784 2324 participes,
1810 2283 2004 2312 conamen
2027 2272 2185 2321 indigne
2208 2272 2378 2312 ferentes
2398 2274 2529 2313 Maelio
2549 2276 2856 2326 succensebant;

1551 2358 1644 2398 socii
1666 2370 1760 2398 vero
1779 2354 2001 2409 coeptorum
2017 2388 2028 2407 ,
2051 2357 2156 2407 quod
2179 2360 2287 2397 metu
2311 2357 2466 2398 liberati
2492 2361 2646 2408 essent,
2667 2360 2856 2410 gaudium

1551 2446 1784 2486 simulantes
1803 2444 1962 2483 decreta
1979 2445 2140 2483 senatus
2172 2442 2475 2492 collaudabant3
2494 2455 2725 2495 quanquam
2743 2448 2855 2496 pauci

1552 2526 1715 2577 quidam
1733 2536 1871 2566 eorum
1893 2523 2125 2574 nequissimi
2153 2535 2220 2573 per
2241 2523 2324 2563 dies
2342 2524 2628 2574 subsequentes
2651 2524 2756 2565 fictis
2775 2538 2857 2566 ser·

1553 2606 1740 2645 monibus
1772 2605 1949 2644 Maelium
1979 2603 2029 2643 ab
2059 2604 2320 2653 optimatibus
2342 2615 2574 2654 oppressum
2597 2604 2857 2652 contendere.

2635 2687 2713 2725 ilos
2731 2686 2767 2725 in
2789 2697 2857 2726 oc-

1553 2766 1662 2805 culto
1677 2765 1875 2805 tollendos
1893 2765 2049 2805 curavit
2069 2764 2254 2812 dictator,
2279 2775 2326 2802 ac
2357 2765 2493 2802 sedato
2526 2765 2704 2803 tumultu
2734 2766 2857 2814 margi-

1554 2687 1787 2736 plrbemque
1810 2685 1858 2724 ad
1884 2684 2136 2724 rebellionem
2161 2684 2334 2723 excitare
2361 2683 2580 2728 audebant„

1552 2849 1723 2887 stratum
1741 2846 1935 2896 deposuit.

1604 2929 1727 2979 igitur
1763 2928 1831 2978 qui
1862 2926 2146 2966 verisimillima
2182 2925 2276 2964 mibi
2319 2924 2506 2963 videntur
2541 2925 2591 2964 de
2625 2925 2701 2965 tine
2739 2927 2857 2965 tumui

1553 3012 1767 3062 scripsisse,
1786 3011 1893 3050 hunc
1909 3010 1948 3048 in
1970 3009 2135 3048 modum
2154 3020 2236 3048 rem
2255 3007 2516 3047 tradiderunt.
2571 3010 2719 3048 Verum
2737 3022 2857 3062 appo-

1553 3108 1644 3136 nam
1663 3096 1782 3135 etiam
1799 3094 2065 3133 narrationem
2079 3124 2089 3139 ‚
2109 3092 2240 3130 minus
2260 3091 2366 3130 illam
2383 3121 2394 3139 ,
2414 3092 2555 3141 opinor
2567 3124 2577 3140 ‚
2595 3092 2856 3142 probalrletn,

1553 3189 1631 3228 qua
1656 3180 1819 3219 Cincius
1839 3178 2059 3218 Alimentus
2087 3179 2125 3216 et
2154 3156 2393 3226 Calpurnius
2424 3176 2534 3226 Piso,
2561 3179 2725 3216 Romani
2763 3177 2859 3216 scri-

1552 3263 1706 3312 ptores,
1737 3262 1918 3300 utuntur.
1975 3259 2122 3300 Dicunt
2150 3258 2190 3298 bi
2220 3269 2356 3308 neque
2389 3258 2626 3298 dictatorem
2671 3272 2692 3299 a
2720 3263 2855 3298 senatu

1554 3342 1786 3389 Quinctium
1808 3344 2009 3387 creatum,
2033 3349 2161 3389 neque
2177 3337 2410 3388 magistrum
2428 3339 2606 3389 equitum
2629 3350 2651 3379 a
2675 3340 2858 3386 Quinctio

1553 3422 1763 3462 Servilium
1785 3421 1985 3460 delectum
2006 3430 2112 3469 esse;
2133 3419 2200 3458 sed
2224 3429 2266 3458 re
2285 3429 2308 3456 a
2332 3418 2506 3458 Minucio
2523 3418 2651 3458 delata
2667 3448 2677 3466 ‚
2702 3422 2856 3458 senato-

1554 3502 1672 3542 resin
1694 3503 1806 3541 curia
1828 3503 2062 3551 praesentes,
2079 3510 2206 3549 quum
2234 3510 2372 3538 veram
2390 3509 2474 3539 esse
2497 3498 2738 3538 delationem
2760 3498 2855 3537 nihil

228 3638 290 3675 28.
308 3639 407 3681 τοῖς
423 3637 470 3676 δε
453 3637 701 3688 δρακοσι]
712 3652 788 3676 των
805 3638 1042 3689 δεδρακότων
1061 3636 1150 3676 cod.
1167 3660 1220 3666 --
1238 3643 1300 3678 29.
1321 3641 1448 3687 ipsam
1466 3636 1669 3675 dictatoris
1685 3638 1904 3674 mationem
1921 3636 2130 3683 excerptor
2145 3633 2289 3671 omisit.
2307 3635 2361 3671 Di
2359 3636 2579 3681 sninptaex
2597 3642 2642 3670 ea
2658 3633 2748 3670 sunt
2767 3643 2853 3699 qum

180 3691 388 3742 teguntur·
378 3705 417 3733 in
436 3695 612 3744 Dionysii
631 3697 1004 3735 Exc.v·1ttca11.t)e
1020 3698 1189 3735 sentent.
1210 3697 1250 3734 in
1263 3697 1430 3736 collect.
1450 3698 1485 3734 V
1489 3698 1544 3734 at.
1567 3697 1616 3741 tt,
1636 3705 1674 3742 p.
1694 3695 1768 3732 465
1783 3691 1846 3732 cd.
1868 3692 1958 3730 Mai.
2010 3691 2056 3730 '·21
2060 3704 2142 3742 χων
2159 3692 2247 3741 παρ’
2260 3692 2350 3728 ἑαντ
2353 3693 2394 3728 ὸν
2414 3690 2634 3738 ἀνθρώπους
2651 3690 2687 3733 ἐξ
2705 3690 2855 3735 ἁπάσης

180 3752 484 3803 συνειλεγμένους
501 3753 638 3799 κακίας
652 3754 739 3802 ,οὓς
753 3754 908 3798 ἐσίτιζεν
926 3755 1056 3806 ὥσπερ
1075 3754 1186 3805 θηρία
1202 3755 1303 3792 κατὰ
1316 3758 1382 3799 τῆς
1407 3766 1543 3802 πατρ
1512 3753 1584 3796 ’δος
1611 3753 1654 3790 Εἰ
1644 3752 1711 3823 μὲ
1715 3751 2016 3797 νοῦνυπηκουσε
2027 3764 2117 3799 μοι,
2135 3752 2226 3789 καὶ
2215 3750 2386 3799 παρέσγε
2390 3765 2407 3785 ν
2426 3750 2561 3787 ἑαυτὸν
2582 3749 2619 3786 ἐν
2637 3762 2713 3786 τοι
2698 3748 2855 3798 νόμοις

181 3808 341 3859 μένοντα
357 3839 368 3857 ,
386 3811 566 3861 μεγίστην
583 3813 629 3850 ἂν
645 3811 749 3850 τοῦτ
766 3811 871 3861 αὐτῷ
886 3812 1057 3862 παρέσχε
1075 3812 1227 3862 ῥοπηνε
1213 3812 1264 3856 ῖς
1281 3812 1348 3857 τῂν
1366 3809 1591 3859 ἀπολογίαν,
1608 3813 1673 3849 και
1699 3811 1903 3861 τεκμήριον
1921 3822 1992 3847 ουκ
2009 3808 2209 3858 ἐλάχιστον
2227 3808 2272 3855 ἦν
2296 3821 2365 3846 του
2384 3809 2436 3857 μη
2471 3807 2741 3857 βεοουλεῦσθαι
2756 3808 2855 3844 κατὰ

178 3869 246 3914 τῆς
258 3867 437 3918 πατρίδος
451 3878 460 3887 ”
479 3873 543 3907 ν’ῦν
560 3869 592 3907 δ’
609 3869 685 3908 ὑπὸ
701 3873 767 3915 τῆς
783 3869 1036 3915 συνειδήσεως
1061 3869 1308 3919 ἐλαυνόμενος
1324 3899 1334 3917 ,
1360 3869 1381 3908 ὃ
1405 3870 1625 3919 πάσχουσιν
1643 3868 1805 3912 ἅπαντες
1823 3871 1858 3906 οἱ
1878 3867 1943 3911 τὰς
1961 3867 2137 3912 ἀνοσίους
2170 3867 2311 3918 βουλὰς
2328 3867 2427 3905 κατὰ
2445 3870 2521 3904 τῶν
2542 3861 2855 3913 ἀναγκαιοτάτων

181 3922 287 3973 σφίσι
303 3924 572 3975 ποιησάμενοι,
590 3930 704 3965 τοῦτο
714 3926 846 3974 ἔπαθε,
863 3931 990 3976 φυγεῖν
1007 3926 1080 3977 [τε]
1097 3927 1160 3966 τὸν
1170 3927 1326 3976 ἔλεγχον
1338 3928 1436 3976 ἔγνω
1448 3941 1513 3966 και
1523 3940 1609 3972 τους
1625 3927 1788 3973 ἥκοντας
1804 3927 1861 3966 ἐπ’
1874 3926 1988 3965 αὐτὸν
1999 3928 2125 3971 ἱππεῖς
2140 3930 2342 3976 μαγειρικῇ
2356 3924 2483 3963 κοπίοι
2501 3937 2570 3961 παι
2562 3922 2626 3959 ’ων
2645 3922 2851 3966 ἀπήὶωαονε

187 3981 248 4021 cs.
267 3981 403 4021 Livius
421 3985 487 4031 tV,
510 3987 580 4022 15:
613 3983 960 4023 Tumultuantem.
977 3983 1128 4023 deinde
1146 3984 1474 4024 multitudinem
1492 3987 1656 4023 incerta
1686 3986 2001 4024 eristimattone
2019 3983 2126 4028 sacci
2146 3983 2205 4021 ad
2220 3987 2461 4022 eom-ionem
2482 3982 2625 4019 voc-ari
2639 3980 2794 4027 jus-sm
2813 3983 2853 4018 (Ἰ

186 4038 378 4079 Μιείῐιιηι
393 4039 494 4089 jure
509 4052 666 4082 coesum
679 4044 980 4092 pronunciavit
993 4072 1004 4091 ,
1022 4045 1190 4082 eliamse'
1208 4045 1327 4092 requi
1343 4045 1522 4082 crimine
1542 4043 1839 4091 msonsfeceril
1850 4058 1864 4090 ‚·
1882 4044 1957 4092 qni
1980 4045 2151 4080 vocatus
2168 4053 2195 4080 a
2214 4043 2415 4089 matstslro
2433 4040 2625 4088 (ηιιᾰίιιηι
2645 4037 2705 4076 ad
2720 4037 2853 4077 dieta-

188 4095 318 4135 torem
331 4106 413 4137 non
428 4101 615 4139 venisset.
633 4103 682 4140 Se
696 4099 756 4139 ad
766 4109 942 4139 causam
960 4100 1289 4152 coqnoscendam
1305 4100 1537 4140 consedisse
1550 4111 1562 4144 ‚·
1576 4112 1662 4152 qua.
1681 4104 1867 4150 corsuna,
1884 4102 2132 4140 habitarum
2143 4100 2286 4147 fuisse
2305 4098 2493 4137 ,·tloelmm
2511 4095 2694 4133 similem
2713 4106 2855 4134 cansa:

177 4154 423 4201 fortunam.
450 4159 535 4197 Vim
556 4162 784 4208 parantem
800 4185 813 4202 2
839 4170 891 4199 nc
905 4160 1069 4210 judicto
1084 4170 1127 4199 sc
1147 4162 1446 4209 committeret,
1467 4163 1507 4199 vi
1526 4162 1751 4199 coercitum
1770 4169 1868 4202 esse,
1886 4161 1964 4198 etc.
1985 4181 2035 4189 -
2054 4163 2112 4196 30.
2133 4158 2213 4205 μὲν
2235 4155 2300 4205 οὐ]
2318 4154 2508 4203 supplevi.
2527 4156 2622 4190 —31
2642 4184 2648 4190 .
2670 4155 2854 4198 κοινωνή-

187 4224 319 4258 σαντες
337 4213 404 4253 οὖν
419 4219 484 4262 τῆς
500 4218 563 4255 καὶ
576 4217 620 4256 τὸ
639 4231 786 4267 συνωμ.
804 4217 962 4268 codex„
981 4217 1188 4267 expunctis
1203 4218 1333 4257 verbis
1350 4217 1429 4257 οὖν.
1449 4219 1529 4258 καὶ.
1548 4220 1601 4257 τὸ.
1623 4240 1673 4246 --
1690 4222 1752 4256 32.
1773 4217 1818 4255 ἐν
1835 4216 1964 4266 ταῖς]
1983 4217 2020 4255 ἐν
2037 4220 2116 4257 ταῖς
2136 4218 2172 4252 εν
2189 4218 2269 4256 ταῖς
2288 4213 2374 4250 cml.
2395 4234 2442 4239 -—
2462 4215 2523 4250 33.
2543 4225 2620 4259 μοι
2637 4210 2649 4260 j
2670 4224 2742 4261 μου
2763 4211 2853 4252 cod.

191 4287 237 4296 ·-
250 4272 314 4313 34.
334 4284 436 4323 κεχρ.
457 4273 678 4324 Κίγκιος]
692 4276 862 4325 κέχριται
877 4275 1022 4325 κίρκεος
1042 4277 1106 4313 καὶ
1125 4277 1393 4327 καὶπουρνίνος
1414 4277 1501 4314 voti.
1523 4298 1572 4303 —
1593 4280 1654 4313 3'».
1683 4289 1705 4312 ·t.
1719 4274 1780 4325 αἱ]
1801 4277 1884 4313 tluc
1905 4276 2123 4322 transposui
2140 4272 2388 4322 partit-ulain,
2405 4281 2494 4316 qua·
2513 4269 2549 4306 iu
2565 4269 2699 4307 <aulice
2712 4270 2854 4317 legitur
