3016 4628
256 285 348 324 200

254 386 468 430 lustratos
481 386 615 432 fuisse
639 387 786 433 libros
811 386 923 452 Περὶ·
954 386 1250 453 σωφροσύνης,
1285 390 1394 454 Περὶ
1422 393 1543 438 εὗσε-

255 455 372 510 esca<
386 493 399 519 ,
424 457 539 522 Περὶ
551 457 770 522 ἀνδρείας,
793 458 902 524 Περὶ
923 463 1101 523 ἀρετῆς,
1121 461 1231 527 Περὶ
1247 463 1542 525 εὐδαιμονίας,

253 578 400 624 κλείδης
416 579 437 617 6
455 580 639 626 Ποντικὸς
652 580 690 623 ἐν
707 583 766 631 τῷ
783 583 815 621 Π
831 595 849 621 ε
861 584 902 632 ρὶ
919 583 1106 631 ἡδονῆς,
1120 586 1172 629 ὡς
1192 585 1402 631 ἀπήλλαξεν
1423 586 1465 624 ἐκ
1481 590 1546 632 τῆς

194 639 196 641 ’
253 637 376 682 οἰκίας
388 637 457 683 τήν
480 641 666 687 γυναῖκα,
692 641 758 678 καὶ
774 640 839 679 τὸν
861 641 942 691 μεθ’
954 641 1090 688 ἡδονῆς
1112 642 1195 693 βίον
1211 643 1427 692 προείλετο,
1448 644 1540 694 ᾤκει

251 707 292 734 τε
323 696 418 745 μετὰ
438 695 647 741 Ἀσπασίας
662 726 674 745 ,
702 702 770 744 τῆς
800 698 844 737 ἐκ
874 698 1062 752 Μεγάρων
1082 701 1255 749 ἑταίρας,
1280 702 1345 739 καὶ
1369 702 1412 739 τὸ
1444 702 1541 739 πολὺ

254 753 364 802 μέρος
392 756 458 798 τῆς
493 753 626 799 οὐσίας
657 755 709 799 εἰς
738 755 879 801 ταύτην
907 756 1171 795 κατανάλωσε.
1203 759 1465 807 Θεμιστοκλῆς
1495 758 1543 805 δ’,

252 810 363 848 οὔπω
375 809 581 857 Ἀθηναίων
599 813 896 863 μεθυσκομένων
913 813 998 852 οὐδ”
1010 814 1179 864 ἑταίραις
1198 816 1418 864 χρωμένων,
1435 815 1544 864 ἐκφα·

251 872 324 913 νῶς
339 869 540 919 τέθριππον
561 870 687 915 ζεύξας
707 870 901 921 ἑταιρίδων
918 871 981 909 διὰ
1003 875 1077 909 τοῦ,
1100 873 1336 921 Κεραμεικοῦ
1353 872 1542 917 πληθύον-

250 938 314 970 τος
335 926 488 970 ἑωθινὸς
503 928 658 973 ἤλασεν.

305 981 414 1021 Idem
445 985 518 1022 xn
533 1012 544 1031 ,
565 994 607 1033 p.
629 988 726 1031 552„
748 986 777 1023 F
802 1000 811 1022 :
843 983 1088 1034 Ἡρακλείδης
1112 984 1152 1022 δὲ
1182 985 1406 1028 όΠοντικὸς
1430 985 1468 1023 ἐν
1488 989 1544 1035 τῷ

254 1041 369 1091 Περὶ
390 1042 414 1087 ἡ
428 1042 571 1088 δονῆς
596 1041 747 1081 Δεινίαν
781 1043 870 1092 φησὶ
892 1042 956 1079 τὸν
977 1041 1221 1090 μυροπώλην,
1244 1042 1306 1078 διὰ
1324 1043 1465 1091 τρυφὴν
1493 1044 1546 1086 εἰς

255 1098 382 1149 ἔρωτα
415 1099 632 1150 ἐμπεσόντα
647 1128 657 1146 ,
693 1101 758 1138 καὶ
794 1099 916 1139 πολλὰ
953 1099 1131 1148 χρήματα
1175 1099 1451 1146 ἀναλώσαντα,
1494 1103 1545 1145 ὡς

251 1156 323 1199 ἔξω
338 1160 414 1195 τῶν
430 1158 636 1206 ἐπιθυμιῶν
653 1157 798 1205 ἐγένετο
809 1185 819 1204 ,
836 1157 910 1194 ὑπὸ
926 1156 1044 1200 λύπης
1061 1155 1338 1206 ἐκταραχθέντα
1355 1157 1553 1207 ἐκτέμνειν.

232 1259 234 1263 y
251 1216 370 1254 αὑτοῦ
411 1216 459 1254 τὰ
495 1215 648 1262 αἰδοῖα,
686 1219 807 1256 ταῦτα
848 1213 972 1253 πάντα
1002 1213 1186 1259 ποιούσης
1231 1218 1296 1261 τῆς
1327 1215 1545 1255 ἀκολάστου

250 1278 400 1324 τρυφῆς.

303 1331 412 1371 Idem
430 1334 517 1378 xli,
535 1342 574 1383 p.
599 1334 694 1379 554,
705 1334 766 1369 Ε·
786 1330 851 1369 Ἐν
873 1329 1044 1385 μανίᾳδὲ
1059 1330 1200 1380 τρυφὴν
1214 1331 1372 1379 ἡδίστην
1392 1334 1546 1383 γενομέ-

250 1404 317 1436 νην
334 1390 405 1429 οὐκ
425 1390 550 1436 ἀηδῶς
571 1390 591 1428 6
612 1389 792 1432 Ποντικὸς
807 1381 1055 1437 Ἡρακλείδης
1075 1389 1284 1438 διηγεῖται,
1299 1391 1338 1429 ἐν
1353 1395 1409 1444 τῷ
1432 1395 1463 1431 Π
1477 1393 1544 1443 ερὶ

250 1449 425 1495 ἡδονῆς
446 1448 565 1492 οὕτως
585 1447 756 1518 γράφων·
791 1462 810 1479 «
833 1446 874 1485 Ὁ
905 1446 1062 1489 Αἰξωνε
1050 1460 1091 1491 υς
1113 1447 1360 1498 Θρασύλαος,
1378 1429 1404 1487 6
1422 1451 1544 1489 Πυθο-

250 1507 375 1557 δώρου
388 1536 400 1553 ,
420 1507 564 1551 διετέθη
581 1506 674 1544 ποτὲ
690 1505 764 1543 ὑπὸ
782 1503 916 1554 μανίας
933 1504 1134 1550 τοιαύτης,
1149 1507 1201 1549 ὡς
1217 1505 1343 1545 πάντα
1357 1507 1406 1546 τὰ
1430 1509 1544 1546 πλοῖα

249 1565 297 1603 τὰ
324 1565 376 1609 εἰς
397 1566 461 1604 τὸν
485 1566 647 1613 Πειραιᾶ
674 1561 919 1611 καταγόμενα
938 1562 1221 1612 ὑπολαμὸάνειν
1245 1565 1386 1606 ἑαυτοῦ
1417 1566 1539 1615 εἶναι,

250 1624 315 1661 καὶ
342 1623 577 1672 ἀπεγράφετο
599 1622 695 1661 αὐτὰ
710 1650 720 1668 ,
742 1622 804 1660 καὶ
826 1621 1028 1660 ἀπέστειλε
1043 1651 1053 1669 ,
1075 1622 1140 1660 καὶ
1168 1622 1326 1673 διῴκει,
1344 1625 1408 1663 καὶ
1429 1639 1544 1664 κατα·

253 1682 417 1720 πλέοντα
433 1681 637 1730 ἀπεδέχετο
662 1679 755 1729 μετὰ
776 1682 894 1729 χαρᾶς
914 1679 1104 1725 τοσαύτης
1118 1708 1128 1726 ,
1150 1680 1243 1726 ὅσης
1259 1695 1328 1733 περ
1346 1682 1392 1721 ἄν
1411 1697 1466 1728 τις
1482 1684 1541 1730 εἴη

249 1739 450 1778 τοσούτων
491 1737 696 1788 χρημάτων
716 1738 842 1787 κύριος
876 1736 943 1774 ὢν.
981 1738 1057 1776 Καὶ
1081 1742 1159 1776 τῶν
1189 1739 1256 1790 μὲν
1276 1740 1542 1792 ἀπολομένων,

249 1798 357 1836 οὐδὲν
380 1798 610 1844 ἐπεζήτησε,
630 1799 707 1839 τοῖς
736 1796 774 1834 δὲ
805 1795 1034 1845 σωζομένοις
1058 1796 1209 1848 ἔχαιρε,
1234 1800 1300 1836 καὶ
1318 1799 1424 1849 διῆγε
1442 1801 1541 1850 μετὰ

248 1856 426 1901 πλείστης
443 1856 591 1902 ἡδονῆς.
611 1854 718 1893 Ἐπεὶ
735 1854 774 1892 δὲ
791 1854 811 1891 6
825 1853 979 1903 ἀδελφὸς
993 1854 1110 1893 αὐτοῦ
1131 1855 1295 1905 Κρίτων,
1309 1857 1354 1896 ἐκ
1367 1859 1541 1905 Σικελίας

251 1914 490 1963 ἐπιδημήσας
503 1941 514 1960 ,
532 1911 730 1950 συλλαὸὼν
760 1911 873 1949 αὐτὸν
890 1911 1111 1960 παρέδωκεν
1128 1913 1248 1963 ἰατρῷ
1266 1943 1277 1961 ,
1302 1916 1368 1954 καὶ
1384 1921 1451 1962 ,τῆς
1467 1931 1538 1967 μα-

248 1971 330 2016 νίας
357 1972 576 2020 ἐπαύσατο,
610 1970 774 2016 διηγεῖτο
803 1969 1048 2009 οὐδεπώποτε
1068 1969 1227 2022 φάσκων
1248 1973 1348 2011 κατὰ
1367 1975 1432 2013 τὸν
1459 1975 1542 2023 βίον

245 2032 405 2076 ἡσθῆναι
440 2029 608 2068 πλείονα·
637 2028 757 2073 λύπην
789 2028 855 2077 μὲν
873 2029 946 2079 γὰρ
965 2029 1045 2067 οὐδ’
1078 2032 1251 2076 ἡντινοῦν
1279 2032 1384 2083 αὐτῷ
1414 2047 1540 2086 παρα-

245 2087 435 2136 γίνεσθαι,
455 2087 498 2125 τὸ
515 2086 554 2125 δὲ
574 2090 649 2124 τῶν
671 2087 815 2132 ἡδονῶν
832 2087 972 2132 πλῆθος
991 2088 1250 2138 ὑπερὸάλλειν.
1273 2106 1291 2124 »

294 2144 472 2183 conferri
487 2143 608 2182 etiam
626 2145 827 2181 merentur
840 2143 925 2182 haec
937 2154 1001 2194 ap.
1016 2144 1188 2184 eundem
1208 2148 1296 2194 XII,
1311 2159 1350 2197 p.
1372 2154 1460 2199 512,
1480 2155 1511 2190 A
1528 2167 1538 2190 ι

243 2203 486 2252 Ἡρακλείδης
506 2202 538 2241 δ
558 2203 578 2240 ὁ
612 2203 795 2247 Ποντικὸς
829 2202 868 2240 ἐν
891 2206 947 2251 τῷ
969 2204 1085 2254 ΙΙερὶ
1111 2205 1289 2253 ἡδονῆς
1315 2208 1405 2246 τάδε
1423 2209 1537 2258 λέγει·

245 2276 262 2293 «
284 2263 332 2300 Οἱ
351 2261 526 2310 τύραννοι
548 2261 612 2298 καὶ
631 2263 665 2299 οἱ
688 2262 882 2310 βασιλεῖς,
903 2266 979 2299 τῶν
1000 2262 1197 2312 dameam*
1177 2277 1280 2309 οντες
1298 2265 1421 2315 κύριοι
1437 2295 1448 2314 ,
1473 2269 1538 2306 καὶ

241 2318 393 2357 πάντων
410 2314 600 2368 εἰληφότες
617 2321 764 2367 πεῖραν,
779 2320 847 2365 τήν
864 2319 1002 2366 ἡδονὴν
1018 2320 1291 2370 προκρίνουσι,
1315 2324 1436 2372 μεγαλ
1439 2325 1537 2373 οψυ-

244 2392 332 2427 χοτε
326 2380 403 2428 ’ρας
417 2378 602 2423 ποιούσης
619 2382 683 2424 τῆς
696 2378 832 2424 ἡδονῆς
845 2378 912 2422 τὰς
924 2382 1002 2417 τῶν
1015 2379 1226 2429 ἀνθρώπων
1241 2381 1381 2429 φύσεις.
1398 2381 1536 2422 Ἅπαν·

245 2450 303 2481 τες
326 2440 418 2486 γοῦν
437 2439 473 2475 οἱ
494 2438 562 2483 τὴν
580 2437 719 2483 ἡδονὴν
738 2441 921 2486 τιμῶντες
942 2438 1007 2475 καὶ
1025 2441 1166 2488 τρυφᾶν
1191 2440 1448 2490 προῃρημένοι
1470 2455 1537 2491 με-

241 2495 453 2545 γαλόψυχοι
485 2496 563 2534 καὶχ
582 2495 881 2544 μεγαλοπρεπεῖς
913 2495 1025 2542 εἰσιν,
1054 2497 1105 2540 ὡς
1133 2497 1280 2546 Πέρσαι
1305 2499 1370 2536 καὶ
1394 2500 1536 2546 Μῆδοι.

244 2552 424 2591 Μάλιστα
442 2553 515 2603 γὰρ
541 2557 616 2591 τῶν
637 2553 761 2591 ἄλλων
793 2553 1003 2599 ἀνθρώπων
1027 2554 1096 2600 τήν
1120 2555 1261 2602 ἡδονήν
1278 2555 1383 2595 οὗτοι
1411 2559 1477 2596 καὶ
1493 2559 1538 2597 τὸ

242 2614 384 2661 τρυφᾶν
402 2615 580 2659 τιμῶσιν,
604 2610 860 2661 ἀνδρειότατοι
880 2612 945 2650 καὶ
969 2612 1330 2662 μεγαλοψυχότατοι
1349 2618 1426 2653 τῶν
1447 2616 1537 2666 βαρ·

243 2669 373 2720 ὃάρων
394 2669 510 2713 ὄντες.
529 2669 640 2708 Ἔστι
667 2669 738 2720 γὰρ
758 2670 801 2709 τὸ
823 2670 889 2719 μὲν
905 2670 1065 2716 ἥδεσθαι
1084 2671 1150 2711 καὶ
1173 2672 1217 2710 τὸ
1233 2675 1372 2722 τρυφᾶν
1395 2673 1536 2712 ἐλευθέ·

241 2740 336 2776 ρων·
357 2725 484 2771 ἀνίησι
502 2726 574 2776 γὰρ
588 2726 655 2770 τὰς
670 2727 795 2776 ψυχὰς
809 2728 876 2766 καὶ
893 2728 1021 2772 αὔξει·
1044 2728 1088 2768 τὸ
1101 2729 1141 2767 δὲ
1157 2733 1285 2771 πονεῖν
1306 2730 1452 2769 δούλων
1469 2733 1536 2770 καὶ

241 2789 431 2824 ταπεινῶν
444 2797 453 2806 ·
478 2785 535 2823 διὸ
560 2786 625 2823 καὶ
641 2787 911 2825 συστέλλονται
929 2786 1034 2826 οὗτοι
1053 2789 1120 2833 τὰς
1136 2788 1280 2836 φύσεις.
1300 2789 1376 2827 Καὶ
1393 2791 1418 2836 ἡ
1434 2788 1536 2836 Ἀθη-

240 2843 358 2882 ναίων
380 2843 485 2887 πόλις
499 2871 509 2889 ,
530 2843 599 2887 ἐ’ως
619 2843 777 2893 ἐτρύφα,
801 2844 962 2893 μεγίστη
999 2858 1040 2883 τε
1064 2844 1112 2894 ἦν
1128 2847 1195 2887 καὶ
1212 2847 1535 2897 μεγαλοψυχοτά-

240 2915 330 2946 τους
352 2901 496 2951 ἔτρεφεν
526 2900 674 2950 ἄνδρας.
730 2901 906 2952 Ἀλουργῆ
930 2903 997 2952 μὲν
1017 2904 1090 2954 γὰρ
1113 2904 1357 2954 ἠμπίσχοντο
1378 2905 1535 2956 ἱμάτια,

242 2959 440 3004 ποικίλους
457 2957 520 2997 6’‘
504 2959 687 2997 υπέδυνον
706 2963 868 3008 χιτῶνας
884 2989 894 3007 ,
912 2961 1125 3012 κορύμὸους
1142 2962 1174 3000 δ’
1187 2962 1439 3033 ἀναδούμενοι
1457 2968 1534 3003 τῶν

240 3021 380 3068 τριχῶν
395 3046 406 3065 ,
440 3019 604 3066 χρυσοῦς
638 3017 807 3064 τέττιγας
835 3019 917 3068 περὶ
949 3019 992 3057 τὸ
1024 3020 1204 3087 μέτωπον
1225 3021 1291 3059 καὶ
1315 3022 1384 3066 τὰς
1410 3021 1535 3072 κόμας

241 3074 423 3124 ἐφόρουν
435 3071 623 3116 ὀκλαδίας
642 3086 682 3111 τε
703 3075 828 3118 αὐτοῖς
849 3075 1031 3125 δίφρους’
1021 3076 1150 3148 έφερον
1170 3079 1207 3116 οἱ
1222 3078 1354 3123 παῖδες
1367 3107 1378 3126 ,
1399 3078 1463 3117 ἰ’να
1480 3081 1531 3130 μή

239 3131 428 3176 καθίζοιεν
459 3132 511 3175 ὡς
538 3130 680 3179 ἔτυχεν.
710 3132 783 3169 Καὶ
805 3132 907 3171 οὗτοι
929 3133 1028 3181 ἦσαν
1062 3137 1100 3173 οἱ
1121 3140 1315 3185 τοιοῦτοι,
1343 3138 1378 3175 οἱ
1402 3138 1472 3183 τήν,
1495 3138 1534 3177 ἐν
1580 3180 1586 3185 ,

240 3191 446 3239 Μαραθῶνι
459 3189 680 3234 νικήσαντες
698 3189 839 3239 μάχην,
858 3193 922 3229 καὶ
943 3192 1051 3237 μόνοι
1069 3194 1137 3240 τὴν
1154 3198 1221 3240 τῆς
1236 3194 1361 3240 Ἀσίας
1381 3194 1533 3242 ἁπάσης

239 3248 396 3297 δύναμιν
409 3245 698 3297 χειρωσάμενοι.
727 3263 744 3281 »
768 3249 979 3298 Sequentia
995 3250 1044 3288 ad
1057 3262 1128 3290 nos
1144 3251 1276 3291 minus
1299 3251 1534 3302 pertinentia

239 3315 303 3355 ap.
337 3305 467 3354 ipsum
506 3303 739 3343 Athenaeum
758 3305 875 3355 legas.

291 3363 347 3411 (2)
370 3361 583 3400 Athenaeus
614 3363 704 3400 ΧΙΙΙ
723 3391 733 3410 ,
757 3374 796 3411 p.
829 3370 921 3413 602,
949 3369 977 3404 A
1002 3382 1010 3405 ε
1046 3367 1206 3406 Παίδων
1227 3368 1300 3418 γὰρ
1328 3369 1532 3420 παρόντων

238 3420 398 3469 ἐραστὴς
414 3423 491 3457 πᾶν
507 3420 633 3458 ὁτιοῦν
653 3421 765 3458 ἕλοιτ’
784 3422 829 3459 ἂν
846 3423 993 3470 παθεῖν,
1008 3425 1032 3471 ἢ
1049 3426 1175 3464 δειλοῦ
1190 3425 1301 3471 δόξαν
1319 3427 1531 3477 ἀπενέγκα-

239 3479 328 3515 σθαι
345 3477 450 3527 παρὰ
469 3481 547 3521 τοῖς
567 3479 771 3522 παιδικοῖς.
790 3479 918 3530 Ἐργῳ
933 3485 1023 3530 γοῦν
1044 3486 1156 3522 τοῦτο
1180 3484 1315 3529 ἔδειξεν
1347 3486 1369 3523 6
1387 3499 1528 3525 συντα-

237 3536 339 3585 χθεὶς
362 3535 535 3581 Θήὸησιν
548 3536 622 3574 ὑπὸ
642 3535 932 3585 Ἐπαμινώνδου
950 3540 1044 3588 ἱερὸς
1061 3540 1190 3590 λόχος,
1212 3543 1277 3580 καὶ
1297 3544 1324 3584 ὁ,
1335 3544 1436 3582 κατὰ
1453 3548 1530 3584 τῶν

241 3593 564 3643 Πεισιστρατιδῶν
579 3593 735 3637 θάνατος
751 3595 826 3632 ὑπὸ
841 3595 1036 3645 Ἁρμοδίου
1053 3600 1116 3635 καὶ
1134 3598 1449 3649 Ἀριστογείτονος
1471 3615 1532 3650 γε·

236 3651 406 3701 νόμενος·
420 3652 504 3700 περὶ
518 3651 690 3689 Σικελίαν
708 3651 740 3688 δ’
753 3652 790 3689 ἐν
812 3652 1032 3702 Ἀκράγαντι
1048 3657 1069 3693 ὁ
1087 3657 1305 3706 Χαρίτωνος
1325 3659 1391 3697 καὶ
1409 3661 1532 3699 Μελα-

237 3709 398 3748 νίππου.
419 3707 664 3753 Μελάνιππος
687 3709 720 3747 δ’
739 3708 785 3755 ἦν
811 3710 859 3748 τὰ
876 3711 1058 3759 παιδικὰ,
1077 3715 1128 3756 ὥς
1153 3727 1264 3764 φησιν
1285 3716 1531 3766 Ἡρακλείδης

237 3771 258 3808 ό
270 3768 454 3814 Ποντικὸς
467 3768 504 3807 ἐν
517 3772 573 3818 τῷ
588 3770 679 3818 Περὶ
693 3769 896 3824 ἐρωτικῶν.
913 3770 1030 3809 Οὗτοι
1041 3773 1212 3820 φανέντες
1227 3775 1530 3823 ἐπιδουλεύοντες

235 3824 450 3876 Φαλάριδι,
482 3827 548 3864 καὶ
582 3826 871 3876 βασανιζόμενοι
903 3828 1203 3879 ἀναγκαζόμενοί
1228 3846 1268 3870 τε
1298 3834 1419 3882 λέγειν
1438 3835 1528 3880 τοὺς

236 3884 453 3928 συνειδότας
465 3913 475 3931 ,
494 3884 539 3923 οὐ
564 3884 678 3933 μόνον
699 3884 744 3922 οὐ
763 3890 960 3932 κατεῖπον,
986 3886 1080 3925 ἀλλὰ
1107 3890 1171 3925 καὶ
1188 3890 1257 3928 τὸν
1270 3891 1440 3942 Φάλαριν
1461 3892 1528 3932 αὔ·

234 3943 300 3981 τὸν
317 3943 368 3986 εἰς
385 3941 491 3980 ἔλεον
510 3945 586 3979 τῶν
607 3941 816 3991 βασάνων
804 3942 965 3990 ήγαγον,
977 3945 1028 3986 ὡς
1043 3943 1234 3983 ἀπολῦσαι
1254 3947 1388 3992 αὐτοὺς
1404 3950 1528 3988 πολλὰ

235 4000 500 4038 ἐπαινέσαντα.
530 3999 600 4038 Διὸ
624 4000 687 4037 καὶ
707 4000 728 4037 6
749 3999 938 4038 Ἀπόλλων
955 4001 1079 4045 ἡσθεὶς
1097 4003 1157 4039 έπὶ
1171 4003 1319 4048 τούτοις
1337 4004 1527 4054 ἀναὸολὴν

237 4061 304 4095 τοῦ
339 4057 503 4095 θανάτου
536 4070 591 4106 τῳ
626 4056 812 4106 Φαλάριδι
846 4057 1052 4106 ἐχαρισατο
1065 4088 1075 4105 ,
1107 4063 1219 4098 τοῦτο
1255 4062 1421 4111 ἐμφήνας
1448 4069 1526 4110 τοῖς

237 4115 533 4163 πυνθανομένοις
557 4119 621 4161 τῆς
643 4115 787 4159 ΙΙυθίας
801 4144 811 4162 ,
831 4115 935 4159 ὅπως
953 4117 1057 4165 αὐτῷ
1078 4116 1303 4156 ἐπιθῶνται·
1326 4120 1464 4169 ἐ’χρησέ
1484 4137 1525 4160 τε

235 4173 300 4210 καὶ
318 4174 401 4221 περὶ
420 4177 495 4210 τῶν
512 4173 605 4222 ἀμφὶ
631 4174 697 4211 τὸν
718 4173 940 4222 Χαρίτωνα,
959 4174 1143 4221 προτάξας
1171 4180 1239 4212 τοῦ
1261 4177 1464 4227 ἑξαμέτρου
1481 4181 1525 4218 τὸ

236 4227 508 4278 πεντάμετρον,
545 4230 712 4280 καθάπερ
751 4230 819 4268 ὔστ
828 4242 908 4282 ερον
950 4233 1012 4269 καὶ
1054 4232 1249 4276 Διονύσιος
1285 4235 1304 4270 6
1338 4235 1521 4282 Ἀθηναῖος

1200 281 1242 329 Η
1252 283 1590 336 ERACLIDES
1641 286 1964 338 PONTICUS.

1583 3291 1586 3296 ,
1611 3250 1624 3299 (
1640 3260 1694 3291 sc.
1715 3252 1977 3298 Ποσειδώνιος
1993 3253 2092 3302 λέγει
2109 3253 2137 3301 >.
2164 3252 2273 3292 Idem
2289 3251 2422 3291 denuo
2449 3251 2592 3296 Strabo
2610 3253 2737 3303 tangi-t
2752 3256 2792 3304 p.
2814 3258 2901 3304 100.

1583 3355 1585 3357 .
1608 3366 1742 3418 λίμνην
1754 3367 2006 3418 Ἡρακλείδην
2022 3368 2191 3420 γράφειν,
2202 3369 2262 3416 ὅτι
2274 3368 2382 3407 οὐδὲν
2400 3372 2478 3408 τῶν
2495 3368 2654 3419 ὀρνίθων
2674 3371 2902 3452 ὑπεραίρειν,

1577 4069 1820 4114 ,συγγεννῶν
1847 4063 1994 4108 τούτοις
2021 4063 2219 4113 pertinent
2242 4061 2501 4102 Ciceroniana
2531 4062 2671 4111 (Legg.
2704 4063 2780 4110 III,
2805 4062 2867 4110 6)
2892 4072 2896 4080 ·

1625 394 1738 458 Περὶ·
1771 398 1846 452 τῆς
1879 397 2039 459 ἀρχῆς,
2082 394 2190 460 Περὶ
2221 393 2362 458 νόμων
2389 397 2444 459 (·*)
2481 416 2562 444 και
2579 401 2664 446 τῶν
2702 406 2917 466 συγγενῶν

1623 465 1785 520 τούτοις
1807 469 1970 529 (Diog.
1990 471 2043 514 L.
2068 471 2101 514 1.
2124 471 2154 515 Ι.
2175 470 2207 530 ).
2230 473 2445 528 Quorum
2472 472 2521 515 in
2552 477 2797 535 postremis
2814 476 2917 523 fieri
2958 527 2959 530 Ἴ

1623 541 1822 583 omnino
1840 556 1938 584 non
1952 543 2109 600 potuit
2131 543 2247 599 quin
2264 541 2322 585 de
2338 542 2512 588 Solone
2527 559 2680 590 sermo
2701 548 2941 595 institue-
2944 562 2953 589 i·

1621 619 1764 655 retur.
1796 612 1972 656 Vellem
2002 620 2156 657 tamen
2184 614 2345 672 paullo
2380 618 2640 662 accuratius
2673 619 2957 668 indicasset
2943 645 2957 690 3
3001 647 3007 661 ε

1620 682 1852 741 Diogenes
1875 699 2086 742 quaenam
2102 685 2275 729 fuerint
2296 683 2350 730 τὰ
2373 690 2558 748 συγγενῆ
2588 687 2767 744 τούτοις.
2794 694 2951 741 Fieri.—

1622 755 1746 797 enim
1760 757 1938 815 potuit,
1958 757 2089 815 quod
2108 759 2324 802 Koelerus
2342 762 2615 819 suspicatur,
2634 779 2917 825 quamquam
2947 755 3007 819 j

1621 840 1786 883 palum
1802 842 1861 885 Ρι
1864 828 2051 872 obabile
2073 830 2324 875 Welckero
2338 847 2439 876 esse
2449 833 2652 891 videtur,
2673 844 2727 890 ut
2737 838 2919 899 Dioge·
2940 862 2951 882 a

1621 912 1727 953 nes,
1757 915 1865 958 quae
1883 909 1949 944 est
1977 901 2073 958 ejus
2096 902 2300 947 hominis
2337 906 2640 965 negligentia,
2678 903 2954 957 ΠολιτειῶιΗ·
3000 924 3007 962 ξ

1623 984 1762 1028 epus,
1790 972 1924 1030 quod
1957 989 2082 1017 nune
2116 975 2302 1018 non-nisi
2337 991 2393 1020 ex
2429 989 2758 1038 excerptorum
2779 971 2958 1056 titulo}
3001 998 3007 1050 31

1622 1043 1862 1099 novimus,
1887 1045 1942 1088 iis
1977 1046 2403 1104 comprehenderit.
2798 1071 2800 1073 >
2935 1047 2965 1106 ᾗ,
3000 1043 3011 1106 {³

1687 1112 1879 1160 Primus
1895 1126 2110 1176 exceipta
2125 1119 2206 1162 ista
2232 1135 2323 1163 una
2347 1137 2453 1164 cum
2472 1123 2642 1167 AEIiani
2679 1127 2816 1172 Varia
2838 1128 2917 1173 hi-
2949 1131 2967 1183 i

1620 1186 1763 1231 storia
1779 1188 1928 1233 edidit
1951 1190 2168 1234 Camillus
2201 1193 2449 1249 Peruscus,
2487 1196 2650 1262 Romae
2693 1197 2844 1255 1545,
2886 1199 2938 1256 1.*
3000 1251 3004 1253 λ

1620 1258 1767 1304 hocee
1792 1261 1931 1305 titulo
1962 1259 2092 1308 :²13x
2127 1280 2212 1308 των
2237 1227 2554 1326 Ἡρακλείδου
2559 1266 2658 1329 περὶ
2690 1270 2961 1319 πολιτειῶνῡ·

1621 1328 1881 1393 ὑπόμνημα,
1900 1335 1979 1378 Ex·
1993 1335 2238 1383 Heraclide
2254 1338 2313 1381 de
2334 1339 2679 1399 nebuspublicis
2689 1342 2923 1391 commen-v
2940 1358 2942 1361 “

1621 1409 1785 1449 tatium
1821 1405 1905 1467 (V.
1937 1408 2184 1453 Fabricius
2206 1410 2259 1453 Β.
2287 1411 2366 1457 Gr.
2392 1413 2448 1467 V,
2483 1428 2534 1472 Ρ.
2563 1413 2683 1471 6153
2710 1405 2931 1480 Freitag.'
3001 1435 3005 1478 3

1620 1477 2057 1537 Adpan.litte1.ar.
2109 1482 2156 1537 Ι,
2204 1496 2315 1539 217.
2757 1523 2759 1526 ⁴
2942 1497 2947 1502 ”
3001 1495 3005 1503 ”

1620 1583 1804 1635 ἐποίησε,
1829 1587 1850 1624 ὁ
1885 1586 2101 1635 ἐπικληθεις
2132 1590 2309 1635 Χαλκοῦς
2294 1619 2336 1638 .,,
2366 1591 2404 1630 ἐν
2424 1596 2502 1638 τοῖς
2523 1592 2711 1644 ἐλεγείοις.
2738 1597 2847 1638 Ἐστὶ
2873 1598 2917 1643 δὲ

1619 1643 1640 1680 ὀ
1658 1645 1831 1694 χρησμὸς
1849 1645 1934 1684 ὅδε·

1722 1717 1929 1769 Εὐδαίμων
1947 1719 2123 1770 Χαρίτων
2144 1722 2209 1760 καὶ
2228 1721 2475 1769 Μελάνιππος
2491 1723 2581 1773 ἔφυ,

1670 1774 1770 1820 θείας
1786 1777 1969 1829 ἁγητῆρες
1985 1779 2198 1830 ἐφαμερίοις
2214 1780 2423 1830 φιλότατος.

1669 1847 1837 1899 Reliqua
1862 1861 1954 1899 quae
1981 1850 2033 1890 ad
2049 1851 2231 1891 historias
2252 1853 2315 1892 vel
2335 1854 2612 1904 geographiam
2634 1858 2815 1906 spectant
2827 1859 2920 1903 hmo

1618 1908 1714 1946 sunt
1743 1923 1752 1947 ι
1772 1908 1914 1948 Strabo
1931 1911 2048 1959 VIII,
2066 1921 2105 1960 p.
2128 1913 2203 1951 384
2234 1923 2294 1962 sq.
2316 1912 2366 1952 de
2388 1913 2522 1953 Helice
2545 1913 2644 1953 urbe
2661 1915 2780 1956 terrae
2801 1913 2937 1960 mous?

1618 1963 1778 2006 diruta:
1801 1968 2048 2018 Ἡρακλείδης
2066 1970 2106 2008 δέ
2122 1983 2248 2020 φησι,
2264 1971 2350 2010 καθ’
2362 1967 2482 2011 ἀὑτὸν
2517 1973 2694 2022 γενέσθαι
2714 1975 2759 2015 τὸ
2793 1975 2918 2023 πάθος
2940 2011 2950 2028 ,7

1617 2025 1790 2078 νύκτωρ,
1808 2028 1959 2068 δώδεκα
1985 2029 2163 2073 σταδίους
2193 2030 2396 2080 διεχούσης
2417 2036 2483 2079 τῆς
2504 2031 2652 2079 πόλεως
2674 2034 2751 2075 ἀπὸ
2770 2035 2918 2076 eamc-

1617 2097 1686 2130 σης
1696 2113 1707 2133 ,
1726 2086 1791 2124 καὶ
1812 2086 1949 2125 τούτου
1964 2091 2034 2126 τοῦ
2050 2087 2196 2138 χωρίου
2207 2089 2348 2135 παντὸς
2365 2089 2435 2128 σὺν
2449 2094 2496 2139 τῇ
2512 2090 2621 2130 πόλει
2637 2093 2909 2144 καλυφθέντος·

1618 2140 1831 2192 δισχιλίους
1854 2144 1894 2182 δὲ
1913 2145 2019 2195 παρὰ
2045 2150 2122 2183 τῶν
2148 2144 2311 2196 Ἀχαιῶν
2327 2148 2594 2217 πεμφθέντας,
2618 2149 2816 2190 ἀνελέσθαι
2843 2152 2916 2202 μὲν.

1616 2199 1704 2243 τοὺς
1722 2202 1878 2251 νεκροὺς
1899 2203 1952 2251 μὴ
1970 2202 2154 2241 δύνασθαι
2168 2207 2277 2252 ,τοῖς
2304 2199 2340 2243 δ’
2358 2204 2512 2255 ὁμόροις
2528 2209 2654 2256 νεῖμαι
2670 2208 2739 2254 τήν
2754 2209 2909 2261 χώραν.
2937 2223 2953 2254 ξ-

1616 2259 1810 2308 συμὸῆναι
1831 2261 1872 2300 δὲ
1894 2261 1939 2299 τὸ
1957 2261 2077 2306 πάθος
2105 2261 2205 2300 κατὰ
2227 2267 2339 2313 μῆνιν
2368 2264 2631 2310 Ποσειδῶνος·
2658 2267 2748 2314 τοὺς
2767 2268 2841 2320 γὰρ
2865 2268 2949 2335 ἑιιῖς,

1615 2320 1683 2362 τῆς
1712 2318 1903 2364 Ἑλίκης’
1889 2318 2121 2364 εκπεσόντας
2138 2319 2277 2366 Ἴωνας
2300 2322 2421 2360 αἰτεῖν
2444 2322 2670 2372 πέμψαντας
2703 2325 2820 2375 παρὰ.
2833 2318 2935 2366 τῶιιῗ

1616 2374 1816 2425 Ἑλικέων,
1845 2376 2014 2427 μάλιστα
2033 2379 2101 2424 μὲν
2126 2378 2170 2417 τὸ
2192 2379 2328 2430 βρέτας
2344 2383 2414 2419 τοῦ
2430 2380 2696 2428 Ποσειδῶνος·
2727 2383 2762 2422 εἰ
2782 2383 2823 2422 δὲ
2839 2382 2924 2434 μὴ,
2919 2359 2957 2406 Ῠ

1614 2436 1683 2471 τοῦ
1700 2446 1744 2482 γε
1768 2436 1870 2485 ἱεροῦ
1889 2435 1958 2482 τήν
1986 2435 2208 2487 ἀφίδρυσιν·
2233 2437 2278 2476 οὐ
2309 2437 2452 2477 δόντων
2478 2438 2541 2487 δὲ,
2569 2441 2718 2491 πέμψαι
2742 2441 2834 2492 πρὸς
2864 2443 2908 2482 τὸ
2928 2424 2955 2457 5?

1615 2493 1743 2530 κοινὸν
1755 2497 1832 2532 τῶν
1847 2493 2034 2544 Ἀχαιῶν·
2053 2499 2130 2534 τῶν
2147 2495 2186 2534 δὲ
2199 2496 2492 2547 ψηφισαμένων,
2503 2468 2583 2538 066
2595 2499 2649 2543 ὣς
2659 2500 2903 2541 ὑπακοῦσαι,
2939 2515 2965 2553 zi

1613 2549 1805 2598 τῷδ’ἑξῆς
1817 2552 2230 2602 χειμῶνισυμὸῆναιτὸ
2239 2553 2381 2604 πάθος·
2383 2554 2483 2598 τοὺς
2501 2555 2535 2594 δ’
2561 2555 2773 2607 Ἀχαιοὺς”
2751 2570 2923 2608 υστερονι·
2947 2553 2956 2590 ’-

1614 2607 1744 2647 δοῦναι
1765 2613 1843 2654 τοῖς
1863 2609 1973 2649 Ἴωσι
1994 2611 2062 2656 τήν
2079 2610 2292 2662 ἀφίδρυσιν.
2931 2607 2955 2649 π’

1666 2666 1778 2706 Idem
1798 2669 1920 2717 XIII,
1945 2679 1986 2718 p.
2009 2671 2119 2709 604:
2137 2669 2202 2709 Ἐν
2226 2670 2268 2708 δὲ
2297 2674 2344 2720 τῇ
2368 2671 2502 2722 Χρύσῃ
2530 2672 2651 2723 ταύτῃ
2676 2673 2744 2712 καὶ
2763 2673 2809 2715 τὸ
2841 2678 2907 2721 τοῦ

1614 2726 1805 2775 Σμινθέως
1825 2726 2058 2772 Ἀπόλλωνός
2086 2727 2190 2766 ἐστιν
2216 2729 2340 2779 ἱερὸν,
2370 2730 2436 2768 καὶ
2462 2730 2506 2769 τὸ
2526 2730 2734 2780 συμὸολον,
2765 2733 2809 2772 τὸ
2837 2735 2908 2783 τῆν

1614 2782 1832 2832 ἐτυμότητα
1863 2788 2013 2834 σῶζον,
2043 2786 2064 2824 ὁ
2085 2789 2156 2835 μῦς
2172 2786 2374 2824 ὑπόκειται
2393 2790 2449 2836 τῷ
2465 2787 2554 2826 ποδὶ
2572 2792 2640 2827 τοῦ
2659 2789 2810 2834 ξοάνου.
2835 2794 2907 2833 Rei

1613 2850 1774 2880 causam
1793 2841 2011 2892 mythicam
2027 2846 2241 2893 postquam
2256 2843 2390 2882 neseio
2403 2855 2505 2894 quos
2525 2849 2686 2885 secutus
2706 2850 2904 2899 exposuit,

1613 2898 1756 2947 addit:
1779 2900 2030 2952 Ηρακλείδης
2050 2901 2083 2940 δ’
2100 2903 2122 2940 6
2139 2903 2325 2947 Ποντικὸς
2341 2902 2577 2949 πληθύοντάς
2592 2917 2685 2954 φησι
2705 2906 2802 2956 μύας
2820 2910 2905 2959 περὶ

1610 2958 1655 2996 τὸ
1672 2958 1769 3008 ἱερὸν
1789 2960 2015 3009 νομισθῆναί
2031 2973 2071 2998 τε
2088 2961 2208 3010 ἱεροὺς
2219 2989 2231 3008 ,
2245 2961 2311 2999 καὶ
2327 2961 2370 2999 τὸ
2387 2961 2519 3004 ξόανον
2535 2962 2638 3000 οὕτω
2661 2974 2904 3004 κατασκευα·

1611 3017 1746 3062 σθῆναι
1766 3017 1963 3067 βεὸηκὸς’
1947 3019 2009 3058 επὶ
2022 3021 2080 3069 τῷ
2095 3018 2176 3070 μυί.
2193 3023 2286 3058 Haec
2301 3017 2556 3068 probabiliter
2574 3030 2625 3059 ex
2636 3021 2738 3060 libro
2754 3023 2907 3070 Κτίσεις

1611 3076 1722 3125 ἱερῶν
1739 3074 1941 3125 inscripto.

1663 3133 1913 3184 Cf.1dem11‚
1927 3145 1975 3185 p.
1980 3139 2045 3175 98.
2056 3134 2432 3187 Ηρακλείδηνδετὸν
2438 3136 2678 3176 Ποντικὸνέν
2694 3138 2908 3191 διαλόγῳ

1608 3195 1732 3232 ποιεῖν
1742 3193 1951 3244 ἀφιγμένον
1955 3194 2059 3245 παρὰ
2072 3195 2212 3235 Γέλωνι
2222 3194 2350 3244 μάγον
2346 3193 2439 3232 τινὰ
2451 3195 2702 3244 περιπλεῦσαι
2709 3196 2915 3249 φάσκοντα,

1665 3308 1882 3358 Antigonus
1905 3310 2052 3349 Histor.
2072 3305 2215 3350 Mirab.
2238 3314 2308 3350 167
2335 3326 2346 3350 ι
2371 3311 2451 3357 Τὴν
2472 3310 2513 3349 δὲ
2529 3311 2568 3350 ἐν
2582 3315 2667 3357 τοῖς
2682 3313 2902 3364 Σαρμάταις

1895 3427 2131 3441 ιιιιι

1607 3483 1648 3524 in
1670 3466 1864 3523 paradox.
1887 3483 1950 3524 ed.
1971 3487 2188 3528 westerm.
2209 3487 2248 3524 et
2269 3486 2404 3528 Tzetz.
2426 3484 2478 3524 ad
2501 3487 2596 3537 Lye.
2617 3487 2708 3525 704.

1660 3542 1929 3593 Tertullianus
1960 3546 2074 3594 opp.
2093 3555 2142 3595 p.
2167 3546 2240 3589 346
2260 3542 2400 3592 Rigalt.
2419 3541 2470 3582 de
2484 3542 2731 3583 somniorum
2755 3545 2900 3594 eveum

1606 3601 1813 3652 disputans
1828 3599 1924 3640 dicit
1943 3616 1952 3640 :
1971 3601 2271 3642 Alexandrum
2287 3602 2362 3652 qui
2381 3601 2524 3639 sciunt
2554 3601 2715 3640 leonem
2744 3603 2899 3644 annuli
2925 3634 2927 3638 ,

1606 3662 1910 3711 recoqnpscunt
1924 3673 1944 3712 3·
1958 3660 2157 3710 Ephorus
2175 3658 2325 3699 scribit
2345 3657 2486 3708 (Iocus
2517 3657 2581 3696 hic
2609 3658 2709 3709 sugit
2731 3659 2901 3701 editores

1605 3719 1745 3767 fragm.
1770 3717 1956 3768 Ephori).
1975 3716 2057 3758 Sed
2075 3719 2118 3757 ec
2140 3717 2327 3766 Dionysii
2347 3714 2504 3754 Sicilioe
2524 3715 2802 3765 tyrannidem
2820 3718 2900 3757 m-

1605 3786 1766 3819 meroea
1796 3775 2000 3826 quaedam
2017 3776 2280 3822 somniavit,
2317 3771 2566 3812 Heraclides
2588 3772 2802 3823 prodidit.
2834 3774 2895 3816 Of.

1605 3833 1780 3878 'limaeus
1797 3842 1860 3882 ap.
1883 3831 2008 3872 schol.
2030 3830 2206 3871 AEschin.
2223 3831 2305 3871 vol.
2323 3833 2364 3879 Ι,
2386 3841 2425 3880 p.
2446 3834 2517 3870 751
2539 3830 2736 3879 (locusin
2757 3830 2905 3882 fragm

1606 3891 1708 3930 Tim.
1722 3890 1925 3940 omissus)
1934 3890 1974 3929 et
1988 3890 2058 3947 qui
2077 3889 2272 3933 Timaeum
2290 3899 2422 3939 presse
2437 3888 2618 3938 sequitur
2642 3887 2772 3928 valer.
2788 3890 2880 3938 Meg

1603 3950 1648 3997 1,
1667 3952 1707 3996 7,
1734 3954 1770 3988 6.

1657 4006 1711 4056 (*)
1735 4005 1794 4046 Ad
1819 4005 1937 4045 hosce
1952 4005 2073 4045 libros
2094 4005 2185 4055 Περὶ
2202 4003 2321 4055 ἀρχῆς
2341 4005 2378 4043 α’
2389 4006 2509 4055 ,Περὶ
2526 4004 2654 4054 νόμων
2680 4010 2717 4043 α’
2743 3993 2870 4043 mit*

1603 4122 1846 4169 Aristoteles
1870 4121 2114 4167 illustrauit.
2134 4130 2299 4164 ornnem
2325 4119 2438 4159 hunc
2457 4120 2627 4159 civilem
2663 4121 2708 4158 in
2742 4117 2847 4168 disp
2884 4111 2899 4132 ¹

1605 4178 1735 4225 tando
1764 4180 1924 4223 locum,
1967 4177 2299 4228 Heraclidesque
2330 4179 2561 4223 Ponticus,
2591 4176 2808 4236 projectus
2850 4180 2898 4228 Jj

1615 4237 1754 4278 eodan
1787 4236 1971 4283 Plutone.
2907 4245 2912 4253 '
