3016 4628
429 246 1208 412 DIONYqus.
1292 285 1975 403 HERMIAS..
2021 219 2723 397 ATHANAS.
2926 310 2994 407 ῳ

1097 529 1900 672 TIMONIDES.
2473 509 2482 516 ’

526 946 862 1001 DIONYSIUS
896 942 1109 994 TYRAN
1118 942 1158 990 Ν
1162 941 1252 989 US.

314 1061 478 1107 Suidas
521 1078 532 1106 :
568 1057 784 1109 Διονύσιος
817 1051 1037 1116 (senior),
1076 1047 1277 1100 Σικελίας
1310 1044 1528 1110 τύραννος,

248 1134 409 1198 ἔγραψε
434 1130 671 1196 τραγῳδίας
696 1128 770 1175 καὶ
798 1125 1025 1190 κωμῳδίας
1047 1122 1118 1169 καὶ
1149 1117 1396 1184 ἱστορικοί
1434 1114 1531 1181 (καὶ

250 1202 530 1270 μισθοφορικὰ
554 1203 626 1249 καὶ
655 1200 777 1264 ἕτερα
811 1200 917 1244 cod.
954 1191 1202 1254 Bruxell.).
1238 1195 1308 1237 De
1332 1201 1529 1250 tyranno

247 1280 471 1323 historico
490 1276 675 1322 aliunde
695 1290 789 1318 non
806 1279 997 1317 constat.
1018 1271 1194 1314 Vereor
1206 1281 1264 1309 ne
1282 1279 1414 1308 error
1430 1262 1533 1306 sub-

247 1353 321 1396 sit.
358 1351 603 1409 Dionysius
627 1347 814 1406 quidam
848 1343 1025 1389 Siculus
1067 1339 1237 1404 (modo
1272 1346 1397 1381 recte
1432 1335 1530 1377 haec

250 1425 438 1468 nomina
465 1437 511 1466 se
548 1418 766 1478 habeant)
805 1414 1182 1460 historiunculam
1211 1409 1445 1469 quandam
1474 1422 1532 1450 ex

252 1492 490 1542 Σικελικοῖς
512 1491 720 1537 Aristidis
744 1490 906 1533 Milesii
932 1487 1011 1544 (fr.
1043 1483 1130 1544 20)
1156 1484 1336 1544 petiisse
1358 1480 1529 1525 dicitur

250 1583 325 1627 ap.
351 1565 582 1611 Plutarch.
608 1566 711 1610 Par.
731 1564 845 1608 min.
869 1577 909 1605 c.
946 1576 985 1604 1.

486 1747 769 1796 HERMIAS
804 1740 1286 1793 METHYMNAEUS.

317 1859 550 1904 Diodorus
573 1860 673 1913 XV,
700 1857 775 1914 37,
797 1856 842 1911 3,
863 1856 922 1900 ad
945 1869 1116 1899 annum
1136 1849 1433 1898 Charisandri
1458 1865 1535 1894 ar-

250 1933 444 1985 chontis,
463 1932 647 1990 Olymp.
677 1945 782 1985 101,
808 1944 848 1984 1,
872 1943 911 1973 a.
935 1924 988 1971 C.
1015 1925 1106 1982 376
1128 1941 1139 1968 ε
1161 1925 1262 1971 Τῶν
1281 1920 1324 1968 δὲ
1343 1939 1533 1986 συγγρα-

251 2002 361 2067 φέων
387 2001 632 2066 Ἑρμείας
655 2003 676 2046 ὁ
701 2000 1056 2059 Μηθυμναῖος
1076 1995 1153 2054 τὴν
1186 1998 1287 2043 Τῶν
1314 1996 1534 2043 Σικελι-

215 2088 223 2094 ·
251 2078 355 2121 κῶν
377 2074 568 2129 σύνταξιν
589 2075 645 2126 εἷς
666 2077 809 2120 τοῦτον
827 2070 896 2118 τὸν
916 2071 1105 2117 ἐνιαυτὸν
1125 2067 1411 2134 κατέστροφε,
1433 2066 1536 2132 γρά-

248 2151 330 2212 ψας
352 2146 520 2211 βίὸλους
542 2145 642 2193 δέκα
656 2182 668 2204 ,
691 2148 747 2198 ὡς
769 2143 813 2191 δέ
829 2163 935 2198 τινες
952 2144 1187 2208 διαιροῦσι,
1202 2140 1383 2188 δώδεκα.
1413 2144 1531 2187 For-

251 2231 361 2264 tasse
389 2221 597 2264 Hermias
615 2228 771 2263 noster
792 2228 1014 2278 cognatus
1042 2226 1141 2262 erat
1164 2217 1366 2261 Hermiae
1391 2218 1535 2260 Atar-

249 2294 455 2336 ncnsium
479 2293 715 2353 principis,
742 2293 944 2336 Platonis
979 2291 1213 2352 discipuli,
1241 2290 1536 2335 Aristotelis-

248 2380 356 2424 que,
382 2363 452 2410 uti
474 2374 668 2423 constat,
690 2365 940 2410 familiaris.

864 2488 884 2516 1

661 2577 1117 2640 ΣΙΚΕΛΙΚΑ.

628 2706 665 2749 E
698 2706 883 2750 LIBRO
918 2705 1159 2750 TERTIO.
1206 2746 1209 2751 .

316 2799 557 2842 Athenaeus
570 2799 633 2854 X,
651 2815 701 2858 p.
721 2798 830 2855 438,
849 2797 885 2843 C
903 2815 915 2845 :
930 2796 1138 2862 Ἑρμείας
1156 2797 1192 2843 δ’
1213 2799 1235 2844 ὁ
1253 2798 1538 2860 Μηθυμναῖος

253 2870 295 2915 ἐν
313 2868 433 2931 τρίτῃ
460 2870 695 2917 Σικελικῶν
720 2869 952 2935 φιλοπότην
976 2872 1080 2935 φησὶ
1103 2869 1298 2934 γενέσθαι
1321 2868 1536 2928 Νικοτέλη

252 2941 323 2987 τὸν
348 2940 585 3005 Κορίνθιον.

317 3017 545 3060 Nicoteles
578 3017 840 3061 Corinthius
864 3017 960 3061 dux
994 3018 1080 3062 fuit
1117 3018 1535 3077 Syracusanorum,

254 3103 393 3148 quem
418 3090 589 3132 Aristus
610 3089 895 3134 dominatum
919 3092 1128 3150 Dionysii
1150 3092 1344 3135 senioris
1365 3089 1538 3135 confir-

254 3160 409 3206 mandi
428 3168 559 3205 causa
575 3163 812 3220 Syracusas
829 3177 853 3206 a
873 3163 1232 3208 Lacedaemoniis
1243 3166 1426 3219 missus,
1446 3179 1539 3208 una

255 3248 360 3276 cum
373 3234 470 3276 aliis
487 3233 760 3292 quibusdam
773 3236 954 3293 tyranni
966 3227 1236 3280 adversariis
1256 3235 1536 3281 interficien-

872 3375 890 3415 1

719 3463 1036 3535 SICULA
1051 3519 1065 3531 .

632 3571 670 3613 E
702 3572 880 3616 Lissao
912 3576 1149 3619 TERTIO.

308 3664 485 3703 nerinias
507 3664 794 3714 Methymnaeus
812 3666 1034 3707 Siculorum
1060 3669 1160 3708 libro
1182 3670 1300 3709 tertio
1323 3670 1539 3711 Nicotelem

257 3729 505 3769 corinthium
526 3731 746 3779 potatorem
763 3731 879 3770 fuisse
895 3731 1006 3772 dicit.

876 3816 919 3855 2.

510 3897 595 3945 DE
638 3897 957 3947 APOLLlNE
996 3899 1281 3952 GRYNEO.

614 3994 651 4037 F,
679 3994 855 4038 LtBRo
887 3995 1173 4041 SECUNDO.

311 4070 422 4121 Apud
447 4071 713 4121 Naucratitas,
738 4074 782 4111 ut
798 4072 932 4112 scribit
953 4074 1130 4114 Hermiae
1159 4075 1257 4115 libro
1284 4080 1456 4118 secundo
1488 4083 1544 4121 De

258 4136 417 4183 Gryneo
437 4134 637 4184 Apolline,
657 4138 815 4174 menam
838 4136 877 4175 in
902 4139 1093 4186 Prytaneo
1113 4140 1295 4179 natalitiis
1310 4145 1439 4183 Vestae
1456 4156 1543 4196 pry-

263 4197 460 4238 tanidiset
477 4198 583 4238 sestis
600 4199 908 4239 Bacchanalibus
935 4200 1107 4251 itemque
1134 4202 1173 4242 in
1201 4206 1334 4253 pagani
1361 4209 1451 4256 (vel
1474 4221 1542 4247 co-

263 4261 512 4310 numitoris)
532 4262 718 4312 Apollinis
737 4263 994 4314 solennitate3
1019 4264 1277 4314 ingredionivs
1297 4281 1432 4310 omnes
1448 4284 1543 4313 can-

1607 935 1719 979 dum
1751 933 1928 978 curavit
1965 929 2180 994 (Olymp.
2209 935 2343 991 94,1,
2385 947 2425 977 a.
2451 932 2503 978 C.
2533 933 2677 995 404).
2702 935 2906 983 Diodor.
2927 910 2946 996 Δ,
2991 957 3000 997 5

1603 1009 1731 1062 XIV,
1761 1006 1887 1061 1o,3.
1911 1006 2021 1050 Haec
2039 1005 2182 1064 igitur
2203 1005 2426 1063 quoniam
2440 1006 2566 1051 libro
2585 1009 2910 1056 tertionarra—
2936 1030 2954 1070 ξ
2993 1012 3003 1069 ξ

1604 1082 1671 1123 vit
1689 1081 1933 1134 Hermeas,
1956 1078 2072 1121 nihil
2093 1078 2180 1121 nisi
2200 1077 2416 1138 Dionysii
2432 1079 2676 1125 historiam
2692 1090 2910 1128 tractasse
2945 1098 2950 1133 ᾗ

1603 1151 1805 1195 videtur.
1826 1152 1975 1208 Quam
1993 1159 2151 1193 tamen
2166 1149 2228 1193 ad
2249 1147 2393 1194 finem
2412 1167 2512 1195 non
2530 1153 2780 1212 perduxit3
2799 1168 2910 1200 nam
2939 1147 2957 1202 ξ
2995 1165 3001 1194 ι

1604 1225 1815 1284 regnavit
1847 1231 2070 1282 tyrannus
2093 1221 2204 1266 inde
2228 1221 2288 1266 ab
2312 1214 2436 1267 anno
2472 1223 2567 1286 406
2603 1225 2665 1270 ad
2686 1241 2764 1271 an.
2793 1225 2907 1286 367.
2996 1247 3002 1262 ›

1604 1296 1853 1355 Reliquam
1872 1303 2055 1354 partem
2079 1294 2194 1338 alius
2217 1294 2494 1351 absolverit,
2527 1297 2664 1354 sicuti
2696 1298 2912 1357 Dionysii
2946 1288 2957 1342 ⁴.
3005 1338 3007 1343 ,

1599 1367 1799 1426 junioris
1816 1368 2059 1412 historiam
2079 1382 2106 1412 a
2120 1367 2313 1412 Philisto
2335 1368 2603 1415 inchoatam
2622 1371 2914 1417 continuavit
2951 1424 2953 1427 ⁸
2999 1418 3003 1431 ,

1603 1442 1822 1486 Athanas.
1845 1442 1968 1485 Hinc
1989 1440 2165 1484 factum
2181 1448 2272 1496 est,
2292 1450 2430 1500 puto,
2451 1451 2506 1486 ut
2527 1442 2607 1487 alii
2625 1441 2813 1500 decem,
2831 1443 2914 1494 alii
2930 1469 2950 1490 ·.
2999 1483 3005 1499 ,

1606 1512 1860 1558 duodecim
1880 1513 2036 1574 operis
2056 1513 2203 1563 libros
2226 1527 2321 1558 esse
2342 1512 2570 1559 dicerent.

2237 1646 2282 1676 2.

1708 1748 1861 1796 ΠΕΡΙ
1897 1745 2027 1795 ΤΟΥ
2062 1746 2376 1796 ΓΡΥΝΕῙΟΥ
2404 1748 2813 1798 ΑΠΟΛΛΩΝΟΣ.

1971 1887 2010 1930 Ε
2043 1886 2228 1932 LIBRO
2264 1883 2564 1932 SECUNDO.

1674 1996 1926 2040 Athenaeus
1937 1997 2018 2053 IV,
2037 2011 2090 2056 p.
2121 2000 2236 2055 149,
2253 1997 2297 2048 D
2321 2010 2333 2040 :
2358 1991 2556 2057 Hoepbgsss
2573 1994 2913 2060 Ναυκρατίταις,
2953 2013 2960 2022 ·

1609 2065 1665 2120 ὥς
1685 2084 1812 2132 φησιν
1831 2063 2040 2131 Ἑρμείας
2056 2065 2099 2111 ἐν
2117 2067 2178 2130 τῷ
2199 2063 2385 2130 δευτέρῳ
2398 2066 2484 2112 τῶν
2498 2064 2611 2131 Περὶ
2624 2070 2698 2114 τοῦ
2710 2065 2916 2132 Γρυνείου
2965 2107 2967 2109 .

1609 2138 1879 2192 Ἀπόλλωνος
1894 2175 1908 2200 ,
1930 2139 1973 2185 ἐν
1993 2139 2056 2204 τῷ
2081 2140 2326 2203 πρυτανείῳ
2350 2139 2568 2186 δειπνοῦσι
2586 2138 2814 2201 γενεθλίοις
2834 2138 2914 2188 Ἓ-

1610 2210 1732 2265 στίας
1755 2209 2056 2275 πρυτανίτιδος
2078 2209 2153 2258 καὶ
2177 2209 2443 2274 Διονυσίοις,
2469 2209 2534 2258 ἔτι
2563 2209 2609 2258 δὲ
2641 2214 2696 2276 τῇ
2728 2215 2804 2259 τοῦ
2826 2229 2915 2260 κω·

1613 2283 1742 2348 μαίου
1762 2282 2031 2337 Ἀπόλλωνος
2053 2281 2320 2348 πανηγύρει,
2345 2282 2547 2338 εἰσιόντες
2570 2282 2728 2338 πάντες
2749 2285 2791 2332 ἓν
2813 2302 2915 2341 στο-

1609 2359 1707 2411 λαῖς
1735 2357 1935 2420 λευκαῖς,
1968 2356 2017 2411 ἃς
2044 2355 2175 2423 μέχρι
2209 2355 2286 2404 καὶ
2321 2360 2393 2404 νῦν
2430 2358 2614 2405 καλοῦσι
2650 2355 2917 2423 πρυτανικὰς

1611 2433 1808 2488 ἐσθῆτας.
1831 2429 1922 2478 Καὶ
1949 2428 2279 2484 κατακλιθέντες
2301 2429 2612 2478 ἐπανίστανται
2641 2435 2702 2485 εἰς
2723 2429 2916 2495 γόνατα,

1611 2509 1688 2552 τοῦ
1712 2502 1992 2570 ἱεροκήρυκος
2013 2501 2091 2558 τὰς
2112 2502 2318 2569 πατρίους
2341 2502 2473 2569 εὐχὰς
2494 2502 2806 2570 καταλέγοντος
2830 2523 2917 2552 συ·-
2968 2551 2969 2554 ,

1613 2578 1880 2633 σπένδοντες.
1899 2577 2028 2627 Μετὰ
2046 2576 2090 2625 δὲ
2113 2582 2252 2625 ταῦτα
2272 2577 2604 2633 κατακλιθέντες
2617 2577 2916 2642 λαμὸάνουσιν
2975 2588 2978 2591 ’

1612 2650 1791 2706 ἕκαστος
1816 2650 1929 2700 οἴνου
1942 2650 2124 2706 κοτύλας
2141 2651 2239 2710 δύο,
2257 2650 2372 2710 πλὴν
2390 2653 2475 2698 τῶν
2495 2650 2645 2716 ἱερέων
2663 2654 2745 2701 τοῦ
2755 2671 2807 2702 ,τε
2821 2653 2918 2714 Πυ-Ι
2968 2652 2976 2658 ”

1613 2724 1704 2772 θίου
1725 2723 1994 2778 ’Λπόλλωνος
2013 2723 2088 2771 καὶ
2109 2729 2185 2772 τοῦ
2202 2723 2427 2773 Διονύσου·
2444 2723 2607 2772 τούτων
2626 2723 2710 2792 γὰρ
2723 2724 2918 2792 ἑκατέρῳ

1613 2799 1788 2851 διπλοῦς
1811 2800 1833 2844 ὃ
1863 2788 1972 2851 οἶνος
1997 2796 2108 2858 μετὰ
2130 2795 2205 2844 καὶ
2227 2799 2313 2844 τῶν
2347 2796 2492 2844 ἄλλων
2522 2798 2709 2863 μερίδων
2733 2797 2915 2846 δίδοται.

1612 2868 1807 2920 Ἔπειτα
1832 2869 2004 2935 ἑκάστῳ
2029 2869 2316 2935 παρατίθεται
2341 2868 2468 2935 ἄρτος
2491 2869 2701 2937 καθαρὸς,
2727 2872 2785 2925 εἷς
2800 2870 2914 2919 πλά-

1611 2940 2018 3004 τοςπεποιημένος,
2038 2941 2102 3007 ἐφ’
2122 2933 2157 3007 ᾧ
2178 2940 2393 2989 ἐπίκειται
2410 2941 2540 3010 ᾅρτος
2566 2941 2727 3008 ἕτερος,
2745 2942 2792 2991 ὃν
2809 2962 2916 3009 κρι-

1615 3014 1794 3073 ὅανίτην
1818 3016 2024 3074 καλοῦσι’,
2048 3014 2124 3062 καὶ
2145 3013 2279 3080 κρέας·
2296 3013 2409 3062 ὕειον
2433 3014 2509 3063 καὶ
2532 3015 2732 3081 λεκάριον
2751 3015 2917 3064 πτισά-

1612 3106 1687 3145 νης
1713 3085 1741 3144 ἢ
1766 3086 1960 3151 λαχάνου
1994 3092 2068 3137 τοῦ
2094 3085 2209 3134 κατὰ
2233 3086 2382 3151 καιρὸν
2408 3086 2656 3151 γινομένου,
2678 3087 2745 3154 ᾦοί
2767 3108 2815 3136 τε
2843 3087 2918 3136 δύο

1613 3159 1687 3207 καὶ
1709 3165 1841 3224 τυροῦ
1864 3159 2070 3225 τροφαλὶς
2091 3159 2203 3208 σῦκά
2222 3179 2268 3207 τε
2292 3159 2401 3226 ξηρὰ
2420 3160 2495 3208 καὶ
2517 3162 2711 3216 πλακοῦς
2725 3161 2801 3209 καὶ
2817 3160 2915 3211 στέ-

1614 3251 1762 3298 φανος.
1781 3231 1872 3281 Καὶ
1888 3232 1931 3287 ὃς
1948 3231 1999 3280 ’ἂν
2014 3231 2096 3288 ἔξω
2115 3252 2157 3279 τι
2181 3231 2343 3281 τούτων
2367 3233 2575 3299 ἱεροποιὸς
2601 3234 2916 3302 παρασκευάσῃ

1610 3379 1713 3419 didis
1733 3379 1862 3419 induti
1882 3379 2016 3430 stolis,
2033 3391 2134 3431 quas
2151 3380 2372 3420 etiamnum
2390 3380 2617 3431 prytanicas
2632 3381 2763 3422 vestes
2780 3381 2919 3434 appet-
2970 3398 2975 3411 ε

1610 3443 1709 3482 lant.
1730 3445 1780 3482 Et
1796 3444 2010 3494 postquam
2032 3444 2331 3495 accubuerunt,
2355 3447 2560 3495 surgentes
2581 3455 2720 3486 rursus
2733 3444 2776 3485 in
2790 3455 2918 3496 genua
2964 3455 2973 3496 j.

1612 3507 1882 3557 procumbunt
1892 3539 1902 3553 ,
1915 3519 1995 3547 una
2011 3518 2105 3547 cum
2118 3518 2232 3548 sacro
2243 3519 2429 3559 praecone
2441 3508 2610 3561 libantes
2620 3509 2768 3559 patrias
2782 3519 2920 3560 preces
2967 3552 2969 3554 ,

1611 3573 1831 3621 praeeunte.
1853 3571 2198 3623 Dein'postquam
2218 3571 2364 3612 iterum
2396 3571 2693 3623 accubuerunt,
2717 3572 2920 3624 accipiunt
2960 3587 2962 3597 ²

1613 3636 1781 3687 quisque
1799 3636 1883 3676 vini
1899 3637 2053 3677 cotulas
2071 3637 2192 3688 duas,
2213 3637 2389 3688 exceptis
2405 3637 2535 3688 Pythii
2554 3636 2746 3688 Apollinis
2765 3639 2806 3678 et
2821 3641 2919 3680 Bae-

1613 3700 1678 3739 clii
1693 3700 1965 3740 sacerdotibus
1977 3731 1987 3750 ,
2009 3713 2185 3752 quorum
2201 3701 2363 3752 utrique
2373 3701 2523 3752 duplex
2536 3701 2622 3742 vini
2635 3701 2783 3752 pariter
2797 3704 2920 3754 atque
2971 3726 2975 3742 2

1614 3767 1841 3805 ceterorum
1867 3766 1998 3816 portio
2021 3766 2154 3807 datur.
2187 3769 2291 3807 Tum
2319 3766 2538 3818 unicuique
2566 3766 2680 3818 panis
2704 3767 2920 3819 adponitur
2946 3779 2971 3830 ,ὲ

1615 3842 1761 3881 purus,
1783 3831 1823 3871 in
1850 3831 2101 3872 latitudinem
2129 3833 2344 3882 formatus,
2368 3831 2436 3871 cui
2453 3831 2556 3872 alius
2580 3832 2789 3884 impositus
2806 3834 2920 3885 panis
2950 3875 2951 3878 ,

1614 3896 1695 3944 est,
1717 3906 1838 3945 quein
1861 3895 2097 3936 furnaeeum
2119 3897 2286 3947 vocant,
2307 3897 2350 3937 et
2364 3907 2459 3936 caro
2474 3896 2591 3937 suilla
2609 3898 2651 3937 et
2669 3897 2817 3948 patella
2837 3899 2964 3950 ptk

1615 3968 1723 3997 sanoe
1751 3960 1822 3998 aut
1844 3959 1962 3999 oleris
1980 3960 2088 4010 quod
2120 3961 2197 4001 sert
2219 3960 2314 4000 anni
2338 3961 2579 4012 tempestas,
2607 3961 2648 4000 et
2674 3971 2752 4001 ova
2774 3960 2858 4002 duo
2876 3964 2919 4003 et

1615 4021 1718 4061 casei
1738 4023 1908 4062 recentis
1929 4023 2102 4063 frustum
2129 4023 2274 4075 ficique
2299 4023 2416 4064 siccae
2435 4025 2476 4063 et
2501 4023 2683 4075 placenta
2697 4025 2739 4064 et
2753 4034 2922 4068 coron&-

1617 4086 1855 4136 Quicunque
1871 4088 2116 4128 sacrificator
2134 4088 2282 4140 praeter
2300 4088 2376 4128 ista
2393 4087 2545 4139 aliquid
2577 4090 2713 4139 parat,
2730 4088 2764 4128 is
2783 4099 2809 4129 a
2829 4101 2915 4130 ma·
2968 4143 2970 4146 ι

1618 4150 1848 4199 gistratibns
1873 4153 2108 4194 mulctatur.
2128 4154 2235 4201 Quin
2250 4164 2325 4194 nec
2339 4153 2448 4204 aliis,
2466 4153 2535 4204 qui
2561 4153 2601 4193 in
2626 4156 2818 4204 prytaneo
2845 4166 2917 4195 ve·

1616 4217 1798 4264 scuntnr,
1817 4215 2036 4266 quidquam
2051 4217 2129 4256 eibi
2144 4218 2359 4257 forinsecus
2378 4218 2524 4268 praeter
2539 4217 2615 4257 ista
2631 4218 2705 4268 (eo
2718 4217 2806 4268 die)
2823 4218 2919 4262 licet
2972 4213 2979 4258 ”.

1618 4277 1760 4318 inferre
1779 4295 1788 4318 ι
1806 4279 1873 4319 sed
1891 4279 1977 4320 haec
2000 4280 2084 4320 sola
2105 4282 2371 4331 consumunt,
2398 4282 2440 4320 et
2455 4280 2640 4331 reliquias
2659 4280 2816 4323 famulis
2838 4283 2916 4324 itna-
2986 4307 2988 4311 ν
