3016 4628
237 317 326 359 138

226 548 484 617 Παρνασσὸν
503 546 691 612 Δωρίδος
710 544 987 600 ἐξελάσαντος
1008 540 1175 594 αὐτούς.

290 625 523 684 Loquitur
538 621 704 667 Strabo
726 620 784 676 de
809 620 942 664 Asine
967 611 1197 677 Argolidis
1218 627 1368 674 prope
1391 612 1508 655 Her·
1526 636 1530 639 -

226 697 413 742 mionen
445 695 553 749 sita,
577 692 704 738 unde
727 692 846 752 pulsi
870 690 927 734 ab
953 689 1134 748 Argivis
1167 689 1379 745 Dryopes
1397 683 1510 726 alte-

229 784 328 813 ram
365 765 681 811 condiderunt
719 763 892 808 Asinen
927 775 1078 820 prope
1125 755 1430 812 Cardamylen
1463 752 1512 793 in

228 841 464 886 Messenia.
481 839 674 883 Pausan.
701 837 786 891 IV,
816 835 872 879 34
887 868 900 890 ‚
925 833 969 879 6.
991 829 1221 893 (Δρυόπων
1240 825 1283 873 δὲ
1304 821 1511 887 Ἑρμιόνη

228 930 275 958 τε
288 909 363 957 καὶ
375 908 519 967 Ἀσίνη
536 912 563 966 ἡ
585 907 688 972 πρὸς
710 902 979 970 Καρδαμύλῃ
1005 905 1057 966 τῇ
1080 900 1331 959 Λακωνικῇ.
1355 899 1512 942 Hero-

231 986 335 1032 dot.
368 986 506 1041 vm,
534 983 623 1040 73,
662 982 746 1026 ubi
770 990 947 1025 ceteros
980 986 1090 1020 vett.
1127 976 1255 1018 locos
1289 968 1516 1028 congessit

229 1055 404 1119 Baehr.)
425 1057 495 1105 Cf.
521 1055 706 1101 Miiller.
723 1057 833 1098 Dor.
857 1054 903 1107 I,
931 1051 1016 1105 84,
1045 1046 1159 1105 1553
1182 1047 1244 1098 ΙΙ,
1277 1042 1383 1095 436.
1407 1038 1512 1085 455.

230 1132 522 1191 Theopomp.
535 1130 593 1175 fr.
622 1145 638 1172 1
649 1144 677 1188 9
689 1144 703 1171 1
718 1162 727 1170 .
749 1151 812 1159 -
828 1127 897 1169 De
917 1121 1139 1168 Arcadica
1153 1120 1403 1176 Dryopum
1419 1113 1516 1157 ori-

233 1205 340 1266 gine
374 1218 481 1248 cum
507 1200 751 1247 Aristotele
784 1197 892 1241 facit
928 1194 1069 1238 schol.
1093 1190 1249 1249 Apoll.
1268 1185 1426 1232 Rhod.
1451 1186 1512 1240 Ἰ,

242 1292 259 1320 1
269 1274 379 1332 283,
389 1275 471 1319 ubi
485 1272 750 1333 genealogia
758 1270 854 1312 haee
865 1275 957 1311 est:
974 1266 1177 1323 Lycaon,
1189 1261 1294 1315 Dia,
1312 1261 1512 1316 Dryops.

235 1349 356 1393 Hine
372 1362 451 1391 sua
473 1348 651 1390 Tzetzes
671 1340 906 1401 Lycophr.
929 1337 1039 1391 480.
1066 1337 1218 1393 Etym.
1244 1333 1310 1377 M.
1331 1346 1379 1389 p.
1398 1327 1513 1383 288,

238 1417 317 1462 32.
343 1418 667 1477 Antiquiorem
695 1412 990 1457 traditionem
1019 1402 1307 1463 habesapud
1343 1402 1517 1447 Phere-

237 1489 401 1550 cydem
424 1490 480 1536 fr.
507 1488 581 1534 33.
603 1485 668 1532 Cf.
692 1485 871 1529 Miiller.
894 1483 1004 1525 Dor.
1030 1481 1051 1523 I
1066 1512 1079 1535 ,
1104 1493 1153 1537 p.
1183 1481 1260 1529 41.

734 1602 1018 1652 ΑΡΓΕιΩΝ.
1240 1570 1242 1572 ’

835 1731 913 1774 99·

304 1821 472 1867 Pollux
494 1820 581 1865 On.
603 1819 673 1873 X,
707 1833 723 1860 1
738 1831 795 1875 79
821 1831 831 1859 ε
860 1811 944 1869 lit-q
970 1812 1005 1857 δ’
1028 1809 1078 1858 ἂν
1105 1809 1175 1857 καὶ
1198 1808 1352 1875 φείδων
1375 1826 1416 1855 τι
1438 1810 1519 1872 ἆγ-

239 1893 351 1957 γεῖον
375 1889 568 1952 ἐλαιηρὸν
594 1888 676 1935 ἀπὸ
701 1890 782 1934 τῶν
803 1882 1050 1935 Φειδωνίων
1077 1881 1244 1947 μέτρων
1263 1880 1520 1944 ὠνομασμέ-

241 1983 310 2012 νον
325 2000 339 2023 ,
362 1962 464 2026 ὑπὲρ
482 1954 539 2008 ὧν
568 1962 609 2007 ἐν
635 1958 832 2024 Ἀργείων
853 1955 1047 2020 πολιτεία
1068 1954 1370 2018 Ἀριστοτέλης
1384 1954 1518 2018 λέγει.

241 2041 311 2083 De
329 2038 513 2082 vasculo
538 2036 619 2080 illo
651 2033 836 2079 aliunde
859 2048 957 2076 non
985 2038 1178 2077 constat.
1212 2031 1283 2075 De
1307 2029 1523 2075 Phidone

242 2127 284 2155 v.
311 2125 426 2170 quos
447 2108 730 2154 laudavimus
752 2106 812 2150 ad
830 2107 993 2150 Marm.
1013 2105 1118 2149 Par.
1146 2118 1219 2162 ep.
1243 2101 1321 2147 30.

796 2191 877 2254 [99
902 2190 963 2254 a·]

311 2285 472 2340 [Arist.
495 2283 595 2329 Pol.
613 2284 651 2327 V
666 2316 678 2338 ,
700 2281 727 2325 8
742 2315 753 2336 ,
775 2285 800 2333 4
828 2296 838 2323 :
867 2276 1039 2326 Φείδων
1067 2275 1145 2338 μὲν
1169 2275 1269 2341 περὶ
1284 2273 1332 2324 ”A
1342 2295 1437 2341 ργος
1452 2276 1526 2325 καὶ

244 2347 377 2411 ἕτεροι
397 2346 590 2410 τύραννοι
606 2344 892 2402 κατέστησαν,
921 2341 1140 2406 βασιλείας
1164 2342 1458 2406 ὓπαρχούσης.

311 2422 407 2466 Pol.
434 2423 495 2476 V,
526 2435 574 2476 2,
601 2419 628 2463 8
658 2431 672 2463 2
695 2416 773 2464 Ἐν
793 2414 946 2479 Ἀργει
978 2417 1061 2462 τῶν
1086 2417 1128 2462 ἓν
1149 2418 1202 2480 τῇ
1230 2414 1394 2480 ἑὸδόμῃ
1417 2417 1526 2463 ἀπο-

246 2490 433 2554 λομένων
458 2490 541 2537 ὑπὸ
571 2489 838 2552 Κλεομένους
857 2493 930 2535 τοῦ
963 2488 1169 2542 Λάκωνος
1191 2489 1528 2551 ἠναγκάσθησαν

247 2561 565 2628 παραδέξασθαι
598 2565 682 2608 τῶν
716 2559 943 2625 περιοίκων
967 2558 1102 2614 τινάς.
1126 2562 1196 2607 Cf.
1219 2563 1391 2608 Miiller
1414 2563 1525 2607 Dor.

249 2639 313 2693 II,
331 2637 404 2682 56.
422 2637 646 2682 Niebuhr.
666 2638 720 2681 R.
748 2637 802 2680 G.
822 2637 869 2691 Ι,
891 2651 942 2695 p.
970 2651 1076 2693 127,
1095 2644 1196 2682 not.
1219 2635 1333 2689 243.

315 2711 415 2754 Pol.
449 2711 516 2766 V,
544 2725 590 2756 2.
625 2714 650 2761 4
679 2705 786 2755 εΔιὸ
821 2709 989 2770 ἐνιαχοῦ
1018 2705 1214 2753 εἰώθασιν
1238 2705 1531 2771 ὀστρακίζειν,

253 2773 337 2828 οἷον
364 2781 406 2826 ἐν
425 2778 470 2827 Ἄ
481 2799 570 2844 ργει
591 2779 664 2827 καὶ
686 2778 925 2836 Ἀθήνησιν.
980 2807 990 2814 ·

319 2856 421 2899 Pol.
453 2857 518 2910 V,
547 2853 599 2910 3,
627 2853 652 2898 5
688 2868 699 2899 :
724 2851 800 2898 Ἐν
820 2847 965 2915 Ἄργει
995 2854 1033 2899 οἱ
1057 2850 1264 2917 γνώριμοι
1293 2850 1528 2914 εὐδοκιμή-

257 2988 486 3038 deduxerit,
510 2990 556 3027 ut
579 2989 804 3028 Aristoteles
823 2988 968 3038 tradit,
988 2990 1058 3028 aut
1085 3001 1184 3040 quos
1209 3000 1233 3030 e
1261 2989 1410 3030 Doride
1437 2988 1542 3028 cirea

261 3054 494 3092 Parnassum
513 3053 618 3092 terra
639 3052 827 3092 Hercules
843 3051 1014 3101 ejecerit.

697 3141 1098 3190 ARGIVORUM.

857 3245 929 3285 99.

315 3323 448 3362 Fuerit
464 3322 581 3361 etiam
597 3322 743 3371 phidon
759 3334 828 3362 vas
843 3325 1041 3374 quoddam
1061 3326 1137 3366 olei
1153 3328 1302 3367 certam
1318 3337 1547 3367 mensuram

265 3387 490 3436 continens,
507 3398 529 3425 a
555 3387 755 3426 l‘liidoniis
777 3391 968 3430 mensuris
986 3391 1307 3443 denominatum,
1334 3393 1385 3433 de
1403 3392 1550 3443 quihus

270 3452 308 3491 in
327 3452 560 3502 Argivorum
583 3452 796 3502 Republica
818 3455 979 3504 exponit
997 3458 1239 3498 Aristoteles.
1303 3492 1319 3511 a

820 3517 899 3574 {99
920 3522 979 3574 a.]

319 3586 495 3637 [Phidon
518 3587 647 3636 Argis,
672 3588 710 3626 et
730 3588 793 3627 alii
818 3590 934 3640 alibi,
956 3603 1120 3643 regnum
1142 3595 1248 3646 quod
1260 3595 1370 3646 prius
1396 3596 1482 3636 erat
1505 3595 1547 3634 in

270 3651 517 3702 tyrannidem
533 3654 823 3693 converterunt.
836 3655 850 3705 ]

324 3713 478 3765 [Argis,
495 3724 620 3764 quum
638 3714 661 3753 ii
681 3716 748 3765 qni
766 3719 876 3757 erant
892 3719 929 3758 in
943 3721 1144 3761 Hebdoma
1169 3753 1180 3771 ,
1205 3734 1228 3762 a
1247 3724 1459 3765 Cleomene
1477 3726 1552 3764 La-

272 3778 514 3818 eedoemonio
534 3780 661 3817 essent
677 3779 891 3830 interfecti,
913 3785 1037 3823 eoacti
1067 3788 1160 3825 sunt
1186 3788 1314 3838 Argivi
1344 3789 1555 3828 nonnullos

272 3854 321 3882 ex
339 3841 475 3882 vicinis
496 3841 660 3892 imperio
678 3853 750 3882 suo
766 3844 951 3895 subditis,
975 3859 1074 3897 quos
1101 3851 1294 3891 l‘erioecos
1322 3853 1554 3901 nominant,

275 3907 313 3946 in
332 3906 533 3945 civitatem
556 3916 770 3945 assumere.
787 3907 799 3958 ]

325 3971 541 4022 [Quocirca
559 3972 598 4012 in
616 3974 812 4013 nonnullis
839 3974 933 4014 locis
949 3976 1073 4016 solent
1095 3977 1404 4027 (praestantiores
1426 3981 1554 4030 viros)

273 4037 502 4077 ostracismo
517 4037 568 4077 ad
579 4040 731 4077 certum
746 4040 900 4090 tempus
916 4041 1099 4090 relegare,
1114 4044 1159 4081 nt
1172 4044 1279 4093 Argis
1301 4047 1341 4084 et
1359 4046 1558 4098 Athenis]

325 4100 458 4150 [Argis
472 4102 694 4151 optimates,
714 4114 852 4152 inagna
872 4103 910 4141 in
941 4104 1077 4153 proelio
1107 4105 1294 4145 adversus
1312 4109 1558 4149 Lacedaemo·

279 4167 364 4205 nios-
379 4165 427 4204 ad
450 4166 687 4206 Mantineam
707 4168 917 4208 commisso
939 4171 1047 4218 parta
1072 4170 1214 4220 gloria,
1234 4173 1362 4211 conati
1385 4176 1477 4214 sunt
1491 4175 1557 4215 ‹le-

278 4230 502 4270 mocratiani
519 4229 567 4268 (1(ι
584 4230 710 4270 medio
732 4231 905 4282 tollere]

1444 4280 1462 4304 6

1121 287 1526 343 ARISTOTELIS
1558 276 1967 334 FRAGMENTA.
2033 337 2042 341 ᾖ

224 428 299 463 τας
312 404 461 458 αὐτοὺς
474 401 665 468 Δρύοπος
677 404 748 449 τοῦ
765 398 965 464 Ἀρκάδος
976 395 1295 448 κατοικίσαντος
1307 395 1504 448 ἐνταῦθα,
1580 405 1727 438 σαντες
1750 382 1849 447 περὶ
1877 379 1954 437 Τὴν
1981 380 2022 424 ἐν
2047 372 2291 437 Μαντινείᾳ
2316 371 2464 458 μᾶχζὶν
2496 369 2574 429 τὴν
2598 369 2703 436 πρὸς
2723 371 2924 451 Λακεὴῇ’,
2943 443 2945 446 Ι

224 485 282 534 ὡς
301 475 593 542 Ἀριστοτέλης
624 473 774 539 φησιν,
808 471 837 529 ἢ
872 468 1133 536 Ἡρακλέους
1153 469 1202 515 ἐκ
1222 470 1298 525 τῆς
1315 464 1414 530 περὶ
1433 462 1503 509 τὸν
1583 456 1824 521 δαιμονίους
1845 449 2128 516 ἐπεχείρησαν
2149 443 2379 494 καταλύειν
2399 463 2470 491 τον
2495 444 2673 510 δῆμον.]
2743 449 2748 454 “
2876 448 2890 468 ²
2907 452 2910 454 ’

2044 567 2404 617 ΑιΓιΝΗΤΩΝ.
2775 554 2820 608 .·

2183 706 2291 738 100·
2847 646 2898 680 2ss

1658 799 1901 847 Athenaeus
1924 795 2010 851 VI,
2030 808 2078 853 p.
2094 806 2207 849 272,
2229 793 2273 836 D
2299 803 2311 836 :
2338 785 2639 853 Ἀριστοτέλης
2667 784 2706 833 δ’
2721 785 2903 852 ἐνΑἶ-ςζ

1588 871 1771 935 γινητῶν
1788 863 1986 926 πολιτεία
2013 859 2088 909 καὶ
2107 859 2228 926 παρὰ
2248 858 2410 914 τούτοις
2425 857 2530 926 φησὶ
2555 857 2752 922 γενέσθαι

1590 941 1663 990 καὶ
1685 937 2008 1002 τεσσαράκοντα
2030 932 2245 998 μυριάδας
2270 932 2450 980 δούλων.
2630 969 2632 972 .
2852 930 2914 989 Ξ

1655 1014 1815 1059 Schol.
1835 1010 1974 1056 Pind.
1997 1010 2071 1055 Ol.
2094 1009 2231 1064 VIII,
2255 1006 2315 1052 30
2342 1022 2354 1054 z
2382 1003 2515 1054 Οὕτω
2534 1002 2619 1069 γὰρ
2642 999 2913 1062 ἐπλήθυνε,

1590 1087 1645 1147 oi}
1662 1085 1911 1145 Αἰγινῆται,
1936 1083 1994 1134 ὡς
2015 1076 2340 1143 τεσσαράκοντα
2357 1075 2466 1125 ἑπτὰ
2481 1075 2692 1142 μυριάδας
2709 1077 2910 1140 δειπνῇ,Γ

1591 1156 1849 1214 κτήσασθαι.
2345 1185 2348 1190 .
2674 1184 2678 1187 ,
2887 1178 2906 1202 ἶ,

1658 1232 1901 1277 clintonus
1919 1228 2037 1274 in-F.
2058 1226 2183 1272 Heu.
2200 1233 2315 1271 tom.
2331 1225 2396 1282 11,
2412 1240 2464 1284 p.
2495 1223 2607 1282 423,
2634 1221 2887 1268 delenda*

1594 1310 1748 1348 censet
1782 1316 1949 1344 vocem
1980 1294 2304 1361 τεσσαράκοντα
2331 1305 2376 1341 et
2397 1297 2491 1340 hoe
2519 1296 2628 1340 loeo
2653 1304 2698 1340 et
2730 1295 2782 1339 in
2803 1294 2919 1359 ὶίερςι

1593 1390 1696 1434 quae
1721 1372 2003 1418 antecedunt
2025 1370 2154 1431 apud
2171 1370 2448 1415 Athenaeum
2470 1368 2529 1413 de
2549 1368 2692 1412 servis
2713 1366 2823 1413 Cori
2837 1388 2844 1404 ι
2860 1379 2867 1385 “

1593 1448 1803 1492 thiorum
1821 1443 1835 1506 (
1853 1461 1911 1490 ex
1933 1446 2105 1490 Timaeo
2126 1443 2184 1489 fr.
2207 1441 2316 1497 48).
2779 1440 2791 1446 ”
2888 1435 2895 1438 ”

2139 1550 2256 1614 [100
2282 1553 2348 1607 a.]

1661 1663 1833 1726 [Arist.
1851 1663 1951 1709 Pol.
1973 1663 2038 1718 V,
2067 1659 2094 1706 5
2108 1695 2123 1722 ,
2146 1660 2174 1706 6
2202 1674 2214 1707 :
2235 1659 2510 1720 Oligarehiae
2536 1672 2655 1718 saepe
2674 1665 2951 1705 evermu-§.w

1595 1747 1674 1783 tur
1697 1738 1756 1781 ab
1788 1735 2053 1797 oligarchis‚
2085 1735 2168 1793 qui
2189 1748 2335 1793 quum
2354 1733 2452 1790 vita
2483 1731 2720 1776 luxuriosa
2741 1709 2953 1790 patri-53

1595 1811 1810 1856 monium
1827 1807 2148 1869 perdiderint,
2178 1807 2312 1850 novis
2335 1805 2477 1849 rebus
2494 1803 2696 1848 student.
2730 1798 2820 1851 Καὶ
2848 1788 2935 1859 lvs-

1599 1880 1752 1946 Αἰγίνῃ
1775 1885 1800 1933 ,ὁ
1821 1878 1898 1937 τὴν
1922 1876 2076 1943 πρᾶξιν
2099 1875 2178 1936 τὴν
2200 1875 2308 1942 πρὸς
2327 1874 2517 1938 Χάρητα
2545 1871 2712 1939 πράξας
2731 1867 2950 1938 ἐνεχείφζ’

1600 1973 1704 2020 ρησε
1745 1951 2006 2016 μεταὸαλεῒν
2031 1949 2110 2008 τὴν
2147 1946 2367 1996 πολιτείαν
2403 1946 2476 1994 διὰ
2510 1944 2713 2004 τοιαύτην
2737 1944 2953 2003 αἰτίαι,

1599 2029 1670 2075 Cf.
1692 2029 1862 2074 Miiller
1884 2024 2086 2088 AEginet.
2103 2039 2154 2084 p.
2181 2014 2297 2079 1153
2324 2024 2429 2068 Dor.
2453 2022 2522 2078 II,
2537 2036 2588 2080 p.
2617 2020 2728 2074 146.
2894 2014 2910 2057 ’ἐ
2952 2075 2953 2079 ¹

1665 2101 1770 2147 Pol.
1804 2102 1893 2156 IV,
1917 2105 1943 2153 4
1962 2133 1975 2154 ,
2007 2114 2027 2142 1
2061 2113 2071 2141 ε
2094 2093 2160 2144 Τὸ
2181 2090 2413 2158 ἐμπορικὸν
2449 2092 2491 2138 ἐν
2524 2089 2681 2154 Αἰγίνῃ
2705 2088 2780 2138 καὶ
2799 2079 2956 2159 Χι-ῳῌὶ

1605 2170 1875 2236 (πολύοχλόν
1894 2169 2089 2233 ἐστιν).]
2858 2194 2861 2196 ψ
2901 2176 2943 2235 ‚2T<

2068 2274 2435 2326 ΣΙΚΥΩΝΙΩΝ.

2201 2400 2309 2429 101.

1671 2498 1840 2544 Pollux
1861 2497 1960 2555 IX,
1985 2510 2043 2552 77
2081 2509 2091 2536 ε
2115 2489 2180 2538 Τὸ
2215 2487 2362 2551 μέντοι
2385 2487 2470 2534 τῶν
2496 2485 2661 2533 &eolasio
2695 2483 2843 2547 ὄνομα·
2861 2512 2875 2546 ‚¹
2918 2488 2927 2534 j

1608 2566 1687 2631 μὲν
1720 2565 1786 2614 ὅτι
1823 2565 1962 2613 πάλαι
2003 2561 2228 2629 βουπόροις
2262 2559 2427 2612 ὄὸελοῖς
2457 2560 2647 2623 ἐχρῶντο
2689 2555 2796 2623 πρὸς
2826 2554 2919 2611 τὰς

1609 2638 1819 2702 ἀμοιὸὰς,
1846 2631 1904 2686 ὧν
1926 2638 1976 2685 τὸ
1999 2636 2082 2684 ὑπὸ
2105 2639 2158 2700 τῇ
2181 2632 2308 2700 δρακὶ
2331 2633 2493 2690 πλῆθος
2512 2629 2652 2678 ἐδόκει
2674 2629 2961 2695 καλεῖσθαι-μμ,

1612 2705 1815 2770 δραχμή·
1842 2704 1897 2752 τὰ
1929 2704 1974 2752 δὲ
2007 2704 2200 2767 ὀνόματα
2223 2703 2298 2751 καὶ
2321 2707 2394 2750 τοῦ
2426 2700 2691 2765 νομίσματος
2715 2719 2904 2765 μεταπε-

1613 2778 1758 2833 σόντος
1781 2780 1823 2832 ἐς
1845 2776 1923 2835 τὴν
1946 2782 2020 2825 νῦν
2046 2776 2196 2842 χρείαν
2230 2774 2443 2839 ἐνέμεινεν
2466 2777 2516 2822 ἐκ
2539 2778 2616 2832 τῆς
2639 2774 2814 2838 μνήμης
2831 2776 2917 2833 τῆς.

1612 2854 1819 2904 παλαιᾶς.
1843 2849 2142 2914 Ἀριστοτέλης
2159 2848 2314 2896 ταύτὸν
2338 2847 2477 2912 λέγων
2502 2848 2546 2894 ἐν
2563 2845 2813 2895 Σικυωνίων
2832 2864 2915 2894 πο-

2033 2985 2492 3037 AEGlNETARUM.

1669 3152 1898 3193 Aristoteles
1925 3151 1968 3191 in
1998 3083 2526 3202 AEginetardmoolzepublica
2555 3148 2677 3188 etiam
2706 3147 2811 3200 apud
2840 3144 2921 3198 M

1618 3216 1903 3268 quadringenta
1917 3215 2069 3265 septem
2085 3214 2209 3254 millia
2223 3224 2433 3254 servorum
2448 3212 2569 3254 fuisse
2586 3210 2698 3253 dicit.
2878 3215 2883 3219 '
2942 3208 2945 3214 '

2198 3282 2216 3323 1
2326 3311 2337 3321 .
2926 3314 2931 3315 a

1674 3352 1828 3405 [Etiam
1853 3352 1895 3392 in
1907 3352 2045 3404 AEgina
2055 3351 2090 3392 is
2106 3277 2396 3402 quilngggulm
2406 3348 2623 3401 prodendae
2634 3348 2744 3391 urbis
2755 3348 2915 3392 clareti

1621 3419 1775 3468 egerat,
1803 3417 1965 3468 propter
1982 3417 2107 3456 talem
2122 3425 2285 3456 causam
2303 3413 2592 3466 rempublicam
2609 3414 2768 3461 mutare
2792 3419 2916 3455 eom·

1620 3483 1690 3598 2¹1⁵}
1699 3480 1839 3596 §satage
1860 3537 1979 3586 turba
1992 3546 2052 3586 est
2067 3545 2336 3585 mercatorum
2351 3543 2393 3583 in
2415 3528 2555 3593 AEgina
2573 3543 2614 3584 et
2633 3541 2733 3584 Giio
2757 3542 2775 3594 ]

2036 3621 2500 3672 SICYONIORUM.

1679 3790 1794 3839 Quod
1823 3800 1970 3830 nomen
2002 3787 2214 3828 obolorum
2240 3787 2406 3837 attinet,
2441 3785 2623 3827 nonnulli
2654 3786 2794 3827 dicunt
2834 3803 2840 3821 ι
2862 3786 2880 3823 ὐ
2904 3805 2906 3809 ·

1628 3857 1754 3907 longis
1769 3855 1895 3895 obolis
1913 3853 2046 3905 (quasi
2062 3853 2238 3893 verubus
2256 3850 2402 3903 quibus
2412 3851 2590 3902 figuntur
2609 3851 2736 3892 frusta
2750 3850 2888 3892 bubul

1630 3933 1722 3963 usos
1740 3931 1824 3961 esse
1844 3920 1887 3960 in
1913 3917 2293 3971 permutationibus;
2312 3927 2452 3957 eorum
2466 3917 2675 3957 obolorum
2700 3915 2905 3975 multitu-1

1629 3998 1722 4027 nem
1752 3987 1904 4042 quanta
1925 3983 2075 4036 pugillo
2090 3982 2248 4034 (δρακί)
2274 3982 2556 4034 comprehendi
2576 3982 2726 4033 posset,
2747 3981 2845 4034 δραχ

1631 4050 1868 4101 appellatam
1884 4058 1990 4098 esse3
2015 4047 2090 4088 ista
2110 4056 2212 4087 vero
2232 4046 2396 4086 nomina
2415 4046 2534 4086 etiam
2560 4046 2649 4086 tum
2661 4074 2673 4096 ,
2693 4052 2821 4096 quum
2869 4035 2884 4069 J-

1631 4115 1774 4154 misma
1787 4112 1827 4152 id
1846 4112 1887 4152 in
1902 4111 2138 4163 praesentem
2158 4120 2275 4149 usum
2291 4110 2604 4150 transmutatum
2621 4109 2747 4159 esset,
2766 4116 2818 4149 ex
2865 4135 2886 4163 ¹.

1633 4178 1736 4218 stina
1757 4175 1949 4217 memoria
1974 4173 2480 4214 remansisse-Aristoteles
2503 4183 2602 4215 vero
2619 4170 2758 4212 eadem
2789 4170 2852 4212 dic

1636 4241 1676 4280 in
1697 4238 1909 4292 Republica
1939 4236 2237 4290 Sicyoniorum,
2261 4236 2439 4277 nonnihil
2458 4236 2593 4277 tamen
2610 4233 2797 4285 innovat,
2824 4233 2883 4289 ds
2900 4279 2910 4287 .
