<?xml version="1.0" encoding="UTF-8"?>
<!DOCTYPE html PUBLIC "-//W3C//DTD XHTML 1.0 Transitional//EN"
    "http://www.w3.org/TR/xhtml1/DTD/xhtml1-transitional.dtd">
<html xmlns="http://www.w3.org/1999/xhtml" xml:lang="en" lang="en">
 <head>
  <title>
</title>
<meta http-equiv="Content-Type" content="text/html;charset=utf-8" />
  <meta name='ocr-system' content='tesseract 3.04.00' />
  <meta name='ocr-capabilities' content='ocr_page ocr_carea ocr_par ocr_line ocrx_word'/>
</head>
<body>
  <div class='ocr_page' id='page_1' title='image "./fragmentahistori02mueluoft_0572.png"; bbox 0 0 3008 4542; ppageno 0'>
   <div class='ocr_carea' id='block_1_1' title="bbox 158 245 302 299">
    <p class='ocr_par' dir='ltr' id='par_1_1' title="bbox 158 245 302 299">
     <span class='ocr_line' id='line_1_1' title="bbox 158 245 302 299; baseline 0.028 -3"><span class='ocrx_word' id='word_1_1' title='bbox 158 245 175 283; x_wconf 58' lang='grc' dir='ltr'>δ</span> <span class='ocrx_word' id='word_1_2' title='bbox 209 260 302 299; x_wconf 78' lang='lat'><strong>520</strong></span> 
     </span>
    </p>
   </div>
   <div class='ocr_carea' id='block_1_2' title="bbox 148 429 1510 1722">
    <p class='ocr_par' dir='ltr' id='par_1_2' title="bbox 148 429 1510 1722">
     <span class='ocr_line' id='line_1_2' title="bbox 207 429 1502 494; baseline -0.001 -16"><span class='ocrx_word' id='word_1_3' title='bbox 207 449 330 478; x_wconf 88' lang='lat' dir='ltr'><strong>mam</strong></span> <span class='ocrx_word' id='word_1_4' title='bbox 361 434 579 494; x_wconf 75' lang='lat' dir='ltr'>dynastiae</span> <span class='ocrx_word' id='word_1_5' title='bbox 606 433 819 478; x_wconf 88' lang='lat' dir='ltr'><strong>secundae</strong></span> <span class='ocrx_word' id='word_1_6' title='bbox 855 449 969 490; x_wconf 90' lang='lat' dir='ltr'><strong>esse,</strong></span> <span class='ocrx_word' id='word_1_7' title='bbox 1006 450 1112 480; x_wconf 86' lang='lat' dir='ltr'><strong>ann.</strong></span> <span class='ocrx_word' id='word_1_8' title='bbox 1149 434 1260 490; x_wconf 79' lang='lat'><strong>302,</strong></span> <span class='ocrx_word' id='word_1_9' title='bbox 1288 429 1403 478; x_wconf 83' lang='grc' dir='ltr'>κατὰ</span> <span class='ocrx_word' id='word_1_10' title='bbox 1425 430 1502 488; x_wconf 82' lang='grc' dir='ltr'><strong>τὴν</strong></span> 
     </span>
     <span class='ocr_line' id='line_1_3' title="bbox 148 503 1499 569; baseline -0.001 -20"><span class='ocrx_word' id='word_1_11' title='bbox 148 503 153 510; x_wconf 82' lang='grc'><strong>’</strong></span> <span class='ocrx_word' id='word_1_12' title='bbox 209 503 408 567; x_wconf 81' lang='grc' dir='ltr'>δευτέραν</span> <span class='ocrx_word' id='word_1_13' title='bbox 441 503 607 551; x_wconf 84' lang='grc' dir='ltr'>ἔκδοσιν</span> <span class='ocrx_word' id='word_1_14' title='bbox 645 503 919 569; x_wconf 76' lang='grc' dir='ltr'>Ἀφρικανοῦ.</span> <span class='ocrx_word' id='word_1_15' title='bbox 963 504 1135 550; x_wconf 84' lang='lat' dir='ltr'><strong>Turbae</strong></span> <span class='ocrx_word' id='word_1_16' title='bbox 1174 508 1268 550; x_wconf 89' lang='lat' dir='ltr'><strong>istae</strong></span> <span class='ocrx_word' id='word_1_17' title='bbox 1316 506 1499 549; x_wconf 86' lang='lat' dir='ltr'><strong>nonnisi</strong></span> 
     </span>
     <span class='ocr_line' id='line_1_4' title="bbox 208 578 1504 637; baseline -0.003 -15"><span class='ocrx_word' id='word_1_18' title='bbox 208 579 509 623; x_wconf 85' lang='lat' dir='ltr'><strong>librariorum</strong></span> <span class='ocrx_word' id='word_1_19' title='bbox 551 579 749 634; x_wconf 79' lang='lat' dir='ltr'><strong>fuerint3</strong></span> <span class='ocrx_word' id='word_1_20' title='bbox 796 580 1077 637; x_wconf 82' lang='lat' dir='ltr'><strong>quamquam</strong></span> <span class='ocrx_word' id='word_1_21' title='bbox 1125 579 1222 637; x_wconf 90' lang='lat' dir='ltr'><strong>ipse</strong></span> <span class='ocrx_word' id='word_1_22' title='bbox 1265 578 1504 636; x_wconf 91' lang='lat' dir='ltr'><strong>Syncellus</strong></span> 
     </span>
     <span class='ocr_line' id='line_1_5' title="bbox 209 646 1504 710; baseline -0.002 -14"><span class='ocrx_word' id='word_1_23' title='bbox 209 653 499 696; x_wconf 85' lang='lat' dir='ltr'>occasionem</span> <span class='ocrx_word' id='word_1_24' title='bbox 535 653 590 696; x_wconf 92' lang='lat' dir='ltr'><strong>iis</strong></span> <span class='ocrx_word' id='word_1_25' title='bbox 630 651 829 697; x_wconf 84' lang='lat' dir='ltr'><strong>dederit.</strong></span> <span class='ocrx_word' id='word_1_26' title='bbox 870 653 989 695; x_wconf 90' lang='lat' dir='ltr'><strong>Nam</strong></span> <span class='ocrx_word' id='word_1_27' title='bbox 1027 667 1173 710; x_wconf 85' lang='lat' dir='ltr'><strong>quum</strong></span> <span class='ocrx_word' id='word_1_28' title='bbox 1211 651 1290 694; x_wconf 90' lang='lat' dir='ltr'><strong>illa</strong></span> <span class='ocrx_word' id='word_1_29' title='bbox 1327 646 1504 710; x_wconf 84' lang='grc' dir='ltr'>δευτέρα</span> 
     </span>
     <span class='ocr_line' id='line_1_6' title="bbox 209 722 1504 781; baseline -0.003 -13"><span class='ocrx_word' id='word_1_30' title='bbox 209 722 374 776; x_wconf 82' lang='grc' dir='ltr'>ἔκδοσις</span> <span class='ocrx_word' id='word_1_31' title='bbox 396 724 604 768; x_wconf 90' lang='lat' dir='ltr'><strong>indicare</strong></span> <span class='ocrx_word' id='word_1_32' title='bbox 634 725 863 779; x_wconf 89' lang='lat' dir='ltr'><strong>videatur,</strong></span> <span class='ocrx_word' id='word_1_33' title='bbox 891 724 1094 767; x_wconf 85' lang='lat' dir='ltr'><strong>diversas</strong></span> <span class='ocrx_word' id='word_1_34' title='bbox 1126 722 1263 780; x_wconf 88' lang='lat' dir='ltr'><strong>hujus</strong></span> <span class='ocrx_word' id='word_1_35' title='bbox 1284 722 1504 781; x_wconf 78' lang='lat' dir='ltr'>dynastiae</span> 
     </span>
     <span class='ocr_line' id='line_1_7' title="bbox 209 794 1504 856; baseline -0.004 -16"><span class='ocrx_word' id='word_1_36' title='bbox 209 796 539 841; x_wconf 79' lang='lat' dir='ltr'><strong>adm-nationes</strong></span> <span class='ocrx_word' id='word_1_37' title='bbox 563 797 621 839; x_wconf 87' lang='lat' dir='ltr'><strong>ab</strong></span> <span class='ocrx_word' id='word_1_38' title='bbox 646 795 866 840; x_wconf 86' lang='lat' dir='ltr'><strong>Africano</strong></span> <span class='ocrx_word' id='word_1_39' title='bbox 896 804 1196 850; x_wconf 86' lang='lat' dir='ltr'><strong>memoratas,</strong></span> <span class='ocrx_word' id='word_1_40' title='bbox 1232 795 1305 837; x_wconf 79' lang='lat' dir='ltr'><strong>vel</strong></span> <span class='ocrx_word' id='word_1_41' title='bbox 1330 794 1388 838; x_wconf 89' lang='lat' dir='ltr'><strong>ab</strong></span> <span class='ocrx_word' id='word_1_42' title='bbox 1414 795 1504 856; x_wconf 75' lang='lat' dir='ltr'><strong>alio</strong></span> 
     </span>
     <span class='ocr_line' id='line_1_8' title="bbox 209 867 1499 927; baseline -0.002 -14"><span class='ocrx_word' id='word_1_43' title='bbox 209 869 270 913; x_wconf 89' lang='lat' dir='ltr'><strong>ad</strong></span> <span class='ocrx_word' id='word_1_44' title='bbox 289 869 523 914; x_wconf 88' lang='lat' dir='ltr'><strong>Africanei</strong></span> <span class='ocrx_word' id='word_1_45' title='bbox 548 869 656 912; x_wconf 82' lang='lat' dir='ltr'>libri</span> <span class='ocrx_word' id='word_1_46' title='bbox 696 869 932 927; x_wconf 85' lang='lat' dir='ltr'><strong>exemplar</strong></span> <span class='ocrx_word' id='word_1_47' title='bbox 971 876 1209 912; x_wconf 89' lang='lat' dir='ltr'><strong>annotatas</strong></span> <span class='ocrx_word' id='word_1_48' title='bbox 1241 881 1364 923; x_wconf 90' lang='lat' dir='ltr'><strong>esse,</strong></span> <span class='ocrx_word' id='word_1_49' title='bbox 1402 867 1499 926; x_wconf 89' lang='lat' dir='ltr'><strong>ipse</strong></span> 
     </span>
     <span class='ocr_line' id='line_1_9' title="bbox 210 940 1506 1000; baseline -0.003 -14"><span class='ocrx_word' id='word_1_50' title='bbox 210 942 448 1000; x_wconf 90' lang='lat' dir='ltr'><strong>Syncellus</strong></span> <span class='ocrx_word' id='word_1_51' title='bbox 487 941 546 985; x_wconf 90' lang='lat' dir='ltr'><strong>de</strong></span> <span class='ocrx_word' id='word_1_52' title='bbox 574 942 646 984; x_wconf 84' lang='grc'><strong>1115</strong></span> <span class='ocrx_word' id='word_1_53' title='bbox 670 941 728 984; x_wconf 92' lang='lat' dir='ltr'><strong>ad</strong></span> <span class='ocrx_word' id='word_1_54' title='bbox 749 941 1006 1000; x_wconf 82' lang='lat' dir='ltr'>marginem</span> <span class='ocrx_word' id='word_1_55' title='bbox 1038 941 1103 983; x_wconf 88' lang='lat' dir='ltr'><strong>sui</strong></span> <span class='ocrx_word' id='word_1_56' title='bbox 1133 940 1287 998; x_wconf 89' lang='lat' dir='ltr'><strong>operis</strong></span> <span class='ocrx_word' id='word_1_57' title='bbox 1311 954 1506 983; x_wconf 89' lang='lat' dir='ltr'><strong>monere</strong></span> 
     </span>
     <span class='ocr_line' id='line_1_10' title="bbox 210 1011 1506 1073; baseline -0.002 -15"><span class='ocrx_word' id='word_1_58' title='bbox 210 1015 380 1073; x_wconf 91' lang='lat' dir='ltr'><strong>potuit.</strong></span> <span class='ocrx_word' id='word_1_59' title='bbox 428 1014 610 1059; x_wconf 85' lang='lat' dir='ltr'><strong>Deinde</strong></span> <span class='ocrx_word' id='word_1_60' title='bbox 649 1029 762 1057; x_wconf 81' lang='lat' dir='ltr'><strong>vero</strong></span> <span class='ocrx_word' id='word_1_61' title='bbox 798 1013 1101 1056; x_wconf 83' lang='lat' dir='ltr'><strong>memorabile</strong></span> <span class='ocrx_word' id='word_1_62' title='bbox 1139 1027 1246 1056; x_wconf 92' lang='lat' dir='ltr'><strong>sane</strong></span> <span class='ocrx_word' id='word_1_63' title='bbox 1282 1021 1348 1056; x_wconf 90' lang='lat' dir='ltr'><strong>est</strong></span> <span class='ocrx_word' id='word_1_64' title='bbox 1380 1011 1506 1070; x_wconf 89' lang='lat' dir='ltr'><strong>apud</strong></span> 
     </span>
     <span class='ocr_line' id='line_1_11' title="bbox 212 1083 1505 1147; baseline -0.001 -17"><span class='ocrx_word' id='word_1_65' title='bbox 212 1088 562 1131; x_wconf 82' lang='lat' dir='ltr'><strong>Eratosthenem</strong></span> <span class='ocrx_word' id='word_1_66' title='bbox 597 1102 727 1146; x_wconf 83' lang='lat' dir='ltr'><strong>reges</strong></span> <span class='ocrx_word' id='word_1_67' title='bbox 748 1102 917 1130; x_wconf 89' lang='lat' dir='ltr'><strong>novem</strong></span> <span class='ocrx_word' id='word_1_68' title='bbox 943 1086 1027 1146; x_wconf 76' lang='grc' dir='ltr'><strong>(Ν0</strong></span> <span class='ocrx_word' id='word_1_69' title='bbox 1047 1083 1314 1147; x_wconf 86' lang='lat' dir='ltr'>VI—XIV)</span> <span class='ocrx_word' id='word_1_70' title='bbox 1341 1086 1423 1144; x_wconf 91' lang='lat' dir='ltr'><strong>qui</strong></span> <span class='ocrx_word' id='word_1_71' title='bbox 1448 1101 1505 1129; x_wconf 84' lang='lat' dir='ltr'><strong>ex</strong></span> 
     </span>
     <span class='ocr_line' id='line_1_12' title="bbox 210 1157 1504 1218; baseline -0.001 -17"><span class='ocrx_word' id='word_1_72' title='bbox 210 1159 327 1202; x_wconf 90' lang='lat' dir='ltr'><strong>serie</strong></span> <span class='ocrx_word' id='word_1_73' title='bbox 351 1159 562 1203; x_wconf 84' lang='lat' dir='ltr'><strong>laterculi</strong></span> <span class='ocrx_word' id='word_1_74' title='bbox 583 1159 751 1202; x_wconf 89' lang='lat' dir='ltr'><strong>nostris</strong></span> <span class='ocrx_word' id='word_1_75' title='bbox 776 1159 961 1218; x_wconf 80' lang='lat' dir='ltr'><strong>regibus</strong></span> <span class='ocrx_word' id='word_1_76' title='bbox 985 1173 1155 1202; x_wconf 89' lang='lat' dir='ltr'><strong>novem</strong></span> <span class='ocrx_word' id='word_1_77' title='bbox 1187 1157 1504 1217; x_wconf 86' lang='lat' dir='ltr'><strong>respondent,</strong></span> 
     </span>
     <span class='ocr_line' id='line_1_13' title="bbox 211 1229 1509 1292; baseline -0.002 -17"><span class='ocrx_word' id='word_1_78' title='bbox 211 1246 406 1292; x_wconf 83' lang='lat' dir='ltr'><strong>regnare</strong></span> <span class='ocrx_word' id='word_1_79' title='bbox 440 1247 527 1290; x_wconf 89' lang='lat' dir='ltr'><strong>per</strong></span> <span class='ocrx_word' id='word_1_80' title='bbox 559 1246 704 1274; x_wconf 87' lang='lat' dir='ltr'><strong>annos</strong></span> <span class='ocrx_word' id='word_1_81' title='bbox 737 1237 856 1286; x_wconf 65' lang='lat'><strong>224,</strong></span> <span class='ocrx_word' id='word_1_82' title='bbox 897 1240 1015 1290; x_wconf 89' lang='lat' dir='ltr'><strong>quot</strong></span> <span class='ocrx_word' id='word_1_83' title='bbox 1048 1240 1226 1290; x_wconf 88' lang='lat' dir='ltr'><strong>septem</strong></span> <span class='ocrx_word' id='word_1_84' title='bbox 1265 1229 1509 1290; x_wconf 84' lang='lat' dir='ltr'><strong>prioribus</strong></span> 
     </span>
     <span class='ocr_line' id='line_1_14' title="bbox 211 1302 1510 1364; baseline -0.002 -18"><span class='ocrx_word' id='word_1_85' title='bbox 211 1303 399 1364; x_wconf 84' lang='lat' dir='ltr'><strong>regibus</strong></span> <span class='ocrx_word' id='word_1_86' title='bbox 424 1304 584 1346; x_wconf 84' lang='lat' dir='ltr'><strong>tribuit</strong></span> <span class='ocrx_word' id='word_1_87' title='bbox 604 1304 854 1361; x_wconf 84' lang='lat' dir='ltr'><strong>Sy&#39;ncellus.</strong></span> <span class='ocrx_word' id='word_1_88' title='bbox 876 1306 1091 1364; x_wconf 90' lang='lat' dir='ltr'><strong>Deinque</strong></span> <span class='ocrx_word' id='word_1_89' title='bbox 1123 1304 1377 1347; x_wconf 91' lang='lat' dir='ltr'><strong>Bunsenius</strong></span> <span class='ocrx_word' id='word_1_90' title='bbox 1400 1302 1510 1346; x_wconf 89' lang='lat' dir='ltr'><strong>alias</strong></span> 
     </span>
     <span class='ocr_line' id='line_1_15' title="bbox 212 1375 1510 1434; baseline -0.002 -15"><span class='ocrx_word' id='word_1_91' title='bbox 212 1375 275 1419; x_wconf 91' lang='lat' dir='ltr'><strong>ob</strong></span> <span class='ocrx_word' id='word_1_92' title='bbox 301 1391 458 1420; x_wconf 84' lang='lat' dir='ltr'><strong>causas</strong></span> <span class='ocrx_word' id='word_1_93' title='bbox 481 1375 607 1419; x_wconf 90' lang='lat' dir='ltr'><strong>haud</strong></span> <span class='ocrx_word' id='word_1_94' title='bbox 631 1376 1005 1434; x_wconf 88' lang='lat' dir='ltr'><strong>improbabiliter</strong></span> <span class='ocrx_word' id='word_1_95' title='bbox 1030 1377 1187 1420; x_wconf 83' lang='lat' dir='ltr'><strong>statuit</strong></span> <span class='ocrx_word' id='word_1_96' title='bbox 1210 1375 1414 1420; x_wconf 87' lang='lat' dir='ltr'><strong>Africani</strong></span> <span class='ocrx_word' id='word_1_97' title='bbox 1433 1389 1510 1418; x_wconf 87' lang='lat' dir='ltr'><strong>re-</strong></span> 
     </span>
     <span class='ocr_line' id='line_1_16' title="bbox 211 1447 1506 1509; baseline -0.002 -16"><span class='ocrx_word' id='word_1_98' title='bbox 211 1464 315 1509; x_wconf 86' lang='lat' dir='ltr'><strong>gem</strong></span> <span class='ocrx_word' id='word_1_99' title='bbox 348 1458 564 1492; x_wconf 89' lang='lat' dir='ltr'><strong>octavum</strong></span> <span class='ocrx_word' id='word_1_100' title='bbox 593 1456 638 1491; x_wconf 91' lang='lat' dir='ltr'><strong>et</strong></span> <span class='ocrx_word' id='word_1_101' title='bbox 661 1464 839 1492; x_wconf 90' lang='lat' dir='ltr'><strong>nonum</strong></span> <span class='ocrx_word' id='word_1_102' title='bbox 864 1464 1027 1492; x_wconf 85' lang='lat' dir='ltr'><strong>errore</strong></span> <span class='ocrx_word' id='word_1_103' title='bbox 1061 1448 1262 1493; x_wconf 84' lang='lat' dir='ltr'><strong>adscribi</strong></span> <span class='ocrx_word' id='word_1_104' title='bbox 1287 1447 1506 1506; x_wconf 84' lang='lat' dir='ltr'><strong>dynastiae</strong></span> 
     </span>
     <span class='ocr_line' id='line_1_17' title="bbox 211 1520 1508 1580; baseline -0.003 -14"><span class='ocrx_word' id='word_1_105' title='bbox 211 1522 441 1568; x_wconf 88' lang='lat' dir='ltr'><strong>secundae.</strong></span> <span class='ocrx_word' id='word_1_106' title='bbox 470 1523 553 1565; x_wconf 88' lang='lat' dir='ltr'><strong>His</strong></span> <span class='ocrx_word' id='word_1_107' title='bbox 589 1522 730 1580; x_wconf 78' lang='lat' dir='ltr'><strong>igitur</strong></span> <span class='ocrx_word' id='word_1_108' title='bbox 758 1522 940 1566; x_wconf 88' lang='lat' dir='ltr'><strong>indiciis</strong></span> <span class='ocrx_word' id='word_1_109' title='bbox 971 1531 1125 1565; x_wconf 89' lang='lat' dir='ltr'><strong>motus</strong></span> <span class='ocrx_word' id='word_1_110' title='bbox 1151 1520 1371 1580; x_wconf 88' lang='lat' dir='ltr'><strong>equidem</strong></span> <span class='ocrx_word' id='word_1_111' title='bbox 1391 1528 1508 1579; x_wconf 91' lang='lat' dir='ltr'><strong>puto</strong></span> 
     </span>
     <span class='ocr_line' id='line_1_18' title="bbox 211 1593 1508 1654; baseline -0.002 -16"><span class='ocrx_word' id='word_1_112' title='bbox 211 1595 430 1653; x_wconf 76' lang='lat' dir='ltr'><strong>dynastiae</strong></span> <span class='ocrx_word' id='word_1_113' title='bbox 455 1593 666 1638; x_wconf 89' lang='lat' dir='ltr'><strong>secundae</strong></span> <span class='ocrx_word' id='word_1_114' title='bbox 684 1595 871 1654; x_wconf 81' lang='lat' dir='ltr'><strong>regibus</strong></span> <span class='ocrx_word' id='word_1_115' title='bbox 886 1596 979 1638; x_wconf 86' lang='lat' dir='ltr'><strong>sive</strong></span> <span class='ocrx_word' id='word_1_116' title='bbox 1001 1609 1169 1638; x_wconf 89' lang='lat' dir='ltr'><strong>novem</strong></span> <span class='ocrx_word' id='word_1_117' title='bbox 1200 1595 1294 1637; x_wconf 88' lang='lat' dir='ltr'><strong>sive</strong></span> <span class='ocrx_word' id='word_1_118' title='bbox 1330 1600 1508 1652; x_wconf 89' lang='lat' dir='ltr'><strong>septem</strong></span> 
     </span>
     <span class='ocr_line' id='line_1_19' title="bbox 212 1664 1509 1722; baseline -0.001 -12"><span class='ocrx_word' id='word_1_119' title='bbox 212 1668 326 1710; x_wconf 90' lang='lat' dir='ltr'><strong>olim</strong></span> <span class='ocrx_word' id='word_1_120' title='bbox 359 1667 542 1711; x_wconf 88' lang='lat' dir='ltr'><strong>nonnisi</strong></span> <span class='ocrx_word' id='word_1_121' title='bbox 564 1672 657 1719; x_wconf 76' lang='lat'><strong>224</strong></span> <span class='ocrx_word' id='word_1_122' title='bbox 680 1682 825 1711; x_wconf 89' lang='lat' dir='ltr'><strong>annos</strong></span> <span class='ocrx_word' id='word_1_123' title='bbox 848 1667 1095 1710; x_wconf 86' lang='lat' dir='ltr'><strong>attributos</strong></span> <span class='ocrx_word' id='word_1_124' title='bbox 1127 1666 1278 1710; x_wconf 88' lang='lat' dir='ltr'><strong>fuisse.</strong></span> <span class='ocrx_word' id='word_1_125' title='bbox 1301 1666 1405 1722; x_wconf 87' lang='lat' dir='ltr'><strong>Quo</strong></span> <span class='ocrx_word' id='word_1_126' title='bbox 1426 1664 1509 1709; x_wconf 86' lang='lat' dir='ltr'><strong>ad-</strong></span> 
     </span>
    </p>
   </div>
   <div class='ocr_carea' id='block_1_3' title="bbox 143 1739 1510 1800">
    <p class='ocr_par' dir='ltr' id='par_1_3' title="bbox 143 1739 1510 1800">
     <span class='ocr_line' id='line_1_20' title="bbox 143 1739 1510 1800; baseline -0.001 -17"><span class='ocrx_word' id='word_1_127' title='bbox 143 1789 159 1798; x_wconf 38' lang='lat'><strong>„</strong></span> <span class='ocrx_word' id='word_1_128' title='bbox 211 1741 347 1784; x_wconf 87' lang='lat' dir='ltr'><strong>misso</strong></span> <span class='ocrx_word' id='word_1_129' title='bbox 361 1740 546 1800; x_wconf 85' lang='lat' dir='ltr'><strong>regibus</strong></span> <span class='ocrx_word' id='word_1_130' title='bbox 554 1741 590 1784; x_wconf 92' lang='lat' dir='ltr'>T</span> <span class='ocrx_word' id='word_1_131' title='bbox 592 1741 747 1784; x_wconf 85' lang='lat' dir='ltr'><strong>hinitis</strong></span> <span class='ocrx_word' id='word_1_132' title='bbox 759 1739 1087 1800; x_wconf 82' lang='lat' dir='ltr'><strong>septemdecim</strong></span> <span class='ocrx_word' id='word_1_133' title='bbox 1105 1741 1391 1800; x_wconf 82' lang='lat' dir='ltr'><strong>assignantur</strong></span> <span class='ocrx_word' id='word_1_134' title='bbox 1401 1739 1510 1782; x_wconf 88' lang='lat' dir='ltr'><strong>anni</strong></span> 
     </span>
    </p>
   </div>
   <div class='ocr_carea' id='block_1_4' title="bbox 211 1812 1517 3234">
    <p class='ocr_par' dir='ltr' id='par_1_4' title="bbox 211 1812 1515 3020">
     <span class='ocr_line' id='line_1_21' title="bbox 214 1812 1510 1873; baseline -0.002 -16"><span class='ocrx_word' id='word_1_135' title='bbox 214 1812 658 1869; x_wconf 47' lang='lat'><strong>2634-2242-4827.</strong></span> <span class='ocrx_word' id='word_1_136' title='bbox 689 1814 957 1872; x_wconf 86' lang='lat' dir='ltr'><strong>Sequuntur</strong></span> <span class='ocrx_word' id='word_1_137' title='bbox 981 1813 1178 1857; x_wconf 89' lang='lat' dir='ltr'><strong>totidem</strong></span> <span class='ocrx_word' id='word_1_138' title='bbox 1207 1827 1337 1873; x_wconf 85' lang='lat' dir='ltr'><strong>reges</strong></span> <span class='ocrx_word' id='word_1_139' title='bbox 1362 1813 1510 1856; x_wconf 86' lang='lat' dir='ltr'><strong>Mem-</strong></span> 
     </span>
     <span class='ocr_line' id='line_1_22' title="bbox 211 1883 1509 1948; baseline -0.002 -19"><span class='ocrx_word' id='word_1_140' title='bbox 211 1886 352 1944; x_wconf 87' lang='lat' dir='ltr'><strong>phitae</strong></span> <span class='ocrx_word' id='word_1_141' title='bbox 369 1884 496 1946; x_wconf 86' lang='lat' dir='ltr'><strong>(dyn.</strong></span> <span class='ocrx_word' id='word_1_142' title='bbox 517 1887 604 1945; x_wconf 77' lang='grc' dir='ltr'>ΙΙΙ,</span> <span class='ocrx_word' id='word_1_143' title='bbox 619 1883 716 1948; x_wconf 88' lang='lat' dir='ltr'><strong>IV),</strong></span> <span class='ocrx_word' id='word_1_144' title='bbox 729 1888 809 1945; x_wconf 90' lang='lat' dir='ltr'><strong>qui</strong></span> <span class='ocrx_word' id='word_1_145' title='bbox 823 1886 1114 1946; x_wconf 90' lang='lat' dir='ltr'><strong>pertotidem</strong></span> <span class='ocrx_word' id='word_1_146' title='bbox 1133 1901 1278 1930; x_wconf 88' lang='lat' dir='ltr'><strong>annos</strong></span> <span class='ocrx_word' id='word_1_147' title='bbox 1292 1893 1509 1945; x_wconf 83' lang='lat' dir='ltr'><strong>regnant,</strong></span> 
     </span>
     <span class='ocr_line' id='line_1_23' title="bbox 211 1957 1506 2018; baseline 0 -16"><span class='ocrx_word' id='word_1_148' title='bbox 211 1959 335 2003; x_wconf 86' lang='lat' dir='ltr'><strong>salva</strong></span> <span class='ocrx_word' id='word_1_149' title='bbox 373 1959 510 2002; x_wconf 91' lang='lat' dir='ltr'><strong>unius</strong></span> <span class='ocrx_word' id='word_1_150' title='bbox 552 1960 659 2002; x_wconf 89' lang='lat' dir='ltr'><strong>anni</strong></span> <span class='ocrx_word' id='word_1_151' title='bbox 711 1958 973 2002; x_wconf 87' lang='lat' dir='ltr'><strong>differentia</strong></span> <span class='ocrx_word' id='word_1_152' title='bbox 1014 1957 1506 2018; x_wconf 63' lang='lat'><strong>(214-1-2743488).</strong></span> 
     </span>
     <span class='ocr_line' id='line_1_24' title="bbox 211 2029 1511 2090; baseline -0.002 -16"><span class='ocrx_word' id='word_1_153' title='bbox 211 2033 313 2075; x_wconf 88' lang='lat' dir='ltr'><strong>Jam</strong></span> <span class='ocrx_word' id='word_1_154' title='bbox 334 2046 448 2075; x_wconf 88' lang='lat' dir='ltr'><strong>vero</strong></span> <span class='ocrx_word' id='word_1_155' title='bbox 465 2032 574 2075; x_wconf 87' lang='lat' dir='ltr'><strong>anni</strong></span> <span class='ocrx_word' id='word_1_156' title='bbox 591 2029 681 2086; x_wconf 84' lang='grc'><strong>487</strong></span> <span class='ocrx_word' id='word_1_157' title='bbox 701 2032 888 2074; x_wconf 88' lang='lat' dir='ltr'><strong>tertiam</strong></span> <span class='ocrx_word' id='word_1_158' title='bbox 903 2040 1085 2090; x_wconf 89' lang='lat' dir='ltr'><strong>partem</strong></span> <span class='ocrx_word' id='word_1_159' title='bbox 1103 2029 1315 2074; x_wconf 87' lang='lat' dir='ltr'><strong>efficiunt</strong></span> <span class='ocrx_word' id='word_1_160' title='bbox 1325 2029 1511 2089; x_wconf 87' lang='lat' dir='ltr'><strong>periodi</strong></span> 
     </span>
     <span class='ocr_line' id='line_1_25' title="bbox 211 2088 1508 2163; baseline -0.002 -16"><span class='ocrx_word' id='word_1_161' title='bbox 211 2088 454 2148; x_wconf 59' lang='lat' dir='ltr'><strong>Sothiacae.</strong></span> <span class='ocrx_word' id='word_1_162' title='bbox 494 2103 569 2147; x_wconf 88' lang='lat' dir='ltr'><strong>Ad</strong></span> <span class='ocrx_word' id='word_1_163' title='bbox 608 2103 894 2162; x_wconf 75' lang='lat' dir='ltr'><strong>explendum</strong></span> <span class='ocrx_word' id='word_1_164' title='bbox 925 2105 1108 2163; x_wconf 86' lang='lat' dir='ltr'><strong>cyclum</strong></span> <span class='ocrx_word' id='word_1_165' title='bbox 1141 2117 1324 2147; x_wconf 90' lang='lat' dir='ltr'><strong>necesse</strong></span> <span class='ocrx_word' id='word_1_166' title='bbox 1362 2102 1508 2157; x_wconf 88' lang='lat' dir='ltr'><strong>foret,</strong></span> 
     </span>
     <span class='ocr_line' id='line_1_26' title="bbox 211 2174 1508 2234; baseline 0.002 -16"><span class='ocrx_word' id='word_1_167' title='bbox 211 2185 264 2219; x_wconf 88' lang='lat' dir='ltr'><strong>ut</strong></span> <span class='ocrx_word' id='word_1_168' title='bbox 281 2176 498 2234; x_wconf 83' lang='lat' dir='ltr'><strong>dynastiae</strong></span> <span class='ocrx_word' id='word_1_169' title='bbox 522 2178 558 2220; x_wconf 92' lang='lat' dir='ltr'>V</span> <span class='ocrx_word' id='word_1_170' title='bbox 578 2185 624 2218; x_wconf 89' lang='lat' dir='ltr'><strong>et</strong></span> <span class='ocrx_word' id='word_1_171' title='bbox 640 2178 701 2219; x_wconf 93' lang='lat' dir='ltr'><strong>VI</strong></span> <span class='ocrx_word' id='word_1_172' title='bbox 728 2177 842 2220; x_wconf 86' lang='lat' dir='ltr'><strong>alios</strong></span> <span class='ocrx_word' id='word_1_173' title='bbox 860 2192 1006 2221; x_wconf 90' lang='lat' dir='ltr'><strong>annos</strong></span> <span class='ocrx_word' id='word_1_174' title='bbox 1025 2175 1115 2232; x_wconf 84' lang='grc'><strong>487</strong></span> <span class='ocrx_word' id='word_1_175' title='bbox 1139 2174 1508 2234; x_wconf 88' lang='lat' dir='ltr'><strong>suppeditarent.</strong></span> 
     </span>
     <span class='ocr_line' id='line_1_27' title="bbox 212 2246 1511 2307; baseline -0.001 -16"><span class='ocrx_word' id='word_1_176' title='bbox 212 2246 417 2291; x_wconf 88' lang='lat' dir='ltr'><strong>Africani</strong></span> <span class='ocrx_word' id='word_1_177' title='bbox 449 2249 633 2292; x_wconf 90' lang='lat' dir='ltr'><strong>numeri</strong></span> <span class='ocrx_word' id='word_1_178' title='bbox 663 2250 846 2292; x_wconf 90' lang='lat' dir='ltr'><strong>nonnisi</strong></span> <span class='ocrx_word' id='word_1_179' title='bbox 875 2246 962 2301; x_wconf 81' lang='grc'><strong>451</strong></span> <span class='ocrx_word' id='word_1_180' title='bbox 1002 2264 1148 2292; x_wconf 85' lang='lat' dir='ltr'><strong>annos</strong></span> <span class='ocrx_word' id='word_1_181' title='bbox 1169 2247 1404 2307; x_wconf 65' lang='lat' dir='ltr'><strong>praebent,</strong></span> <span class='ocrx_word' id='word_1_182' title='bbox 1431 2247 1511 2306; x_wconf 91' lang='lat' dir='ltr'><strong>qui</strong></span> 
     </span>
     <span class='ocr_line' id='line_1_28' title="bbox 213 2320 1511 2380; baseline 0 -17"><span class='ocrx_word' id='word_1_183' title='bbox 213 2336 309 2364; x_wconf 89' lang='lat' dir='ltr'><strong>non</strong></span> <span class='ocrx_word' id='word_1_184' title='bbox 332 2322 373 2364; x_wconf 92' lang='lat' dir='ltr'><strong>ei</strong></span> <span class='ocrx_word' id='word_1_185' title='bbox 391 2320 623 2365; x_wconf 87' lang='lat' dir='ltr'><strong>debentur</strong></span> <span class='ocrx_word' id='word_1_186' title='bbox 640 2323 923 2378; x_wconf 89' lang='lat' dir='ltr'><strong>recensioni,</strong></span> <span class='ocrx_word' id='word_1_187' title='bbox 951 2321 1010 2366; x_wconf 91' lang='lat' dir='ltr'><strong>de</strong></span> <span class='ocrx_word' id='word_1_188' title='bbox 1032 2337 1124 2380; x_wconf 90' lang='lat' dir='ltr'><strong>qua</strong></span> <span class='ocrx_word' id='word_1_189' title='bbox 1144 2337 1230 2364; x_wconf 91' lang='lat' dir='ltr'><strong>nos</strong></span> <span class='ocrx_word' id='word_1_190' title='bbox 1252 2321 1350 2378; x_wconf 88' lang='lat' dir='ltr'><strong>jam</strong></span> <span class='ocrx_word' id='word_1_191' title='bbox 1365 2320 1511 2364; x_wconf 87' lang='lat' dir='ltr'><strong>verba</strong></span> 
     </span>
     <span class='ocr_line' id='line_1_29' title="bbox 213 2392 1512 2453; baseline 0 -16"><span class='ocrx_word' id='word_1_192' title='bbox 213 2393 421 2439; x_wconf 79' lang='lat' dir='ltr'><strong>facimus.</strong></span> <span class='ocrx_word' id='word_1_193' title='bbox 457 2394 673 2438; x_wconf 91' lang='lat' dir='ltr'><strong>Ceterum</strong></span> <span class='ocrx_word' id='word_1_194' title='bbox 698 2394 958 2453; x_wconf 83' lang='lat' dir='ltr'><strong>dynastiam</strong></span> <span class='ocrx_word' id='word_1_195' title='bbox 994 2405 1169 2439; x_wconf 90' lang='lat' dir='ltr'><strong>sextam</strong></span> <span class='ocrx_word' id='word_1_196' title='bbox 1209 2395 1308 2438; x_wconf 89' lang='lat' dir='ltr'><strong>aliis</strong></span> <span class='ocrx_word' id='word_1_197' title='bbox 1343 2392 1512 2437; x_wconf 89' lang='lat' dir='ltr'><strong>finiisse</strong></span> 
     </span>
     <span class='ocr_line' id='line_1_30' title="bbox 215 2466 1514 2526; baseline 0 -18"><span class='ocrx_word' id='word_1_198' title='bbox 215 2481 303 2509; x_wconf 91' lang='lat' dir='ltr'><strong>una</strong></span> <span class='ocrx_word' id='word_1_199' title='bbox 337 2482 443 2508; x_wconf 86' lang='lat' dir='ltr'><strong>cum</strong></span> <span class='ocrx_word' id='word_1_200' title='bbox 480 2467 696 2510; x_wconf 88' lang='lat' dir='ltr'><strong>Sothiaca</strong></span> <span class='ocrx_word' id='word_1_201' title='bbox 727 2468 954 2526; x_wconf 88' lang='lat' dir='ltr'><strong>periodo,</strong></span> <span class='ocrx_word' id='word_1_202' title='bbox 983 2470 1058 2512; x_wconf 86' lang='lat' dir='ltr'><strong>vel</strong></span> <span class='ocrx_word' id='word_1_203' title='bbox 1085 2483 1141 2511; x_wconf 89' lang='lat' dir='ltr'><strong>eo</strong></span> <span class='ocrx_word' id='word_1_204' title='bbox 1171 2467 1368 2511; x_wconf 88' lang='lat' dir='ltr'><strong>indicari</strong></span> <span class='ocrx_word' id='word_1_205' title='bbox 1399 2466 1514 2509; x_wconf 87' lang='lat' dir='ltr'><strong>mihi</strong></span> 
     </span>
     <span class='ocr_line' id='line_1_31' title="bbox 212 2538 1512 2600; baseline 0.002 -20"><span class='ocrx_word' id='word_1_206' title='bbox 212 2538 417 2598; x_wconf 89' lang='lat' dir='ltr'><strong>videtur,</strong></span> <span class='ocrx_word' id='word_1_207' title='bbox 461 2538 592 2597; x_wconf 91' lang='lat' dir='ltr'><strong>quod</strong></span> <span class='ocrx_word' id='word_1_208' title='bbox 614 2548 903 2598; x_wconf 89' lang='lat' dir='ltr'><strong>postremum</strong></span> <span class='ocrx_word' id='word_1_209' title='bbox 941 2556 1138 2600; x_wconf 82' lang='lat' dir='ltr'><strong>regnum</strong></span> <span class='ocrx_word' id='word_1_210' title='bbox 1171 2538 1268 2597; x_wconf 89' lang='lat' dir='ltr'><strong>ejus</strong></span> <span class='ocrx_word' id='word_1_211' title='bbox 1293 2538 1512 2598; x_wconf 86' lang='lat' dir='ltr'><strong>dynastiae</strong></span> 
     </span>
     <span class='ocr_line' id='line_1_32' title="bbox 213 2611 1511 2671; baseline 0.002 -18"><span class='ocrx_word' id='word_1_212' title='bbox 213 2611 300 2653; x_wconf 83' lang='lat' dir='ltr'><strong>fuit</strong></span> <span class='ocrx_word' id='word_1_213' title='bbox 324 2611 600 2668; x_wconf 81' lang='lat' dir='ltr'><strong>Nitocridis,</strong></span> <span class='ocrx_word' id='word_1_214' title='bbox 625 2614 831 2657; x_wconf 89' lang='lat' dir='ltr'><strong>mulieris</strong></span> <span class='ocrx_word' id='word_1_215' title='bbox 850 2611 979 2657; x_wconf 87' lang='lat' dir='ltr'><strong>flavae</strong></span> <span class='ocrx_word' id='word_1_216' title='bbox 1003 2614 1253 2671; x_wconf 84' lang='lat' dir='ltr'><strong>rubrisque</strong></span> <span class='ocrx_word' id='word_1_217' title='bbox 1270 2612 1400 2671; x_wconf 84' lang='lat' dir='ltr'><strong>genis</strong></span> <span class='ocrx_word' id='word_1_218' title='bbox 1415 2611 1511 2655; x_wconf 84' lang='lat' dir='ltr'><strong>for-</strong></span> 
     </span>
     <span class='ocr_line' id='line_1_33' title="bbox 213 2684 1515 2742; baseline 0.001 -17"><span class='ocrx_word' id='word_1_219' title='bbox 213 2698 373 2738; x_wconf 84' lang='lat' dir='ltr'><strong>mosae,</strong></span> <span class='ocrx_word' id='word_1_220' title='bbox 404 2699 527 2742; x_wconf 86' lang='lat' dir='ltr'><strong>quae‚</strong></span> <span class='ocrx_word' id='word_1_221' title='bbox 571 2685 705 2728; x_wconf 89' lang='lat' dir='ltr'><strong>sicuti</strong></span> <span class='ocrx_word' id='word_1_222' title='bbox 738 2685 1008 2730; x_wconf 90' lang='lat' dir='ltr'><strong>Herodotus</strong></span> <span class='ocrx_word' id='word_1_223' title='bbox 1037 2692 1220 2739; x_wconf 87' lang='lat' dir='ltr'><strong>narrat,</strong></span> <span class='ocrx_word' id='word_1_224' title='bbox 1254 2684 1303 2726; x_wconf 92' lang='lat' dir='ltr'><strong>in</strong></span> <span class='ocrx_word' id='word_1_225' title='bbox 1337 2684 1515 2727; x_wconf 89' lang='lat' dir='ltr'><strong>cineres</strong></span> 
     </span>
     <span class='ocr_line' id='line_1_34' title="bbox 214 2755 1514 2813; baseline 0.001 -15"><span class='ocrx_word' id='word_1_226' title='bbox 214 2771 261 2799; x_wconf 88' lang='lat' dir='ltr'><strong>se</strong></span> <span class='ocrx_word' id='word_1_227' title='bbox 282 2755 534 2813; x_wconf 87' lang='lat' dir='ltr'><strong>conjiciens</strong></span> <span class='ocrx_word' id='word_1_228' title='bbox 568 2758 710 2802; x_wconf 84' lang='lat' dir='ltr'><strong>vitam</strong></span> <span class='ocrx_word' id='word_1_229' title='bbox 747 2757 914 2805; x_wconf 85' lang='lat' dir='ltr'><strong>finivit.</strong></span> <span class='ocrx_word' id='word_1_230' title='bbox 953 2759 1120 2804; x_wconf 88' lang='lat' dir='ltr'><strong>Nonne</strong></span> <span class='ocrx_word' id='word_1_231' title='bbox 1156 2758 1204 2799; x_wconf 92' lang='lat' dir='ltr'><strong>in</strong></span> <span class='ocrx_word' id='word_1_232' title='bbox 1240 2757 1514 2800; x_wconf 89' lang='lat' dir='ltr'><strong>memoriam</strong></span> 
     </span>
     <span class='ocr_line' id='line_1_35' title="bbox 214 2828 1515 2887; baseline 0.001 -17"><span class='ocrx_word' id='word_1_233' title='bbox 214 2828 310 2870; x_wconf 89' lang='lat' dir='ltr'><strong>haec</strong></span> <span class='ocrx_word' id='word_1_234' title='bbox 354 2837 575 2872; x_wconf 91' lang='lat' dir='ltr'><strong>revocant</strong></span> <span class='ocrx_word' id='word_1_235' title='bbox 614 2830 909 2886; x_wconf 89' lang='lat' dir='ltr'><strong>Phoenicem,</strong></span> <span class='ocrx_word' id='word_1_236' title='bbox 953 2846 1085 2874; x_wconf 88' lang='lat' dir='ltr'><strong>avem</strong></span> <span class='ocrx_word' id='word_1_237' title='bbox 1116 2829 1338 2884; x_wconf 88' lang='lat' dir='ltr'><strong>rubram,</strong></span> <span class='ocrx_word' id='word_1_238' title='bbox 1375 2843 1515 2887; x_wconf 89' lang='lat' dir='ltr'><strong>quam</strong></span> 
     </span>
     <span class='ocr_line' id='line_1_36' title="bbox 216 2899 1515 2961; baseline 0 -18"><span class='ocrx_word' id='word_1_239' title='bbox 216 2900 302 2943; x_wconf 90' lang='lat' dir='ltr'><strong>sub</strong></span> <span class='ocrx_word' id='word_1_240' title='bbox 328 2899 468 2944; x_wconf 87' lang='lat' dir='ltr'><strong>finem</strong></span> <span class='ocrx_word' id='word_1_241' title='bbox 503 2902 690 2959; x_wconf 89' lang='lat' dir='ltr'><strong>periodi</strong></span> <span class='ocrx_word' id='word_1_242' title='bbox 717 2904 942 2947; x_wconf 84' lang='lat' dir='ltr'><strong>Sothiacae</strong></span> <span class='ocrx_word' id='word_1_243' title='bbox 966 2919 1012 2947; x_wconf 87' lang='lat' dir='ltr'><strong>se</strong></span> <span class='ocrx_word' id='word_1_244' title='bbox 1046 2904 1191 2961; x_wconf 87' lang='lat' dir='ltr'><strong>ipsam</strong></span> <span class='ocrx_word' id='word_1_245' title='bbox 1215 2916 1515 2945; x_wconf 85' lang='lat' dir='ltr'><strong>concremare</strong></span> 
     </span>
     <span class='ocr_line' id='line_1_37' title="bbox 216 2972 867 3020; baseline 0.006 -5"><span class='ocrx_word' id='word_1_246' title='bbox 216 2972 579 3016; x_wconf 74' lang='lat' dir='ltr'><strong>fabulabantur?</strong></span> <span class='ocrx_word' id='word_1_247' title='bbox 602 2975 674 3016; x_wconf 90' lang='lat' dir='ltr'><strong>Tu</strong></span> <span class='ocrx_word' id='word_1_248' title='bbox 694 2975 867 3020; x_wconf 80' lang='lat' dir='ltr'><strong>videas,</strong></span> 
     </span>
    </p>

    <p class='ocr_par' dir='ltr' id='par_1_5' title="bbox 216 3044 1517 3234">
     <span class='ocr_line' id='line_1_38' title="bbox 284 3044 1517 3104; baseline 0 -16"><span class='ocrx_word' id='word_1_249' title='bbox 284 3046 366 3088; x_wconf 91' lang='lat' dir='ltr'><strong>His</strong></span> <span class='ocrx_word' id='word_1_250' title='bbox 395 3044 601 3102; x_wconf 86' lang='lat' dir='ltr'><strong>adjicere</strong></span> <span class='ocrx_word' id='word_1_251' title='bbox 629 3061 778 3104; x_wconf 88' lang='lat' dir='ltr'><strong>pauca</strong></span> <span class='ocrx_word' id='word_1_252' title='bbox 810 3048 943 3091; x_wconf 89' lang='lat' dir='ltr'><strong>liceat</strong></span> <span class='ocrx_word' id='word_1_253' title='bbox 976 3048 1034 3090; x_wconf 89' lang='lat' dir='ltr'><strong>de</strong></span> <span class='ocrx_word' id='word_1_254' title='bbox 1058 3048 1340 3090; x_wconf 79' lang='lat' dir='ltr'><strong>Manethone</strong></span> <span class='ocrx_word' id='word_1_255' title='bbox 1375 3047 1517 3088; x_wconf 84' lang='lat' dir='ltr'><strong>Euse-</strong></span> 
     </span>
     <span class='ocr_line' id='line_1_39' title="bbox 216 3117 1514 3177; baseline 0 -17"><span class='ocrx_word' id='word_1_256' title='bbox 216 3118 298 3162; x_wconf 88' lang='lat' dir='ltr'><strong>bii.</strong></span> <span class='ocrx_word' id='word_1_257' title='bbox 326 3118 510 3168; x_wconf 86' lang='lat' dir='ltr'><strong>Etenim</strong></span> <span class='ocrx_word' id='word_1_258' title='bbox 536 3118 761 3161; x_wconf 84' lang='lat' dir='ltr'><strong>Eusebius</strong></span> <span class='ocrx_word' id='word_1_259' title='bbox 785 3121 968 3177; x_wconf 82' lang='lat' dir='ltr'><strong>priores</strong></span> <span class='ocrx_word' id='word_1_260' title='bbox 1006 3135 1082 3163; x_wconf 85' lang='lat' dir='ltr'><strong>sex</strong></span> <span class='ocrx_word' id='word_1_261' title='bbox 1109 3119 1340 3177; x_wconf 81' lang='lat' dir='ltr'><strong>dynastias</strong></span> <span class='ocrx_word' id='word_1_262' title='bbox 1362 3117 1514 3160; x_wconf 90' lang='lat' dir='ltr'><strong>ador-</strong></span> 
     </span>
     <span class='ocr_line' id='line_1_40' title="bbox 217 3190 807 3234; baseline -0.002 0"><span class='ocrx_word' id='word_1_263' title='bbox 217 3191 344 3234; x_wconf 87' lang='lat' dir='ltr'><strong>navit</strong></span> <span class='ocrx_word' id='word_1_264' title='bbox 367 3190 491 3233; x_wconf 90' lang='lat' dir='ltr'><strong>hunc</strong></span> <span class='ocrx_word' id='word_1_265' title='bbox 514 3192 559 3232; x_wconf 90' lang='lat' dir='ltr'><strong>in</strong></span> <span class='ocrx_word' id='word_1_266' title='bbox 577 3191 770 3233; x_wconf 89' lang='lat' dir='ltr'><strong>modum</strong></span> <span class='ocrx_word' id='word_1_267' title='bbox 798 3208 807 3233; x_wconf 74' lang='grc' dir='ltr'>ε</span> 
     </span>
    </p>
   </div>
   <div class='ocr_carea' id='block_1_5' title="bbox 1237 3720 1380 3727">
    <p class='ocr_par' dir='ltr' id='par_1_6' title="bbox 1237 3720 1380 3727">
     <span class='ocr_line' id='line_1_41' title="bbox 1237 3720 1380 3727; baseline 0 815"><span class='ocrx_word' id='word_1_268' title='bbox 1237 3720 1380 3727; x_wconf 95' lang='lat' dir='ltr'><strong> </strong></span> 
     </span>
    </p>
   </div>
   <div class='ocr_carea' id='block_1_6' title="bbox 319 3293 1366 3797">
    <p class='ocr_par' dir='ltr' id='par_1_7' title="bbox 319 3293 1354 3709">
     <span class='ocr_line' id='line_1_42' title="bbox 351 3293 1350 3338; baseline 0 0"><span class='ocrx_word' id='word_1_269' title='bbox 351 3297 389 3338; x_wconf 87' lang='grc' dir='ltr'><strong>Ι.</strong></span> <span class='ocrx_word' id='word_1_270' title='bbox 431 3295 458 3337; x_wconf 91' lang='grc'>8</span> <span class='ocrx_word' id='word_1_271' title='bbox 496 3296 690 3338; x_wconf 80' lang='lat' dir='ltr'><strong>Thinitae</strong></span> <span class='ocrx_word' id='word_1_272' title='bbox 1259 3293 1350 3338; x_wconf 77' lang='lat'><strong>252</strong></span> 
     </span>
     <span class='ocr_line' id='line_1_43' title="bbox 328 3369 1346 3427; baseline -0.002 -2"><span class='ocrx_word' id='word_1_273' title='bbox 328 3369 391 3413; x_wconf 90' lang='lat'><strong>11·</strong></span> <span class='ocrx_word' id='word_1_274' title='bbox 433 3385 461 3425; x_wconf 81' lang='lat'>9</span> <span class='ocrx_word' id='word_1_275' title='bbox 563 3395 627 3400; x_wconf 82' lang='lat'>-</span> <span class='ocrx_word' id='word_1_276' title='bbox 1258 3384 1346 3427; x_wconf 84' lang='lat'><strong>297</strong></span> 
     </span>
     <span class='ocr_line' id='line_1_44' title="bbox 320 3439 1345 3498; baseline 0 -16"><span class='ocrx_word' id='word_1_277' title='bbox 320 3442 400 3484; x_wconf 85' lang='lat' dir='ltr'><strong>III.</strong></span> <span class='ocrx_word' id='word_1_278' title='bbox 439 3439 467 3482; x_wconf 82' lang='grc' dir='ltr'>ὅ</span> <span class='ocrx_word' id='word_1_279' title='bbox 505 3442 769 3498; x_wconf 63' lang='lat' dir='ltr'><strong>Mempliitw</strong></span> <span class='ocrx_word' id='word_1_280' title='bbox 1262 3456 1345 3498; x_wconf 83' lang='lat'><strong>¹97</strong></span> 
     </span>
     <span class='ocr_line' id='line_1_45' title="bbox 319 3514 1354 3571; baseline 0.001 -16"><span class='ocrx_word' id='word_1_281' title='bbox 319 3514 395 3558; x_wconf 89' lang='lat' dir='ltr'><strong>IV.</strong></span> <span class='ocrx_word' id='word_1_282' title='bbox 421 3529 472 3568; x_wconf 76' lang='lat'><strong>17</strong></span> <span class='ocrx_word' id='word_1_283' title='bbox 503 3514 763 3571; x_wconf 67' lang='lat' dir='ltr'><strong>Memphitae</strong></span> <span class='ocrx_word' id='word_1_284' title='bbox 1262 3514 1354 3565; x_wconf 79' lang='grc'><strong>448</strong></span> 
     </span>
     <span class='ocr_line' id='line_1_46' title="bbox 349 3579 1353 3636; baseline -0.001 -15"><span class='ocrx_word' id='word_1_285' title='bbox 349 3581 403 3621; x_wconf 88' lang='lat' dir='ltr'><strong>V.</strong></span> <span class='ocrx_word' id='word_1_286' title='bbox 510 3579 679 3636; x_wconf 78' lang='lat' dir='ltr'><strong>Phiops</strong></span> <span class='ocrx_word' id='word_1_287' title='bbox 705 3594 782 3622; x_wconf 78' lang='lat' dir='ltr'><strong>rex</strong></span> <span class='ocrx_word' id='word_1_288' title='bbox 1266 3595 1353 3622; x_wconf 84' lang='lat' dir='ltr'><strong>loo</strong></span> 
     </span>
     <span class='ocr_line' id='line_1_47' title="bbox 328 3652 1352 3709; baseline 0 -15"><span class='ocrx_word' id='word_1_289' title='bbox 328 3653 407 3695; x_wconf 85' lang='lat' dir='ltr'><strong>VI.</strong></span> <span class='ocrx_word' id='word_1_290' title='bbox 449 3652 475 3693; x_wconf 85' lang='grc'><strong>6</strong></span> <span class='ocrx_word' id='word_1_291' title='bbox 515 3652 777 3709; x_wconf 69' lang='lat' dir='ltr'><strong>lllempliita·</strong></span> <span class='ocrx_word' id='word_1_292' title='bbox 1262 3652 1352 3694; x_wconf 70' lang='lat'><strong>203</strong></span> 
     </span>
    </p>

    <p class='ocr_par' dir='ltr' id='par_1_8' title="bbox 1248 3745 1366 3797">
     <span class='ocr_line' id='line_1_48' title="bbox 1248 3745 1366 3797; baseline 0.025 -6"><span class='ocrx_word' id='word_1_293' title='bbox 1248 3745 1366 3797; x_wconf 75' lang='lat'><strong>1497</strong></span> 
     </span>
    </p>
   </div>
   <div class='ocr_carea' id='block_1_7' title="bbox 225 3846 1524 4267">
    <p class='ocr_par' dir='ltr' id='par_1_9' title="bbox 225 3846 1524 4267">
     <span class='ocr_line' id='line_1_49' title="bbox 289 3846 1518 3904; baseline -0.002 -12"><span class='ocrx_word' id='word_1_294' title='bbox 289 3850 473 3892; x_wconf 82' lang='lat' dir='ltr'><strong>Summa</strong></span> <span class='ocrx_word' id='word_1_295' title='bbox 514 3862 745 3891; x_wconf 87' lang='lat' dir='ltr'><strong>annorum</strong></span> <span class='ocrx_word' id='word_1_296' title='bbox 770 3846 929 3890; x_wconf 86' lang='lat' dir='ltr'><strong>cadem</strong></span> <span class='ocrx_word' id='word_1_297' title='bbox 964 3856 1029 3889; x_wconf 89' lang='lat' dir='ltr'><strong>est</strong></span> <span class='ocrx_word' id='word_1_298' title='bbox 1053 3862 1191 3904; x_wconf 89' lang='lat' dir='ltr'><strong>quam</strong></span> <span class='ocrx_word' id='word_1_299' title='bbox 1217 3862 1272 3890; x_wconf 87' lang='lat' dir='ltr'><strong>ex</strong></span> <span class='ocrx_word' id='word_1_300' title='bbox 1298 3847 1518 3891; x_wconf 85' lang='lat' dir='ltr'><strong>Africano</strong></span> 
     </span>
     <span class='ocr_line' id='line_1_50' title="bbox 226 3918 1518 3978; baseline -0.002 -15"><span class='ocrx_word' id='word_1_301' title='bbox 226 3920 465 3978; x_wconf 88' lang='lat' dir='ltr'><strong>Syncellus</strong></span> <span class='ocrx_word' id='word_1_302' title='bbox 511 3927 719 3978; x_wconf 83' lang='lat' dir='ltr'><strong>exputat.</strong></span> <span class='ocrx_word' id='word_1_303' title='bbox 758 3921 816 3962; x_wconf 85' lang='lat' dir='ltr'><strong>At</strong></span> <span class='ocrx_word' id='word_1_304' title='bbox 856 3918 1110 3962; x_wconf 85' lang='lat' dir='ltr'><strong>concordia</strong></span> <span class='ocrx_word' id='word_1_305' title='bbox 1162 3919 1258 3962; x_wconf 87' lang='lat' dir='ltr'><strong>haec</strong></span> <span class='ocrx_word' id='word_1_306' title='bbox 1307 3920 1518 3962; x_wconf 88' lang='lat' dir='ltr'><strong>calculo-</strong></span> 
     </span>
     <span class='ocr_line' id='line_1_51' title="bbox 225 3990 1522 4050; baseline 0.002 -17"><span class='ocrx_word' id='word_1_307' title='bbox 225 4006 330 4033; x_wconf 89' lang='lat' dir='ltr'><strong>rum</strong></span> <span class='ocrx_word' id='word_1_308' title='bbox 361 3991 505 4034; x_wconf 83' lang='grc' dir='ltr'><strong>1ηοἀο</strong></span> <span class='ocrx_word' id='word_1_309' title='bbox 541 3990 746 4035; x_wconf 87' lang='lat' dir='ltr'><strong>absurdo</strong></span> <span class='ocrx_word' id='word_1_310' title='bbox 781 3990 945 4034; x_wconf 86' lang='lat' dir='ltr'><strong>effecta</strong></span> <span class='ocrx_word' id='word_1_311' title='bbox 979 3999 1068 4044; x_wconf 82' lang='lat' dir='ltr'><strong>est,</strong></span> <span class='ocrx_word' id='word_1_312' title='bbox 1094 3991 1314 4047; x_wconf 88' lang='lat' dir='ltr'><strong>quoniam</strong></span> <span class='ocrx_word' id='word_1_313' title='bbox 1352 3993 1522 4050; x_wconf 91' lang='lat' dir='ltr'><strong>quintae</strong></span> 
     </span>
     <span class='ocr_line' id='line_1_52' title="bbox 227 4062 1523 4122; baseline 0.002 -17"><span class='ocrx_word' id='word_1_314' title='bbox 227 4062 443 4121; x_wconf 83' lang='lat' dir='ltr'><strong>dynastiae</strong></span> <span class='ocrx_word' id='word_1_315' title='bbox 463 4064 567 4106; x_wconf 91' lang='lat' dir='ltr'><strong>loco</strong></span> <span class='ocrx_word' id='word_1_316' title='bbox 584 4078 731 4106; x_wconf 90' lang='lat' dir='ltr'><strong>unum</strong></span> <span class='ocrx_word' id='word_1_317' title='bbox 742 4063 936 4122; x_wconf 89' lang='lat' dir='ltr'><strong>ponitur</strong></span> <span class='ocrx_word' id='word_1_318' title='bbox 952 4078 1146 4122; x_wconf 84' lang='lat' dir='ltr'><strong>regnum</strong></span> <span class='ocrx_word' id='word_1_319' title='bbox 1162 4063 1366 4121; x_wconf 79' lang='lat' dir='ltr'><strong>Phiopis.</strong></span> <span class='ocrx_word' id='word_1_320' title='bbox 1383 4062 1523 4121; x_wconf 87' lang='lat' dir='ltr'><strong>Quod</strong></span> 
     </span>
     <span class='ocr_line' id='line_1_53' title="bbox 227 4134 1518 4193; baseline 0.001 -16"><span class='ocrx_word' id='word_1_321' title='bbox 227 4136 494 4193; x_wconf 86' lang='lat' dir='ltr'><strong>quiprimus</strong></span> <span class='ocrx_word' id='word_1_322' title='bbox 514 4136 760 4190; x_wconf 88' lang='lat' dir='ltr'><strong>commisit,</strong></span> <span class='ocrx_word' id='word_1_323' title='bbox 773 4134 899 4179; x_wconf 82' lang='lat' dir='ltr'><strong>&#39;haud</strong></span> <span class='ocrx_word' id='word_1_324' title='bbox 915 4134 1032 4178; x_wconf 90' lang='lat' dir='ltr'><strong>vidit</strong></span> <span class='ocrx_word' id='word_1_325' title='bbox 1055 4135 1131 4178; x_wconf 88' lang='lat' dir='ltr'><strong>ille</strong></span> <span class='ocrx_word' id='word_1_326' title='bbox 1159 4150 1175 4177; x_wconf 90' lang='lat'>1</span> <span class='ocrx_word' id='word_1_327' title='bbox 1189 4150 1212 4190; x_wconf 94' lang='lat'><strong>7</strong></span> <span class='ocrx_word' id='word_1_328' title='bbox 1229 4149 1359 4193; x_wconf 83' lang='lat' dir='ltr'><strong>reges</strong></span> <span class='ocrx_word' id='word_1_329' title='bbox 1370 4135 1518 4181; x_wconf 89' lang='lat' dir='ltr'><strong>Mem-</strong></span> 
     </span>
     <span class='ocr_line' id='line_1_54' title="bbox 228 4204 1524 4267; baseline 0.002 -18"><span class='ocrx_word' id='word_1_330' title='bbox 228 4205 377 4264; x_wconf 69' lang='lat' dir='ltr'><strong>phitas</strong></span> <span class='ocrx_word' id='word_1_331' title='bbox 393 4207 608 4265; x_wconf 79' lang='lat' dir='ltr'><strong>dynastiae</strong></span> <span class='ocrx_word' id='word_1_332' title='bbox 631 4207 943 4267; x_wconf 22' lang='lat' dir='ltr'><strong>quartaexmale</strong></span> <span class='ocrx_word' id='word_1_333' title='bbox 965 4204 1188 4250; x_wconf 85' lang='lat' dir='ltr'><strong>conflatos</strong></span> <span class='ocrx_word' id='word_1_334' title='bbox 1210 4222 1301 4250; x_wconf 82' lang='lat' dir='ltr'><strong>esse</strong></span> <span class='ocrx_word' id='word_1_335' title='bbox 1326 4223 1377 4250; x_wconf 86' lang='lat' dir='ltr'><strong>ex</strong></span> <span class='ocrx_word' id='word_1_336' title='bbox 1407 4207 1433 4250; x_wconf 85' lang='lat'>8</span> <span class='ocrx_word' id='word_1_337' title='bbox 1456 4223 1524 4251; x_wconf 90' lang='lat' dir='ltr'><strong>re-</strong></span> 
     </span>
    </p>
   </div>
   <div class='ocr_carea' id='block_1_8' title="bbox 1126 223 1975 300">
    <p class='ocr_par' dir='ltr' id='par_1_10' title="bbox 1126 223 1975 300">
     <span class='ocr_line' id='line_1_55' title="bbox 1126 223 1975 300; baseline 0 -1"><span class='ocrx_word' id='word_1_338' title='bbox 1126 251 1541 300; x_wconf 68' lang='lat' dir='ltr'><strong>MANETfloffls</strong></span> <span class='ocrx_word' id='word_1_339' title='bbox 1562 223 1975 300; x_wconf 58' lang='lat' dir='ltr'>Q&#39;SEBENNYTAE</span> 
     </span>
    </p>
   </div>
   <div class='ocr_carea' id='block_1_9' title="bbox 210 359 1543 422">
    <p class='ocr_par' dir='ltr' id='par_1_11' title="bbox 210 359 1543 422">
     <span class='ocr_line' id='line_1_56' title="bbox 210 359 1543 422; baseline 0.002 -18"><span class='ocrx_word' id='word_1_340' title='bbox 210 359 279 422; x_wconf 82' lang='lat' dir='ltr'><strong>(p.</strong></span> <span class='ocrx_word' id='word_1_341' title='bbox 302 359 361 405; x_wconf 83' lang='lat'><strong>56</strong></span> <span class='ocrx_word' id='word_1_342' title='bbox 383 361 448 422; x_wconf 87' lang='lat' dir='ltr'><strong>A)</strong></span> <span class='ocrx_word' id='word_1_343' title='bbox 473 361 749 418; x_wconf 81' lang='lat' dir='ltr'><strong>afferuntur,</strong></span> <span class='ocrx_word' id='word_1_344' title='bbox 773 361 932 420; x_wconf 88' lang='lat' dir='ltr'><strong>ibique</strong></span> <span class='ocrx_word' id='word_1_345' title='bbox 949 360 1138 406; x_wconf 87' lang='lat' dir='ltr'><strong>demum</strong></span> <span class='ocrx_word' id='word_1_346' title='bbox 1158 370 1346 406; x_wconf 88' lang='lat' dir='ltr'><strong>notatur</strong></span> <span class='ocrx_word' id='word_1_347' title='bbox 1371 377 1500 406; x_wconf 89' lang='lat' dir='ltr'><strong>sum-</strong></span> <span class='ocrx_word' id='word_1_348' title='bbox 1535 370 1543 386; x_wconf 87' lang='lat'><strong>¹</strong></span> 
     </span>
    </p>
   </div>
   <div class='ocr_carea' id='block_1_10' title="bbox 1540 3115 2891 3183">
    <p class='ocr_par' dir='ltr' id='par_1_12' title="bbox 1540 3115 2891 3183">
     <span class='ocr_line' id='line_1_57' title="bbox 1540 3115 2891 3183; baseline -0.003 -21"><span class='ocrx_word' id='word_1_349' title='bbox 1540 3179 1549 3183; x_wconf 54' lang='lat'><strong><em>„</em></strong></span> <span class='ocrx_word' id='word_1_350' title='bbox 1594 3121 1732 3180; x_wconf 84' lang='lat' dir='ltr'><strong>longe</strong></span> <span class='ocrx_word' id='word_1_351' title='bbox 1769 3121 1919 3175; x_wconf 82' lang='lat' dir='ltr'><strong>abest3</strong></span> <span class='ocrx_word' id='word_1_352' title='bbox 1947 3134 2099 3178; x_wconf 90' lang='lat' dir='ltr'><strong>neque</strong></span> <span class='ocrx_word' id='word_1_353' title='bbox 2118 3119 2268 3161; x_wconf 91' lang='lat' dir='ltr'><strong>multo</strong></span> <span class='ocrx_word' id='word_1_354' title='bbox 2295 3117 2478 3177; x_wconf 86' lang='lat' dir='ltr'><strong>longius</strong></span> <span class='ocrx_word' id='word_1_355' title='bbox 2509 3115 2687 3160; x_wconf 88' lang='lat' dir='ltr'><strong>recedit</strong></span> <span class='ocrx_word' id='word_1_356' title='bbox 2708 3115 2891 3160; x_wconf 88' lang='lat' dir='ltr'><strong>Diodo-</strong></span> 
     </span>
    </p>
   </div>
   <div class='ocr_carea' id='block_1_11' title="bbox 1578 359 2976 640">
    <p class='ocr_par' dir='ltr' id='par_1_13' title="bbox 1578 350 2976 495">
     <span class='ocr_line' id='line_1_58' title="bbox 1578 359 2976 422; baseline 0.004 -18"><span class='ocrx_word' id='word_1_357' title='bbox 1578 362 1711 421; x_wconf 86' lang='lat' dir='ltr'><strong>gibus</strong></span> <span class='ocrx_word' id='word_1_358' title='bbox 1744 362 1963 422; x_wconf 72' lang='lat' dir='ltr'><strong>dynastiae</strong></span> <span class='ocrx_word' id='word_1_359' title='bbox 1994 364 2054 406; x_wconf 91' lang='lat' dir='ltr'><strong>IV</strong></span> <span class='ocrx_word' id='word_1_360' title='bbox 2092 371 2138 406; x_wconf 91' lang='lat' dir='ltr'><strong>et</strong></span> <span class='ocrx_word' id='word_1_361' title='bbox 2171 377 2227 405; x_wconf 84' lang='lat' dir='ltr'><strong>ex</strong></span> <span class='ocrx_word' id='word_1_362' title='bbox 2265 377 2296 421; x_wconf 85' lang='lat'><strong>9</strong></span> <span class='ocrx_word' id='word_1_363' title='bbox 2326 359 2514 421; x_wconf 85' lang='lat' dir='ltr'><strong>regibus</strong></span> <span class='ocrx_word' id='word_1_364' title='bbox 2555 360 2782 421; x_wconf 74' lang='lat' dir='ltr'><strong>dynastiae</strong></span> <span class='ocrx_word' id='word_1_365' title='bbox 2810 367 2866 420; x_wconf 85' lang='lat' dir='ltr'><strong>V,</strong></span> <span class='ocrx_word' id='word_1_366' title='bbox 2973 414 2976 415; x_wconf 13' lang='lat'><em>⁷</em></span> 
     </span>
     <span class='ocr_line' id='line_1_59' title="bbox 1579 426 2933 495; baseline 0.004 -19"><span class='ocrx_word' id='word_1_367' title='bbox 1579 433 1782 493; x_wconf 90' lang='lat' dir='ltr'><strong>ideoque</strong></span> <span class='ocrx_word' id='word_1_368' title='bbox 1798 435 1988 494; x_wconf 88' lang='lat' dir='ltr'><strong>Phiopis</strong></span> <span class='ocrx_word' id='word_1_369' title='bbox 2005 449 2201 495; x_wconf 85' lang='lat' dir='ltr'><strong>regnum</strong></span> <span class='ocrx_word' id='word_1_370' title='bbox 2226 434 2280 477; x_wconf 89' lang='lat' dir='ltr'><strong>iis</strong></span> <span class='ocrx_word' id='word_1_371' title='bbox 2297 433 2392 491; x_wconf 89' lang='lat' dir='ltr'><strong>jam</strong></span> <span class='ocrx_word' id='word_1_372' title='bbox 2413 434 2766 493; x_wconf 88' lang='lat' dir='ltr'><strong>comprehendi.</strong></span> <span class='ocrx_word' id='word_1_373' title='bbox 2791 437 2873 481; x_wconf 82' lang='lat' dir='ltr'><strong>Se·</strong></span> <span class='ocrx_word' id='word_1_374' title='bbox 2926 426 2933 435; x_wconf 65' lang='lat'><strong>.</strong></span> 
     </span>
    </p>

    <p class='ocr_par' dir='ltr' id='par_1_14' title="bbox 1582 491 2900 640">
     <span class='ocr_line' id='line_1_60' title="bbox 1582 491 2900 568; baseline 0.004 -19"><span class='ocrx_word' id='word_1_375' title='bbox 1582 507 1742 564; x_wconf 84' lang='lat' dir='ltr'><strong>quitur</strong></span> <span class='ocrx_word' id='word_1_376' title='bbox 1757 522 1979 551; x_wconf 90' lang='lat' dir='ltr'><strong>summam</strong></span> <span class='ocrx_word' id='word_1_377' title='bbox 1998 522 2228 551; x_wconf 88' lang='lat' dir='ltr'><strong>annorum</strong></span> <span class='ocrx_word' id='word_1_378' title='bbox 2246 491 2345 550; x_wconf 69' lang='lat' dir='ltr'><strong>nbn</strong></span> <span class='ocrx_word' id='word_1_379' title='bbox 2360 521 2452 550; x_wconf 86' lang='lat' dir='ltr'><strong>esse</strong></span> <span class='ocrx_word' id='word_1_380' title='bbox 2474 511 2614 566; x_wconf 88' lang='grc'><strong>1497,</strong></span> <span class='ocrx_word' id='word_1_381' title='bbox 2628 506 2710 551; x_wconf 88' lang='lat' dir='ltr'><strong>sed</strong></span> <span class='ocrx_word' id='word_1_382' title='bbox 2733 507 2872 568; x_wconf 84' lang='lat'><strong>1397.</strong></span> <span class='ocrx_word' id='word_1_383' title='bbox 2895 510 2900 517; x_wconf 87' lang='lat'>&#39;</span> 
     </span>
     <span class='ocr_line' id='line_1_61' title="bbox 1582 578 2875 640; baseline 0.002 -19"><span class='ocrx_word' id='word_1_384' title='bbox 1582 580 1670 622; x_wconf 89' lang='lat' dir='ltr'><strong>Hic</strong></span> <span class='ocrx_word' id='word_1_385' title='bbox 1690 594 1803 634; x_wconf 81' lang='lat' dir='ltr'><strong>vero</strong></span> <span class='ocrx_word' id='word_1_386' title='bbox 1838 595 2070 624; x_wconf 88' lang='lat' dir='ltr'><strong>annorum</strong></span> <span class='ocrx_word' id='word_1_387' title='bbox 2093 586 2342 637; x_wconf 89' lang='lat' dir='ltr'><strong>computus</strong></span> <span class='ocrx_word' id='word_1_388' title='bbox 2357 578 2720 636; x_wconf 87' lang='lat' dir='ltr'><strong>explicationem</strong></span> <span class='ocrx_word' id='word_1_389' title='bbox 2754 595 2875 640; x_wconf 88' lang='lat' dir='ltr'><strong>pro-</strong></span> 
     </span>
    </p>
   </div>
   <div class='ocr_carea' id='block_1_12' title="bbox 1582 650 2987 793">
    <p class='ocr_par' dir='ltr' id='par_1_15' title="bbox 1582 625 2987 793">
     <span class='ocr_line' id='line_1_62' title="bbox 1582 650 2931 705; baseline 0.004 -11"><span class='ocrx_word' id='word_1_390' title='bbox 1582 652 1786 695; x_wconf 77' lang='lat' dir='ltr'><strong>babilem</strong></span> <span class='ocrx_word' id='word_1_391' title='bbox 1824 652 2042 698; x_wconf 74' lang='lat' dir='ltr'><strong>admittit.</strong></span> <span class='ocrx_word' id='word_1_392' title='bbox 2082 652 2337 705; x_wconf 69' lang='lat' dir='ltr'><strong>Nimirum,</strong></span> <span class='ocrx_word' id='word_1_393' title='bbox 2372 651 2409 694; x_wconf 81' lang='lat' dir='ltr'><strong>si</strong></span> <span class='ocrx_word' id='word_1_394' title='bbox 2443 657 2568 694; x_wconf 75' lang='lat' dir='ltr'><strong>recte</strong></span> <span class='ocrx_word' id='word_1_395' title='bbox 2604 650 2700 694; x_wconf 74' lang='lat' dir='ltr'><strong>dixi</strong></span> <span class='ocrx_word' id='word_1_396' title='bbox 2741 651 2878 697; x_wconf 70' lang='lat' dir='ltr'><strong>fuisse</strong></span> <span class='ocrx_word' id='word_1_397' title='bbox 2926 666 2931 690; x_wconf 71' lang='lat'><em>2</em></span> 
     </span>
     <span class='ocr_line' id='line_1_63' title="bbox 1583 716 2987 793; baseline -0.001 -28"><span class='ocrx_word' id='word_1_398' title='bbox 1583 724 1663 781; x_wconf 84' lang='lat' dir='ltr'><strong>qui</strong></span> <span class='ocrx_word' id='word_1_399' title='bbox 1708 724 1818 768; x_wconf 89' lang='lat' dir='ltr'><strong>inde</strong></span> <span class='ocrx_word' id='word_1_400' title='bbox 1855 739 1881 768; x_wconf 89' lang='lat' dir='ltr'><strong>a</strong></span> <span class='ocrx_word' id='word_1_401' title='bbox 1919 723 2012 768; x_wconf 88' lang='lat' dir='ltr'><strong>fine</strong></span> <span class='ocrx_word' id='word_1_402' title='bbox 2047 724 2269 783; x_wconf 88' lang='lat' dir='ltr'><strong>dynastiae</strong></span> <span class='ocrx_word' id='word_1_403' title='bbox 2298 723 2419 767; x_wconf 89' lang='lat' dir='ltr'><strong>XIX</strong></span> <span class='ocrx_word' id='word_1_404' title='bbox 2444 737 2590 781; x_wconf 90' lang='lat' dir='ltr'><strong>usque</strong></span> <span class='ocrx_word' id='word_1_405' title='bbox 2614 723 2676 768; x_wconf 89' lang='lat' dir='ltr'><strong>ad</strong></span> <span class='ocrx_word' id='word_1_406' title='bbox 2707 725 2879 793; x_wconf 39' lang='lat' dir='ltr'><strong>Men-en</strong></span> <span class='ocrx_word' id='word_1_407' title='bbox 2933 723 2941 739; x_wconf 78' lang='grc'><strong>’“</strong></span> <span class='ocrx_word' id='word_1_408' title='bbox 2978 716 2987 764; x_wconf 71' lang='grc' dir='ltr'>ἶ</span> 
     </span>
    </p>
   </div>
   <div class='ocr_carea' id='block_1_13' title="bbox 1586 793 2882 856">
    <p class='ocr_par' dir='ltr' id='par_1_16' title="bbox 1586 793 2940 859">
     <span class='ocr_line' id='line_1_64' title="bbox 1586 793 2882 856; baseline 0.001 -17"><span class='ocrx_word' id='word_1_409' title='bbox 1586 805 1674 840; x_wconf 87' lang='lat' dir='ltr'><strong>tres</strong></span> <span class='ocrx_word' id='word_1_410' title='bbox 1702 797 1928 856; x_wconf 72' lang='lat' dir='ltr'><strong>periodos</strong></span> <span class='ocrx_word' id='word_1_411' title='bbox 1969 798 2100 842; x_wconf 88' lang='lat' dir='ltr'><strong>Soth.</strong></span> <span class='ocrx_word' id='word_1_412' title='bbox 2139 793 2520 851; x_wconf 86' lang='lat' dir='ltr'><strong>numeraverint,</strong></span> <span class='ocrx_word' id='word_1_413' title='bbox 2556 797 2703 840; x_wconf 86' lang='lat' dir='ltr'><strong>Menae</strong></span> <span class='ocrx_word' id='word_1_414' title='bbox 2733 811 2882 841; x_wconf 85' lang='lat' dir='ltr'><strong>annus</strong></span> 
     </span>
    </p>
   </div>
   <div class='ocr_carea' id='block_1_14' title="bbox 1582 867 2988 945">
    <p class='ocr_par' dir='ltr' id='par_1_17' title="bbox 1582 867 2988 945">
     <span class='ocr_line' id='line_1_65' title="bbox 1582 867 2988 945; baseline 0.002 -34"><span class='ocrx_word' id='word_1_415' title='bbox 1582 869 1759 927; x_wconf 87' lang='lat' dir='ltr'><strong>primus</strong></span> <span class='ocrx_word' id='word_1_416' title='bbox 1789 879 1902 914; x_wconf 91' lang='lat' dir='ltr'><strong>esset</strong></span> <span class='ocrx_word' id='word_1_417' title='bbox 1934 885 2008 915; x_wconf 90' lang='lat' dir='ltr'><strong>an.</strong></span> <span class='ocrx_word' id='word_1_418' title='bbox 2040 867 2165 913; x_wconf 76' lang='lat'>5565</span> <span class='ocrx_word' id='word_1_419' title='bbox 2205 868 2262 928; x_wconf 82' lang='lat'><strong>(3</strong></span> <span class='ocrx_word' id='word_1_420' title='bbox 2285 869 2482 921; x_wconf 83' lang='grc'><strong>&gt;&lt;1461</strong></span> <span class='ocrx_word' id='word_1_421' title='bbox 2512 877 2619 912; x_wconf 89' lang='lat' dir='ltr'><strong>ante</strong></span> <span class='ocrx_word' id='word_1_422' title='bbox 2649 867 2796 930; x_wconf 83' lang='lat'>1183)</span> <span class='ocrx_word' id='word_1_423' title='bbox 2823 885 2867 914; x_wconf 83' lang='lat' dir='ltr'><strong>a.</strong></span> <span class='ocrx_word' id='word_1_424' title='bbox 2926 877 2943 927; x_wconf 61' lang='lat'><strong>²3</strong></span> <span class='ocrx_word' id='word_1_425' title='bbox 2981 892 2988 945; x_wconf 49' lang='grc' dir='ltr'>ἰ</span> 
     </span>
    </p>
   </div>
   <div class='ocr_carea' id='block_1_15' title="bbox 1582 941 2877 1002">
    <p class='ocr_par' dir='ltr' id='par_1_18' title="bbox 1582 941 2877 1002">
     <span class='ocr_line' id='line_1_66' title="bbox 1582 941 2877 1002; baseline 0.002 -16"><span class='ocrx_word' id='word_1_426' title='bbox 1582 941 1692 987; x_wconf 88' lang='lat' dir='ltr'><strong>Chr.</strong></span> <span class='ocrx_word' id='word_1_427' title='bbox 1719 968 1785 974; x_wconf 90' lang='lat'>—</span> <span class='ocrx_word' id='word_1_428' title='bbox 1805 943 1873 986; x_wconf 85' lang='lat' dir='ltr'><strong>Ex</strong></span> <span class='ocrx_word' id='word_1_429' title='bbox 1904 942 2087 986; x_wconf 84' lang='lat' dir='ltr'><strong>Eusebii</strong></span> <span class='ocrx_word' id='word_1_430' title='bbox 2119 957 2235 986; x_wconf 84' lang='lat' dir='ltr'><strong>vero</strong></span> <span class='ocrx_word' id='word_1_431' title='bbox 2262 941 2467 985; x_wconf 85' lang='lat' dir='ltr'><strong>numeris</strong></span> <span class='ocrx_word' id='word_1_432' title='bbox 2495 942 2674 1000; x_wconf 88' lang='lat' dir='ltr'><strong>primus</strong></span> <span class='ocrx_word' id='word_1_433' title='bbox 2699 943 2877 1002; x_wconf 87' lang='lat' dir='ltr'><strong>cyclus,</strong></span> 
     </span>
    </p>
   </div>
   <div class='ocr_carea' id='block_1_16' title="bbox 1584 1013 2991 1076">
    <p class='ocr_par' dir='ltr' id='par_1_19' title="bbox 1584 1013 2991 1076">
     <span class='ocr_line' id='line_1_67' title="bbox 1584 1013 2991 1076; baseline 0.001 -19"><span class='ocrx_word' id='word_1_434' title='bbox 1584 1014 1666 1072; x_wconf 90' lang='lat' dir='ltr'><strong>qui</strong></span> <span class='ocrx_word' id='word_1_435' title='bbox 1685 1013 2001 1073; x_wconf 89' lang='lat' dir='ltr'><strong>dynastiarum</strong></span> <span class='ocrx_word' id='word_1_436' title='bbox 2028 1015 2049 1057; x_wconf 94' lang='lat' dir='ltr'>I</span> <span class='ocrx_word' id='word_1_437' title='bbox 2065 1016 2204 1060; x_wconf 91' lang='lat' dir='ltr'><strong>—Vl</strong></span> <span class='ocrx_word' id='word_1_438' title='bbox 2231 1029 2375 1074; x_wconf 85' lang='lat' dir='ltr'><strong>regna</strong></span> <span class='ocrx_word' id='word_1_439' title='bbox 2396 1013 2776 1072; x_wconf 88' lang='lat' dir='ltr'><strong>comprehendit,</strong></span> <span class='ocrx_word' id='word_1_440' title='bbox 2801 1014 2879 1059; x_wconf 88' lang='lat' dir='ltr'><strong>di-</strong></span> <span class='ocrx_word' id='word_1_441' title='bbox 2902 1015 2905 1018; x_wconf 77' lang='grc'>’</span> <span class='ocrx_word' id='word_1_442' title='bbox 2942 1015 2943 1018; x_wconf 67' lang='grc'>’</span> <span class='ocrx_word' id='word_1_443' title='bbox 2983 1016 2991 1076; x_wconf 62' lang='grc' dir='ltr'>ξ</span> 
     </span>
    </p>
   </div>
   <div class='ocr_carea' id='block_1_17' title="bbox 1583 1077 2987 3102">
    <p class='ocr_par' dir='ltr' id='par_1_20' title="bbox 1583 1077 2987 1809">
     <span class='ocr_line' id='line_1_68' title="bbox 1583 1077 2987 1147; baseline 0.001 -18"><span class='ocrx_word' id='word_1_444' title='bbox 1583 1087 1811 1130; x_wconf 88' lang='lat' dir='ltr'><strong>minuitur</strong></span> <span class='ocrx_word' id='word_1_445' title='bbox 1843 1087 1975 1130; x_wconf 89' lang='lat' dir='ltr'><strong>annis</strong></span> <span class='ocrx_word' id='word_1_446' title='bbox 2005 1087 2066 1139; x_wconf 91' lang='grc'><strong>64</strong></span> <span class='ocrx_word' id='word_1_447' title='bbox 2104 1084 2250 1146; x_wconf 83' lang='lat'><strong>(1397</strong></span> <span class='ocrx_word' id='word_1_448' title='bbox 2283 1101 2358 1129; x_wconf 87' lang='lat' dir='ltr'><strong>an.</strong></span> <span class='ocrx_word' id='word_1_449' title='bbox 2386 1101 2476 1144; x_wconf 90' lang='lat' dir='ltr'><strong>pro</strong></span> <span class='ocrx_word' id='word_1_450' title='bbox 2510 1085 2664 1146; x_wconf 88' lang='grc'><strong>1461)</strong></span> <span class='ocrx_word' id='word_1_451' title='bbox 2699 1100 2710 1132; x_wconf 89' lang='lat'><strong>:</strong></span> <span class='ocrx_word' id='word_1_452' title='bbox 2737 1087 2882 1147; x_wconf 87' lang='lat' dir='ltr'><strong>igitur</strong></span> <span class='ocrx_word' id='word_1_453' title='bbox 2938 1083 2949 1144; x_wconf 67' lang='lat' dir='ltr'><strong>&#39;J</strong></span> <span class='ocrx_word' id='word_1_454' title='bbox 2984 1077 2987 1080; x_wconf 67' lang='lat'>‚</span> 
     </span>
     <span class='ocr_line' id='line_1_69' title="bbox 1584 1155 2942 1218; baseline -0.001 -15"><span class='ocrx_word' id='word_1_455' title='bbox 1584 1161 1731 1203; x_wconf 88' lang='lat' dir='ltr'><strong>Menae</strong></span> <span class='ocrx_word' id='word_1_456' title='bbox 1754 1175 1901 1203; x_wconf 89' lang='lat' dir='ltr'><strong>annus</strong></span> <span class='ocrx_word' id='word_1_457' title='bbox 1921 1160 2099 1218; x_wconf 87' lang='lat' dir='ltr'><strong>primus</strong></span> <span class='ocrx_word' id='word_1_458' title='bbox 2118 1159 2240 1202; x_wconf 84' lang='lat' dir='ltr'><strong>foret</strong></span> <span class='ocrx_word' id='word_1_459' title='bbox 2263 1173 2340 1204; x_wconf 85' lang='lat' dir='ltr'><strong>an.</strong></span> <span class='ocrx_word' id='word_1_460' title='bbox 2371 1155 2491 1202; x_wconf 85' lang='lat'>5501</span> <span class='ocrx_word' id='word_1_461' title='bbox 2531 1173 2577 1204; x_wconf 87' lang='lat' dir='ltr'><strong>a.</strong></span> <span class='ocrx_word' id='word_1_462' title='bbox 2603 1159 2655 1203; x_wconf 88' lang='lat' dir='ltr'><strong>C.</strong></span> <span class='ocrx_word' id='word_1_463' title='bbox 2669 1175 2682 1214; x_wconf 82' lang='lat'>3</span> <span class='ocrx_word' id='word_1_464' title='bbox 2709 1160 2747 1202; x_wconf 94' lang='lat' dir='ltr'><strong>is</strong></span> <span class='ocrx_word' id='word_1_465' title='bbox 2767 1171 2881 1203; x_wconf 84' lang='lat' dir='ltr'><strong>vero</strong></span> <span class='ocrx_word' id='word_1_466' title='bbox 2939 1187 2942 1190; x_wconf 57' lang='lat'><strong>&lt;</strong></span> 
     </span>
     <span class='ocr_line' id='line_1_70' title="bbox 1584 1229 2950 1292; baseline 0 -16"><span class='ocrx_word' id='word_1_467' title='bbox 1584 1233 1711 1292; x_wconf 90' lang='lat' dir='ltr'><strong>apud</strong></span> <span class='ocrx_word' id='word_1_468' title='bbox 1744 1231 2072 1286; x_wconf 87' lang='lat' dir='ltr'><strong>Panodorum,</strong></span> <span class='ocrx_word' id='word_1_469' title='bbox 2100 1232 2393 1289; x_wconf 88' lang='lat' dir='ltr'><strong>Annianum,</strong></span> <span class='ocrx_word' id='word_1_470' title='bbox 2419 1231 2715 1289; x_wconf 79' lang='lat' dir='ltr'><strong>Syncellum,</strong></span> <span class='ocrx_word' id='word_1_471' title='bbox 2743 1229 2883 1286; x_wconf 79' lang='lat' dir='ltr'><strong>alios,</strong></span> <span class='ocrx_word' id='word_1_472' title='bbox 2936 1243 2950 1289; x_wconf 61' lang='grc' dir='ltr'><strong><em>ζ</em></strong></span> 
     </span>
     <span class='ocr_line' id='line_1_71' title="bbox 1586 1303 2943 1364; baseline -0.001 -15"><span class='ocrx_word' id='word_1_473' title='bbox 1586 1313 1652 1349; x_wconf 85' lang='lat' dir='ltr'><strong>est</strong></span> <span class='ocrx_word' id='word_1_474' title='bbox 1671 1304 1836 1349; x_wconf 87' lang='lat' dir='ltr'><strong>mundi</strong></span> <span class='ocrx_word' id='word_1_475' title='bbox 1859 1305 1933 1348; x_wconf 86' lang='lat' dir='ltr'><strong>vel</strong></span> <span class='ocrx_word' id='word_1_476' title='bbox 1958 1304 2126 1348; x_wconf 87' lang='lat' dir='ltr'><strong>Adami</strong></span> <span class='ocrx_word' id='word_1_477' title='bbox 2147 1318 2294 1347; x_wconf 85' lang='lat' dir='ltr'><strong>annus</strong></span> <span class='ocrx_word' id='word_1_478' title='bbox 2315 1303 2513 1361; x_wconf 79' lang='lat' dir='ltr'><strong>primus.</strong></span> <span class='ocrx_word' id='word_1_479' title='bbox 2533 1303 2673 1348; x_wconf 84' lang='lat' dir='ltr'><strong>Unde</strong></span> <span class='ocrx_word' id='word_1_480' title='bbox 2708 1303 2884 1364; x_wconf 77' lang='lat' dir='ltr'><strong>colligo</strong></span> <span class='ocrx_word' id='word_1_481' title='bbox 2939 1324 2943 1335; x_wconf 72' lang='lat'>2</span> 
     </span>
     <span class='ocr_line' id='line_1_72' title="bbox 1585 1375 2950 1436; baseline 0 -16"><span class='ocrx_word' id='word_1_482' title='bbox 1585 1377 1799 1425; x_wconf 77' lang='lat' dir='ltr'><strong>Judaeum</strong></span> <span class='ocrx_word' id='word_1_483' title='bbox 1831 1378 2033 1436; x_wconf 88' lang='lat' dir='ltr'><strong>aliquem</strong></span> <span class='ocrx_word' id='word_1_484' title='bbox 2055 1377 2129 1420; x_wconf 89' lang='lat' dir='ltr'><strong>vel</strong></span> <span class='ocrx_word' id='word_1_485' title='bbox 2154 1376 2464 1420; x_wconf 88' lang='lat' dir='ltr'><strong>Christianum</strong></span> <span class='ocrx_word' id='word_1_486' title='bbox 2484 1375 2771 1434; x_wconf 70' lang='lat' dir='ltr'><strong>antiquiores</strong></span> <span class='ocrx_word' id='word_1_487' title='bbox 2797 1391 2884 1420; x_wconf 82' lang='lat' dir='ltr'><strong>nu·</strong></span> <span class='ocrx_word' id='word_1_488' title='bbox 2948 1406 2950 1410; x_wconf 63' lang='lat'>›</span> 
     </span>
     <span class='ocr_line' id='line_1_73' title="bbox 1587 1449 2887 1508; baseline 0 -16"><span class='ocrx_word' id='word_1_489' title='bbox 1587 1465 1742 1494; x_wconf 85' lang='lat' dir='ltr'><strong>meros</strong></span> <span class='ocrx_word' id='word_1_490' title='bbox 1778 1451 1840 1494; x_wconf 90' lang='lat' dir='ltr'><strong>ita</strong></span> <span class='ocrx_word' id='word_1_491' title='bbox 1873 1458 2070 1492; x_wconf 88' lang='lat' dir='ltr'><strong>mutasse</strong></span> <span class='ocrx_word' id='word_1_492' title='bbox 2104 1456 2156 1491; x_wconf 89' lang='lat' dir='ltr'><strong>ut</strong></span> <span class='ocrx_word' id='word_1_493' title='bbox 2190 1463 2334 1508; x_wconf 87' lang='lat' dir='ltr'><strong>regna</strong></span> <span class='ocrx_word' id='word_1_494' title='bbox 2356 1449 2625 1492; x_wconf 77' lang='lat' dir='ltr'><strong>mortalium</strong></span> <span class='ocrx_word' id='word_1_495' title='bbox 2648 1463 2748 1492; x_wconf 83' lang='lat' dir='ltr'><strong>non</strong></span> <span class='ocrx_word' id='word_1_496' title='bbox 2780 1457 2887 1492; x_wconf 84' lang='lat' dir='ltr'><strong>ante</strong></span> 
     </span>
     <span class='ocr_line' id='line_1_74' title="bbox 1586 1519 2891 1580; baseline -0.001 -16"><span class='ocrx_word' id='word_1_497' title='bbox 1586 1521 1815 1565; x_wconf 89' lang='lat' dir='ltr'><strong>mundum</strong></span> <span class='ocrx_word' id='word_1_498' title='bbox 1835 1528 2042 1565; x_wconf 90' lang='lat' dir='ltr'><strong>creatum</strong></span> <span class='ocrx_word' id='word_1_499' title='bbox 2065 1520 2345 1579; x_wconf 82' lang='lat' dir='ltr'><strong>inciperent.</strong></span> <span class='ocrx_word' id='word_1_500' title='bbox 2369 1520 2521 1580; x_wconf 91' lang='lat' dir='ltr'><strong>quue</strong></span> <span class='ocrx_word' id='word_1_501' title='bbox 2550 1527 2680 1575; x_wconf 81' lang='lat' dir='ltr'><strong>tanto</strong></span> <span class='ocrx_word' id='word_1_502' title='bbox 2710 1519 2891 1564; x_wconf 83' lang='lat' dir='ltr'><strong>facilius</strong></span> 
     </span>
     <span class='ocr_line' id='line_1_75' title="bbox 1590 1591 2886 1652; baseline 0.001 -15"><span class='ocrx_word' id='word_1_503' title='bbox 1590 1595 1896 1649; x_wconf 84' lang='lat' dir='ltr'><strong>concesseris,</strong></span> <span class='ocrx_word' id='word_1_504' title='bbox 1922 1608 2066 1652; x_wconf 88' lang='lat' dir='ltr'><strong>quum</strong></span> <span class='ocrx_word' id='word_1_505' title='bbox 2093 1594 2180 1637; x_wconf 89' lang='lat' dir='ltr'><strong>alia</strong></span> <span class='ocrx_word' id='word_1_506' title='bbox 2217 1594 2467 1652; x_wconf 78' lang='lat' dir='ltr'><strong>complura</strong></span> <span class='ocrx_word' id='word_1_507' title='bbox 2481 1591 2580 1651; x_wconf 85' lang='lat' dir='ltr'><strong>jam</strong></span> <span class='ocrx_word' id='word_1_508' title='bbox 2605 1592 2886 1648; x_wconf 81' lang='lat' dir='ltr'><strong>viderimus,</strong></span> 
     </span>
     <span class='ocr_line' id='line_1_76' title="bbox 1587 1665 2890 1732; baseline 0 -21"><span class='ocrx_word' id='word_1_509' title='bbox 1587 1683 1688 1726; x_wconf 82' lang='lat' dir='ltr'><strong>quae</strong></span> <span class='ocrx_word' id='word_1_510' title='bbox 1725 1670 1750 1712; x_wconf 90' lang='lat' dir='ltr'>J</span> <span class='ocrx_word' id='word_1_511' title='bbox 1757 1667 1970 1713; x_wconf 85' lang='lat' dir='ltr'><strong>udaicam</strong></span> <span class='ocrx_word' id='word_1_512' title='bbox 2008 1666 2257 1712; x_wconf 87' lang='lat' dir='ltr'><strong>Eusebiani</strong></span> <span class='ocrx_word' id='word_1_513' title='bbox 2299 1665 2600 1713; x_wconf 86' lang='lat' dir='ltr'><strong>Manethonis</strong></span> <span class='ocrx_word' id='word_1_514' title='bbox 2660 1666 2890 1732; x_wconf 77' lang='lat' dir='ltr'><strong>originem</strong></span> 
     </span>
     <span class='ocr_line' id='line_1_77' title="bbox 1587 1752 2303 1809; baseline 0.004 -24"><span class='ocrx_word' id='word_1_515' title='bbox 1587 1752 1859 1802; x_wconf 79' lang='lat' dir='ltr'><strong>coarguant.</strong></span> <span class='ocrx_word' id='word_1_516' title='bbox 2296 1794 2303 1809; x_wconf 30' lang='grc' dir='ltr'><strong><em>ι</em></strong></span> 
     </span>
    </p>

    <p class='ocr_par' dir='ltr' id='par_1_21' title="bbox 1586 1813 2973 3102">
     <span class='ocr_line' id='line_1_78' title="bbox 1652 1813 2889 1874; baseline -0.001 -16"><span class='ocrx_word' id='word_1_517' title='bbox 1652 1816 1902 1873; x_wconf 89' lang='lat' dir='ltr'><strong>Utcunque</strong></span> <span class='ocrx_word' id='word_1_518' title='bbox 1945 1813 2004 1858; x_wconf 87' lang='lat' dir='ltr'><strong>de</strong></span> <span class='ocrx_word' id='word_1_519' title='bbox 2038 1814 2107 1856; x_wconf 87' lang='lat' dir='ltr'><strong>his</strong></span> <span class='ocrx_word' id='word_1_520' title='bbox 2139 1822 2332 1868; x_wconf 88' lang='lat' dir='ltr'><strong>statuas,</strong></span> <span class='ocrx_word' id='word_1_521' title='bbox 2383 1813 2544 1874; x_wconf 87' lang='lat' dir='ltr'><strong>negari</strong></span> <span class='ocrx_word' id='word_1_522' title='bbox 2590 1813 2755 1871; x_wconf 89' lang='lat' dir='ltr'><strong>nequit</strong></span> <span class='ocrx_word' id='word_1_523' title='bbox 2787 1814 2889 1857; x_wconf 86' lang='lat' dir='ltr'><strong>Ma-</strong></span> 
     </span>
     <span class='ocr_line' id='line_1_79' title="bbox 1587 1885 2891 1945; baseline -0.001 -15"><span class='ocrx_word' id='word_1_524' title='bbox 1587 1888 1840 1931; x_wconf 88' lang='lat' dir='ltr'><strong>nethonem</strong></span> <span class='ocrx_word' id='word_1_525' title='bbox 1900 1888 1950 1930; x_wconf 90' lang='lat' dir='ltr'><strong>in</strong></span> <span class='ocrx_word' id='word_1_526' title='bbox 2003 1887 2294 1945; x_wconf 87' lang='lat' dir='ltr'><strong>temporibus</strong></span> <span class='ocrx_word' id='word_1_527' title='bbox 2340 1887 2432 1930; x_wconf 88' lang='lat' dir='ltr'><strong>suis</strong></span> <span class='ocrx_word' id='word_1_528' title='bbox 2478 1885 2762 1930; x_wconf 87' lang='lat' dir='ltr'><strong>adornandis</strong></span> <span class='ocrx_word' id='word_1_529' title='bbox 2803 1901 2891 1945; x_wconf 79' lang='lat' dir='ltr'><strong>pe-</strong></span> 
     </span>
     <span class='ocr_line' id='line_1_80' title="bbox 1586 1958 2888 2018; baseline -0.001 -15"><span class='ocrx_word' id='word_1_530' title='bbox 1586 1961 1725 2005; x_wconf 87' lang='lat' dir='ltr'><strong>riodo</strong></span> <span class='ocrx_word' id='word_1_531' title='bbox 1749 1977 1883 2005; x_wconf 90' lang='lat' dir='ltr'><strong>usum</strong></span> <span class='ocrx_word' id='word_1_532' title='bbox 1909 1975 2003 2004; x_wconf 91' lang='lat' dir='ltr'><strong>esse</strong></span> <span class='ocrx_word' id='word_1_533' title='bbox 2027 1960 2259 2004; x_wconf 86' lang='lat' dir='ltr'><strong>Sothiaca.</strong></span> <span class='ocrx_word' id='word_1_534' title='bbox 2283 1960 2407 2004; x_wconf 89' lang='lat' dir='ltr'><strong>Num</strong></span> <span class='ocrx_word' id='word_1_535' title='bbox 2430 1960 2608 2018; x_wconf 77' lang='lat' dir='ltr'><strong>primus</strong></span> <span class='ocrx_word' id='word_1_536' title='bbox 2627 1958 2679 2003; x_wconf 89' lang='lat' dir='ltr'><strong>id</strong></span> <span class='ocrx_word' id='word_1_537' title='bbox 2708 1958 2888 2013; x_wconf 88' lang='lat' dir='ltr'><strong>fecerit,</strong></span> 
     </span>
     <span class='ocr_line' id='line_1_81' title="bbox 1587 2031 2887 2085; baseline -0.002 -8"><span class='ocrx_word' id='word_1_538' title='bbox 1587 2050 1646 2077; x_wconf 87' lang='lat' dir='ltr'><strong>an</strong></span> <span class='ocrx_word' id='word_1_539' title='bbox 1682 2036 1788 2077; x_wconf 88' lang='lat' dir='ltr'><strong>ante</strong></span> <span class='ocrx_word' id='word_1_540' title='bbox 1820 2049 1927 2078; x_wconf 85' lang='lat' dir='ltr'><strong>eum</strong></span> <span class='ocrx_word' id='word_1_541' title='bbox 1970 2033 2046 2076; x_wconf 86' lang='lat' dir='ltr'><strong>alii</strong></span> <span class='ocrx_word' id='word_1_542' title='bbox 2073 2031 2242 2076; x_wconf 85' lang='lat' dir='ltr'><strong>eodem</strong></span> <span class='ocrx_word' id='word_1_543' title='bbox 2267 2031 2414 2075; x_wconf 90' lang='lat' dir='ltr'><strong>modo</strong></span> <span class='ocrx_word' id='word_1_544' title='bbox 2452 2047 2553 2075; x_wconf 89' lang='lat' dir='ltr'><strong>rem</strong></span> <span class='ocrx_word' id='word_1_545' title='bbox 2585 2032 2887 2085; x_wconf 87' lang='lat' dir='ltr'><strong>instituerint,</strong></span> 
     </span>
     <span class='ocr_line' id='line_1_82' title="bbox 1586 2101 2892 2162; baseline -0.002 -14"><span class='ocrx_word' id='word_1_546' title='bbox 1586 2107 1818 2149; x_wconf 89' lang='lat' dir='ltr'><strong>incertum</strong></span> <span class='ocrx_word' id='word_1_547' title='bbox 1838 2114 1919 2151; x_wconf 91' lang='lat' dir='ltr'><strong>est.</strong></span> <span class='ocrx_word' id='word_1_548' title='bbox 1946 2104 2239 2162; x_wconf 85' lang='lat' dir='ltr'><strong>Quamquam</strong></span> <span class='ocrx_word' id='word_1_549' title='bbox 2263 2103 2510 2147; x_wconf 88' lang='lat' dir='ltr'><strong>Boeckhius</strong></span> <span class='ocrx_word' id='word_1_550' title='bbox 2525 2118 2574 2162; x_wconf 88' lang='lat' dir='ltr'><strong>p.</strong></span> <span class='ocrx_word' id='word_1_551' title='bbox 2608 2103 2687 2158; x_wconf 80' lang='lat'><strong>36,</strong></span> <span class='ocrx_word' id='word_1_552' title='bbox 2709 2101 2892 2147; x_wconf 88' lang='lat' dir='ltr'><strong>Sothia-</strong></span> 
     </span>
     <span class='ocr_line' id='line_1_83' title="bbox 1588 2174 2892 2237; baseline -0.002 -16"><span class='ocrx_word' id='word_1_553' title='bbox 1588 2194 1689 2221; x_wconf 89' lang='lat' dir='ltr'><strong>cam</strong></span> <span class='ocrx_word' id='word_1_554' title='bbox 1713 2177 1967 2237; x_wconf 83' lang='lat' dir='ltr'><strong>periodum</strong></span> <span class='ocrx_word' id='word_1_555' title='bbox 1990 2174 2242 2237; x_wconf 85' lang='lat' dir='ltr'><strong>significari</strong></span> <span class='ocrx_word' id='word_1_556' title='bbox 2274 2176 2413 2220; x_wconf 88' lang='lat' dir='ltr'><strong>etiam</strong></span> <span class='ocrx_word' id='word_1_557' title='bbox 2433 2175 2559 2234; x_wconf 89' lang='lat' dir='ltr'><strong>apud</strong></span> <span class='ocrx_word' id='word_1_558' title='bbox 2597 2175 2892 2220; x_wconf 86' lang='lat' dir='ltr'><strong>Herodotum</strong></span> 
     </span>
     <span class='ocr_line' id='line_1_84' title="bbox 1589 2241 2894 2306; baseline -0.002 -12"><span class='ocrx_word' id='word_1_559' title='bbox 1589 2259 1760 2306; x_wconf 86' lang='lat' dir='ltr'><strong>censet,</strong></span> <span class='ocrx_word' id='word_1_560' title='bbox 1777 2251 1863 2294; x_wconf 83' lang='lat' dir='ltr'><strong>lib.</strong></span> <span class='ocrx_word' id='word_1_561' title='bbox 1882 2252 1944 2306; x_wconf 94' lang='lat' dir='ltr'><strong>II,</strong></span> <span class='ocrx_word' id='word_1_562' title='bbox 1975 2241 2083 2304; x_wconf 72' lang='lat'><strong>142,</strong></span> <span class='ocrx_word' id='word_1_563' title='bbox 2100 2249 2184 2292; x_wconf 91' lang='lat' dir='ltr'><strong>ubi</strong></span> <span class='ocrx_word' id='word_1_564' title='bbox 2199 2247 2455 2292; x_wconf 89' lang='lat' dir='ltr'><strong>secundum</strong></span> <span class='ocrx_word' id='word_1_565' title='bbox 2470 2247 2894 2292; x_wconf 85' lang='lat' dir='ltr'><strong>sacerdotumnar-</strong></span> 
     </span>
     <span class='ocr_line' id='line_1_85' title="bbox 1586 2320 2962 2379; baseline -0.002 -12"><span class='ocrx_word' id='word_1_566' title='bbox 1586 2325 1816 2368; x_wconf 87' lang='lat' dir='ltr'><strong>rationem</strong></span> <span class='ocrx_word' id='word_1_567' title='bbox 1836 2323 2037 2367; x_wconf 88' lang='lat' dir='ltr'><strong>refertur</strong></span> <span class='ocrx_word' id='word_1_568' title='bbox 2056 2321 2165 2366; x_wconf 90' lang='lat' dir='ltr'><strong>inde</strong></span> <span class='ocrx_word' id='word_1_569' title='bbox 2188 2336 2214 2365; x_wconf 88' lang='lat' dir='ltr'><strong>a</strong></span> <span class='ocrx_word' id='word_1_570' title='bbox 2234 2321 2370 2366; x_wconf 87' lang='lat' dir='ltr'><strong>Mene</strong></span> <span class='ocrx_word' id='word_1_571' title='bbox 2391 2335 2538 2379; x_wconf 89' lang='lat' dir='ltr'><strong>usque</strong></span> <span class='ocrx_word' id='word_1_572' title='bbox 2558 2320 2619 2365; x_wconf 89' lang='lat' dir='ltr'><strong>ad</strong></span> <span class='ocrx_word' id='word_1_573' title='bbox 2641 2321 2894 2365; x_wconf 89' lang='lat' dir='ltr'><strong>Sethonem</strong></span> <span class='ocrx_word' id='word_1_574' title='bbox 2955 2370 2962 2373; x_wconf 49' lang='grc'>,</span> 
     </span>
     <span class='ocr_line' id='line_1_86' title="bbox 1587 2392 2893 2453; baseline -0.002 -13"><span class='ocrx_word' id='word_1_575' title='bbox 1587 2396 1852 2440; x_wconf 85' lang='lat' dir='ltr'><strong>sacerdotes</strong></span> <span class='ocrx_word' id='word_1_576' title='bbox 1906 2396 2043 2439; x_wconf 86' lang='lat' dir='ltr'><strong>fuisse</strong></span> <span class='ocrx_word' id='word_1_577' title='bbox 2096 2393 2183 2447; x_wconf 76' lang='lat'><strong>341</strong></span> <span class='ocrx_word' id='word_1_578' title='bbox 2230 2408 2457 2453; x_wconf 86' lang='lat' dir='ltr'><strong>regesque</strong></span> <span class='ocrx_word' id='word_1_579' title='bbox 2486 2392 2712 2448; x_wconf 86' lang='lat' dir='ltr'><strong>totidem,</strong></span> <span class='ocrx_word' id='word_1_580' title='bbox 2744 2401 2893 2452; x_wconf 79' lang='lat' dir='ltr'><strong>atque</strong></span> 
     </span>
     <span class='ocr_line' id='line_1_87' title="bbox 1588 2464 2893 2527; baseline -0.001 -15"><span class='ocrx_word' id='word_1_581' title='bbox 1588 2469 1710 2512; x_wconf 89' lang='lat' dir='ltr'><strong>inter</strong></span> <span class='ocrx_word' id='word_1_582' title='bbox 1743 2469 1915 2512; x_wconf 89' lang='lat' dir='ltr'><strong>horum</strong></span> <span class='ocrx_word' id='word_1_583' title='bbox 1939 2477 2153 2527; x_wconf 88' lang='lat' dir='ltr'><strong>tempora</strong></span> <span class='ocrx_word' id='word_1_584' title='bbox 2186 2466 2333 2510; x_wconf 86' lang='lat' dir='ltr'><strong>solem</strong></span> <span class='ocrx_word' id='word_1_585' title='bbox 2379 2474 2542 2524; x_wconf 88' lang='lat' dir='ltr'><strong>quater</strong></span> <span class='ocrx_word' id='word_1_586' title='bbox 2578 2464 2734 2509; x_wconf 87' lang='lat' dir='ltr'><strong>sedem</strong></span> <span class='ocrx_word' id='word_1_587' title='bbox 2763 2480 2893 2510; x_wconf 87' lang='lat' dir='ltr'><strong>suam</strong></span> 
     </span>
     <span class='ocr_line' id='line_1_88' title="bbox 1588 2525 2972 2599; baseline -0.001 -15"><span class='ocrx_word' id='word_1_588' title='bbox 1588 2551 1801 2587; x_wconf 81' lang='lat' dir='ltr'><strong>mutasse.</strong></span> <span class='ocrx_word' id='word_1_589' title='bbox 1839 2541 2019 2599; x_wconf 87' lang='lat' dir='ltr'><strong>Quibus</strong></span> <span class='ocrx_word' id='word_1_590' title='bbox 2048 2540 2163 2584; x_wconf 91' lang='lat' dir='ltr'><strong>mihi</strong></span> <span class='ocrx_word' id='word_1_591' title='bbox 2196 2539 2310 2582; x_wconf 84' lang='lat' dir='ltr'><strong>alius</strong></span> <span class='ocrx_word' id='word_1_592' title='bbox 2345 2538 2536 2596; x_wconf 90' lang='lat' dir='ltr'><strong>quidam</strong></span> <span class='ocrx_word' id='word_1_593' title='bbox 2560 2538 2716 2597; x_wconf 88' lang='lat' dir='ltr'><strong>cyclus</strong></span> <span class='ocrx_word' id='word_1_594' title='bbox 2737 2552 2892 2582; x_wconf 47' lang='grc'><strong>5116611-</strong></span> <span class='ocrx_word' id='word_1_595' title='bbox 2955 2525 2972 2578; x_wconf 66' lang='grc' dir='ltr'><em>ἶ</em></span> 
     </span>
     <span class='ocr_line' id='line_1_89' title="bbox 1589 2602 2973 2674; baseline -0.003 -16"><span class='ocrx_word' id='word_1_596' title='bbox 1589 2614 1756 2659; x_wconf 89' lang='lat' dir='ltr'><strong>dotalis</strong></span> <span class='ocrx_word' id='word_1_597' title='bbox 1779 2615 1962 2659; x_wconf 87' lang='lat' dir='ltr'><strong>subesse</strong></span> <span class='ocrx_word' id='word_1_598' title='bbox 1985 2612 2173 2657; x_wconf 86' lang='lat' dir='ltr'><strong>videtur</strong></span> <span class='ocrx_word' id='word_1_599' title='bbox 2194 2608 2315 2674; x_wconf 90' lang='lat' dir='ltr'><strong>(vid.</strong></span> <span class='ocrx_word' id='word_1_600' title='bbox 2337 2611 2521 2670; x_wconf 82' lang='lat' dir='ltr'><strong>Fragm.</strong></span> <span class='ocrx_word' id='word_1_601' title='bbox 2545 2625 2648 2654; x_wconf 89' lang='lat' dir='ltr'><strong>mea</strong></span> <span class='ocrx_word' id='word_1_602' title='bbox 2664 2610 2888 2655; x_wconf 88' lang='lat' dir='ltr'><strong>Chronol.</strong></span> <span class='ocrx_word' id='word_1_603' title='bbox 2953 2602 2973 2654; x_wconf 62' lang='grc' dir='ltr'><strong>ζῗῖ</strong></span> 
     </span>
     <span class='ocr_line' id='line_1_90' title="bbox 1589 2682 2892 2746; baseline -0.003 -17"><span class='ocrx_word' id='word_1_604' title='bbox 1589 2703 1637 2746; x_wconf 88' lang='lat' dir='ltr'><strong>p.</strong></span> <span class='ocrx_word' id='word_1_605' title='bbox 1681 2702 1763 2745; x_wconf 87' lang='lat'><strong>191</strong></span> <span class='ocrx_word' id='word_1_606' title='bbox 1815 2686 1955 2745; x_wconf 88' lang='lat' dir='ltr'><strong>not.).</strong></span> <span class='ocrx_word' id='word_1_607' title='bbox 1992 2686 2206 2730; x_wconf 86' lang='lat' dir='ltr'><strong>Ceterum</strong></span> <span class='ocrx_word' id='word_1_608' title='bbox 2254 2685 2384 2728; x_wconf 88' lang='lat' dir='ltr'><strong>locus</strong></span> <span class='ocrx_word' id='word_1_609' title='bbox 2429 2682 2726 2726; x_wconf 87' lang='lat' dir='ltr'><strong>Herodoteus</strong></span> <span class='ocrx_word' id='word_1_610' title='bbox 2770 2691 2892 2726; x_wconf 87' lang='lat' dir='ltr'><strong>eate-</strong></span> 
     </span>
     <span class='ocr_line' id='line_1_91' title="bbox 1591 2754 2891 2816; baseline -0.004 -13"><span class='ocrx_word' id='word_1_611' title='bbox 1591 2775 1677 2803; x_wconf 89' lang='lat' dir='ltr'><strong>nus</strong></span> <span class='ocrx_word' id='word_1_612' title='bbox 1702 2759 1763 2803; x_wconf 87' lang='lat' dir='ltr'><strong>ad</strong></span> <span class='ocrx_word' id='word_1_613' title='bbox 1797 2768 1999 2802; x_wconf 89' lang='lat' dir='ltr'><strong>nostram</strong></span> <span class='ocrx_word' id='word_1_614' title='bbox 2030 2773 2131 2802; x_wconf 88' lang='lat' dir='ltr'><strong>rem</strong></span> <span class='ocrx_word' id='word_1_615' title='bbox 2155 2757 2289 2812; x_wconf 85' lang='lat' dir='ltr'><strong>facit,</strong></span> <span class='ocrx_word' id='word_1_616' title='bbox 2327 2763 2554 2816; x_wconf 87' lang='lat' dir='ltr'><strong>quatenus</strong></span> <span class='ocrx_word' id='word_1_617' title='bbox 2578 2754 2718 2798; x_wconf 92' lang='lat' dir='ltr'><strong>docet</strong></span> <span class='ocrx_word' id='word_1_618' title='bbox 2739 2769 2891 2799; x_wconf 89' lang='lat' dir='ltr'><strong>sacer-</strong></span> 
     </span>
     <span class='ocr_line' id='line_1_92' title="bbox 1592 2828 2885 2892; baseline -0.003 -18"><span class='ocrx_word' id='word_1_619' title='bbox 1592 2831 1725 2875; x_wconf 86' lang='lat' dir='ltr'><strong>dotes</strong></span> <span class='ocrx_word' id='word_1_620' title='bbox 1750 2832 1994 2892; x_wconf 85' lang='lat' dir='ltr'><strong>AEgyptios</strong></span> <span class='ocrx_word' id='word_1_621' title='bbox 2014 2840 2226 2888; x_wconf 88' lang='lat' dir='ltr'><strong>tempora</strong></span> <span class='ocrx_word' id='word_1_622' title='bbox 2248 2829 2450 2872; x_wconf 84' lang='lat' dir='ltr'><strong>historiae</strong></span> <span class='ocrx_word' id='word_1_623' title='bbox 2467 2829 2570 2871; x_wconf 87' lang='lat' dir='ltr'><strong>luce</strong></span> <span class='ocrx_word' id='word_1_624' title='bbox 2594 2828 2716 2871; x_wconf 85' lang='lat' dir='ltr'><strong>clara</strong></span> <span class='ocrx_word' id='word_1_625' title='bbox 2739 2836 2784 2871; x_wconf 89' lang='lat' dir='ltr'><strong>et</strong></span> <span class='ocrx_word' id='word_1_626' title='bbox 2807 2828 2885 2870; x_wconf 87' lang='lat' dir='ltr'><strong>in-</strong></span> 
     </span>
     <span class='ocr_line' id='line_1_93' title="bbox 1594 2899 2886 2962; baseline -0.004 -15"><span class='ocrx_word' id='word_1_627' title='bbox 1594 2913 1728 2947; x_wconf 87' lang='lat' dir='ltr'><strong>certae</strong></span> <span class='ocrx_word' id='word_1_628' title='bbox 1783 2904 2070 2962; x_wconf 88' lang='lat' dir='ltr'><strong>antiquitatis</strong></span> <span class='ocrx_word' id='word_1_629' title='bbox 2126 2903 2189 2944; x_wconf 90' lang='lat' dir='ltr'><strong>ita</strong></span> <span class='ocrx_word' id='word_1_630' title='bbox 2241 2899 2563 2957; x_wconf 79' lang='lat' dir='ltr'><strong>conjunxisse,</strong></span> <span class='ocrx_word' id='word_1_631' title='bbox 2610 2907 2662 2942; x_wconf 91' lang='lat' dir='ltr'><strong>ut</strong></span> <span class='ocrx_word' id='word_1_632' title='bbox 2711 2907 2886 2942; x_wconf 87' lang='lat' dir='ltr'><strong>certum</strong></span> 
     </span>
     <span class='ocr_line' id='line_1_94' title="bbox 1593 2972 2887 3035; baseline -0.005 -15"><span class='ocrx_word' id='word_1_633' title='bbox 1593 2977 1828 3034; x_wconf 88' lang='lat' dir='ltr'><strong>quendam</strong></span> <span class='ocrx_word' id='word_1_634' title='bbox 1845 2976 2151 3035; x_wconf 86' lang='lat' dir='ltr'><strong>periodorum</strong></span> <span class='ocrx_word' id='word_1_635' title='bbox 2166 2988 2409 3016; x_wconf 91' lang='lat' dir='ltr'><strong>numerum</strong></span> <span class='ocrx_word' id='word_1_636' title='bbox 2430 2972 2684 3030; x_wconf 84' lang='lat' dir='ltr'><strong>explerent.</strong></span> <span class='ocrx_word' id='word_1_637' title='bbox 2704 2973 2887 3031; x_wconf 82' lang='lat' dir='ltr'><strong>Regum</strong></span> 
     </span>
     <span class='ocr_line' id='line_1_95' title="bbox 1592 3043 2888 3102; baseline -0.003 -12"><span class='ocrx_word' id='word_1_638' title='bbox 1592 3063 1812 3092; x_wconf 89' lang='lat' dir='ltr'><strong>numerus</strong></span> <span class='ocrx_word' id='word_1_639' title='bbox 1855 3048 1944 3099; x_wconf 79' lang='grc'><strong>341</strong></span> <span class='ocrx_word' id='word_1_640' title='bbox 1986 3063 2010 3090; x_wconf 91' lang='lat' dir='ltr'><strong>a</strong></span> <span class='ocrx_word' id='word_1_641' title='bbox 2035 3045 2327 3090; x_wconf 86' lang='lat' dir='ltr'><strong>Manethonis</strong></span> <span class='ocrx_word' id='word_1_642' title='bbox 2362 3043 2622 3102; x_wconf 77' lang='lat' dir='ltr'><strong>rationibus</strong></span> <span class='ocrx_word' id='word_1_643' title='bbox 2659 3043 2786 3087; x_wconf 91' lang='lat' dir='ltr'><strong>haud</strong></span> <span class='ocrx_word' id='word_1_644' title='bbox 2827 3045 2888 3087; x_wconf 90' lang='lat' dir='ltr'><strong>ita</strong></span> 
     </span>
    </p>
   </div>
   <div class='ocr_carea' id='block_1_18' title="bbox 1593 3186 2945 4264">
    <p class='ocr_par' dir='ltr' id='par_1_22' title="bbox 1593 3186 2894 3381">
     <span class='ocr_line' id='line_1_96' title="bbox 1593 3186 2893 3253; baseline -0.003 -17"><span class='ocrx_word' id='word_1_645' title='bbox 1593 3208 1671 3236; x_wconf 88' lang='lat' dir='ltr'><strong>rus</strong></span> <span class='ocrx_word' id='word_1_646' title='bbox 1694 3191 1757 3252; x_wconf 82' lang='grc' dir='ltr'><strong>(Ι,</strong></span> <span class='ocrx_word' id='word_1_647' title='bbox 1781 3191 1879 3253; x_wconf 78' lang='grc'><strong>44),</strong></span> <span class='ocrx_word' id='word_1_648' title='bbox 1903 3193 1983 3251; x_wconf 92' lang='lat' dir='ltr'><strong>qui</strong></span> <span class='ocrx_word' id='word_1_649' title='bbox 2003 3207 2029 3235; x_wconf 88' lang='lat' dir='ltr'><strong>a</strong></span> <span class='ocrx_word' id='word_1_650' title='bbox 2053 3193 2188 3234; x_wconf 86' lang='lat' dir='ltr'><strong>Mene</strong></span> <span class='ocrx_word' id='word_1_651' title='bbox 2215 3205 2324 3249; x_wconf 87' lang='lat' dir='ltr'><strong>rege</strong></span> <span class='ocrx_word' id='word_1_652' title='bbox 2345 3204 2490 3247; x_wconf 87' lang='lat' dir='ltr'><strong>usque</strong></span> <span class='ocrx_word' id='word_1_653' title='bbox 2509 3187 2570 3232; x_wconf 88' lang='lat' dir='ltr'><strong>ad</strong></span> <span class='ocrx_word' id='word_1_654' title='bbox 2594 3188 2665 3232; x_wconf 88' lang='lat' dir='ltr'><strong>Ol.</strong></span> <span class='ocrx_word' id='word_1_655' title='bbox 2690 3186 2778 3232; x_wconf 87' lang='lat'><strong>180</strong></span> <span class='ocrx_word' id='word_1_656' title='bbox 2798 3189 2893 3232; x_wconf 88' lang='lat' dir='ltr'><strong>sive</strong></span> 
     </span>
     <span class='ocr_line' id='line_1_97' title="bbox 1595 3258 2894 3321; baseline -0.004 -13"><span class='ocrx_word' id='word_1_657' title='bbox 1595 3266 1657 3308; x_wconf 87' lang='lat'><strong>60</strong></span> <span class='ocrx_word' id='word_1_658' title='bbox 1683 3280 1726 3311; x_wconf 77' lang='lat' dir='ltr'><strong>a.</strong></span> <span class='ocrx_word' id='word_1_659' title='bbox 1758 3266 1809 3311; x_wconf 89' lang='lat' dir='ltr'><strong>C.</strong></span> <span class='ocrx_word' id='word_1_660' title='bbox 1852 3280 1998 3308; x_wconf 88' lang='lat' dir='ltr'><strong>annos</strong></span> <span class='ocrx_word' id='word_1_661' title='bbox 2019 3264 2204 3308; x_wconf 88' lang='lat' dir='ltr'><strong>circiter</strong></span> <span class='ocrx_word' id='word_1_662' title='bbox 2236 3263 2484 3321; x_wconf 89' lang='lat' dir='ltr'><strong>quinquies</strong></span> <span class='ocrx_word' id='word_1_663' title='bbox 2507 3261 2635 3304; x_wconf 90' lang='lat' dir='ltr'><strong>mille</strong></span> <span class='ocrx_word' id='word_1_664' title='bbox 2668 3258 2894 3305; x_wconf 83' lang='lat' dir='ltr'><strong>effluxisse</strong></span> 
     </span>
     <span class='ocr_line' id='line_1_98' title="bbox 1597 3339 1673 3381; baseline -0.026 0"><span class='ocrx_word' id='word_1_665' title='bbox 1597 3339 1673 3381; x_wconf 88' lang='lat' dir='ltr'><strong>ait.</strong></span> 
     </span>
    </p>

    <p class='ocr_par' dir='ltr' id='par_1_23' title="bbox 1597 3404 2948 4264">
     <span class='ocr_line' id='line_1_99' title="bbox 1662 3404 2894 3468; baseline -0.004 -14"><span class='ocrx_word' id='word_1_666' title='bbox 1662 3414 1899 3468; x_wconf 85' lang='lat' dir='ltr'><strong>Quatenus</strong></span> <span class='ocrx_word' id='word_1_667' title='bbox 1919 3409 2224 3454; x_wconf 85' lang='lat' dir='ltr'><strong>sacerdotales</strong></span> <span class='ocrx_word' id='word_1_668' title='bbox 2243 3409 2312 3452; x_wconf 85' lang='lat' dir='ltr'><strong>hae</strong></span> <span class='ocrx_word' id='word_1_669' title='bbox 2335 3407 2606 3450; x_wconf 83' lang='lat' dir='ltr'><strong>traditiones</strong></span> <span class='ocrx_word' id='word_1_670' title='bbox 2628 3404 2769 3450; x_wconf 87' lang='lat' dir='ltr'><strong>fidem</strong></span> <span class='ocrx_word' id='word_1_671' title='bbox 2799 3421 2894 3450; x_wconf 89' lang='lat' dir='ltr'><strong>me-</strong></span> 
     </span>
     <span class='ocr_line' id='line_1_100' title="bbox 1597 3478 2893 3539; baseline -0.004 -12"><span class='ocrx_word' id='word_1_672' title='bbox 1597 3493 1799 3539; x_wconf 89' lang='lat' dir='ltr'><strong>reantur,</strong></span> <span class='ocrx_word' id='word_1_673' title='bbox 1820 3484 1916 3537; x_wconf 88' lang='lat' dir='ltr'><strong>vel,</strong></span> <span class='ocrx_word' id='word_1_674' title='bbox 1941 3490 1990 3526; x_wconf 85' lang='lat' dir='ltr'><strong>ut</strong></span> <span class='ocrx_word' id='word_1_675' title='bbox 2015 3482 2228 3525; x_wconf 82' lang='lat' dir='ltr'><strong>disertius</strong></span> <span class='ocrx_word' id='word_1_676' title='bbox 2251 3496 2349 3525; x_wconf 88' lang='lat' dir='ltr'><strong>rem</strong></span> <span class='ocrx_word' id='word_1_677' title='bbox 2369 3480 2580 3538; x_wconf 89' lang='lat' dir='ltr'><strong>eloquar,</strong></span> <span class='ocrx_word' id='word_1_678' title='bbox 2602 3478 2712 3522; x_wconf 91' lang='lat' dir='ltr'><strong>inde</strong></span> <span class='ocrx_word' id='word_1_679' title='bbox 2728 3493 2754 3522; x_wconf 88' lang='lat' dir='ltr'><strong>a</strong></span> <span class='ocrx_word' id='word_1_680' title='bbox 2774 3493 2893 3536; x_wconf 90' lang='lat' dir='ltr'><strong>quo-</strong></span> 
     </span>
     <span class='ocr_line' id='line_1_101' title="bbox 1597 3549 2932 3614; baseline -0.004 -15"><span class='ocrx_word' id='word_1_681' title='bbox 1597 3571 1703 3599; x_wconf 91' lang='lat' dir='ltr'><strong>nam</strong></span> <span class='ocrx_word' id='word_1_682' title='bbox 1730 3564 1942 3614; x_wconf 87' lang='lat' dir='ltr'><strong>tempore</strong></span> <span class='ocrx_word' id='word_1_683' title='bbox 1969 3563 2092 3597; x_wconf 86' lang='lat' dir='ltr'><strong>certa</strong></span> <span class='ocrx_word' id='word_1_684' title='bbox 2125 3569 2284 3597; x_wconf 82' lang='lat' dir='ltr'><strong>rerum</strong></span> <span class='ocrx_word' id='word_1_685' title='bbox 2311 3552 2538 3595; x_wconf 83' lang='lat' dir='ltr'><strong>memoria</strong></span> <span class='ocrx_word' id='word_1_686' title='bbox 2567 3549 2785 3594; x_wconf 88' lang='lat' dir='ltr'><strong>succedat</strong></span> <span class='ocrx_word' id='word_1_687' title='bbox 2806 3549 2893 3610; x_wconf 81' lang='lat' dir='ltr'><strong>fig-</strong></span> <span class='ocrx_word' id='word_1_688' title='bbox 2928 3569 2932 3572; x_wconf 66' lang='lat'>,</span> 
     </span>
     <span class='ocr_line' id='line_1_102' title="bbox 1597 3622 2892 3685; baseline -0.005 -13"><span class='ocrx_word' id='word_1_689' title='bbox 1597 3629 1762 3672; x_wconf 84' lang='lat' dir='ltr'><strong>mentis</strong></span> <span class='ocrx_word' id='word_1_690' title='bbox 1790 3627 2123 3685; x_wconf 86' lang='lat' dir='ltr'><strong>conjecturisve</strong></span> <span class='ocrx_word' id='word_1_691' title='bbox 2147 3625 2465 3678; x_wconf 86' lang='lat' dir='ltr'><strong>sacerdotum,</strong></span> <span class='ocrx_word' id='word_1_692' title='bbox 2498 3638 2585 3682; x_wconf 85' lang='lat' dir='ltr'><strong>ego</strong></span> <span class='ocrx_word' id='word_1_693' title='bbox 2611 3622 2767 3666; x_wconf 90' lang='lat' dir='ltr'><strong>dicere</strong></span> <span class='ocrx_word' id='word_1_694' title='bbox 2794 3637 2892 3666; x_wconf 89' lang='lat' dir='ltr'><strong>non</strong></span> 
     </span>
     <span class='ocr_line' id='line_1_103' title="bbox 1599 3695 2894 3754; baseline -0.004 -10"><span class='ocrx_word' id='word_1_695' title='bbox 1599 3699 1776 3754; x_wconf 87' lang='lat' dir='ltr'><strong>habeo,</strong></span> <span class='ocrx_word' id='word_1_696' title='bbox 1810 3715 1888 3754; x_wconf 87' lang='lat' dir='ltr'><strong>ac,</strong></span> <span class='ocrx_word' id='word_1_697' title='bbox 1918 3700 1987 3742; x_wconf 89' lang='lat' dir='ltr'><strong>uti</strong></span> <span class='ocrx_word' id='word_1_698' title='bbox 2020 3714 2145 3742; x_wconf 90' lang='lat' dir='ltr'><strong>nunc</strong></span> <span class='ocrx_word' id='word_1_699' title='bbox 2183 3713 2256 3742; x_wconf 88' lang='lat' dir='ltr'><strong>res</strong></span> <span class='ocrx_word' id='word_1_700' title='bbox 2289 3696 2454 3749; x_wconf 88' lang='lat' dir='ltr'><strong>habet,</strong></span> <span class='ocrx_word' id='word_1_701' title='bbox 2494 3695 2711 3749; x_wconf 74' lang='lat' dir='ltr'><strong>omnino,</strong></span> <span class='ocrx_word' id='word_1_702' title='bbox 2725 3695 2894 3739; x_wconf 89' lang='lat' dir='ltr'><strong>certius</strong></span> 
     </span>
     <span class='ocr_line' id='line_1_104' title="bbox 1599 3767 2887 3831; baseline -0.002 -15"><span class='ocrx_word' id='word_1_703' title='bbox 1599 3773 1859 3831; x_wconf 88' lang='lat' dir='ltr'><strong>quidquam</strong></span> <span class='ocrx_word' id='word_1_704' title='bbox 1895 3772 1954 3816; x_wconf 91' lang='lat' dir='ltr'><strong>de</strong></span> <span class='ocrx_word' id='word_1_705' title='bbox 1992 3772 2062 3815; x_wconf 88' lang='lat' dir='ltr'><strong>his</strong></span> <span class='ocrx_word' id='word_1_706' title='bbox 2098 3769 2394 3830; x_wconf 87' lang='lat' dir='ltr'><strong>pronuntiari</strong></span> <span class='ocrx_word' id='word_1_707' title='bbox 2433 3782 2567 3826; x_wconf 87' lang='lat' dir='ltr'><strong>posse</strong></span> <span class='ocrx_word' id='word_1_708' title='bbox 2603 3767 2887 3827; x_wconf 81' lang='lat' dir='ltr'><strong>negaverim.</strong></span> 
     </span>
     <span class='ocr_line' id='line_1_105' title="bbox 1598 3834 2892 3904; baseline -0.005 -15"><span class='ocrx_word' id='word_1_709' title='bbox 1598 3846 1840 3904; x_wconf 86' lang='lat' dir='ltr'><strong>Temporis</strong></span> <span class='ocrx_word' id='word_1_710' title='bbox 1865 3834 2065 3903; x_wconf 83' lang='lat' dir='ltr'><strong>spatium</strong></span> <span class='ocrx_word' id='word_1_711' title='bbox 2089 3843 2220 3901; x_wconf 89' lang='lat' dir='ltr'><strong>quod</strong></span> <span class='ocrx_word' id='word_1_712' title='bbox 2246 3841 2572 3901; x_wconf 81' lang='lat' dir='ltr'><strong>AEgyptiorum</strong></span> <span class='ocrx_word' id='word_1_713' title='bbox 2596 3854 2742 3899; x_wconf 86' lang='lat' dir='ltr'><strong>regno</strong></span> <span class='ocrx_word' id='word_1_714' title='bbox 2767 3838 2892 3899; x_wconf 86' lang='lat' dir='ltr'><strong>apud</strong></span> 
     </span>
     <span class='ocr_line' id='line_1_106' title="bbox 1599 3911 2945 3975; baseline -0.005 -13"><span class='ocrx_word' id='word_1_715' title='bbox 1599 3918 1929 3962; x_wconf 88' lang='lat' dir='ltr'><strong>Manethonem</strong></span> <span class='ocrx_word' id='word_1_716' title='bbox 1948 3916 2217 3975; x_wconf 85' lang='lat' dir='ltr'><strong>assignatur,</strong></span> <span class='ocrx_word' id='word_1_717' title='bbox 2240 3914 2384 3971; x_wconf 84' lang='lat' dir='ltr'><strong>majus</strong></span> <span class='ocrx_word' id='word_1_718' title='bbox 2408 3927 2501 3956; x_wconf 86' lang='lat' dir='ltr'><strong>esse</strong></span> <span class='ocrx_word' id='word_1_719' title='bbox 2533 3927 2673 3971; x_wconf 86' lang='lat' dir='ltr'><strong>quam</strong></span> <span class='ocrx_word' id='word_1_720' title='bbox 2702 3911 2891 3956; x_wconf 83' lang='lat' dir='ltr'><strong>historia</strong></span> <span class='ocrx_word' id='word_1_721' title='bbox 2944 3914 2945 3917; x_wconf 71' lang='grc'>’</span> 
     </span>
     <span class='ocr_line' id='line_1_107' title="bbox 1599 3983 2943 4051; baseline -0.004 -17"><span class='ocrx_word' id='word_1_722' title='bbox 1599 3990 1780 4051; x_wconf 86' lang='lat' dir='ltr'><strong>generis</strong></span> <span class='ocrx_word' id='word_1_723' title='bbox 1805 3989 1993 4033; x_wconf 89' lang='lat' dir='ltr'><strong>humani</strong></span> <span class='ocrx_word' id='word_1_724' title='bbox 2027 3987 2270 4032; x_wconf 86' lang='lat' dir='ltr'><strong>admittere</strong></span> <span class='ocrx_word' id='word_1_725' title='bbox 2297 3985 2532 4037; x_wconf 84' lang='lat' dir='ltr'><strong>videatur,</strong></span> <span class='ocrx_word' id='word_1_726' title='bbox 2566 3999 2704 4028; x_wconf 89' lang='lat' dir='ltr'><strong>nemo</strong></span> <span class='ocrx_word' id='word_1_727' title='bbox 2738 3984 2893 4028; x_wconf 82' lang='lat' dir='ltr'><strong>sanior</strong></span> <span class='ocrx_word' id='word_1_728' title='bbox 2926 3983 2943 4046; x_wconf 51' lang='lat' dir='ltr'><strong>¹J</strong></span> 
     </span>
     <span class='ocr_line' id='line_1_108' title="bbox 1599 4057 2943 4121; baseline -0.003 -15"><span class='ocrx_word' id='word_1_729' title='bbox 1599 4077 1698 4106; x_wconf 84' lang='lat' dir='ltr'><strong>non</strong></span> <span class='ocrx_word' id='word_1_730' title='bbox 1720 4062 1957 4121; x_wconf 82' lang='lat' dir='ltr'><strong>largietur.</strong></span> <span class='ocrx_word' id='word_1_731' title='bbox 1986 4061 2053 4104; x_wconf 87' lang='lat' dir='ltr'><strong>Ac</strong></span> <span class='ocrx_word' id='word_1_732' title='bbox 2077 4058 2323 4118; x_wconf 89' lang='lat' dir='ltr'><strong>probabile</strong></span> <span class='ocrx_word' id='word_1_733' title='bbox 2352 4068 2418 4101; x_wconf 91' lang='lat' dir='ltr'><strong>est</strong></span> <span class='ocrx_word' id='word_1_734' title='bbox 2442 4058 2628 4117; x_wconf 83' lang='lat' dir='ltr'><strong>longam</strong></span> <span class='ocrx_word' id='word_1_735' title='bbox 2657 4057 2788 4100; x_wconf 88' lang='lat' dir='ltr'><strong>istam</strong></span> <span class='ocrx_word' id='word_1_736' title='bbox 2811 4062 2893 4100; x_wconf 78' lang='lat' dir='ltr'><strong>&#39;re-</strong></span> <span class='ocrx_word' id='word_1_737' title='bbox 2918 4071 2943 4111; x_wconf 61' lang='grc' dir='ltr'><strong>’γ</strong></span> 
     </span>
     <span class='ocr_line' id='line_1_109' title="bbox 1601 4127 2937 4195; baseline -0.005 -17"><span class='ocrx_word' id='word_1_738' title='bbox 1601 4149 1711 4195; x_wconf 83' lang='lat' dir='ltr'><strong>gum</strong></span> <span class='ocrx_word' id='word_1_739' title='bbox 1745 4134 1910 4177; x_wconf 90' lang='lat' dir='ltr'><strong>seriem</strong></span> <span class='ocrx_word' id='word_1_740' title='bbox 1936 4133 1984 4175; x_wconf 91' lang='lat' dir='ltr'><strong>in</strong></span> <span class='ocrx_word' id='word_1_741' title='bbox 2019 4130 2343 4190; x_wconf 87' lang='lat' dir='ltr'><strong>antiquissimis</strong></span> <span class='ocrx_word' id='word_1_742' title='bbox 2366 4139 2489 4174; x_wconf 89' lang='lat' dir='ltr'><strong>certe</strong></span> <span class='ocrx_word' id='word_1_743' title='bbox 2518 4129 2805 4188; x_wconf 86' lang='lat' dir='ltr'><strong>temporibus</strong></span> <span class='ocrx_word' id='word_1_744' title='bbox 2836 4143 2892 4172; x_wconf 91' lang='lat' dir='ltr'><strong>eo</strong></span> <span class='ocrx_word' id='word_1_745' title='bbox 2919 4127 2937 4185; x_wconf 57' lang='grc' dir='ltr'>ἶ</span> 
     </span>
     <span class='ocr_line' id='line_1_110' title="bbox 1602 4198 2891 4264; baseline -0.005 -14"><span class='ocrx_word' id='word_1_746' title='bbox 1602 4204 1847 4250; x_wconf 82' lang='lat' dir='ltr'><strong>conflatam</strong></span> <span class='ocrx_word' id='word_1_747' title='bbox 1884 4219 2001 4260; x_wconf 81' lang='lat' dir='ltr'><strong>esse,</strong></span> <span class='ocrx_word' id='word_1_748' title='bbox 2041 4203 2171 4262; x_wconf 88' lang='lat' dir='ltr'><strong>quod</strong></span> <span class='ocrx_word' id='word_1_749' title='bbox 2195 4203 2384 4247; x_wconf 81' lang='lat' dir='ltr'><strong>diversae</strong></span> <span class='ocrx_word' id='word_1_750' title='bbox 2407 4198 2653 4264; x_wconf 77' lang='grc' dir='ltr'>ἀναγραφαὶ</span> <span class='ocrx_word' id='word_1_751' title='bbox 2675 4201 2721 4244; x_wconf 86' lang='grc'><strong>111</strong></span> <span class='ocrx_word' id='word_1_752' title='bbox 2750 4214 2891 4243; x_wconf 88' lang='lat' dir='ltr'><strong>unum</strong></span> 
     </span>
    </p>
   </div>
   <div class='ocr_carea' id='block_1_19' title="bbox 2897 0 3008 4542">
    <p class='ocr_par' dir='ltr' id='par_1_24' title="bbox 2897 0 3008 4542">
     <span class='ocr_line' id='line_1_111' title="bbox 2897 0 3008 4542; baseline 0 0"><span class='ocrx_word' id='word_1_753' title='bbox 2897 0 3008 4542; x_wconf 95' lang='lat' dir='ltr'><strong> </strong></span> 
     </span>
    </p>
   </div>
  </div>
 </body>
</html>
