3016 4628
14 545 224 622 '·fr.l24.
251 560 292 589 c.

493 725 640 773 ΠΕΡΙ
674 726 711 773 Γ
714 724 925 771 ΡῙΦΩΝ.

669 823 724 868 61
737 857 750 870 .

0 1031 1 1048 ,
20 994 185 1060 „ssepi
204 994 364 1061 γρίφων
379 996 515 1057 (vgo.
537 993 737 1059 γραφῶν)
752 1011 761 1021 ·
781 1014 800 1035 «
817 990 888 1039 Τὰ
912 991 1163 1058 Ἀρχιλόχου
1191 994 1350 1056 (φησὶν)

20 1066 105 1132 ’ὁ
118 1065 360 1130 Σιμωνίδης
382 1069 405 1112 ὁ
428 1063 664 1117 Ζακύνθιος
699 1065 742 1110 ἐν
771 1069 858 1115 τοῖς
891 1063 1079 1128 θεάτροις
1108 1063 1180 1110 ἐπὶ
1204 1064 1353 1129 δίφρου

20 1131 305 1194 ’ἐικάθήμενὸς
325 1129 577 1195 ἐρραψῴδει.
597 1131 841 1191 Vulgatam
865 1126 976 1192 Περὶ
1005 1131 1180 1194 γραφῶν
1200 1140 1355 1175 tuetur

16 1166 508 1264 &gsschweighaeuserus
523 1202 581 1247 ad
603 1203 650 1249 h.
676 1203 708 1246 l.
742 1221 762 1242 «
788 1203 844 1246 In
863 1201 987 1246 libro
1012 1203 1093 1261 qui
1114 1200 1223 1265 Περὶ
1246 1219 1354 1265 γρα-

61 1271 174 1341 Ῑφῖὖν,
197 1276 245 1320 id
268 1286 333 1320 est
351 1277 423 1320 De
426 1277 617 1336 picturis
625 1308 635 1329 ,
660 1273 904 1332 inscriptus
925 1282 1045 1330 erat,
1065 1274 1354 1318 occasionem

66 1347 130 1395 ‘de
173 1347 414 1407 rhapsodis
463 1345 729 1406 disputandi
775 1345 886 1389 inde
928 1345 1120 1389 fortasse
1167 1354 1353 1404 ceperat

19 1446 23 1454 ι
92 1421 343 1476 ,ἰοειῐ-οῑιιιε,
375 1418 506 1478 quod
538 1419 605 1461 il1i
634 1417 853 1461 baculum
895 1425 1270 1461 manu-tenentes
1304 1417 1354 1460 in

21 1527 22 1530 ,
48 1492 203 1552 ,pictis
230 1492 399 1535 tabulis
425 1489 670 1534 ostendere
697 1497 1031 1532 consueverant
1064 1488 1354 1532 auditoribus

29 1563 241 1636 &formas
262 1563 507 1606 hominum
528 1575 764 1616 rerumve,
789 1559 847 1604 de
870 1559 1037 1618 quibus
1060 1560 1281 1620 agebatur
1304 1561 1352 1603 in

27 1634 346 1702 jfcarminibus
370 1649 471 1693 quae
495 1633 554 1676 ab
582 1633 670 1676 illis
690 1631 1056 1676 decantabantur
1083 1632 1196 1692 (1).»

665 1725 745 1772 62.

4 1783 5 1786 ¹
40 1784 61 1809 ‚a

0 1787 5 1843 ί
27 1831 64 1883 ’,ᾖξ-
129 1819 261 1864 Idem
276 1821 380 1876 VII,
401 1835 448 1879 p.
468 1817 631 1879 275,B
651 1834 663 1863 :
686 1814 912 1880 Κλέαρχος
928 1815 1239 1881 Ἀριστοτέλους
1264 1836 1350 1879 μα-

26 1885 218 1955 ζζθητὴς,
234 1888 393 1943 Σολεὺς
412 1886 457 1936 δὲ
480 1889 529 1936 τὸ
545 1887 684 1950 γένος,
703 1890 746 1935 ἐν
765 1891 825 1953 τῷ
843 1887 1038 1954 προτέρῳ
1062 1887 1171 1953 Περὶ
1187 1888 1348 1954 γρίφων

24 1961 39 2029 4⁸*
54 1961 167 2028 ενιγρα
200 1965 257 2010 ῶν
269 1963 384 2025 vgo)
405 1963 568 2028 (κρατῶ
586 1959 669 2026 γὰρ
687 1959 850 2017 καὶτῆς
865 1959 1014 2019 λέξεως
1031 1959 1101 2007 διὰ
1123 1959 1172 2007 τὸ
1186 1959 1348 2025 σφόδρα

25 2071 30 2079 .,
97 2051 138 2082 οι
154 1980 260 2081 εἷναι
282 2034 520 2099 προσφιλῆ)
545 2031 700 2080 οὑτωσί
715 2051 806 2086 πως
826 2031 988 2097 εἴρηκεν
1012 2054 1030 2075 «
1057 2031 1292 2095 Φαγήσια,
1311 2035 1346 2080 οἱ

25 2111 39 2168 J·
123 2105 446 2170 ’Φαγησιπόσια
469 2104 835 2171 προσαγορεύουσι
853 2103 932 2162 τὴν
952 2104 1121 2168 ἑορτήν.
1146 2103 1348 2159 Ἐξέλιπε

26 2174 112 2244 λῧὲ
135 2177 270 2242 αὕτη,
291 2177 486 2242 καθάπερ
510 2182 538 2236 ἡ
563 2181 648 2225 τῶν
674 2179 908 2243 ῥαψῳδῶν,
927 2176 981 2235 ἣν
1005 2170 1108 2239 ἦγον
1132 2175 1246 2224 κατὰ
1268 2175 1346 2234 τὴν

33 2251 148 2306 ffiv
171 2250 424 2299 Διονυσίων·
460 2252 504 2297 ἐν
532 2244 563 2314 ᾗ
585 2249 810 2314 παριόντες
835 2248 1008 2296 ἕκαστοι
1029 2252 1091 2314 τῷ
1127 2252 1234 2315 θεῷ,
1262 2241 1347 2297 οἷον

33 2306 194 2391 {my-hv
211 2322 441 2371 ἀπετέλουν
460 2321 537 2381 τὴν
557 2321 795 2388 ῥαψῳδίαν.
813 2343 832 2364 »
850 2325 989 2370 Ταῦτ’
1007 2313 1124 2368 εἶπεν
1138 2324 1160 2368 ὃ
1176 2320 1344 2386 Κλέαρ-

34 2381 155 2465 Qec.
182 2397 237 2444 Εἰ
259 2395 294 2442 δ’
315 2395 532 2454 ἀπιστεῖς,
562 2386 598 2441 ὦ
629 2397 796 2458 ἑταῖρε,
830 2392 905 2441 καὶ
927 2393 975 2441 τὸ
1008 2393 1171 2457 βιὸλίον
1191 2413 1343 2452 κεκτη-

36 2466 51 2506 Ϊ
67 2463 89 2525 ’,
143 2485 186 2521 ος
210 2469 258 2515 οὗ
278 2467 474 2533 φθονήσω
498 2465 587 2514 σοί·
613 2465 686 2532 ἀφ’
709 2458 758 2514 οῧ
780 2464 922 2513 πολλὰ
943 2464 1141 2527 ἐκμαθὼν
1161 2465 1343 2531 εὐπορή-

401 2646 404 2651 ,
509 2607 593 2656 DE
622 2605 890 2654 GRIPHIS.

11 2702 67 2740 1³
443 2701 482 2748 E
515 2701 701 2749 LIBRO
728 2699 947 2748 PRIMO.

33 2739 79 2910 {f
115 2860 351 2910 Clearchus,
367 2860 500 2912 priore
521 2859 622 2900 libro
646 2863 706 2901 De
745 2858 916 2912 griphis,
943 2858 998 2899 ait
1029 2875 1039 2899 ε
1073 2875 1091 2893 «
1125 2858 1348 2900 Archilochi

9 2939 12 2953 ν
58 2925 237 2967 ‘earmina
251 2925 292 2964 in
306 2923 471 2964 theatris
485 2924 711 2964 decantavit
724 2923 945 2965 Simonides
960 2923 1212 2972 Zacynthius,
1230 2933 1349 2973 super

32 2986 158 3040 ‘mella
171 2988 324 3029 sedens.
341 3002 361 3023 »ι

33 3036 81 3089 «ι’
674 3042 747 3084 62.

54 3119 89 3171 3.
104 3171 106 3173 ‚
119 3119 358 3168 Clearchus,
378 3117 596 3159 Aristotelis
606 3117 836 3168 discipulus,
855 3126 996 3167 genere
1019 3115 1206 3163 Solensis,
1220 3115 1350 3165 priore

56 3163 167 3227 fibro
182 3184 238 3222 De
259 3182 406 3233 griphis
421 3183 534 3231 (nam
550 3180 633 3232 ipsa
647 3180 768 3221 verba
786 3182 904 3220 teneo
915 3210 927 3230 ,
943 3180 1134 3230 quoniam
1154 3188 1348 3229 perquam

83 3243 167 3299 sthi
181 3256 296 3286 carus
311 3247 400 3296 est)
417 3246 459 3284 in
476 3245 584 3284 hunc
602 3246 682 3284 tere
699 3243 864 3283 modum
888 3243 1044 3294 scripsit
1068 3258 1077 3282 ι
1100 3259 1120 3277 α
1139 3242 1348 3292 Phagesia3

162 3314 257 3344 vero
285 3303 559 3354 Phagesiposia
589 3303 630 3342 id
657 3303 801 3342 festum
823 3303 982 3341 vocant.
1015 3300 1193 3341 Desitum
1217 3302 1349 3340 autem

10 3358 11 3365 ’
38 3359 114 3411 ,ζῇ
149 3360 248 3403 illud
271 3361 486 3411 celebrari,
514 3360 854 3412 quemadmodum
870 3358 1155 3410 rhapsodorum
1178 3359 1347 3408 festum,

44 3430 113 3484 jz-
159 3443 165 3461 ·
190 3427 493 3468 Bacchanalium
511 3429 690 3476 tempore
705 3425 900 3476 agebant,
914 3435 996 3475 quo
1015 3423 1254 3474 prodeuntes
1273 3423 1350 3462 sin-

43 3481 54 3494 ²
71 3492 93 3542 f
110 3490 114 3493 ’
157 3489 404 3541 rhapsodiam
416 3490 610 3530 canebant
618 3519 632 3539 ,
645 3488 769 3528 veluti
780 3488 855 3528 deo
871 3487 1061 3527 honorem
1076 3487 1308 3526 tribuentes.
1328 3502 1349 3521 »

182 3555 400 3596 Clearchus
420 3555 589 3606 scripsit.
611 3554 728 3602 Quod
754 3553 787 3594 si
809 3555 855 3593 tu
873 3553 1003 3592 minus
1025 3550 1175 3600 credis,
1198 3550 1348 3599 amice,

67 3605 194 3677 Qun
211 3618 330 3667 etiam
341 3618 510 3669 librum,
525 3629 650 3668 quum
670 3616 891 3668 possideam
902 3645 912 3664 ‚
929 3615 1069 3655 lubens
1082 3614 1216 3653 tecum
1237 3624 1348 3653 com-

63 3679 303 3737 ffflnnicabo,
323 3693 346 3723 e
362 3693 443 3733 quo
460 3682 587 3722 multa
601 3681 803 3722 addiscere
825 3679 992 3731 poteris,
1023 3677 1168 3728 quibus
1187 3676 1351 3727 cognitis

25 3736 27 3747 ¹
56 3745 252 3796 {impetet
261 3745 334 3785 tibi
345 3744 566 3785 difficilium
581 3743 847 3796 quaestionum
862 3740 1208 3794 proponendarum
1225 3740 1348 3790 copia.

25 3838 27 3843 »
66 3800 210 3861 ἵζηται
227 3809 331 3850 enim
347 3810 454 3851 idem
469 3821 630 3860 quoque
641 3839 654 3860 ,
674 3809 839 3849 Galliam
857 3807 1136 3849 Atheniensem
1151 3816 1350 3857 gramma-

48 3852 190 3936 §leam
205 3873 435 3923 tragoediam
451 3873 741 3924 composuisse,
759 3883 782 3912 e
809 3882 889 3923 qua
909 3870 1115 3921 Euripides
1129 3869 1170 3908 in
1189 3869 1349 3919 Medea,

63 3925 121 3984 ᾗ
139 3935 349 3986 Sophocles
373 3936 414 3976 in
436 3937 585 3987 OEdipo
607 3937 648 3976 et
670 3935 890 3975 carminum
914 3934 1140 3983 exemplum
1169 3933 1207 3971 et
1232 3943 1350 3980 argu-

63 3998 194 4191 Ξ
207 3999 481 4040 tractationem
496 4000 752 4051 sumpserint.

44 4077 77 4129 5¹»
124 4090 130 4103 ·
669 4076 743 4117 63.

47 4176 57 4183 -
115 4131 119 4137 A
135 4148 138 4149 ⁷
174 4150 290 4192 lensia
303 4153 462 4204 quidem
470 4154 687 4194 Clearchus
697 4154 881 4205 griphum
896 4154 951 4193 ita
965 4152 1104 4193 definit
1119 4163 1129 4190 ε
1143 4167 1161 4186 «
1180 4150 1352 4200 Griphus

43 4231 48 4268 ζ
77 4215 136 4279 91
163 4217 362 4270 problema
386 4219 582 4259 ludicrum
609 4231 691 4270 quo
709 4220 896 4269 jubemur
926 4217 1139 4268 quaerendo
1173 4215 1348 4255 invenire

248 4295 477 4326 tensaurum
500 4298 657 4337 nisroa.
683 4299 802 4326 cn.—
821 4303 903 4331 vor..
932 4305 974 4331 ιι.

75 4307 103 4351 ’9

75 4379 124 4433 .

43 4441 121 4514 ἢν

985 289 1066 337 DE
1099 287 1355 337 GRIPffls
1391 286 1805 336 FRAGMENTA.

140 403 352 447 Ceterum
388 398 547 443 confer
579 398 855 457 proverbia,
880 399 1054 455 quaein
1078 394 1189 443 Βίων
1216 411 1357 456 opere
1434 411 1519 445 σεις
1555 392 1887 457 προὸλημάτων.
1945 396 2030 443 Καὶ
2069 396 2150 460 γὰρ
2194 401 2382 447 Καλλίαν
2426 406 2603 467 ἱστορεῖ,
2641 408 2710 453 τὸν

40 467 504 536 vassimlaudantur
527 468 660 526 ω,
687 485 770 530 19,
795 483 877 523 20,
901 477 945 512 et
969 467 1099 528 quod
1120 469 1358 527 posuimus
1434 462 1650 520 Ἀθηναῖον
1682 463 1987 526 γραμμνννννὴν
2026 467 2238 513 ννννῖννθ
2269 474 2533 536 τραγῳδίαν,
2565 478 2637 540 ἀφ’
2661 470 2712 533 ³5<

45 894 60 966 ,ν
71 910 78 965 -Ῐ
133 925 511 980 AthenaeusXIV,
524 938 572 983 p.
586 922 697 980 620,
712 921 746 968 C
767 938 777 967 ι
793 919 1015 984 Κλέαρχος
1032 922 1075 968 ἐν
1089 924 1149 985 τῷ
1159 920 1291 986 προτέ
1297 941 1354 986 ρῳ
1409 947 1413 950 -

2613 307 2695 347 321

1431 538 1611 592 ποιῆσαι
1634 534 1689 581 τὰ
1715 534 1825 596 μέλη
1865 535 1938 581 καὶ
1963 535 2039 593 τὴν
2071 537 2256 585 διάθεσιν
2288 543 2520 605 Εὐριπίδην
2543 548 2583 592 ἐν
2609 551 2710 605 Μη-

1432 607 1548 670 δείᾳ,
1572 605 1646 652 καὶ
1672 606 1895 670 Σοφοκλέα
1920 606 1992 652 τὸν
2020 608 2249 657 Οἰδίπουν,

2034 716 2114 764 63.

1495 816 1623 860 Idem
1638 817 1684 860 X
1697 849 1708 870 ,
1726 830 1774 874 p.
1797 814 1953 870 448,C
1969 831 1979 858 ε
1997 812 2051 861 ‘O
2068 813 2143 874 μὲν
2166 814 2323 868 Σολεὺς
2346 817 2567 883 Κλέαρχος
2583 821 2711 875 οὕτως

1429 880 1635 949 ὁρίζεται·
1674 907 1693 926 «
1728 886 1883 950 Γρῖφος
1907 883 2143 949 πρόὸλημα
2168 887 2487 946 ἐπιπαιστικὸν,
2515 909 2711 953 προστα-

1429 956 1574 1004 κτικὸν
1592 958 1664 1004 τοῦ
1691 955 1760 1003 διὰ
1779 955 1994 1014 ζητήσεως
2018 957 2152 1021 εὑρεῖν
2182 960 2235 1020 τῇ
2258 958 2421 1023 διανοίᾳ
2441 959 2488 1006 τὸ
2516 962 2710 1025 προῧλη-

1429 1027 1521 1086 θὲν,
1555 1031 1682 1091 τιμῆς
1703 1024 1731 1085 ἢ
1765 1026 1991 1090 ἐπιζημίου
2013 1027 2138 1093 χάριν
2163 1028 2403 1093 εἰρημένον.
2438 1054 2455 1071 »
2476 1031 2552 1080 Ἐν
2577 1033 2620 1079 δὲ
2645 1037 2705 1098 τῷ

1434 1100 1543 1167 Περὶ
1572 1101 1734 1167 γρίφων
1759 1105 1781 1146 ὃ
1799 1100 1924 1154 αὐτὸς
1953 1100 2177 1166 Κλέαρχός
2205 1120 2332 1175 φησιν
2358 1102 2468 1148 ἑπτὰ
2495 1102 2584 1162 εἴδη
2606 1097 2709 1151 εἶναι

1428 1172 1607 1238 γρίφων.
1644 1194 1664 1215 α
1690 1170 1767 1220 Ἐν
1791 1171 2018 1236 γράμματι
2053 1171 2157 1234 μὲν,
2190 1175 2276 1219 οἷον
2305 1174 2481 1237 ἐροῦμεν
2515 1173 2601 1222 ἀπὸ
2636 1182 2711 1223 τοῦ

1429 1244 1571 1310 ἄλφα,
1599 1246 1656 1297 ὡς
1695 1242 1831 1306 ὄνομά
1865 1262 1907 1291 τι
1934 1242 2126 1308 ἷχθύοςῆ
2153 1248 2302 1308 φυτοῦ.
2339 1244 2530 1307 Ὁμοίως
2559 1245 2603 1293 δὲ
2628 1247 2708 1294 κᾶν

1428 1315 1542 1380 ἔχειν
1565 1335 1607 1362 τι
1634 1315 1790 1379 κελεύῃ
1811 1317 1894 1362 τῶν
1914 1315 2210 1380 γραμμάτων,
2234 1313 2261 1372 ἢ
2281 1316 2341 1378 μὴ
2361 1315 2472 1379 ἔχειν
2489 1337 2498 1346 ·
2519 1317 2708 1384 καθάπερ

1428 1390 1466 1435 οἱ
1491 1387 1668 1450 ἄσιγμοι
1688 1386 1945 1449 καλούμενοι
1968 1391 2052 1435 τῶν
2074 1387 2235 1452 γρίφων
2253 1407 2263 1417 ·
2284 1388 2376 1435 ὅθεν
2401 1390 2474 1436 καὶ
2501 1391 2711 1456 Πίνδαρος

1428 1459 1533 1525 πρὸς
1560 1459 1608 1506 τὸ
1624 1479 1650 1507 σ
1667 1458 1869 1515 ἐποίησεν
1893 1458 2008 1524 ᾠδὴν
2024 1496 2036 1518 ,
2057 1460 2181 1507 οἱονεὶ
2204 1461 2355 1525 γρίφου
2388 1462 2495 1516 τινὸς
2516 1465 2557 1509 ἐν
2584 1466 2708 1525 μελο-

1426 1531 1546 1597 ποιίᾳ
1570 1529 1900 1597 προὸληθέντος.
1934 1530 2012 1578 Ἐν
2036 1532 2231 1596 συλλαὸῇ
2254 1533 2297 1579 δὲ
2321 1534 2515 1595 λέγονται
2538 1536 2701 1601 γρῖφοι,

1426 1596 1512 1651 οἷον
1538 1605 1715 1668 ἐροῦμεν
1736 1601 1945 1667 ἔμμετρον
1965 1602 2190 1661 ὁτιδήποτε
2206 1641 2220 1667 ,
2246 1597 2294 1652 οῧ
2319 1607 2486 1669 ἡγεῖται
2510 1610 2564 1669 βα
2580 1644 2592 1666 ,
2624 1600 2708 1655 οἷον

1429 1676 1647 1741 βασιλεύς·
1671 1674 1699 1733 ἢ
1724 1668 1783 1722 ὧν
1814 1675 1903 1738 ἔχει
1922 1675 2122 1733 τελευτὴν
2141 1675 2189 1723 τὸ
2212 1677 2316 1735 ναξ,
2339 1680 2396 1731 ὣς
2435 1679 2708 1734 Καλλιάναξ·

1425 1746 1453 1805 ἢ
1478 1739 1537 1794 ὧν
1557 1745 1628 1793 τὸν
1648 1746 1798 1793 λέοντα
1823 1749 2127 1808 καθηγεῖσθαι,
2145 1740 2230 1795 οἷον
2257 1746 2470 1806 Λεωνίδης
2485 1768 2496 1777 ·
2521 1748 2548 1806 ἢ
2567 1749 2707 1812 ἔμπα-

1424 1819 1490 1865 λιν
1523 1818 1688 1866 τελικὸν
1725 1811 1856 1878 εἶναι,
1899 1811 1982 1866 οἷον
2006 1821 2289 1884 Θρασυλέων.
2318 1821 2395 1868 Ἐν
2430 1820 2606 1883 ὀνόματι
2637 1821 2705 1880 δὲ,

1424 1883 1510 1938 οἷον
1534 1893 1709 1956 ἐροῦμεν
1737 1890 1926 1952 ὀνόματα
1958 1891 2077 1938 ἁπλᾶ
2100 1892 2127 1950 ἢ
2163 1891 2341 1940 σύνθετα
2370 1892 2634 1952 δισύλλαὸα,
2660 1888 2707 1941 οὗ

1426 1962 1569 2028 μορφή
1586 1981 1647 2016 τις
1663 1962 1914 2028 ἐμφαίνεται
1925 1963 2107 2028 τραγικὴ
2120 2003 2131 2022 ,
2147 1962 2175 2021 ἢ
2190 1963 2319 2010 πάλιν
2338 1963 2534 2021 ταπεινήν
2549 1963 2576 2021 ἢ
2598 1964 2700 2011 ἄθεα

1423 2034 1639 2097 ὀνόματα,
1662 2028 1748 2082 οἷον
1774 2035 2056 2097 Κλεώνυμος,
2076 2035 2103 2094 ἢ
2130 2035 2308 2101 θεοφόρα
2324 2073 2335 2093 ,
2360 2030 2448 2084 οἷον
2472 2035 2702 2090 Διονύσιος.
2745 2053 2748 2057 ’

1427 2106 1514 2154 Καὶ
1538 2111 1661 2154 τοῦτο
1683 2106 1780 2164 ἤτοι
1810 2106 1852 2161 ἐξ
1885 2106 1972 2160 ἑνὸς
1997 2111 2089 2154 θεοῦ
2118 2105 2145 2163 ἢ
2174 2106 2386 2165 πλεόνων,
2415 2099 2501 2154 οἷον
2533 2106 2707 2172 Ἑρμα-

1415 2178 1636 2243 φρόδιτος·
1659 2178 1686 2236 ἢ
1723 2178 1807 2225 ἀπὸ
1831 2178 1928 2233 Διὸς
1957 2178 2195 2243 ἄρχεσθαι,
2229 2180 2435 2235 Διοκλῆς·
2462 2177 2489 2234 ἢ
2514 2178 2704 2242 Ἑρμοῦ,

1424 2250 1721 2316 Ἑρμόδωροςν
1761 2250 1787 2307 ἢ
1823 2250 1968 2314 λήγειν
1983 2287 1995 2309 ,
2017 2253 2053 2298 εἷ
2076 2250 2224 2314 τύχοι,
2266 2251 2324 2303 εἷς
2347 2269 2475 2303 νικος.
2495 2253 2550 2298 Οἱ
2571 2250 2614 2297 δὲ
2642 2250 2703 2312 μὴ

1422 2322 1609 2375 εἰπόντες
1632 2317 1694 2376 οἷς
1728 2323 2042 2387 προσετάττετο
2074 2322 2214 2369 ἔπινον
2246 2321 2293 2368 τὸ
2326 2322 2544 2385 ποτήριον.
2573 2344 2591 2365 υ
2617 2323 2706 2371 Καὶ

1421 2398 1443 2441 ὁ
1464 2393 1540 2455 μὲν
1562 2394 1786 2459 Κλέαρχος
1803 2394 1934 2447 οὕτως
1952 2394 2157 2460 ὡρίσατο.
2177 2398 2228 2440 V.
2245 2397 2497 2440 Casauboni
2518 2398 2704 2440 Excurs.

1420 2469 1480 2512 ad
1503 2469 1552 2512 h.
1581 2469 1613 2514 l.

1422 2605 1565 2645 mentis
1588 2605 1823 2656 cogitatione
1850 2593 1891 2644 id
1910 2605 2016 2656 quod
2037 2606 2280 2655 propositum
2300 2607 2357 2644 est
2373 2634 2384 2649 ‚
2415 2604 2523 2654 quod
2549 2604 2706 2643 honoris

1421 2674 1491 2711 aut
1519 2673 1681 2712 mulctae
1708 2683 1824 2712 causa
1844 2673 2003 2712 dicitur.
2039 2689 2058 2707 υ
2083 2675 2125 2711 ln
2145 2673 2316 2710 tractatu
2348 2682 2444 2710 vero
2474 2674 2533 2711 De
2561 2670 2707 2721 griphi<

1423 2737 1529 2777 idem
1549 2738 1762 2777 Clearchus
1779 2738 1859 2787 ait,
1879 2742 2028 2788 septem
2051 2748 2133 2777 esse
2152 2738 2299 2786 species
2318 2736 2561 2786 griphorum.
2580 2739 2623 2775 ln
2640 2737 2704 2775 lit-

1421 2804 1504 2841 tera
1519 2831 1531 2852 ‚
1544 2813 1670 2852 quum
1686 2801 1898 2842 dicendum
1917 2803 1976 2842 est
1991 2813 2155 2844 nomen,
2172 2801 2297 2840 veluti
2314 2800 2430 2851 piscis
2449 2801 2519 2839 aut
2534 2800 2679 2850 planta²
2694 2831 2703 2847 ‚

1421 2876 1444 2903 a
1461 2866 1570 2905 certa
1587 2862 1743 2914 littera,
1762 2863 1873 2904 verbi
1893 2875 2011 2904 causa
2038 2864 2088 2903 ab
2105 2878 2130 2903 α
2150 2861 2352 2913 incipiens.
2373 2863 2559 2903 Similiter
2581 2874 2705 2913 quum

1419 2929 1532 2978 jubet
1574 2930 1629 2980 (is
1658 2930 1730 2981 qui
1770 2930 1953 2980 griphum
1995 2929 2206 2980 proponit)
2248 2928 2378 2968 dicere
2407 2928 2610 2978 quidpiam
2643 2930 2706 2967 cui

1422 2996 1513 3035 insit
1542 2997 1709 3036 autnon
1736 2996 1828 3036 insit
1854 2997 1960 3035 certa
1980 2995 2162 3045 quaedam
2186 2994 2330 3034 littera.
2355 2994 2470 3032 Tales
2492 2995 2583 3032 sunt
2607 3004 2706 3043 quos

1422 3059 1590 3110 asigmos
1608 3061 1753 3100 vocant
1771 3060 1928 3111 griphos
1949 3073 1958 3097 ε
1988 3058 2093 3098 unde
2114 3060 2155 3098 et
2175 3057 2368 3098 Pindarus
2398 3057 2410 3105 (
2427 3057 2540 3104 afr.
2566 3059 2642 3106 08)
2666 3058 2704 3095 in

1422 3139 1448 3164 σ
1465 3126 1637 3165 litteram
1661 3125 1763 3166 oden
1793 3125 1908 3175 fecit,
1932 3125 2044 3175 quasi
2059 3123 2234 3173 quodam
2258 3122 2395 3172 gripho
2427 3122 2467 3160 in
2484 3122 2604 3171 lyrico
2623 3132 2703 3160 car-

1422 3190 1529 3230 mine
1558 3191 1770 3242 proposito.
1802 3193 1847 3230 ln
1877 3189 2028 3239 syllaba
2056 3199 2153 3228 vero
2183 3187 2370 3227 dicuntur
2398 3186 2550 3236 griphi,
2580 3196 2703 3235 quum

1422 3253 1552 3294 dicere
1570 3254 1759 3304 ⁸iubemur
1776 3263 1935 3294 versum
1958 3251 2183 3301 quempiam
2195 3280 2206 3300 ,
2224 3261 2248 3289 a
2276 3251 2327 3300 βα
2346 3249 2494 3299 syllaba
2510 3278 2521 3297 ‚
2540 3247 2703 3287 velutin

1422 3329 1519 3358 voce
1539 3320 1730 3371 βασιλεὺς,
1744 3319 1995 3369 incipientem
2007 3348 2018 3368 ‚
2037 3320 2106 3356 aut
2123 3317 2162 3356 in
2177 3316 2264 3363 ναξ,
2286 3314 2393 3353 verbi
2415 3324 2532 3352 causa
2546 3313 2585 3351 in
2601 3313 2703 3352 Καλ-

1422 3382 1575 3432 λιάναξ,
1607 3382 1850 3422 desinentem
1876 3397 1886 3421 ι
1915 3383 1986 3420 aut
2009 3381 2178 3430 (versus
2207 3376 2429 3428 quosdam)
2461 3386 2629 3426 quorum
2665 3376 2703 3413 in

1424 3446 1554 3485 fronte
1580 3446 1630 3485 sit
1647 3446 1735 3495 leo,
1758 3444 1869 3484 verbi
1886 3455 2003 3483 causa
2022 3453 2170 3482 nomen
2197 3440 2416 3488 Leonidas;
2441 3441 2511 3478 aut
2534 3449 2701 3488 quorum

1423 3511 1463 3550 in
1491 3510 1594 3559 tine,
1619 3512 1666 3550 ut
1691 3509 1946 3560 Thrasyleon.
1974 3511 2020 3549 In
2047 3508 2206 3547 nomine
2237 3515 2331 3544 vero
2348 3534 2359 3554 ‚
2387 3515 2510 3555 quum
2538 3503 2703 3541 dicimus

1423 3574 1585 3613 nomina
1616 3573 1809 3624 simplicia
1829 3574 1900 3612 aut
1920 3572 2137 3622 composita
2159 3570 2373 3621 disyllaba,
2392 3567 2536 3618 quibus
2557 3566 2701 3615 signifi⁴

1423 3641 1533 3678 cetur
1556 3639 1682 3678 forma
1707 3637 1892 3688 quaedam
1917 3636 2087 3687 tragica,
2109 3635 2191 3675 sive
2211 3646 2348 3674 rursus
2366 3632 2547 3678 humilis,
2569 3632 2613 3668 ut
2630 3641 2700 3669 no-

1423 3702 1531 3741 mina
1549 3701 1623 3741 deo
1642 3699 1839 3750 carentia,
1867 3700 1978 3740 verbi
1994 3709 2112 3740 eausa
2135 3699 2398 3748 Cleonymus;
2415 3696 2483 3734 aut
2498 3694 2613 3733 deum
2631 3693 2699 3730 ha·

1423 3765 1559 3805 bentia
1575 3795 1585 3813 ‚
1605 3767 1650 3804 ut
1669 3764 1882 3815 Dionysius
1900 3780 1910 3803 ι
1936 3765 1976 3803 et
1992 3762 2154 3813 quidem
2169 3762 2251 3801 sive
2270 3770 2392 3800 unum
2407 3755 2676 3797 tantummodo
2688 3783 2698 3798 ,

1423 3829 1506 3869 sive
1520 3829 1654 3879 plures
1664 3857 1676 3877 ,
1693 3830 1739 3868 ut
1753 3826 2129 3877 Hermaphroditus3
2145 3827 2214 3864 aut
2232 3834 2322 3874 quae
2336 3820 2522 3871 incipiant
2542 3829 2566 3856 a
2583 3820 2698 3864 Jove,

1423 3894 1469 3933 ut
1483 3893 1660 3941 Diocles;
1677 3894 1747 3931 aut
1765 3903 1789 3932 a
1804 3892 2016 3940 Mercurio,
2034 3892 2078 3929 ut
2098 3887 2390 3933 Hermodorus3
2407 3884 2476 3922 aut
2490 3891 2579 3932 quoe
2597 3880 2697 3918 desi-

1422 3960 1533 4008 nant,
1556 3957 1661 3997 verbi
1678 3968 1818 4005 causa,
1837 3957 1878 3996 in
1895 3969 1997 4001 νικος
2011 3953 2278 4004 (Victoriam),
2298 3950 2359 4001 [ut
2377 3944 2586 3998 Epinicusj.
2607 3945 2698 3988 Qui·

1423 4023 1497 4062 bus
1513 4034 1608 4063 vero
1625 4022 1705 4061 tale
1722 4022 1818 4072 quid
1847 4020 2129 4071 imperabatur,
2150 4018 2174 4056 ii
2191 4017 2222 4056 si
2245 4015 2374 4054 dicere
2393 4021 2470 4050 non
2496 4010 2672 4059 poterant
2686 4038 2696 4054 ‚

1424 4087 1666 4136 propositum
1696 4085 1882 4135 poculum
1911 4082 2132 4123 ebibebant.
2170 4097 2186 4113 υ
2218 4079 2344 4126 Atque
2367 4075 2419 4112 ita
2448 4071 2605 4121 quidem
2635 4069 2697 4106 ‹le-

1426 4150 1524 4188 finiit
1547 4149 1774 4189 Clearchus.

2439 4271 2475 4301 21
