3016 4628
220 295 310 335 212

217 400 301 447 τοῖς
317 395 457 439 τοῦτο,
480 390 503 415 *
522 388 667 438 ςὈταν
692 388 737 438 δὲ
756 388 1052 455 κρατήσωσιν,
1080 387 1318 452 ἀπάγουσιν
1337 389 1394 442 εἷς
1410 386 1504 451 ὅρος

214 465 242 523 ἢ
266 463 362 520 τοὺς
397 465 560 511 ἑαυτῶν
583 461 774 529 χώρους,
805 464 933 510 κάκεῖ
958 464 1186 510 ἑστιῶνται
1217 460 1384 525 ἡμέρας
1411 458 1506 517 ἑξή-

215 555 344 584 κοντα
367 533 555 599 (πλείους
571 533 655 600 γὰρ
679 535 757 583 οὐκ
777 533 928 600 ἔξεστι)
946 553 958 565 ·
979 532 1054 582 καὶ
1075 532 1246 581 δίδωσίν
1270 535 1308 580 οἳ
1332 535 1354 579 ὁ
1375 530 1502 597 φιλή-

213 627 302 675 τωρ
322 609 482 666 ἔσθῆτα
509 607 585 656 καὶ
603 607 715 655 ἄλλα
736 609 853 672 δῶρα
873 606 948 655 καὶ
971 610 1086 672 βοῦν.

280 699 318 731 6.
347 682 609 729 Διαιτῶνται
633 678 678 728 δὲ
703 682 875 746 Κρῆτες
897 678 1055 734 πάντες
1077 677 1313 740 καθήμενοι
1329 676 1503 742 θρόνοις.

213 751 445 819 Ἄρχονται
459 751 502 800 δὲ
523 756 608 801 τῶν
631 754 985 819 παρατιθεμένων
1008 750 1093 799 ἀπὸ
1107 754 1191 798 τῶν
1216 750 1356 806 ξένων.
1380 746 1504 796 Μετὰ

216 825 262 874 δὲ
286 825 383 881 τοὺς
414 824 566 881 ξένους,
588 827 651 891 τῷ
687 826 863 890 ἄρχοντι
892 822 1056 871 διδόασι
1086 822 1300 886 τέσσαρας
1332 819 1503 883 μοίρας·

217 898 321 962 μίαν
350 898 448 962 μὲν,
474 898 528 957 ἣν
563 897 640 946 καὶ
673 904 761 951 τοῖς
793 897 963 956 ἄλλοις,
996 894 1196 960 δευτέραν
1228 893 1272 940 δὲ
1298 890 1504 958 ἀρχικὴν,

214 970 363 1036 τρίτην
387 971 432 1020 δὲ
454 974 528 1019 τοῦ
553 969 697 1031 οἴκου,
726 968 933 1033 τετάρτην
966 966 1009 1014 δὲ
1029 969 1112 1014 τῶν
1141 966 1321 1012 σκευῶν.
1355 962 1504 1011 Καθό-

216 1046 292 1092 λου
313 1043 358 1092 δὲ
377 1037 518 1101 πολλὴ
543 1040 844 1108 φιλανθρωπία
869 1041 954 1093 τοῖς
976 1038 1109 1094 ξένοις
1130 1036 1244 1084 ἐστὶν
1270 1039 1312 1084 ἐν
1332 1034 1504 1100 Κρήτῃ,

216 1116 291 1164 καὶ
319 1118 378 1170 εἷς
398 1114 629 1182 προεδρίαν
649 1115 896 1161 καλοῦνται.

283 1206 322 1238 7.
360 1186 467 1237 e'Ori
485 1186 581 1240 τοὺς
607 1185 805 1238 Εἵλωτας
835 1181 1213 1231 κατεδουλώσαντό
1235 1200 1339 1229 ποτε
1362 1184 1505 1230 Λακε-

218 1260 450 1324 δαιμόνιοι,
470 1258 688 1308 Θεσσαλοὶ
710 1256 754 1304 δὲ
770 1256 865 1309 τοὺς
884 1254 1087 1308 πενέστας
1103 1254 1124 1274 *
1141 1255 1164 1279 '⁴‘

603 1366 690 1414 IV.
729 1363 1118 1412 ΚΥΡΗΝΑΙΩΝ.

284 1481 488 1547 Κυρήνην
507 1479 637 1546 ᾤκισε
662 1477 839 1536 Βάττος,
863 1475 907 1530 ὃς
937 1477 1133 1523 ἐκαλεῖτο
1155 1473 1359 1539 πρότερον
1389 1473 1506 1540 Ἀρι-

220 1553 440 1612 στοτέλης·
464 1557 539 1611 τῆς
556 1552 600 1599 δὲ
617 1550 782 1604 Πυθίας
798 1547 960 1596 Βάττον
978 1547 1106 1595 αὐτὸν
1125 1546 1327 1605 εἰπούσης
1340 1584 1352 1606 ,
1370 1547 1506 1610 ὄνομα

219 1632 343 1674 τοῦτο
374 1625 571 1690 ἔσχηκεν.
602 1618 739 1676 Οὗτος
756 1615 879 1680 ἦλθεν
901 1623 959 1675 εἷς
985 1619 1176 1687 Δελφοὺς
1202 1620 1397 1685 περὶτῆς
1425 1641 1509 1687 φω-

220 1703 293 1756 νῆς
315 1698 592 1761 πευσόμενος·
618 1690 675 1755 ἦν
702 1693 785 1760 γὰρ
821 1694 1098 1759 ἰσχνόφωνος.
1131 1696 1222 1743 Τοῦ
1244 1693 1287 1740 δὲ
1315 1699 1411 1741 θεοῦ
1439 1714 1509 1742 κε-

220 1771 412 1824 λεύοντος
428 1770 579 1826 κτίζειν
603 1768 787 1827 Λιὸύην,
813 1767 862 1814 τὸ
889 1768 966 1830 μὲν
994 1769 1163 1833 πρῶτον
1184 1766 1378 1833 ὁρμήσας
1406 1769 1508 1826 ἠδυ-

220 1843 412 1902 νάτησε*
434 1852 454 1874 *
469 1851 491 1873 *

286 1933 322 1964 2.
346 1915 570 1982 Φερετίμα
597 1914 667 1978 δὲ,
690 1919 717 1972 ἡ
749 1904 908 1979 μήτηρ]
925 1913 1205 1979 Ἀρκεσιλάου
1223 1951 1235 1972 ,
1257 1913 1509 1962 ἓὸασίλευσε

219 1987 395 2052 χαλεπὴ
428 1987 502 2035 καὶ
541 1986 777 2052 περίεργος.
822 1989 1086 2050 Πολεμοῦσα
1119 1992 1220 2051 γοῦν
1253 1987 1358 2053 πρὸς
1392 1991 1508 2052 Βαρ-

222 2060 394 2119 καίους,
422 2060 618 2107 λαὸοῧσα
647 2058 725 2117 τὴν
757 2058 950 2124 Βάρκην,
982 2058 1080 2115 τοὺς
1102 2060 1180 2123 μὲν
1217 2060 1376 2126 ἄνδρας
1411 2064 1512 2108 ἀνε-

222 2133 474 2194 σκολόπισε,
510 2135 593 2180 τῶν
635 2131 679 2179 δὲ
710 2136 925 2196 γυναικῶν
960 2133 1058 2188 τοὺς
1096 2133 1286 2198 μαστοὺς
1315 2132 1511 2197 ἐξέτεμε·

220 2208 314 2268 μετ9
342 2207 388 2253 οὗ
412 2203 521 2253 πολὺ
540 2204 583 2252 δὲ
602 2207 717 2260 ζῶσα
737 2205 982 2265 κατεσάπη.

284 2294 329 2333 3.ι
372 2277 538 2332 Βάττος
581 2277 627 2325 δὲ
667 2277 946 2326 ἐδασίλευσεν
992 2281 1016 2325 ὃ
1054 2278 1186 2334 καλὸς
1229 2278 1513 2344 καλούμενος,

219 2349 398 2414 ἕὸδομος
414 2349 472 2397 ὢν
494 2350 581 2398 ἀπὸ
604 2355 678 2399 τοῦ
697 2350 884 2415 πρώτου.

283 2441 321 2473 4.
362 2423 636 2488 Ἀρκεσιλάου
657 2421 701 2471 δὲ
729 2422 1046 2488 βασιλεύοντος,
1067 2424 1216 2479 λευκὸς
1247 2424 1376 2491 κόραξ
1413 2424 1513 2491 ε’φά-

221 2515 295 2554 νη,
314 2494 414 2560 περὶ
441 2488 487 2542 οἷ
511 2494 652 2559 λόγιον
677 2489 728 2554 ἦν
749 2497 960 2561 χαλεπόν.
992 2499 1300 2563 Δημοκρατίας
1325 2499 1369 2545 δὲ
1390 2518 1513 2562 γενο-

223 2567 374 2629 μένης,
401 2566 564 2622 Βάττος
585 2570 643 2622 εἷς
664 2567 928 2634 Ἑσπερίδας
945 2568 1079 2616 ἐλθὼν
1105 2570 1291 2619 ἀπέθανε
1307 2589 1318 2599 ·
1343 2570 1418 2618 καὶ
1435 2570 1513 2630 τὴν

223 2638 412 2706 κεφαλὴν
441 2641 571 2688 αὐτοῦ
594 2640 797 2697 λαὸόντες
817 2642 1147 2690 κατεπόντισαν.

290 2730 328 2759 5.
365 2710 509 2769 Νόμος
542 2705 592 2771 ἦν
626 2712 722 2768 τοὺς
761 2714 1011 2770 πολυδίκους
1039 2716 1113 2763 καὶ
1144 2715 1514 2782 κακοπράγμονας

227 2784 310 2831 ὑπὸ
333 2787 416 2831 τῶν
438 2784 597 2849 ἐφόρων
621 2787 912 2851 προάγεσθαι,
939 2788 1014 2836 καὶ
1039 2792 1218 2852 ζημιοῦν
1242 2789 1416 2845 τούτους
1440 2790 1515 2838 καὶ

231 2856 408 2919 ἀτίμους
424 2861 576 2907 ποιεῖν.

636 2974 695 3022 V.
733 2977 1101 3028 ΚΟΡΙΝΘῙΩΝ.

297 3083 500 3159 Κόρινθος
530 3084 699 3152 Ἔφύρα
730 3089 933 3155 πρότερον
970 3092 1164 3140 ἐκαλεῖτο
1194 3092 1325 3157 μέχρι
1359 3093 1515 3159 Κορίν-

231 3159 331 3217 θου,
353 3156 425 3221 ἀφ’
441 3161 489 3204 οὗ
504 3157 692 3220 τοῦνομα
716 3159 857 3224 ἔσχεν.
877 3163 1164 3213 Ἐὸασίλευσε
1187 3165 1233 3213 δὲ
1255 3166 1329 3214 καὶ
1350 3166 1517 3232 Βάκχις
1590 3171 1773 3211 Corinthi
1788 3171 1903 3222 regis,
1920 3181 2036 3221 aquo
2056 3170 2196 3210 deinde
2208 3181 2355 3211 nomen
2366 3171 2546 3222 sumpsit.
2565 3173 2745 3222 Regnum
2759 3170 2895 3236 tenui}

232 3231 254 3273 ὃ
278 3226 416 3292 τρίτος
429 3264 443 3290 ,
463 3229 603 3292 χωλὸς
626 3230 699 3278 καὶ
718 3233 887 3292 εὐτελὴς
902 3235 979 3294 τὴν
1001 3236 1113 3303 ὄψιν,
1130 3239 1272 3293 καλῶς
1297 3237 1340 3287 δὲ
1367 3238 1514 3304 ἅρχων
1590 3247 1710 3287 etiam
1726 3247 1889 3287 Bacchis
1908 3247 2073 3299 tertius,
2090 3247 2158 3298 qui
2178 3247 2255 3288 etsi
2274 3247 2442 3288 claudus
2457 3249 2500 3288 et
2518 3247 2733 3299 deformis,
2747 3239 2893 3297 temen

247 3324 2880 3351 Ἢ

231 3370 310 3411 τοῖς
331 3366 377 3404 τὸ
406 3367 491 3416 περὶ
525 3368 613 3412 τοὺς
636 3368 777 3419 ἔρωτας
794 3371 968 3423 νόμιμον.
994 3376 1052 3415 Οὐ
1082 3376 1154 3427 γὰρ
1178 3378 1307 3417 πειθοῖ
1328 3378 1517 3429 κατεργά-

233 3426 360 3467 ζονται
376 3423 462 3468 τοὺς
482 3424 690 3475 ἐρωμένους
702 3456 713 3475 ,
731 3428 810 3466 ἀλλ’
833 3430 983 3484 ἁρπαγῇ
999 3435 1082 3474 κτλ.
1099 3456 1151 3464 -
1166 3438 1202 3475 οἱ
1216 3437 1237 3475 ὁ
1253 3437 1328 3486 φιλ.
1350 3435 1366 3488 ]
1381 3436 1438 3476 sic
1459 3439 1492 3477 Α
1506 3450 1518 3486 ;

234 3480 375 3530 reliqui
395 3491 475 3519 om.
495 3483 545 3520 οἱ.
561 3505 613 3513 -
631 3488 669 3522 6.
684 3485 913 3537 καθήμενοι]
931 3489 1179 3541 ἐγκαθήμενοι
1199 3493 1303 3542 conj.
1329 3497 1519 3544 Corayus.

231 3539 292 3576 De
315 3547 357 3575 re
372 3536 420 3576 cf.
439 3539 579 3588 Pyrgio
598 3550 661 3588 ap.
686 3541 824 3581 Athen.
846 3546 914 3593 IV,
932 3556 968 3595 p.
994 3551 1080 3598 143,
1100 3553 1146 3589 E.
1164 3549 1321 3590 Mulier.
1343 3554 1445 3592 Dor.
1465 3555 1518 3603 ΙΙ,

234 3606 273 3644 p.
291 3598 378 3634 270.
407 3618 458 3628 -—
477 3597 700 3647 προεδρίαν]
721 3609 776 3639 sc.
797 3602 836 3639 in
863 3603 966 3643 ludis
986 3607 1025 3644 et
1045 3607 1248 3648 conviviis.
1268 3631 1321 3638 —
1350 3614 1392 3650 7.
1412 3612 1516 3652 ὅτι...

235 3653 440 3705 πενέστας]
456 3665 538 3694 om.
556 3658 678 3700 ABC‚·
699 3657 737 3695 in
760 3661 838 3708 Pp.
862 3661 1044 3710 leguntur
1068 3666 1116 3704 ad
1134 3667 1282 3707 calcem
1303 3668 1350 3709 sr.
1369 3676 1407 3719 23
1422 3670 1519 3721 inp.

233 3713 370 3749 tamen
386 3711 505 3750 etiam
526 3711 600 3751 hoc
628 3713 715 3752 loco
732 3718 888 3755 exstant
907 3720 972 3758 sed
1003 3732 1125 3760 manu
1150 3725 1321 3765 secunda
1340 3727 1520 3768 inducta.

237 3785 255 3802 «
286 3768 406 3808 Sales
420 3768 503 3819 ipsa
521 3781 643 3820 quam
659 3772 780 3811 verba
795 3773 835 3812 iu
852 3775 961 3816 libris
977 3779 1114 3820 tenent
1131 3783 1378 3825 Heraclidem
1394 3789 1524 3838 arguit

235 3826 286 3866 de
305 3826 476 3867 Clarotis
493 3829 744 3869 Cretensium
765 3830 943 3872 locutum
967 3846 1064 3876 esse.
1094 3841 1197 3889 Ergo
1224 3842 1255 3881 si
1284 3854 1363 3883 non
1382 3843 1521 3896 plura,

237 3883 343 3921 certe
363 3885 505 3934 Κρῆτες
526 3885 566 3924 δὲ
592 3886 679 3932 τοὺς
715 3889 922 3939 Κλαρώτας
935 3891 1178 3936 interierunt.
1202 3901 1298 3939 Rem
1316 3903 1524 3944 confirmat

237 3940 402 3980 Photius
423 3952 463 3981 v.
489 3944 744 3995 Κλαρῶται
760 3957 768 3966 ·
799 3949 989 4000 μέτοικοι,
1006 3953 1056 3997 ὡς
1077 3955 1330 4003 Μαριανδυνοὶ
1347 3960 1385 3999 ἐν
1408 3962 1522 4013 Ἡρα·

237 3997 345 4047 κλείᾳ
371 4000 437 4037 καὶ
460 4000 624 4046 Εἵλωτες
645 4002 683 4041 ἐν
704 4005 964 4055 Λακεδαίμονι
982 4011 1047 4047 καὶ
1076 4011 1116 4049 ἐν
1133 4014 1323 4067 Θετταλίᾳ
1342 4020 1522 4059 πενέσται

238 4056 303 4092 καὶ
316 4057 534 4108 κιλλικύριοι
548 4059 585 4098 ἐν
599 4061 871 4111 Συρακούσαις.
890 4081 908 4099 »
923 4066 1282 4122 Schneidewinus,
1297 4075 1415 4115 etiam
1428 4078 1525 4119 alios

240 4112 404 4152 laudans
423 4116 542 4155 testes
561 4116 610 4156 de
629 4128 670 4157 rc
690 4119 908 4160 notissima.

277 4164 360 4207 JV.
390 4164 489 4203 Vide
516 4166 681 4217 Thrige,
703 4171 779 4209 Res
814 4173 988 4221 Cyrenes
1018 4175 1164 4224 (Hasn.
1194 4181 1327 4230 1828);
1363 4185 1523 4226 Boeckh.

243 4219 354 4269 Expl.
375 4222 530 4263 Pindar.
549 4236 587 4275 p.
613 4231 685 4267 265
715 4238 821 4279 sqq.;
853 4232 1004 4273 Mulier.
1033 4236 1131 4275 Dor.
1161 4237 1220 4286 11,
1248 4249 1288 4287 p.
1326 4244 1396 4281 173
1418 4253 1523 4295 sqq.;

1323 274 1746 339 nnaAcunEs,
2055 342 2063 346 ᾖ
2880 266 2905 285 *
2960 242 2963 250 ’

1526 2664 1528 2666 ·
1589 2648 1754 2699 oppetiit
1769 2648 1963 2698 mortem;
1989 2648 2110 2698 caput
2128 2639 2213 2698 ejus
2229 2647 2270 2687 in
2285 2659 2398 2689 mare
2417 2648 2706 2690 demerserunt.

1579 391 1731 439 Quodsi
1759 390 1806 431 iis
1824 400 1925 440 quos
1946 398 2079 430 amare
2098 388 2314 429 instituunt
2330 380 2508 439 raptione
2523 381 2637 440 potiti
2664 374 2869 442 sunneb-

1578 464 1733 503 ducunt
1755 473 1823 503 eos
1842 462 1883 501 in
1899 462 2074 501 montem
2094 462 2166 501 aut
2184 461 2225 500 in
2244 471 2358 511 agros
2373 471 2467 500 suos
2478 490 2490 510 ‚
2505 461 2640 513 ibique
2654 464 2871 503 convivan-

1578 538 1645 577 tur
1663 535 1715 574 ad
1738 534 1822 574 dies
1839 533 2045 583 sexaginta
2067 532 2265 583 (ulterius
2280 532 2387 572 enim
2403 543 2488 572 non
2502 530 2646 586 lic'et);
2662 536 2783 587 atque
2803 536 2873 578 dat
2951 571 2956 575 .

1578 610 1732 650 amator
1750 619 1874 660 puero
1897 608 2050 648 vestem
2065 607 2222 658 aliaque
2243 606 2349 646 dona
2367 608 2412 648 et
2428 607 2588 648 hovem.

1630 691 1668 725 6.
1700 686 1907 725 Cretenses
1921 694 2060 724 omnes
2084 683 2190 724 sellis
2208 683 2424 726 insidentes
2438 686 2574 727 cibum
2589 687 2771 740 capiunt,
2789 689 2875 731 Αιι·ι
2942 683 2950 694 ”

1578 756 1782 806 spicantur
1801 757 1938 796 autem
1953 767 1976 796 a
1994 755 2209 807 peregrinis
2220 757 2358 808 epulas
2371 758 2569 809 appositas
2586 759 2886 804 distribuendo..
2950 744 2976 814 ε]ἔ

1579 829 1674 868 Post
1692 839 1759 868 eos
1771 829 1952 868 archonti
1968 829 2161 879 quattuor
2176 829 2379 879 portiones
2393 831 2618 882 largiuntur
2636 848 2646 873 ι
2663 844 2787 874 unam
2802 835 2875 875 sic·
2935 875 2937 878 ⁴

1578 901 1638 940 uti
1653 900 1840 951 reliquis,
1860 901 2029 940 alteram
2047 902 2187 955 utpote
2201 901 2410 951 archonti,
2426 904 2585 944 tertiam
2597 905 2759 946 familiae
2773 907 2875 959 ejus,
2904 902 2908 907 '
2934 907 2943 941 ff
2962 951 2963 955 Ἰ

1579 974 1766 1022 quartam
1779 972 1887 1013 unde
1899 973 2187 1024 supellectilem
2206 975 2332 1024 paret.
2355 975 2535 1016 Omnino
2554 978 2691 1018 autem
2706 979 2881 1020 Creten-⁷
2940 955 2972 1025 ’ξῗ

1578 1056 1641 1085 ses
1660 1045 1828 1085 multam
1844 1045 2061 1096 peregrinis
2085 1046 2380 1088 humanitatem
2396 1048 2608 1096 exhibent,
2628 1050 2878 1103 primamque
2945 1094 2970 1100 ,⁴

1579 1117 1714 1158 sedem
1729 1117 1777 1158 iis
1795 1117 1991 1158 deferunt.
2932 1171 2934 1174 .

1630 1193 1670 1230 7.
1698 1190 1990 1231 Lacedaemonii
2007 1190 2169 1232 Helotes
2183 1192 2281 1232 olim
2300 1193 2342 1233 in
2357 1193 2605 1236 'servitutem
2625 1194 2884 1248 redegerunt,

1581 1263 1758 1305 Thessali
1773 1274 1869 1304 vero
1884 1264 2072 1305 Penestas
2092 1265 2114 1285 *

1924 1370 2012 1420 IV.
2049 1371 2530 1423 CYRENAEORUM.

1636 1483 1778 1524 Battus
1792 1514 1803 1535 ‚
1829 1485 2002 1534 Cyrenes
2025 1484 2223 1535 conditor,
2245 1485 2359 1536 prius
2390 1486 2610 1527 Aristotelis
2627 1487 2789 1528 nomine
2807 1498 2880 1540 ap·
3007 1473 3010 1475 Δ

1581 1557 1753 1607 peilatus
1782 1557 1873 1598 fuit.
1902 1558 2119 1608 Postquam
2148 1568 2245 1597 vero
2275 1568 2300 1597 a
2331 1557 2473 1608 Pythia
2499 1559 2639 1599 Battus
2661 1559 2882 1612 appellatus
2942 1555 2961 1611 ξι

1582 1631 1668 1686 est,
1685 1629 1829 1669 exinde
1844 1629 1885 1669 id
1901 1630 2076 1670 nominis
2091 1630 2268 1670 retinuit.
2286 1630 2409 1672 Venit
2423 1631 2530 1671 enim
2545 1632 2719 1683 Delphos
2735 1643 2880 1673 oracu-
2942 1619 2957 1662 ›³—

1582 1702 1669 1741 lum
1684 1702 1734 1742 de
1759 1713 1856 1743 voce
1875 1703 2153 1753 'consulturus;
2178 1702 2327 1743 scilicet
2346 1703 2520 1754 linguam
2540 1704 2792 1746 haesitantem
2807 1705 2883 1746 ha·

1583 1774 1717 1814 bebat.
1774 1775 1949 1815 Jubente
1968 1775 2043 1815 deo
2061 1775 2104 1815 in
2126 1773 2291 1827 Libyam
2312 1777 2482 1827 migrare
2495 1806 2507 1828 ,
2528 1777 2641 1818 irrito
2668 1777 2711 1818 id
2735 1780 2885 1820 conatu
2949 1829 2951 1831 ,

1584 1847 1698 1888 initio
1716 1849 1899 1889 tentavit.
1921 1849 1943 1870 *
1960 1849 1980 1871 *
1999 1849 2021 1870 *
2884 1842 2889 1845 ⁶

1639 1927 1675 1962 2.
1698 1922 1946 1972 Pheretima,
1975 1921 2160 1962 Arcesilai
2185 1923 2328 1973 mater,
2352 1923 2557 1976 regnavit,
2580 1923 2884 1982 feminaladmo-
2905 1918 2907 1920 ’
2925 1915 2953 1942 ‘²'

1586 1995 1685 2034 dum
1712 1993 1906 2044 crudelis,
1928 1993 2083 2044 justum
2102 1994 2270 2034 modum
2299 1995 2341 2035 in
2375 1995 2562 2036 omnibus
2589 1995 2798 2037 excedens.
2827 2000 2889 2038 Ea
2923 1988 2955 2052 J

1585 2067 1737 2106 bellum
1760 2066 1907 2106 faciens
1925 2066 2115 2117 Barcaeis,
2132 2077 2259 2117 quum
2276 2069 2429 2108 Barcen
2447 2069 2680 2119 occupasset
2691 2099 2705 2120 ,
2721 2069 2830 2110 viros
2842 2069 2886 2109 in

1586 2150 1748 2180 crucem
1776 2140 1876 2189 egit,
1903 2139 2138 2180 mulieribus
2164 2150 2357 2180 mammas
2378 2141 2619 2191 amputavit.
2673 2143 2764 2193 Ipsa
2786 2152 2888 2183 vero

1587 2222 1668 2251 non
1683 2212 1813 2251 multo
1830 2213 1919 2262 post
1940 2211 2033 2251 viva
2048 2212 2260 2263 putredine
2276 2214 2514 2263 consumpta
2528 2213 2603 2253 est.
2932 2262 2933 2265 ξ
2954 2251 2957 2262 ,

1640 2290 1678 2324 3.
1708 2285 1849 2324 Battus
1865 2284 2045 2334 regnavit
2074 2285 2337 2336 cognomento
2367 2285 2553 2336 Pulcher,
2575 2285 2767 2337 septimus
2779 2285 2893 2328 vide·
2911 2267 2957 2347 ,ῖς

1588 2358 1681 2398 licet
1700 2357 1868 2408 aprimo
1890 2357 2081 2408 (Batto).
2954 2349 2959 2403 ¹,

1641 2433 1680 2470 4.
1705 2430 1905 2471 Arcesilao
1934 2431 2148 2481 regnante,
2181 2430 2297 2471 albus
2316 2431 2499 2482 apparuit
2525 2441 2696 2482 corvus,
2724 2430 2776 2471 de
2805 2421 2930 2484 qno-1
2955 2447 2957 2490 j

1588 2514 1708 2555 grave
1741 2503 1944 2543 serebatur
1969 2503 2192 2543 oraculum.
2223 2505 2359 2550 Quum
2385 2502 2437 2542 ad
2469 2504 2618 2543 statum
2653 2501 2919 2555 popularem

1588 2576 1814 2627 respublica
1839 2575 2083 2625 devenisset,
2112 2576 2253 2616 Battus
2275 2576 2327 2615 ad
2349 2576 2588 2626 Hesperidas
2610 2577 2812 2628 profectus
2828 2577 2895 2620 ibi.
2920 2567 2933 2578 '¹

1644 2727 1679 2761 5.
1707 2723 1791 2761 Lex
1819 2721 1906 2761 eret
1921 2721 1967 2760 ut
1989 2720 2140 2760 multas
2162 2719 2453 2762 controversias
2477 2724 2684 2762 moventes
2701 2723 2743 2762 et
2766 2722 2890 2763 malas

1589 2797 1728 2834 causas
1746 2793 1907 2843 agentes
1931 2793 1983 2832 ab
1999 2792 2160 2843 ephoris
2185 2793 2238 2832 ad
2249 2793 2447 2843 judicium
2463 2793 2772 2845 adducerentur,
2789 2795 2891 2835 mul*
2916 2807 2919 2810 ’

1589 2867 1734 2917 ctaque
1751 2866 1800 2906 iis
1814 2865 2072 2916 irrogaretur,
2093 2875 2140 2905 ac
2159 2865 2326 2906 infames
2341 2866 2497 2909 fierent.

1937 2979 1999 3043 V.
2035 2978 2543 3028 CORINTHIORUM.

1641 3098 1857 3139 Corinthus
1885 3097 2000 3148 prius
2032 3097 2193 3148 Ephyra
2210 3097 2433 3138 ‘dicebatur
2470 3108 2597 3149 usque
2631 3097 2682 3138 ad
2709 3098 2891 3150 tempora

1594 3380 1699 3418 Min.
1723 3389 1765 3429 p.
1787 3382 1879 3428 340,
1904 3384 1996 3420 359.
2013 3400 2066 3408 -—
2088 3383 2120 3419 1.
2144 3381 2189 3420 τὸ
2210 3379 2277 3431 μὲν
2295 3379 2471 3432 πρῶτον]
2489 3381 2648 3431 BCP93
2663 3380 2709 3420 τὸ
2738 3384 2890 3432 πρῶτον

1596 3437 1663 3487 μὲν
1704 3441 1763 3486 Α;
1784 3437 1829 3476 τὸ
1861 3441 2014 3488 πρῶτον
2044 3438 2200 3488 reliqui.
2227 3459 2279 3467 —-
2295 3437 2532 3491 7’26vvo'tmoe]
2559 3437 2745 3486 ἠδυνάτης
2759 3435 2891 3493 Alma

1595 3491 1738 3535 ultima
1756 3494 1867 3535 vocis
1885 3495 2002 3544 litera
2019 3495 2138 3535 sicuti
2155 3496 2360 3546 sequentia
2372 3496 2413 3536 in
2426 3496 2561 3545 codice
2579 3497 2795 3547 archetypo
2807 3494 2893 3551 ru*

1595 3551 1692 3606 dore
1703 3552 1766 3592 vel
1776 3551 1978 3592 vermibus
1987 3553 2199 3603 absumpta
2207 3553 2326 3593 fuisse
2333 3553 2533 3603 videntur,
2542 3553 2728 3594 monente
2735 3552 2896 3597 schad-

1595 3609 1767 3650 dewino.
1784 3634 1836 3644 --
1852 3615 1889 3650 2.
1904 3611 2125 3662 Φερετίμα]
2145 3610 2320 3661 abcdfq;
2337 3611 2530 3663 Φερετίμη
2546 3610 2702 3662 reliqui.
2716 3613 2906 3664 sequen,

1597 3668 1637 3707 δὲ
1658 3679 1743 3708 om.
1772 3667 1935 3718 occisam
1965 3669 2048 3720 inp
2077 3669 2128 3708 ad
2159 3669 2378 3719 marginem
2401 3671 2581 3711 notatur.
2598 3669 2816 3711 Pheritima
2833 3668 2895 3719 a}

1597 3728 1725 3766 mater
1741 3727 1927 3767 Arcesilai
1951 3729 2020 3768 ΙΙΙ.
2050 3726 2262 3766 Historiam
2282 3726 2373 3767 vide
2397 3738 2462 3778 ap.
2493 3727 2688 3768 Herodot.
2707 3729 2780 3778 lv,
2800 3730 2890 3771 ¹⁸2.

1599 3789 1687 3824 202.
1704 3788 1804 3835 205;
1827 3784 2003 3834 Polyoen.
2020 3786 2129 3833 vm,
2157 3787 2221 3824 47.
2246 3807 2299 3816 —
2315 3786 2404 3825 πολ.
2425 3784 2653 3836 γοῦν]”γοῦν
2671 3782 2754 3840 om.
2770 3787 2857 3826 Ac

1597 3841 1771 3881 λαὸοῦσα
1786 3840 1870 3892 τὴν]
1885 3843 1974 3882 λαὸ.
1991 3842 2031 3882 δὲ
2043 3843 2111 3890 τὴν
2127 3842 2318 3883 ABCPd.
2333 3864 2386 3872 -
2400 3847 2438 3883 3.
2457 3841 2616 3894 Βάττος]
2631 3841 2655 3883 b
2667 3843 2708 3883 et
2722 3843 2788 3883 sor
2800 3859 2817 3877 ·:
2835 3859 2861 3877 υ
2876 3860 2880 3876 τ

1598 3899 1672 3950 Bf;
1700 3899 1835 3951 βάττος
1851 3910 1970 3950 supra
1987 3899 2135 3950 scripto
2153 3913 2194 3949 η,
2217 3903 2262 3951 d;
2283 3902 2426 3949 Βῆττος
2447 3900 2606 3952 reliqui;
2635 3899 2771 3951 paullo
2789 3910 2849 3940 111·

1598 3958 1742 4002 Βαττὸς
1768 3958 1886 4006 ABG,
1903 3955 2046 4002 Βᾶττος
2067 3955 2112 4006 d,
2131 3957 2273 4005 Βάττος
2295 3958 2319 3999 b
2335 3960 2377 3999 et
2403 3969 2541 4009 margo
2567 3968 2614 4010 p;
2634 3959 2778 4006 Βῆττος
2796 3957 2867 3999 rel'

1598 4015 1684 4066 qui.
1703 4038 1754 4048 -
1766 4017 1804 4054 4.
1823 4014 2063 4067 Ἑσπερίδας]
2081 4015 2286 4067 Ἑσπερίδα
2300 4028 2350 4069 p.
2369 4015 2576 4068 Ἑσπερίαν
2593 4015 2633 4056 b.
2651 4040 2703 4049 —
2719 4020 2758 4057 5.
2777 4015 2821 4056 νό

1599 4072 1672 4124 ἢν]
1689 4075 1721 4113 A
1736 4073 1823 4118 lm,-
1840 4085 1876 4112 ν.
1893 4074 1932 4113 δὲ
1949 4072 1994 4121 ἦν
2012 4072 2164 4123 reliqui.
2846 4100 2863 4128 3

1650 4134 1700 4171 V.
1729 4129 1897 4183 Βάκχις]
1932 4131 2122 4182 Clavier.;
2143 4132 2313 4184 Βάκχιος
2348 4135 2547 4183 Corayus3
2578 4132 2738 4182 βακαῒος
2761 4132 2831 4172 ΑΒ
2851 4173 2853 4175 ,

1602 4190 1788 4240 βακχαῖος
1821 4189 1978 4239 reliqui.
2001 4213 2052 4222 —
2083 4190 2104 4228 ὀ
2138 4190 2286 4242 τρίτος]
2318 4190 2533 4230 articulum
2566 4198 2647 4227 om.
2674 4185 2833 4228 ABCcd
2843 4215 2861 4241 ¹.

1601 4247 1730 4298 Vulgo
1777 4247 1941 4288 Bacchis
1971 4249 2031 4289 est
2071 4249 2252 4299 quintus
2293 4259 2364 4290 rex
2397 4246 2712 4288 Corinthiorum.
2757 4246 2877 4294 Qun„
