3002 4646
199 357 276 390 xu
844 344 924 392 El<
963 345 1090 392 ΤΗΣ
1128 346 1422 394 ΙΣΤΟΡΙΑΣ
1457 346 1772 394 ΔΙΟΔΩΡΟΥ
1811 345 2218 392 ΣΙΚΕΛΙΩΤΟΥ.

196 441 425 504 Μιλήσιος,
456 440 672 505 Ἀντιόχου
708 442 750 488 δὲ
785 448 856 490 τοῦ
878 444 1317 507 προὸεὸασιλευκότος
1340 445 1477 509 φίλος,

193 513 238 566 ὃς
261 514 469 568 πολλάκις
491 517 550 568 εἷς
571 514 648 572 τὴν
676 514 853 577 Ῥώμην
879 515 1247 579 ἐξαπεσταλμένος
1267 517 1477 582 πρεσὸευ-

192 586 267 643 τὴς
285 587 424 633 πολλὰ
443 586 557 634 κακὰ
581 589 852 653 διειργάσατο
868 588 944 646 τὴν
960 589 1212 653 σύγκλητον·
1237 590 1475 654 χρημάτων

189 657 273 722 γὰρ
294 660 453 716 πλῆθος
476 660 662 721 κομίζων
682 661 930 725 ἐδωροδόκει
952 661 1045 714 τοὺς
1072 662 1378 725 συγκλητικοὺς
1402 662 1476 709 καὶ

190 731 381 792 μάλιστα
404 731 499 785 τοὺς
518 732 604 786 τοῖς
638 732 743 796 βίοις
773 735 959 787 ἀσθενεῖς
990 733 1362 822 ὑπερὸαλλόμενος
1383 741 1476 787 ταῖς

189 802 357 850 δόσεσιν
386 802 622 860 ἐδελέαζεν.
696 803 781 852 Διὰ
810 805 853 851 δὲ
880 824 953 852 του
978 806 1165 853 τοιούτου
1186 806 1343 869 τρόπου
1363 807 1475 851 πολ-

187 874 283 930 λους
309 875 614 936 ἐξιδιαζόμενος
640 896 714 923 και
739 876 877 930 διδους
902 877 1121 930 υποθέσεις
1147 876 1373 939 ἀλλοτρίας
1399 896 1474 957 της

190 939 426 1001 Ῥωμαίων
443 941 583 1006 αἱρέσε
567 962 691 999 ,εως,
673 941 916 1000 ἐλυμήνατο
932 942 979 988 τὸ
997 941 1230 1006 συνέδριον,
1251 941 1474 1006 συμπράτ-

185 1031 330 1066 τοντος
351 1012 634 1077 Ἡρακλείδου
660 1015 884 1079 τάδελφοῦ,
910 1014 1080 1060 πάντων
1106 1014 1223 1066 ὄντος
1244 1013 1473 1077 εὐφυεστά-

187 1104 261 1132 του
278 1086 382 1150 πρὸς·
398 1086 560 1142 ταύτην
577 1085 655 1142 τὴν
675 1086 838 1149 χρείαν.
907 1088 984 1150 Τῷ
1007 1084 1049 1131 δὲ
1069 1087 1184 1149 αὐτῷ
1202 1084 1345 1149 τρόπῳ
1359 1083 1472 1131 κατὰ

184 1157 256 1204 τὸν
281 1159 494 1205 ἐνεστῶτα
520 1158 666 1222 καιρὸν
694 1158 917 1221 σατράπης
938 1157 1108 1215 Μηδίας
1130 1156 1397 1215 κατήντησεν
1414 1159 1473 1212 εἷς

182 1228 260 1287 τὴν
287 1229 485 1292 Ῥώμην,
519 1230 593 1276 καὶ
622 1229 763 1277 πολλὰ
783 1234 857 1277 τοῦ
888 1229 1137 1293 Δημητρίου
1169 1228 1471 1293 κατηγορήσας

182 1301 325 1348 ἔπεισε
349 1303 426 1359 τὴν
453 1302 689 1363 σύγκλητον
715 1302 853 1364 δόγμα
879 1302 975 1364 περὶ
1001 1303 1130 1347 αὐτοῦ
1156 1300 1302 1347 θέσθαι
1328 1306 1467 1348 τοιοῧ·

180 1393 266 1421 τον·
285 1375 538 1439 Τιμάρχῳ*
557 1374 693 1422 ἕνεκεν
708 1375 731 1398 '⁴‘
753 1377 890 1421 αὐτῶν
916 1373 1096 1438 βασιλέα
1121 1367 1229 1420 εἶναι
1253 1372 1322 1437 (2).
1348 1373 1403 1423 ‘O
1425 1373 1470 1422 δὲ

181 1447 379 1510 ἐπαρθεὶς
414 1451 475 1513 τῷ
516 1447 698 1510 δόγματι
720 1445 1013 1503 συνεστήσατο
1036 1445 1148 1493 κατὰ
1182 1445 1258 1503 τὴν
1292 1447 1467 1506 Μηδίαν

180 1520 467 1584 στρατόπεδον
494 1520 726 1582 ἀξιόλογον·
771 1518 1005 1576 ἐποιήσατο
1041 1517 1085 1565 δὲ
1109 1518 1181 1565 καὶ
1208 1520 1467 1584 συμμαχίαν

179 1589 291 1637 κατὰ
310 1592 560 1656 Δημητρίου
577 1591 681 1655 πρὸς
705 1591 744 1638 Ἀ
754 1591 923 1656 ρταξίαν
944 1591 993 1653 (3)
1019 1590 1090 1637 τὸν
1106 1592 1288 1655 βασιλέα
1309 1591 1468 1657 Ἀρμε-

178 1662 283 1716 νίας·
307 1663 368 1710 ἔτι
390 1664 433 1711 δὲ
464 1664 517 1710 τὰ
541 1663 775 1730 πρόσχωρα
809 1666 892 1710 τῶν
931 1666 1058 1710 ἐθνῶν
1086 1662 1470 1726 καταπληξάμενος

178 1733 249 1782 διὰ
289 1736 337 1782 τὸ
382 1737 508 1801 βάρος
544 1741 620 1794 τῆς
648 1735 890 1797 δυνάμεως,
920 1735 990 1782 καὶ
1027 1735 1210 1790 πολλοὺς
1254 1737 1468 1794 ὓπηκόους

178 1807 361 1865 ποιήσας
382 1808 582 1874 ὥρμησεν
608 1807 677 1854 ἐπὶ
701 1808 748 1855 τὸ
773 1811 975 1870 Ζεῦγμα,
998 1806 1070 1854 καὶ
1094 1807 1211 1861 τέλος
1231 1810 1309 1865 τῆς
1338 1812 1465 1873 βασι·

176 1879 293 1934 λείας
314 1880 522 1944 ἐγκρατὴς
539 1882 719 1944 ἐγένετο.

243 1955 370 2002 XIV.
409 1953 509 2002 εὈτι
547 1953 738 2015 Εὐμένης
773 1957 795 2000 ὃ
823 1950 1023 2017 βασιλεὺς
1059 1953 1130 1999 ἐπὶ
1170 1956 1223 2017 τῇ
1247 1953 1361 2001 κατὰ
1394 1953 1465 2001 τὸν

175 2024 431 2090 Ἀριαράθην
457 2026 670 2074 ἐκπτώσει
699 2025 748 2090 (1)
779 2024 1064 2091 βαρυνόμενος
1100 2026 1173 2090 (2),
1198 2025 1273 2073 καὶ
1298 2025 1367 2073 διὰ
1389 2030 1466 2085 τῆς

175 2096 283 2151 ἰδίας
323 2099 517 2164 ἀφορμῆς
552 2097 746 2144 σπεύδων
790 2097 1035 2159 ἀμύνασθαι
1079 2097 1150 2145 τὸν
1197 2097 1463 2163 Δημήτριον,

173 2169 478 2234 μετεπέμψατο
496 2170 768 2236 μειρακίσκον
782 2169 891 2228 τινὰ,
902 2172 979 2228 τὴν
995 2172 1228 2232 ὁμοιότητα
1242 2175 1319 2230 τῆς
1331 2171 1467 2237 ὄψεως

87 2296 96 2305 θ
172 2242 246 2289 καὶ
269 2242 346 2300 τὴν
369 2243 540 2300 ἡλικίαν
562 2246 612 2306 (3)
630 2243 780 2306 ὁμοίαν
805 2242 959 2307 ἔχοντα
985 2245 1082 2290 καθ’
1102 2243 1350 2309 ὓπερὸολὴν
1372 2243 1462 2291 Ἀν-

170 2312 303 2378 τιόχῳ
335 2317 395 2379 τῷ
423 2314 627 2381 πρότερον
658 2315 984 2379 βεὸασιλευκότι
1020 2319 1095 2374 τ’ἧς
1115 2315 1292 2381 Συρίας.
1366 2315 1463 2364 Διέ-

1554 452 1727 490 Milesius
1754 462 1915 500 genere,
1946 451 2146 489 familiaris
2166 451 2266 500 regis
2285 452 2562 504 praecedentis,
2592 467 2662 506 pro
2682 469 2849 508 quo-sac·

1555 540 1640 588 pius
1660 537 1871 587 legationes
1886 537 1934 575 ad
1952 538 2150 577 Romanos
2164 538 2300 578 obiens
2313 539 2512 590 ingentem
2533 543 2796 585 calamitatem
2810 546 2849 584 in

1551 625 1732 662 senatum
1760 622 1960 662 intulerat.
2016 625 2117 663 Nam
2137 635 2278 675 magna
2298 625 2336 665 vi
2356 628 2536 676 pecuniae
2553 629 2769 670 instructus
2785 641 2847 671 se-

1554 711 1695 748 natum
1711 709 2012 760 corrumpebat,
2031 712 2071 750 et
2085 721 2153 751 eos
2171 713 2346 752 maxime
2361 714 2508 764 quibus
2523 725 2586 755 res
2604 713 2690 756 erat
2714 717 2845 758 tenuis

1551 795 1665 834 donis
1690 795 1897 835 cumulans
1913 795 2132 837 inescabat.
2190 801 2279 846 Quo
2310 802 2424 848 pacto
2446 811 2572 850 quum
2595 802 2743 841 multos
2771 802 2847 844 sibi

1550 879 1817 931 conciliasset,
1831 882 1872 920 et
1890 881 2084 932 sentiendi
2097 882 2317 934 agendique
2333 885 2523 935 principia
2539 896 2564 924 a
2581 888 2850 926 Romanorum

1550 963 1742 1004 institutis
1761 964 1888 1004 aliena
1916 965 2224 1015 introduxisset,
2241 965 2506 1017 integritatem
2533 970 2694 1009 senatus
2711 969 2852 1010 vitiare

1549 1050 1745 1099 coeperat,
1764 1049 1978 1099 adjuvante
1997 1051 2205 1091 Heraclide
2220 1053 2341 1092 fratre
2353 1082 2364 1102 ,
2391 1053 2478 1092 viro
2494 1053 2545 1093 ad
2564 1032 2760 1104 ejusmodi
2779 1066 2850 1095 ne-

1548 1133 1700 1183 gotium
1719 1134 1898 1174 omnium
1914 1136 2089 1175 maxime
2108 1136 2263 1176 idoneo.
2316 1138 2503 1178 Similiter
2523 1138 2628 1179 circa
2647 1140 2733 1180 haec
2748 1151 2850 1190 quo-

1550 1229 1630 1268 que
1648 1220 1828 1270 tempora
1850 1220 1923 1260 iste
1942 1220 2085 1260 Mediae
2103 1223 2276 1272 satrapa,
2308 1224 2475 1262 Romam
2499 1225 2728 1276 profectus,
2744 1226 2834 1269 mul.

1546 1303 1678 1353 tisque
1705 1304 1953 1343 Demetrium
1980 1305 2213 1347 criminibus
2239 1317 2422 1358 onerans,
2455 1310 2650 1359 persuasit
2667 1311 2850 1361 senatui,

1547 1387 1594 1426 ut
1617 1386 1929 1432 decretum‚sibi
1949 1389 2188 1429 scriberetur
2218 1391 2327 1430 hunc
2353 1393 2393 1430 in
2411 1392 2574 1432 modum
2598 1409 2607 1432 :
2631 1409 2650 1428 α
2683 1396 2853 1436 senatus

1547 1471 1765 1511 Timarcho
1784 1472 1930 1522 regiam
1955 1473 1994 1512 in
2021 1473 2151 1513 Media
2180 1475 2414 1524 potestatem
2436 1475 2582 1516 habere
2606 1477 2798 1527 permisit.
2831 1494 2849 1512 υ

1548 1558 1636 1596 Hoc
1651 1556 1780 1596 elatus
1805 1556 1982 1608 decreto,
2001 1557 2222 1617 exercitum
2253 1558 2359 1598 haud
2386 1558 2627 1600 mediocrem
2655 1561 2696 1599 in
2724 1560 2852 1600 Media

1545 1639 1724 1690 collegit,
1749 1641 1790 1680 et
1805 1641 1944 1680 contra
1963 1641 2210 1681 Demetrium
2224 1641 2453 1683 societatem
2469 1654 2562 1683 cum
2583 1644 2747 1683 Artaxia
2773 1648 2846 1684 Ar·

1546 1720 1689 1760 meniae
1708 1731 1798 1771 rege
1823 1721 2038 1771 contraxit,
2060 1723 2102 1762 et
2126 1722 2304 1763 finitimis
2334 1723 2490 1774 populis
2509 1723 2712 1774 copiarum
2743 1725 2850 1765 mole

1544 1804 1786 1856 perterritis,
1803 1806 1938 1846 multis
1967 1806 2087 1846 etiam
2113 1807 2154 1846 in
2178 1808 2414 1858 potestatem
2451 1808 2642 1859 redactis,
2675 1812 2859 1860 Zeugmav

1544 1896 1683 1926 versus
1708 1887 1898 1938 tetendit,
1919 1899 1968 1928 ac
1986 1889 2231 1939 postremum
2246 1900 2367 1940 regno
2381 1890 2531 1940 potitus
2545 1892 2618 1931 est.

1595 1969 1651 2008 XI
1659 1971 1704 2009 V.
1723 1971 1920 2010 Eumenes
1941 1969 2163 2033 (Attalus)
2189 1981 2261 2010 rex
2284 1970 2515 2011 Ariarathen
2539 1982 2659 2022 regno
2678 1971 2840 2022 pulsum

1543 2060 1716 2110 graviter
1731 2060 1859 2100 ferens
1871 2061 1912 2101 et
1929 2060 2043 2100 motu
2060 2054 2374 2112 proprio'ulcisci
2389 2061 2639 2101 Demetrium
2654 2060 2820 2102 studens
2830 2090 2843 2112 ,

1544 2150 1706 2190 arcessit
1733 2161 1902 2201 puerum
1922 2150 2121 2202 quendam
2137 2180 2149 2200 ,
2168 2150 2238 2202 qui
2257 2161 2382 2201 quum
2402 2150 2482 2191 oris
2504 2151 2632 2202 specie
2649 2150 2848 2191 Antiocho

1543 2236 1824 2287 (Ειφαίονὶ),
1849 2236 1972 2288 priori
1997 2237 2078 2287 regi
2094 2236 2240 2287 Syriae,
2267 2236 2493 2278 simillimus
2512 2238 2552 2278 et
2571 2237 2750 2288 ejusdem
2766 2238 2850 2278 fere

1546 2322 1675 2362 aetatis
1693 2324 1795 2362 esset
1809 2352 1821 2372 ‚
1839 2325 2019 2373 Smyrnae
2038 2322 2183 2373 degens
2205 2333 2247 2362 se
2267 2322 2394 2363 filium
2422 2322 2609 2364 Antiochi
2629 2323 2847 2376 (Epipha-

168 2456 261 2492 Ilaec
302 2457 360 2494 est
388 2455 474 2505 illa,
509 2466 631 2505 quam
659 2455 852 2495 Diodorus
889 2455 1007 2505 dicit,
1048 2461 1126 2496 τῶν
1161 2456 1365 2508 Ῥωμαίων
1395 2456 1486 2506 πρὸς
1523 2456 1739 2506 Δημήτριον
1770 2454 2027 2506 ἀλλοτριότης.
2054 2455 2105 2494 At
2143 2455 2365 2494 Demetrius
2390 2455 2490 2494 clam
2522 2458 2650 2495 Roma
2682 2456 2836 2507 aufugit

168 2516 182 2563 (
195 2521 258 2549 an.
290 2518 357 2551 162
387 2513 605 2562 exeunte),
630 2515 669 2552 et
688 2512 883 2552 Antiocho
904 2513 1066 2563 ejusque
1088 2514 1222 2552 tutore
1256 2513 1372 2563 Lysia
1398 2513 1636 2562 intersectis,
1658 2525 1778 2564 regno
1799 2513 1946 2563 potitus
1969 2514 2028 2551 est
2057 2512 2220 2562 (Polyb.
2242 2514 2341 2564 XII,
2370 2517 2415 2553 19
2443 2523 2557 2563 sqq.;
2579 2514 2746 2564 Appian.
2766 2517 2837 2565 473

165 2569 252 2607 Liv.
273 2572 341 2620 Ep.
359 2573 431 2620 463
451 2572 594 2610 Justin.
618 2573 794 2613 XXXIV,
813 2574 858 2620 33
883 2571 1061 2610 Maccab.
1086 2573 1124 2619 1,
1141 2574 1179 2610 7.
1202 2573 1262 2620 ll,
1285 2573 1352 2620 143
1372 2570 1530 2620 Joseph.
1550 2573 1643 2610 Ant.
1657 2572 1751 2611 Jud.
1770 2573 1866 2620 XII,
1891 2574 1961 2620 10,
1983 2570 2046 2620 1).
2068 2570 2218 2610 Deinde
2237 2571 2446 2611 Timarcho
2466 2572 2610 2611 rebelle
2625 2571 2781 2612 devicto
2794 2572 2835 2612 in

167 2626 332 2676 imperio
350 2628 605 2668 confirmatus
617 2631 782 2668 Romam
798 2628 1035 2678 legationem
1051 2628 1170 2667 misit.
1192 2629 1390 2679 Appianus
1404 2631 1493 2678 Syr.
1515 2639 1551 2668 c.
1567 2632 1614 2669 47
1636 2641 1646 2668 ε
1666 2631 1742 2670 Καὶ
1763 2629 1974 2680 δεξαμένων
1991 2629 2106 2668 αὐτὸν
2124 2629 2210 2678 (τὸν
2223 2630 2464 2680 Δημήτριον)
2481 2631 2656 2681 ἀσμένως
2673 2635 2750 2670 τῶν
2763 2632 2839 2671 Σύ·

166 2696 257 2734 ρων,
279 2685 370 2735 ἦρχε
382 2715 393 2733 ,
411 2686 473 2724 τόν
497 2700 536 2724 τε
557 2687 704 2726 Λυσίαν
721 2688 786 2726 καὶ
803 2687 847 2726 τὸ
864 2686 1016 2725 παιδίον
1036 2687 1096 2725 ἐπ’
1114 2687 1219 2737 αὐτῷ
1237 2686 1450 2737 διαφθείρας
1462 2715 1473 2734 ,
1489 2688 1556 2726 καὶ
1577 2688 1827 2739 Ἡρακλείδην
1847 2687 2035 2734 ἐκὸαλὼν,
2052 2687 2117 2725 καὶ
2140 2686 2337 2738 Τίμαρχον
2354 2687 2652 2738 ἐπανιστάμενον
2679 2687 2837 2739 ἀνελὼν,
2873 2720 2876 2722 ,

165 2743 230 2779 καὶ
262 2742 380 2780 τᾶλλα
407 2745 576 2793 πονήρως
605 2748 670 2791 τῆς
691 2745 918 2787 Βαὸυλῶνος
952 2743 1163 2793 ἡγούμενον
1182 2754 1192 2763 ·
1229 2742 1285 2794 ἐφ’
1307 2743 1340 2793 ᾧ
1366 2744 1432 2782 καὶ
1454 2744 1613 2795 Σωτὴρ,
1644 2745 1864 2796 ἀρξαμένων
1897 2748 1973 2782 τῶν
2002 2744 2274 2791 Βαὸυλωνίων,
2296 2745 2516 2795 ὠνομάσθη.
2549 2745 2839 2797 Κρατυνάμενος

164 2799 205 2838 δὲ
237 2802 303 2846 τὴν
335 2802 451 2852 ἀρχὴν
473 2804 493 2840 ὁ
520 2804 733 2853 Δημήτριος
754 2801 937 2851 στέφανόν
964 2815 1006 2840 τε
1024 2801 1230 2852 Ῥωμαίοις
1263 2802 1339 2840 ἀπὸ
1360 2806 1514 2852 χρυσῶν
1535 2803 1694 2853 μυρίων,
1716 2803 1959 2854 χαριστήριον
1978 2807 2044 2849 τῆς
2061 2815 2154 2841 ποτε
2184 2802 2274 2853 παρ’
2302 2802 2428 2848 αὐτοῖς
2458 2803 2662 2854 ὁμηρείας,
2691 2803 2838 2856 ἔπεμψε

166 2858 247 2895 κτλ.
270 2860 517 2908 Legationem
534 2860 635 2899 hanc
651 2861 770 2900 etiam
784 2872 831 2900 ex
855 2859 1020 2909 Polybio
1033 2859 1047 2910 (
1062 2861 1235 2909 XXXII,
1257 2859 1331 2908 6),
1354 2871 1474 2909 quem
1493 2860 1693 2899 Diodorus
1710 2863 1886 2911 (XXXI,
1906 2861 1981 2909 29)
2000 2860 2228 2910 exscripsit,
2246 2861 2442 2901 novimus.
2461 2862 2579 2902 Missa
2597 2873 2680 2902 osse
2696 2863 2842 2904 dicitur

171 2916 271 2954 κατὰ
300 2918 368 2963 τὴν
397 2916 464 2969 ρνε’
492 2919 732 2969 Ὀὶυμπιάδα
762 2920 850 2971 (1423
872 2929 910 2958 a.
934 2920 982 2958 C.
1001 2919 1028 2968 )
1061 2918 1184 2968 Igitur
1211 2928 1303 2967 quae
1329 2919 1471 2957 nostro
1500 2919 1720 2985 fragmento
1753 2918 1985 2968 traduntur,
2005 2929 2128 2968 quum
2148 2918 2251 2958 inter
2279 2920 2410 2969 sugam
2442 2919 2633 2960 Demetrii
2652 2923 2706 2970 et
2735 2921 2839 2973 lega-

166 2973 310 3012 tionem
332 2986 415 3014 esse
434 2975 600 3015 debeant
621 2977 772 3027 media,
790 2978 841 3016 ad
864 2987 1015 3016 annum
1039 2981 1108 3016 161
1130 2975 1416 3026 pertinuerint,
1452 2987 1577 3026 eaque
1595 2977 1635 3015 in
1654 2977 1771 3016 editis
1797 2977 1959 3017 Diodori
1981 2977 2212 3016 inseruerim
2236 2979 2324 3027 post
2343 2978 2411 3017 lib.
2441 2981 2594 3027 XXXI,
2623 2989 2660 3016 c.
2691 2982 2755 3018 27.
2780 2982 2841 3021 De

168 3032 375 3071 timarcho
399 3036 439 3073 et
459 3036 665 3075 Heraclida
683 3038 826 3086 praeter
845 3037 966 3076 allata
985 3035 1090 3086 apud
1110 3035 1331 3107 Appianum
1349 3046 1388 3074 c
1415 3039 1465 3075 45
1481 3036 1668 3086 leguntur
1685 3039 1802 3077 haec.
1824 3039 1961 3090 Συρίας
1978 3039 2042 3077 καὶ
2064 3042 2140 3077 τῶν
2159 3039 2242 3090 περὶ
2265 3039 2383 3086 αὐτὴν
2404 3040 2518 3079 ἐθνῶν
2539 3039 2770 3090 ἐγκρατῶς
2747 3053 2842 3091 ηρχε

168 3092 180 3133 (
193 3090 331 3128 Antio(
335 3091 407 3130 hus
427 3093 698 3143 Epiphanes),
721 3095 918 3145 σατράπην
941 3108 1007 3145 μεν
1029 3094 1129 3145 ἔχων
1146 3095 1183 3134 ἐν
1201 3095 1398 3134 Βαὸυλῶνι
1417 3095 1630 3147 Τίμαρχον,
1650 3097 1749 3135 ἐπὶ
1729 3097 1771 3135 οὲ
1787 3099 1870 3141 ταῖς
1889 3095 2091 3147 προσόδοις
2111 3096 2374 3147 Ἡρακλείδην,
2401 3097 2548 3148 ἀδελφὼ
2565 3097 2632 3148 μὲν
2649 3097 2840 3147 ἀλλήλοιν,

165 3147 314 3196 ἄμφω
295 3148 334 3186 δὲ
351 3148 466 3187 αὐτοῦ
488 3151 678 3201 γενομένω
699 3152 872 3191 παιδικά
896 3152 1127 3192 Heraclides
1146 3154 1281 3191 noster
1307 3151 1413 3191 idem
1437 3154 1496 3192 est
1520 3164 1613 3193 eum
1634 3165 1704 3203 eo,
1728 3165 1849 3204 quem
1866 3153 2084 3193 Antiochus
2104 3156 2272 3193 Romam
2292 3155 2468 3204 legatum
2491 3156 2682 3205 miserat(
2700 3157 2838 3207 Polyb.

164 3207 436 3254 XXVlll,1‚1
462 3209 501 3245 et
522 3211 622 3255 18,1
643 3208 681 3258 ),
699 3210 735 3248 et
758 3211 826 3259 qui
839 3211 976 3259 postea
998 3210 1048 3259 (a
1064 3210 1265 3249 Demetrio
1288 3208 1466 3261 ejectus)
1491 3213 1663 3252 Romam
1680 3212 1788 3251 venit
1804 3222 1897 3250 cum
1916 3210 2085 3251 Laodice
2103 3214 2144 3251 et
2162 3213 2385 3253 Alexandro
2403 3215 2518 3262 Bala,
2537 3225 2659 3264 quem
2673 3225 2745 3264 pro
2761 3216 2842 3256 filio

164 3263 344 3302 Antiochi
362 3265 572 3314 Epiphanis
587 3267 792 3307 venditans
809 3269 1008 3308 Demetrio
1021 3268 1146 3308 Soteri
1164 3269 1358 3319 opposuit.
1375 3270 1425 3307 V.
1446 3270 1590 3320 Polyb.
1609 3272 1803 3319 XXXIII,
1824 3275 1888 3319 16,
1909 3272 1980 3319 14,
1994 3269 2063 3309 ubi
2085 3269 2228 3310 verba.
2250 3272 2476 3323 ποιούμενος
2493 3273 2613 3319 δὲτὴν
2629 3273 2838 3338 παρεπιδη-

107 3340 109 3343 v
164 3321 254 3371 μίαν
272 3323 366 3372 μετὰ
383 3324 572 3373 τερατείας
593 3325 674 3375 ἅμα
686 3327 749 3364 καὶ
771 3328 1000 3378 κακουργίας
1018 3326 1247 3378 ἐνεχρόνιζε,
1270 3329 1651 3380 κατασκευαζόμενος
1665 3328 1723 3367 τὰ
1733 3328 1817 3378 περὶ
1833 3328 1901 3374 τήν
1922 3326 2151 3377 σύγκλητον,
2173 3327 2322 3377 optime
2339 3329 2554 3368 concinunt
2570 3339 2663 3368 cum
2682 3329 2729 3369 iis
2748 3341 2839 3380 quoe

168 3379 364 3420 Diodorus
379 3381 428 3421 de
444 3382 574 3422 indole
599 3385 815 3424 Heraclidis
839 3387 971 3425 refert.
991 3387 1177 3426 Ceterum
1194 3397 1322 3436 quum
1339 3386 1575 3426 Timarchus
1595 3387 1787 3426 Milesi-us
1804 3385 1876 3434 sit,
1895 3385 2028 3424 nescio
2051 3395 2102 3424 an
2122 3385 2311 3425 oriundus
2327 3386 2446 3426 fuerit
2464 3388 2514 3426 ab
2530 3388 2740 3427 Timarcho
2763 3387 2840 3427 Mi-

165 3438 273 3486 lesio,
288 3449 401 3487 eujus
416 3440 664 3489 tyrannidem
682 3442 899 3482 Antiochus
915 3445 1019 3483 Deus
1034 3445 1230 3483 everterat
1248 3443 1441 3494 (Appian.
1460 3448 1549 3495 Syr.
1570 3444 1663 3493 65).
1682 3466 1732 3472 —
1750 3449 1786 3483 2.
1803 3445 1934 3483 Locus
1945 3443 2168 3492 corruptus.
2186 3444 2321 3483 Verti:
2341 3443 2391 3494 [ἡ
2409 3444 2636 3496 σύγκλητος]
2652 3443 2840 3495 Τιμάρχῳ

162 3495 281 3535 ἔδωκε
284 3511 302 3534 ν
322 3498 464 3543 Μηδῶν
483 3499 643 3547 βασιλέα
663 3499 773 3538 εἶναι.
802 3502 851 3540 At
868 3501 981 3551 plura
1012 3500 1204 3541 excidisse
1239 3501 1441 3542 videntur.
1461 3527 1509 3536 -—
1534 3508 1568 3542 3
1589 3502 1771 3542 Artaxias
1793 3500 2050 3552 probabiliter
2066 3499 2171 3539 idem
2195 3502 2254 3540 est
2270 3511 2362 3540 cum
2383 3512 2453 3550 eo,
2485 3503 2553 3551 qui
2571 3503 2618 3541 sr.
2641 3503 2733 3552 VIlI
2756 3513 2839 3542 me-

169 3558 362 3594 moratur

217 3616 318 3653 xlv.
344 3615 435 3654 Fal.
460 3619 549 3664 181,
569 3623 591 3654 6
607 3637 652 3643 -
674 3622 720 3655 26
740 3617 896 3655 υ.1.Ἀ
915 3618 1184 3669 ριαράθου
1170 3632 1220 3657 εκ
1232 3618 1448 3669 πτώσει]
1477 3618 1701 3658 Ariarathes
1717 3620 1752 3657 V
1776 3616 2001 3667 Philopator
2027 3617 2127 3663 (163
2149 3637 2200 3644 —
2222 3620 2290 3655 130
2311 3628 2344 3654 a.
2367 3619 2413 3657 C
2429 3618 2442 3665 )
2456 3627 2617 3666 ,quum
2640 3616 2836 3656 Demetrii

161 3671 394 3712 affinitatem
410 3674 450 3712 et
465 3674 678 3713 amicitiam
697 3685 747 3713 ex
765 3675 968 3714 voluntate
987 3678 1154 3716 Senatus
1169 3679 1213 3716 R.
1235 3679 1476 3724 recusasset,
1494 3687 1614 3727 regno
1630 3676 1817 3727 spoliatus
1835 3676 1930 3714 esta
1950 3674 2166 3723 Demetrio,
2187 3674 2255 3723 qui
2276 3674 2567 3724 llolophernem
2581 3704 2592 3723 ,
2611 3674 2661 3714 ab
2680 3674 2836 3714 Ariara-

162 3731 229 3769 the
253 3730 371 3770 fratre
387 3731 556 3780 ejectum
570 3760 581 3780 ,
598 3732 635 3770 in
654 3732 943 3781 Cappadociam
962 3734 1132 3773 reduxit.
1159 3735 1301 3775 Pulsus
1321 3736 1549 3776 Ariarathes
1572 3737 1737 3775 Romam
1757 3744 1799 3773 se
1815 3731 1984 3772 contulit
2004 3730 2018 3780 (
2035 3732 2085 3771 cf.
2105 3732 2151 3771 fr.
2173 3733 2286 3780 X1V;
2309 3731 2468 3770 Diodor.
2493 3733 2619 3771 XXXI
2634 3764 2645 3781 ‚
2672 3736 2737 3772 28.
2760 3737 2833 3779 323

163 3787 300 3838 l‘olyb.
323 3791 402 3837 Ill,
422 3794 467 3837 5,
497 3796 532 3828 2.
553 3791 723 3838 XXXII,
746 3794 794 3828 20
810 3802 821 3836 ;
840 3790 984 3828 Justin.
1007 3793 1170 3838 XXXV,
1197 3795 1239 3838 13
1275 3792 1440 3841 Appian.
1470 3795 1558 3841 Syr.
1583 3796 1628 3838 47
1647 3793 1660 3843 )
1681 3792 1817 3832 aestate
1845 3790 1938 3843 anni
1968 3794 2064 3838 158,
2093 3788 2162 3828 sed
2193 3799 2285 3828 vere
2308 3788 2470 3828 demum
2501 3788 2592 3828 anni
2613 3790 2834 3838 sequentis,

162 3847 445 3896 παρειληφότων
461 3848 526 3892 τὰς
547 3847 666 3898 ἀρχὰς
689 3850 766 3885 τῶν
795 3847 878 3896 περὶ
907 3848 971 3885 τὸν
989 3848 1119 3892 Σέξτον
1141 3847 1311 3898 Ἰούλιον,
1329 3851 1508 3888 senatum
1525 3849 1634 3890 adire
1652 3849 1794 3900 potuit.
1825 3850 1921 3888 Haec
1944 3848 2150 3895 accurate,
2167 3846 2226 3885 uti
2242 3845 2360 3894 solet,
2385 3845 2570 3896 Polybius
2587 3849 2762 3896 XXXII,
2787 3852 2836 3886 20

162 3907 176 3954 (
191 3906 240 3942 et'.
257 3905 430 3944 clinton.
445 3904 493 3944 ad
511 3916 574 3944 an.
594 3905 706 3954 157).
728 3904 933 3944 Probabile
946 3904 1062 3954 igitur
1075 3905 1307 3944 Ariarathen
1324 3918 1442 3957 regno
1459 3907 1619 3957 pulsum
1635 3918 1717 3948 esse
1728 3918 1821 3947 vere
1832 3906 1924 3946 anni
1946 3908 2014 3945 1'58
2029 3905 2090 3944 vel
2105 3905 2276 3944 exeunte
2285 3915 2389 3943 anno
2407 3909 2492 3944 159.
2509 3904 2609 3944 Huic
2625 3915 2721 3944 vero
2730 3915 2835 3944 anno

168 3966 238 4000 159
263 3962 471 4002 Clintonus
490 3962 618 4011 (tom.
642 3964 723 4010 111,
744 3972 783 4011 p.
806 3962 906 4010 406)
928 3964 1096 4000 mortem
1120 3963 1305 4002 Eumenis
1326 3966 1361 4003 ll
1382 3965 1423 4003 et
1443 3965 1599 4005 initium
1621 3965 1729 4016 regni
1746 3965 1863 4006 Attali
1884 3966 1921 4004 ll
1938 3963 2131 4013 assignat,
2158 3964 2263 4002 recte
2285 3963 2596 4013 utique.1taque
2619 3963 2685 4002 vix
2707 3962 2832 4002 otium

162 4022 244 4059 erat
270 4021 432 4061 Eumeni
450 4021 500 4060 ad
516 4020 812 4060 subornandum
834 4020 1115 4060 Alexandrum.
1140 4024 1272 4067 Quare
1293 4024 1362 4062 aut
1380 4023 1476 4064 tides
1494 4035 1574 4063 non
1594 4025 1653 4063 est
1673 4022 1930 4066 testimoniis,
1963 4020 2108 4070 quibus
2128 4020 2302 4060 Clintoni
2321 4020 2549 4070 supputatio
2576 4020 2731 4070 nititur,
2761 4023 2833 4060 aut

161 4082 299 4119 eontra
311 4091 430 4131 (luam
449 4079 658 4119 verisimile
673 4079 731 4117 est
746 4078 793 4117 ad
811 4089 958 4117 annum
982 4084 1051 4119 160
1065 4080 1279 4120 Ariarathae
1297 4081 1385 4131 suga
1401 4081 1619 4130 referenda,
1636 4083 1706 4120 aut
1717 4081 1888 4130 denique
1901 4077 2047 4119 erravit
2059 4078 2121 4126 vel
2140 4077 2335 4117 Diodorus
2350 4078 2412 4117 vel
2428 4079 2512 4128 ejus
2523 4079 2747 4127 excerptor,
2761 4088 2833 4127 pro

163 4137 291 4176 Attalo
308 4149 457 4187 ponens
471 4139 631 4178 fratrem
646 4137 731 4186 ejus
754 4139 986 4184 Eumenem,
1001 4136 1143 4187 dequo
1161 4137 1200 4176 in
1218 4138 1398 4188 proxime
1417 4139 1741 4179 antecedentibus
1756 4149 1886 4179 sermo
1904 4136 2036 4177 t'uerit.
2054 4136 2168 4183 Quod
2185 4137 2430 4186 postremum
2447 4135 2574 4186 posui,
2591 4146 2732 4175 verum
2748 4145 2832 4175 esse

162 4206 211 4231 ex
232 4193 279 4232 iis
306 4196 480 4247 colligis,
503 4207 594 4246 quae
615 4196 653 4234 in
677 4206 786 4245 seqq.
820 4195 1003 4244 leguntur
1026 4196 1157 4234 haecce
1182 4207 1191 4233 :
1215 4198 1498 4247 συνεπιληφθεὶς
1514 4198 1554 4237 δὲ
1573 4197 1611 4236 ἔν
1632 4211 1710 4236 τισι
1729 4210 1936 4247 στενοχωρ.
1957 4193 2022 4234 ὑπ’
2050 4193 2241 4244 Εὐμένους
2259 4197 2328 4232 τοῦ
2358 4193 2465 4232 τότε
2487 4194 2690 4244 βασιλέως.
2710 4193 2833 4243 Igitur

163 4261 240 4298 quo
262 4253 436 4302 tempore
451 4263 616 4302 puerum
635 4252 819 4301 Ophanes
836 4252 1002 4302 recepit,
1021 4263 1098 4291 non
1116 4254 1285 4302 amplius
1297 4258 1381 4294 erat
1396 4267 1464 4294 rex
1477 4259 1685 4294 Eumenes.
1702 4258 1792 4295 Huc
1804 4254 1956 4294 accedit
1968 4252 2075 4303 quod
2092 4251 2195 4302 apud
2214 4252 2312 4291 alios
2324 4251 2533 4301 scriptores
2547 4251 2586 4290 in
2603 4252 2678 4290 hac
2698 4261 2739 4290 re
2752 4262 2829 4290 nou

165 4309 361 4359 Eumenis,
381 4311 445 4350 sed
462 4311 595 4351 Attalo·
619 4309 766 4349 mentio
780 4310 861 4349 tiat.
873 4334 920 4343 -
933 4315 968 4348 2.
983 4311 1305 4361 βαρυνόμενος
1321 4312 1332 4362 ]
1354 4314 1506 4352 Attalus
1527 4314 1773 4354 Stratonicen
1799 4312 1921 4352 tiliam
1939 4310 2155 4351 Ariarathae
2172 4319 2336 4350 uxorem
2354 4309 2536 4349 habebat.
2558 4309 2698 4349 Strabo
2715 4310 2826 4356 Xlll,

559 4478 582 4495 ν

2961 1191 2972 1208 -
2948 861 2977 1136 ⁴4⁷³..zsr2z‘st'zee
2952 751 2974 845 —‹..
2964 583 2986 712 κενή-ἱ.
2967 488 2985 545 zv«
