3016 4628
1247 223 1655 277 FRAGMENTA.

32 350 52 385 ἴ·
106 337 188 399 ⁶(i.
224 354 263 388 e,
300 337 522 381 doctrinae
546 345 682 380 sacrae
710 328 954 395 ¹homines)
983 335 1407 393 explicat-emalue-

8 394 70 513 ν(
115 413 227 456 Tim.
260 430 279 450 »ι
306 408 629 455 Sclawcmbeck.
652 411 702 467 p‘.
732 402 806 451 38.

734 528 807 570 17.

190 624 451 684 Antigonus
484 622 602 667 Hist.
639 616 806 664 Mirab.
846 630 887 664 c.
938 624 1026 676 147
1061 617 1133 679 (c.
1172 625 1259 672 142
1294 620 1411 664 We-

36 759 38 762 ·
116 694 316 756 sterm.)
347 711 358 739 ε
390 689 672 754 Μεγασθένην
705 689 748 736 δὲ
780 688 851 736 τὸν
885 687 940 735 τὰ
975 686 1136 758 Ἰνδικὰ
1167 690 1412 754 γεγραφότα

18 803 57 851 ᾗ)
122 765 324 831 ἷστορεῒν,
360 765 402 810 ἐν
440 766 493 827 τῇ
530 760 644 809 κατὰ
681 759 759 818 τὴν
797 756 982 817 Ἰνδικὴν
1011 759 1204 824 θαλάττῃ
1240 758 1412 825 δένδρεα

16 887 47 930 a
125 835 303 903 φύεσθαι
343 836 435 897 (sc.
483 829 766 895 Καλλίμαχός
800 832 975 896 φησιν).
1015 833 1082 880 Cf.
1114 834 1307 880 Aris'tot.
1343 834 1415 877 De

125 907 304 954 mundo
328 923 370 952 c.
397 911 450 962 43
471 905 775 962 Theophrast.
803 905 921 952 Hist.
940 905 1092 951 Plant.
1118 902 1195 961 IV,
1219 920 1242 961 7
1258 938 1270 961 ‚
1297 906 1346 950 8.
1409 914 1412 918 ’

738 1009 811 1056 18.

22 1172 27 1180 ¹
193 1120 414 1164 Arrianus
448 1108 555 1162 Ind'.
593 1124 646 1178 4,
679 1116 872 1162 2-132
917 1117 1071 1164 Αὐτοῖν
1096 1113 1139 1162 δὲ
1171 1121 1258 1163 τοῖν
1288 1113 1415 1178 μεγί-

17 1190 43 1250 J
128 1208 244 1239 στοιν
267 1191 480 1251 ποταμοῖν
502 1192 574 1235 τοῦ
595 1203 640 1235 τε
661 1187 840 1251 Γάγγεω
865 1188 938 1235 καὶ
962 1192 1036 1234 τοῦ
1055 1187 1188 1235 Ἰνδοῦ
1208 1187 1279 1235 τὸν
1300 1188 1417 1250 Γάγ-

102 1252 206 1324 ῖγεα
225 1261 392 1324 μεγέθει
411 1258 520 1307 πολύ
537 1278 579 1305 τι
602 1257 851 1324 ὑπερφέρειν
868 1257 1148 1323 Μεγασθένης
1166 1258 1418 1324 ἀνέγραψεν,

125 1333 203 1382 καὶ
222 1332 314 1380 ὅσοι
338 1332 462 1379 ἄλλοι
490 1330 664 1395 μνήμην
688 1335 762 1378 τοῦ
787 1330 968 1395 Γάγγεω
989 1330 1179 1395 ἔχουσιν·
1209 1331 1262 1393 (3)
1290 1330 1418 1378 αὐτόν

31 1399 43 1452 Ϊ
125 1421 176 1453 τε
194 1404 278 1470 γὰρ
304 1403 438 1469 μέγαν
463 1402 653 1468 ἀνίσχειν
679 1404 728 1450 ἐκ
750 1406 836 1450 τῶν
859 1402 1049 1466 πηγέων,
1077 1402 1278 1467 δέχεσθαί
1312 1422 1358 1450 τε
1381 1404 1422 1457 ἐς

21 1492 47 1526 :2
126 1476 260 1525 ἀὑτὸν
290 1476 361 1523 τόν
397 1495 443 1523 τε
480 1474 648 1524 Καϊνὰν
684 1474 896 1537 ποταμὸν,
924 1475 999 1522 καὶ
1029 1474 1100 1522 τὸν
1134 1473 1422 1539 Ἐραννοὸόαν

26 1539 57 1587 :5
131 1550 206 1598 κα).
241 1548 312 1596 τὸν
350 1547 598 1597 Κοσσόανον
626 1546 907 1610 (Κοσσόαγος
936 1564 1027 1594 sec.
1056 1546 1425 1610 Ρ1ἰῐι.),;πάντας

132 1621 354 1675 πλωτούς·
390 1619 454 1668 ἔτι
485 1619 530 1667 δὲ
572 1618 720 1668 Σῶνόν
746 1639 792 1666 τε
823 1619 1018 1681 ποταμὸν
1056 1619 1131 1667 καὶ
1168 1618 1424 1668 Σιττόκατιν

62 1728 65 1731 -
134 1695 208 1756 (v.
233 1697 264 1742 l.
293 1691 599 1755 Σιττόκεστιν)
629 1691 703 1738 καὶ
741 1690 1002 1752 Σολόματιν,
1021 1691 1095 1738 καὶ
1114 1690 1286 1744 τούτους
1305 1692 1426 1738 πλω·

127 1763 246 1817 τούς.
317 1763 372 1826 (4)
414 1762 518 1811 Ἐπὶ
557 1762 601 1809 δὲ
635 1762 914 1827 Κονδοχάτην
947 1781 994 1809 τε
1031 1762 1105 1808 καὶ
1137 1761 1318 1824 Σάμὸον
1353 1762 1428 1809 καὶ

30 1846 79 1886 “’,.-
134 1835 332 1899 Μάγωνα
349 1833 423 1881 καὶ
444 1833 660 1898 Ἀγόρανιν
684 1836 759 1897 (v.
786 1838 817 1884 l.
840 1834 1062 1899 Ἀγόρανιν
1081 1836 1095 1898 )
1116 1834 1190 1882 καὶ
1218 1831 1427 1896 Ὤμαλιν·

135 1906 402 1970 ἑμὸάλλουσι
430 1904 474 1952 δὲ
500 1907 541 1959 ἐς
561 1905 687 1952 αὐτὸν
715 1905 1009 1969 Κομμενάσης
1032 1906 1110 1972 (v,
1134 1909 1166 1952 l.
1198 1906 1430 1969 Κομμινά-

29 1968 90 2024 ἰ’
135 1981 237 2042 σης)
277 1997 323 2026 τε
357 1977 492 2042 μέγας
510 1977 704 2041 ποταμὸς
727 1978 801 2025 καὶ
824 1977 1038 2032 Κάκουθις
1062 1978 1136 2025 καὶ
1170 1977 1431 2039 Ἀνδώματις

30 2062 36 2092 '=
54 2066 89 2102 ὃ,
123 2051 180 2108 ,ἐξ
202 2047 338 2105 ἔθνεος
362 2050 543 2106 Ἰνδικοῦ
567 2055 642 2098 τοῦ
667 2052 968 2099 Μανδιαδινῶν
994 2050 1126 2117 ῥέων·
1161 2052 1215 2114 ’(5)
1249 2051 1323 2098 καὶ
1358 2050 1432 2098 ἐπὶ

32 2114 81 2189 '³14-
134 2121 345 2172 ’τούτοισιν
364 2121 413 2170 Ἄ
421 2140 572 2184 μυστις
591 2121 713 2187 παρὰ
729 2122 852 2170 πόλιν
879 2121 1190 2184 Καταδούπην,
1211 2121 1285 2169 καὶ
1304 2121 1431 2177 Ὀξύ-

130 2210 265 2259 ’ματις
289 2195 344 2255 (e
375 2195 499 2254 conj.
540 2196 816 2253 Schwanb.;
857 2193 1094 2257 Ὀξύμαγις
1134 2195 1312 2256 codd.)
1358 2194 1429 2241 ἐπὶ

55 2271 83 2325 ζὲἴ
133 2268 394 2323 Ἡαζάλαισι
410 2265 480 2332 (v.
502 2269 535 2314 l.
558 2266 801 2320 Πασάλαις.
820 2284 990 2313 sanscr.
1010 2268 1227 2312 Panlrdla
1243 2266 1257 2328 )
1274 2267 1431 2313 καλου-

42 2338 106 2406 ’ᾗ
134 2336 334 2403 ·μένοισι,
360 2338 434 2384 καὶ
460 2336 703 2403 Ἐρρένυσις
730 2339 798 2400 (v.
835 2341 866 2384 l.
887 2336 1153 2402 Ἐρρένυσις,
1181 2336 1430 2402 Ἔρινέσης)

135 2412 186 2459 ’ἐν
218 2409 466 2472 Μάθαισιν,
510 2409 619 2457 ἔθνεϊ
650 2409 843 2475 Ἰνδικῷ,
884 2409 1120 2472 ξυμὸάλλει
1159 2412 1219 2474 τῷ
1266 2409 1434 2472 Γάγγῃ.

144 2483 196 2547 (6)
219 2485 261 2532 T
262 2482 395 2529 ούτων
415 2481 532 2546 λέγει
552 2480 831 2544 Μεγασθένης
851 2481 1000 2529 οὐδένα
1033 2473 1140 2529 εἶναι
1161 2485 1234 2527 τοῦ
1265 2481 1435 2529 Μαιάν-

697 2668 699 2670 ’
759 2698 829 2738 17.

66 2831 75 2846 γ,
103 2828 112 2837 ,
198 2760 571 2838 Megasthenes‚qui
595 2784 727 2825 Indica
748 2785 928 2836 scripsit,
949 2786 990 2825 in
1013 2785 1112 2824 mari
1139 2783 1271 2824 Indico
1283 2785 1442 2825 arbores

53 2855 90 2910 ξ·
146 2850 256 2890 nasci
271 2849 420 2890 scribit.
434 2910 438 2914 ὓ

759 2925 828 2965 18.

44 3003 101 3058 ζ’,
203 3015 260 3054 Ex
288 3013 350 3053 his
371 2997 528 3053 duobus
543 3013 728 3053 maximis
752 3012 906 3064 fluviis,
924 3015 1056 3063 Gange
1077 3014 1197 3063 atque
1215 3012 1337 3062 Indo,
1360 3014 1444 3052 Me-

45 3066 91 3133 “37
149 3077 360 3128 gasthenes
387 3078 566 3127 Gangem
593 3076 694 3116 Indo
738 3076 852 3127 longe
878 3076 1068 3126 majorem
1093 3087 1176 3116 esse
1209 3076 1369 3126 scribit,
1405 3077 1451 3116 et

45 3150 48 3158 ⁴
107 3192 109 3195 ¹
153 3139 224 3181 alii
253 3151 391 3181 omnes
416 3141 487 3192 qui
517 3140 664 3190 Gangis
691 3141 934 3181 mentionem
962 3141 1125 3181 faciunt.
1181 3141 1236 3192 (3)
1270 3144 1371 3182 Nam
1407 3144 1448 3182 et

55 3215 65 3252 ς
92 3227 114 3245 s
153 3204 342 3255 grandem
357 3204 440 3254 jam
463 3205 555 3245 inde
576 3205 626 3245 ab
642 3205 735 3256 ipsis
754 3205 928 3245 sontibus
945 3205 1060 3254 oriri,
1086 3207 1207 3256 atque
1226 3206 1265 3245 in
1280 3217 1323 3246 se
1344 3206 1447 3245 reci·

143 3276 250 3322 φοι-ο
270 3270 457 3320 cuinam,
488 3271 786 3321 Erannoboam,
808 3272 1077 3320 Cossoanum‚
1114 3282 1252 3310 omnes
1284 3271 1447 3321 naviga-

51 3374 54 3383 ,
109 3334 122 3382 ζ
137 3332 268 3374 ubiles.
321 3334 378 3384 (4)
409 3335 504 3374 Post
526 3334 599 3374 hos
628 3334 948 3384 condochatem‚
973 3334 1164 3374 Sambum
1182 3362 1194 3381 ‚
1215 3336 1419 3384 Magonem
1434 3364 1447 3384 ,

50 3431 55 3454 ‚¹
79 3395 368 3454 γ’,ςς-Λςοινιιιίιιι
399 3398 440 3437 et
478 3397 664 3438 Omalim.
736 3399 934 3438 Feruntur
965 3398 1085 3438 etiam
1123 3397 1163 3436 in
1195 3408 1287 3436 eum
1329 3399 1449 3437 Com·

95 3468 115 3511 ‚¹
142 3466 338 3497 menasoe
359 3456 518 3506 grandis
540 3455 684 3497 fluvius
709 3459 750 3497 et
773 3459 962 3499 Cacuthis
988 3461 1110 3509 atque
1139 3459 1370 3499 Andomatis
1399 3471 1451 3499 ex

161 3519 423 3560 Mandiadinis
456 3520 594 3561 Indica
618 3522 736 3571 gente
763 3520 890 3562 fluens
925 3538 935 3562 :
971 3523 1027 3572 (5)
1061 3523 1109 3562 ad
1138 3523 1246 3574 haec,
1283 3523 1452 3574 Amystis

147 3576 280 3634 ‘iuxta
293 3584 438 3624 urbem
454 3584 702 3635 catadupam
717 3614 729 3634 ‚
746 3586 786 3624 et
802 3586 1011 3635 Oxymatis
1029 3586 1132 3636 apud
1153 3587 1314 3626 Pazalas
1327 3617 1339 3636 ‚
1351 3598 1452 3637 quos

163 3649 332 3698 vocant,
366 3648 408 3687 et
440 3648 674 3698 Errhenysis
706 3647 812 3699 apud
845 3649 1025 3697 Mathas,
1058 3649 1178 3689 indiae
1199 3652 1382 3700 gentem,
1412 3651 1452 3689 in

63 3726 83 3760 2
96 3718 122 3758 ᾗ.
152 3711 340 3761 'Gangem
358 3710 503 3750 fluunt.
558 3712 611 3760 (6)
633 3713 784 3751 Horum
807 3713 987 3751 omnium
1005 3712 1212 3752 fluviorum
1231 3714 1453 3763 Megasthe-

54 3791 58 3819 ς
161 3782 235 3814 nes
254 3774 411 3814 nullum
429 3774 632 3815 Maeandro
655 3775 848 3815 minorem
862 3805 874 3826 ,
901 3787 983 3827 qua
1008 3776 1237 3827 navigabilis
1257 3777 1455 3817 Maeander

89 3871 99 3878 ..
145 3841 248 3888 aest,
271 3848 368 3879 esse
402 3841 612 3879 asseverat.
667 3840 724 3890 (7)
767 3843 953 3882 Ceterum
982 3843 1117 3892 patere
1143 3845 1318 3892 Gangem
1335 3872 1347 3892 ,
1375 3853 1454 3893 qua

155 3901 340 3950 ‚maxime
353 3903 542 3954 angustus
556 3904 630 3953 est,
648 3903 699 3943 ad
713 3906 876 3944 centum
889 3904 1036 3954 stadia;
1050 3905 1187 3945 multis
1200 3906 1346 3945 veroin
1360 3906 1456 3945 locis

70 3962 127 4009 ”“·;
168 3965 348 4015 stagnare
359 3995 372 4015 ,
387 3965 444 4005 ita
459 3967 506 4005 ut
521 3966 685 4006 ulterior
699 3968 807 4007 terra
825 3968 995 4017 conspici
1010 3980 1090 4008 non
1106 3969 1241 4019 possit,
1255 3979 1334 4019 qua
1345 3971 1456 4019 parte

169 4025 328 4083 humilis
349 4030 409 4070 est
430 4029 640 4080 nullosque
657 4031 777 4071 colles
803 4031 935 4071 habet.
993 4033 1049 4083 (8)
1070 4032 1168 4072 Indo
1197 4034 1330 4072 autem
1351 4032 1455 4072 idem

67 4138 70 4151 Σ
90 4115 91 4118 =
116 4090 130 4148 ’.ἱ
170 4082 327 4131 accidit.
381 4091 600 4142 Hydraotoe
615 4093 776 4143 quidem
793 4095 831 4133 in
852 4095 1131 4136 cambistholis
1145 4125 1158 4146 ‚
1175 4095 1342 4145 receptis
1357 4095 1396 4134 in
1416 4105 1457 4135 se

60 4163 120 4209 ζ»
167 4154 214 4194 «et
233 4153 407 4205 Hyphasi
426 4154 466 4195 in
482 4155 660 4206 Astrybis
674 4186 686 4207 ,
702 4158 744 4198 et
759 4160 929 4209 Sarange
940 4169 991 4200 ex
1006 4158 1162 4210 ceceiS,
1181 4159 1221 4199 et
1236 4158 1392 4200 Neudro
1409 4170 1458 4199 ex

2646 241 2743 284 ⁴⁴3

1487 337 1539 396 (7)
1566 328 1685 383 Εἶναι
1705 328 1763 382 ῶν
1782 335 1828 381 τὸ
1850 331 1964 400 εὖρος
1989 340 2047 401 τῷ
2070 339 2229 401 Γάγγῃ,
2249 340 2341 387 ἔνθα
2362 361 2440 405 περ
2462 343 2583 396 αὐτὸς
2602 345 2763 391 ἑωϋτοῦ

1485 406 1749 459 στεινότατος
1766 443 1780 468 ,
1807 410 1864 459 εἰς
1885 407 2035 453 ἑκατὸν
2060 410 2252 462 σταδίους
2267 429 2276 438 ·
2301 414 2499 477 πολλαχῆ
2526 414 2568 461 δὲ
2593 415 2667 461 καὶ
2689 416 2759 460 λι-
2779 416 2781 418 ’

1487 477 1677 538 μνάζειν,
1695 481 1751 530 ὡς
1772 476 1832 540 μὴ
1850 477 2039 525 ἄποπτον
2057 471 2162 524 εἶναι
2182 479 2256 536 τὴν
2279 482 2408 546 πέρην
2428 484 2590 547 χώρην,
2607 483 2762 547 ἵναπερ

1485 548 1693 611 χθαμαλή
1718 567 1763 595 τε
1788 551 1878 595 ἐστι
1911 549 1984 596 καὶ
2014 550 2181 610 οὐδαμῆ
2214 553 2460 616 γηλόφοισιν
2484 557 2760 612 ἀνεστηκυῖα.

1489 621 1542 682 (8)
1565 621 1642 684 Τῷ
1666 618 1710 667 δὲ
1731 620 1854 684 Ἰνδῷ
1878 621 1919 674 ἐς
1934 620 2086 667 ταῦτὸν
2110 620 2295 684 ἔρχεται.
2340 625 2588 688 ’Υδραώτης
2610 627 2686 687 μὲν
2718 629 2762 673 ἰν

1492 691 1833 755 Καμὸισθόλοισι
1853 693 2125 756 παρειληφὼς
2145 691 2214 738 τόν
2238 712 2284 739 τε
2305 694 2494 759 ”Υφασιν
2521 700 2562 744 ἐν
2592 698 2765 761 Ἀστρό-

1484 757 1608 810 -6αισι
1633 765 1700 819 (v.
1727 766 1761 811 l.
1790 762 2064 828 Ἀστρύὸαις)
2087 762 2160 809 καὶ
2178 762 2247 809 τὸν
2274 766 2504 828 Σαράγγην
2524 771 2570 814 ἐκ
2589 769 2766 825 Κηκέων

1489 836 1563 896 (v.
1588 838 1620 883 l.
1648 834 1840 893 Κηνέων,
1861 834 2067 893 Μηκέων,
2083 852 2231 884 saner.
2258 837 2455 899 Ccfcaja)
2478 839 2548 884 χαὶ
2568 841 2635 887 τὸν
2654 846 2763 892 Nep-

1485 907 1586 972 δρον
1599 906 1641 961 ἐξ
1651 904 1936 965 Ἀττακηνῶν,
1957 909 1997 960 ἐς
2007 905 2224 964 Ἀκεσίνην
2241 907 2543 968 ἐμὸάλλουσιν.
2568 914 2623 974 (9)
2640 913 2771 962 “Υδά-

1490 998 1600 1037 σπης
1622 982 1664 1027 ἐν
1685 980 1728 1026 δὲ
1753 979 2082 1043 Ὀξυδράκαισιν
2109 978 2224 1042 ἄγων
2247 978 2340 1041 ἅμα
2361 982 2399 1027 οἱ
2420 980 2491 1027 τὸν
2520 983 2698 1047 Σίναρον
2729 989 2771 1033 ἓν

1491 1050 1749 1116 Ἀρίσπαισι,
1773 1052 1813 1104 ἐς
1823 1051 1893 1099 τὸν
1907 1051 2124 1108 Ἀκεσίνην
2147 1051 2306 1100 ἐκδιδοῖ
2321 1051 2393 1099 καὶ
2413 1045 2548 1107 οὗτος.
2564 1056 2637 1117 (lu)
2657 1056 2710 1105 ‘0
2728 1057 2772 1104 δὲ

1491 1120 1705 1182 Ἀκεσίνης
1721 1126 1763 1170 ἐν
1778 1125 1971 1177 Μαλλοῖς
1983 1122 2216 1186 ξυμὸάλλει
2231 1127 2292 1188 τῷ
2307 1124 2444 1190 Ἰνδῷ·
2467 1126 2540 1172 καὶ
2552 1127 2773 1181 Τούταπος

1493 1195 1536 1243 δὲ
1570 1195 1701 1259 μέγας
1727 1196 1919 1258 ποταμὸς
1943 1196 1982 1248 ἐς
2009 1198 2080 1243 τὸν
2103 1195 2322 1254 Ἀκεσίνην
2357 1198 2527 1245 ἐκδιδοῖ.
2600 1200 2772 1248 Τούτων

1493 1271 1515 1315 ὃ
1533 1267 1748 1326 Ἀκεσίνης
1764 1267 2025 1330 ἐμπλησθεὶς
2042 1268 2116 1315 καὶ
2132 1272 2185 1333 τῇ
2201 1267 2400 1326 ἐπικλήσι
2418 1269 2641 1328 ἐκνικήσας
2657 1273 2779 1327 αὐτὸς

1494 1343 1555 1406 τῷ
1573 1344 1730 1388 ἑωϋτοῦ
1746 1341 1829 1399 ἤδη
1847 1340 2051 1403 οὐνόματι
2068 1340 2268 1388 ἐσὸάλλει
2284 1345 2325 1395 ἐς
2341 1328 2410 1388 ὢν
2430 1342 2577 1391 Ἰνδόν·
2593 1346 2665 1408 (ιι)
2688 1348 2781 1394 Κω-

1496 1411 1578 1477 φὴν
1603 1412 1646 1459 δὲ
1671 1415 1713 1460 ἐν
1754 1412 2109 1470 Πευκελαιήτιδι,
2146 1412 2237 1475 ἅμα
2262 1407 2304 1460 οἶ
2333 1412 2448 1477 ἄγων
2489 1416 2781 1478 Μαλάμαντόν

1497 1486 1509 1545 (
1527 1502 1573 1530 v.
1598 1487 1627 1532 l.
1650 1484 1882 1532 Μάλαντον
1901 1486 1914 1544 )
1937 1504 1981 1531 τε
2000 1485 2072 1531 καὶ
2090 1484 2283 1533 Σόαστον
2296 1486 2368 1532 καὶ
2389 1487 2616 1551 Γαρροίαν,
2629 1491 2781 1538 ἐκδιδοῖ

1498 1557 1539 1608 ἐς
1557 1554 1627 1603 τὸν
1649 1554 1796 1604 Ἰνδόν.
1831 1556 1910 1622 (12)
1931 1554 2180 1620 Καθύπερθε
2202 1555 2246 1603 δὲ
2262 1557 2421 1604 τούτων
2447 1559 2634 1623 Πάρενος
2661 1562 2732 1621 (ν.
2752 1565 2778 1607 Ι.

1499 1625 1744 1692 Πτάρενος)
1770 1626 1844 1674 καὶ
1868 1626 2119 1692 Σάπαρνος,
2144 1629 2190 1675 οὗ
2213 1628 2321 1675 πολὺ
2347 1629 2556 1693 διέχοντες
2572 1667 2586 1691 ,
2612 1631 2781 1688 ἐμὸάλ-

1499 1700 1644 1746 λουσιν
1670 1701 1711 1753 ἐς
1744 1698 1814 1746 τὸν
1847 1698 2000 1747 Ἰνδόν.
2038 1698 2199 1754 Σόανος
2229 1698 2296 1759 δὲ,
2328 1702 2377 1747 ἐκ
2413 1705 2489 1759 τῆς
2521 1703 2681 1767 ὀρεινῆς
2710 1707 2784 1760 τῆς

1501 1770 1789 1835 Ἀδισσαρέων
1815 1771 1934 1831 (em.
1960 1774 2171 1820 Diibner.
2206 1783 2253 1819 et
2278 1777 2486 1832 Lassen.;
2517 1776 2657 1822 codd.
2694 1777 2785 1823 Σα·

1504 1840 1634 1889 ὅίσσα
1664 1841 1783 1909 ῥέων.
1810 1842 2099 1908 Βησσαρέων)
2119 1879 2131 1902 ,
2151 1842 2308 1908 ἔρημος
2328 1844 2459 1892 ἄλλου
2477 1850 2694 1908 ποταμοῦ,
2720 1850 2786 1894 ἐκ·

1503 1915 1611 1961 διδοῖ
1628 1915 1668 1968 ἐς
1685 1913 1830 1962 αὐτόν.
1894 1915 1983 1963 Καὶ
2001 1915 2160 1962 τούτων
2181 1913 2279 1970 τοὺς
2301 1915 2482 1971 πολλοὺς
2512 1917 2787 1980 Μεγασθένης

1502 1978 1640 2042 λέγει,
1659 1977 1724 2026 ὅτι
1742 1979 1904 2026 πλωτοί
1924 1982 2044 2029 εἰσιν.
2430 2028 2436 2034 ,

1571 2052 1752 2107 Idem5
1778 2088 1790 2110 ‚
1825 2070 1844 2098 1
1877 2070 1887 2098 :
1913 2052 1977 2100 Τὸ
2005 2053 2047 2100 δὲ
2073 2051 2207 2100 αἴτιον
2233 2050 2347 2107 ὅστις
2365 2051 2496 2100 ἐθέλει
2521 2054 2691 2119 φράζειν
2715 2059 2788 2102 τοῦ

1506 2122 1686 2181 πλήθεός
1699 2142 1745 2171 τε
1767 2123 1840 2170 καὶ
1862 2124 2057 2185 μεγέθεος
2073 2126 2155 2171 τῶν
2173 2124 2315 2172 Ἰνδῶν
2333 2127 2559 2186 ποταμῶν,
2580 2126 2787 2190 φραζέτω·

1509 2195 1602 2257 ἐμοὶ
1632 2194 1677 2242 δὲ
1710 2194 1785 2242 καὶ
1814 2200 1949 2242 ταῦτα
1985 2199 2042 2250 ὡς
2074 2195 2182 2253 ἀκοὴ
2214 2196 2534 2261 ἀναγεγράφθω.
2559 2196 2683 2245 Ἐπεὶ
2718 2197 2791 2243 καὶ

1510 2268 1652 2314 ἄλλων
1670 2268 1838 2314 πολλῶν
1859 2271 2066 2330 ποταμῶν
2084 2268 2299 2330 οὐνόματα
2320 2269 2599 2330 Μεγασθένης
2615 2268 2790 2331 ἀνέγρα-

1509 2341 1602 2404 ψεν,
1627 2337 1667 2386 οἳ
1689 2337 1769 2392 ἔξω
1793 2341 1866 2386 τοῦ
1898 2339 2078 2402 Γάγγεώ
2107 2358 2152 2386 τε
2180 2340 2253 2385 καὶ
2285 2343 2358 2386 τοῦ
2393 2338 2525 2387 Ἰνδοῦ
2559 2340 2790 2386 ἐκδιδοῦσιν

1511 2414 1550 2465 ἐς
1570 2410 1640 2457 τὸν
1662 2411 1765 2475 ἑῷόν
1790 2430 1836 2458 τε
1871 2411 1946 2458 καὶ
1972 2411 2262 2475 μεσημὸρινὸν
2282 2410 2353 2458 τὸν
2376 2410 2456 2465 ἔξω
2481 2411 2630 2459 πόντον
2644 2430 2654 2440 ·
2676 2410 2788 2458 ὥστε

1512 2482 1606 2536 τοὺς
1620 2482 1783 2537 πάντας
1805 2482 1916 2530 ὀκτὼ
1941 2484 2013 2531 καὶ
2034 2483 2296 2541 πεντήκοντα
2318 2482 2433 2545 λέγει
2456 2483 2521 2530 ὅτι
2541 2483 2644 2530 εἰσὶν
2665 2482 2793 2532 Ἰνδοὶ

82 2596 108 2620 ,1,-
144 2554 244 2621 δρου
286 2551 549 2618 ἀποδέοντα,
589 2552 744 2619 ἵναπερ
790 2553 1043 2618 ναυσίπορος
1097 2556 1119 2600 ὁ
1168 2552 1432 2618 Μαίανδρος.
1515 2557 1702 2616 ποταμοὶ
1725 2554 1975 2618 ναυσίποροι
2002 2555 2181 2611 πάντες.
2252 2554 2363 2603 Ἀλλ’
2389 2554 2484 2603 οὐδὲ
2520 2555 2796 2618 Μεγασθένης

1511 2694 1733 2742 Attacenis,
1758 2694 1799 2733 in
1827 2695 2030 2734 Acesinem
2051 2695 2154 2734 lluit.
2212 2696 2268 2744 (9)
2297 2694 2495 2745 Hydaspes
2510 2705 2604 2734 vero
2619 2695 2659 2733 in
2683 2697 2796 2743 Oxy·

1474 2729 1480 2813 (
1512 2757 1640 2796 dracis
1656 2758 1838 2797 Sinarum
1850 2758 1890 2797 in
1905 2769 1947 2797 se
1965 2758 2169 2808 recipiens,
2186 2759 2226 2797 in
2243 2758 2391 2807 Arispis
2403 2758 2521 2797 etiam
2543 2758 2582 2796 in
2599 2758 2798 2797 Acesinem

1477 2834 1480 2876 Ξ
1514 2821 1650 2860 fertur.
1705 2821 1787 2871 (10)
1808 2821 1990 2861 Acesines
2008 2821 2114 2872 apud
2133 2822 2271 2860 Mallos
2286 2832 2377 2860 cum
2396 2821 2494 2860 lndo
2510 2821 2770 2859 committitur
2788 2835 2797 2858 :

1515 2885 1635 2923 etiam
1655 2886 1834 2935 Tutapus
1856 2896 2022 2935 magnus
2038 2885 2185 2924 fluvius
2204 2885 2244 2924 in
2271 2885 2477 2925 Acaeinem
2504 2886 2598 2924 exit.
2650 2885 2799 2933 Quibus

1515 2948 1696 2987 amnibus
1716 2949 1897 2988 Acesines
1922 2948 2104 2998 grandior
2135 2949 2262 2988 sactus
2287 2959 2485 2998 suumque
2513 2949 2639 2987 victor
2657 2959 2799 2987 nomen

1516 3012 1688 3052 retinens
1712 3013 1752 3051 in
1774 3013 1921 3052 Indum
1951 3013 2088 3052 iertur.
2145 3014 2225 3063 (lt)
2255 3013 2416 3063 Cophen
2432 3014 2472 3052 in
2494 3012 2772 3052 Peucelaeetide
2788 3042 2800 3061 ‚

1517 3077 1665 3116 ducens
1679 3087 1814 3115 secum
1830 3076 2111 3116 Malamantum
2123 3106 2134 3125 ,
2152 3078 2333 3116 Soastum
2349 3078 2388 3115 et
2401 3076 2629 3115 Garrhoeam
2641 3087 2775 3115 amnes
2789 3107 2800 3119 .

1517 3140 1616 3180 lndo
1631 3151 1673 3180 se
1699 3139 1850 3179 miscet.
1887 3141 1965 3189 (12)
1982 3142 2109 3190 Supra
2127 3140 2198 3179 lios
2222 3143 2400 3179 Parenus
2417 3142 2457 3178 et
2479 3142 2694 3189 Sami-uus,
2723 3150 2800 3177 nou

1516 3205 1689 3243 multum
1701 3204 1807 3243 inter
1824 3214 1865 3243 se
1882 3203 2083 3251 distantes,
2097 3203 2137 3242 in
2147 3202 2288 3242 Indum
2305 3202 2443 3241 fluunt.
2455 3205 2607 3242 Soanus
2623 3213 2671 3241 ex
2693 3213 2802 3241 mor:-

1518 3268 1622 3307 tanis
1637 3267 1970 3306 Abissareensium
1987 3266 2135 3317 absque
2149 3267 2308 3306 alterius
2327 3266 2435 3305 fluvii
2451 3266 2635 3305 societate
2650 3266 2688 3304 in
2702 3276 2792 3304 euu-

1521 3331 1613 3370 dem
1645 3341 1687 3370 se
1714 3330 1865 3378 ingerit.
1907 3333 2061 3370 Horum
2102 3340 2262 3381 quoque
2298 3330 2504 3380 plerosque
2538 3329 2801 3378 Megasthenes

1521 3393 1756 3444 navigabiles
1778 3404 1861 3433 osse
1875 3393 2059 3432 affirmat.

1573 3458 1760 3508 Quisquis
1783 3468 1942 3497 causam
1962 3457 2228 3497 multitudinis
2245 3457 2365 3497 lndiae
2382 3456 2589 3497 fluminum
2605 3456 2800 3506 explicare

1522 3523 1641 3572 velit,
1677 3523 1733 3561 illi
1756 3533 1825 3572 per
1849 3533 1913 3562 me
1941 3523 2017 3561 hoc
2042 3522 2237 3572 integrum
2261 3523 2325 3562 sit.
2380 3525 2459 3572 Ego
2491 3532 2581 3561 vero
2603 3521 2720 3560 etiam
2752 3519 2802 3558 de

1523 3585 1585 3625 his
1618 3585 1734 3625 rebus
1758 3585 1894 3635 scripsi
1923 3596 2015 3636 quae
2038 3585 2140 3624 sama
2162 3597 2297 3636 sparsa
2328 3588 2435 3626 sunt.
2470 3587 2662 3624 Praeterea
2681 3583 2799 3622 etiam

1523 3651 1692 3691 aliorum
1723 3651 1942 3689 multorum
1975 3650 2184 3690 fluminum
2211 3650 2372 3690 nomina
2402 3650 2666 3700 Megasthenes
2690 3658 2797 3685 com·

1525 3717 1748 3763 memorat,
1773 3726 1864 3766 quae
1893 3717 2006 3755 extra
2036 3717 2212 3766 Gangem
2236 3718 2357 3765 atque
2384 3715 2523 3754 Indum
2555 3714 2729 3752 feruntur
2759 3711 2796 3749 in

1526 3781 1714 3820 orientale
1740 3782 1781 3820 et
1803 3780 2060 3820 meridionale
2089 3783 2295 3820 externum
2317 3790 2444 3826 mare;
2474 3778 2527 3817 ita
2551 3779 2592 3815 ut
2608 3776 2796 3825 quinqua·

1526 3846 1632 3896 ginta
1660 3846 1751 3884 octo
1784 3844 1824 3884 in
1851 3845 2081 3885 universum
2099 3836 2178 3885 sint
2209 3843 2330 3883 indiae
2357 3842 2485 3890 fluvii,
2520 3850 2656 3879 omnes
2685 3839 2793 3878 navi-

1526 3909 1685 3959 gabiloe.
1739 3908 1817 3948 Sed
1838 3919 1913 3949 nec
1938 3909 2019 3960 ipse
2039 3907 2304 3958 Megasthenes
2323 3905 2417 3944 mihi
2452 3903 2604 3942 videtur
2624 3902 2795 3941 multum

1528 3972 1652 4013 Indiae
1682 3983 1905 4023 peragrasse
1925 3989 1934 4013 ε
1953 3974 2041 4023 plus
2070 3974 2202 4012 tamen
2218 3971 2325 4009 certe
2350 3978 2470 4018 quam
2496 3966 2563 4016 qui
2584 3976 2675 4004 cum
2706 3965 2795 4004 Ale-

1528 4037 1680 4076 xandro
1722 4037 1888 4087 Philippi
1917 4036 1997 4076 filio
2033 4035 2263 4075 militarunt.
2331 4030 2586 4071 Sandracotto
2619 4028 2723 4067 enim
2749 4038 2791 4066 se

1528 4100 1700 4142 adfuisse
1725 4101 1862 4142 scribit
1873 4102 1893 4151 ,'
1917 4095 2090 4140 maximo
2117 4098 2302 4138 indorum
2331 4095 2408 4143 regi
2441 4095 2480 4133 et
2509 4092 2569 4130 vel
2599 4094 2697 4131 Poro
2724 4102 2793 4142 po·

1529 4165 1703 4207 tentiori.
