3016 4628
13 446 44 541 {l

479 288 748 339 HERMIAE
786 287 1200 372 ME'rHYlthAEl
1240 287 1318 335 ET
1354 288 1635 335 ATHANAE
1671 288 2071 337 SYllACUSANl
2111 291 2517 340 FRAGMENTA.
2761 301 2815 341 81

174 395 256 443 ὑπὸ
279 398 362 442 τῶν
387 395 602 459 τιμούχων
626 396 872 456 ζημιοῦται.
904 392 1034 441 Ἀλλὰ
1061 392 1145 455 μὴν
1169 391 1262 440 οὐδὲ
1286 397 1371 447 τοῖς
1393 413 1456 441 σι-

173 467 391 530 τουμένοις
407 468 451 513 ἐν
469 465 711 530 πρυτανείῳ
730 464 879 520 ἔξωθεν
898 464 1219 529 προσεισφέρειν
1241 483 1280 510 τι
1301 464 1458 529 βρώσι·

173 558 252 601 μον
274 538 433 598 ἔξεστι,
454 537 564 600 μόνα
585 537 780 585 δὲταῦτα
797 535 1183 592 καταναλίσκουσι,
1206 536 1261 582 τὰ
1282 538 1458 584 ὑπολει-

169 608 338 671 πόμενα
354 612 441 661 τοῖς
457 606 978 669 οἷκέταιςμεταδιδόντες.
1001 610 1106 660 Ταῖς
1123 608 1159 653 δ’
1179 606 1330 661 ἄλλαις
1348 609 1457 669 ἡμέ-

171 699 264 745 ραις
291 681 451 734 πάσαις
481 684 555 726 τοῦ
593 682 789 727 ἐνιαυτοῦ
814 677 950 733 ἔξεστι
984 681 1069 725 τῶν
1100 678 1363 740 σιτουμένων
1397 682 1457 744 τῷ

171 751 416 817 βουλομένῳ
436 750 652 798 ἀνελθόντι
665 753 721 804 εἷς
735 751 785 798 τὸ
804 754 1060 815 πρυτανεῖον
1079 751 1280 808 δειπνεῖν,
1296 750 1456 798 οἴκοθεν

169 822 563 887 παρασκευάσαντα
589 825 706 887 αὑτῷ
725 820 915 886 λάχανόν
940 841 980 868 τι
1009 819 1036 878 ἢ
1058 825 1142 868 τῶν
1171 822 1358 887 ὀσπρίων
1383 822 1456 870 καὶ

168 894 361 959 τάριχος,
386 894 414 952 ἢ
434 893 576 958 ἰχθὺν,
599 893 734 960 κρέως
756 893 800 940 δὲ
821 892 1007 958 χοιρείου
1035 892 1322 959 βραχύτατον,
1344 894 1367 918 *
1383 895 1457 940 καὶ

166 964 327 1014 τούτων
355 964 704 1029 μεταλαμὸάνων
739 963 923 1022 κοτύλην
948 963 1080 1012 οἴνου.
1109 965 1287 1013 Γυναικὶ
1312 964 1355 1012 δὲ
1376 966 1457 1011 ὀὐκ

165 1037 324 1093 ἔξεστιν
342 1037 516 1085 εἰσιέναι
540 1040 597 1090 εἷς
620 1036 669 1084 τὸ
691 1035 989 1100 πρυτανεῖονῆ
1011 1035 1119 1100 μόνῃ
1144 1040 1197 1100 τῇ
1221 1036 1454 1100 αὐλητρίδι.

167 1112 262 1159 Οὐκ
279 1110 519 1176 εἰσφέρεται
539 1109 583 1156 δὲ
606 1108 693 1157 οὐδ’
713 1109 815 1172 ἀμὶς
839 1111 897 1163 εἷς
916 1108 964 1156 τὸ
989 1114 1259 1173 πρυτανεῖον.
1281 1108 1386 1157 Ἐὰν
1412 1109 1457 1155 δέ

165 1201 227 1238 τις
247 1184 561 1247 Ναυκρατιτῶν
582 1180 747 1244 γάμους
767 1185 917 1247 ἑστιᾷ,
936 1183 993 1234 ὡς
1010 1183 1052 1229 ἐν
1072 1184 1133 1244 τῷ
1149 1183 1324 1244 γαμικῷ
1338 1179 1457 1244 νόμῳ

164 1255 431 1320 γέγραπται,
452 1252 681 1320 ἀπείρηται
697 1253 762 1320 ᾠὰ
784 1253 858 1301 καὶ
877 1252 1125 1316 μελίπηκτα
1147 1252 1353 1300 δίδοσθαι.

228 1330 466 1389 Gryneum
483 1344 628 1388 quum
643 1330 780 1372 situm
798 1328 854 1371 sit
870 1343 895 1372 e
914 1328 1104 1388 regione
1124 1327 1259 1372 Lesbi
1280 1328 1453 1382 insulae,

163 1401 408 1460 probabile
420 1415 527 1444 sane
548 1409 614 1444 est
629 1401 877 1443 Hermeam
899 1397 1110 1442 Athenaei
1133 1407 1345 1442 nostrum
1362 1414 1456 1443 esse

162 1474 539 1532 Methymnaeam.
567 1474 637 1515 Ita
662 1473 798 1516 etiam
821 1469 1043 1515 Miillerus
1064 1472 1176 1515 Dor.
1204 1473 1251 1526 Ι,
1269 1487 1318 1530 p.
1342 1486 1452 1528 227.

163 1547 275 1603 Quae
293 1545 351 1588 de
371 1545 741 1593 Naucratitarum
762 1543 885 1587 festis
901 1543 1118 1588 Hermeas
1131 1544 1343 1598 intexuit,
1364 1553 1457 1588 tam

161 1625 423 1661 accuratam
446 1630 603 1659 rerum
627 1615 944 1674 cognitionem
966 1614 1200 1673 produnt,
1229 1623 1281 1658 ut
1307 1616 1456 1674 ipsum

161 1690 377 1734 Naucrati
401 1703 487 1746 per
510 1688 797 1745 aliquantum
827 1687 1050 1746 temporis
1080 1686 1255 1746 degisse
1278 1696 1453 1731 statue-

161 1763 252 1805 rim
271 1759 343 1822 (*).
370 1762 439 1804 De
460 1760 654 1804 oraculo
675 1760 904 1818 Apollinis
924 1759 1096 1818 Grynei
1117 1775 1164 1802 v.
1192 1757 1388 1804 Pausan.
1415 1762 1453 1816 I,

70 1817 87 1892 ἶ
164 1848 248 1887 ²13
275 1832 535 1876 Philostrat.
559 1832 650 1875 Vit.
679 1831 835 1889 Apoll.
864 1831 944 1884 IV,
973 1835 1055 1885 14;
1082 1830 1355 1874 Parthenius
1378 1847 1452 1890 ap.

161 1902 320 1963 Steph.
343 1905 450 1962 Byz.
471 1903 506 1949 Γ
510 1900 643 1963 ρύνοι,·
658 1900 827 1946 Strabo
843 1902 982 1956 XIII,
996 1917 1046 1960 p.
1065 1900 1183 1957 6223
1202 1903 1385 1946 Servius
1398 1903 1457 1947 ad

161 1977 322 2037 virgil.
335 1977 433 2020 Ecl.
454 1977 533 2031 VI,
549 1990 606 2031 72
620 1990 676 2019 ex
692 1975 999 2033 Euphorione
1020 1973 1091 2033 (p.
1118 1989 1206 2018 102
1218 1972 1455 2036 Meinek.).

158 2048 229 2094 Cf.
255 2049 502 2094 Ste-C‘roix
538 2049 630 2093 Des
653 2063 758 2091 cmc.
792 2062 927 2105 gono.
942 2043 1053 2102 fe'd.
1080 2062 1130 2105 p.
1175 2044 1264 2089 156
1281 2079 1293 2100 ‚
1329 2046 1457 2104 cujus

158 2121 433 2165 sententiam
464 2121 548 2164 etsi
571 2135 700 2164 mera
731 2120 956 2163 nitentem
981 2118 1251 2176 conjectura
1276 2119 1457 2177 proba-

158 2202 269 2236 runt
285 2186 479 2237 Clavier.
506 2193 624 2235 Hist.
650 2207 722 2251 gr.
749 2193 820 2247 ΙΙ,
846 2207 896 2250 p.
918 2189 996 2235 68.
1012 2225 1023 2246 ,
1044 2191 1457 2235 Raoul—Rochette

159 2255 315 2308 Ecabl.
329 2266 422 2319 ΙΙΙ,
440 2281 488 2324 p.
508 2269 587 2320 44,
606 2265 790 2308 Miiller.
816 2261 964 2307 Dor]
977 2278 1053 2322 ,p.
1072 2262 1183 2318 262,
1203 2263 1452 2307 Sclilosser.

163 2335 444 2394 W'elcgesclz.
474 2337 495 2379 Ι
508 2329 525 2391 ,”
541 2351 590 2395 p.
620 2335 647 2380 3
659 2351 739 2391 1²3
758 2335 1006 2379 addubitat
1022 2332 1076 2378 C.
1095 2334 1347 2380 Hermann.
1366 2337 1455 2378 An·

160 2409 246 2467 tiq.
268 2409 349 2454 Gr.
374 2408 459 2464 76,
491 2422 565 2450 12.
748 2470 791 2530 (3
818 2465 831 2532 )

599 2546 1004 2608 ΠΕΡιΗΓΗΣΙΣ.

222 2658 381 2717 Steph.
398 2652 515 2716 Byz.
542 2671 586 2699 v.
617 2652 781 2706 Χάλκις
807 2670 817 2698 :
913 2650 1045 2700 Ἔστι
1069 2651 1144 2699 καὶ
1175 2651 1295 2706 πόλις
1319 2651 1449 2701 Χάλ-

209 2770 258 2821 (*)
279 2770 463 2810 Diversus
477 2770 628 2816 tamen,
644 2769 689 2806 ut
706 2768 818 2816 puto,
834 2766 884 2805 ab
899 2766 1056 2806 Hermia
1070 2767 1129 2806 est
1144 2766 1188 2805 ‘E
1199 2780 1218 2817 ρ
1231 2781 1258 2817 μ
1268 2771 1316 2806 αῖ
1325 2781 1345 2806 ο
1356 2783 1371 2812 ς
1391 2769 1454 2819 (Ρ),

163 2829 277 2877 cuius
313 2828 459 2867 librum
490 2826 664 2877 primum
702 2825 814 2875 Περὶ
876 2828 970 2862 τῶν
1004 2825 1284 2874 Αἰγυπτίων
1320 2825 1457 2865 laudat

164 2887 269 2926 Plut.
289 2889 347 2926 De
373 2889 421 2925 ls.
445 2886 484 2924 et
503 2880 575 2924 Os.
599 2895 634 2922 c.
654 2887 718 2932 37,
748 2883 797 2922 de
828 2883 990 2922 nomine
1017 2883 1181 2922 Osiridis
1216 2883 1322 2923 conf.
1352 2883 1455 2922 idem

158 2944 254 2984 ibid.
270 2955 306 2983 c.
329 2947 391 2983 42.
411 2965 465 2972 -—
483 2947 686 2983 Hermeas
703 2942 1009 2991 Hermupoltta
1024 2942 1094 2991 qui
1111 2941 1293 2981 versibus
1311 2942 1454 2981 iambi-

140 3001 217 3040 -cis
231 3002 287 3040 τὰ
306 3000 585 3052 πάτρια.τῆς
602 2999 969 3050 Ἑρμουπὸλεως
988 2999 1168 3050 scripsit,
1187 2999 1332 3038 citatur
1350 3000 1453 3039 Pho-

159 3059 216 3098 tio
239 3059 279 3098 in
298 3058 400 3098 Bibl.
419 3058 510 3099 eod.
527 3061 616 3098 279.
628 3047 765 3106 ‘ldem,
782 3057 939 3107 opinor,
957 3068 1054 3096 cum
1076 3057 1223 3108 priore.
1251 3060 1454 3097 Hermeas

159 3116 346 3156 Phaenix
372 3115 650 3166 philosophus
681 3125 744 3164 ap.
778 3114 987 3163 Agathiam
1018 3125 1059 3165 p.
1084 3115 1134 3153 69
1162 3137 1213 3147 -
1245 3118 1454 3155 Hermeas

159 3175 342 3221 Samius,
357 3172 590 3223 Hermodori
604 3173 629 3212 f.
644 3202 656 3222 ,
672 3183 734 3222 ap.
751 3172 892 3212 Athen.
911 3183 951 3222 p.
971 3178 1060 3222 606,
1082 3173 1113 3211 C
1140 3172 1332 3223 (Ἑρμείας
1353 3174 1454 3212 ὁτοῢ

157 3232 399 3284 Ἑρμοδώρου
411 3261 423 3280 ,
442 3230 583 3280 Σάμιος
605 3231 649 3269 τὸ
672 3231 779 3280 γένος
791 3259 802 3277 ,
827 3231 1029 3281 ἐρασθῆναι
1049 3234 1150 3280 χῆνα
1167 3230 1367 3274 Λακύδους
1383 3236 1453 3270 τοῦ

79 3300 82 3302 ’
158 3287 384 3340 φιλοσόφου)
405 3291 524 3327 -Η,
557 3290 803 3335 curiensis,
824 3287 939 3337 cujus
962 3287 1137 3336 iambos,
1163 3287 1309 3337 quibus
1336 3287 1455 3326 Stoici

158 3345 385 3395 irridentur,
403 3346 500 3385 citat
517 3346 730 3385 Athenaeus
745 3347 835 3384 Xlll
849 3375 861 3394 ,
878 3356 918 3395 p.
939 3350 1012 3384 563
1033 3348 1079 3384 D.
1098 3366 1151 3373 --
1171 3347 1222 3384 H.
1247 3347 1346 3393 Car,
1369 3349 1452 3383 An-

157 3402 279 3443 tiochi
295 3405 349 3443 Μ.
368 3403 546 3443 minister
563 3414 628 3452 ap.
650 3403 786 3452 Polyb.
806 3405 858 3451 V,
877 3406 942 3452 41,
961 3408 976 3441 1
999 3402 1156 3452 saepius.
1173 3424 1222 3430 -
1236 3405 1454 3451 Hermeas,

158 3463 383 3511 qwmetra,
395 3472 459 3512 ap.
477 3461 582 3501 Plut.
601 3461 741 3500 Moral.
758 3471 798 3510 p.
820 3463 896 3499 899
913 3461 953 3499 et
969 3463 1041 3499 901
1057 3459 1123 3499 ed.
1143 3459 1272 3499 Didot.
1289 3485 1338 3492 -
1352 3463 1457 3499 Her·

158 3522 270 3559 mias
295 3518 788 3571 rlzetorAlexandrinus,
804 3528 868 3568 ap.
886 3517 1049 3558 suidam
1065 3529 1104 3557 v.
1124 3518 1387 3568 Παμπρέπιος.
1406 3540 1457 3545 —-

160 3579 356 3617 Hermia-s
374 3576 586 3626 medicus,
606 3575 714 3626 apud
734 3575 871 3615 Galen.
899 3576 971 3625 (V.
997 3575 1152 3615 Fabric.
1178 3577 1222 3613 B.
1239 3577 1309 3614 Gr.
1335 3577 1429 3614 Xlll
1445 3606 1456 3625 ,

159 3643 200 3683 p.
218 3638 304 3683 180,
316 3633 377 3674 ed.
391 3634 716 3684 pr.)-—Hermias
727 3634 909 3683 tacticus‚
923 3644 987 3684 ap.
1003 3633 1145 3674 AElian.
1162 3635 1273 3672 Tact.
1297 3638 1328 3671 1.
1340 3636 1458 3673 —De

160 3690 329 3731 Hermiis
341 3691 583 3742 philosophis
603 3691 765 3731 secundi
781 3693 822 3731 et
843 3691 971 3741 quinti
997 3690 1132 3730 saeculi
1162 3701 1202 3740 p.
1230 3690 1340 3731 Chri.
1365 3691 1459 3730 satis

160 3749 326 3788 constat.
348 3749 418 3789 His
434 3748 536 3789 adde
568 3749 638 3799 qui
658 3747 869 3788 laudantur
897 3748 939 3786 in
959 3749 1019 3788 St.
1037 3748 1153 3787 Thes.
1191 3749 1239 3786 V.
1272 3748 1452 3798 Ἑρμέας,

160 3804 351 3856 Ἑρμείας.

1533 413 1596 447 κις
1619 396 1662 441 ἐν
1694 395 1881 459 Σκυθίᾳ,
1909 389 1960 451 ἧς
1983 398 2021 441 οἱ
2053 398 2225 442 πολῖται
2258 400 2491 444 Χαλκῖται.
2531 396 2662 446 Ἔστι
2687 400 2758 446 καὶ
2795 403 2819 456 ἡ

1531 465 1655 529 χώρα
1676 468 1909 523 Χαλκῖτις,
1929 469 1986 518 ὡς
2011 466 2215 530 Ἑρμείας
2236 470 2278 513 ἐν
2305 469 2587 531 Περιηγήσει.

1597 541 1719 583 Num
1734 541 1810 584 hic
1830 540 1887 583 sit
1912 548 2072 583 noster
2088 541 2297 584 Hermias
2316 543 2487 586 nescio.
2511 544 2717 588 Fortasse
2736 547 2824 589 lle·

1533 619 1698 654 cataeus
1718 626 1810 655 esse
1831 611 1987 654 debet.

1739 830 1743 834 ⁵
1797 859 2093 907 ATHANAS
2132 858 2595 908 SYRACUSANUS.

1597 981 1835 1026 Diodorus
1854 983 1956 1035 XV,
1976 986 2056 1040 94,
2079 986 2126 1040 4,
2148 980 2207 1025 3(1
2220 996 2391 1025 3111111111
2410 981 2611 1025 Molonis
2629 983 2826 1026 archon-

1533 1054 1610 1109 tis,
1637 1055 1824 1113 Olymp.
1859 1058 1945 1105 104
1962 1087 1974 1108 ,
2000 1053 2043 1097 3.
2078 1068 2118 1097 a.
2140 1053 2249 1097 Chr.
2284 1052 2375 1096 362
2403 1068 2413 1096 :
2439 1053 2539 1098 Τῶν
2565 1049 2608 1097 δὲ
2634 1070 2827 1115 συγγρα-

1532 1123 1643 1188 φέων
1670 1123 1845 1176 Ἀθάνας
1870 1126 1892 1170 ὁ
1915 1121 2180 1187 Συρακόσιος
2211 1124 2294 1168 τῶν
2329 1121 2427 1182 περὶ
2452 1121 2595 1170 Δίωνα
2630 1122 2824 1187 πράξεων

1531 1199 1720 1244 ἐντεῦθεν
1747 1195 1979 1260 ἀρξάμενος
2014 1194 2175 1259 ἔγραψε
2209 1193 2285 1256 μὲν
2323 1194 2493 1258 βίὸλους
2522 1196 2825 1257 τρισκαίδεκα,

1531 1267 1830 1332 προσανέλαὸε
1851 1267 1895 1313 δὲ
1916 1266 1987 1313 τὸν
2007 1266 2197 1332 ἄγραφον
2220 1265 2373 1330 χρόνον
2394 1268 2498 1312 ἐτῶν
2519 1265 2628 1313 ἑπτὰ
2649 1267 2737 1313 ἀπὸ
2753 1271 2828 1324 τῆς

1533 1339 1746 1388 Φιλίστου
1786 1338 2022 1393 συντάξεως
2057 1341 2100 1385 ἐν
2137 1346 2216 1403 μιᾷ
2245 1337 2406 1403 βίὸλῳ,
2437 1336 2512 1385 καὶ
2543 1337 2717 1384 διελθὼν
2752 1338 2827 1392 τὰς

1531 1411 1703 1476 πράξεις
1723 1413 1766 1458 ἐν
1782 1410 2029 1477 κεφαλαίοις
2049 1414 2206 1474 συνεχῆ
2228 1410 2305 1468 τὴν
2326 1410 2514 1474 ἱστορίαν
2541 1411 2757 1467 ἐποίησεν.

1598 1487 2069 1540 Commentariorum,
2087 1501 2204 1544 quos
2219 1485 2431 1529 Philistus
2443 1486 2705 1545 scripserat,
2723 1501 2829 1545 pars

1530 1560 1682 1618 prima
1698 1574 1770 1603 res
1793 1559 1966 1603 Siculas
1985 1558 2217 1602 enarravit
2241 1572 2386 1615 usque
2407 1557 2467 1600 ad
2491 1566 2670 1616 captam
2691 1559 2828 1618 Agri·

1531 1641 1744 1691 gentum3
1771 1632 1914 1674 altera
1937 1645 2050 1674 vero
2073 1629 2286 1673 dedicata
2310 1638 2376 1672 est
2394 1629 2595 1673 historiae
2619 1630 2828 1688 Dionysii

1530 1705 1747 1758 senioris;
1770 1704 1952 1747 tertiam
1971 1711 2152 1761 partem
2165 1735 2177 1755 ‚
2199 1717 2290 1760 qua
2306 1703 2518 1759 Dionysii
2537 1701 2737 1759 junioris
2756 1717 2828 1745 res

1531 1777 1826 1835 expositurus
1844 1785 1965 1830 erat,
1989 1776 2239 1833 quominus
2259 1774 2544 1829 absolveret,
2561 1783 2716 1818 morte
2740 1775 2828 1817 im-

1531 1849 1716 1907 peditus
1739 1857 1828 1903 est;
1852 1863 1960 1891 nam
1981 1847 2098 1891 duos
2122 1856 2300 1890 tantum
2322 1847 2467 1890 libros
2483 1846 2542 1890 ad
2562 1844 2702 1890 finem
2718 1862 2826 1906 per·

1531 1921 1752 1975 duxerat,
1777 1921 1856 1979 qui
1876 1920 2058 1979 tyranni
2079 1934 2224 1963 annos
2245 1919 2677 1977 complectebantur
2695 1920 2829 1977 prio-

1531 2009 1603 2038 res
1620 1980 1828 2052 quinque
1851 1993 1957 2048 (Ol.
1984 1991 2092 2047 103,
2114 1993 2320 2046 1-104,
2343 2006 2395 2045 23
2416 2006 2454 2034 a.
2476 1991 2526 2035 C.
2553 1989 2824 2047 367—363.

1530 2067 1587 2110 V.
1608 2066 1797 2110 Clinton
1826 2064 1886 2108 ad
1903 2079 1978 2108 an.
2009 2063 2120 2120 367.
2150 2063 2471 2118 Diodor.XV‚
2500 2062 2560 2109 89
2586 2078 2597 2106 ε
2624 2059 2694 2108 Τὰ
2727 2059 2824 2124 περὶ

1531 2134 1752 2183 Διονύσιον
1778 2133 1849 2181 τὸν
1874 2133 2077 2198 νεώτερον
2103 2126 2186 2180 ὧδε
2212 2134 2315 2196 [Ol.
2355 2140 2469 2190 104,
2498 2133 2558 2196 2]
2587 2134 2827 2195 κατέστρο-

1531 2207 1663 2273 <pff-J·
1690 2210 1812 2253 Hinc
1831 2224 1979 2267 usque
2000 2208 2060 2252 ad
2076 2209 2352 2267 Dionysium
2368 2223 2395 2251 a
2413 2208 2566 2251 Dione
2582 2207 2827 2265 tyrannide

1531 2281 1727 2338 ejectum
1759 2282 1927 2339 reliqui
1950 2289 2055 2324 sunt
2078 2281 2187 2324 anni
2217 2289 2392 2338 septem
2432 2279 2530 2340 (Ol.
2571 2284 2684 2334 104,
2713 2294 2739 2322 2
2763 2304 2827 2311 —

1537 2355 1651 2408 106,
1684 2369 1700 2396 1
1721 2370 1733 2408 ;
1758 2368 1798 2398 a.
1830 2353 1880 2398 C.
1907 2351 2163 2397 363—356
2185 2353 2217 2411 ).
2244 2377 2309 2386 —
2329 2352 2530 2396 Athanas
2557 2352 2699 2411 igitur
2714 2352 2825 2405 sive,

1529 2435 1583 2469 ut
1606 2425 1877 2469 Plutarchus
1911 2434 1956 2468 et
1983 2426 2242 2479 Athenaeus,
2270 2424 2460 2468 Athanis
2475 2457 2486 2478 ‚
2514 2439 2659 2482 quum
2678 2424 2827 2467 histo-

1531 2499 1648 2541 riam
1671 2496 1780 2539 inde
1804 2511 1830 2539 a
1852 2497 2016 2539 Dionis
2034 2496 2223 2540 demum
2250 2495 2539 2554 temporibus
2563 2491 2702 2556 (356)
2732 2504 2828 2538 tra-

1532 2569 1643 2613 dere
1662 2567 1991 2623 constituisset,
2011 2578 2164 2612 tamen
2181 2569 2319 2611 etiam
2335 2582 2408 2611 res
2428 2577 2573 2626 gestas
2592 2582 2823 2610 annorum

1529 2650 1721 2699 septem,
1748 2642 1828 2699 qui
1846 2641 2064 2684 labuntur
2077 2641 2134 2684 ab
2150 2656 2224 2684 an.
2245 2638 2501 2684 363—356
2520 2636 2615 2700 (τὸν
2636 2636 2827 2700 ἄγραφον

1529 2709 1737 2776 χρόνον),
1762 2727 1859 2756 11110
1889 2713 2012 2756 libro
2038 2713 2244 2756 breviter
2265 2713 2502 2771 exposuit,
2526 2726 2583 2755 eo
2604 2711 2826 2754 nimirum

1532 2786 1751 2840 consilio,
1772 2792 1824 2827 ut
1849 2799 1982 2827 suum
2015 2785 2155 2842 ipsius
2176 2798 2293 2842 opus
2317 2798 2422 2826 cum
2447 2783 2623 2826 Philisti
2648 2783 2828 2841 scriptis

1531 2856 1832 2914 conjunctum
1864 2856 2132 2899 continuam
2168 2855 2372 2898 historiae
2406 2855 2567 2899 Siculae
2600 2855 2828 2914 praeberet

1531 2930 1871 2973 enarrationem
1893 2926 1964 2989 (¹³).
1983 2928 2352 2972 Commentarios
2366 2927 2567 2971 Athanas
2584 2926 2827 2970 deduxisse

1582 3058 1633 3109 (*)
1662 3057 1822 3097 Erravit
1843 3057 2019 3106 Heynius
2038 3059 2094 3096 De
2118 3056 2254 3095 fontib.
2277 3055 2438 3095 Diodor.
2468 3067 2508 3106 p.
2531 3057 2727 3095 LXXXVI
2755 3054 2821 3093 ed.

1530 3117 1614 3166 Bip.
1648 3132 1657 3155 ε
1691 3132 1709 3149 «
1745 3116 1967 3166 Exceperat
1987 3115 2199 3155 Philistum
2222 3115 2419 3162 Athanas,
2458 3125 2520 3153 res
2550 3113 2684 3153 Dionis
2713 3114 2826 3152 libris

1529 3177 1619 3213 Xlll
1636 3174 1870 3223 persecutus
1887 3172 1977 3211 inde
1992 3172 2042 3211 ab
2061 3170 2222 3222 olymp.
2246 3175 2318 3212 104
2332 3203 2342 3221 ,
2359 3178 2394 3211 3.
2413 3172 2557 3213 Debuit
2572 3172 2704 3221 itaque
2719 3169 2827 3209 istud

1529 3229 1768 3270 descendere
1790 3241 1918 3279 usque
1946 3230 1996 3268 ad
2020 3230 2182 3280 olymp.
2213 3235 2308 3279 106,
2330 3236 2375 3278 3,
2409 3232 2454 3269 ut
2480 3230 2579 3269 adeo
2603 3240 2666 3268 res
2697 3239 2824 3268 anno-

1531 3299 1617 3326 rum
1641 3289 1721 3327 sere
1740 3299 1883 3327 novem
1907 3288 2162 3338 (362-354)
2185 3288 2538 3338 comprehenderet
2563 3304 2572 3327 :
2600 3287 2703 3326 idern
2720 3296 2824 3336 prae-

1530 3346 1692 3385 miserat
1716 3357 1797 3384 uno
1817 3345 1923 3384 libro
1953 3345 2158 3385 historiam
2178 3357 2201 3384 a
2229 3346 2394 3386 Philisto
2424 3346 2616 3385 intactam
2643 3345 2826 3383 relictam

1530 3406 1681 3454 septem
1703 3415 1917 3442 annorum.
1955 3405 2019 3443 Sic
2049 3404 2211 3443 Diodor.
2244 3406 2346 3452 XV,
2372 3407 2445 3453 94,
2482 3406 2527 3443 ut
2559 3403 2658 3442 adeo
2687 3403 2751 3440 hic
2785 3402 2826 3439 in

1529 3463 1763 3510 computum
1792 3472 1874 3499 non
1902 3461 2086 3500 retulerit
2110 3462 2234 3500 libros
2255 3462 2346 3501 illos
2362 3462 2464 3500 duos
2484 3462 2534 3501 de
2563 3460 2739 3510 Dionysii
2756 3459 2823 3508 ju·

1530 3519 1651 3558 nioris
1686 3519 1827 3567 rebus;
1863 3518 1931 3558 sed
1964 3521 2122 3558 tantum
2159 3519 2291 3569 majus
2324 3519 2425 3558 illud
2457 3530 2557 3569 opus
2588 3518 2823 3572 historicum

1533 3577 1707 3624 Philisti,
1725 3576 1833 3625 quod
1853 3576 1893 3615 in
1918 3577 2094 3626 Dionysii
2109 3578 2278 3616 senioris
2299 3580 2429 3616 morte
2449 3578 2622 3626 exierat,
2641 3576 2704 3616 Ol.
2729 3580 2796 3614 103
2811 3605 2821 3622 ,

1535 3639 1569 3672 ι.
1595 3645 1631 3672 3.
1656 3637 1704 3674 C.
1735 3638 1833 3682 368,
1867 3645 1890 3672 a
1924 3645 2007 3683 quo
2036 3646 2165 3673 annus
2183 3635 2378 3685 septimus
2411 3636 2475 3675 01.
2518 3637 2610 3684 104,
2642 3637 2679 3673 3.
2713 3642 2749 3670 a.
2773 3634 2819 3670 C.

1533 3696 1626 3730 362.
1657 3708 1675 3725 »
1702 3691 1851 3730 Eadem
1870 3692 2013 3742 repetit
2044 3693 2209 3732 Goeller,
2236 3695 2293 3731 De
2324 3693 2405 3731 situ
2426 3696 2560 3741 syrac.
2587 3703 2628 3741 p.
2662 3696 2722 3729 16.
2753 3690 2821 3728 Mi-

1531 3759 1621 3787 rum
1642 3750 1819 3798 profecto
1840 3750 1942 3789 soret
1977 3749 2198 3789 Diodorum
2228 3751 2382 3790 nullam
2412 3751 2608 3789 rationem
2640 3747 2823 3788 habuisse

1531 3806 1663 3855 operis
1677 3836 1687 3855 ‚
1705 3806 1814 3856 quod
1829 3808 1963 3857 paullo
1980 3810 2074 3847 ante
2085 3819 2270 3858 expresse
2288 3808 2597 3847 memoraverat.
2622 3809 2702 3845 Nos
2719 3815 2821 3854 quo-

160 3925 393 3976 pertiuntur.
422 3926 595 3978 Reliquis
618 3937 714 3966 vero
733 3926 920 3966 omnibus
947 3928 1041 3965 anni
1061 3927 1203 3965 diebus
1231 3927 1447 3976 unicuique
1523 3937 1602 3976 que
1634 3928 1786 3966 matula
1820 3928 1860 3967 in
1894 3930 2131 3978 prytaneum
2164 3929 2346 3968 insertur.
2383 3929 2422 3967 Si
2457 3927 2546 3976 quis
2579 3938 2674 3966 vero
2710 3928 2817 3965 Nau-

161 3999 301 4029 eorum
329 3989 399 4039 qui
430 3990 472 4029 in
501 3991 692 4041 prytaneo
717 3991 895 4038 aluntur,
929 3990 1046 4038 licet,
1071 4001 1197 4040 quum
1221 3989 1447 4039 adscendit,
1484 3988 1487 4011 ¹
1524 3992 1759 4031 cratitarum
1788 3994 1965 4043 nuptiale
1996 3993 2226 4032 convivium
2256 3993 2449 4039 celebrat,
2479 3991 2641 4030 vetitum
2667 3991 2724 4029 est
2742 3999 2820 4026 ova

162 4051 280 4091 domo
299 4053 446 4104 aliquid
465 4053 539 4093 sibi
565 4055 749 4104 paratum
768 4053 933 4099 afferre,
959 4054 1042 4092 sive
1072 4053 1160 4092 olus
1175 4051 1341 4104 aliquod
1366 4055 1450 4093 sive
1526 4056 1567 4093 et
1582 4055 1753 4095 mellitas
1770 4056 1971 4106 placentas
1991 4056 2152 4106 apponi.

164 4114 369 4165 leguminis
397 4116 597 4164 nonnihil,
628 4118 698 4156 aut
727 4117 1013 4155 salsamentum
1039 4117 1110 4155 aut
1128 4116 1299 4166 piscem,
1323 4117 1451 4156 suillae

165 4188 259 4216 vero
290 4179 420 4223 carnis
448 4190 587 4229 parum
623 4179 863 4228 admodum,
898 4181 938 4218 et
964 4179 1136 4228 cotylam
1166 4179 1263 4218 vini.
1299 4180 1451 4219 Mulieri

167 4240 305 4280 antem
325 4252 405 4281 non
421 4242 514 4282 lioet
533 4243 766 4292 prytaneum
794 4242 964 4290 intrare,
991 4242 1064 4281 nisi
1092 4242 1163 4280 soli
1185 4242 1350 4282 tibicini.
1373 4246 1450 4283 Ne-

375 4306 602 4343 Fncmau
629 4318 726 4345 nisr.
749 4319 812 4346 ca.
839 4308 921 4348 voi..
949 4321 986 4348 n.

2149 4158 2189 4196 3.

1580 4245 1771 4284 Chalcitis
1794 4244 1898 4292 regio
1922 4246 2167 4283 memoratur
2190 4242 2361 4281 Hermiae
2382 4241 2419 4279 in
2450 4241 2649 4288 vetlem-si.
