3002 4646
820 312 1147 361 EXCERl‘TA
1184 313 1265 359 Ex
1306 311 1600 360 HISTORIA
1639 313 1902 361 DlODORI
1940 315 2160 364 SICULI.
2757 333 2812 367 ix

585 464 701 526 [ΕΚ
738 463 895 511 BlBA.
934 463 1006 510 μ’.
1034 463 1052 524 ]

237 583 320 629 VI.
346 579 452 628 Ὅτι
475 577 684 640 Νεμέτωρ
706 575 786 624 ὑπὸ
805 581 881 623 τοῦ
909 576 1017 624 ἰδίου
1037 578 1220 641 ἀδελφοῦ
1242 574 1457 640 στερηθεὶς

170 656 247 709 τῆς
289 649 523 716 βασιλείας,
564 648 608 701 ὃς
643 647 839 710 Ἀμόλιος
873 650 1082 707 ἐκαλεῖτο,
1119 648 1370 694 ἐδασίλευσε
1413 646 1457 693 δὲ

172 723 405 779 Ἀλὸανῶν,
428 720 522 774 τοὺς
542 720 671 775 ἰδίους
687 718 800 774 υἱοὺς
820 723 926 786 παρ’
946 719 1120 773 ἐλπίδας
1139 718 1453 782 ἀναγνωρίσας,

170 794 326 857 Ῥέμον
340 792 669 855 καὶῬωμύλον,
689 791 972 839 ἐπεὸούλευσε
989 791 1100 839 κατὰ
1110 795 1184 838 τοῦ
1204 791 1308 838 ἰδίου
1330 792 1460 837 ἀδελ-

169 871 249 933 φοῦ
290 866 388 930 περὶ
419 863 688 931 ἀναιρέσεως.
728 863 790 912 ιῸ
821 865 893 912 καὶ
928 864 1113 928 γέγονεν.
1154 862 1456 928 Μεταπεμψά·

169 958 287 1001 μενοι
307 937 389 1004 γὰρ
413 936 509 991 τοὺς
532 940 688 999 νομεῖς,
716 936 923 999 ὥρμησαν
950 937 1021 983 ἐπὶ
1046 936 1099 983 τὰ
1134 935 1347 1000 βασίλεια,
1377 934 1451 982 καὶ

169 1011 282 1064 ἐντὸς
304 1013 387 1057 τῶν
415 1012 549 1074 θυρῶν
580 1008 893 1072 εἰσεὸιάσαντο,
915 1010 987 1055 καὶ
1017 1009 1035 1072 [
1059 1007 1155 1062 τοὺς
1178 1014 1192 1065 ]
1217 1006 1452 1072 ὑφισταμέ-

168 1101 261 1136 νους
285 1080 481 1147 ἀνῄρουν,
497 1080 671 1145 ὕστερον
692 1079 735 1127 δὲ
755 1080 828 1127 καὶ
847 1079 973 1126 αὐτὸν
993 1080 1063 1126 τὸν
1090 1079 1131 1126 ’A
1141 1079 1307 1141 μόλιον.

531 1198 651 1260 [ΕΚ
669 1199 831 1245 BlssA.
855 1193 1095 1257 A'—M'.]

233 1314 344 1362 Vll.
380 1311 486 1361 ’Ότι
506 1311 727 1360 Ὁστιλίου
745 1316 818 1360 τοῦ
839 1311 1001 1371 ὑπάτου
1025 1308 1391 1374 παραγενηθέντος
1413 1310 1460 1356 ἐκ

169 1383 353 1447 Ῥώμης
378 1387 435 1438 εἷς
467 1384 697 1449 ἼΙπειρον,
725 1385 934 1437 Θεόδοτος
972 1383 1046 1430 καὶ
1075 1381 1391 1446 Φιλόστρατος,
1419 1383 1457 1428 οἷ

171 1458 361 1522 μάλιστα
387 1457 678 1522 Περσίζοντες,
701 1457 961 1505 ἐπεὸάλοντο
980 1458 1040 1517 τῷ
1057 1455 1224 1518 βασιλεῖ
1241 1455 1457 1518 παραδοῦ-

170 1548 239 1576 ναι
252 1529 322 1576 τὸν
339 1527 517 1578 ὕπατον.
543 1528 960 1591 Μεταπεμπομένων
978 1526 1022 1574 δὲ
1039 1529 1179 1574 αὐτῶν
1195 1527 1266 1573 τὸν
1283 1525 1459 1591 Περσέα

171 1602 283 1648 κατὰ
298 1601 427 1666 τάχος
444 1637 456 1659 ,
471 1605 493 1648 ὅ
514 1600 591 1663 μὲν
605 1600 821 1654 εΟσι·ίλιοι;
837 1601 891 1664 (1)
906 1597 1053 1646 λαὸὼν
1068 1598 1252 1664 ὑποψίαν
1276 1600 1459 1660 μετῆλθε

171 1673 339 1732 νυκτὸς,
366 1676 388 1720 ὃ
408 1671 452 1719 δὲ
477 1671 667 1737 Περσεὺς
686 1670 927 1737 ὃστερηκὼς
946 1674 1030 1718 τῶν
1055 1674 1232 1736 καιρῶν,
1264 1674 1341 1728 τῆς
1362 1669 1461 1735 περὶ

171 1744 241 1792 τὸν
261 1744 422 1792 ὕπατον
444 1744 692 1810 συλλήψεως
708 1743 933 1808 ἀπέτυχεν.

241 1818 378 1866 VIII.
413 1815 522 1866 ‘fOn
544 1820 628 1864 τῶν
651 1817 784 1882 φίλων
811 1815 1085 1878 Πτολεμαίου
1110 1814 1329 1869 Διονύσιος
1348 1817 1370 1862 ὃ
1390 1834 1461 1862 κα·

175 1888 379 1952 λούμενος
404 1888 708 1955 Πετοσοίραπις
733 1890 782 1952 (1)
810 1888 1086 1954 ἐπεχείρησεν
1117 1887 1460 1943 ἐξιδιοποιεῖσθαι

170 1961 223 2012 τὰ
255 1960 516 2026 πράγματα·
541 1961 654 2027 παρὸ
675 1961 748 2008 καὶ
776 1964 828 2025 τῇ
857 1961 1057 2026 βασιλείᾳ
1084 1961 1297 2024 μεγάλους
1325 1958 1462 2007 κινδύ-

173 2052 267 2087 νους
287 2033 578 2098 περιέστησεν·
602 2033 762 2098 ἰσχύων
796 2033 879 2099 γὰρ
919 2033 1111 2096 μάλιστα
1141 2036 1225 2080 τῶν
1263 2033 1359 2097 περὶ
1382 2031 1460 2089 τὴν

173 2106 306 2163 αὐλὴν
341 2106 415 2153 καὶ
450 2106 620 2153 πάντων
655 2106 902 2170 Αἰγυπτίων
930 2105 1143 2171 προέχων,
1170 2109 1212 2153 ἐν
1239 2109 1326 2158 τοῖς
1349 2103 1463 2152 κατὰ

173 2177 362 2240 πόλεμον
386 2178 589 2232 κινδύνοις
610 2177 900 2243 κατεφρόνησε
923 2181 1008 2225 τῶν
1036 2177 1248 2241 βασιλέων
1272 2176 1462 2242 ἀμφοτέ·

175 2270 256 2315 ρων
281 2251 351 2298 διά
378 2270 423 2298 τε
442 2250 517 2308 τὴν
543 2251 713 2309 ἡλικίαν
729 2251 804 2299 καὶ
827 2250 905 2309 τὴν
925 2250 1137 2316 ἀπειρίαν·
1158 2250 1463 2315 προσποιηθεὶς

173 2321 217 2369 δὲ
239 2322 321 2370 ὑπὸ
330 2327 402 2370 τοῦ
420 2323 708 2389 πρεσὸυτέρου
718 2324 1072 2388 παρακεκλῆσθαι
1081 2322 1184 2387 πρὸς
1194 2321 1318 2387 φόνον
1336 2321 1466 2386 ἐμφύ-

172 2394 282 2454 λιον,
309 2393 484 2447 διέδωκε
494 2394 619 2457 λόγον
640 2396 698 2448 εἷς
717 2392 772 2440 τὰ
789 2393 932 2452 πλήθη
947 2430 959 2454 ,
984 2393 1161 2458 φάσκων
1182 2393 1458 2440 ἓπιὸουλεύε·

175 2469 274 2512 σθαι
290 2465 359 2513 τὸν
388 2465 589 2530 νεώτερον
618 2468 891 2527 Πτολεμαῖον
918 2464 1000 2511 ὑπὸ
1025 2469 1098 2511 τοῦ
1124 2466 1327 2529 ἀδελφοῦ.
1350 2467 1462 2513 Συν-

173 2537 410 2601 δραμόντος
444 2535 487 2585 δὲ
511 2542 587 2585 τοῦ
615 2538 803 2595 πλήθους
827 2539 886 2592 εἷς
908 2536 958 2584 τὸ
982 2536 1173 2597 στάδιον,
1196 2537 1268 2584 καὶ
1293 2537 1467 2584 πάντων

171 2609 512 2678 παροξυνθέντων
537 2610 606 2659 ἐπὶ
641 2614 839 2656 τοσοῦτον
878 2611 927 2672 (2)
956 2607 1066 2656 ὥστε
1103 2610 1333 2674 ἐπιχειρεῖν
1367 2611 1467 2656 ἀνε-

1942 466 2010 526 [E
2044 466 2232 514 LIBRO
2272 467 2433 528 vulg]

1591 587 1658 623 vl.
1689 584 1887 634 Numitor,
1906 596 2026 635 quem
2042 586 2123 636 ipse
2144 586 2264 624 frater
2277 587 2457 626 Amulius
2473 588 2631 627 Albanis
2643 589 2838 639 imperans

1538 678 1658 718 regno
1679 671 1859 718 exuerat,
1881 680 2006 718 quum
2026 670 2127 708 filios
2142 680 2232 709 suos
2256 669 2471 708 Romulum
2488 670 2526 708 et
2543 651 2710 709 Remum
2733 682 2835 722 prae-

1558 759 1601 788 er
1629 759 1739 798 spem
1762 751 2051 799 recuperasset,
2071 749 2233 789 fratrem
2258 761 2308 789 ex
2325 749 2473 790 insidiis
2491 750 2630 790 tollere
2650 751 2831 792 instituit.

1536 829 1660 880 quue
1677 831 1829 870 factum
1855 832 1928 870 est.
1983 833 2082 870 Nam
2109 832 2304 871 Romulus
2322 833 2362 870 et
2382 833 2529 871 Remus
2545 842 2635 870 cum
2670 834 2839 882 pastori-

1537 912 1611 952 bus
1629 941 1640 961 ,
1669 923 1772 962 quos
1794 913 1944 952 auxilio
1971 913 2283 962 advocaverant,
2306 914 2454 963 regiam
2481 911 2609 952 adorti
2630 914 2841 964 fractisque

1537 993 1662 1042 portis
1678 994 1868 1044 ingressi,
1889 995 2111 1035 resistentes
2135 995 2318 1035 custodes
2343 997 2383 1035 et
2406 995 2548 1035 deinde
2575 995 2702 1046 ipsum
2720 995 2840 1035 etiam

1541 1077 1745 1116 Amulium
1760 1078 2056 1117 interfecerunt.

1867 1195 1933 1258 [E
1974 1195 2184 1243 Limus
2220 1194 2510 1257 xxx-XL.]

1586 1325 1675 1362 Vll.
1693 1322 1860 1362 Hostilio
1881 1322 2042 1362 consule
2054 1325 2180 1362 Roma
2200 1322 2240 1361 in
2259 1323 2421 1372 Epirum
2433 1322 2611 1371 profecto
2629 1351 2640 1370 ‚
2661 1321 2845 1363 Theodo-

1536 1404 1602 1442 tus
1618 1403 1658 1442 et
1685 1402 1969 1451 Philostratus,
1992 1402 2122 1442 Persei
2142 1401 2320 1452 partibus
2340 1401 2618 1451 addictissimi,
2651 1404 2730 1451 regi
2749 1403 2832 1441 tra-

1536 1489 1629 1529 dere
1648 1488 1851 1528 consulem
1865 1488 2093 1527 voluerunt.
2148 1487 2364 1528 Confestim
2381 1487 2499 1538 igitur
2520 1491 2704 1527 Perseum
2718 1498 2843 1527 arces.

1535 1575 1643 1613 sunt.
1666 1576 1818 1613 Verum
1848 1572 2060 1620 Hostilius,
2078 1571 2242 1611 suborta
2256 1573 2312 1612 rei
2334 1571 2577 1622 suspicione,
2598 1574 2720 1612 noctu
2744 1573 2845 1612 clam

1536 1659 1749 1708 abscessit,
1772 1670 1820 1698 ac
1835 1662 2001 1699 Perseus
2016 1670 2103 1699 sero
2116 1658 2278 1698 veniens
2297 1658 2655 1708 comprehendendi
2673 1659 2845 1699 consulis

1538 1736 1875 1796 opportunitatem
1899 1744 2044 1784 amisit.

1593 1831 1699 1869 VIII.
1717 1830 1939 1879 Dionysius,
1957 1839 2078 1879 quem
2087 1828 2338 1878 Petosarapin
2351 1829 2509 1876 vocant,
2528 1838 2631 1867 unus
2650 1838 2701 1867 ex
2710 1826 2847 1867 amicis

1541 1910 1772 1960 Ptolemaei,
1801 1920 1999 1949 summam
2034 1920 2168 1949 rerum
2206 1908 2257 1947 ad
2290 1919 2332 1948 se
2366 1908 2593 1958 pertrahere
2626 1907 2846 1948 constituit.

1543 1991 1657 2031 Unde
1690 1990 1732 2029 in
1764 2000 1907 2040 magna
1941 1989 2090 2039 regiam
2122 1989 2358 2039 potestatem
2401 1987 2628 2027 discrimina
2666 1987 2847 2036 conjecit.

1543 2071 1698 2111 Etenim
1718 2069 1822 2110 inter
1848 2071 2000 2110 aulicos
2019 2070 2171 2120 pollens
2198 2079 2320 2119 quam
2344 2068 2561 2119 plurimum
2587 2067 2863 2119 omniumque,

1542 2148 1815 2199 AEgyptiorum
1829 2148 1941 2188 facile
1959 2148 2162 2198 princeps,
2179 2148 2220 2186 in
2233 2147 2416 2198 periculis
2431 2147 2583 2186 bellicis
2610 2147 2846 2197 contempsit

1549 2241 1680 2280 regem
1697 2232 1914 2280 utrumque
1933 2230 1984 2269 ob
2007 2229 2318 2279 juventutemet
2332 2228 2583 2279 imperitiam.
2614 2231 2716 2268 Tum
2733 2228 2852 2278 igitur

1547 2307 1762 2349 simulabat
1780 2317 1822 2347 se
1843 2317 1867 2345 a
1889 2307 2102 2346 Ptolemaeo
2122 2306 2274 2345 seniore
2292 2305 2344 2344 ad
2363 2305 2511 2344 caedem
2529 2305 2683 2344 civilem
2705 2315 2851 2354 provo·

1547 2387 1682 2425 catum
1702 2395 1785 2424 esse
1797 2414 1808 2433 ‚
1826 2394 1873 2423 ac
1889 2394 2090 2422 rumorem
2119 2382 2221 2421 inter
2247 2382 2388 2431 vulgus
2406 2381 2612 2432 spargebat
2638 2381 2688 2420 de
2706 2380 2855 2420 insidiis

1544 2473 1636 2512 quae
1649 2461 1795 2511 juniori
1815 2460 2031 2500 Ptolemaeo
2050 2470 2074 2499 a
2094 2459 2215 2498 fratre
2236 2460 2500 2499 struerentur.
2555 2457 2616 2497 Ad
2638 2458 2725 2496 haec
2751 2468 2850 2496 con·

1545 2539 1730 2578 cursante
1740 2538 1781 2577 in
1794 2537 1966 2576 stadium
1974 2535 2228 2576 multitudine
2235 2566 2246 2585 ,
2256 2535 2355 2575 adeo
2364 2535 2497 2575 cuncti
2506 2534 2730 2574 exacerbati
2741 2536 2849 2583 sunt,

1547 2618 1594 2656 ut
1609 2616 1802 2656 seniorem
1818 2616 1982 2655 fratrem
2012 2613 2062 2654 de
2087 2613 2218 2653 medio
2242 2613 2381 2653 tollere
2401 2614 2440 2652 et
2457 2613 2607 2662 juniori
2621 2611 2779 2652 tradere
2794 2622 2852 2651 re-

226 2748 296 2785 Vl.
327 2747 415 2786 Fol.
435 2752 530 2794 180,
549 2751 570 2786 5
590 2768 643 2775 —
667 2751 711 2785 10
734 2757 774 2785 r.
791 2771 842 2779 —
861 2746 1134 2797 στερηθεὶς]
1162 2747 1342 2797 στεριθεὶς
1365 2747 1510 2787 codex.
1531 2750 1577 2787 ln
1597 2747 1676 2786 fine
1703 2745 1910 2796 fragmenti
1925 2745 1976 2784 de
2008 2755 2097 2784 meo
2114 2743 2256 2783 addidi¹
2272 2755 2413 2783 vocem
2431 2757 2517 2788 τους
2535 2743 2691 2783 uncinis
2714 2742 2853 2782 distin-

173 2807 291 2844 ctam.
318 2804 380 2843 Cf.
402 2804 563 2844 Diodor.
587 2805 706 2854 (Vll,
726 2809 747 2843 3
764 2815 810 2853 a,
831 2803 906 2852 12)
929 2814 993 2853 ap.
1011 2804 1158 2842 Euseb.
1176 2804 1325 2843 Chron.
1344 2815 1383 2854 p.
1407 2811 1497 2845 212.

188 2887 190 2890 ψ
223 2863 310 2900 Vll.
339 2861 428 2901 Fol.
463 2865 555 2910 180,
578 2866 724 2900 11-16
751 2872 791 2900 r.
820 2860 991 2900 Uberius
1022 2871 1107 2900 rem
1138 2863 1272 2900 narrat
1300 2862 1488 2912 Polybius
1517 2863 1640 2913 (Exc.
1662 2861 1752 2900 Val.
1767 2861 1938 2908 XXVII,
1966 2858 2058 2909 14),
2087 2869 2206 2908 quem
2231 2858 2271 2896 in
2291 2857 2506 2908 posteriore
2530 2857 2606 2896 hac
2634 2857 2762 2907 operis
2785 2858 2849 2895 sui

178 2920 288 2968 parte
313 2918 534 2958 exscribere
553 2919 652 2959 solet
675 2918 884 2958 Diodorus.
912 2919 1038 2958 Aulus
1059 2919 1248 2959 Hostilius
1269 2918 1433 2969 (consul
1464 2920 1527 2958 Ol.
1555 2923 1650 2968 152,
1669 2923 1706 2958 3.
1731 2919 1846 2967 170.)
1874 2917 1916 2956 in
1942 2917 2187 2957 Thessaliam
2208 2916 2258 2956 ad
2287 2917 2507 2956 exercitum
2536 2917 2785 2966 profecturus
2812 2916 2851 2954 in

179 2979 341 3027 Epirum
359 2978 541 3026 venerat,
559 2977 627 3016 ubi
647 2977 753 3027 apud
773 2980 977 3016 Nestorem
994 2977 1213 3016 diversatus
1227 2979 1300 3017 est.
1322 2981 1359 3018 ls
1378 2977 1474 3028 quid
1496 2976 1735 3016 molirentur
1752 2975 1982 3016 Theodotus
2007 2977 2046 3014 et
2073 2975 2338 3014 Philostratus
2353 2974 2543 3013 odoratus
2555 3004 2566 3023 ‚
2590 2974 2733 3024 hospiti
2766 2985 2851 3012 rem

174 3033 383 3082 indicavit,
415 3033 484 3085 qui
510 3034 716 3073 confestim
748 3033 888 3072 itinere
914 3045 985 3084 per
1001 3033 1172 3083 ,Epirum
1194 3033 1359 3083 relicto,
1388 3033 1482 3073 navi
1503 3035 1736 3084 Anticyram
1766 3035 1905 3073 vectus
1931 3033 2103 3083 indeque
2125 3033 2167 3071 in
2186 3033 2428 3072 Thessaliam
2453 3033 2608 3072 solvens
2625 3032 2851 3082 periculum

173 3091 309 3130 evasit.
336 3091 616 3140 Fragmentum
635 3091 859 3141 ponendum
886 3093 974 3141 post
997 3103 1083 3142 cap.
1102 3093 1139 3130 V
1157 3091 1223 3130 lib.
1244 3093 1366 3130 XXX.
1395 3093 1584 3132 Ceterum
1611 3094 1810 3142 Excerpta
1827 3091 2151 3132 Constantiniana
2171 3092 2300 3130 multo
2326 3091 2509 3130 uberiora
2537 3091 2677 3139 fuisse,
2705 3101 2779 3130 nec
2806 3093 2851 3129 ut

176 3149 362 3188 Nostrum
380 3148 540 3186 illorum
560 3150 848 3198 Excerptorum
868 3149 1186 3192 abbreviatorem
1209 3159 1232 3188 a
1249 3148 1316 3188 lib.
1356 3152 1432 3190 VII
1448 3150 1498 3189 ad
1515 3153 1624 3190 XXX
1644 3150 1792 3190 librum
1824 3150 1987 3190 Diodori
2014 3150 2257 3190 transiluisse
2294 3151 2416 3199 patet.
2434 3170 2485 3178 —
2502 3155 2518 3188 1
2538 3151 2559 3187 ὁ
2581 3149 2633 3199 μὲ
2646 3163 2665 3188 ν
2683 3150 2728 3188 Ὁ
2742 3148 2851 3188 στί-

175 3204 306 3256 λιος]
331 3207 352 3244 ὁ
372 3206 411 3250 δὲ
431 3205 598 3254 ἀστίλιος
619 3206 760 3247 codex.

226 3265 334 3302 Vlll.
359 3263 449 3303 Fol.
471 3267 541 3303 180
557 3293 569 3313 ,
592 3269 636 3303 16
654 3275 690 3303 r.
708 3288 761 3296 -
781 3269 875 3314 180,
899 3269 946 3304 16
964 3273 1005 3304 υ.
1023 3285 1075 3293 -
1095 3267 1130 3304 1.
1149 3264 1524 3318 Πετοσάραπις]
1543 3266 1606 3306 Sic
1636 3277 1708 3316 pro
1724 3266 1986 3317 πετοσάρατης
2012 3266 2149 3316 scripsi
2168 3265 2216 3305 ad
2246 3265 2544 3305 similitudinem
2571 3264 2741 3304 nominis
2772 3267 2848 3305 lle·

175 3320 314 3370 τόσιρις
328 3349 338 3368 ,
364 3319 544 3360 aliorum.
572 3324 650 3360 Pet
668 3322 729 3362 vel
744 3325 870 3374 peren
900 3321 1094 3371 significat
1116 3325 1334 3373 pertinens
1354 3323 1414 3363 ad
1440 3325 1524 3363 :ita
1541 3325 1586 3362 ut
1610 3323 1854 3374 Petosarapis
1868 3325 1918 3363 sit
1930 3325 2149 3373 pertinens
2170 3322 2229 3362 ad
2251 3325 2463 3373 Sarapin,
2481 3332 2573 3371 quae
2590 3323 2649 3360 est
2664 3322 2849 3370 interpre-

179 3378 277 3418 tatio
306 3377 422 3427 graeci
444 3379 612 3418 nominis
630 3381 842 3425 Διονύσιος.
869 3382 947 3419 Pro
963 3380 1121 3430 Sarapi,
1141 3382 1278 3430 utpote
1292 3381 1367 3421 deo
1379 3382 1504 3421 insero
1516 3411 1527 3431 ,
1545 3382 1638 3431 poni
1658 3381 1777 3420 etiam
1796 3381 1927 3431 potuit
1946 3383 2139 3420 Amantes
2155 3394 2166 3430 ;
2189 3391 2270 3430 quo
2285 3381 2446 3419 nomine
2471 3382 2677 3429 Dionysus
2699 3390 2850 3428 graecus

178 3434 411 3485 exprimitur
432 3435 471 3474 in
500 3436 751 3487 inscriptione
770 3439 783 3488 (
801 3439 1309 3488 Letronne,.lnscr2·pt2·ons
1330 3449 1396 3488 qr.
1426 3442 1468 3479 et
1494 3440 1576 3480 lat.
1602 3438 1653 3478 de
1674 3433 1884 3489 l’qupte‚
1914 3441 1931 3478 Ι
1946 3469 1957 3487 ,
1981 3439 2109 3487 390),
2125 3438 2195 3478 ubi
2229 3455 2239 3478 ε
2263 3439 2574 3489 Πετεμπαμέντει
2592 3441 2647 3488 τῷ
2667 3439 2732 3475 καὶ
2757 3441 2846 3476 Διο-

178 3493 304 3543 νύσῳ,
328 3494 549 3544 ΙΙετενσήτει
578 3499 634 3545 τῷ
665 3497 730 3534 καὶ
750 3497 870 3547 Ἑρμῇ
898 3497 979 3535 κτλ.
1002 3497 1191 3535 Ceterum
1206 3496 1256 3535 de
1276 3496 1463 3546 Dionysio
1480 3498 1556 3536 hoc
1575 3497 1734 3537 aliunde
1754 3509 1833 3536 non
1853 3498 2019 3536 constat.
2044 3498 2282 3536 Ptolemaeos
2300 3497 2474 3546 intellige
2491 3497 2593 3535 filios
2612 3496 2846 3545 Epiphanis,

181 3550 484 3590 Philometorem
499 3553 539 3591 et
558 3555 776 3603 Euergeten
795 3557 828 3593 ll
845 3555 929 3593 sive
947 3555 1206 3604 Physconem.
1225 3557 1286 3593 Ex
1300 3556 1432 3595 verbis
1447 3555 1705 3605 κατεφρόνησε
1721 3559 1798 3594 τῶν
1816 3556 2007 3606 βασιλέων
2025 3555 2246 3606 ἀμφοτέρων
2263 3556 2304 3594 et
2322 3555 2526 3606 ἀμφότεροι
2546 3554 2746 3605 βασιλικὰς
2759 3554 2847 3592 ἀνα-

181 3605 357 3652 λαὸὁντες
373 3608 532 3657 στολὰς,
550 3610 745 3660 colligitur
764 3611 813 3650 de
830 3611 904 3650 illis
925 3612 1171 3661 tempor-ibus
1193 3613 1278 3662 agi,
1299 3613 1444 3663 quibus
1467 3610 1638 3662 junctim
1662 3613 1802 3652 fratres
1821 3613 2053 3662 regnabant.
2080 3613 2211 3652 Verba
2227 3612 2438 3663 ἐγχειρίσαι
2456 3612 2496 3650 δὲ
2514 3614 2570 3661 τῷ
2591 3611 2765 3661 νεωτέρῳ
2781 3613 2847 3656 τῂν

184 3663 378 3712 βασιλείαν
399 3664 452 3703 ita
468 3664 761 3716 interpretanda
783 3671 898 3717 sunt,
920 3671 966 3709 ut
992 3669 1244 3709 Alexandrini
1263 3670 1393 3709 occiso
1414 3671 1678 3710 Philometore.
1697 3671 1745 3709 ad
1763 3682 1888 3710 unum
1907 3671 2151 3720 Physconem
2174 3681 2338 3719 regnum
2362 3671 2575 3709 transferre
2594 3668 2764 3707 voluisse
2782 3668 2844 3706 di-

183 3725 346 3783 cantur..
360 3726 413 3760 Ac
431 3723 610 3764 similiter
625 3727 879 3766 statuendum
894 3727 944 3767 de
963 3727 1094 3767 verbis
1112 3739 1122 3766 ι
1140 3729 1450 3780 παραλαμὸάνειν
1472 3730 1649 3769 ἐκέλευσε
1664 3731 1708 3769 τὸ
1729 3729 1897 3780 διάδημα
1924 3731 2008 3769 κτλ.
2028 3730 2268 3780 Porphyrius
2286 3740 2349 3779 ap.
2373 3729 2516 3768 Euseb.
2535 3739 2574 3777 p.
2597 3733 2667 3767 116
2683 3727 2746 3766 ed.
2769 3728 2843 3766 Mai

185 3774 264 3821 (cs.
289 3777 459 3842 Cllnton.
495 3781 538 3845 F.
567 3782 615 3819 H.
631 3782 729 3820 tom.
762 3785 844 3833 ΙΙΙ,
865 3795 905 3833 p.
925 3789 1015 3824 319.
1045 3790 1141 3833 3863
1165 3787 1403 3825 Letronnius
1419 3787 1448 3826 l.
1466 3787 1494 3827 l.
1522 3790 1621 3827 tom.
1646 3790 1687 3836 I,
1710 3799 1749 3838 p.
1774 3791 1820 3828 19
1847 3789 1965 3838 sqq.)
1988 3787 2310 3837 fratresjunctim
2330 3797 2509 3836 regnasse
2524 3786 2730 3825 testatura
2755 3785 2845 3823 Phi-

184 3832 383 3874 lometoris
402 3846 508 3902 regn-1
521 3848 624 3877 anno
646 3839 880 3882 duodecimo
899 3854 1026 3893 usque
1041 3842 1092 3882 ad
1110 3843 1309 3883 decimum
1328 3845 1563 3895 septimum,
1578 3848 1661 3886 sive
1682 3845 1733 3884 ab
1750 3845 1908 3895 Olymp.
1933 3850 2002 3885 152
2016 3875 2027 3895 ,
2050 3851 2199 3886 3-153
2212 3874 2223 3894 ,
2248 3847 2285 3884 4.
2309 3848 2510 3884 170-165
2526 3853 2562 3881 a,
2586 3845 2628 3881 C.
2650 3841 2758 3880 Idem
2775 3852 2843 3880 sex

185 3901 380 3930 annorum
400 3897 572 3943 spatium
594 3896 707 3936 nobis
725 3899 950 3939 concedunt
967 3900 1186 3950 fragmenta
1208 3903 1280 3941 v11
1304 3906 1343 3941 et
1359 3905 1415 3942 IX
1433 3933 1444 3952 ,
1468 3915 1642 3954 quorum
1659 3905 1758 3944 illud
1774 3905 1823 3944 ad
1839 3916 1903 3945 an.
1926 3910 1997 3946 170
2013 3935 2024 3954 ,
2041 3906 2118 3945 hoc
2133 3906 2182 3944 ad
2199 3916 2264 3944 an.
2287 3910 2358 3944 165
2379 3903 2751 3953 pertinet.Geterum
2775 3912 2842 3950 per

185 3957 309 3987 annos
325 3952 491 4015 179-168
505 3963 640 3992 revera
655 3965 758 3995 unus
780 3957 957 4007 Physcon
970 3958 1090 3997 frater
1101 3959 1233 3997 minor·
1247 3961 1436 4010 regnavit,
1453 3972 1574 4011 quem
1589 3960 1870 4013 Alexandrini,
1888 3965 2096 4014 postquam
2115 3963 2357 4003 Philometor
2373 3962 2474 4000 inter
2490 3959 2648 3999 Casium
2666 3960 2839 3997 montem

187 4006 228 4043 et
253 4006 529 4074 Pelusmmab
549 4011 744 4051 Antiocho
766 4014 966 4064 Epiphane
993 4015 1132 4064 proelio
1153 4017 1282 4057 victus
1301 4019 1412 4066 erat,
1435 4029 1565 4069 regem
1586 4019 1659 4059 sibi
1686 4021 1974 4060 constituerant
1995 4022 2117 4071 (170).
2146 4023 2249 4061 Tum
2277 4019 2521 4059 Philometor
2549 4016 2585 4054 vi
2606 4026 2840 4064 recuperare

191 4072 370 4112 regnum,
384 4068 592 4132 instigante
607 4070 646 4108 et
658 4069 824 4119 Juvante
839 4073 1034 4112 Antiocho
1045 4101 1056 4122 ,
1072 4073 1254 4114 tentavit.
1274 4078 1367 4114 Mox
1382 4087 1507 4125 quum
1522 4076 1765 4116 Philometor
1776 4079 1816 4116 et
1832 4077 2014 4127 Physcon
2031 4079 2071 4117 et
2089 4077 2162 4127 ipsi
2182 4075 2437 4119 Alexandrini
2457 4073 2618 4111 consilia
2639 4072 2837 4119 Antiochi,

190 4122 326 4170 utpote
350 4124 502 4173 AEgypti
526 4136 687 4175 reguum
707 4128 951 4178 affectantis,
976 4130 1286 4180 perspexissent,
1310 4131 1360 4170 de
1378 4142 1474 4182 pace
1495 4133 1597 4172 inter
1616 4134 1756 4173 fratres
1775 4135 1987 4183 convenit,
2015 4137 2056 4174 et
2085 4133 2363 4174 Alexandriam
2392 4140 2572 4170 reversus
2596 4130 2837 4168 Philometor

193 4187 275 4242 una
290 4187 381 4216 cum
401 4181 600 4229 Physcone
615 4184 791 4232 regnavit
812 4187 902 4232 (an.
926 4191 996 4225 168
1010 4186 1036 4234 ).
1053 4187 1222 4231 Quando
1239 4189 1325 4227 orta
1337 4188 1387 4227 sit
1405 4189 1704 4240 discordia,qna
1720 4192 1905 4230 effectum
1923 4195 1981 4231 est
1998 4194 2042 4231 ut
2061 4191 2148 4242 (Ol.
2171 4196 2255 4239 153,
2274 4193 2310 4229 4.
2325 4190 2385 4240 ζ-ξ-ξ
2402 4190 2414 4237 )
2435 4188 2672 4227 Philometor
2684 4197 2707 4224 a
2722 4187 2838 4225 fratre

191 4244 342 4296 minore
361 4247 476 4286 regno
494 4239 702 4288 pelleretur
719 4243 731 4290 (
747 4243 907 4282 Diodor.
925 4246 1050 4284 XXX!
1066 4274 1077 4292 ,
1099 4246 1166 4294 18)
1183 4276 1192 4294 ,
1211 4246 1340 4285 dicere
1359 4258 1438 4286 non
1455 4248 1595 4287 liabeo.
1617 4251 1722 4288 Inter
1743 4249 1916 4289 fautores
1933 4250 2016 4298 ejiis
2031 4251 2158 4299 ipsum
2179 4251 2357 4287 nostrum
2379 4245 2608 4295 Dionysium
2632 4255 2838 4283 numerare

194 4291 295 4345 licet.
317 4296 414 4338 Quae
434 4295 482 4334 de
501 4308 547 4336 eo
568 4302 776 4338 narrantur
797 4301 998 4341 referenda
1018 4304 1174 4342 suntad
1197 4315 1261 4343 an.
1289 4309 1353 4344 167
1380 4306 1440 4345 vel
1468 4310 1548 4344 166.
1577 4308 1851 4355 Fragmentum
1875 4307 2103 4346 inseruerim
2126 4308 2211 4355 post
2229 4305 2294 4344 lib.
2320 4306 2445 4343 ΧΧΧΙ
2462 4333 2471 4351 ,
2495 4314 2528 4341 e.
2556 4307 2610 4341 15.
2634 4323 2685 4330 -
2705 4308 2740 4342 2.
2763 4315 2836 4341 το-
