3016 4628
199 4202 238 4232 v.
264 4193 693 4241 Muner.oor.1,170;
721 4194 1062 4240 11,147,1;353‚
1089 4196 1123 4239 ι;

1186 271 1440 318 citamus
1478 271 1798 317 Mifflsius,
2791 283 2815 321 3

176 387 375 445 pliylact.
401 386 569 429 Simoe.
590 398 635 442 p.
664 381 750 425 186
790 380 865 423 ed.
905 378 1074 437 Paris.)
1101 395 1110 421 ε
1145 374 1268 428 Τινὲς
1297 376 1332 422 δ’
1362 378 1453 422 ἐπι-

177 456 406 517 &aldae-:voi
436 453 574 517 λέγειν
610 451 706 516 περὶ
742 454 825 497 τῶν
865 447 1212 510 ἐπιζητουμένων
1245 450 1331 508 (sc,
1359 447 1457 511 περὶ

174 530 251 584 τῆς
275 525 524 578 ἄναὸάσεως
541 527 615 570 τοῦ
646 520 805 572 Νείλου
829 520 903 568 καὶ
922 524 1006 567 τῶν
1033 523 1184 583 πηγῶν
1206 521 1322 580 etc.)
1346 517 1456 565 πολὺ

174 601 251 655 τῆς
279 596 477 654 ἀληθείας
507 593 759 658 διήμαρτον.
787 594 843 640 Οἱ
867 590 944 653 μὲν
963 590 1046 654 γὰρ
1070 591 1167 655 περὶ
1190 590 1262 636 τὸν
1289 589 1457 638 Ἑλλά-

174 688 287 716 νικον
299 668 372 716 καὶ
394 667 586 729 Κάδμον,
605 665 666 712 ἔτι
683 665 719 712 δ’
736 665 983 721 Ἑκαταῖον,
1002 662 1078 711 καὶ
1097 662 1249 715 πάντες
1269 664 1306 709 οἱ
1325 665 1458 708 τοιοῦ-

173 759 262 798 τοι,
287 737 464 786 παλαιοὶ
488 736 766 784 παντάπασιν
790 734 927 794 ὄντες,
945 736 1003 789 εἷς
1021 733 1096 788 τὰς
1120 732 1325 796 μυθώδεις
1346 734 1455 778 ἀπο-

174 810 321 876 φάσεις
340 807 593 856 ἀπέκλιναν.

237 887 306 929 Ex
320 883 520 929 Diodori
539 883 645 926 loco
657 881 875 940 colligere
891 880 1034 939 possis
1049 886 1127 923 aut
1141 878 1227 922 alia
1243 852 1454 936 quaedam

171 965 343 1015 praeter
371 951 526 1000 Κτίσιν
547 950 711 1003 Ἰωνίας
724 952 899 997 Cadmo
913 951 1091 995 Milesio
1104 948 1323 994 attributa
1337 963 1430 991 esse
1443 981 1454 1003 ‚

172 1037 251 1072 aut
263 1026 528 1071 Naucratim
548 1022 832 1068 Milesiorum
858 1023 1090 1066 coloniam
1112 1021 1170 1064 de
1189 1020 1296 1064 Nilo
1314 1018 1455 1062 disse-

172 1098 305 1150 rendi
320 1097 566 1157 praebuisse
586 1095 1002 1154 opportunitatem.
1043 1091 1135 1137 Sed
1170 1090 1392 1149 quoniam
1413 1095 1458 1131 et

173 1170 340 1215 Strabo
362 1178 407 1214 et
420 1168 659 1214 Diodorus
678 1166 839 1211 Cadmi
855 1181 954 1208 non
968 1164 1283 1209 meminerunt
1299 1161 1385 1203 nisi
1407 1160 1455 1202 in

172 1243 435 1286 universum
470 1239 528 1284 de
561 1238 883 1297 antiquissimis
918 1237 1149 1280 historicis
1184 1235 1451 1292 loquentes,

172 1313 360 1356 minime
391 1312 536 1369 liquet
568 1324 682 1352 num
718 1309 804 1367 ipsi
833 1308 978 1351 libros
1010 1306 1196 1362 Cadmi,
1233 1305 1315 1363 qui
1347 1313 1457 1347 tunc

173 1385 454 1439 serebantur,
479 1396 692 1441 inspexe1
695 1382 784 1435 mt
806 1396 865 1425 an
891 1381 1036 1425 solam
1065 1378 1266 1422 nominis
1291 1376 1457 1420 famam

171 1457 312 1500 secuti
333 1457 437 1502 sint.

238 1530 348 1586 Quae
377 1543 521 1587 quum
553 1527 615 1570 ita
650 1525 874 1579 habeant,
909 1524 1131 1582 quaeritur
1166 1537 1252 1565 nec
1285 1530 1459 1564 temere

174 1601 410 1659 quaeritur,
430 1613 541 1651 num
562 1597 753 1640 omnino
774 1611 980 1655 unquam
994 1595 1161 1638 vixerit
1176 1593 1374 1638 Cadmus
1388 1593 1457 1635 hi-

172 1665 390 1727 storicus,
415 1686 474 1714 an
492 1684 672 1712 merum
698 1669 755 1711 sit
783 1669 1047 1722 inventum,
1073 1682 1237 1710 eorum
1260 1666 1457 1720 scilicet,

173 1745 328 1802 quiex
347 1742 521 1787 Cadmo
542 1742 780 1784 literarum
799 1741 1042 1783 inventore
1069 1736 1117 1799 (*)
1142 1736 1363 1781 finxerint
1385 1752 1461 1781 an-

173 1815 476 1874 tiquissimum
489 1814 779 1871 scriptorem.
795 1813 943 1869 Quam
957 1811 1146 1869 quidem
1161 1811 1462 1869 quaestionem

167 1885 264 1944 jam
296 1895 473 1930 veteres
499 1886 688 1944 agitasse
726 1883 853 1927 haud
887 1884 1082 1927 obscure
1120 1883 1320 1926 innuunt
1363 1882 1462 1925 Pli-

173 1959 308 2002 niana
341 1957 423 2001 ista
453 1957 591 2000 :Nec
623 1956 816 1999 Miletus
827 1952 1108 2011 fraudanda
1138 1958 1233 1997 cive
1270 1954 1458 1998 Cadmo.

172 2031 355 2089 Nomen
383 2043 490 2073 sane
519 2043 606 2087 per
630 2042 678 2071 se
706 2027 824 2071 nihil
852 2027 995 2070 habet
1028 2025 1311 2070 offensionis.
1346 2026 1462 2069 Nam

174 2117 232 2146 ex
243 2100 488 2150 Herodoto
505 2101 720 2144 novimus
739 2099 980 2154 Cadmum,
994 2096 1174 2157 Scythae
1187 2096 1356 2153 filium,
1376 2099 1463 2143 Co·

174 2162 310 2222 orum
327 2182 571 2232 tyrannum
592 2170 664 2234 (**)
679 2189 691 2221 .·,
708 2186 852 2231 porro
873 2172 1154 2215 Eucadmum
1168 2205 1181 2228 ,
1195 2172 1463 2215 statuarium

174 2246 514 2300 Atheniensem,
535 2244 670 2289 affert
696 2243 938 2288 Pausanias
955 2243 1027 2295 X,
1058 2258 1140 2302 19,
1165 2247 1191 2296 4
1224 2241 1310 2304 (cf.
1335 2240 1466 2286 Mul-

175 2318 260 2361 ler.
285 2317 515 2361 Archoeol.
546 2316 572 2376 §
600 2331 715 2371 112,
743 2313 802 2376 1).
829 2317 891 2359 At
914 2314 1255 2358 dubitationem
1272 2324 1458 2370 movet,

176 2389 307 2447 quod
326 2389 563 2437 literarum
586 2389 819 2431 inventori
839 2396 885 2430 et
907 2387 1223 2444 antiquissimo
1249 2374 1465 2445 scriptori

178 2460 303 2504 idem
331 2461 388 2503 sit
419 2475 616 2514 nomen,
652 2458 907 2516 eademque
931 2456 1185 2500 secundum
1213 2458 1466 2501 nonnullos

107 2572 110 2575 .
177 2532 316 2575 suerit
336 2532 502 2590 patria.
519 2531 645 2574 Nihil
669 2531 792 2574 enim
815 2538 881 2573 est
912 2544 995 2572 cur
1015 2527 1205 2573 Suidam
1239 2530 1365 2588 turpi
1390 2530 1462 2573 la-

176 2619 310 2663 psum
335 2618 494 2663 errore
509 2611 724 2662 putemus
749 2601 974 2647 Cadmum
997 2597 1067 2645 τὸν
1091 2601 1174 2644 τῶν
1194 2597 1465 2662 γραμμάτων

178 2672 352 2739 εὑρετὴν
369 2677 605 2719 Mibesium
624 2674 788 2732 dixisse
806 2689 895 2732 pro
912 2673 1146 2717 Phoenice.
1166 2674 1279 2716 Nam
1299 2673 1466 2717 eodem

178 2748 323 2793 modo
354 2747 605 2792 Scholiasta
628 2746 687 2790 ad
709 2747 902 2803 Dionys.
931 2745 1096 2788 Thrac.
1123 2745 1173 2789 in
1195 2745 1340 2788 Bekk.
1372 2748 1462 2788 An.

179 2834 228 2878 p.
254 2819 363 2874 781,
393 2818 452 2862 30
483 2818 571 2862 :Oi
596 2814 686 2876 μὲν,
721 2817 806 2871 ait,
843 2812 1079 2878 Προμηθέα
1106 2812 1275 2876 λέγουσι
1305 2812 1465 2860 τούτων

183 2890 266 2951 (sc.
299 2891 383 2935 τῶν
408 2885 700 2951 γραμμάτων)
723 2883 914 2947 εὑρετὴν,
942 2884 1066 2931 ἄλλοι
1094 2884 1138 2931 δὲ
1173 2884 1361 2932 Φοίνικα
1394 2884 1464 2931 τὸν

178 2965 252 3008 τοῦ
273 2960 498 3025 Ἀχιλλέως
530 2957 822 3021 παιδαγωγὸν,
854 2955 978 3003 ἄλλοι
1014 2955 1058 3003 δὲ
1084 2956 1168 3003 τὸν
1195 2956 1464 3014 Μιλήσιον

183 3032 360 3095 Κάδμον
382 3034 477 3080 κτλ.
512 3034 595 3077 1ὼί
623 3048 767 3091 quum
791 3031 849 3075 de
865 3031 1031 3076 Graecis
1050 3031 1319 3075 literarum'
1308 3046 1467 3075 mven-

182 3108 360 3151 toribus
381 3122 532 3151 sermo
556 3107 635 3160 sit,
661 3119 799 3149 nemo
830 3104 1181 3163 grammaticum
1203 3104 1375 3147 erroris
1395 3104 1465 3146 in-

182 3180 421 3224 cusaverit.
448 3179 667 3223 Similiter
686 3176 812 3236 apud
833 3175 1034 3219 eundem
1056 3175 1202 3219 schol.
1224 3191 1274 3234 p.
1300 3174 1389 3231 784
1410 3175 1467 3217 li-

183 3260 288 3295 terae
304 3251 546 3295 Phoeniciae
563 3265 589 3294 a
607 3249 824 3293 Phoenice
839 3249 947 3291 loco
967 3262 1118 3306 prope
1134 3248 1365 3308 Ephesum
1381 3248 1467 3290 sito

93 3311 101 3316 ⁴
133 3343 138 3346 >
182 3337 353 3367 nomen
370 3322 541 3366 habere
559 3320 794 3364 dicuntur.
813 3319 1044 3362 Nimirum
1056 3319 1293 3362 literarum
1307 3319 1466 3378 cogni-

184 3395 249 3438 tio
267 3395 538 3439 Phoenicum
552 3392 840 3437 commerciis
850 3391 1054 3450 primum
1069 3391 1197 3434 venit
1212 3390 1271 3434 ad
1287 3391 1470 3435 Graecos

185 3468 301 3512 Asiae
320 3467 536 3522 Minoris;
570 3467 692 3509 inter
713 3467 850 3508 Iones
877 3465 1019 3523 primi
1038 3465 1311 3508 exstiterunt
1339 3464 1468 3508 Grae-

185 3555 347 3583 corum
367 3540 634 3597 scriptores;
652 3535 748 3594 jam
770 3536 850 3594 qui
872 3535 1013 3594 primi
1035 3535 1303 3579 Graecorum
1326 3550 1469 3578 exco-

187 3611 312 3654 luere
346 3611 512 3665 l,iteraS‚
537 3609 675 3652 etiam
711 3607 935 3650 invenisse
955 3607 1140 3667 gloriati
1171 3615 1291 3650 sunt.
1319 3608 1471 3663 Quare

187 3683 374 3741 antiqua
406 3697 526 3725 verae
572 3680 764 3739 originis
798 3679 1024 3722 memoria
1062 3693 1168 3721 cum
1207 3679 1469 3722 recentiore

188 3763 452 3798 commento
473 3751 598 3812 apud
617 3751 880 3810 complures
898 3751 961 3794 ita
980 3749 1176 3804 coaluit,
1195 3758 1247 3792 ut
1263 3764 1319 3793 ex
1335 3750 1473 3793 Phoe—

239 3906 290 3957 (⁴¹)
316 3910 374 3950 De
395 3906 570 3957 mythico
596 3905 672 3944 hoc
690 3904 842 3944 Cadmo
857 3904 1060 3943 hterarum
1073 3903 1299 3952 inventore
1317 3905 1362 3942 ut
1377 3904 1475 3942 alios

190 3960 367 4014 mittam,
382 3963 471 4002 vide
489 3966 661 4002 Movers.
685 3962 727 4000 in
750 3961 902 4011 egregio
925 3960 1051 4009 libro,
1069 3960 1138 4009 qui
1155 3960 1381 3999 inscribitur
1398 3963 1473 3999 Re-

193 4021 324 4070 liqion
348 4021 389 4061 d.
413 4021 669 4068 Phoenizier,
686 4021 811 4059 Bonn.
834 4021 953 4065 1841,
971 4029 1010 4068 p.
1038 4022 1110 4056 518
1129 4028 1216 4067 sqq.

242 4077 313 4126 (**)
339 4080 391 4117 V.
413 4076 603 4122 Herodot.
623 4078 714 4124 Vll,
731 4081 778 4114 63
795 4075 888 4115 coll.
911 4077 979 4124 Vl,
1002 4080 1048 4114 23
1067 4086 1143 4124 sq.;
1161 4074 1302 4114 Suidas
1313 4086 1353 4114 v,
1371 4075 1474 4114 Ἐπί-

196 4147 341 4186 χαρμος
355 4149 368 4183 ;
384 4135 610 4184 llippocrat.
634 4133 755 4184 Epist.
778 4137 815 4173 7.
842 4136 897 4172 De
911 4133 1256 4182 temporibus‘ejus
1272 4134 1312 4172 et
1329 4133 1475 4174 familia

1144 4195 1239 4239 509,
1260 4196 1320 4230 36.

1531 378 1632 421 nice
1667 377 1884 420 evaderet
1937 377 2128 419 Phoenix
2174 378 2300 420 locus
2345 381 2591 436 Ephesinns
2633 381 2673 440 ς’·
2688 382 2719 442 )‚
2768 393 2820 426 ut

1529 449 1722 492 Phoenix
1731 447 1928 492 Cadmus
1940 447 2087 490 abiret
2099 449 2145 489 in
2154 449 2375 491 Cadmum
2389 452 2626 498 Milesium.
2640 456 2819 499 Deinde

1528 521 1720 564 ulterius
1735 520 1902 563 harum
1924 533 2082 562 rerum
2106 519 2223 562 fabri
2241 523 2471 579 progressi
2490 532 2608 566 sunt.
2638 526 2818 569 Etenim

1530 593 1609 650 qui
1622 592 1798 650 primus
1814 591 1990 634 invenit
2006 591 2157 634 literas
2169 623 2181 646 ,
2201 606 2298 633 non
2309 592 2465 649 potuit
2483 608 2578 635 non
2594 597 2819 653 scripsisse

1530 677 1690 720 opera.
1721 663 1793 706 Sic
1826 661 1902 722 (ut
1930 678 2077 705 unum
2113 672 2295 720 tangam
2320 676 2375 704 ex
2399 663 2820 721 mythologumenis

1528 734 1729 777 historiae
1768 730 2008 795 literariae)
2045 733 2262 788 Phoenix,
2302 735 2529 793 Agenoris
2565 734 2704 792 filius,
2745 739 2819 781 cui

1530 805 1646 863 Lydi
1663 815 1709 849 et
1729 807 1865 849 Iones
1887 804 2143 849 secundum
2162 806 2458 864 Apostolium
2481 802 2626 868 (XX,
2653 808 2738 868 29)
2763 811 2818 852 li-

1530 886 1734 921 terarum
1764 879 2079 921 inventionem
2114 879 2349 933 tribuunt,
2385 877 2646 929 (ϋοινικικοὶς
2672 879 2820 941 γράμ-

1531 965 1639 1008 μασι
1662 946 1739 1005 τὴν
1777 945 2059 1011 ἀριθμητικὴν
2085 947 2335 1012 φιλοσοφίαν
2364 946 2680 1010 συνεγράψατο,
2710 960 2821 995 teste

1529 1020 1740 1065 Cedreno
1760 1037 1807 1080 p.
1840 1037 1913 1080 19.
1937 1021 2011 1065 Ad
2040 1021 2241 1065 eundem
2265 1021 2459 1064 modum
2481 1022 2619 1065 etiam
2643 1023 2818 1066 Cadmo

1529 1101 1690 1137 nostro
1727 1094 1904 1138 Milesio
1929 1108 2047 1152 opus
2075 1092 2269 1151 aliquod
2294 1093 2637 1152 assignaverint.
2660 1095 2821 1151 Neque

1530 1161 1646 1208 illud
1673 1163 1827 1209 Suidae
1850 1165 2016 1226 πρῶτος
2040 1161 2292 1226 συγγραφὴν
2324 1160 2485 1226 ἔγραψε
2518 1164 2820 1224 καταλογάδην

1531 1236 1700 1298 μικρῷ
1723 1232 1876 1279 νεώτε
1891 1253 1945 1298 ρο
1958 1254 1975 1287 ς
1997 1233 2225 1299 Ὀρφέως
2244 1236 2535 1296 negligentiae
2555 1237 2626 1279 vel
2653 1239 2821 1281 acrisiae

1529 1308 1814 1366 grammatici
1862 1309 2184 1366 imputaverim
2200 1342 2211 1363 ,
2253 1309 2334 1366 qui
2372 1323 2430 1351 eo
2479 1309 2637 1367 potius
2675 1310 2822 1353 aliena

1524 1377 1726 1436 junxisse
1742 1380 1856 1422 mihi
1871 1380 2074 1434 videtur,
2099 1379 2231 1439 quod
2251 1376 2386 1425 Κτίσ
2398 1396 2410 1422 ι
2423 1397 2444 1422 ν
2461 1376 2705 1434 Μιλήτου
2721 1381 2819 1427 κτλ.

1532 1461 1750 1510 tanquam
1779 1467 1897 1510 opus
1919 1467 1945 1496 a
1974 1453 2150 1496 Cadmo
2182 1452 2358 1510 Orphei
2394 1451 2491 1495 fere
2511 1453 2676 1510 aequali
2707 1468 2823 1511 pro-

1530 1523 1701 1567 fectum
1720 1525 1944 1582 posuerit.
1970 1522 2026 1567 ld
2044 1525 2166 1567 enim
2185 1524 2242 1568 ab
2265 1525 2318 1567 iis
2337 1523 2525 1568 demum
2547 1523 2722 1568 Cadmo
2741 1525 2823 1568 da-

1531 1604 1629 1638 tum
1647 1611 1738 1640 esse
1750 1605 1868 1655 puto
1881 1629 1892 1651 ‚
1910 1597 1990 1654 qui
2007 1594 2153 1654 quum
2169 1596 2484 1655 Pherecydem
2502 1605 2547 1640 et
2560 1585 2824 1641 Hecataeum

1530 1668 1709 1726 primos
1733 1667 1957 1726 pedestris
1980 1669 2203 1712 orationis
2225 1669 2475 1726 scriptores
2498 1668 2639 1726 vulgo
2663 1668 2824 1713 haberi

1532 1739 1768 1794 viderent,
1790 1740 1912 1783 istud
1929 1739 1987 1784 de
2008 1740 2182 1784 Cadmo
2204 1749 2521 1783 commentum
2539 1739 2598 1782 ad
2614 1755 2731 1783 verae
2749 1742 2825 1784 hi—
2856 1731 2858 1733 ’

1533 1813 1684 1855 storiae
1705 1821 1751 1855 et
1774 1812 2090 1871 chronologiae
2107 1812 2457 1856 similitudinem
2475 1827 2697 1856 revocare
2718 1815 2824 1857 alla-

1533 1884 1842 1939 boraverunt,
1866 1885 2068 1943 ideoque
2091 1885 2352 1944 principem
2373 1885 2493 1928 inter
2514 1885 2826 1944 logographos

1533 1957 1690 2000 locum
1704 1954 1880 2000 Milesio
1897 1971 1982 2002 suo¹
1998 1957 2220 2001 tribuere.
2236 1959 2306 2001 Ex
2319 1956 2487 2001 eodem
2504 1956 2657 2000 studio
2673 1960 2825 2017 expli—

1535 2028 1681 2072 canda
1691 2044 1792 2087 quae
1806 2029 2080 2089 legunturin
2090 2030 2332 2075 Villoison.
2347 2031 2434 2074 An.
2448 2030 2529 2074 Gr.
2548 2027 2614 2084 II,
2629 2045 2677 2088 p.
2700 2046 2717 2073 1
2728 2031 2785 2087 87
2808 2048 2819 2075 :

1536 2100 1602 2145 Οὐ
1626 2098 1868 2162 γράμματα
1893 2090 2009 2163 εἶχον
2029 2101 2068 2146 οἳ
2083 2097 2320 2158 ςΈλληνες,
2343 2098 2455 2146 ἀλλὰ
2479 2098 2549 2146 διὰ
2571 2099 2824 2146 Φοινικείων

1535 2169 1807 2234 γραμμάτων
1831 2169 2015 2236 ἔγραφον
2046 2169 2101 2217 τὰ
2137 2174 2275 2218 αὑτῶν
2305 2170 2545 2228 Ἑλληνικὰ
2564 2171 2820 2234 γράμματα·

1535 2241 1609 2287 καὶ
1633 2241 1715 2305 γὰρ
1744 2240 1854 2288 αὐτὰ
1879 2241 1935 2288 τὰ
1969 2242 2197 2290 Φοινίκεια
2223 2243 2309 2296 τοῖς
2334 2241 2554 2303 ὀνόμασιν,
2587 2243 2644 2295 ὡς
2668 2242 2742 2289 καὶ
2771 2242 2826 2289 τὰ

1537 2311 1783 2375 Ἓὸραϊκὰ,
1807 2311 1920 2359 κατὰ
1943 2313 2124 2375 μίμησιν
2148 2316 2231 2360 τῶν
2267 2312 2502 2376 Ἑὸραίων,
2525 2317 2612 2367 τοῖς
2634 2314 2784 2369 Φοίνιξ
2766 2335 2824 2360 ιν

1538 2383 1700 2448 ευρέθη.
1736 2384 2010 2446 Παλαμήδης
2033 2384 2271 2449 δ’ὕστερον
2305 2383 2455 2443 ἐλθὼν,
2478 2384 2716 2458 ἀρξάμενος
2741 2386 2826 2432 ἀπὸ

1536 2474 1609 2501 του
1636 2455 1774 2518 ἄλφα,
1796 2454 1844 2501 δέ
1822 2460 1939 2502 ςκοιὲ
1946 2455 2096 2517 ξμόνα
2119 2457 2215 2510 τοῖς
2220 2455 2434 2513 Ελλησιν
2458 2459 2552 2520 εὗρε
2580 2461 2825 2520 στοιχεῖα...

1540 2526 1683 2591 Προσέ
1688 2531 1789 2584 θηκε
1822 2526 1866 2574 δὲ
1902 2530 2043 2581 αὐτοῖς
2081 2529 2257 2590 Κάδμος
2282 2531 2305 2574 ὃ
2341 2526 2553 2584 Μιλήσιος
2586 2529 2826 2591 γράμματα

1537 2598 1658 2662 τρία,
1677 2603 1716 2658 θ,
1736 2618 1791 2664 φ,
1817 2614 1900 2663 X.
1922 2600 2050 2654 Μετὰ,
2073 2605 2209 2647 ταῦτα
2232 2599 2476 2663 Σιμωνίδης
2499 2603 2520 2646 ὃ
2543 2603 2671 2654 Κεῖος
2696 2601 2828 2647 ε’λθὼν

1537 2671 1777 2735 προσέθηκε
1801 2670 1899 2733 δύο,
1920 2692 1946 2729 η
1971 2671 2045 2718 καὶ
2069 2692 2129 2731 ω,
2153 2672 2427 2737 Ἐπίχαρμος
2439 2671 2484 2719 δὲ
2503 2675 2524 2718 ὁ
2539 2672 2830 2738 Συρακούσιος

1538 2742 1658 2808 τρία,
1680 2746 1724 2802 ζ,
1750 2743 1795 2801 ξ,
1823 2746 1871 2808 ψ.
1900 2744 1988 2792 Καὶ
2009 2743 2143 2798 οὕτως
2167 2744 2479 2810 ἐπληρώθησαν
2494 2743 2549 2791 τὰ
2573 2745 2706 2792 εἴκοσι
2725 2744 2829 2792 τέσ-

1539 2833 1668 2879 σαρα.
1693 2820 1822 2862 Patet
1843 2819 2068 2863 Cadmum
2100 2820 2330 2877 Milesium
2348 2819 2397 2862 h.
2422 2820 2453 2862 l.
2479 2835 2504 2863 a
2535 2821 2829 2880 logographo

1539 2904 1637 2932 non
1655 2889 1888 2933 diversum
1909 2906 2001 2935 esse
2018 2924 2030 2946 ,
2048 2906 2200 2949 neque
2223 2891 2424 2935 alienum
2437 2892 2495 2935 ab
2513 2892 2755 2935 inventore
2771 2893 2830 2934 li-

1541 2970 1743 3004 terarum
1756 2997 1768 3019 ,
1785 2963 1871 3006 nisi
1893 2962 2024 3021 quod
2036 2964 2211 3007 inventi
2230 2963 2548 3023 magnitudine
2563 2973 2689 3007 tanto
2710 2964 2831 3008 infe—

1539 3035 1638 3077 rior
1663 3044 1752 3089 est‚
1781 3046 1956 3093 quanto
1982 3045 2112 3079 aetate
2137 3046 2204 3080 est
2220 3035 2397 3093 junior.
2425 3038 2492 3080 Ac
2515 3037 2669 3080 nescio
2690 3052 2748 3080 an
2772 3038 2830 3079 si·

1539 3105 1635 3147 mili
1649 3105 1793 3148 modo
1818 3107 2117 3165 explicandus
2129 3108 2184 3151 sit
2201 3107 2363 3164 junior
2385 3108 2465 3152 ille
2478 3108 2676 3152 Cadmus
2701 3109 2831 3152 Mile-

1539 3178 1629 3220 sius
1661 3177 1930 3233 historicus,
1954 3194 2093 3236 quem
2113 3179 2275 3227 Suidas
2297 3175 2431 3225 Λύσιν
2452 3179 2664 3242 ἐρωτικῶν
2685 3181 2831 3224 παθῶν

1540 3247 1582 3291 ἐν
1602 3245 1778 3310 βιὸλίοις
1793 3245 1827 3292 δ’
1848 3250 2076 3307 scripsisse
2093 3249 2222 3294 dicit.
2242 3251 2334 3308 Qui
2353 3250 2543 3309 quidem
2561 3252 2719 3295 titulus
2738 3260 2832 3294 tum

1539 3336 1626 3378 per
1644 3335 1689 3364 se
1709 3331 1944 3379 suspectus
1963 3317 2244 3383 est(*⁴‘),tum
2260 3323 2379 3366 male
2406 3323 2603 3381 quadrat
2634 3339 2738 3367 cum
2759 3324 2835 3366 Hi-

1599 3491 1648 3541 (*)
1678 3491 1887 3541 Nonnulli,
1923 3492 1983 3531 uti
2003 3494 2222 3532 Home-rum
2246 3493 2526 3532 Atheniensem
2551 3492 2756 3540 fecerunt,
2777 3492 2834 3530 sic

1546 3549 1764 3588 Phoenicias
1783 3550 1917 3588 literas
1935 3549 1975 3588 in
1991 3550 2120 3588 Attica
2133 3550 2183 3588 ab
2196 3552 2384 3590 Actaeone
2399 3551 2578 3589 inventas
2593 3552 2631 3589 et
2647 3550 2697 3590 de
2716 3550 2832 3589 Phoe-

1542 3608 1630 3646 nice
1645 3607 1730 3656 ejus
1742 3607 1822 3646 filia
1846 3607 2070 3646 nominatas
2088 3607 2288 3648 dixerunt.
2312 3612 2363 3650 V.
2394 3609 2641 3648 Scammonis
2661 3610 2753 3658 Περὶ
2774 3610 2832 3646 εὑ·

1547 3665 1729 3716 ρημάτων
1750 3666 1799 3705 sr.
1830 3670 1866 3704 2.
1900 3666 2068 3715 Reliqua
2092 3667 2320 3706 commenta
2342 3677 2543 3706 recensere
2570 3666 2620 3705 ad
2649 3677 2713 3704 me
2739 3666 2834 3704 nihil

1547 3723 1706 3762 attinet.

1596 3779 1668 3829 (**)
1698 3794 1716 3813 «
1747 3780 1901 3819 Vellem
1928 3780 2196 3829 Gaisfordius)
2217 3783 2449 3832 argumenta
2466 3781 2630 3820 istorum
2645 3779 2834 3818 librorum

1546 3837 1666 3876 verbo
1689 3837 1900 3886 tetigisset3
1922 3848 2016 3876 nam
2035 3839 2144 3887 quod
2167 3839 2208 3877 in
2234 3840 2384 3879 Latinis
2399 3840 2484 3878 erat
2501 3839 2675 3887 scripsit
2698 3847 2833 3875 reme·

1547 3895 1621 3934 dia
1641 3896 1825 3941 amoris,
1854 3894 1956 3933 alius
1985 3895 2196 3935 crediderit
2216 3897 2266 3936 ab
2286 3897 2444 3935 homine
2464 3898 2603 3934 Graeco
2629 3893 2723 3931 talia
2749 3904 2836 3942 pro·

1545 3952 1710 3991 venisse.
1734 3952 1918 4001 Suspicor
1941 3963 2023 3992 esse
2045 3954 2314 4002 reponendum
2331 3954 2519 4001 Συλλογὴν
2538 3952 2727 4001 ἐρωτικῶν
2747 3949 2792 3996 δ’,
2814 3967 2830 3983 n

1547 4012 1682 4048 Benna
1691 4018 1806 4047 Annis.
1821 4008 1986 4048 Codices
1997 4010 2092 4048 nihil
2104 4011 2357 4060 suppeditant
2370 4027 2377 4049 :
2389 4012 2424 4048 λ.
2441 4011 2491 4060 ἐρ.
2511 4008 2666 4059 βιὸ).ίων
2679 4006 2707 4045 δ’
2723 4007 2825 4045 codd

1547 4068 1645 4114 BC;
1663 4066 1699 4104 λ.
1713 4065 1767 4115 ἐρ.
1787 4065 1942 4115 βιὸλίων
1960 4064 2006 4104 ιδ’
2022 4066 2084 4105 ed.
2104 4067 2274 4112 Me(liol.;
2295 4069 2330 4106 λ.
2349 4068 2379 4104 ε’.
2396 4067 2526 4104 παθῶν
2543 4064 2625 4102 sine
2646 4063 2836 4101 librorum

1548 4125 1642 4162 nola
1673 4124 1761 4162 cod.
1794 4125 1829 4161 V
1845 4136 1856 4171 ;
1874 4124 1908 4160 λ.
1929 4123 1960 4160 ἐ.
1980 4124 2111 4160 παθῶν
2131 4124 2169 4162 ἐν
2191 4125 2290 4173 βιῧλ.
2319 4123 2490 4172 τέτταρσι
2516 4120 2603 4158 cod.
2631 4126 2686 4167 A;
2722 4121 2837 4168 vulgo

1549 4183 1584 4220 λ,
1602 4183 1631 4219 ἐ.
1652 4182 1782 4220 παθῶν
1803 4181 1839 4219 ἐν
1861 4180 2018 4230 βιὸλίοις
2040 4179 2095 4218 ιδ’.

2634 4267 2663 4297 Ι.
