3016 4628
250 300 396 333 xxxii

245 391 410 455 μεστὰ,
444 391 517 438 καὶ
548 391 696 455 λόγους
732 392 894 448 διεξιὼν
927 395 1123 450 αὐθάδεις
1147 396 1252 462 ὑπὲρ
1285 401 1460 446 ἑαυτοῦ·
1485 397 1528 453 ὅς

242 485 290 527 γε
314 469 482 529 πρῶτον
518 464 594 526 μὲν
617 467 892 528 καθεζόμενος
924 468 996 515 ἐπὶ
1029 467 1220 533 βήματος
1244 477 1498 537 περιφανοῦς
1515 509 1528 533 ,

240 538 387 602 ὥσπερ
414 537 504 592 ἔθος
526 538 640 585 ἐστὶν
671 540 758 593 τοῖς
782 538 858 593 τὰς
891 540 1026 605 ἀρχὰς
1043 542 1230 605 ἔχουσιν,
1267 543 1530 607 ἐχρημάτιζε

243 613 328 665 τοῖς
352 616 599 675 προσιοῦσιν
627 613 680 658 δι’
705 611 871 676 ἡμέρας
901 614 998 679 περὶ
1020 614 1097 671 τὴν
1120 617 1376 675 σιτοδοσίαν,
1399 617 1526 663 ἐκὸα·

238 683 325 730 λὼν
356 689 433 742 τῆς
456 688 587 746 τιμῆς
607 684 767 742 ταύτης
794 685 864 731 τὸν
896 686 1202 751 ἀποδειχθέντα
1227 686 1421 752 ὕπαρχον
1446 689 1528 735 ὑπὸ

237 760 311 814 τῆς
334 758 508 820 βουλῆς·
527 757 674 804 ἔπειτα
695 757 779 820 [33]
804 760 994 822 συνεχεῖς
1009 759 1260 821 ποιούμενος
1277 760 1523 818 ἐκκλησίας,

235 832 313 875 οὐκ
337 828 382 875 ὃν
404 831 445 875 ἐν
462 829 544 876 ἔθει
565 829 799 890 Ῥωμαίοις
819 830 992 887 ἰδιώτην
1006 830 1239 888 ἐκκλησίαν
1255 840 1526 896 συναγαγεῖν,

235 900 375 947 πολλὰ
416 900 493 963 μὲν
532 906 605 948 τοῦ
643 901 852 950 Μινυκίου
877 902 1110 968 κατηγόρει
1137 905 1242 968 πρὸς
1278 906 1350 951 τὸν
1375 906 1525 967 δῆμον,

232 976 290 1026 ὡς
326 972 462 1036 ὄνομα
489 975 686 1039 φέροντος
712 977 848 1039 ἀρχῆς
885 974 1029 1037 μόνον,
1057 975 1177 1042 ἔργον
1199 977 1243 1023 δὲ
1274 976 1390 1024 οὐδὲν
1413 980 1523 1025 ἀπο-

234 1047 408 1109 δειξαμέ
389 1067 482 1094 νου
501 1067 586 1101 τοις
616 1047 793 1105 πένησιν
819 1046 1059 1112 ὠφέλιμον·
1093 1048 1234 1096 πολλὰ
1255 1048 1298 1096 δὲ
1322 1069 1415 1104 τους
1439 1070 1520 1097 πα-

231 1121 414 1184 τρικίους
440 1119 639 1167 διέὸαλλε
667 1120 772 1184 πρὸς
793 1121 863 1166 τὸν
897 1122 1050 1182 δημον,
1073 1124 1130 1175 ὡς
1153 1126 1291 1168 ταῦτα
1313 1122 1522 1187 πράττον-

230 1212 306 1246 τας
331 1194 366 1255 (9
346 1191 379 1256 9)
401 1186 499 1247 ἐξ
467 1198 524 1240 ὧν
550 1193 689 1255 ὀλίγος
709 1212 755 1239 τε
775 1192 848 1239 καὶ
871 1193 1036 1247 οὐδενὸς
1052 1193 1162 1248 ἄξιος
1189 1198 1210 1241 ὃ
1231 1196 1364 1256 δημος
1385 1195 1523 1257 ἔσται,

230 1265 304 1311 καὶ
323 1264 416 1312 οὐδὲ
441 1265 510 1312 ἐπὶ
531 1264 717 1312 σιτοδεία
744 1265 947 1328 φροντίδα
970 1268 1051 1312 τῶν
1073 1265 1244 1331 ἀπόρων
1262 1266 1439 1331 ἔχοντας
1455 1270 1524 1314 οὐ·

231 1337 384 1398 δεμίαν
424 1337 519 1384 οὔτε
557 1341 677 1403 κοινῇ
713 1337 876 1391 πάντας
901 1356 996 1384 ουτε
1034 1337 1120 1384 ἰδία
1161 1339 1258 1393 τοὺς
1289 1339 1518 1397 δυνατοὺς,

229 1410 407 1456 πάντων
437 1410 509 1472 (ιο)
535 1410 726 1471 μάλιστα
763 1408 809 1455 33
790 1429 854 1457 εον
878 1407 1028 1463 αὐτους
1048 1409 1247 1474 χρημασί
1275 1430 1322 1457 τε
1343 1410 1416 1457 καὶ
1438 1410 1522 1458 σώ-

230 1501 379 1542 μασιν,
419 1481 564 1544 ὥσπερ
605 1480 728 1535 αυτὸς
772 1481 847 1539 δὴ,
884 1486 1163 1541 κακοπαθεῖν,
1194 1481 1269 1529 καὶ
1312 1482 1520 1530 πάντοθεν

231 1555 471 1617 ἐπεισάγειν
495 1558 548 1618 τῇ
576 1554 699 1601 πόλει
719 1552 794 1608 τὰς
816 1554 998 1618 ἀγοράς·
1018 1554 1136 1611 ἠξίου
1163 1574 1209 1602 τε
1233 1555 1337 1620 πρὸς
1360 1556 1414 1602 τὰ
1437 1559 1521 1603 τῶν

229 1628 371 1683 ἄλλων
412 1626 516 1691 ἔργα
553 1626 790 1690 πατρικίων
831 1626 886 1673 τὰ
932 1629 1002 1692 υφ’
1042 1629 1195 1674 ἑαυτου
1240 1628 1520 1691 πραττόμενα

228 1699 457 1761 ἐξετάζειν,
474 1702 530 1753 ὣς
545 1698 652 1746 πολυ
671 1699 809 1746 καὶτὸ
831 1706 916 1745 πᾶν
936 1699 1134 1756 ἀλληλων
1151 1700 1419 1790 διαφέροντα.
1443 1699 1536 1764 (ιι)

227 1770 441 1825 Ἔκείνους
487 1770 562 1833 μὲν
605 1770 689 1836 γὰρ
732 1770 850 1818 οὐδὲν
884 1773 931 1818 ἐκ
956 1774 1038 1818 τῶν
1063 1770 1178 1818 ἰδίων
1211 1774 1269 1827 εἰς
1302 1771 1350 1819 τὸ
1383 1772 1520 1819 κοινὸν

230 1843 589 1897 ἀναλίσκοντας”
567 1864 627 1890 ετι
664 1844 738 1890 καὶ
767 1843 845 1902 τὴν
869 1842 1080 1906 δημοσίαν
1105 1864 1185 1908 γην
1209 1844 1519 1911 σφετερισαμέ-

224 1934 319 1970 νους
353 1915 485 1962 πολυν
530 1916 602 1980 (12)
638 1915 721 1973 ἤδη
757 1919 1029 1980 καρπουσθαι
1070 1916 1235 1980 χρόνον,
1288 1916 1436 1964 ἑαυτὸν
1476 1915 1521 1963 δὲ

225 1992 310 2035 τῶν
332 1988 549 2050 δημοσίων
563 1987 723 2036 ουδὲν”
701 2007 855 2052 εχοντα
881 1987 943 2036 ἔτι
964 1988 1037 2035 καὶ
1056 1989 1133 2047 τὴν
1155 1988 1361 2056 πατρῴαν
1383 2008 1520 2037 κατα-

224 2063 424 2124 γορηγεῒν
447 2062 592 2109 οὐσίαν
607 2063 665 2114 εἷς
691 2061 890 2125 βοήθειαν
912 2064 997 2108 τῶν
1019 2061 1215 2126 ἀπόρων·
1248 2061 1322 2109 καὶ
1347 2061 1518 2108 ἐπειδὰν

223 2133 279 2178 τὰ
301 2134 402 2181 ὄντα
428 2133 720 2198 καταναλώσῃ
739 2171 751 2192 ,
781 2134 1051 2196 δανείσματα
1069 2139 1285 2182 ποιεῖσθαι
1310 2134 1430 2200 παρὰ
1450 2136 1517 2199 φί·

225 2207 325 2264 ὶων,
347 2207 441 2254 οὐδὲ
445 2228 466 2254 ν
486 2207 563 2272 (13)
591 2206 1091 2269 ἀντικαταλλαττόμενον
1116 2211 1192 2265 τ’ῆς
1213 2207 1423 2266 τοσαύτης
1449 2227 1516 2273 φι-

223 2279 470 2340 λοτιμίας”
446 2299 509 2326 οτι
547 2278 607 2341 μὴ
641 2278 719 2337 τὴν
743 2278 965 2336 πολιτικὴν
991 2278 1172 2338 εὔνοιαν,
1196 2285 1247 2337 ἧς
1267 2278 1362 2327 οὐδὲ
1383 2279 1453 2327 τὸν
1475 2278 1516 2335 ἐς

224 2350 459 2439 ἀνθρώπων
494 2353 677 2398 πλοῦτον
716 2354 914 2412 ἡγεῖσθαι
947 2348 1299 2414 τιμιώτερον.οἱ
1339 2349 1383 2397 33
1419 2351 1517 2416 περὶ

224 2423 362 2468 αὐτὸν
372 2426 630 2477 συνεστῶτες
649 2421 714 2468 ἀεὶ
743 2441 919 2486 σωτηρα
945 2421 1018 2468 καὶ
1041 2441 1210 2488 πατερα
1239 2421 1313 2469 καὶ
1338 2422 1514 2481 κτίστην

223 2494 466 2542 ἀπεκάλουν
495 2495 567 2560 (14)
595 2499 671 2553 τ’ἧς
701 2494 924 2559 πατρίδος·
959 2493 1034 2541 καὶ
1069 2514 1147 2552 την
1186 2494 1263 2556 μὲν
1299 2494 1513 2554 υπατικὴν

221 2566 412 2620 ἐξουσίαν
439 2568 648 2617 ἐλάττονα
667 2567 794 2632 χάριν
818 2566 845 2624 ἢ
868 2566 980 2613 κατὰ
1004 2566 1051 2613 τὸ
1076 2566 1250 2631 μέγεθος
1273 2570 1356 2615 τῶν
1379 2567 1513 2633 ἔργων

223 2642 355 2685 αὐτοῦ
395 2639 649 2702 γενησεσθαι
693 2639 884 2688 δοθεῖσαν
928 2638 1176 2704 ἀπέφαινον,
1207 2639 1319 2703 ἀλλῃ
1356 2639 1401 2686 δέ
1432 2659 1514 2687 τινι

219 2711 381 2773 μείζονι
406 2712 480 2759 καὶ
503 2714 688 2777 λαμπρα
708 2731 813 2776 τιμῃ
839 2718 1018 2771 κοσμεῖν
1038 2711 1183 2769 ἠξίουν
1206 2712 1350 2771 αὐτὸν,
1371 2713 1424 2770 ἣν
1438 2712 1514 2759 καὶ

218 2784 267 2829 τὸ
286 2783 402 2846 γένος
427 2782 467 2838 ἕξ
473 2803 508 2830 ει
545 2784 594 2831 τὸ
621 2783 661 2838 ἐξ
690 2782 869 2832 ἐκείνου.
894 2782 974 2836 Ως
999 2785 1042 2830 33
1066 2783 1140 2830 καὶ
1162 2783 1240 2841 τὴν
1259 2784 1404 2849 τρίτην
1422 2784 1512 2839 ἔξο-

219 2857 288 2902 δον
312 2856 601 2918 ποιησάμενος
633 2855 704 2903 ἐπὶ
737 2855 792 2902 τὰ
826 2855 1160 2920 παραθαλάττια
1187 2876 1264 2914 της
1303 2856 1510 2915 Ἰταλίας,

217 2927 267 2974 ἔκ
294 2948 339 2975 τε
365 2928 516 2990 Κύυης
536 2927 613 2975 καὶ
637 2948 720 2974 των
739 2927 839 2993 περὶ
869 2928 1064 2985 Μίσηνον
1085 2928 1271 2990 λιμένων
1312 2928 1511 2991 σιτηγοὺς

218 3001 410 3053 ὁλκάδας
440 3000 555 3063 ἄγων
578 2999 742 3053 πολλὰς
777 3000 1064 3047 κατέπλευσεν
1091 3002 1147 3054 εἷς
1171 3000 1370 3062 Ὠστίαν,
1391 2999 1414 3046 3
1437 3021 1513 3058 της

220 3072 437 3133 Ρώμης’
420 3072 532 3120 εστὶν
551 3073 753 3129 ἐπίνειον,
775 3072 849 3119 καὶ
870 3071 1116 3130 κατέπλησε
1133 3073 1204 3134 (15)
1224 3079 1317 3126 ταῖς
1336 3080 1512 3138 τροφαῖς

219 3144 294 3202 τὴν
314 3147 511 3207 πόλιν,ι
489 3166 545 3198 ως
578 3144 711 3206 μηδὲν
731 3143 792 3190 ἔτι
820 3164 894 3202 της
919 3144 1102 3209 ἀρχαίας
1126 3144 1346 3210 εὐετηρίας
1370 3146 1409 3191 δι
1398 3145 1512 3210 αιφέ·

216 3236 318 3279 ρειν,
345 3217 458 3270 ἅπας
500 3221 522 3264 ὁ
548 3218 680 3278 δῆμος
712 3217 877 3278 ἕτοιμος
907 3221 977 3279 ἠν,
1014 3219 1049 3263 εἰ
1074 3237 1121 3280 γε
1117 3216 1237 3264 ’νοιτο
1261 3221 1335 3274 τῆς
1366 3218 1509 3283 ψηφου

216 3288 358 3352 κύριος
383 3289 450 3335 ἐπ’
478 3288 797 3353 ἀρχαιρεσίαις,
821 3307 904 3334 ειτε
930 3288 1135 3335 υπατείαν
1157 3309 1239 3336 ειτε
1267 3289 1402 3348 ἄλλην
1415 3289 1509 3336 τινὰ

217 3360 347 3421 τιμὴν
375 3360 534 3422 μετίοι,
558 3360 779 3423 μηδενὸς’
762 3362 1120 3426 επιστρεφόμενος
1141 3362 1214 3426 (16)
1244 3361 1353 3425 μήτε
1375 3361 1506 3423 νόμου

215 3432 451 3485 κωλύοντος
498 3433 601 3493 μήτ’
656 3432 804 3497 ἀνδρὸς
855 3433 1203 3494 εναντιουμένου,
1232 3434 1502 3499 χαρίζεσθαι

215 3507 370 3552 Ἰαυτα
403 3508 584 3593 ὁρωντες
619 3507 656 3551 οἱ
699 3505 1010 3568 προεστηκότες
1041 3526 1117 3564 της
1153 3506 1506 3572 ἀριστοκρατίας,

215 3575 291 3622 καὶ
327 3575 424 3622 οὔτε
462 3576 703 3635 ἐπιτρέπειν
731 3579 778 3622 ἀ
763 3577 942 3631 ζιουντες
979 3576 1076 3624 οὔτε
1114 3578 1293 3625 κωλύειν
1326 3578 1505 3640 δύναμιν

215 3648 405 3711 ἔχοντες,
433 3651 475 3694 ἐν
499 3650 636 3712 πολλῇ
667 3648 824 3702 πάντες
847 3654 957 3707 ἠσαν
983 3650 1166 3712 ἀθυμία·
1191 3650 1264 3697 καὶ
1299 3650 1360 3698 ἔτι
1389 3653 1505 3713 μᾶλ-

213 3723 286 3767 >ov
317 3721 682 3784 διεταράχθησαν,
706 3722 851 3779 ἐπειδὴ
877 3721 1126 3769 κωλυόντων
1153 3722 1382 3781 ἐκκλησίας
1406 3741 1505 3770 συν-

214 3794 332 3857 άγειν
379 3792 505 3840 αὐτὸν
549 3793 623 3839 καὶ
649 3795 935 3884 δημηγορεῖν
959 3816 1044 3842 των
1081 3816 1126 3843 τε
1159 3797 1397 3862 δημάρχων
1431 3797 1504 3845 καὶ

213 3866 406 3924 ὑπάτων,
427 3865 683 3931 συστραφεὶς
717 3869 738 3912 ὂ
759 3868 894 3926 δῆμος
916 3868 1100 3922 ἐκείνους
1122 3889 1174 3931 με
1179 3889 1200 3915 ν
1229 3870 1385 3924 ἐξέὸαλ
1389 3890 1431 3917 εν
1454 3873 1501 3918 ἐκ

796 285 876 333 ΕΚ
913 287 1039 336 ΤΗΣ
1075 269 1746 343 ιΣΤοΡιᾸΣΔῐοΝΥΣιοι·
1781 273 2335 351 ΑΛΙΚΑΡΝΑΣΣΕΩΣ.

1610 401 1803 443 factorum
1826 405 2066 455 arrogantia,
2091 410 2178 447 tum
2208 409 2456 450 sermonibus
2470 421 2570 460 quos
2585 411 2635 451 de
2649 394 2702 452 ¹se
2719 412 2896 464 jactabat

1605 479 1902 528 superbissimis.
1922 487 2020 524 Nam
2034 488 2245 537 conspicuo
2260 489 2398 528 sedens
2411 491 2450 528 in
2463 494 2661 542 suggestu,
2676 494 2735 532 uti
2753 494 2896 544 publici

1605 559 1857 608 magistratus
1879 564 2028 614 solent,
2047 567 2224 616 quotidie
2242 569 2522 611 accedentibus
2540 571 2590 612 de
2607 573 2895 616 frumentorum

1603 639 1809 690 largitione
1844 655 2030 695 responsa
2053 647 2196 698 dabat,
2229 649 2355 698 ejecto
2380 652 2493 702 quasi
2519 653 2565 695 L.
2597 655 2793 705 Minucio,
2827 657 2896 708 qui

1602 724 1760 763 senatus
1776 725 1933 766 decreto
1949 728 2159 777 praefectus
2170 741 2340 772 annonae
2356 735 2512 774 creatus
2530 737 2640 786 erat3
2658 736 2799 778 deinde
2813 749 2896 778 cre-

1602 799 1692 838 bras
1713 802 1922 842 conciones
1942 804 2091 844 habens
2113 805 2369 858 (quanquam
2394 812 2604 853 conciones
2626 812 2771 853 habere
2789 815 2896 866 apud

1601 886 1801 924 Romanos
1814 886 1996 926 nonlicet
2009 887 2197 939 privato),
2212 890 2347 930 multis
2356 891 2575 932 Minucium
2585 894 2688 944 apud
2702 897 2894 946 populum

1599 966 1835 1017 accusabat,
1859 969 1997 1018 utpote
2017 970 2087 1020 qui
2109 981 2256 1011 nomen
2284 974 2440 1013 tantum
2468 976 2723 1026 magistratus
2746 989 2829 1029 prae
2851 990 2894 1020 se

1601 1047 1740 1098 ferret,
1758 1060 1856 1099 opus
1870 1051 2107 1101 pauperibus
2119 1053 2215 1093 utile
2230 1054 2414 1096 edidisset
2429 1058 2586 1097 nullum
2600 1072 2612 1108 ;
2630 1061 2758 1100 multa
2772 1061 2893 1101 etiam

1599 1132 1639 1169 in
1669 1130 1855 1180 patricios
1876 1131 1999 1181 sevit,
2025 1133 2172 1184 quippe
2203 1136 2274 1186 qui
2308 1134 2349 1176 id
2380 1141 2541 1189 agerent
2565 1142 2612 1180 ut
2635 1141 2684 1180 ad
2711 1122 2894 1192 paucita-

1599 1218 1680 1256 tem
1696 1212 1888 1262 populum
1904 1212 2123 1264 redigerent
2143 1226 2190 1254 ac
2205 1217 2442 1267 potestatem
2457 1219 2544 1270 ejus
2558 1220 2806 1272 frangerent,
2822 1221 2893 1273 qui

1599 1295 1640 1334 in
1665 1296 1777 1333 tanta
1799 1305 1968 1334 annonae
1995 1296 2160 1337 caritate
2187 1309 2406 1350 pauperum
2437 1312 2576 1341 curam
2609 1314 2660 1343 ne
2686 1305 2894 1345 minimam

1598 1375 1755 1424 quidem
1779 1368 1990 1425 habeiQent
2009 1387 2137 1427 neque
2155 1377 2196 1416 in
2212 1381 2416 1420 communi
2439 1392 2598 1433 omnes,
2616 1394 2746 1434 neque
2761 1385 2894 1435 priva-

1596 1451 1670 1491 tim
1697 1452 1864 1502 divites;
1890 1464 2118 1506 quanquam
2144 1455 2322 1495 omnium
2349 1458 2522 1498 maxime
2545 1459 2618 1499 hos
2643 1459 2893 1510 potissimum

1598 1534 1754 1574 deceret
1773 1535 1912 1585 opibus
1927 1535 2008 1575 suis
2022 1538 2061 1575 et
2080 1537 2278 1588 personis,
2298 1539 2383 1578 uti
2373 1551 2456 1590 ipse
2472 1541 2681 1592 videlicet,
2698 1543 2794 1583 nihil
2811 1555 2893 1584 non

2811 1630 2892 1668 De-

1597 1698 1717 1749 nique
1735 1699 1864 1739 studia
1879 1699 2136 1751 patriciorum
2152 1713 2247 1741 cum
2270 1704 2351 1744 suis
2365 1703 2487 1754 ipsius
2505 1706 2623 1746 rebus
2641 1706 2758 1756 gestis
2779 1717 2892 1747 com-

1598 1617 1692 1667 pati,
1711 1619 1757 1657 ut
1777 1617 1952 1668 undique
1969 1619 2191 1671 frumenta
2181 1631 2222 1659 ιιι
2239 1621 2378 1661 urbem
2394 1623 2757 1666 introducerentur.

1596 1792 1739 1834 parans
1749 1812 1761 1832 ,
1778 1792 1900 1831 quam
1917 1782 2071 1822 diversa
2091 1785 2132 1823 et
2146 1783 2263 1834 plane
2280 1786 2477 1826 contraria
2495 1786 2569 1827 sibi
2586 1789 2714 1828 essent
2728 1788 2892 1830 demon-

1595 1862 1719 1900 strare
1743 1860 1987 1901 instituebat.
2042 1861 2137 1901 Illos
2156 1862 2264 1902 enim
2285 1874 2367 1903 non
2390 1864 2510 1904 modo
2534 1865 2585 1904 de
2611 1866 2695 1906 suis
2713 1866 2755 1905 in
2785 1878 2891 1907 rem·

1597 1941 1795 1992 publicam
1823 1940 1922 1981 nihil
1949 1942 2197 1993 expendere,
2231 1943 2298 1984 sed
2329 1944 2451 1985 etiam
2481 1945 2666 1996 publicos
2700 1957 2891 1997 usurpare

1594 2030 1727 2070 agros,
1750 2030 1802 2060 ex
1823 2020 1950 2070 iisque
1971 2031 1995 2059 a
2013 2021 2141 2060 multo
2165 2021 2259 2062 inde
2283 2023 2464 2072 tempore
2482 2023 2637 2063 fructus
2659 2025 2889 2075 percipere
2877 2055 2890 2075 ,

1593 2108 1636 2137 se
1653 2108 1748 2136 vero
1769 2108 1849 2136 non
1871 2097 1991 2136 modo
2013 2090 2111 2137 nihil
2130 2098 2225 2138 boni
2248 2099 2395 2149 publici
2417 2099 2585 2149 babere,
2607 2098 2678 2140 sed
2705 2104 2891 2152 paternas

1593 2172 1712 2212 etiam
1728 2184 1821 2223 opes
1838 2184 1997 2224 erogare
2016 2174 2058 2213 in
2073 2175 2266 2214 auxilium
2283 2175 2532 2227 indigorum3
2553 2178 2592 2216 et
2611 2177 2802 2218 exhausta
2818 2179 2889 2220 he-

1594 2246 1760 2285 reditate
1776 2246 1963 2296 pecunias
1985 2247 2145 2287 mutuas
2168 2248 2218 2287 ab
2245 2247 2383 2288 amicis
2408 2259 2492 2290 esse
2515 2252 2796 2302 sumpturum,
2816 2262 2890 2291 nec

1592 2323 1808 2373 quidquam
1827 2334 1898 2374 pro
1918 2325 2031 2363 tanta
2046 2324 2284 2365 liberalitate
2306 2336 2347 2365 se
2363 2327 2496 2376 petere
2511 2329 2654 2377 praeter
2669 2329 2803 2379 populi
2825 2329 2890 2370 be-

1592 2403 1857 2443 nevolentiam
1868 2432 1880 2452 ,
1897 2412 2017 2452 quam
2034 2403 2220 2443 omnibus
2241 2402 2390 2443 divitiis
2406 2404 2590 2446 humanis
2602 2406 2888 2456 praeferendam

1593 2495 1676 2524 esse
1690 2485 1880 2524 censer-,et
1903 2485 2004 2523 Tum
2029 2484 2330 2525 circumstantes
2351 2487 2592 2525 servatorem
2617 2487 2658 2526 et
2675 2489 2829 2537 patrem
2848 2490 2890 2528 et

1592 2561 1836 2601 conditorem
1847 2561 1986 2612 patriae
1999 2562 2245 2611 appellitare,
2259 2562 2379 2612 atque
2387 2563 2636 2603 consularem
2651 2565 2890 2614 potestatem

1590 2639 1722 2678 dicere
1744 2638 1939 2677 minorem
1967 2638 2051 2676 sore
2076 2648 2198 2688 quam
2219 2649 2291 2689 pro
2311 2640 2462 2690 accepti
2480 2639 2660 2680 beneficii
2686 2642 2886 2692 magnitu-

1589 2715 1680 2754 dine
1695 2714 1882 2765 gratiam,
1898 2714 1983 2753 aliis
1997 2713 2232 2763 quibusdam
2250 2713 2466 2764 majoribus
2479 2716 2888 2769 splendidioribusque

1588 2790 1812 2829 ornandum
1827 2789 2044 2829 honoribus
2059 2800 2165 2839 esse,
2193 2789 2263 2840 qui
2279 2790 2397 2830 etiam
2415 2790 2464 2830 ad
2487 2793 2709 2843 prosapiam
2728 2794 2812 2844 ejus
2827 2806 2887 2835 es—

1590 2869 1676 2908 sent
1694 2867 1935 2916 perventuri.
1969 2867 2047 2907 Ubi
2066 2867 2250 2918 deinceps
2264 2868 2386 2907 etiam
2405 2869 2524 2908 tertio
2546 2869 2715 2910 itinere
2703 2882 2744 2910 m
2763 2872 2885 2911 mari-

1589 2939 1685 2978 tima
1704 2938 1828 2978 ltaliae
1842 2939 2046 2989 suscepto,
2065 2949 2087 2978 e
2106 2939 2246 2978 Cumae
2263 2940 2303 2978 et
2319 2939 2456 2979 Miseni
2475 2940 2668 2990 portubus
2687 2952 2778 2981 cum
2798 2943 2884 2982 fru-

1588 3011 1791 3050 mentariis
1809 3011 1976 3050 navibus
1994 3011 2204 3061 plurimis'
2193 3022 2233 3050 m
2253 3011 2406 3051 Ostiam
2418 3042 2429 3062 ‚
2455 3012 2564 3062 quod
2583 3016 2718 3053 Romae
2741 3015 2883 3055 navale

1587 3085 1668 3132 est,
1689 3083 1955 3134 innavigaret‚
1973 3094 2019 3123 ac
2036 3085 2147 3123 tanta
2161 3095 2329 3135 annonae
2347 3085 2459 3134 copia
2479 3085 2619 3124 urbem
2636 3087 2817 3137 repleret,
2836 3089 2883 3127 ut

1586 3156 1683 3195 nibil
1700 3156 1875 3206 pristinae
1889 3157 2157 3207 proventuum
2171 3156 2366 3195 felicitatis
2381 3157 2551 3207 amplius
2566 3157 2879 3199 desideraretur:

1586 3230 1674 3267 tum
1695 3239 1788 3268 vero
1810 3228 1978 3279 populus
1997 3228 2206 3267 universus
2224 3228 2501 3279 pollicebatur,
2518 3229 2708 3279 quando
2697 3241 2738 3269 ιιι
2756 3231 2880 3281 magi-

1586 3302 1784 3339 stratuum
1798 3299 1989 3340 electione
2005 3311 2124 3350 penes
2140 3300 2270 3350 ipsum
2286 3300 2470 3351 suffragia
2483 3302 2626 3350 essent,
2643 3302 2725 3342 sive
2741 3313 2880 3343 consu-

1586 3373 1708 3411 larem
1718 3372 1806 3411 ·sive
1819 3372 1937 3410 aliam
1954 3383 2251 3422 quamcumque
2267 3372 2433 3422 spurius
2447 3372 2675 3423 dignitatem
2687 3374 2878 3421 ambiret,

1585 3446 1685 3483 hanc
1701 3456 1763 3494 se,
1788 3445 1885 3484 nihil
1906 3446 2114 3484 curantem
2129 3455 2258 3495 neque
2272 3445 2378 3495 leges
2392 3447 2572 3485 vetantes
2594 3456 2725 3496 neque
2742 3445 2874 3486 homi·

1582 3528 1651 3556 nes
1669 3517 1938 3567 obstrepentes
1949 3547 1959 3579 ,
1976 3517 2010 3557 ei
2027 3517 2336 3567 gratificaturum
2350 3527 2446 3557 esse.
2472 3519 2568 3556 Haec
2584 3516 2762 3557 videntes
2776 3518 2876 3568 opti·

1582 3590 1747 3628 matium
1774 3589 1966 3640 principes
1992 3601 2119 3640 quum
2157 3600 2285 3640 neque
2319 3588 2534 3629 concedere
2563 3589 2710 3629 vellent
2746 3601 2875 3640 neque

1582 3663 1740 3708 possent
1759 3661 1973 3712 impedire,
1991 3661 2032 3700 in
2051 3672 2209 3701 summa
2229 3671 2368 3701 omnes
2386 3660 2644 3711 perplexitate
2659 3662 2874 3702 versaban-

1581 3735 1661 3773 tur.
1717 3738 1773 3773 Ac
1790 3745 1886 3773 mox
1907 3733 1950 3772 in
1976 3733 2103 3783 majus
2118 3735 2236 3773 aucta
2261 3731 2486 3772 animorum
2510 3733 2775 3772 consternatio
2790 3735 2872 3783 est,

1580 3806 1648 3846 ubi
1674 3807 1855 3846 tribunos
1888 3807 2168 3857 consulesque,
2199 3817 2251 3846 ne
2280 3806 2488 3846 conciones
2521 3806 2676 3846 Maelius
2707 3807 2872 3846 liaberet

1579 3878 1860 3928 prohibituros,
1878 3889 1900 3918 e
1919 3879 2003 3918 foro
2022 3879 2132 3930 plebs
2146 3879 2396 3918 tumultuans
2410 3877 2540 3927 ejecit,
2554 3889 2679 3929 eoque
2695 3880 2868 3918 multum

213 4017 273 4053 coc
301 4003 367 4042 ἔτι.
385 4003 480 4042 Dein
499 4003 586 4042 cod.
606 4004 799 4054 υπεριφανί
803 4018 856 4048 ας.
869 4009 973 4046 -9,
990 4006 1304 4058 πράττοντας]
1322 4009 1552 4059 πράττοντες
1580 4012 1620 4049 et
1646 4021 1742 4048 mox
1771 4010 1921 4059 ὀλίγους
1952 4010 2092 4049 codex.
2111 4032 2162 4038 —
2182 4014 2241 4049 10
2273 4007 2482 4059 πάντων]
2501 4010 2640 4054 παντὸς
2660 4009 2800 4050 codex.
2818 4034 2871 4043 —

220 4067 277 4101 11,
296 4063 385 4100 Post
411 4072 545 4100 vocem
562 4062 784 4112 διαφέροντα
805 4062 843 4100 in
863 4062 999 4101 cadem
1021 4063 1123 4102 linea
1141 4068 1362 4114 sequuntur
1381 4081 1390 4104 ι
1414 4068 1510 4115 μετὰ
1530 4069 1568 4106 δὲ
1587 4072 1684 4119 τρεῖς
1701 4068 1724 4113 ἢ
1743 4068 1922 4117 τέτταρας
1942 4069 1981 4105 et
2002 4067 2153 4116 reliqua
2179 4067 2411 4116 Polybiana‚
2430 4077 2521 4117 quae
2538 4066 2719 4107 dedimus
2734 4078 2867 4119 supra.

216 4120 479 4158 continentur
496 4120 582 4158 baec
601 4119 725 4158 nostri
743 4120 888 4158 codicis
912 4120 1025 4159 lineis
1052 4126 1129 4170 53,
1151 4133 1241 4172 quae
1261 4123 1299 4161 in
1320 4123 1479 4170 codice,
1504 4135 1552 4162 ex
1573 4136 1652 4175 quo
1675 4126 1808 4162 nostra
1835 4124 2030 4173 descripta
2048 4126 2166 4172 sunt,
2184 4135 2306 4162 unuin
2329 4124 2544 4174 implebant
2565 4125 2715 4164 folium.
2733 4125 2868 4167 Codex

214 4181 347 4216 lscor.
366 4178 526 4226 «ιιισιιΙις
544 4177 644 4216 tolus
660 4178 779 4217 lineas
794 4178 995 4228 sexaginta
1024 4181 1212 4219 continet.
1230 4186 1356 4220 —12.
1384 4182 1558 4232 πολὺν]
1589 4185 1775 4229 πολλα-ὴν

218 4238 262 4273 13
291 4235 584 4285 .οὐδὲν]οὐ6ὲν
618 4236 658 4274 Ιι.
678 4236 702 4275 l.
722 4235 859 4274 codex.
878 4255 930 4264 -
952 4239 1010 4275 14.
1029 4237 1162 4276 ἀπεκ.
1177 4238 1322 4288 ]ἀπογ,.
1340 4239 1488 4289 ‹·odcx;
1507 4252 1597 4281 mox
1618 4240 1879 4283 ἐλάττωναὶιΙ.
1899 4263 1944 4268 -
1969 4246 2026 4280 15.
2046 4239 2344 4309 κατέπλησε]
2367 4241 2540 4280 ὡστίαν..

212 4306 337 4331 παυσε
355 4293 493 4333 codex
509 4315 561 4323 —
580 4299 640 4334 16.
660 4293 1115 4346 ἐπιστρεφόμενος]
1100 4297 1316 4335 επιτοέποντ
1321 4310 1358 4341 ος
1377 4296 1464 4335 cod.

1806 4183 1940 4221 ἑαυτὸν
1970 4183 2010 4221 δε
2035 4183 2102 4229 τήν
2134 4181 2360 4230 δημοσίων.
2379 4187 2669 4233 καταχωρηγεῒν
2700 4183 2789 4223 cod.
2817 4207 2868 4214 —

2559 4242 2734 4281 ἐπινεον..
2755 4255 2864 4283 κατε·

2979 888 2991 896 ’
2979 857 2987 865 ·
2975 567 3008 806 ,zea-Q

2980 1737 3004 1903 Ἔῖνῦωηῖδνω-
2995 1706 2998 1710 .
2978 1624 3005 1683 ’μ”ι
2976 1558 2983 1571 '¹
2984 1513 3001 1532 t„
2979 1402 2991 1444 *A
2976 1232 2979 1234 ⁴
2982 1151 2990 1157 Ι,
2975 1066 2991 1076 ,Δ
2976 1021 2979 1023 v
2976 988 2979 990 ι

3002 1748 3016 1901 .*1.‡..;.·2.⁴;
3013 1683 3016 1702 .„
3002 1590 3016 1655 V..„.'
3002 1563 3016 1570 <-
3005 1535 3007 1539 .
3003 1459 3016 1514 ,ΔΗ-..Δ
3012 1388 3016 1431 ..¹
3005 1282 3016 1334 Δῃὼ
3012 1246 3016 1261 Α
3014 1098 3016 1102 Α
3011 1016 3016 1023 ⁴
3013 927 3016 960 ,—
