3016 4628
284 274 342 311 22
1096 259 1601 311 AMELESAGORAS
1637 259 2145 312 CHALCEDONIUS.

280 369 450 424 λοίνικος
469 391 541 418 και
564 370 792 426 Ἑκαταῖος
819 371 895 419 καὶ
930 371 1179 436 Ανδροτίων
1207 371 1282 418 καὶ
1307 369 1567 434 Φιλόχορος.

277 445 348 489 De
371 445 465 490 fide
482 462 584 505 quae
601 446 820 491 habenda
845 449 902 491 sit
925 447 994 491 his
1022 455 1211 519 patrum
1223 447 1430 506 mcptns
1447 454 1572 490 recte

272 518 452 575 judicat
475 520 679 564 Siebelis.
702 518 1043 564 adPhilochm.
1059 535 1107 578 p.
1123 536 1146 576 7
1169 527 1273 563 not
1279 533 1460 578 ‚neque
1481 517 1570 561 du-

275 591 352 634 bia
365 606 458 635 esse
482 607 555 636 res
573 601 747 651 potest,
775 592 926 636 modo
941 592 1151 636 conferas
1171 607 1274 650 quae
1289 591 1348 635 de
1370 591 1571 635 aliorum

275 663 407 707 furtis
444 674 687 709 auctorum
719 665 776 708 ab
811 664 979 709 eodem
1011 665 1245 709 Clemente
1279 665 1327 707 in
1361 663 1570 707 medium

274 736 599 794 proferuntur.
618 763 680 770 —-
694 738 909 782 Ceterum
928 753 1047 797 opus
1063 737 1195 797 quod
1218 737 1478 795 Antigonus
1499 736 1568 778 vi-

275 809 367 864 dit,
384 825 482 853 non
502 811 564 854 ita
594 811 792 856 multum
821 819 927 854 ante
950 811 1187 854 Ptolemaei
1209 808 1500 866 Philadelphi
1522 816 1569 851 et

274 881 512 941 Euergetae
539 891 751 941 tempora
771 884 818 926 in
843 883 993 926 lucem
1017 882 1194 926 editum
1212 896 1306 925 esse
1324 881 1439 923 mihi
1459 895 1567 938 pei·-

271 968 455 1000 suasum
472 962 554 997 est.
581 955 786 998 Clinton.
806 956 859 1000 F.
889 956 949 998 H.
978 964 1090 998 tom.
1104 955 1190 1009 ΙΙΙ,
1217 969 1269 1012 p.
1300 967 1395 1012 299
1414 950 1429 1013 (
1446 952 1565 1012 Sup-

267 1027 472 1084 plement
505 1036 546 1069 to
567 1037 680 1086 part
696 1028 742 1070 ΙΙ
765 1026 779 1086 )
816 1027 1189 1086 Amelesagoram
1215 1025 1567 1080 Atheniensem,

270 1091 473 1140 Atthidis
493 1102 732 1136 auctorem
754 1090 766 1154 (
786 1107 929 1151 quem
951 1101 1077 1135 recte
1102 1092 1240 1135 etiam
1261 1089 1387 1150 apud
1422 1091 1566 1149 Apol·

270 1164 493 1208 lodorum
515 1166 724 1224 agnoscit
747 1165 806 1208 fr.
848 1181 872 1208 2
901 1165 912 1224 )
941 1164 1152 1209 Clidemo
1166 1163 1405 1221 juniorem
1430 1163 1566 1207 fuisse

268 1239 542 1296 suspicatur,
573 1239 680 1297 quia
715 1239 890 1281 scilicet
913 1237 1147 1281 Clidemus
1164 1251 1352 1292 eorum,
1373 1236 1454 1295 qui
1487 1238 1566 1280 At-

271 1309 419 1354 thides
443 1311 754 1369 scripserunt,
771 1311 792 1354 ὃ
815 1308 1099 1372 ἀρχαιότατος
1119 1325 1212 1354 esse
1229 1309 1462 1355 Pausaniae
1486 1309 1564 1353 di-

269 1383 403 1425 citur.
434 1385 549 1427 Vera
575 1382 698 1426 haud
744 1382 886 1426 dubie
916 1383 1141 1427 sententia
1172 1391 1261 1438 est,
1295 1397 1564 1441 quanquam

268 1454 411 1498 debili
433 1457 596 1499 nititur
624 1465 928 1515 argumento,
960 1471 1107 1514 quum
1133 1451 1285 1510 Ἀτθίς,
1328 1455 1563 1499 librorum

267 1527 443 1582 titulus,
462 1530 854 1587 pateatlatissime.
872 1527 989 1572 Vide
999 1529 1181 1587 Fragm.
1196 1528 1375 1573 Histor.
1387 1536 1502 1575 tom.
1519 1530 1559 1584 Ι,

263 1614 313 1658 p.
330 1601 531 1644 LXXXI
542 1635 556 1644 .

797 1802 1016 1850 ΑΤΘΙΣ.

887 1936 926 1966 1.

335 2036 594 2096 Antigonus
616 2034 727 2082 Hist.
744 2037 851 2082 Μὶν.
883 2053 922 2082 e.
956 2052 1010 2080 12
1047 2034 1435 2102 ιἏμελησαγόρας
1466 2037 1510 2085 δὲ
1536 2042 1562 2086 ὃ

261 2107 478 2165 Ἀθηναῖος
501 2109 525 2151 ὁ
548 2105 632 2164 τὴν
648 2106 817 2154 Ἀτθίδα
839 2104 1147 2173 συγγεγραφὼς
1169 2107 1218 2155 οὔ
1235 2127 1341 2174 φησι
1358 2109 1555 2175 κορώνην

260 2179 580 2244 προσίπτασθαι
614 2178 718 2244 πρὸς
741 2179 818 2236 τὴν
845 2179 1098 2245 ἀκρόπολιν,
1123 2182 1212 2229 οὐδ’
1231 2181 1323 2247 ἔχοι
1347 2183 1399 2230 ἂν
1423 2185 1557 2231 εἰπεῖν

259 2252 463 2317 ἑωρακὼς
487 2251 636 2306 οὐδείς.
710 2251 962 2300 Ἀποδίδωσι
999 2250 1145 2313 δὲτὴν
1179 2254 1319 2302 αἰτίαν
1346 2259 1559 2318 μυθικῶς

259 2325 363 2391 φησὶ
413 2325 493 2390 γὰρ
526 2325 753 2391 ‘Bootis-rep
797 2325 989 2385 δοθείσης
1026 2331 1103 2386 τῆς
1129 2327 1307 2387 Ἀθηνᾶς
1337 2347 1555 2393 συγκατα·

258 2399 475 2446 κλιθεῖσαν
493 2401 625 2457 αὐτὴν
650 2401 954 2462 ἀφανισθῆναι,
975 2399 1048 2447 τὸν
1065 2399 1111 2447 δὲ
1135 2398 1384 2466 εἭφαιστον
1402 2403 1459 2456 εἷς
1474 2406 1554 2465 γῆν

198 2480 207 2487 “
258 2472 443 2519 πεσόντα
460 2468 684 2537 προίεσθαι
707 2471 757 2520 τὸ
773 2471 965 2537 σπέρμα,
979 2472 1057 2531 τὴν
1080 2472 1124 2520 δὲ
1145 2478 1225 2538 γῆν
1245 2473 1424 2540 ὕστερον
1439 2477 1554 2540 αὐτῷ
1597 2501 1601 2510 =

258 2547 488 2591 ἀναδοῦναι
514 2545 792 2610 Ἐριχθόνιον,
825 2545 870 2593 ὃν
901 2547 1069 2612 τρέφειν
1093 2545 1171 2605 τὴν
1195 2547 1374 2606 Ἀθηνᾶν
1399 2547 1475 2596 καὶ
1497 2550 1556 2603 εἷς

258 2618 406 2675 κίστην
426 2618 642 2683 καθεῖρξαι
662 2618 736 2665 καὶ
751 2618 1022 2686 παραθέσθαι
1039 2627 1132 2674 ταῖς
1145 2619 1371 2686 Κέκροπος
1386 2621 1554 2683 παισὶν,

783 2768 948 2815 ΑΤΙἩ
955 2768 1028 2816 18.

888 2886 907 2925 1
918 2916 927 2924 .

308 2971 600 3020 Amelesagoras
615 2972 882 3022 Atheniensis,
895 2973 1065 3013 Atthidis
1080 2977 1238 3025 auctor,
1248 2975 1455 3026 nunquam
1468 2988 1555 3018 cor·
1597 2997 1599 3000 ·

256 3034 386 3073 uicem
403 3033 497 3074 dicit
516 3035 557 3074 in
577 3036 779 3086 acropolin
794 3036 981 3077 advolare
997 3068 1009 3088 ,
1025 3048 1155 3088 neque
1168 3047 1397 3091 quenquam
1418 3041 1494 3081 hoc
1511 3052 1554 3081 se

256 3097 398 3139 vidisse
414 3111 527 3157 posse
543 3101 796 3141 contendere.
821 3104 992 3142 Causam
1008 3104 1064 3143 rei
1079 3105 1196 3145 affert
1216 3116 1266 3145 ex
1289 3106 1433 3146 sabulis
1454 3108 1550 3158 peti-

256 3166 351 3203 tam.
383 3163 488 3204 Dicit
514 3165 620 3204 enim
653 3166 871 3206 Minervam
904 3167 1088 3208 Vulcano
1109 3168 1244 3208 datam
1259 3200 1270 3220 ,
1299 3182 1424 3221 quum
1459 3183 1551 3212 eon-

255 3229 443 3269 cumbeoe
459 3230 526 3270 ille
544 3242 636 3270 cum
656 3240 702 3270 ea
719 3230 864 3282 vellet,
887 3235 1048 3283 repente
1067 3244 1089 3272 e
1111 3239 1326 3285 conspectu
1353 3237 1550 3277 sublatam

255 3304 351 3343 esse,
373 3294 593 3333 Vulcanum
607 3306 699 3334 vero
710 3295 874 3336 humum
887 3297 1113 3347 prolapsum
1122 3309 1254 3338 semen
1269 3300 1454 3351 emisisse,
1467 3303 1550 3342 ter-

253 3366 421 3407 ramque
431 3359 565 3409 postea
576 3359 739 3398 edidisse
750 3360 1063 3401 Erichthonium.
1077 3364 1191 3402 Hunc
1207 3363 1464 3405 educaturam
1480 3365 1551 3406 Mi-

254 3429 416 3459 nervam
435 3422 542 3460 cistae
554 3421 750 3462 inclusum
767 3423 973 3463 tradidisse
993 3425 1178 3475 Cecropis
1189 3427 1359 3478 filiabus,
1378 3430 1549 3479 Agraulo

254 3485 294 3522 ct
309 3482 508 3524 Pandroso
519 3487 558 3524 et
571 3488 720 3535 Hersoe,
730 3485 970 3538 juss‘isseque
981 3499 1031 3528 ne
1044 3488 1181 3529 cistam
1194 3493 1407 3542 aperirent,
1424 3502 1548 3544 usque

253 3548 350 3587 dnm
374 3549 455 3598 ipsa
473 3551 574 3590 esset
601 3562 770 3591 reversa.
803 3553 903 3592 Dein
920 3563 1049 3603 quum
1071 3555 1252 3605 abiisset,
1274 3559 1320 3597 ut
1342 3559 1519 3598 montem
1534 3589 1545 3610 ‚

253 3613 320 3661 qui
340 3616 677 3663 propugnaculum
695 3618 867 3666 acropoli
885 3620 984 3657 esset
999 3648 1010 3668 ‚
1024 3619 1207 3670 afferret,
1224 3622 1432 3673 cecropias
1448 3621 1547 3664 filias

1649 367 1868 436 Ἄγραύλῳ
1889 369 1963 418 καὶ
1989 369 2233 437 Πανδρόσῳ
2255 370 2329 419 καὶ
2351 369 2525 437 ”Ἐρσῃ,
2549 372 2623 421 καὶ
2654 374 2853 431 ἐπιτάξαι
2876 374 2939 440 μὴ
2970 408 2972 411 v
3005 391 3011 446 ζ

1648 442 1828 503 ἀνοίγειν
1849 444 1927 501 τὴν
1947 442 2118 502 κίστην,
2138 443 2216 499 ἕως
2233 443 2284 491 ἂν
2311 444 2420 503 αὗτὴ
2444 444 2568 510 ἔλθῃ.
2591 446 2875 538 Ἀιφικομῖένην
2895 448 2940 497 δὲ
2984 447 2986 451 ’

1649 516 1706 568 εἷς
1734 516 1965 575 Πελλήνην
1986 516 2127 582 φέρειν
2150 516 2274 583 ὄρος,
2295 516 2366 564 ἵνα
2386 517 2524 583 ἔρυμα
2552 517 2637 584 πρὸ
2655 523 2733 578 τῆς
2758 521 2942 587 ἅκροπό·
2968 550 2974 567 ;

1644 588 1751 642 λεως
1773 587 1958 654 ποιησῃ·
1992 589 2069 644 τὰς
2114 589 2159 637 δὲ
2196 591 2416 656 Κέκροπος
2454 592 2690 658 θυγατέρας
2729 591 2809 648 τὰς
2835 593 2936 654 δύο,
2975 588 2986 601 '⁷

1643 655 1882 724 Ἄγραυλον
1900 662 1974 710 καὶ
1995 661 2266 728 Πάνδροσον,
2288 663 2367 721 τὴν
2383 663 2535 724 κίστην
2560 663 2725 720 ἀνοῖξαι
2740 664 2815 713 καὶ
2838 666 2942 714 ἰδεῖν
2982 710 2986 711 ⁷
3009 656 3016 714 i

1644 732 1878 797 δράκοντας
1897 735 1972 782 δύο
1994 734 2090 800 περὶ
2110 735 2183 783 τὸν
2209 735 2500 802 Ἐριχθόνιον·
2520 740 2575 801 τῇ
2604 735 2648 783 δὲ
2678 736 2839 805 Ἀθηνᾷ
2865 757 2939 801 <pt-
2980 763 2981 766 ¹
3011 748 3016 777 ³

1645 804 1775 870 ρούσῃ
1800 806 1848 853 τὸ
1879 807 1999 873 ὄρος,
2035 808 2058 856 ὃ
2077 813 2149 855 νῦν
2179 810 2378 857 καλεῖται
2401 808 2710 869 Λυκαὸηττὸς,
2746 807 2942 875 κορώνην

1642 896 1771 945 φησιν
1790 881 2038 939 ἀπαντῆσαι
2057 901 2132 929 και
2159 882 2292 928 εἰπεῖν
2311 881 2376 929 ὅτι
2393 881 2660 947 Ἐριχθόνιος
2691 883 2735 929 ἐν
2755 886 2941 950 φανερῷ,

1626 950 1719 1009 τὴν
1745 950 1789 998 δὲ
1811 952 2057 1001 ἀκούσασαν
2092 957 2215 1020 ῥῖψαι
2243 954 2292 1002 τὸ
2316 954 2413 1020 ὄρος
2443 955 2555 1003 ὅπθῦ
2575 959 2650 1003 νῦν
2679 957 2795 1019 ἐστι)
2814 959 2869 1022 τῇ
2893 955 2940 1005 δὲ
2975 992 2977 995 ’
3010 979 3016 1033 ξ

1640 1022 1809 1090 κορώνῃ
1826 1025 1897 1073 διὰ
1919 1025 1997 1084 τὴν
2021 1027 2315 1091 κακαγγελίαν
2358 1029 2510 1088 εἰπεῖν,
2530 1030 2588 1084 ὡς
2622 1030 2681 1082 εἰς
2705 1028 2941 1091 ἀκρόπολιν
3012 1035 3016 1091 ‘⁴

1640 1099 1689 1143 οὐ
1706 1099 1826 1160 θέμις
1846 1100 1955 1164 αὐτῇ
1979 1099 2100 1147 ἔσται
2115 1099 2361 1165 ἀφικέσθαι.

1704 1176 1775 1218 De
1796 1174 1961 1218 eadem
1974 1189 2027 1219 re
2052 1175 2220 1231 dixisse
2242 1175 2520 1229 Andronem
2536 1174 2580 1220 ἓν
2600 1175 2655 1236 τῇ
2676 1172 2714 1219 δ’
2725 1175 2811 1221 τῶν
2831 1173 2938 1240 πρὸς
3009 1191 3016 1242 ,Ξ

1639 1243 1865 1292 Φίλιππον
1888 1247 2044 1292 θυσιῶν
2064 1248 2214 1306 liquet
2229 1263 2285 1303 ex
2306 1247 2548 1307 Apollonii
2567 1245 2807 1297 Hist.Mir.
2829 1265 2871 1297 e.
2887 1249 2938 1298 8.
2977 1282 2980 1292 4

1637 1321 1709 1364 De
1745 1321 1934 1364 cornice
1979 1335 2220 1378 nunquam
2268 1321 2319 1364 in
2364 1320 2610 1379 acropolin
2647 1321 2835 1367 volante
2875 1322 2938 1371 ef.

1636 1392 1806 1437 AElian.
1829 1395 1885 1449 V,
1914 1392 1942 1443 8
1964 1402 2010 1437 et
2024 1391 2205 1437 Plinius
2227 1394 2286 1438 H.
2305 1394 2361 1437 N.
2387 1407 2462 1448 10,
2491 1407 2566 1439 12.
2581 1394 2654 1438 De
2664 1394 2859 1454 reliquis
2870 1394 2937 1443 cf.

1642 1465 1836 1525 interpr.
1859 1465 1918 1510 ad
1944 1465 2230 1525 Apollodon
2251 1467 2338 1522 III,
2362 1469 2437 1521 14,
2458 1464 2508 1509 6.
3012 1457 3016 1462 Α

2259 1598 2304 1627 2.

1702 1697 1983 1758 Apollodor.
2011 1700 2102 1759 ΙΙΙ,
2136 1714 2211 1754 12,
2240 1697 2286 1754 3,
2312 1714 2367 1743 12
2398 1715 2409 1742 :
2436 1696 2723 1758 AEsculapius
2743 1700 2939 1744 resusci-
2970 1719 3016 1769 2}

1636 1771 1749 1815 tavit
1789 1770 1986 1817 Γλαῦκον
2023 1768 2097 1816 τὸν
2137 1770 2331 1828 Μίνωος,
2367 1772 2424 1823 ὡς
2449 1767 2770 1834 Μελησαγόρας
2797 1768 2934 1834 λέγει,
2977 1802 2979 1807 -

1634 1843 1811 1888 Eadem
1833 1844 1977 1890 schol.
1997 1845 2108 1890 Eur.
2124 1845 2225 1891 Alc.
2252 1860 2293 1899 1,
2312 1844 2396 1888 ubi
2419 1844 2660 1904 scriptoris
2679 1859 2856 1889 nomen
2869 1853 2940 1889 est

1604 1905 1607 1939 1
1636 1913 1678 1961 ’A
1693 1913 2010 1980 μελησαγόρας.
2063 1917 2351 1976 Apollodori
2385 1917 2495 1962 libri
2530 1915 2846 1981 -Μνησαγόρας
2889 1927 2939 1963 et
2974 1914 3015 1968 ³}

1636 1985 1945 2051 Μνησιγόρας,
1960 1990 2166 2034 correxit
2187 1990 2374 2056 Heyne.

2256 2097 2301 2145 3.

1699 2214 1896 2275 Hesych.
1927 2211 2008 2260 ἐπ’
2027 2211 2281 2277 Εὔρυγύῃ
2321 2212 2497 2278 ἀγών]
2521 2213 2851 2278 Μελησαγόρας
2859 2213 2937 2260 τὸν
2975 2242 3010 2270 κ,

1632 2286 1894 2361 Ανδρόγεων
1933 2284 2160 2351 Εὐρυγύην
2183 2285 2380 2350 εἷρησθαί
2403 2305 2509 2352 φησι
2539 2285 2612 2333 τὸν
2637 2279 3010 2353 Miv‹12›oc„⁶3:1›’¹2

1629 2362 1665 2405 ὡ
1689 2358 1762 2406 τὸν
1781 2360 1928 2420 ἀγῶνα
1947 2356 2174 2404 τίθεσθαι’
2156 2356 2380 2421 επιτοίιριον
2401 2357 2665 2416 Ἀθήνησιν’
2647 2378 2689 2406 εν
2703 2362 2764 2407 τῶ
2785 2362 2933 2424 Κερα-
3006 2359 3011 2406 ἶ

1630 2433 1783 2496 μεικῶ.
1812 2429 1902 2479 Και
1925 2429 2122 2484 Ἡσίοδος
2148 2429 2233 2495 (fr.
2257 2431 2316 2489 87
2341 2432 2418 2476 ed.
2449 2432 2614 2478 Didot.
2637 2432 2689 2494 )·
2732 2449 2756 2477 «
2785 2432 2930 2496 Εὖρυ-
3006 2434 3009 2441 “

1628 2504 1736 2569 γύης
1772 2503 1809 2550 δ’
1836 2502 1898 2551 ἔτι
1936 2522 2088 2569 κουρος
2130 2503 2364 2562 Ἀθηναίων
2402 2503 2578 2569 ἱεράων.
2617 2522 2664 2551 v.
2711 2506 2933 2552 Creuzer.

1628 2578 1888 2639 Symbolik,
1917 2587 2035 2623 tom.
2058 2580 2145 2635 IV,
2171 2594 2222 2638 p.
2258 2593 2371 2623 120.

1634 2759 1755 2809 duas,
1777 2758 1991 2808 Agraulum
2012 2757 2052 2796 et
2071 2756 2342 2807 Pandrosum,
2361 2756 2503 2796 cistam
2527 2757 2727 2807 aperuisse
2749 2757 2937 2809 duosque

1598 2829 1601 2839 ²
1630 2822 1881 2872 conspexisse
1894 2821 2110 2871 serpentes,
2122 2820 2237 2870 spiris
2251 2820 2334 2860 suis
2347 2820 2927 2862 Erichthoniuminvolventes.
2968 2859 2971 2863 ,
2992 2850 3011 2885 ὲ

1630 2889 1820 2928 Minervae
1840 2888 1976 2926 autem
2001 2886 2219 2936 asportanti
2238 2887 2440 2936 montem,
2462 2885 2532 2937 qui
2558 2885 2800 2936 Lycabettus
2822 2898 2930 2927 nune
2971 2885 3015 2938 ‘ig

1630 2953 1813 3000 vocatur,
1840 2950 2041 2990 cornicem
2053 2949 2215 2989 obviam
2242 2951 2388 2990 saetam
2403 2950 2607 2990 nuntiasse
2625 2950 2934 2992 Erichthonium
2973 2934 3015 3005 [Ϊὲ

1628 3017 1669 3056 in
1687 3018 1825 3068 aperto
1847 3027 1946 3056 esse.
1985 3019 2075 3063 Quo
2108 3015 2245 3055 audito
2274 3015 2493 3055 Minervam
2522 3016 2702 3055 montem
2729 3027 2812 3067 quo
2838 3017 2928 3057 loco
2982 3034 2983 3037 ¹

1627 3089 1734 3121 nunc
1760 3083 1820 3122 est
1840 3081 2235 3136 abjecisse„cornici
2247 3082 2383 3120 autem
2398 3082 2560 3131 propter
2575 3080 2791 3120 infaustum
2806 3082 2927 3122 istum

1626 3146 1812 3186 nuntium
1829 3145 2017 3195 edixisse,
2038 3155 2089 3184 ne
2111 3155 2291 3195 unQuam
2313 3145 2356 3184 in
2387 3145 2588 3196 acropolin
2614 3145 2752 3185 venire
2773 3145 2928 3188 liceret-

2243 3215 2286 3255 2.

1678 3284 1875 3324 Glaucum
1896 3282 2037 3324 Minois
2066 3283 2194 3324 filium
2219 3284 2467 3335 AEsculapius
2484 3283 2526 3324 in
2552 3285 2926 3335 vitamrevocavit,
2961 3278 2969 3335 ζ’
3003 3266 3010 3330 Ῑ

1629 3357 1690 3397 uti
1706 3357 1829 3397 tradit
1845 3357 2117 3408 Melesagoras.

2248 3425 2273 3466 3
2281 3457 2290 3466 .

1592 3637 1596 3653 ··
1626 3631 1761 3667 rentur
1776 3626 1821 3665 in
1836 3625 2059 3666 Ceramico
