3008 4542
55 1354 88 1553 ἐ

95 1412 99 1419 .

57 1550 97 1591 ᾖ
121 1563 132 1575 ἱ

53 1582 81 1617 'sz

56 1630 83 1661 *εἰ

53 1611 60 1623 ’λ

1272 166 1681 215 FRAGMENTA.
1728 129 1739 134 ⁵

212 271 255 334 γ’
287 269 533 323 Τακέλωθις
553 268 628 327 ἔτη
647 269 718 332 ιγ’.

217 340 360 405 Ὁμοῦ
385 341 474 404 μθ’.

215 459 381 505 Euseb.
404 458 576 504 Chron.
598 473 645 516 p.
672 456 757 502 103
782 473 793 501 t
826 459 1056 502 Vicesima
1070 460 1269 502 secunda
1284 460 1434 517 dyna-

0 594 8 603 “
80 525 129 595 ,ζ’
146 535 242 576 wia
258 531 599 575 Bubus-citarum
616 531 710 574 III
720 545 894 587 regum.

215 602 505 648 Sesonchost‘s
519 605 656 645 annis
671 603 810 645 XXI
830 600 871 663 (1
885 617 904 645 1
915 606 994 653 44-
1008 617 1026 645 1
1040 601 1128 646 163
1141 601 1175 663 ).

217 674 442 720 Osorthon
457 677 594 718 annis
613 674 714 716 XV
737 671 749 734 (
765 689 784 716 1
799 673 940 725 164-1
954 689 972 717 1
985 669 1084 735 78).

223 746 484 792 Tacelothis
505 749 642 788 annis
656 746 803 788 XIII
825 742 874 804 (1
889 760 906 787 1
918 760 998 803 79·
1014 759 1032 787 1
1047 759 1103 802 19
1114 760 1131 787 1
1152 743 1185 804 ).

217 819 408 864 Summa
426 832 646 861 annorum
665 816 844 860 XLIX
865 815 1107 877 (Samuelis
1129 830 1139 862 :
1168 814 1269 876 29).

74 956 102 986 ξ’
141 978 149 982 -
219 946 398 991 Nomen
422 943 712 989 Sesonchosis
741 943 792 986 in
827 942 1016 987 Canone
1053 951 1099 986 et
1131 943 1247 987 serie
1281 957 1443 1002 regum

73 1013 102 1044 ·‘
154 1019 279 1063 varie
299 1025 542 1062 exaratur:
576 1015 888 1074 Symnchostv,
929 1015 1207 1069 Sensecoris,
1227 1014 1444 1058 80713000-

60 1109 90 1147 2,-
156 1105 252 1143 rus,
284 1089 525 1134 Senscoris.
551 1087 693 1146 Apud
718 1087 1055 1145 Hieronymum
1079 1087 1128 1129 in
1152 1087 1291 1132 codd.
1324 1102 1443 1130 non-

59 1151 100 1218 ‘{E³{s
157 1162 294 1205 nullis
316 1161 453 1204 etiam
472 1160 569 1203 haec
587 1167 811 1203 notantur
833 1174 844 1202 :
870 1159 1016 1215 Hujus
1044 1159 1277 1203 Senscoris
1295 1161 1387 1218 AEg
1419 1184 1444 1191 -

63 1239 91 1298 ᾗ
153 1236 245 1292 ptii
261 1236 385 1290 regis
405 1241 542 1291 pater
552 1229 657 1288 fuit
688 1230 884 1290 Siparis.
918 1232 1049 1273 Hunc
1069 1229 1236 1286 serunt
1262 1232 1444 1290 quidam

57 1294 94 1359 ἓῖ
150 1313 262 1364 post
274 1314 460 1348 mortem
480 1303 541 1347 ab
573 1306 809 1362 AEgrptz'is
822 1304 956 1346 deum
988 1313 1293 1362 nuncupatum
1315 1318 1444 1346 eum-

156 1390 242 1436 que
265 1376 466 1436 Sarapin
496 1377 795 1435 appellatum.
819 1377 945 1419 Patet
966 1375 1063 1418 haec
1092 1375 1240 1418 aliena
1271 1389 1363 1418 esse
1387 1374 1444 1418 ab

157 1448 248 1492 hoc
267 1449 391 1492 loco.
418 1450 675 1493 Fluxerunt
690 1462 803 1491 vero
818 1446 946 1491 haud
966 1446 1106 1490 dubie
1128 1461 1185 1490 ex
1207 1461 1262 1490 eo
1284 1454 1442 1490 aucto-

156 1533 232 1575 re,
258 1534 397 1578 quem
430 1519 666 1579 Syncellus
691 1520 913 1578 sequitur.
937 1521 980 1562 Is
1014 1520 1136 1562 enim
1170 1520 1292 1563 inter
1317 1534 1448 1579 reges

155 1589 498 1650 antiquissimos
534 1592 729 1650 septimo
762 1591 869 1635 loco
903 1591 1041 1649 ponit
1071 1583 1261 1653 Σέρᾰπιν
1298 1587 1446 1651 (Ὠσι-

155 1659 280 1725 pon-iv
317 1663 424 1708 cod.
467 1661 529 1724 Β)
571 1678 678 1707 011111
724 1663 855 1706 annis
893 1662 979 1718 23,
1013 1662 1090 1706 cui
1124 1662 1329 1707 succedit
1363 1662 1450 1709 Σε-

156 1729 382 1795 σόγχωσις.

223 1807 295 1850 Βο
317 1806 515 1850 Eusebio
531 1839 543 1861 ,
563 1806 645 1864 qui
662 1806 849 1850 nonnisi
870 1814 961 1850 tres
983 1820 1114 1865 reges
1133 1804 1328 1863 apponit
1352 1819 1446 1860 eos,

157 1891 362 1935 quorum
384 1878 575 1921 nomina
607 1876 850 1922 Africanus
891 1878 1110 1936 apponit,
1138 1876 1293 1920 dicere
1334 1876 1450 1919 nihil

159 1948 310 1993 habeo
325 1982 337 2005 ,
354 1950 442 1993 nisi
465 1949 596 2008 quod
615 1949 709 2007 jam
729 1951 806 1999 alii
837 1964 938 1994 rem
962 1949 1129 1993 eodem
1148 1948 1293 1992 modo
1318 1947 1450 1992 ador-

159 2030 398 2067 naverant.
421 2023 540 2066 Nam
575 2022 814 2080 Syncellus
838 2020 910 2082 (p.
940 2036 1026 2077 177
1063 2030 1109 2065 et
1147 2019 1264 2080 184)
1298 2021 1347 2063 in
1365 2035 1448 2064 suo

160 2106 324 2154 reg-um
340 2094 565 2138 laterculo
587 2102 693 2152 post
713 2094 974 2138 Psammum
989 2092 1046 2151 (i.
1073 2108 1115 2137 e.
1142 2094 1417 2136 Psusennem
1433 2125 1446 2147 ‚

159 2178 318 2225 regem
343 2174 631 2224 postremum
667 2164 886 2224 dynastiae
907 2160 1055 2227 XXI)
1092 2172 1299 2209 recenset
1319 2178 1451 2225 reges

161 2244 253 2281 tres
272 2236 411 2282 hosce
433 2252 445 2281 ε

293 2383 354 2416 71.
394 2366 617 2432 Κόγχαρις
623 2401 1144 2417 ..........
1160 2383 1236 2415 an.
1255 2381 1296 2413 21

293 2455 352 2488 72.
388 2438 626 2503 Ὀσορθὼν.
670 2474 683 2489 .
724 2476 736 2488 .
795 2478 806 2488 .
858 2478 870 2489 .
919 2477 930 2488 .
972 2475 983 2486 .
1025 2475 1036 2485 .
1090 2475 1100 2485 .
1141 2474 1153 2486 .
1257 2454 1298 2486 15

295 2526 354 2560 73.
392 2512 669 2576 Τακαλῶφις.
709 2547 719 2557 .
762 2548 772 2560 .
813 2536 849 2561 ‚⁷
865 2544 1159 2560 ......
1262 2525 1303 2556 13

1262 2613 1305 2644 49

231 2731 371 2791 Apud
390 2731 659 2777 Africanum
670 2746 862 2788 summa,
879 2746 1018 2791 quam
1031 2746 1087 2776 ex
1099 2731 1287 2792 singulis
1304 2731 1456 2792 regnis

166 2801 460 2860 conficimus,
497 2819 727 2848 annorum
763 2813 830 2849 est
868 2819 886 2848 1
901 2804 972 2848 16.
998 2806 1101 2863 Ipse
1145 2812 1308 2848 auctor
1342 2819 1455 2862 sup-

164 2878 347 2937 putavit
379 2891 523 2921 annos
548 2891 655 2924 120.
682 2878 1050 2936 Discrepantiam
1078 2877 1197 2920 hanc
1213 2875 1456 2920 Boeckhius

166 2949 230 2993 ita
250 2948 504 2993 tollendam
527 2964 616 2993 esse
638 2956 792 3008 putat,
810 2956 863 2992 ut
890 2949 1077 3009 regibus
1099 2948 1264 3005 tertio,
1288 2956 1454 3006 quarto

168 3029 215 3064 et
239 3021 431 3082 quinto,
448 3036 539 3080 pro
571 3022 701 3066 annis
737 3018 800 3066 κε’
835 3021 1154 3065 adscribantur
1178 3017 1261 3064 κθ’.
1309 3020 1455 3064 Facil-

169 3093 277 3136 lime
315 3093 440 3136 enim
469 3091 606 3137 litera
628 3109 648 3137 ε
686 3092 816 3137 abire
854 3094 1012 3152 potuit
1047 3093 1096 3135 in
1118 3093 1299 3135 literam
1333 3092 1372 3135 θ.
1392 3115 1457 3124 --

168 3165 384 3209 Ceterum
419 3163 712 3208 Sesonchidis
734 3165 850 3224 regis
881 3179 1026 3208 annus
1052 3165 1230 3223 primus
1257 3178 1312 3207 ex
1337 3163 1458 3207 Afri-

171 3236 275 3279 cani
292 3244 514 3293 computo
539 3244 606 3279 est
629 3234 722 3294 934
740 3251 783 3283 a.
809 3236 859 3283 C.
887 3236 1002 3280 Cum
1023 3235 1094 3278 his
1115 3250 1214 3278 non
1240 3233 1457 3292 quadrat,

174 3306 306 3365 quod
326 3306 561 3351 Roboami
577 3306 697 3366 regis
726 3321 849 3350 anno
887 3308 1052 3365 quinto
1076 3306 1217 3351 Sesak
1241 3306 1315 3349 vel
1337 3306 1458 3350 Sisac

173 3377 247 3421 vel
270 3376 478 3422 Susakim
499 3376 566 3439 (is
584 3378 708 3421 enirn
738 3386 804 3421 est
823 3378 1063 3422 Sesonchis
1090 3376 1267 3435 noster)
1289 3378 1459 3421 Hiero-

95 3479 102 3490 ,
160 3445 350 3508 'solyma
373 3449 542 3508 cepisse
563 3450 614 3492 in
623 3449 761 3493 sacris
774 3450 903 3494 libris
919 3450 1206 3509 perhibetur.
1225 3450 1343 3493 Nam
1362 3450 1460 3492 Ro-

173 3520 333 3566 boami
359 3535 504 3565 annus
533 3521 736 3582 quintus,
753 3521 835 3565 etsi
866 3521 999 3565 vario
1035 3520 1180 3564 modo
1203 3535 1228 3564 a
1253 3519 1461 3563 chrono-

177 3593 295 3653 logis
322 3592 630 3649 constituitur,
654 3600 809 3636 tamen
834 3606 890 3635 ex
930 3592 1060 3635 nullo
1095 3599 1317 3650 computo
1355 3598 1461 3649 post

179 3675 351 3707 annum
373 3661 467 3722 958
491 3678 536 3709 a.
555 3663 606 3710 C.
626 3663 872 3722 ponendus
886 3671 966 3709 est.
994 3662 1188 3708 Videtur
1210 3663 1353 3722 igitur
1378 3662 1458 3706 Se-

178 3734 410 3779 sonchidis
429 3750 626 3796 regnum
649 3737 788 3796 longe
820 3736 943 3780 ultra
965 3750 1108 3779 annos
1129 3736 1238 3779 istos
1262 3749 1318 3778 21
1337 3768 1348 3789 ,
1382 3734 1462 3792 qui

181 3805 307 3864 apud
338 3806 608 3850 Africanum
626 3808 669 3851 ei
689 3807 976 3864 tribuuntur,
991 3822 1084 3852 esse
1103 3805 1462 3852 extendendum.

181 3878 340 3936 anue
363 3878 560 3936 suspicio
585 3877 888 3924 confirmatur
908 3879 1043 3938 inde,
1069 3878 1198 3937 quod
1221 3879 1270 3920 in
1292 3891 1461 3920 monu-

181 3948 348 3992 mentis
364 3957 552 4012 notatur
562 3949 853 3995 Sesonchidis
875 3966 1021 3996 annus
1036 3951 1278 4011 vigesimus
1301 3963 1461 3993 secun·

184 4019 286 4066 dus.
318 4022 533 4064 Attamen
567 4022 655 4066 nisi
690 4037 855 4082 susque
892 4022 1044 4081 deque
1071 4020 1339 4064 habendum
1371 4033 1465 4064 esse

185 4092 411 4135 censueris
434 4101 696 4152 temporum
721 4095 1121 4153 constitutionem,
1145 4092 1326 4151 qualem
1353 4091 1463 4136 inde

2690 177 2777 217 591

1511 288 1537 338 a
1573 272 1771 330 Trojana
1810 272 1988 331 epocha
2039 273 2240 318 Africani
2278 275 2528 319 Manethon
2571 275 2784 330 exhibet,

1513 359 1538 388 a
1555 343 1889 388 mutationibus
1928 358 2230 388 numerorum
2254 346 2527 390 traditorum
2554 346 2788 390 abstinen-

1512 415 1626 458 dum
1649 424 1726 459 est.
1753 416 1818 459 Ut
1839 415 2136 459 nihilominus
2159 425 2311 461 tamen
2334 432 2458 461 sacra
2486 417 2788 477 chronologia

1513 502 1617 530 cum
1637 487 1926 530 Manethonis
1944 487 2174 530 laterculis
2206 498 2427 546 quantum
2457 488 2552 546 ejus
2574 487 2674 531 fieri
2695 504 2790 547 po-

1512 566 1598 602 test
1620 558 1958 612 conciliaretur,
1983 557 2223 603 Boeckhius
2243 558 2319 618 (p.
2344 558 2434 619 319
2451 559 2550 622 sq‚)
2577 567 2789 603 statuen-

1514 629 1626 673 dum
1656 639 1808 673 censet
1836 630 1960 672 hunc
1999 630 2046 671 in
2080 630 2273 673 modum
2311 646 2321 673 :
2349 632 2531 674 Nomen
2565 631 2788 675 osorthon

1513 700 1637 744 idem
1677 710 1742 744 est
1785 716 1888 744 cum
1917 700 2127 754 Osoclzor,
2170 702 2357 745 nomin!
2382 702 2543 759 quinto
2576 701 2791 760 dynastiae

1514 773 1743 817 Taniticae.
1777 773 1843 817 Ut
1865 771 2100 818 Osorthon
2131 771 2217 815 fuit
2238 771 2356 815 filius
2378 781 2421 816 et
2442 788 2670 817 successor
2704 774 2791 817 Se-

1514 842 1745 886 sonchidis
1760 876 1771 896 ,
1796 843 1858 886 sic
1883 842 1978 899 ejus
2008 851 2138 901 pater
2159 842 2298 886 fuerit
2316 843 2549 887 Osorchor
2573 844 2789 902 dynastiae

1514 914 1656 969 XXI,
1687 929 1884 972 eumque
1905 914 2031 958 haud
2059 922 2182 957 recte
2213 915 2382 958 Tanitis
2399 915 2613 958 Manetho
2635 931 2793 959 accen-

1516 987 1673 1031 suerit.
1697 986 1931 1030 Osorchor
1955 984 2052 1029 filio
2084 1000 2280 1044 regnum
2301 986 2561 1043 reliquisse,
2592 986 2669 1029 sed
2691 996 2795 1044 post

1518 1059 1698 1101 obitum
1735 1057 1830 1115 ejus
1857 1057 2011 1101 denuo
2036 1058 2206 1101 Tanitae
2242 1050 2441 1116 imperio
2470 1058 2624 1114 aliquo
2658 1060 2796 1116 potiti

1517 1143 1724 1188 regnasse
1742 1128 1892 1172 adhuc
1910 1129 2126 1172 videntur
2137 1144 2222 1188 per
2234 1144 2377 1173 annos
2398 1127 2478 1187 23,
2508 1143 2624 1186 quos
2643 1130 2796 1172 Psina-

1518 1202 1592 1245 chi
1627 1209 1672 1244 et
1691 1201 1906 1244 Psusenni
1923 1202 2084 1244 tribuit
2112 1202 2328 1245 Manetho
2345 1234 2357 1256 ‚
2392 1201 2474 1258 qui
2511 1200 2798 1244 Sesonchidis

1517 1288 1711 1332 regnum
1750 1273 1807 1316 ab
1843 1287 1899 1317 eo
1946 1273 2135 1317 demum
2169 1288 2290 1317 anno
2334 1281 2596 1330 computat,
2637 1287 2663 1316 a
2700 1287 2795 1330 quo

1518 1346 1640 1388 solus
1662 1346 1850 1404 AEgypti
1873 1346 2095 1389 universae
2134 1346 2382 1404 imperium
2399 1346 2560 1390 tenuit.
2592 1346 2689 1388 Hac
2709 1345 2798 1404 igi-

1518 1424 1595 1460 tur
1610 1417 1789 1460 ratione
1803 1431 1965 1460 verum
1988 1418 2120 1476 regni
2154 1416 2445 1461 Sesonchidis
2469 1417 2653 1459 initium
2675 1415 2799 1459 refe-

1519 1487 1719 1531 rendum
1743 1496 1809 1531 est
1829 1487 1889 1531 ad
1911 1503 2083 1531 annum
2102 1485 2213 1546 957,
2251 1489 2332 1546 qui
2350 1487 2562 1545 proxime
2595 1486 2721 1529 abest
2743 1486 2800 1530 ab

1521 1574 1577 1603 eo
1610 1573 1704 1617 quo
1725 1559 2045 1631 {lierosolyma
2067 1559 2289 1603 Sesakum
2313 1559 2480 1617 cepisse
2500 1565 2719 1601 statuunt.

1586 1631 1799 1675 Ceterum
1838 1645 2001 1690 regum
2014 1631 2178 1674 seriem
2197 1631 2514 1687 rationemque
2538 1629 2803 1688 genealogi-

1523 1718 1623 1747 cam
1656 1706 1732 1746 'ex
1787 1701 1973 1746 duobus
2009 1701 2318 1745 monumentis
2358 1701 2482 1744 hunc
2515 1701 2564 1743 in
2611 1698 2804 1743 modum
2859 1756 2868 1767 ,

1523 1775 1762 1819 constituit
1786 1774 1973 1834 Lepsius
1995 1771 2092 1834 (ap.
2110 1774 2308 1819 Bunsen.
2329 1773 2426 1827 ΙΙΙ,
2456 1786 2506 1831 p.
2538 1770 2671 1833 133).

1808 1906 2065 1944 501105011οΝ1(
2090 1906 2108 1942 l
2132 1902 2332 1953 [xxnmus
2355 1902 2510 1954 annus}

2017 1954 2107 2003 (rex
2132 1953 2317 2042 1161111115).

1539 2060 2387 2093 Μ

1548 2154 1745 2241 Senam.
2049 2169 2237 2236 osonium
2260 2200 2293 2235 Ι.

1993 2248 2088 2297 (rex
2113 2247 2342 2310 secundus).

2089 2334 2241 2396 Pezion,

1957 2451 1961 2454 ἡ
2021 2405 2114 2447 (rex
2140 2398 2316 2447 tertius).

2148 2448 2180 2538 ti
2453 2499 2486 2536 0
2545 2499 2806 2547 0501110511,

2054 2551 2250 2588 Reum-r
2272 2564 2281 2587 :
2347 2549 2451 2616 uW}
2508 2547 2593 2597 (rex
2609 2547 2804 2598 quartus).

1800 2643 1835 2734 ‹¹›
2455 2693 2490 2730 0

1655 2748 1918 2786 Senescnonx
1934 2745 1987 2792 11,
2380 2742 2556 2781 Nimio-r.

1664 2796 1760 2846 (rex
1784 2795 1987 2858 quintus).

1708 2883 1898 2935 TAKE'Lo‘r
1920 2897 1953 2941 I,
2186 2896 2415 2933 szomm
2436 2890 2631 2942 (regina).

1604 2947 1684 2998 [an.
1700 2949 1755 2986 x1
1773 2947 1813 2985 et
1839 2943 1998 2995 xvmus]
2383 2946 2415 2982 Δ

1670 2997 1768 3048 (rex
1788 2998 1959 3045 sextus).

1833 3104 2380 3130 W

2095 3137 2128 3228 ἐ)

1808 3243 1991 3280 0501111οΝ
2020 3241 2089 3284 ΙΙΙ,
2108 3239 2187 3289 [an.
2207 3236 2351 3287 x1mus]

1913 3291 2002 3340 (rex
2027 3290 2257 3353 septimus).

1763 3394 2025 3431 Senescnomz
2048 3361 2119 3435 111³,
2137 3389 2216 3440 [an.
2235 3386 2453 3436 xx1xmus]

1957 3451 2028 3479 rex
2049 3440 2250 3505 octavus).

1986 3528 2171 3580 ΤΑιι-ῑιξοτ
2196 3542 2246 3588 ΙΙ,
2459 3539 2643 3576 Tauron

1979 3591 2075 3640 (rex
2096 3592 2265 3639 nonus).
2566 3584 2574 3635 Ι

2103 3643 2138 3680 Ο
2555 3638 2586 3674 Δ

1938 3771 1953 3830 i
2263 3785 2435 3826 Nmnor,

2110 3835 2222 3884 (sine
2247 3834 2379 3882 siqnis
2406 3827 2571 3878 reqiis).

1599 3944 1887 3990 Monendum
1923 3943 2124 4003 denique
2147 3942 2204 3986 de
2229 3942 2408 3985 ratione
2441 3951 2533 3996 qua
2561 3935 2811 3980 Bunsenius

1541 4032 1614 4062 res
1648 4017 1735 4060 sibi
1760 4016 2070 4063 adornaverit.
2101 4017 2144 4058 Is
2171 4015 2310 4073 igitur
2345 4009 2610 4055 Sesonchosi
2650 4006 2809 4049 tribuit

1543 4104 1689 4133 annos
1730 4087 1793 4134 κδ’
1831 4103 1919 4147 pro
1956 4087 2051 4142 κα’;
2086 4085 2291 4131 Takeloti
2327 4080 2391 4143 κγ’
2416 4097 2504 4139 pro
2530 4077 2598 4139 ιγ’;
2629 4086 2803 4136 postre-
