3016 4628
216 253 306 292 454

213 350 375 415 μαχίαν
402 350 491 397 ἀντ’
516 352 646 408 αὐτῆς
671 350 827 416 ᾤκισεν
847 330 926 399 ἐπὶ.
941 354 1002 417 τῷ
1021 351 1184 417 Ἰσθμῷ
1208 357 1284 410 τῆς
1302 353 1500 418 Θρᾳκίας

209 421 501 487 Χερρονήσου.
525 424 594 470 Cf.
632 427 801 472 Justin.
822 427 955 484 XVI,
995 426 1051 483 33
1077 428 1313 473 Plutarch.
1332 428 1498 487 Pyrrh.

210 513 234 539 c
251 533 260 541 .
296 511 369 553 123
395 498 624 556 Droysen.
658 499 928 544 Hellenism.
949 500 986 556 1,
1005 513 1054 558 p.
1084 497 1178 543 626
1194 514 1264 557 sq.
1287 498 1400 555 670.

839 606 885 634 „O

277 683 510 727 Plutarch.
550 683 713 742 Pyrrh.
740 700 780 730 c.
811 700 829 728 1
843 700 887 741 7,
906 701 949 741 7,
974 684 1032 729 de
1051 685 1220 743 proelio
1238 684 1297 727 ad
1316 682 1504 726 Pando-

209 756 322 799 siam
351 771 361 799 :
401 752 620 806 saevom<
655 752 731 814 μὲν
762 747 834 800 οὖν
857 755 987 818 ὀλίγῳ
1020 758 1105 801 τῶν
1141 752 1501 814 πεντακισχιλίων

207 824 281 871 καὶ
318 824 478 889 μυρίων
513 825 746 880 ἐλάσσονας
769 827 915 873 πεσεῖν
950 827 1111 890 ἱστορεῖ
1140 829 1224 871 τῶν
1256 824 1504 885 Ῥωμαίων,

208 896 460 961 Ἱερώνυμος
478 898 522 944 δὲ
549 897 701 959 μόνους
718 898 1081 961 ἑπτακισχιλίους,
1104 899 1187 942 τῶν
1205 894 1249 942 δὲ
1267 895 1363 958 περὶ
1386 893 1503 959 Πύρ-

210 988 279 1033 ρον
305 972 326 1015 ὁ
346 967 423 1030 μὲν
448 968 665 1023 Διονύσιος
689 970 863 1035 μυρίους
886 969 958 1016 καὶ
994 967 1251 1032 τρισχιλίους
1268 1004 1281 1029 ‚
1308 970 1328 1013 ὁ
1351 966 1394 1013 δὲ
1418 966 1504 1014 Ἱε-

209 1040 397 1106 ρώνυμος
416 1043 641 1097 ἐλάττονας
661 1045 744 1090 τῶν
767 1040 1142 1107 τετρακισχιλίων.

832 1137 876 1183 8.

271 1233 405 1278 Idem
443 1233 557 1280 ibid.
598 1249 638 1277 c.
669 1248 750 1290 21,
777 1232 821 1287 6,
836 1231 894 1275 de
918 1231 1102 1289 proelio
1121 1230 1179 1274 ad
1219 1225 1446 1274 Asculum
1486 1244 1497 1275 t

208 1302 294 1352 Ἐκ
310 1301 460 1363 τούτου
482 1303 628 1367 μάχης
649 1303 779 1359 ἄλλης
801 1304 886 1348 τῶν
911 1299 1179 1365 πραγμάτων
1206 1301 1322 1365 αὐτῷ
1352 1299 1503 1362 δεομέ-

207 1397 290 1422 νων
317 1373 546 1422 ἀναλαὸὼν
571 1374 648 1432 τὴν
674 1373 877 1438 στρατιὰν
903 1372 1083 1437 ἐχώρει,
1108 1372 1182 1419 καὶ
1201 1372 1300 1438 περὶ
1319 1370 1501 1421 Ἄσκλον

206 1450 331 1496 πόλιν
350 1452 436 1502 τοῖς
451 1448 684 1510 Ῥωμαίοις
700 1446 889 1510 συνάψας
913 1445 986 1492 καὶ
1019 1445 1268 1510 βιαζόμενος
1283 1445 1389 1509 πρὸς
1412 1465 1501 1510 χω·

209 1521 278 1584 ρία
295 1520 487 1568 δύσιππα
505 1520 577 1567 καὶ
594 1519 786 1581 ποταμὸν
801 1517 941 1574 ὑλώδη
964 1518 1037 1564 καὶ
1057 1517 1238 1583 τραχὺν,
1253 1517 1400 1582 ἔφοδον
1416 1521 1501 1565 τῶν

206 1594 364 1659 θηρίων
377 1594 422 1640 οὗ
440 1591 794 1654 λαὸόντων,ὥστε
809 1590 1041 1655 προσμῖξαι
1064 1593 1117 1653 τῇ
1140 1589 1343 1654 φάλαγγι,
1368 1609 1500 1654 τραυ-

207 1667 355 1727 μάτων
379 1668 547 1713 πολλῶν
583 1664 819 1728 γενομένων
842 1663 914 1711 καὶ
948 1665 1105 1727 νεκρῶν
1141 1661 1374 1721 πεσόντων,
1401 1661 1496 1710 τότε

207 1738 285 1800 μὲν
299 1738 485 1802 διεκρίθη
501 1738 629 1802 μέχρι
648 1736 793 1790 νυκτὸς
811 1734 1141 1798 ἀγωνισάμενος.
1167 1737 1216 1797 (7)
1233 1737 1301 1799 Τῇ
1313 1734 1358 1783 δὲ
1373 1739 1497 1783 ὑστε-

208 1811 309 1876 ραίᾳ
330 1814 580 1874 στρατηγῶν
607 1810 663 1857 δι’
686 1811 850 1873 ὁμαλοῦ
873 1807 949 1866 τὴν
974 1807 1121 1871 μάχην
1146 1807 1292 1854 θέσθαι
1317 1809 1390 1856 καὶ
1406 1809 1501 1863 τοὺς

206 1883 440 1948 ἐλέφαντας
465 1885 507 1930 ἐν
527 1884 610 1936 τοῗς
633 1881 778 1936 ὅπλοις
797 1882 990 1944 γενέσθαι
1015 1884 1100 1927 τῶν
1119 1880 1351 1942 πολεμίων,
1375 1882 1500 1947 προέ-

207 1955 316 2002 λαὸε
364 1955 437 2008 τὰς
476 1953 715 2018 δυσχωρίας
754 1956 924 2019 φυλακῇ
966 1953 1040 2000 καὶ
1078 1953 1221 2000 πολλὰ
1258 1953 1500 2017 καταμίξας

207 2027 502 2088 ἀκοντίσματα
533 2026 606 2072 καὶ
630 2024 870 2087 τοξεύματα
893 2029 982 2080 τοῖς
1017 2024 1200 2090 θηρίοις,
1227 2027 1361 2088 ἐπῆγε
1389 2025 1500 2086 μετὰ

208 2099 354 2164 ῥώμης
377 2099 450 2145 καὶ
477 2097 571 2163 βίας
596 2098 760 2155 πυκνὴν
788 2099 861 2145 καὶ
887 2097 1231 2161 συντεταγμένην
1263 2097 1342 2156 τὴν
1368 2098 1494 2145 δύνα-

206 2192 294 2233 μιν.
365 2173 490 2234 (8)οἱ
512 2170 555 2218 δὲ
586 2170 798 2232 Ῥωμαῖοι
816 2170 892 2225 τὰς
914 2169 1146 2228 διακλίσεις
1171 2169 1244 2216 καὶ
1278 2169 1354 2224 τὰς
1376 2172 1497 2216 ἄντι-

204 2242 469 2309 παραγωγὰς
486 2242 560 2296 τὰς
580 2242 782 2306 πρότερον
799 2245 876 2289 οὐκ
895 2241 1068 2307 ’ἔχοντες
1089 2241 1131 2298 ἐξ
1153 2240 1357 2289 ἐπιπέδου
1376 2261 1496 2288 συνε-

206 2316 380 2384 φέροντο
427 2316 541 2364 κατὰ
584 2314 723 2378 στόμα
761 2315 836 2363 καὶ
879 2315 1132 2369 σπεύδοντες
1169 2314 1365 2363 ὤσασθαι
1402 2335 1499 2370 τους

204 2389 402 2448 ὁπλίτας,
426 2409 524 2455 πριν
543 2388 744 2446 ἐπιὸῆναι
768 2388 822 2436 τὰ
841 2388 993 2476 θηρία,
1014 2387 1175 2442 δεινους
1197 2387 1295 2453 περὶ
1319 2386 1396 2442 τὰς
1416 2406 1498 2434 σα·

207 2462 355 2528 ρίσσας
380 2465 464 2509 τῶν
501 2461 627 2529 ξιφῶν
666 2464 834 2525 ἀγῶνας
871 2482 907 2508 ει
910 2481 988 2525 χον
1027 2462 1295 2527 ἀφειδοῦντες
1333 2463 1496 2507 ἕαυτων

206 2555 278 2582 και
301 2534 349 2582 τὸ
382 2538 545 2599 τρῶσαι
581 2534 654 2582 καὶ
683 2534 947 2582 καταὸαλεῖν
973 2537 1174 2598 ὁρῶντες,
1206 2532 1254 2580 τὸ
1282 2532 1326 2580 δὲ
1347 2537 1498 2580 παθεῖν

207 2612 263 2662 εἰς
283 2605 404 2655 οὐδὲν
425 2607 649 2670 τιθέμενοι.
722 2606 773 2672 (o)
787 2607 947 2673 Χρόνῳ
981 2605 1026 2654 δὲ
1046 2609 1195 2671 πολλῷ
1225 2604 1400 2668 λέγεται
1420 2602 1498 2668 μὲν

207 2680 320 2745 ἀρχὴ
341 2683 501 2745 τροπῆς
519 2682 615 2727 κατ’
640 2680 767 2728 αὐτὸν
792 2680 989 2744 γενέσθαι
1023 2679 1095 2727 τὸν
1127 2679 1300 2743 Πύρρον
1325 2676 1496 2742 ἐπερεί-

207 2756 2857 2788 ——m—-ss—-fflffl—g-w

206 2819 310 2869 juria
327 2820 446 2859 fuisse
472 2821 572 2860 inter
597 2822 702 2871 ipsos
726 2822 774 2860 ad
797 2822 969 2861 reditum
999 2824 1039 2861 in
1062 2822 1230 2872 gratiam
1245 2831 1356 2871 spem
1374 2820 1498 2859 iuter-

207 2885 372 2924 clusam.
394 2886 469 2925 Sed
492 2887 751 2938 Hieronymus
769 2889 809 2927 et
830 2889 924 2928 alias
946 2888 1078 2928 forsan
1104 2887 1243 2927 habuit
1261 2897 1355 2926 cum
1385 2885 1498 2935 Lysi-

207 2948 349 2988 macho
367 2950 576 2990 simultatis
601 2962 738 2991 causas
751 2984 762 3002 ‚
783 2953 823 2991 et
842 2963 931 2991 eam
952 2953 1089 3003 procul
1110 2952 1231 2991 dubio
1251 2951 1470 2990 maximam
1486 2981 1496 2999 ,

208 3011 317 3062 quod
332 3013 419 3062 ille,
446 3014 730 3054 Cardianorum
746 3016 844 3055 urbe
870 3027 1004 3055 eversa
1019 3047 1030 3065 ‚
1050 3027 1124 3066 pro
1146 3027 1192 3056 ea
1208 3016 1496 3068 Lysimachiam

210 3076 252 3115 in
272 3076 421 3127 Isthmo
434 3077 613 3118 Thraciae
629 3079 858 3120 Chersonesi
881 3080 1112 3120 condiderit.

827 3170 868 3208 7.

262 3257 307 3294 ln
325 3254 465 3304 proelio
489 3254 538 3293 ad
577 3256 805 3295 Pandosiam
822 3259 1031 3308 Dionysius
1064 3260 1187 3300 refert
1215 3261 1348 3311 paullo
1365 3261 1498 3300 minus

210 3318 435 3369 quindecim
475 3320 651 3361 millibus
680 3325 945 3363 Romanorum
987 3327 1198 3376 cecidisse,
1233 3327 1498 3378 Hieronymus

210 3384 366 3423 tantum
381 3384 530 3432 septem
547 3386 690 3435 millia;
707 3397 730 3426 a
746 3388 881 3437 Pyrrhi
897 3391 1008 3439 parte
1023 3391 1089 3431 ille
1103 3392 1293 3433 tredecim
1305 3422 1316 3442 ,
1339 3393 1402 3433 hic
1416 3403 1497 3432 non

211 3457 372 3496 prorsus
393 3449 581 3497 quattuor
600 3451 736 3490 millia.

831 3545 874 3584 8.

265 3624 359 3665 inde
377 3626 546 3676 Pyrrhus
559 3656 572 3676 ,
595 3628 710 3668 rebus
732 3632 899 3671 altorum
923 3634 1185 3684 flagitantibus
1206 3640 1413 3689 proelium,
1436 3651 1499 3679 ca-

210 3690 291 3729 stra
308 3690 431 3730 movit
444 3694 483 3730 et
495 3690 544 3730 ad
562 3693 746 3732 Asculum
762 3697 949 3745 oppidum
967 3700 1073 3749 signa
1090 3713 1181 3742 cum
1198 3706 1385 3744 Romanis
1399 3716 1495 3745 con-

209 3754 324 3803 tulit,
346 3765 393 3794 ac
419 3755 601 3796 redactus
620 3758 669 3796 ad
690 3759 775 3797 loca
802 3762 991 3810 equitatui
1023 3765 1179 3816 iniqua,
1206 3769 1312 3818 apud
1338 3781 1496 3810 amnem

210 3819 390 3871 rapidum
406 3822 445 3861 et
461 3822 574 3871 cujus
590 3822 685 3873 ripae
695 3828 823 3863 essent
838 3827 1007 3867 arbustis
1018 3831 1172 3882 obsitae,
1187 3845 1308 3883 quum
1319 3837 1498 3886 elephan-

209 3885 261 3925 tis
276 3886 431 3926 aditus'
421 3898 460 3926 m
477 3890 693 3928 Romanam
713 3890 835 3930 aciem
854 3902 931 3931 non
949 3896 1122 3946 pateret,
1139 3899 1273 3938 multis
1297 3902 1497 3954 utrimque

209 3951 425 3991 vulneratis
439 3954 479 3991 et
496 3953 624 4000 coesis',
641 3965 721 3993 nox
737 3956 895 3995 tandem
915 3960 1093 4007 prolium
1111 3963 1280 4004 diremit.
1331 3968 1385 4017 (7)
1423 3973 1495 4009 Po·

208 4014 343 4054 stridie
358 4017 401 4054 ut
430 4017 572 4065 mquali
601 4018 687 4056 loco
713 4029 881 4069 pugnam
910 4023 1195 4075 committeret,
1220 4029 1497 4082 elephantiquc

209 4078 249 4116 in
271 4078 494 4117 Romanos·
485 4090 632 4120 irruere
658 4084 839 4131 possent,
866 4084 1056 4134 iniquiora
1076 4088 1159 4127 loca
1178 4093 1358 4140 praesidio
1375 4107 1495 4135 occu-

212 4142 344 4191 pavit,
379 4144 593 4194 multisque
621 4146 804 4187 velitibus
830 4149 870 4188 et
899 4150 1106 4198 sagittariis
1136 4154 1237 4193 inter
1270 4159 1497 4208 ‹lephantos

207 4204 417 4256 admixtis,
440 4207 570 4247 densis
585 4209 786 4251 ordinibus
809 4213 1026 4254 exercitum
1046 4215 1241 4266 ingentem
1263 4223 1387 4262 multa
1406 4236 1495 4265 cum

1509 1882 1518 1888 x

1530 1315 1547 2729 -—————-————————--v————-——-——————u—-———

1166 246 1529 294 fflERoN-YMI
1565 247 1876 297 CARDIANI

1539 772 1547 1045 w

1526 3615 1531 3618 -
1572 3594 1737 3643 gerent,
1775 3604 1850 3633 nec
1877 3594 2153 3634 sustinendum
2176 3597 2222 3635 ut
2252 3595 2405 3635 insectis
2441 3596 2560 3636 rebus
2584 3585 2903 3666 occumberelffls

1579 373 1713 401 σαντα
1753 358 1840 408 τοῖς
1870 341 2291 418 βάντιτεταγμένοις,
2331 354 2379 401 τὸ
2422 354 2466 402 δὲ
2512 358 2714 404 πλεῖστον
2759 360 2890 422 ἀλκῇᾰ

1579 427 1652 473 καὶ
1679 426 1751 492 βία
1785 430 1868 474 τῶν
1890 428 1958 474 ἐλε
1941 426 2131 492 εφάντων
2164 426 2508 489 κατειργάσατο,
2545 429 2791 493 χρήσασθαι
2817 434 2875 495 τῇ

1581 500 1712 562 ἀρετῇ
1715 499 1839 571 ...πρὸς
1863 497 1941 554 τὴν
1975 497 2124 561 μάχην
2145 517 2231 544 των
2266 496 2500 559 Ῥωμαίων
2525 499 2586 562 μὴ
2612 500 2874 563 δυναμενων,
2986 549 2997 568 .-

1582 571 1677 615 ἀλλ’
1698 573 1783 615 οἱον
1809 568 1946 634 ἐφόδω
1970 567 2162 627 κύματος
2186 566 2263 625 ἢσ
2238 587 2416 630 σεισμου
2437 571 2763 635 κατερείποντος
2782 574 2874 620 οἷο·
2934 606 2936 610 »

1584 659 1636 701 με
1626 639 1723 686 ’νων
1743 642 1803 686 δε
1768 659 1826 686 ιν
1851 639 2095 703 ἐξίστασθαι
2115 639 2224 701 μηδὲ
2249 639 2520 702 ὑπομένειν
2497 641 2742 707 απράκτους
2767 646 2873 692 ἄπο·

1584 711 1778 767 θνησκειν
1808 714 1850 758 ἐν
1887 714 1947 757 τῶ
1973 711 2082 772 μηδὲ
2085 731 2106 754 ν
2144 713 2324 778 ὠφελεῖν
2357 712 2502 760 πάντα
2538 713 2786 780 πάσχοντας
2821 715 2876 764 τὰ
2985 765 2994 783 .-

1583 781 1895 845 χαλεπώτατοι.
1922 784 1997 845 (10)
2024 786 2118 840 ’1ης
2133 782 2177 830 δὲ
2197 799 2333 846 φυγης
2353 786 2399 831 οὗ
2421 793 2589 849 μακρᾶς
2609 789 2665 841 εἷς
2685 787 2734 835 τὸ
2750 807 2878 855 στρα-
2931 787 2935 790 ’

1582 853 1758 900 τόπεδον
1774 873 1927 917 γενομε
1931 874 2037 918 νης,
2075 857 2393 922 ἑξακισχιλίους
2434 858 2663 906 ἀποθανεῖν
2675 859 2876 924 φησὶτῶν
2930 872 2947 916 ᾗ
2985 854 2994 892 ³*

1582 924 1816 988 Ῥωμαίων
1845 925 2125 991 Ιερώνυμος,
2159 931 2244 974 τῶν
2281 928 2326 975 δὲ
2361 929 2459 994 περὶ
2498 930 2668 996 Πύρρον
2709 934 2755 980 ἐν
2788 935 2876 989 τοῖς
2986 985 2990 993 ,Α

1584 1000 1821 1060 βασιλικοῖς
1842 998 2177 1062 Ὑπομνήμασιν
2200 1003 2754 1091 ἀνενεχθῆναιτρισχιλίους
2779 1025 2876 1054 πεν-
2925 1009 2946 1046 ³⁴·
2985 1029 2991 1067 ;

1581 1069 1805 1123 τακοσίους
1826 1088 1899 1116 και
1923 1070 2049 1117 πέντε
2072 1071 2345 1130 τεθνηκότας.
2371 1075 2442 1136 (it)
2472 1073 2526 1122 ‘O
2552 1074 2697 1136 μέντοι
2718 1076 2877 1125 Διονύ“

1581 1159 1668 1192 σιος
1692 1139 1787 1187 οὔτε
1815 1140 1889 1188 δύο
1913 1143 2009 1207 περὶ
2029 1144 2212 1191 Ἄσκλον
2236 1144 2382 1209 μάχας
2405 1144 2501 1193 οὔτε
2528 1149 2873 1211 ὁμολογουμένην
2928 1170 2940 1190 ·-‘
2985 1141 2995 1183 ξ’

1580 1215 1747 1271 ἧτταν
1737 1231 1894 1278 ιστορει
1913 1214 2110 1278 γενεσθαι
2130 1214 2380 1278 Ῥωμαίων,
2403 1217 2526 1273 ἅπαξ
2539 1219 2583 1268 δὲ
2615 1219 2744 1285 μέχρι
2792 1223 2870 1270 δυν-
2985 1266 2991 1288 z

1581 1304 1703 1345 σμων
1736 1284 1858 1343 ἡλίου
1893 1286 2222 1349 μαχεσαμένους
2260 1287 2382 1350 μόλις
2414 1292 2749 1355 ἀπαλλαγηναι,
2795 1298 2877 1340 τοῦ
2928 1319 2940 1355 ‘.
2985 1289 2994 1335 ⁷⁴}

1582 1357 1754 1422 Πύρρου
1786 1357 2015 1421 τρωθέντος
2047 1361 2164 1424 υσσῷ
2191 1379 2262 1407 τον
2300 1361 2508 1426 βραχίονα
2543 1362 2618 1411 καὶ
2652 1363 2730 1422 τὴν
2758 1367 2871 1413 ἀπο-
2932 1374 2945 1406 3-

1581 1429 1735 1486 σκευὴν
1763 1428 1856 1491 ἅμα
1876 1432 2098 1478 Σαυνιτῶν
2114 1431 2466 1496 διαρπασάντων,
2485 1437 2713 1483 ἀποθανεῖν
2739 1433 2784 1484 δὲ
2799 1438 2877 1486 καὶ

1583 1503 1757 1567 Πύρρου
1791 1502 1864 1550 καὶ
1888 1503 2128 1565 (Ρωμαίων
2165 1504 2321 1571 ἄνδρας
2357 1505 2464 1571 ὑπὲρ
2503 1507 2679 1570 μυρίους
2709 1529 2872 1558 πεντα-
2932 1505 2937 1515 ’

1579 1574 1814 1638 κισχιλίους
1841 1575 2069 1640 ἑκατέρων.

1643 1665 1699 1707 In
1743 1666 1990 1724 postremis
2023 1681 2114 1724 pro
2155 1666 2376 1712 Σαυνιτῶν
2406 1666 2735 1730 διαρπασάντων
2771 1672 2878 1733 lege

1577 1733 1772 1781 Δαυνίων
1812 1735 1868 1791 δ.,
1900 1738 1971 1780 uti
1996 1739 2131 1781 estin
2170 1738 2482 1798 descriptione
2515 1741 2652 1800 hujus
2680 1758 2872 1804 pugnae,

1578 1823 1718 1867 quam
1737 1824 1793 1853 ex
1810 1810 2023 1869 Dionysii
2039 1810 2161 1853 libro
2179 1812 2274 1855 XX
2296 1813 2418 1856 inter
2435 1814 2545 1857 alias
2563 1815 2744 1876 eclogas
2762 1816 2875 1876 legis
2908 1806 2912 1813 ’

1577 1880 1637 1924 ad
1647 1881 1820 1925 calcem.
1839 1882 1962 1941 opp.
1985 1883 2012 1926 J
2015 1883 2176 1941 osephi
2193 1892 2305 1929 tom.
2319 1886 2380 1939 Π,
2395 1900 2446 1944 p.
2467 1902 2491 1943 7
2513 1886 2870 1946 sqq.ed.Didot.

1574 1953 1946 2012 Descriptionem
1963 1969 2159 2015 pugnae,
2189 1971 2291 2015 quae
2322 1957 2399 2001 die
2435 1959 2643 2003 secundo
2668 1971 2875 2020 pugnata

1573 2035 1666 2081 est,
1694 2041 1751 2070 ex
1776 2027 2066 2086 Hieronymo
2097 2028 2291 2087 petitam
2311 2044 2404 2074 esse
2419 2064 2432 2086 ,
2457 2030 2656 2075 dubium
2679 2034 2759 2076 vix
2783 2043 2885 2089 est,-

1574 2113 1720 2156 quum
1770 2099 1887 2142 nihil
1925 2099 1985 2144 de
2037 2115 2091 2143 ea
2149 2101 2321 2145 habeat
2369 2103 2644 2162 Dionysius,
2703 2115 2882 2164 praeter.

1571 2171 1847 2229 Dionysium
1869 2186 1982 2216 vero
2017 2173 2362 2232 Hieronymum
2381 2175 2674 2234 potissimum
2698 2178 2748 2222 in
2780 2178 2885 2225 hac,

1570 2242 1773 2286 historiae
1810 2252 1943 2302 parte
1977 2245 2254 2289 Plutarchus
2291 2256 2526 2305 sequatur.
2561 2249 2777 2293 Ceterum
2809 2251 2871 2297 ad
2916 2236 2937 2303 i,

1572 2329 1675 2358 eam
1704 2316 1983 2375 Hieronymi
2006 2317 2316 2361 Historiarum
2331 2327 2514 2380 paQem
2529 2353 2542 2375 ,
2566 2335 2668 2379 quae
2692 2331 2791 2366 erat
2811 2322 2875 2367 de

2874 2318 2945 2454 ii

1571 2387 1739 2446 Pyrrhi
1758 2388 1808 2430 in
1829 2389 1963 2433 Italia
1985 2387 2126 2433 rebus
2152 2391 2307 2451 gestis,
2325 2390 2572 2436 referenda
2594 2407 2687 2437 esse
2705 2393 2879 2441 videns

1571 2468 1648 2504 tur
1668 2475 1773 2520 quae
1790 2460 1849 2504 de
1866 2463 2089 2506 Romanis
2101 2463 2467 2521 antiquitatibus,
2486 2464 2593 2509 data
2609 2467 2870 2524 occasione,
2899 2478 2930 2498 ’-

1573 2533 1728 2577 obiter
1753 2534 2015 2592 exposuisse
2039 2526 2203 2578 auctor
2220 2543 2376 2579 noster
2396 2536 2585 2583 dicitur.
2654 2539 2726 2583 Ita
2748 2539 2881 2602 enims
2899 2549 2930 2594 J>
2948 2587 2949 2590 ,

1576 2606 1822 2665 Dionysius
1844 2607 1906 2650 H.
1931 2610 2042 2649 Ant.
2065 2608 2126 2650 R.
2154 2608 2201 2662 Ι,
2229 2607 2257 2650 6
2285 2624 2295 2651 :
2325 2608 2508 2670 Πρῶτον
2533 2605 2627 2669 μὲν,
2650 2606 2732 2654 ὅσα
2752 2606 2867 2670 κάμὲ

1575 2675 1755 2735 εἰδέναι,
1803 2674 1883 2733 τὴν
1922 2674 2179 2738 Ῥωμαϊκὴν
2219 2679 2526 2742 ἀρχαιολογίαν
2563 2680 2871 2747 ἐπιδραμόντος
2913 2668 2937 2701 ’ζ

1574 2810 1615 2857 vi
1635 2818 1675 2856 in
1691 2818 1846 2857 hostem
1861 2817 1991 2857 duxit.
2046 2818 2215 2857 Romani
2229 2818 2298 2869 qui
2315 2817 2474 2859 flectere
2488 2820 2530 2858 et
2543 2818 2595 2859 ab
2607 2819 2733 2860 altero
2748 2819 2876 2861 latere

1575 2884 1823 2933 irrumpere,
1854 2884 1901 2922 ut
1931 2883 2123 2933 superiori
2153 2894 2305 2933 pugna,
2325 2894 2406 2923 non
2435 2885 2615 2934 possent,
2634 2894 2659 2923 a
2676 2885 2807 2925 fronte
2828 2885 2870 2925 in

1575 2947 1739 2997 planitie
1765 2957 1858 2986 cum
1879 2947 2059 2986 hostibus
2077 2949 2364 2987 concurrerunt
2376 2962 2390 2998 ;
2405 2959 2531 2998 quum
2558 2959 2654 2988 vero
2675 2950 2767 2988 ante
2785 2947 2869 2989 ele·

1575 3011 1817 3061 phantorum
1838 3010 2030 3060 impetum
2051 3010 2283 3061 phalangem
2313 3011 2477 3051 sundere
2497 3011 2769 3060 intenderent,
2796 3023 2867 3052 ve·

1574 3075 1737 3114 hemens
1759 3075 1835 3114 suit
1857 3086 1995 3115 eorum
2021 3086 2174 3126 pugna,
2201 3075 2338 3126 gladiis
2356 3077 2495 3116 contra
2520 3076 2679 3117 sarissas
2701 3080 2868 3118 conten·

1573 3141 1753 3180 dentium
1770 3169 1782 3189 ,
1805 3151 1935 3191 neque
1953 3141 2048 3180 vitae
2076 3141 2323 3191 parcentium
2347 3152 2453 3191 suae,
2475 3142 2546 3182 sed
2567 3143 2615 3183 ut
2643 3141 2869 3182 sauciarent

1573 3207 1644 3244 aut
1665 3205 1880 3255 dejicerent
1899 3205 2082 3254 hostem,
2102 3204 2199 3244 nibil
2219 3205 2482 3245 sollicitorum
2506 3205 2604 3256 quid
2625 3201 2719 3256 ipsis
2739 3206 2870 3247 tieret-‘z

1574 3271 1708 3315 Quum
1725 3268 1795 3307 diu
1811 3270 1914 3308 esset
1928 3270 2147 3319 pugnatum
2159 3299 2171 3318 ,
2190 3268 2281 3319 pelli
2296 3269 2458 3309 tandem
2475 3271 2705 3320 coeperunt,
2725 3272 2773 3311 ut
2792 3272 2869 3312 fer-

1571 3334 1655 3382 tur,
1680 3335 1720 3373 et
1741 3344 1787 3373 ea
1805 3335 1941 3384 parte,
1961 3345 2041 3384 qua
2084 3335 2257 3385 Pyrrhus
2280 3335 2363 3384 ipse
2392 3335 2573 3375 hostibus
2601 3335 2866 3386 repugnabam

1572 3399 1747 3438 maxime
1773 3401 1909 3439 autem
1935 3399 2236 3450 elephantorum
2254 3401 2395 3440 robore
2410 3401 2451 3440 et
2464 3401 2614 3451 impetu
2634 3402 2728 3442 sunt
2747 3401 2868 3459 pulsi,

1575 3475 1702 3515 quum
1722 3466 1882 3515 propter
1897 3475 1965 3505 eos
1993 3465 2141 3505 virtute
2157 3477 2229 3506 sua
2243 3466 2303 3506 uti
2326 3477 2406 3506 non
2423 3467 2614 3517 possent,
2636 3467 2705 3508 sed
2742 3455 2871 3525 veluti

1576 3529 1701 3569 ssuctu
1727 3531 1798 3570 aut
1826 3532 1944 3570 terrae
1967 3532 2079 3570 motu
2106 3531 2332 3586 ingruente,
2357 3533 2577 3573 cedendum
2606 3532 2681 3573 sihi
2718 3511 2884 3584 intenss

1574 3656 1767 3706 nulloque
1798 3657 1932 3696 fructu
1945 3658 2188 3697 atrocissima
2205 3659 2360 3708 quaevis
2377 3659 2608 3709 perferrent.
2663 3662 2773 3712 Fuga
2784 3652 2898 3732 nQ

1573 3720 1688 3770 longa
1710 3720 1805 3769 suit,
1823 3722 1988 3761 castris
1978 3733 2018 3761 m
2037 3722 2182 3762 vicinia
2196 3723 2344 3773 positis.
2367 3724 2489 3764 Millia
2507 3727 2779 3766 Romanorum
2797 3700 2894 3784 seb?

1573 3783 1760 3823 cecidisse
1779 3784 2043 3835 Hieronymus
2065 3785 2145 3834 ait;
2172 3797 2197 3825 a
2222 3788 2336 3836 parte
2349 3787 2487 3837 Pyrrhi
2504 3788 2627 3829 millia
2652 3789 2730 3831 tria
2748 3788 2870 3843 qum

1572 3847 1711 3896 gentos
1747 3847 1922 3898 quinque
1943 3849 2203 3899 occubuisse,
2226 3849 2282 3889 ita
2304 3861 2388 3891 esse
2411 3851 2451 3891 in
2471 3852 2599 3903 Regiis
2629 3854 2864 3914 annotatuq

1572 3911 1880 3950 commentariis.
1936 3911 2146 3962 Dionysius
2167 3924 2242 3952 nee
2274 3913 2374 3955 duas
2399 3915 2449 3955 ad
2479 3916 2668 3956 Asculum
2691 3926 2863 3986 pugnam,

1572 3986 1645 4014 nec
1668 3976 1818 4015 certam
1837 3975 1886 4016 de
1909 3977 2097 4016 Romanis
2125 3977 2333 4018 victoriam
2350 3979 2498 4021 refert:
2529 3981 2651 4021 semel
2676 3979 2859 4033 usque&

1571 4047 1759 4076 oceasum
1782 4038 1875 4077 solis
1901 4049 2026 4089 quum
2053 4041 2272 4090 pugnatum
2294 4041 2334 4080 et
2348 4041 2568 4092 ,brachium
2601 4043 2752 4100 Pyrrho
2782 4043 2851 4095 pil

1573 4102 1827 4142 vulneratum
1847 4104 1971 4151 esset,
1991 4103 2190 4155 simulque
2219 4107 2460 4146 Samnitibus
2475 4106 2756 4158 impedimenta
2778 4109 2814 4159 ej

1573 4166 1867 4216 diripientibus,
1908 4179 2012 4218 ‘rgre
2044 4167 2261 4219 diremptos
2303 4170 2441 4220 suisse3
2476 4170 2527 4210 ab
2553 4172 2723 4231 utraque
2753 4183 2800 4223 pa

1573 4241 1750 4270 seorsum
1769 4242 1886 4283 supra
1916 4233 2139 4284 quindecim
2167 4234 2288 4274 millia
2306 4234 2526 4276 desiderata
2547 4226 2679 4276 fuisse.
