3016 4628
156 841 270 900 Quae
310 836 369 882 de
401 837 492 880 vita
530 830 781 878 Dicaearchi
810 831 1067 876 traduntur
1106 831 1380 876 tenuissima

23 935 49 961 ,·
96 919 214 960 sunt.
236 904 632 957 Suidasitahabet
659 919 668 947 :
693 900 982 967 Δικαίαρχος,
1010 900 1212 958 Φειδίου,
1236 902 1369 957 Σικετ

93 981 248 1038 λιώτης
276 979 324 1025 ἐκ
346 976 508 1028 πόλεως
539 972 766 1032 Μεσήνης,
800 973 1111 1039 Ἀριστοτέλους
1132 970 1370 1031 ἀκουστὴς,

66 1051 319 1119 ··φιλόσοφος
347 1047 420 1096 καὶ
453 1046 610 1112 ῥήτωρ
629 1045 703 1093 καὶ
728 1045 989 1111 γεωμέτρης.
1016 1044 1371 1110 Καταμετρήσεις

9 1110 12 1119 Δ
91 1127 176 1172 τῶν
203 1123 245 1169 ἐν
267 1117 581 1175 Πελοποννήσου
605 1119 712 1183 ὀρῶν
733 1134 743 1144 ·
775 1117 984 1171 Ἑλλάδος
1010 1116 1099 1182 βίον
1124 1119 1167 1164 ἐν
1194 1116 1372 1182 βιὸλίοις

16 1228 19 1231 .
91 1197 148 1258 γ’,
169 1183 304 1247 Οὗτος
320 1190 478 1258 ἔγραψε
498 1188 576 1248 τὴν
591 1188 812 1236 πολιτείαν
829 1191 1135 1254 Σπαρτιατῶν·
1155 1189 1228 1236 καὶ
1247 1189 1372 1252 νόμος

91 1267 213 1323 ἐτέθη
235 1266 278 1312 ἐν
303 1261 620 1325 Λακεδαίμονι,
645 1263 740 1309 καθ’
765 1263 944 1310 ἕκαστον
969 1261 1059 1317 ἔτος
1084 1260 1372 1325 ἀναγινώσκε-

15 1387 17 1389 ,
40 1328 60 1389 ’Τ
92 1332 188 1388 σθαι
211 1335 282 1383 τὸν
296 1333 431 1399 λόγον
457 1336 512 1388 εἷς
534 1333 583 1381 τὸ
605 1336 689 1380 τῶν
713 1332 872 1398 ἐφόρων
897 1335 1092 1398 ἀρχεῖον·
1112 1331 1209 1386 τοὺς
1232 1332 1275 1379 δὲ
1296 1331 1373 1390 τὴν

0 1467 1 1471 ¹
35 1400 72 1452 1⁹3..
91 1406 302 1468 ἡδητικὴν
328 1405 503 1472 ἔχοντας
519 1404 690 1463 ἠλικίαν
715 1406 967 1470 ἀκροᾶσθαι.
986 1404 1073 1454 Καὶ
1094 1409 1217 1452 τοῦτο
1242 1404 1369 1469 ἐκρά-

0 1485 1 1528 f
40 1465 195 1539 ὴ·ιήσε
219 1478 348 1545 μέχρι
371 1480 547 1526 πολλοῦ.

58 1549 64 1555 ’
156 1551 439 1616 Δικαίαρχος,
465 1549 826 1611 Λακεδαίμονιος,
853 1550 1181 1613 γραμματικὸς,
1213 1551 1373 1614 ἀκροα-

92 1623 168 1682 τὴς
186 1622 467 1686 Ἀριστάρχου
490 1620 563 1684 (*).
591 1623 656 1668 Cf.
682 1622 889 1667 Eudocia
911 1638 958 1682 p.
991 1623 1095 1667 133.
1134 1622 1239 1667 135.

156 1697 288 1743 Idem
310 1711 356 1740 v,
379 1691 658 1757 Ἀριστόξενος
746 1691 892 1755 γέγονε
919 1691 962 1739 δὲ
986 1692 1056 1738 ἐπὶ
1077 1696 1162 1739 τῶν
1186 1691 1370 1747 Ἀλεξάν·

58 1803 66 1810 .
93 1757 286 1833 δρουκαὶ
309 1767 394 1812 τῶν
413 1763 644 1826 μετέπειτα
664 1763 856 1828 χρόνων,
881 1767 937 1817 ὡς
956 1757 1063 1811 εἶναι
1087 1762 1173 1810 ἀπὸ
1193 1767 1268 1820 τῆς
1293 1762 1373 1828 ρια’

95 1835 411 1899 Ὀλυμπιάδος,
436 1834 667 1900 σύγχρονος
693 1834 944 1900 Δικαιάρχῳ
965 1838 1026 1900 τῷ
1054 1835 1305 1900 Μεσσηνίῳ.

157 1911 329 1958 Phidiae
351 1911 494 1971 patris
515 1925 689 1954 nomen
717 1919 886 1970 praeter
906 1908 1094 1955 Suidam
1120 1925 1259 1954 nemo
1286 1919 1376 1953 tra-

81 1983 234 2040 ,didit3
247 1984 471 2029 Messenes
487 1982 648 2042 patriae
665 1982 877 2026 meminit
893 1982 1030 2026 etiam
1043 1982 1274 2026 Zenobius
1292 1981 1371 2042 (fr.

85 2053 156 2099 ‘50
173 2049 187 2116 )
207 2062 253 2098 et
274 2054 518 2105 Athenaeus
536 2052 595 2096 de
617 2067 750 2096 more
774 2052 980 2111 quodam
1003 2053 1158 2097 Siculo
1176 2054 1378 2112 'loquens

47 2154 52 2180 .·
95 2125 182 2185 (fr.
230 2122 325 2186 34).
357 2126 572 2170 Ceterum
609 2124 808 2183 majores
834 2125 907 2168 vel
935 2134 1149 2184 parentes
1182 2126 1377 2170 Dicaear-

94 2198 168 2244 ehi
191 2198 318 2242 exiis
337 2197 508 2241 suerint
529 2198 781 2251 Messeniis,
804 2197 887 2255 qui
910 2212 934 2240 e
959 2197 1285 2256 Peloponneso
1303 2200 1374 2242 vel

59 2262 345 2327 antiquitus
366 2269 441 2312 vel
467 2268 605 2312 etiam
636 2268 846 2326 Dionysii
877 2267 1064 2312 demum
1090 2268 1379 2328 temporibus

10 2369 11 2374 =
48 2341 201 2400 ss.’(an.
232 2339 342 2400 396.
367 2339 569 2384 Diodor.
604 2339 739 2394 XIV,
780 2338 866 2400 78)
899 2342 949 2383 in
981 2341 1179 2384 Siculam
1211 2340 1376 2384 urbem

42 2399 526 2647 {uiumigraveranh
553 2411 735 2456 Etenim
753 2412 1070 2456 Dicaearchum
1091 2422 1311 2471 cognatos
1331 2414 1379 2455 in

97 2483 432 2544 Peloponneso,
450 2482 783 2527 Lacedaemone
798 2483 1162 2542 puta‚habuisse,
1180 2485 1252 2527 vel
1270 2484 1378 2527 inde

13 2602 15 2612 ,
123 2556 285 2616 olligas
315 2554 446 2613 quod
472 2555 576 2598 vitae
613 2564 815 2614 partem,
857 2556 1012 2600 nescio
1056 2564 1299 2614 quantam,
1328 2557 1376 2600 in

13 2613 16 2648 ἓ
40 2621 416 2688 'iffeloponneso
437 2628 672 2687 transegit,
689 2635 800 2671 teste
817 2627 1041 2672 Cicerone
1068 2627 1182 2687 (Ep.
1206 2628 1265 2672 ad
1280 2631 1374 2672 Att.

13 2709 18 2732 ¹
55 2692 181 2755 2²²¹vl,
203 2715 230 2743 2
245 2700 257 2759 )
272 2732 284 2754 ,
311 2698 391 2757 qui
413 2697 472 2741 de
494 2699 663 2742 Nostro
679 2698 876 2757 loquens
898 2699 961 2742 ait
987 2714 997 2741 :
1020 2700 1139 2742 Erat
1149 2697 1378 2760 ἱστορικῶ-

68 2763 219 2822 ‘Eunu-0<
229 2780 276 2815 et
287 2774 466 2814 vixerat
480 2774 527 2813 in
539 2771 850 2829 Peloponneso
871 2768 963 2832 (**).
983 2771 1122 2815 Trahi
1137 2771 1228 2814 hue
1242 2772 1379 2816 etiam

75 2830 246 2910 Pfposset
269 2840 399 2902 quod
419 2839 582 2886 Suidas
598 2842 771 2886 librum
790 2843 1042 2887 Dicaearchi
1064 2844 1134 2887 De
1159 2845 1381 2888 monthus

86 2913 399 2976 {Peloponnesi
442 2924 795 2959 commemorat.
841 2916 948 2959 Non
984 2917 1184 2959 multum
1228 2925 1380 2961 tamen

82 2986 166 3038 ¹his
202 2985 466 3040 tribuerim,
512 3001 658 3045 quum
695 2987 942 3046 probabile
969 2989 1026 3032 sit
1055 3003 1196 3047 quem
1219 2988 1381 3034 Suidas

100 3056 211 3104 dicit
227 3057 397 3102 librum
419 3059 604 3102 nonnisi
626 3068 808 3117 partem
831 3059 965 3104 fuisse
990 3059 1177 3117 majoris
1198 3061 1369 3119 operis,

43 3165 47 3168 »
66 3128 150 3183 in
170 3143 265 3189 quo
286 3129 344 3174 de
366 3130 550 3176 Graeciae
573 3131 795 3176 universae
815 3141 862 3176 et
881 3132 1077 3176 aliarum
1097 3132 1285 3177 fortasse
1307 3148 1380 3178 re·

71 3191 290 3266 v{giemum
304 3202 543 3246 montibus
564 3217 822 3262 eorumque
839 3203 1204 3248 dimensionibus
1220 3214 1383 3249 auctor

46 3289 52 3296 ·
77 3274 270 3334 inerat.
295 3273 481 3332 Majoris
510 3276 735 3318 momenti
759 3284 847 3330 est,
877 3278 1007 3335 quod
1030 3278 1101 3320 De
1127 3277 1382 3336 Spartano-

75 3339 206 3406 ,tium
222 3345 475 3405 Republica
502 3346 623 3390 liber
646 3345 815 3407 insigni
847 3348 985 3407 plane
1020 3348 1166 3392 modo
1190 3364 1216 3393 a
1240 3352 1382 3394 Lace·

220 3417 335 3461 oniis
349 3416 603 3462 honoratus
615 3433 709 3462 esse
726 3418 887 3464 fertur.
905 3419 961 3463 Id
974 3421 1095 3463 enim
1109 3422 1384 3479 scriptorem

82 3410 275 3558 &ab
299 3489 380 3547 qui
410 3504 508 3533 non
533 3489 678 3533 modo
703 3490 844 3534 vitam
866 3499 912 3534 et
935 3492 1140 3536 instituta
1172 3492 1385 3537 Lacedae-

84 3551 367 3618 {Remorum
401 3562 584 3619 penitus
615 3571 857 3620 perspecta
892 3563 1109 3617 haberet,
1137 3564 1218 3607 sed
1249 3566 1385 3608 etiam

161 3717 214 3768 (*)
237 3720 293 3760 De
316 3719 390 3760 hoc
408 3722 688 3772 grammatico,
717 3722 876 3763 aliunde
903 3734 982 3763 non
1014 3726 1130 3772 noto,
1153 3726 1206 3764 cf.
1227 3728 1310 3765 not.
1336 3727 1386 3766 ad

84 3772 156 3833 *st-
179 3777 241 3815 33.
262 3779 532 3819 memorantur
561 3782 751 3830 practerea
775 3797 783 3820 :
818 3782 1094 3822 Dicaearchus
1122 3785 1293 3823 AEtolus
1320 3795 1383 3834 ap.

78 3885 83 3895 Γ
102 3831 242 3884 Polyb.
263 3837 395 3886 xvil,
420 3842 479 3877 10.
499 3840 659 3887 xvm,
678 3842 748 3887 373
769 3839 921 3887 Livium
940 3843 1109 3890 XXXV,
1136 3845 1202 3889 123
1226 3841 1383 3882 Diodor.

74 3883 295 3954 flavin,
315 3897 348 3931 1.
371 3913 424 3921 —
439 3895 717 3934 Dicaearclzus
739 3896 1030 3945 Pythaqoreus
1052 3897 1159 3947 apud
1178 3899 1383 3938 Iamblich.

91 3942 194 4002 {Utt-
219 3947 336 3997 Pyth-
366 3961 400 3989 c.
429 3955 492 3991 36.
525 3955 576 3991 V.
604 3954 686 3992 not.
709 3953 760 3993 ad
777 3954 825 3993 fr.
848 3959 911 3995 32.
930 3976 980 3987 -
998 3954 1272 3995 Dicaearchus
1289 3959 1384 4006 que·-

99 3994 214 4046 ,ἳατὴ
249 4015 312 4056 ap.
337 4007 594 4049 ptolemaeum
617 4013 718 4050 Nov.
750 4011 850 4051 nist.
881 4014 1015 4062 1v‚p.
1041 4017 1167 4060 ¹90‚¹
1196 4013 1257 4052 ed.
1288 4015 1384 4052 we-

83 4049 274 4123 1Qun,
302 4065 371 4105 ubi
392 4068 496 4106 inter
511 4068 642 4108 varias
666 4069 831 4108 Helenas
845 4073 1091 4110 memoratur
1108 4071 1253 4111 Helena
1272 4075 1296 4118 ἡ
1317 4075 1385 4111 Δι-

86 4115 294 4179 ''mlo‘'
315 4126 382 4162 τοῦ
397 4125 599 4165 Τελεσίνου
615 4126 768 4176 ἀδελφή.

162 4173 237 4224 θ’)
249 4179 499 4220 Aristoxenus
508 4193 668 4232 quoque
677 4185 925 4234 Tarentinus,
939 4185 1140 4226 familiaris
1152 4187 1367 4226 Dicaearchi
1374 4216 1384 4235 ‚

113 4227 155 4270 in
170 4231 475 4286 Peloponnesum
494 4240 732 4279 Mantineam
754 4251 837 4280 sese
853 4242 1021 4282 contulit
1043 4245 1055 4292 (
1072 4243 1211 4282 suidas
1230 4254 1268 4282 ν.
1289 4244 1383 4294 Ἀρι-

58 4294 60 4298 ’
89 4287 318 4354 ,ἴξτόξσνοςλ

107 4413 125 4451 ἰ
262 4371 496 4403 tumultum
523 4376 617 4404 uisu·-
634 4375 696 4404 Gn.
719 4385 760 4393 ⁴·-
779 4375 862 4402 VOL.
883 4374 925 4401 Π.

95 4489 123 4497 ,,

56 4505 60 4512 r
102 4517 106 4523 ι
131 4517 136 4523 ι

62 4559 64 4563 ,
104 4525 149 4563 *gi-

64 4571 67 4573 .
92 4564 121 4583 ,Vm

63 4594 67 4609 ²
83 4586 149 4628 ⁴⁴1.

509 339 1435 454 DICAEARCHUS

1508 344 2303 453 MESSENIUS.

1443 829 1641 875 amicitia
1666 830 1737 873 vel
1759 829 2035 873 arctioribus
2071 831 2206 873 etiam
2240 819 2433 874 vinculis·
2459 848 2561 876 cum
2589 835 2726 879 nobi-

1443 903 1638 946 lioribus
1677 901 1912 961 Spartanis
1945 909 2057 945 esset
2093 902 2380 959 conjunctu-³.
2424 906 2614 950 Accedit
2638 907 2725 950 huc

1445 974 1574 1034 quod
1606 974 1768 1019 Suidas
1799 975 2195 1017 Lacedoemom'um
2230 975 2542 1020 Diraearchum
2578 978 2723 1023 affert.

1444 1046 1583 1092 Unde
1605 1047 1695 1090 hoc
1721 1056 1844 1090 certe
1870 1047 2038 1105 liquet,
2067 1062 2162 1089 non
2191 1047 2389 1093 alienum
2424 1048 2467 1090 id
2511 1062 2679 1094 nomen
2705 1068 2726 1094 a

1445 1118 1904 1163 Lacedaemoniorum
1943 1118 2124 1161 familiis
2170 1118 2320 1162 fuisse.
2368 1120 2524 1178 Neque
2561 1130 2730 1167 temere

1446 1190 1642 1234 Fuhrius
1658 1190 1927 1240 (Dicaearchi
1944 1190 2180 1250 Fragm.p.
2202 1195 2277 1241 [24.
2295 1191 2573 1238 Darmstadt.
2596 1194 2728 1249 1841>

1445 1263 1731 1321 suspicatur,
1770 1261 2088 1306 Dicaearchum
2141 1264 2276 1306 istum
2309 1277 2444 1320 quem
2485 1266 2731 1308 Aristarchi

1447 1333 1723 1392 discipulum
1748 1333 1910 1378 Suidas
1935 1332 2071 1388 dicit,
2098 1334 2211 1378 alius
2232 1348 2341 1378 vero
2362 1350 2499 1379 nemo
2531 1351 2732 1381 comme-

1447 1414 1622 1460 morat,
1643 1405 1831 1449 fortasse
1856 1420 1911 1449 ex
1937 1420 2097 1450 errore
2118 1416 2300 1460 natum,
2324 1422 2475 1464 neque
2500 1407 2731 1453 diversum

1449 1492 1541 1521 esse
1564 1493 1587 1520 a
1612 1478 1782 1521 Nostro
1799 1511 1811 1531 ‚
1833 1475 1961 1534 cujus
1981 1476 2040 1521 de
2057 1477 2450 1522 locisfHomericis
2472 1481 2608 1523 crisin
2630 1483 2734 1525 Ari-

1447 1549 1681 1592 starchum
1705 1563 1884 1592 assensu
1907 1563 1989 1591 suo
2021 1548 2217 1592 subinde
2241 1551 2564 1607 comprobasse
2588 1553 2637 1595 iis
2667 1555 2734 1596 in·

1449 1619 1630 1664 dicatur
1651 1635 1752 1678 quae
1778 1620 1837 1663 ad
1862 1619 1918 1663 fr.
1946 1619 2003 1664 33
2031 1620 2369 1664 annotabimus.

1515 1693 1835 1737 Dicaearchum
1856 1693 2102 1736 Aristotele
2130 1695 2347 1752 magistro
2372 1710 2504 1738 usum
2526 1711 2617 1741 esse
2637 1708 2736 1742 *tum

1450 1766 1671 1823 expressis
1686 1765 1840 1808 verbis
1856 1765 2018 1808 Cicero
2039 1762 2131 1823 (De
2153 1765 2269 1824 legg.
2290 1766 2359 1809 III
2377 1800 2387 1819 ,
2422 1767 2449 1810 6
2465 1802 2474 1819 ‚
2504 1770 2580 1827 11.)
2607 1779 2737 1814 testa-

1451 1845 1542 1891 tur,
1588 1846 1684 1880 tum
1718 1852 1773 1880 ex
1810 1836 2076 1896 fragmentis
2109 1838 2276 1894 liquet,
2308 1839 2354 1880 in
2395 1840 2562 1897 quibus
2601 1843 2738 1884 Peri-
2785 1843 2796 1859 ‘

1449 1910 1674 1967 pateticus
1701 1909 1961 1968 appellatur
1996 1918 2041 1952 et
2074 1924 2179 1951 cum
2215 1911 2492 1954 Aristoxeno
2519 1922 2565 1955 et
2588 1915 2736 1958 Theo·

1449 1983 1637 2040 phrasto
1662 1982 1976 2040 componitur.
2009 1981 2207 2039 Quando
2231 1996 2343 2025 vero
2367 1982 2425 2025 ad
2446 1984 2737 2030 Aristotelem

1451 2055 1716 2108 accesserit,
1760 2053 1852 2097 dici
1890 2053 2068 2111 nequit.
2098 2053 2225 2096 Inter
2250 2053 2458 2110 juniores
2494 2054 2741 2114 discipulos

1451 2138 1558 2167 eum
1578 2124 1712 2168 fuisse
1733 2125 1942 2170 Osannus
1965 2121 2019 2185 ff)
2040 2124 2149 2168 inde
2172 2125 2327 2184 colligi
2347 2141 2479 2184 posse
2505 2128 2737 2185 opinatur,

1453 2196 1583 2253 quod
1605 2206 1702 2239 non
1722 2196 1856 2240 simul
1877 2197 2012 2240 etiam
2032 2197 2271 2239 Platonem
2289 2230 2299 2249 ‚
2320 2199 2451 2240 sicuti
2470 2199 2542 2241 alii
2563 2201 2739 2243 Aristo-

1452 2268 1602 2323 telici,
1641 2267 1835 2311 audiisse
1860 2267 2058 2311 dicatur.
2091 2267 2305 2311 Ceterum
2338 2271 2629 2314 Dicaearchus
2653 2288 2739 2315 una

1453 2354 1559 2382 cum
1584 2339 1932 2398 Cephisodoro,
1968 2338 2200 2382 Eubulide
2237 2348 2283 2382 et
2317 2340 2486 2383 Timaeo
2511 2342 2630 2386 inter
2665 2359 2742 2385 eos

1452 2420 1732 2466 recensetur,
1755 2411 1835 2469 qui
1855 2411 2035 2469 scriptis
2059 2411 2150 2454 suis
2179 2412 2472 2455 Aristotelem
2501 2413 2738 2458 infestave-

1451 2484 1559 2528 rint.
1596 2485 1664 2527 Ita
1690 2484 1811 2526 enim
1849 2483 2121 2527 Themistius
2142 2484 2287 2543 soph.
2323 2499 2369 2543 p.
2397 2484 2510 2544 285,
2538 2487 2572 2529 B
2610 2486 2685 2547 (⁸⁶)
2727 2504 2737 2533 t

1455 2552 1687 2604 Πλάτωνος
1711 2550 1754 2599 δὲ
1780 2554 1826 2599 οὗ
1854 2551 1982 2618 μέχρι
2007 2557 2078 2599 ν’ὖν
2103 2552 2376 2601 καταὸοῶσιν
2401 2557 2457 2608 ὡς
2484 2555 2574 2619 τρὶς
2606 2559 2739 2603 πλεύ-

1453 2642 1603 2678 σαντος
1631 2627 1687 2679 εἰς
1712 2624 1916 2672 Σικελίαν
1939 2624 2008 2670 ἐπὶ
2028 2624 2226 2688 χρήμασι
2251 2626 2325 2672 καὶ
2348 2627 2535 2690 τραπέζῃ
2555 2645 2569 2689 ;
2601 2630 2741 2693 Κηφι-

1453 2695 1664 2760 σοδώρους
1686 2697 1728 2742 δὲ
1754 2695 1828 2742 καὶ
1865 2694 2131 2750 Εὒὸουλίδας
2160 2698 2234 2743 καὶ
2268 2698 2505 2759 Τιμαίους,
2530 2704 2741 2765 Δικαιαρ-

1452 2786 1575 2832 χους,
1613 2768 1796 2834 στρατὸν
1822 2766 1918 2815 ὅλον
1954 2771 2039 2815 τῶν
2079 2769 2338 2831 ἐπιθεμένων
2374 2769 2653 2833 Ἀριστοτέλει
2684 2778 2743 2832 τῷ

1456 2840 1713 2905 Σταγειρίτῃ
1753 2839 1848 2887 πότ’
1880 2839 1930 2887 ἂν
1954 2839 2235 2904 καταλέξαιμ’
2261 2843 2468 2900 εὐπετῶς,
2494 2836 2552 2890 ὧν
2578 2845 2649 2891 καὶ
2667 2847 2743 2892 λο-

1454 2930 1521 2975 γοι
1543 2911 1801 2966 ἐξικνοῦνται
1824 2913 1881 2966 εἷς
1904 2912 2022 2959 τόνδε
2046 2911 2117 2960 τὸν
2144 2912 2318 2978 χρόνον,
2344 2915 2642 2978 διατηροῦντες
2666 2918 2741 2973 τὴν

1430 3036 1433 3038 ,
1455 2982 1687 3048 ἀπέχθειαν
1709 2983 1782 3031 καὶ
1803 2983 2063 3049 φιλονεικίαν
2083 3004 2095 3042 ;
2119 2989 2200 3031 His
2225 2988 2365 3047 igitur
2384 2990 2503 3031 inter
2521 2991 2745 3050 malignos

1455 3059 1619 3102 summi
1653 3059 1923 3118 philosophi
1949 3058 2281 3103 detrectatores
2314 3061 2582 3104 Dicaearcho
2609 3062 2741 3105 disci-

1454 3131 1568 3189 pulo
1593 3131 1723 3174 locus
1746 3132 2014 3191 assignatur.
2041 3129 2152 3184 Quae
2173 3146 2310 3190 quam
2334 3141 2456 3176 recte
2484 3133 2605 3177 dicta
2628 3135 2739 3183 sint,

1457 3202 1763 3247 demonstrari
1784 3203 2042 3247 accuratius
2067 3203 2257 3261 quidem
2277 3206 2464 3262 nequit,
2502 3220 2652 3264 neque
2677 3216 2736 3248 ta-

1459 3289 1566 3318 men
1583 3284 1755 3319 temere
1771 3289 1961 3334 prorsus
1984 3276 2032 3318 in
2052 3274 2258 3318 medium
2277 3275 2458 3332 prolata
2480 3290 2571 3319 esse
2590 3276 2743 3319 viden-

1458 3357 1550 3393 tur.
1588 3351 1879 3408 Quamquam
1907 3351 2027 3394 enim
2067 3350 2377 3393 lubentissime
2402 3350 2573 3410 largior
2598 3351 2741 3395 aliena

1459 3435 1485 3465 a
1522 3422 1791 3465 Dicaearcho
1829 3436 1922 3465 esse
1958 3422 2246 3481 spurcissima
2279 3421 2377 3474 illa,
2417 3437 2517 3479 quae
2552 3423 2742 3466 Timaeus

1460 3501 1597 3551 atque
1639 3493 1806 3536 similes
1844 3494 1891 3535 in
1929 3492 2224 3536 Aristotelem
2266 3494 2472 3534 convicia
2505 3493 2739 3548 jecerunt.

1459 3563 1593 3608 fuisse
1617 3574 1768 3609 tamen
1793 3580 1894 3623 quae
1931 3566 1979 3608 in
2012 3565 2257 3609 Aristotele
2294 3565 2458 3607 Noster
2482 3564 2605 3607 haud
2632 3580 2742 3623 pro-

1459 3636 1592 3681 haret
1603 3671 1615 3692 ,
1631 3638 1772 3681 immo
1791 3653 1888 3681 non
1906 3637 2080 3696 absque
2094 3637 2343 3682 acerbitate
2360 3635 2715 3694 reprehenderet
2729 3671 2739 3686 ,

1460 3708 1758 3768 intelligetur,
1803 3719 1947 3768 puto,
1997 3711 2031 3752 si
2071 3709 2304 3753 Themistii
2345 3709 2448 3750 loco
2484 3706 2741 3750 admoveri>

1460 3796 1673 3840 magnam
1712 3783 1841 3826 istam
1878 3783 2263 3835 controversiam,
2302 3795 2402 3839 quae
2440 3795 2542 3824 cum
2585 3780 2736 3821 Theo-

1459 3854 1648 3912 phrasto
1662 3888 1674 3909 ,
1698 3854 1925 3913 discipulo
1943 3855 2144 3914 magistri
2170 3854 2424 3905 simillimo,
2446 3851 2738 3894 intercessisse

1461 3926 1727 3970 Dicaearcho
1753 3925 1877 3984 apud
1908 3927 2178 3970 Ciceronem
2205 3932 2431 3967 narratur.
2463 3922 2581 3965 Hinc
2607 3920 2737 3976 equi-

1461 3995 1565 4039 dem
1592 3997 1760 4055 colligo
1797 3994 2042 4055 propterea
2069 3996 2266 4040 maxime
2303 3990 2591 4037 Aristotelem
2618 3991 2736 4031 vitu-

1514 4130 1565 4178 (*)
1591 4132 1799 4179 Beitroeqe
1823 4142 1859 4169 z.
1887 4135 1989 4169 rom.
2022 4141 2061 4168 u.
2093 4140 2156 4177 qr.
2193 4124 2540 4173 l.a'ter·‹1tur9escle.
2567 4122 2732 4170 ..casa-1.

1468 4188 1919 4237 1839)tom.11‚p.1.
2600 4188 2612 4196 “

1511 4245 1583 4294 (**)
1609 4244 1722 4294 Fugit
1747 4245 1809 4283 hic
1834 4245 1944 4284 locus
1972 4244 2160 4284 Fuhrium
2187 4242 2298 4281 sicuti
2328 4241 2517 4288 reliquus,
2545 4242 2736 4286 quantuni

1460 4302 1603 4349 sciam,
1626 4300 1694 4349 qui
1707 4300 1763 4338 ’de
1787 4300 2014 4339 Dicaearcho
2037 4298 2156 4337 verba
2174 4299 2360 4336 fecerum.

2541 4367 2582 4399 15
