3016 4628
884 241 1457 408 CADM‘US
1530 276 2214 404 MILESIUS.

279 778 476 825 Suidas:
506 773 723 836 Κάδμος
747 774 769 819 ὁ
790 769 1078 831 Μιλήσιος,
1105 765 1276 832 εὑρετὴς
1300 764 1510 832 γραμμά·

214 870 314 898 των.

281 924 359 972 Ἐν
384 923 684 986 ἐπιγράμματι
707 915 905 975 Ζήνωνος
931 914 1000 980 (v.
1027 915 1168 975 Diog.
1191 915 1246 958 L.
1276 914 1388 969 VII,
1414 908 1510 973 30)·

317 1041 364 1080 Εἰ
381 1039 422 1078 δὲ
435 1036 565 1088 πάτρα
580 1034 795 1079 Φοίνισσα,
813 1031 869 1076 τίς
890 1032 911 1069 ὁ
925 1029 1079 1078 φθόνος;
1097 1027 1144 1076 ἦν
1160 1027 1226 1066 καὶ
1248 1027 1269 1065 ὁ
1286 1025 1439 1076 Κάδμος

370 1100 517 1145 κεῖνος,
539 1094 602 1144 ἀφ’
624 1092 670 1131 οὗ
691 1091 864 1142 γραπτὰν
884 1089 1023 1132 Ἑλλὰς
1042 1087 1121 1136 ἔχει
1138 1084 1284 1124 σελίδα.

276 1198 512 1261 Κάδμος,
548 1192 844 1246 Πανδίονος,
877 1187 1171 1248 Μιλήσιος,
1204 1186 1442 1250 ἱστορικὸς,
1475 1183 1520 1239 ὃς

216 1275 382 1338 πρῶτος
415 1270 528 1319 κατά
562 1286 680 1321 τινας
712 1260 962 1329 συγγραφὴν
1003 1260 1164 1325 ἔγραψε
1201 1259 1520 1321 καταλογάδην,

217 1348 359 1411 μικρῷ
379 1344 580 1408 νεώτερος
603 1337 811 1404 Ὀρφέως.
839 1333 1051 1389 Συνέταξε
1076 1332 1121 1380 δὲ
1146 1331 1300 1380 Κτίσιν
1318 1331 1519 1390 Μιλήτου

215 1419 290 1467 καὶ
313 1422 389 1476 τ’ἧς
408 1417 509 1475 ὅλης
532 1412 699 1466 Ἰωνίας
719 1413 762 1458 ἓν
790 1407 968 1475 βιὸλίοις
989 1407 1040 1456 δ’.

281 1488 389 1540 εὈτι
411 1490 484 1538 τὸν
515 1487 696 1549 Κάδμον
717 1483 823 1550 φασὶ
847 1484 1014 1546 πρῶτον
1037 1482 1078 1534 ἐς
1102 1479 1181 1538 τὴν
1213 1477 1410 1528 Ἑλλάδα
1440 1496 1518 1525 κο-

219 1564 346 1627 μίσαι
365 1561 420 1610 τὰ
438 1561 704 1627 γράμματα,
725 1555 836 1621 ἅπερ
856 1557 1020 1628 πρῶτρι
1041 1551 1240 1606 Φοίνικες
1262 1553 1453 1617 ἐφεῦρον.

287 1631 328 1686 K
343 1635 527 1697 άδμος,
546 1628 857 1696 Ἀρχελάου,
873 1625 1167 1684 Μιλήσιος,
1188 1621 1401 1690 ἱστορικὸς
1418 1623 1521 1670 νεώ-

219 1730 355 1776 τερος.
381 1706 506 1761 Τινὲς
531 1705 574 1753 δὲ
597 1707 779 1753 Λυκῖνον
805 1700 986 1762 Κάδμον
1012 1698 1274 1763 ἀνέγραψαν.
1296 1694 1428 1750 Ἴσως
1449 1689 1521 1744 οῦν

220 1785 335 1830 ἐστιν
360 1782 515 1846 ἕτερος.
539 1775 742 1842 Ἔγραψε
768 1774 812 1822 δὲ
824 1777 976 1820 ταῦτα·
1001 1770 1135 1820 Λύσιν
1164 1771 1378 1836 ἐρωτικῶν
1400 1767 1522 1832 [πα-

220 1856 335 1920 θῶν]
364 1857 406 1902 ἐν
434 1852 614 1919 βιίλίοις
633 1849 687 1914 δ’,
711 1847 786 1896 καὶ
810 1844 1004 1900 Ἀττικὰς
1026 1843 1216 1909 ἱστορίας
1241 1842 1315 1896 ις’.
1342 1844 1408 1889 Cf.
1428 1846 1525 1888 Eu—

223 1930 360 1975 docia
375 1945 425 1989 p.
447 1928 559 1985 267.

288 2005 481 2048 Diversa
511 2001 652 2060 plane
691 1995 883 2043 Suidam
919 2003 1092 2039 temere
1124 1993 1318 2036 miscere
1352 1991 1402 2034 in
1437 1991 1524 2035 hac

222 2076 477 2135 glossarum
493 2072 724 2131 farragine
743 2081 1063 2127 saepenumero
1081 2065 1172 2108 viri
1183 2063 1311 2108 docti
1327 2078 1524 2107 monue-

223 2157 334 2192 runt
359 2147 564 2191 :scilicet
587 2143 814 2189 Cadmum
838 2141 1080 2183 literarum
1103 2139 1398 2181 inventorem
1430 2136 1523 2180 dici

224 2221 477 2275 Milesium,
502 2232 648 2276 quum
667 2214 864 2259 Phoenix
883 2213 962 2266 sit;
989 2210 1166 2256 Cadmo
1190 2210 1413 2254 historico
1442 2224 1526 2253 au-

226 2303 316 2336 tem
338 2291 555 2351 assignari
574 2297 753 2332 aetatem
770 2320 782 2342 ,
805 2300 907 2344 quae
931 2282 1181 2328 tribuenda
1203 2281 1260 2325 sit
1281 2279 1380 2325 filio
1404 2283 1526 2341 Age-

225 2367 354 2409 noris
377 2365 452 2426 (V.
475 2364 682 2408 Clinton.
709 2361 763 2404 F.
795 2360 859 2403 H.
889 2367 1004 2401 tom.
1033 2357 1104 2411 II,
1130 2371 1180 2414 p.
1208 2351 1335 2415 454).
1356 2355 1523 2415 Igitur,

226 2440 361 2482 misso
381 2435 524 2481 Suida
536 2469 547 2490 ,
564 2434 624 2479 de
641 2430 930 2491 temporibus
949 2427 1192 2488 scriptoris
1209 2427 1356 2471 nostri
1374 2426 1528 2471 audia-

226 2527 328 2554 mus
350 2508 606 2568 Josephum
636 2507 688 2551 C.
718 2505 893 2564 Apion.
921 2504 967 2558 Ι,
995 2517 1036 2546 c.
1060 2517 1086 2545 2
1113 2510 1233 2545 extr.
1262 2516 1272 2544 :
1297 2499 1354 2547 Οἱ
1381 2496 1526 2561 μέντοι

226 2581 302 2634 τὰς
333 2579 522 2645 ἱστορίας
553 2574 904 2642 ἐπιχειρήσαντες
940 2570 1200 2636 συγγράφειν
1236 2572 1342 2636 παρ’
1385 2571 1528 2625 αὐτοῖς

231 2656 309 2715 (sc.
334 2652 420 2705 τοῖς
442 2647 684 2711 Ἵζλλησι),
702 2646 816 2709 λε’γω
841 2645 886 2692 δὲ
907 2644 1005 2698 τοὺς
1021 2643 1120 2710 περὶ
1144 2642 1327 2706 Κάδμον
1349 2642 1421 2691 τὸν
1446 2646 1529 2692 Μι-

228 2724 377 2783 λήσιον
402 2723 476 2770 καὶ
496 2724 567 2769 τὸν
599 2722 787 2786 Ἀργεῖον
813 2717 1108 2778 Ἀκουσίλαον,
1140 2716 1214 2763 καὶ
1240 2713 1351 2778 μετὰ
1381 2720 1528 2763 τοῦτον

231 2797 271 2845 εἴ
290 2816 398 2850 τινες
424 2796 547 2843 ἄλλοι
570 2792 771 2856 λέγονται
794 2789 1016 2855 γενέσθαι,
1042 2789 1181 2855 βραχὺ
1203 2793 1279 2847 τῆς
1297 2791 1382 2836 τῶν
1405 2791 1528 2852 Περ-

231 2874 317 2917 σῶν
335 2869 406 2916 ἐπὶ
423 2866 499 2925 τὴν
514 2865 709 2915 Ἑλλάδα
732 2862 1032 2927 διαστρατείας
1045 2865 1105 2926 τῷ
1125 2861 1267 2928 χρόνῳ
1283 2860 1527 2925 προῦλαὸον

235 2944 513 3006 (Exscripsit
530 2941 627 2986 haec
647 2939 815 2984 Euseh.
843 2940 920 2982 Pr.
943 2939 1028 2982 Ev.
1061 2938 1133 2992 X,
1158 2953 1203 2994 7,
1237 2952 1287 2995 p.
1318 2935 1412 2992 478
1433 2935 1524 2997 A).

232 3017 504 3063 Accuratius
537 3029 637 3058 rem
676 3010 872 3056 definire
894 3011 1025 3066 licet,
1063 3019 1202 3068 atque
1232 3011 1451 3053 Hecataeo
1486 3018 1533 3053 et

232 3087 501 3147 Pherecyde
537 3086 674 3146 Syrio
703 3083 903 3129 Cadmus
934 3083 1096 3142 paullo
1129 3082 1367 3140 antiquior
1396 3081 1532 3126 fuisse

234 3153 459 3206 dicendus
482 3168 572 3214 est,
597 3158 633 3202 si
653 3155 795 3200 fidem
821 3164 1061 3199 merentur
1085 3154 1142 3209 ii,
1168 3155 1250 3212 qui
1272 3153 1500 3198 Cadmum
1517 3188 1529 3209 ,

234 3249 333 3277 non
350 3247 463 3276 vero
483 3233 750 3275 Hecataeum
767 3236 846 3271 aut
864 3225 1205 3285 Pherecydem,
1217 3240 1402 3284 prosam
1422 3241 1533 3270 ora—

236 3306 412 3349 tionem
431 3304 503 3348 vel
520 3302 759 3346 historiam
771 3300 973 3359 pedestri
991 3312 1204 3342 sermone
1225 3297 1532 3356 conscriptam

235 3378 441 3437 primum
455 3374 715 3420 condidisse
730 3373 900 3417 ferunt.
915 3369 990 3414 Sic
1004 3378 1174 3429 praeter
1188 3368 1381 3414 Suidam
1397 3368 1410 3430 (
1427 3369 1460 3413 l.
1479 3370 1530 3430 l.)

236 3450 412 3494 Plinius
432 3449 493 3492 H.
515 3448 574 3491 N.
594 3448 649 3501 V,
681 3446 736 3490 31
765 3460 775 3488 z
804 3445 902 3488 Nec
926 3444 1116 3487 Miletus
1135 3442 1416 3499 fraudanda
1444 3446 1535 3486 cive

240 3523 432 3575 Cadmo,
463 3524 543 3579 qui
567 3523 746 3578 primus
762 3532 950 3577 prosam
976 3519 1228 3559 orationem
1248 3515 1442 3558 condere
1465 3518 1533 3557 in-

237 3599 397 3639 stituit.
421 3594 542 3638 Hinc
565 3606 645 3635 sua
663 3590 804 3634 habet
822 3590 1007 3634 Solinus
1031 3603 1072 3631 c.
1099 3592 1159 3646 49
1182 3602 1192 3630 ε
1218 3586 1424 3640 Miletus,
1456 3589 1534 3631 Io-

240 3673 335 3712 nioe
353 3675 509 3727 caput,
546 3665 708 3709 Cadme·
729 3665 840 3707 olim
860 3663 1037 3715 domus,
1058 3661 1143 3704 sed
1155 3664 1253 3717 ejus
1268 3664 1347 3718 qui
1352 3664 1537 3719 pre'mus

242 3744 409 3786 invenit
419 3754 575 3800 prosoe
597 3741 818 3781 orationis
845 3736 1163 3794 disciplinam.
1191 3734 1340 3778 Aliter
1363 3734 1538 3778 Plinius

243 3816 325 3858 lib.
347 3815 460 3868 VII,
486 3810 546 3856 56
568 3826 578 3855 ε
602 3811 793 3854 Prosam
818 3812 1070 3853 orationem
1098 3803 1400 3868 (συγγραφήν)
1423 3822 1536 3850 con-

244 3889 350 3931 dere
378 3883 666 3942 Pherecydes
692 3882 849 3936 Syrius
874 3883 1067 3924 instituit
1097 3879 1204 3937 Cyri
1226 3883 1346 3936 regis
1370 3888 1528 3934 (etate,

245 3960 485 4003 historiam
526 3957 725 4001 Cadmus
753 3955 983 3998 Maesium
1024 3952 1205 3996 Eodem
1239 3951 1383 3995 modo
1419 3952 1539 3995 inter

246 4029 561 4089 Pherecydem
585 4028 770 4087 Syrium
792 4036 838 4071 ct
859 4028 1124 4070 Hecataeum
1149 4024 1390 4082 distinguit
1430 4025 1538 4068 Sui-

248 4103 327 4148 ‹las
346 4120 392 4148 v.
413 4100 646 4153 Ἑκαταῖος
669 4114 679 4147 :
705 4096 978 4161 ἹΞκ.πρῶτος
989 4094 1181 4159 ἱστορίαν
1207 4096 1342 4149 πεζῶς
1363 4093 1539 4154 ἐξηνεγ-

252 4192 338 4236 κεν,
377 4171 628 4237 συγγραφὴν
652 4169 697 4218 δὲ
730 4167 997 4234 Φερεκύδης.
1040 4171 1192 4227 Atque
1223 4169 1314 4211 hoc
1349 4168 1539 4226 quidem

253 4258 373 4293 recte
386 4248 635 4303 seliabere,
657 4246 769 4290 falso
787 4253 938 4289 autem
960 4242 1018 4286 ad
1038 4240 1349 4300 Pherecydem
1368 4250 1413 4285 et
1429 4240 1543 4285 Cad-

1589 782 1717 810 mum
1735 768 2006 812 translatum
2038 782 2131 812 esse
2150 767 2353 825 videtur,
2375 779 2429 815 ut
2454 770 2628 814 scilicet
2653 769 2887 814 concilia-

1589 847 1694 882 rent
1714 840 1840 904 ·inter
1855 854 1901 882 se
1922 855 2024 898 quae
2042 837 2208 884 Suidas
2224 841 2366 885 refert
2381 858 2426 886 v.
2451 837 2703 904 Φερεκύδης
2723 855 2734 886 :
2754 840 2887 900 Πρῶ-

1593 928 1664 955 τον
1686 907 1731 956 δὲ
1759 909 2065 974 (Φερεκύδην)
2094 910 2346 976 συγγραφὴν
2369 912 2599 976 ἐξενεγκεῖν
2630 914 2749 978 πεζῷ
2769 911 2888 977 λόγῳ

1591 981 1700 1035 τινὲς
1714 983 1969 1047 ἱστοροῦσιν,
1988 982 2143 1048 ἑτέρων
2162 988 2285 1031 τοῦτο
2302 987 2361 1039 εἷς
2387 984 2564 1047 Κάδμον
2580 983 2652 1031 τὸν
2674 983 2888 1042 Μιλήσιον

1594 1053 1826 1119 φερόντων.

1660 1126 1854 1188 Scripsit
1869 1128 2089 1185 Cadmus,
2113 1138 2305 1174 testante
2329 1131 2470 1176 Suida
2486 1165 2498 1186 ,
2518 1131 2731 1190 Origines
2745 1131 2890 1176 Mileti

1595 1210 1641 1244 et
1662 1202 1802 1245 totius
1823 1202 1966 1245 Ioniae
1996 1201 2126 1245 libris
2149 1211 2387 1260 quattuor.
2414 1205 2476 1247 At
2495 1204 2788 1262 supposititia
2805 1204 2892 1249 ha-

1595 1273 1698 1317 beri
1719 1290 1820 1332 quae
1837 1274 1921 1318 sub
1934 1274 2100 1318 Milesii
2115 1275 2306 1318 nomine
2325 1276 2374 1318 in
2389 1276 2555 1335 vulgus
2573 1275 2893 1321 divendehan-

1598 1356 1689 1403 tur,
1713 1347 1940 1391 docemur
1960 1361 1986 1390 a
2007 1347 2235 1405 Dionysio
2258 1348 2362 1391 Hal.
2389 1348 2438 1391 in
2457 1348 2567 1392 Jud.
2596 1349 2656 1392 de
2679 1349 2825 1393 Thuc.
2847 1365 2888 1394 c.

1600 1419 1659 1464 23
1686 1435 1696 1463 :
1723 1416 1837 1466 Οὔτε
1858 1417 1941 1483 γὰρ
1962 1415 2267 1476 διασώζονται,
2287 1421 2367 1474 ait,
2388 1420 2472 1463 τῶν
2497 1417 2705 1464 πλειόνων
2721 1420 2765 1464 αἱ
2784 1437 2895 1484 γρα-

1598 1489 1675 1556 φαὶ
1693 1489 1822 1555 μέχρι
1845 1494 1928 1538 τῶν
1949 1491 2043 1538 καθ’
2064 1494 2180 1553 ἡμᾶς
2198 1491 2379 1556 χρόνων,
2401 1488 2486 1538 οὔθ’
2510 1492 2554 1537 αἱ
2577 1490 2894 1554 διασωζόμεναι

1597 1562 1719 1628 παρὰ
1741 1570 1874 1610 πᾶσιν
1898 1565 1955 1617 ὡς
1978 1564 2150 1610 ἐκείνων
2170 1555 2294 1610 οὖσαι
2310 1565 2395 1610 τῶν
2414 1564 2578 1628 ἀνδρῶν
2601 1563 2895 1624 πιστεύονται,

1597 1637 1640 1682 ἓν
1667 1628 1734 1690 αἶς
1746 1637 1852 1683 εἰσιν
1877 1634 1986 1683 αἵτε
2010 1636 2190 1698 Κάδμου
2211 1641 2284 1684 τοῦ
2304 1636 2525 1695 Μιλησίου
2546 1636 2620 1684 καὶ
2641 1637 2894 1703 Ἀρισταίου

1599 1713 1671 1755 τοῦ
1698 1708 2019 1774 Προκοννησίου
2054 1709 2128 1757 καὶ
2152 1711 2237 1756 τῶν
2271 1708 2591 1775 παραπλησίων
2629 1710 2808 1765 τούτοις.
2836 1713 2896 1760 Et

1598 1793 1725 1828 recte
1761 1783 1951 1843 quidem
1980 1783 2209 1842 judicasse
2242 1799 2344 1839 eOS,
2386 1800 2591 1844 quorum
2623 1785 2898 1830 sententiam

1598 1857 1847 1916 Dionysius
1863 1856 2036 1912 laudat,
2059 1857 2214 1901 nullus
2234 1856 2418 1901 dubito.
2439 1855 2620 1900 Eodem
2636 1855 2747 1900 facit
2766 1855 2898 1915 quod

1598 1929 1719 1971 Bion
1738 1930 2100 1985 Proconnesius,
2121 1938 2285 1985 auctor
2299 1929 2620 1988 perantiquuS,
2634 1925 2690 1973 τὰ
2711 1927 2898 1988 Κάδμου

1599 2002 1676 2044 τοῦ
1704 1998 1893 2045 παλαιοῦ
1916 1998 2161 2064 μετέγραψε
2181 1999 2570 2064 κεφαλαιούμενος,
2591 2001 2661 2044 uti
2688 2001 2902 2046 Clemens

1606 2073 1670 2117 ait
1695 2074 1829 2119 Alex.
1859 2075 2032 2118 Strom.
2059 2075 2148 2129 VI,
2173 2090 2224 2133 p.
2252 2074 2363 2130 267.
2398 2074 2518 2117 Nam
2542 2074 2900 2118 vetustissimum

1600 2146 1943 2206 logographum
1971 2156 2064 2190 tam
2096 2147 2282 2205 prolixe
2308 2161 2410 2190 rem
2433 2155 2669 2201 tractasse,
2699 2156 2754 2190 ut
2783 2163 2904 2207 opus

1599 2220 1759 2278 paullo
1782 2229 1890 2279 post
1917 2235 1944 2264 a
1976 2220 2123 2264 Bione
2157 2221 2207 2264 in
2231 2219 2566 2279 compendium
2587 2219 2899 2280 redigeretur,

1601 2292 1728 2336 haud
1746 2293 1879 2336 facile
1901 2293 2143 2352 quisquam
2165 2292 2442 2347 crediderit3
2460 2292 2604 2335 immo
2618 2327 2629 2348 ‚
2649 2293 2686 2337 si
2701 2294 2801 2338 veri
2817 2294 2902 2338 ali-

1603 2364 1718 2423 quid
1730 2364 1884 2408 subest
1894 2364 2049 2408 verbis
2065 2365 2328 2420 Clementis,
2346 2366 2408 2409 ita
2415 2365 2575 2423 potius
2586 2366 2900 2422 statuendum,

1601 2447 1656 2483 ut
1679 2437 1825 2481 libros
1844 2438 1955 2481 istos
1973 2437 2401 2482 Pseudo-Cadmeos
2424 2453 2482 2482 ex
2503 2438 2662 2482 Bionis
2681 2439 2904 2485 aliorum-

1604 2526 1695 2570 que
1715 2511 1896 2570 scriptis
1912 2508 2136 2555 conflatos
2155 2525 2247 2554 esse
2264 2519 2495 2569 putemus.

1669 2585 1842 2628 Praeter
1886 2585 2164 2643 Dionysium
2211 2583 2373 2628 Cadmi
2406 2583 2692 2628 mentionem
2729 2584 2905 2630 faciunt

1603 2653 1775 2721 Strabo
1800 2666 1847 2701 et
1867 2656 2126 2701 Diodorus.
2154 2657 2368 2714 Quorum
2381 2657 2459 2700 ille
2477 2655 2540 2717 (I,
2559 2672 2608 2715 p.
2633 2654 2712 2718 18)
2733 2672 2744 2701 ε
2775 2654 2904 2721 Πρώ-

1604 2746 1748 2785 τιστα,
1774 2730 1950 2788 inquit,
1972 2730 1999 2784 ἡ
2020 2725 2224 2784 ποιητικὴ
2247 2724 2495 2783 κατασκευὴ
2522 2728 2740 2790 παρῆλθεν
2769 2729 2828 2782 εἷς
2854 2729 2905 2776 τὸ

1607 2798 1738 2863 μέσον
1762 2799 1834 2846 καὶ
1855 2790 2163 2861 εὐδοκίμησεν*
2191 2790 2285 2845 εἶτα
2311 2797 2475 2856 ἐκείνην
2508 2797 2788 2861 μιμούμενοι,
2820 2799 2903 2847 λύ-

1606 2891 1757 2926 σαντες
1779 2871 1827 2918 τὸ
1859 2870 2028 2934 μέτρον,
2060 2871 2200 2918 τᾶλλα
2229 2870 2489 2936 φυλάξαντες
2517 2869 2573 2916 τὰ
2594 2871 2799 2930 ποιητικὰ
2824 2873 2903 2936 (Ἴ,

1607 2942 1880 3010 συνέγραψαν
1905 2945 1942 2990 οἱ
1967 2944 2066 3008 περὶ
2090 2943 2274 3006 Κάδμον
2297 2942 2371 2989 καὶ
2393 2941 2647 3007 Φερεκύδην
2672 2943 2747 2991 καὶ
2772 2943 2904 2993 Ἕκα-

1607 3020 1741 3064 ταῒον·
1762 3010 1855 3064 εἶτα
1867 3017 1906 3065 οἱ
1926 3015 2116 3082 ὕστερον,
2138 3018 2418 3082 ἀφαιροῦντες
2439 3014 2506 3062 ἀεί
2522 3035 2563 3062 τι
2583 3019 2667 3062 τῶν
2683 3016 2906 3075 τοιούτων,

1608 3092 1666 3145 εἷς
1692 3090 1740 3138 τὸ
1776 3095 1848 3137 νῦν
1873 3083 1978 3144 εἶδος
2010 3089 2277 3153 κατήγαγον,
2311 3091 2368 3142 ὡς
2404 3087 2456 3134 ἂν
2488 3086 2574 3134 ἀπὸ
2607 3087 2739 3154 ὕψους
2773 3090 2904 3145 τινός.

1609 3166 1677 3210 Cf,
1705 3166 1911 3210 Eustath.
1934 3164 1994 3209 ad
2013 3165 2154 3208 Hom.
2179 3162 2237 3208 Il.
2258 3178 2308 3222 p.
2337 3177 2386 3221 9,
2412 3161 2440 3206 8
2459 3162 2534 3206 ed.
2555 3164 2696 3207 Rom.
2721 3161 2815 3225 (**).

1673 3238 1913 3283 Diodorus
1931 3252 2045 3282 vero
2063 3237 2162 3280 haec
2197 3234 2272 3296 (I,
2306 3234 2385 3292 87,
2425 3234 2472 3279 3.
2490 3236 2735 3296 Excerpsit
2753 3238 2908 3282 Theo·
2984 3227 2987 3233 ¹

1662 3379 1714 3429 (*)
1736 3381 1886 3418 Parum
1915 3374 2102 3414 accurate
2124 3373 2202 3412 hoc
2217 3371 2370 3411 dictum
2388 3383 2472 3412 esse
2487 3372 2609 3422 atque
2634 3372 2825 3424 refragari
2844 3375 2907 3430 te-

1609 3436 1807 3478 stimoniis
1826 3433 2027 3475 Ciceronis
2045 3432 2126 3482 (De
2154 3432 2255 3470 orat.
2285 3433 2347 3482 ΙΙ,
2372 3431 2465 3480 13),
2501 3430 2676 3480 Dionysii
2706 3432 2792 3471 Hal.
2823 3432 2911 3483 (De

1609 3497 1735 3539 Thuc.
1765 3505 1800 3533 c.
1821 3490 2124 3542 23),Demetrii
2141 3488 2223 3539 (De
2250 3489 2351 3528 eloc.
2378 3487 2402 3538 §
2423 3488 2516 3538 12),
2542 3489 2633 3527 tum
2649 3489 2715 3528 alii
2739 3500 2908 3531 monue·
2977 3478 2982 3482 ⁷
3010 3464 3012 3467 Υ

1609 3555 1726 3603 runt,
1742 3553 1832 3590 tum
1856 3549 1980 3589 {usius
1995 3547 2167 3598 explicat
2192 3546 2348 3586 Nitzch.
2373 3548 2432 3586 De
2453 3546 2556 3585 Hist.
2584 3548 2702 3586 Hom.
2729 3549 2771 3597 1,
2790 3558 2833 3598 p.
2854 3552 2907 3588 85

1610 3624 1716 3664 sqq.,
1740 3615 1804 3651 91.
1826 3619 1913 3658 sqq.
1933 3606 2086 3647 Ibidem
2105 3606 2195 3656 post
2213 3605 2510 3644 Dalilmannum
2526 3605 2664 3644 contra
2679 3615 2746 3644 eos
2770 3605 2909 3657 dispu-

1609 3673 1693 3721 tat,
1709 3669 1779 3720 qui
1795 3676 1934 3706 omnes
1948 3664 2158 3704 historicos
2174 3662 2374 3703 Herodoto
2389 3661 2655 3712 antiquiores,
2675 3663 2749 3702 etsi
2765 3665 2911 3715 saepius

1611 3728 1843 3780 argumenta
1859 3734 1951 3763 vere
1969 3721 2157 3762 historica
2186 3721 2250 3760 vel
2266 3720 2455 3760 historica
2482 3720 2668 3770 mythicis
2698 3721 2826 3761 mixta
2858 3723 2913 3763 ab
2987 3735 2989 3738 ·

1611 3789 1658 3827 iis
1671 3787 1841 3827 tractata
1856 3783 1964 3832 sunt,
1985 3791 2067 3820 uno
2084 3779 2442 3830 loqoqraphorum
2460 3778 2623 3818 nomine
2645 3780 2908 3830 comprehen-

1611 3845 1725 3885 dunt.
1743 3844 1928 3882 Ceterum
1946 3837 1998 3878 cf.
2015 3841 2202 3879 Creuzer.
2223 3839 2333 3876 Hist.
2361 3838 2500 3876 Kunst
2519 3847 2559 3886 p.
2579 3842 2653 3876 265
2671 3847 2760 3887 sqq.

1663 3901 1733 3952 (**)
1750 3898 1892 3940 Strabo
1905 3899 2008 3943 XIV,
2021 3907 2061 3946 p.
2073 3900 2147 3935 635
2160 3894 2288 3934 claros
2300 3893 2471 3933 Milesios
2481 3904 2686 3933 recensens
2696 3895 2910 3945 postquam
2986 3902 2991 3909 ·

1612 3958 1889 4000 nominaverat
1900 3955 2120 4002 Thaletem,
2139 3952 2499 4002 Anaximandrum,
2513 3952 2798 3992 Anaximenem
2817 3964 2908 4004 per-

1612 4020 1668 4070 git
1687 4035 1696 4058 :
1714 4018 1799 4056 Ἔτι
1820 4015 1853 4055 δ’
1865 4016 2066 4057 Ἑκαταῖος
2078 4041 2088 4059 ,
2105 4013 2127 4051 ὁ
2144 4013 2212 4058 τὴν
2233 4011 2402 4062 ἱστορίαν
2421 4010 2602 4056 συντάξας
2614 4022 2622 4030 ·
2644 4012 2729 4049 καθ’
2746 4013 2846 4062 ἡμᾶς
2868 4013 2910 4052 δὲ

1612 4075 1794 4127 Αἰσχίνης
1825 4075 1847 4112 ὁ
1871 4074 1995 4125 ῥήτωρ
2020 4071 2102 4110 κτλ.
2125 4067 2188 4108 -lbi
2218 4069 2310 4108 ante
2349 4068 2437 4108 καθ’
2475 4070 2575 4119 ἡμᾶς
2609 4068 2797 4108 excidisse
2826 4070 2910 4109 Κά-

1614 4135 1711 4185 δμου
1731 4131 1971 4171 mentionem
1987 4127 2201 4178 opinantur
2217 4128 2360 4176 coray.
2376 4124 2426 4164 ad
2444 4125 2482 4164 h.
2514 4125 2541 4164 l.
2566 4126 2607 4164 et
2624 4125 2842 4166 Groskurd.
2869 4126 2909 4165 in

1614 4191 1795 4231 versione
1837 4186 2043 4228 Strabonis
2083 4183 2327 4234 germanica,
2367 4184 2424 4222 uti
2467 4182 2575 4222 disco
2608 4195 2658 4223 cx
2699 4183 2912 4234 Forhigeru

1619 4248 1789 4290 Hamil).
1813 4247 1852 4287 d.
1873 4247 1951 4286 alc.
1977 4247 2117 4293 Geoqr.
2148 4245 2186 4290 1,
2203 4254 2241 4293 p.
2269 4245 2334 4280 48.
