3016 4628
723 320 1162 382 CYTHMORUM,
1196 276 1538 366 ἷνΑΧιοιιοΜ
1588 318 2006 368 anspussmcffi.
2619 331 2668 370 s,
2680 330 2708 371 ⁵

648 432 754 477 166.

53 522 59 532 '
123 544 352 604 Diogenes
370 545 521 588 Laert.
563 541 698 596 VIII,
744 533 798 583 13
831 552 844 584 :
881 533 1053 625 Ἀμέλει
1083 531 1158 580 καὶ
1200 532 1345 596 βωμὸν

58 617 350 679 προσκυνῆσαι
372 613 387 676 (
390 610 664 700 Πυθαγόραν
685 609 862 677 φασὶν)
883 606 1010 670 μόνον
1035 609 1078 653 ἐν
1111 604 1242 668 Δήλῳ
1276 604 1347 651 τὸν

59 682 322 739 Ἀπόλλωνος
343 688 418 732 τοῦ
448 680 664 748 γενέτορος
680 717 693 739 ,
713 679 801 733 ὅς’
783 699 896 727 εστιν
917 679 1088 727 ὄπισθεν
1108 697 1181 724 του
1204 679 1265 726 Κε
1249 696 1348 742 ρα-

59 755 204 814 τίνου,
232 755 301 804 διὰ
319 756 367 804 τὸ
390 775 544 821 πυρους
576 753 649 801 καὶ
673 750 819 817 κριθὰς
839 743 913 798 καὶ
946 750 1001 797 τὰ
1034 749 1209 796 πόπανα
1237 748 1346 810 μόνα

59 826 246 876 τίθεσθαι
267 830 334 875 ἐπ
375 829 504 875 αὐτοῦ
547 824 645 872 ἄνευ
670 822 994 889 πυρὸς,ἱερεῖον
1034 821 1078 869 δὲ
1112 820 1262 883 μηδὲν,
1292 819 1348 874 ὥς

58 917 188 965 φησιν
216 899 557 965 Ἀριστοτέλης’
538 917 581 945 εν
603 891 773 954 Δηλίων
801 894 1016 960 πολιτεία.

125 972 194 1018 Cf.
234 972 464 1033 Porphyr.
491 975 561 1018 De
585 971 750 1016 abstin.
777 971 850 1026 ΙΙ,
875 967 900 1014 5
919 978 965 1013 et
989 982 1077 1029 203
1101 966 1343 1011 Iamblich.

59 1043 129 1091 De
150 1045 232 1092 vit.
253 1045 386 1104 Pyth.
413 1060 453 1091 c.
479 1041 538 1088 25
557 1053 603 1088 et
628 1041 712 1099 353
735 1043 898 1087 Cicero
917 1042 976 1086 de
999 1043 1120 1100 Rep.
1147 1041 1237 1094 ΙΙΙ,
1269 1054 1286 1082 1
1302 1055 1341 1095 13

59 1114 319 1164 Philostrat.
345 1113 438 1161 vit.
482 1116 705 1175 Apollon.
728 1116 831 1159 init.
874 1114 940 1161 De
969 1113 1104 1175 βωμῶ
1140 1110 1347 1174 κερατείῳ

58 1189 95 1237 ε’.
113 1185 381 1252 κερατίνων.
401 1189 663 1234 Callimach.
693 1190 864 1246 Hymn.
892 1187 942 1230 in
968 1185 1125 1245 Apoll.
1144 1184 1203 1227 62
1218 1199 1320 1242 sqq.
1332 1217 1344 1242 ,

49 1250 289 1308 ‘Plutia-‚ch
316 1262 482 1306 Moral.
504 1277 550 1321 p.
573 1259 684 1320 983,
706 1262 761 1315 Ε,
785 1261 873 1306 Vit.
899 1258 1061 1303 Thesei
1086 1273 1126 1303 c.
1147 1272 1224 1300 21.

553 1373 835 1440 KYssNlssN

647 1493 665 1520 1
676 1476 734 1533 67
745 1510 754 1519 .

58 1612 74 1636 ῃ
126 1588 470 1645 Harpocration
510 1603 519 1630 :
562 1585 755 1631 Κύθνιοι.
793 1580 1070 1643 Δημοσθένης
1094 1581 1137 1626 ἐν
1156 1582 1218 1643 τῷ
1246 1578 1346 1642 περὶ

60 1654 295 1710 συντάξεως
314 1658 326 1718 (
347 1659 372 1717 §
396 1657 453 1710 34
474 1658 506 1716 ).
534 1655 697 1708 Κύθνος
717 1653 796 1716 μία
815 1657 899 1700 τῶν
929 1651 1165 1700 Κυκλάδων
1186 1650 1343 1708 νήσων,

59 1730 116 1782 ὥς
137 1725 428 1790 Ἀριστοτέλης
452 1729 494 1772 ἐν
519 1731 571 1791 τῇ
598 1727 791 1774 Κυδνίων
810 1727 1022 1791 πολιτείᾳ.

125 1801 303 1849 Zenob.
325 1805 403 1857 lv,
437 1801 495 1846 83
523 1818 533 1848 :
562 1803 700 1847 Κυθν
715 1801 815 1847 ώλε
830 1818 872 1853 ις
896 1796 1197 1862 συμφοραί·
1220 1801 1344 1843 τοῦτο

58 1873 119 1927 εἷς
141 1871 374 1937 παροιμίαν
395 1866 498 1930 ἦλθε
523 1872 593 1919 διὰ
614 1871 669 1919 τὰ
698 1872 900 1925 Κυθνίοις
925 1869 1173 1932 συμ.6άντα.
1220 1868 1345 1927 Φησὶ

43 1944 143 2010 γὰρ
166 1943 457 2010 Ἀριστοτέλης
490 1943 601 1991 οὕτω
625 1947 770 1998 κακῶς
802 1943 954 1997 αὐτοὺς
978 1945 1224 1999 διατεθῆναι
1265 1941 1346 1988 ὑπὸ

63 2016 388 2083 Ἀμφιτρύωνος,
415 2015 528 2064 ὥστε
544 2016 622 2071 τὰς
642 2017 838 2081 μεγάλας
863 2015 1086 2081 συμφορὰς
1105 2014 1348 2068 Κυθνώλεις

63 2089 303 2139 καλεῖσθαι.

74 2167 79 2171 ’
126 2165 270 2208 «Pro
301 2165 488 2225 vulgato
516 2161 718 2210 Κυθνώδε
723 2181 757 2215 ις
790 2163 862 2207 bis
899 2163 1010 2208 dedi
1047 2160 1289 2214 Κυθνώλεις
1334 2178 1344 2206 ;

62 2252 107 2284 v.
133 2238 330 2296 Hesych.
349 2254 404 2284 v,
435 2236 680 2294 Κυδνώλης.
707 2239 765 2281 Et
790 2238 854 2281 sic
877 2237 1179 2281 scribendum
1213 2237 1352 2280 docet

65 2309 305 2356 Helladius
318 2309 451 2356 Phor.
471 2312 591 2355 Bibl.
608 2326 656 2369 p.
677 2308 920 2372 1588(533
939 2310 1137 2370 Bekkff)
1129 2307 1350 2354 NSanm

64 2397 238 2428 nnwm.
265 2382 332 2428 Cf.
352 2382 512 2442 Steph.
547 2383 634 2428 Th.
661 2398 707 2426 v.
732 2378 980 2438 Κυθνώλης.
1011 2382 1204 2426 Photius
1226 2382 1255 2426 l.
1280 2382 1310 2426 l.
1338 2394 1349 2427 :

62 2448 242 2515 ’Ἄργους
263 2449 344 2515 γὰρ
367 2445 417 2508 ἦν
437 2450 593 2516 χωρίον
612 2471 654 2497 τι
677 2451 940 2514 καλούμενον
962 2450 1159 2507 Κύθνιον,
1186 2445 1234 2498 οὗ
1258 2450 1353 2504 τοὺς

49 2521 221 2588 ,ἄνδρας
251 2523 355 2570 ποτὲ
389 2522 658 2589 Ἀμφιτρύων
684 2525 824 2571 ἀνεῖλε
847 2523 1010 2577 πάντας
1026 2559 1038 2581 ,
1061 2521 1172 2580 πλὴν
1198 2523 1353 2586 ὀλίγων

5 2638 7 2644 .
61 2594 196 2642 πάνυ.
236 2599 324 2642 De-
346 2599 529 2657 Cythno
567 2599 716 2642 insula
754 2598 812 2646 cf.
843 2598 1009 2643 Strabo
1043 2599 1115 2652 X,
1148 2615 1197 2658 p.
1237 2598 1348 2655 4853

46 2669 224 2729 steph.
252 2671 359 2729 Byz.
386 2686 421 2716 s.
443 2686 510 2727 V.;
537 2670 766 2714 Herodot.
794 2672 899 2726 VII,
927 2686 1014 2730 903
1046 2673 1179 2726 VIII,
1205 2671 1283 2727 67.

545 2775 869 2837 (THNIQN.)

631 2889 718 2947 167
747 2906 789 2933 a.

107 3020 109 3022 -
135 2988 308 3032 Plinius
338 2990 398 3034 H.
425 2990 483 3033 N.
511 2991 589 3045 IV,
620 3004 676 3033 21
713 3005 724 3033 ε
759 2991 959 3035 Tenos...
999 3005 1136 3049 quam
1166 3002 1358 3051 propter

66 3064 292 3119 ‘aquarum
326 3061 658 3104 abundantiam
683 3063 948 3105 Aristoteles
963 3063 1245 3117 Hydrarsam
1270 3080 1369 3123 ap

67 3131 291 3193 pellatam
315 3136 392 3187 ait,
421 3134 570 3192 aliqui
592 3132 882 3192 Ophiussam.
907 3135 1026 3178 Rern
1043 3145 1202 3178 narrat
1218 3137 1354 3180 etiam

68 3198 230 3271 ‘steph
255 3205 360 3264 Byz.
383 3221 427 3250 v,
451 3205 608 3262 Τῆνος,
630 3205 875 3264 subjiciens
885 3207 1098 3251 mirabile
1115 3208 1355 3266 quoddam

659 3346 758 3388 166.

47 3429 98 3483 ᾗ-
121 3424 507 3475 Pythagoramaiunt
515 3427 556 3466 in
573 3428 669 3468 Delo
684 3428 808 3468 solam
822 3429 1012 3478 Apollinis
1023 3429 1211 3479 genitoris
1227 3441 1353 3476 aram,

67 3496 165 3542 >w
178 3498 280 3538 pone
294 3498 406 3528 aram
425 3491 650 3530 ceratinam
669 3492 912 3543 (corneam)
930 3494 1011 3543 est,
1037 3492 1235 3542 adorasse,
1251 3494 1356 3543 quod

70 3549 318 3595 ,firmentum
333 3553 374 3592 et
394 3552 588 3594 hordeum
607 3557 648 3595 ct
674 3555 876 3605 placentas
909 3556 1013 3595 solas
1030 3556 1086 3595 illi
1108 3556 1258 3606 absque
1285 3568 1360 3596 usu

75 3611 172 3663 ionis
199 3615 399 3666 imponere
421 3617 599 3668 soleant,
619 3620 796 3659 ceterum
825 3619 957 3660 nullas
970 3620 1174 3670 victimas,
1197 3621 1242 3659 ut
1272 3620 1361 3660 Ari-

0 3705 2 3738 3
76 3677 262 3718 nomes·
251 3689 292 3718 m
311 3679 513 3720 Deliorum
536 3692 619 3732 rep.
636 3683 819 3722 testatur.

493 3753 937 3803 CYTHNlORUM.

674 3842 773 3882 167.

129 3919 331 3971 cythnus,
351 3933 430 3962 una
452 3934 504 3963 ex
523 3923 761 3974 Cycladibus
790 3924 950 3973 insulis,
977 3925 1022 3963 ut
1051 3924 1279 3964 Aristotcles
1302 3924 1357 3963 ait

80 3981 121 4025 iu
135 3984 394 4033 Cythniorum
409 3997 492 4037 rep.

56 4067 79 4097 t
132 4048 341 4094 Κυθνώλεις
356 4050 561 4101 συμφοραί.
593 4050 701 4090 Hoc
690 4062 731 4089 m
744 4051 997 4100 proverbium
1014 4051 1114 4090 abiit
1134 4052 1295 4101 propter
1313 4062 1361 4090 ea

56 4116 176 4160 ηοω
184 4111 358 4161 Ογῑὶιιιίῂ
369 4113 611 4153 acciderunt.
626 4114 731 4153 Dicit
739 4114 844 4153 enim
854 4113 1080 4154 Aristoteles
1092 4117 1173 4153 tam
1184 4115 1285 4153 male
1297 4125 1365 4154 eos

74 4169 273 4216 ,tractatos
294 4175 345 4214 ab
361 4177 644 4227 Amphitryone
666 4188 749 4217 esse
761 4207 771 4225 ,
790 4178 837 4215 ut
869 4188 1018 4227 magnae
1032 4179 1273 4218 calamitates
1292 4192 1362 4216 κυ-

79 4234 233 4294 ,θνώλιις
254 4237 403 4289 (quasi
427 4240 638 4291 t‘ylhniae)
653 4245 903 4281 vocarentur.

1423 428 1537 471 Teni
1556 428 1642 470 ins.
1662 460 1674 482 ‚
1697 442 1752 471 ex
1786 428 2256 473 Pseudo-Aristotelis
2283 430 2555 490 Θαυμασίοις
2576 431 2706 477 ἀκού·

1422 515 1573 559 σμασι.
1596 501 1765 543 Noster
1781 500 1909 543 locus
1935 515 1992 542 ex
2013 500 2180 542 eodem
2202 501 2310 544 loco
2331 501 2543 557 fluxerit,
2587 505 2712 549 unde

1422 571 1545 615 istud
1580 567 1818 630 θαυμάσιον
1849 571 1916 631 (e.
1948 570 2055 629 33).
2077 573 2167 628 Qui
2203 572 2306 615 fons
2344 590 2454 617 num
2487 575 2710 620 Πολιτεῖαι

1423 657 1482 686 an
1502 643 1630 687 aliud
1647 644 1904 687 Aristotelis
1925 659 2043 702 opus
2062 644 2223 699 suerit,
2247 646 2349 702 quis
2380 645 2712 692 affirmaverit?

1914 769 2209 830 (ΜΗΔΙΩΝ.
2233 770 2247 831 )

1995 892 2080 948 167
2109 893 2156 935 b.

1490 1006 1664 1049 Plinius
1685 1007 1744 1052 H.
1778 1007 1835 1050 N.
1864 1008 1938 1060 lV,
1964 1005 2022 1048 23
2051 1021 2060 1048 :
2086 1006 2268 1058 Melos,
2292 1022 2429 1064 quam
2450 1008 2715 1049 Aristoteles

1422 1078 1702 1138 Zephyriam
1731 1076 2015 1138 (appellat).
2036 1078 2207 1121 Deliae
2231 1093 2421 1135 quoque
2440 1078 2584 1121 insula
2612 1078 2717 1121 vide

1424 1167 1525 1211 quae
1551 1153 1599 1194 in
1622 1152 1787 1197 Mirab.
1808 1152 2000 1197 Aristot.
2030 1167 2071 1196 e.
2111 1155 2169 1202 44
2192 1151 2428 1210 leguntur.

1889 1259 2253 1323 [ΘΗΡΑΙΩΝ.]

1490 1379 1625 1425 Arist.
1647 1379 1746 1422 Pol.
1769 1378 1850 1433 1V,
1871 1377 1914 1435 3,
1941 1393 1987 1437 9.
2011 1377 2120 1422 Vid.
2147 1380 2286 1437 Resp.
2312 1380 2715 1438 Apolloniatarum

1422 1453 1478 1499 fr.
1506 1455 1611 1503 141.

1924 1546 2213 1611 (Karana)

1487 1654 1627 1714 Apud
1649 1655 1868 1698 Photium
1890 1653 1997 1700 cod.
2037 1654 2120 1699 161
2158 1656 2353 1714 Sopater
2373 1656 2631 1700 adhibuisse
2663 1657 2721 1700 ad

1423 1728 1841 1771 consarcinandum
1872 1727 2047 1771 librum
2086 1727 2319 1772 decimum
2341 1728 2511 1772 dicitur
2543 1731 2720 1773 Aristo-

1424 1800 1524 1843 telis
1541 1800 1894 1859 Rempublicam
1907 1799 1948 1845 Κ
1964 1796 2020 1843 ίω
2033 1817 2068 1844 ν.
2086 1800 2404 1846 probabiliter
2424 1802 2721 1846 scribendum

1423 1882 1490 1916 est
1507 1870 1648 1919 Κείων
1678 1871 1691 1933 (
1712 1872 1772 1916 cf.
1796 1873 2055 1917 Heraclidis
2081 1873 2138 1920 fr.
2164 1889 2188 1931 7
2207 1870 2245 1935 );
2276 1875 2364 1918 nisi
2394 1876 2582 1919 mavelis
2600 1875 2712 1921 Κια-

1422 1946 1506 1990 νῶν
1535 1944 1594 2006 (V.
1622 1944 1677 1991 fr.
1711 1944 1848 2006 187).

1943 2051 2203 2100 ΝΑΞΙΩΝ.

2027 2157 2131 2202 168.
2506 2163 2536 2186 θ

1493 2272 1739 2317 Athenaeus
1756 2275 1944 2332 VIII,p.
1962 2272 2074 2329 348,
2095 2276 2410 2334 A‚postquam
2423 2289 2478 2317 ex
2496 2274 2720 2318 Clearcho

1428 2351 1474 2388 et
1494 2344 1814 2405 Theophrasto
1841 2345 2058 2389 attulerat
2080 2346 2388 2404 proverbium
2412 2343 2567 2396 Οὐδεὶς
2590 2343 2720 2396 κακὸς

1430 2409 1564 2474 μέγας
1576 2411 1696 2474 ἰχθύς
1714 2416 1788 2459 vel
1810 2412 1958 2475 Μέγας
1971 2413 2104 2467 οὐδεὶς
2121 2413 2283 2479 σαπρὸς
2302 2414 2438 2478 ἰχθύς,
2455 2418 2608 2476 pergit
2625 2418 2685 2460 ita
2706 2433 2715 2460 :

1432 2483 1735 2548 Ἀριστοτέλης
1775 2486 1818 2531 ἐν
1843 2490 1895 2550 τῇ
1923 2485 2095 2541 Ναξίων
2130 2487 2336 2547 Πολιτείᾳ
2374 2487 2472 2551 περὶ
2514 2490 2591 2543 τῆς
2635 2507 2722 2533 πα-

1432 2556 1599 2620 ροιμίας
1623 2555 1734 2603 οὕτω
1757 2559 1927 2648 γράφει·
1968 2580 1987 2602 c«
2029 2561 2129 2607 Των
2171 2559 2291 2623 παρὰ
2320 2536 2493 2614 Ναξίοις
2531 2561 2721 2624 εὐπόρων

1431 2631 1469 2675 οι
1491 2628 1544 2691 μὲ
1547 2649 1568 2676 ν
1593 2629 1745 2675 πολλοὶ
1765 2630 1813 2676 τὸ
1845 2630 1950 2678 ἄστυ
1977 2630 2134 2696 ᾤκουν,
2160 2634 2197 2678 οἱ
2223 2631 2267 2678 δὲ
2293 2631 2415 2678 ἄλλοι
2451 2632 2715 2695 διεσπαρμέ-

1431 2721 1495 2748 νοι
1513 2701 1626 2748 κατὰ
1657 2699 1827 2764 κώμας.
1854 2702 1929 2752 Ἐν
1958 2708 2029 2751 οὖν
2052 2703 2103 2761 δή
2125 2724 2207 2751 τινι
2228 2724 2312 2751 των
2336 2707 2514 2767 κωμῶν,
2537 2698 2609 2769 ᾑ”
2586 2724 2722 2766 ονομα

1432 2777 1483 2830 ἠν
1511 2774 2236 2839 Ληστάδαι,’1ελεσταγόραςὤκει
2248 2774 2476 2834 π,λούσιός
2492 2795 2535 2822 τε
2559 2775 2663 2865 σφρό
2670 2795 2721 2838 ρα

1433 2845 1507 2892 καὶ
1526 2848 1763 2910 ευδοκιμῶν
1781 2867 1856 2894 και
1869 2868 2039 2911 τιμωυι
2042 2868 2109 2902 νος
2129 2848 2249 2913 παρὰ
2269 2870 2330 2896 τω
2351 2849 2476 2937 δήμω
2490 2855 2613 2901 τοῖςτ
2616 2849 2720 2894 ἀλ·

1432 2921 1522 2971 λοις
1541 2918 1679 2965 ἅπασι
1706 2920 1780 2966 καὶ
1800 2927 1887 2972 τοῖς
1904 2923 2000 2968 καθ’
2022 2921 2189 2984 ἡμέραν
2213 2922 2523 2984 πεμπομένοις.
2546 2921 2678 2969 Kott‘'
2652 2941 2722 2967 οτε

1435 2991 1701 3044 καταὸάντες
1717 2995 1764 3039 ἐκ
1780 2997 1855 3050 τῆς
1875 2993 2039 3047 πόλεως
2064 2994 2318 3040 δυσωνοῖντό
2332 3014 2373 3040 τι
2390 2997 2472 3040 τῶν
2492 2994 2723 3054 πωλουμέ-

1433 3083 1535 3124 νων,
1560 3064 1692 3118 ἔθος’
1671 3085 1723 3123 ην
1742 3066 1830 3119 τοῖς
1855 3068 2047 3114 πωλοῦσι
2063 3066 2160 3130 λέγε
2166 3086 2218 3125 ιν,
2242 3066 2308 3113 ὅτι
2333 3066 2544 3129 μᾶλλον
2523 3086 2573 3113 αν
2594 3066 2724 3129 προέ-

1435 3137 1574 3183 λοιντο
1617 3137 1926 3212 Ἰελεσταγόρα
1966 3139 2134 3197 δουναι,
2169 3137 2196 3195 ἢ
2233 3138 2435 3186 τοσούτου
2476 3138 2723 3185 ἀναδόσθαι.

1437 3209 1670 3256 Νεανίσκοι
1700 3214 1772 3256 οὖν
1796 3229 1905 3264 τινες
1929 3210 2160 3273 ὠνούμενοι
2191 3210 2326 3274 μέγαν
2363 3210 2502 3275 ἷχθυν,
2536 3211 2725 3263 εἰπόντος

1908 3352 2190 3400 NAXlORU
2198 3352 2264 3399 M.

2031 3455 2129 3495 168.

1486 3540 1714 3580 Aristoteles
1723 3541 1764 3580 in
1779 3541 1997 3581 Naxiorum
2011 3545 2120 3592 Rep.,
2135 3542 2202 3581 nbi
2218 3543 2415 3592 proverbii
2429 3543 2583 3582 Nullus
2597 3546 2724 3592 piscis

1437 3616 1620 3654 maynus
1633 3608 1696 3645 est
1704 3607 1846 3646 malus
1861 3607 2063 3656 meminit,
2075 3607 2162 3646 haec
2174 3607 2338 3646 scribit«
2354 3619 2363 3645 ε
2386 3611 2530 3646 Eorum
2541 3607 2609 3656 qui
2620 3606 2723 3656 apud

1435 3670 1582 3709 Naxios
1601 3669 1714 3719 copia
1728 3669 1785 3709 rei
1808 3671 2009 3709 familiaris
2034 3671 2311 3719 abundabant,
2334 3671 2399 3710 alii
2423 3671 2653 3709 habitabant
2683 3670 2722 3709 in

1435 3733 1548 3782 urbe,
1569 3733 1635 3772 alii
1652 3744 1719 3783 per
1734 3733 1846 3773 vicos
1869 3734 2035 3784 sparsim
2050 3734 2172 3773 vitam
2187 3734 2367 3784 agebant.
2382 3737 2427 3773 ln
2448 3745 2527 3772 uno
2543 3734 2660 3782 igitur
2676 3744 2724 3770 cx

1435 3796 1554 3845 vicis,
1576 3796 1640 3835 cui
1657 3797 1834 3836 Lestadoe
1848 3808 2010 3847 nomen,
2032 3798 2236 3837 habitabat
2253 3798 2535 3846 Telestagoras,
2554 3796 2612 3833 vir
2625 3807 2720 3844 prm·

1435 3859 1545 3899 dives
1567 3864 1606 3899 et
1618 3860 1779 3910 optimae
1795 3861 1900 3911 apud
1915 3872 2054 3900 omnes
2070 3861 2211 3909 samae;
2232 3871 2351 3910 quem
2366 3859 2582 3899 honorabat
2599 3869 2722 3907 popu-

1436 3922 1497 3962 lus
1517 3934 1643 3972 quum
1659 3923 1747 3962 aliis
1764 3924 1949 3964 omnibus
1964 3925 2098 3973 rebus,
2122 3927 2209 3964 tum
2227 3924 2353 3962 missis
2368 3922 2540 3972 quotidie
2557 3920 2724 3959 muneri-

1435 3985 1523 4024 bus.
1547 3986 1643 4026 Etsi
1659 3986 1821 4036 quando
1837 3987 2035 4038 oppidani,
2051 3988 2092 4027 in
2104 3988 2211 4026 vicos
2229 3986 2413 4036 degressi.
2430 3995 2559 4023 emere
2571 3983 2721 4032 aliquid

1436 4060 1568 4087 rerum
1582 4050 1780 4088 venalium
1794 4050 1961 4098 vellent,
1978 4047 2045 4090 sed
2063 4051 2226 4089 minoris
2248 4050 2491 4088 licitarentur
2507 4057 2624 4095 quam
2653 4058 2723 4095 par

1436 4113 1562 4159 esset,
1579 4112 1757 4152 solebant
1774 4113 1996 4153 venditores
2014 4113 2261 4164 respondere,
2279 4111 2395 4149 malle
2410 4121 2450 4148 se
2465 4110 2722 4158 Telos-tagorw.

1436 4177 1531 4216 dare
1546 4188 1667 4226 quam
1677 4189 1723 4216 eo
1735 4178 1862 4227 pretio
1874 4177 2068 4217 addicere.
2088 4175 2309 4226 Aliquando
2326 4174 2441 4221 igitur
2453 4173 2614 4221 juvenes
2623 4183 2720 4209 nou-

1438 4240 1534 4279 nulli
1543 4251 1728 4290 magnum
1747 4241 1890 4290 piscem
1902 4243 2136 4286 mercantes,
2152 4249 2276 4287 quum
2288 4237 2389 4275 idem
2402 4235 2497 4273 iilud
2509 4234 2722 4284 respondis·
