3016 4628
214 302 305 353 ‘¹8⁶

209 397 390 448 Ἀττικοὶ
416 396 494 461 γὰρ
521 392 896 460 μεταπεμφθέντες
933 395 989 447 εἷς
1014 392 1164 455 Σάμον
1198 395 1325 439 κάκεῖ
1355 411 1500 439 κατοι-

209 472 422 530 κήσαντες
442 467 536 522 τοὺς
561 466 791 531 ἐγχωρίους
810 465 1008 521 ἐξέωσαν.
1364 497 1372 503 ·

271 545 446 591 Eadem
464 543 609 589 schol.
636 542 696 587 ad
722 542 910 587 Aristot.
939 541 1077 586 Rhet.
1102 541 1175 597 11,
1212 557 1290 595 21,
1321 555 1394 595 12,
1422 540 1503 583 ubi

205 620 262 670 ὡς
283 619 305 662 ὁ
334 614 554 679 Κράτερος
573 610 602 669 ἢ
629 615 807 676 Δοῦρις,
834 613 875 657 ἐν
899 613 960 674 τῷ
989 609 1144 674 βιὸλίῳ
1171 608 1399 665 Ζηνοὸίου.
1434 612 1503 653 De

205 690 383 735 colonis
401 690 586 734 Samum
607 687 751 731 missis
769 702 813 732 v.
831 684 1031 731 Diodor.
1056 686 1231 739 XVIII,
1255 683 1283 728 8
1305 692 1350 727 01
1379 684 1435 726 18
1459 690 1503 724 01

205 779 323 824 quos
346 763 412 806 ibi
432 760 589 805 laudat
611 759 907 817 VVesseling.;
934 758 1154 803 Strabon.
1182 758 1308 811 XIV,
1330 771 1379 814 p.
1403 753 1507 798 638-

203 835 341 895 Diog.
369 836 425 880 L.
465 834 538 888 X,
583 849 623 879 1.
655 832 792 875 Plura
835 845 910 888 ap.
955 828 1211 872 Panotkam
1246 830 1339 872 Res
1372 827 1496 871 Sam.

205 922 251 965 p.
276 922 335 966 97
365 914 408 951 et
429 906 634 951 Clinton.
658 901 715 948 ad
738 918 811 948 an.
841 900 932 945 352
959 910 1004 944 et
1027 900 1144 946 323.μ

566 998 608 1044 Π
621 997 718 1043 ΕΡΙ
754 993 1130 1060 ΤΡΑΓῼΔΙΑΣ

842 1104 888 1148 9.

271 1191 514 1237 Athenaeus
533 1191 660 1244 XIV
684 1203 733 1248 p.
768 1187 880 1243 636,
907 1188 976 1231 F:
1003 1183 1216 1246 Δουριςδ’
1245 1184 1286 1228 ἐν
1312 1184 1374 1247 τῶ
1393 1181 1503 1246 Περὶ

205 1262 445 1328 τραγῳδίας
467 1260 716 1320 ὠνομάσθαι
737 1277 841 1322 φησι
870 1256 946 1313 τὴν
975 1255 1160 1319 μάγαδιν
1188 1254 1272 1301 ἀπὸ
1308 1227 1502 1316 Μάγδιος

209 1334 419 1397 (Μάγδου
440 1337 644 1395 Epitom.
667 1333 678 1393 )
708 1329 883 1395 Θρᾳκὸς
905 1347 951 1390 γε
933 1327 1037 1382 ζςνο.

271 1409 526 1454 Thracibus
548 1407 863 1451 inventionem
887 1392 1181 1447 instrumenti
1216 1403 1356 1446 etiam
1381 1402 1499 1447 Can·

207 1484 366 1527 tharus
386 1496 461 1542 ap.
484 1481 661 1526 Polluc.
687 1480 766 1534 IV,
798 1478 853 1521 61
886 1476 1087 1521 ascribit.
1105 1476 1159 1519 V.
1186 1474 1348 1534 Steph.
1369 1475 1502 1520 Thes.

207 1571 249 1598 v.
278 1550 458 1613 Μαγάς;
483 1551 628 1596 Bode.
658 1552 686 1596 l.
713 1551 751 1597 l,
773 1550 843 1605 11,
875 1562 985 1606 1,p.
1022 1545 1127 1590 188.
1163 1546 1376 1590 Aliorum
1402 1561 1503 1590 sen.-
1550 1599 1553 1602 .

209 1626 372 1670 tentias
394 1624 501 1671 vide
525 1638 600 1682 ap.
624 1622 893 1666 Athenaeum
920 1620 949 1662 l.
978 1620 1006 1663 l.

276 1738 423 1785 ΠΕΡΙ
464 1733 795 1783 ΕΥΡΙΠΙΔΟΥ
829 1732 937 1779 ΚΑΙ
974 1730 1423 1778 ΣΟΦΟΚΛΕΟΥΣ.

805 1844 882 1885 70.

269 1927 514 1970 Athenaeus
534 1926 623 1983 IV,
645 1922 750 1979 184,
783 1925 824 1967 D
857 1938 867 1966 :
891 1922 1047 1984 Δοῦρις.
1062 1920 1097 1965 δ’
1126 1921 1168 1966 ἐν
1192 1921 1254 1984 τῷ
1281 1917 1392 1984 Περὶ
1414 1920 1503 1967 Εὐ-
1550 1937 1554 1941 ’

206 1996 371 2059 ριπίδου
396 1996 468 2043 καὶ
493 1993 759 2059 Σοφοκλέους
784 1991 1060 2050 Ἄλκιὸιάδην
1094 1991 1200 2057 φησὶ
1236 1995 1388 2055 μαθεῖν
1425 1992 1504 2050 τὴν

155 2128 159 2131 Δ
198 2067 440 2127 ἀὐλητικὴν
466 2070 512 2115 οὗ
534 2066 654 2132 παρὰ
671 2071 746 2114 τοῦ
766 2065 990 2131 τυχόντος,
1015 2064 1127 2112 ἀλλὰ
1152 2064 1406 2131 Προνόμου,
1427 2069 1502 2112 τοῦ

205 2141 410 2206 μεγίστην
436 2139 666 2204 ἐσχηκότος
689 2138 830 2195 δόξαν.
1111 2155 1134 2165 “

269 2209 594 2270 Antigenidem
630 2207 869 2252 tibicinem
901 2206 1133 2252 Alcibiadi
1163 2215 1503 2267 praeceptorem

203 2283 282 2326 dat
318 2283 557 2341 Pamphila
595 2296 667 2340 ap.
707 2281 908 2326 Gellium
939 2281 1043 2336 XV,
1084 2295 1156 2337 17.
1189 2281 1363 2325 Contra
1394 2281 1502 2325 Plu·

205 2354 388 2398 tarchus
407 2354 558 2398 Alcib.
587 2368 613 2396 2
643 2367 654 2398 ε
681 2351 747 2398 Τὸ
768 2351 804 2396 δ’
832 2353 977 2397 αὐλεῖν
999 2349 1173 2415 ἔφευγεν
1211 2347 1412 2417 (Ἀλκιδ.)
1447 2353 1504 2405 ὡς

206 2422 372 2486 ἀγεννὲς
393 2423 466 2471 καὶ
489 2421 774 2488 ἀνελεύθερον.
798 2423 869 2471 Cf.
890 2426 1029 2470 Plato
1055 2423 1218 2470 Alcib..
1247 2426 1270 2469 Ι
1302 2439 1363 2484 p..
1388 2423 1502 2482 106,

206 2501 256 2543 E.
276 2501 385 2557 Quae
406 2499 710 2543 Hullemanus
729 2497 980 2542 conciliare
999 2497 1154 2542 studet
1172 2498 1250 2551 ita,
1270 2506 1324 2541 ut
1342 2496 1504 2542 datum

207 2571 435 2616 Alcibiadi
457 2580 795 2631 praeceptorem
808 2586 920 2614 mox
939 2570 997 2615 ab
1015 2585 1071 2615 eo
1091 2570 1391 2630 repudiatum
1412 2579 1506 2615 sta—

207 2652 319 2689 tuat.
363 2644 588 2688 Duridem
623 2659 704 2687 sua
737 2644 787 2687 in
820 2643 1009 2688 laudem
1035 2642 1290 2687 Alcibiadis
1321 2640 1504 2686 finxisse
1545 2665 1548 2670 Α

995 2715 1080 2778 (Βο
1107 2716 1288 2761 Duride
1324 2714 1500 2761 Samio.
1552 2727 1554 2729 ·

207 2717 511 2775 probabiliter
543 2717 698 2761 statuit
734 2716 946 2761 Eck'ertz.

205 2790 357 2833 Bonn.
395 2788 553 2843 1842).

633 2875 781 2922 ΠΕΡΙ
819 2874 1059 2922 ΝΟΜΩΝ.

815 2986 837 3026 7
853 2987 890 3014 1.

279 3056 429 3114 Etym.
455 3057 516 3101 M.
542 3071 585 3102 v.
613 3052 807 3118 Θώραξ·
800 3053 1259 3119 ,ΔοῦριςόΣάμιος
1240 3074 1283 3101 εν
1307 3057 1368 3101 τῶ
1394 3054 1504 3119 Περὶ
1578 3059 1793 3118 loquenS.
1819 3060 1888 3106 Cf.
1916 3061 2118 3108 Meinek.
2143 3063 2216 3107 ad
2226 3063 2438 3122 Euphor.
2459 3079 2508 3124 p.
2537 3063 2646 3111 108.
2899 3038 2945 3115 ’.Ἴ

608 3208 689 3255 ΒΕ
723 3209 1101 3258 TRAGOEDIA.

813 3310 882 3351 69.

262 3389 402 3429 Duris
394 3401 433 3428 111
454 3390 553 3429 libro
570 3393 626 3430 De
652 3391 842 3440 tragoedia
857 3394 1040 3443 magadin
1063 3406 1209 3435 nomen
1233 3396 1381 3438 habere
1406 3397 1504 3438 dicit
1577 3392 1803 3443 ρήσσεσθαῑ-

211 3465 233 3491 a
257 3452 422 3503 Magdie,
443 3453 511 3503 qui
528 3454 661 3493 Thrax
676 3465 815 3504 genere
831 3456 962 3497 fuerit.

388 3548 471 3596 DE
505 3548 833 3598 SOPHOCLE
870 3554 951 3600 ET
987 3555 1316 3605 EURIPIDE.

815 3655 888 3695 70.

259 3737 380 3776 Duris
398 3736 437 3775 in
458 3735 559 3775 libro
580 3739 638 3775 De
659 3736 841 3787 Euripide
868 3739 908 3777 et
942 3740 1137 3790 Sophocle
1167 3743 1222 3782 ait
1260 3743 1503 3785 Alcibiadem

211 3800 307 3840 tibia
321 3810 463 3840 canere
477 3798 658 3839 didicisse
670 3810 749 3838 non
763 3800 869 3850 apud
882 3802 1080 3851 vulgarem
1090 3805 1264 3855 aliquem
1291 3807 1500 3857 artificem,

212 3864 278 3904 sed
296 3864 401 3915 apud
419 3867 661 3905 Pronomum
682 3864 795 3914 longe
814 3866 993 3906 omnium
1015 3868 1287 3911 clarissimum.

392 3960 475 4007 DE
510 3960 798 4008 MORIBUS
836 3961 915 4007 ET
953 3962 1322 4015 INSTITUTIS.

825 4058 896 4097 71.

267 4130 386 4170 Duris
418 4130 574 4171 Samius
593 4131 633 4170 in
667 4142 786 4182 opere
816 4134 874 4172 De
893 4132 1070 4173 moribus
1096 4135 1136 4173 et
1155 4135 1344 4177 institutis
1371 4142 1505 4178 narrat

217 4194 413 4233 Bacchum
434 4195 571 4234 contra
587 4194 706 4234 Indos
725 4196 942 4246 profectum
958 4225 968 4244 ,
986 4207 1110 4247 quum
1132 4197 1171 4236 in
1188 4201 1420 4248 potestatem
1439 4213 1505 4242 eos

218 4255 384 4306 redigere
402 4267 479 4296 non
496 4259 648 4307 posset,
669 4259 848 4298 thoraces
869 4259 946 4299 vini
961 4259 1096 4310 plenos
1115 4260 1163 4300 ad
1181 4261 1323 4303 limites
1341 4265 1506 4315 regionis

1304 283 1560 333 numnis
1597 252 1772 332 sAMn

1552 2145 1554 2149 .
1579 2079 1671 2127 δόσι
1691 2084 1845 2128 1105010
1869 2098 1930 2129 an
1947 2083 2275 2145 reponendum
2297 2085 2354 2130 sit
2372 2085 2605 2137 Μαλιεῦσι.

1576 3209 1716 3238 eorum
1732 3201 1973 3250 apposuisse.
1996 3203 2112 3242 'runc
2132 3203 2220 3243 illos
2246 3203 2533 3254 ingurgitantes
2547 3214 2590 3244 se
2604 3204 2760 3255 liquore
2774 3178 2940 3267 istuis&

1578 392 1718 454 νόμων
1744 391 1888 456 φησὶν,
1913 388 1979 437 ὅτι
2014 390 2218 444 Διόνυσος
2258 390 2598 455 ἐπιστρατεύσας
2625 391 2768 448 Ἰνδοῖς
2803 394 2877 443 καὶ

1580 463 1641 525 μὴ
1671 464 1903 526 δυνάμενος
1927 460 2079 515 αὐτοὺς
2109 459 2404 525 χειρώσασθαι
2423 466 2628 529 κρατῆρα
2664 462 2892 531 (Oesspnmc‘
2971 519 2975 522 ¹

1579 554 1764 583 correx.
1787 538 1922 583 Gent.
1940 536 1954 597 )
1979 532 2093 581 οἴνου
2121 531 2358 599 πληρώσας
2374 535 2457 600 πρὸ
2479 553 2554 593 της
2571 536 2719 601 χώρας
2737 538 2914 589 αὐτῶν

1579 607 1743 666 ἔθηκεν·
1782 609 1822 654 οἱ·
1855 605 1900 654 δὲ
1935 604 2244 671 ἐμφορηθέντες
2282 625 2356 654 του
2393 605 2615 671 πόματος,
2657 610 2930 714 ἀσυνήθιιςξ

1579 680 1715 740 ὄντες,
1727 679 1857 732 οὕτως
1878 677 2170 744 ἐχειρώθησαν
2185 678 2478 741 μεθυσθέντες,
2492 678 2626 729 εὈθεν
2645 683 2683 730 οἱ
2700 683 2930 742 ποιηταὶ

1579 751 1627 798 τὸ
1649 752 1818 813 μεθύειν
1838 751 2135 816 θωρησσεσθαι
2158 750 2373 814 λέγουσιν.
2911 742 2930 809 ,”
2972 753 2978 807 ζ

1649 823 1760 889 Περὶ
1793 823 1956 888 νόμων]
1979 827 2194 871 usitatior
2215 827 2460 887 inscriptio
2482 826 2639 872 foret.
2662 825 2775 891 Περὶ
2808 835 2926 895 *vo-'¹3
2973 842 2978 900 ζ

1581 895 1743 958 μίμων.
1778 900 1849 943 De
1879 896 2012 943 Indis
2034 899 2148 942 vino
2177 898 2380 943 subactis
2414 898 2979 977 cf.P01yaen.1,1;†-‘3g

1583 970 1778 1017 Νο1111115
1793 971 1987 1030 Dionys.
2007 971 2138 1028 XIV,
2163 973 2235 1017 15.
2259 973 2416 1016 Mores
2438 980 2484 1016 et
2506 972 2713 1016 instituta
2731 971 2913 1019 Indo-
2910 991 2915 995 ·
2975 1002 2980 1027 z

1579 1058 1686 1087 rum
1712 1058 1815 1102 quae
1841 1058 1898 1088 ex
1920 1043 2090 1088 Bacchi
2113 1044 2237 1088 culta
2263 1044 2541 1104 explicanda
2558 1043 2708 1089 Graeci
2730 1044 2936 1092 dux&-
2976 1036 2979 1047 ’

1578 1124 1716 1170 runt,
1735 1115 1844 1161 vide
1859 1131 1934 1176 ap.
1951 1116 2324 1177 Megasthenem
2312 1131 2361 1160 m
2372 1118 2559 1162 Arriani
2577 1117 2684 1163 Ind.
2701 1132 2744 1165 0.
2766 1132 2918 1177 ”.-‘-÷2=
2920 1070 2940 1170 ’ἑ

1579 1184 1672 1232 οθεν
1693 1189 1731 1233 οἱ
1755 1187 1873 1250 κτλ.]
1898 1188 1968 1234 Cf.
2007 1189 2252 1234 scholiasta
2277 1188 2338 1234 ad
2361 1190 2502 1236 Arist.
2525 1187 2728 1236 Acharn.
2756 1189 2906 1238 1132·-
2978 1239 2980 1241 ,

1579 1261 1777 1322 aliique,
1810 1277 1928 1321 quos
1962 1262 2106 1307 vide
2093 1277 2143 1306 in
2169 1262 2331 1322 steph.
2367 1263 2576 1310 Τ1105.5.
2611 1279 2656 1309 v.
2691 1261 2938 1328 Θωρήσο·
2913 1293 2919 1296 -

1579 1335 1750 1381 σεσθαι

2188 1466 2266 1508 72·

1645 1575 1800 1622 Schol.
1825 1575 2008 1622 Platon.
2033 1577 2179 1639 Hipp.
2203 1576 2312 1635 maj.
2331 1592 2382 1638 p.
2407 1579 2533 1638 293,
2561 1578 2640 1625 A:
2663 1577 2817 1640 Δοῦρις
2837 1575 2888 1625 δέ

1583 1664 1725 1710 φησιν,
1745 1642 1810 1692 ὅτι
1835 1645 1945 1703 αὐτὴ
1972 1646 2218 1712 (Μακάρια)
2245 1646 2323 1704 τῆν
2346 1646 2490 1713 πυρὰν
2511 1651 2586 1696 τοῦ
2612 1646 2775 1738 πατρὸς
2794 1667 2884 1697 κα-

1583 1715 1760 1764 τέσὸεσε
1743 1736 1805 1764 ew
1825 1717 1900 1765 καὶ
1930 1716 1972 1774 ἐξ
2008 1718 2168 1767 ἐκείνου
2205 1718 2328 1784 παρὰ
2367 1719 2590 1769 Μακεδόσι
2600 1719 2915 1811 νενόμισται.

1581 1789 1660 1844 τὰς
1691 1788 1930 1880 θυγατέρας
1969 1794 2054 1838 τῶν
2081 1792 2400 1856 κηδευομένων,
2427 1785 2488 1847 οἷς
2519 1783 2627 1841 ἄν’
2594 1813 2677 1843 ωσι
2705 1794 2880 1863 παῖδες,
2909 1807 2911 1810 “

1582 1860 1631 1908 τὸ
1657 1862 1762 1910 αὐτὸ
1782 1862 1986 1926 πράττειν
2008 1863 2080 1912 ἐπὶ
2100 1870 2187 1919 τοῖς
2208 1864 2441 1930 πατράσιν.
2467 1868 2671 1914 Aliunde
2698 1867 2759 1915 de
2789 1869 2912 1931 hoc„

1580 1938 1792 1982 Macariae
1830 1938 2039 1984 facinore
2073 1937 2193 1984 nihil
2227 1940 2443 1988 traditur.
2480 1941 2550 1988 Cf.
2583 1943 2782 2003 interpr.
2822 1941 2886 1987 ad
2921 1946 2932 1996 ξ

1579 2009 1758 2056 Zenob.
1782 2010 1850 2066 ΙΙ,
1869 2010 1953 2058 61
1970 2011 2160 2058 Miiller.
2182 2012 2296 2056 Dor.
2316 2013 2429 2073 1,.p
2455 2010 2534 2069 55,
2556 2013 2602 2062 3.
2621 2015 2714 2059 Pro
2735 2006 2884 2061 Μακε
2906 1998 2931 2054 ’ῗ

1995 2225 2147 2273 ΠΕΡΙ
2181 2224 2454 2276 ΔΓΩΝΩΝ.

2194 2353 2271 2410 73.

1655 2471 1836 2516 Tzetzes
1873 2471 1933 2516 ad
1969 2473 2080 2532 Lyc.
2103 2471 2234 2519 613.
2255 2469 2438 2534 Τύμὸον
2461 2472 2585 2520 καλεῖ
2620 2472 2692 2521 τὸν
2731 2466 2927 2544 τάφον...
2898 2451 2949 2502 ’·

1584 2535 1684 2588 Καὶ
1716 2540 1871 2607 Δοῦρίς
1908 2561 2015 2608 φησι
2052 2544 2095 2591 ἐν
2127 2546 2190 2609 τῷ
2231 2543 2340 2610 Περι
2372 2544 2571 2609 ἀγώνων,
2595 2544 2691 2602 τους
2713 2545 2902 2612 βωμυῧς
2947 2547 2955 2604 ζ

1582 2611 1742 2677 τάφους
1764 2614 2006 2663 καλεῖσθαι.

2193 2736 2270 2788 74-

1644 2842 1838 2886 Photius
1856 2845 1972 2891 Lex.
1998 2841 2220 2892 τΣελίνου
2241 2842 2446 2908 στέφανος
2467 2841 2692 2908 πένθιμος·
2724 2845 2775 2894 τὸ
2794 2844 2913 2916 γὰρ
2935 2814 2938 2815 ’

1579 2910 1744 2960 σέλινον
1778 2913 1953 2962 πένθεσι
1985 2915 2222 2979 προσήκει,
2260 2919 2318 2971 ὥς
2348 2915 2428 2982 ἔφη
2463 2917 2538 2964 καὶ
2565 2921 2719 2982 Δουρις
2747 2919 2794 2966 ἐν
2818 2920 2897 2984 τῷ
2935 2972 2938 2978 ,

1581 2984 1693 3049 Περι
1733 2984 1928 3048 ἀγώνων.
1963 2991 2072 3034 Haec
2103 2992 2247 3036 Duris
2263 2989 2329 3035 de
2364 2992 2565 3036 Isthmiis
2592 2993 2667 3038 vel
2687 2973 2910 3047 Nemaeis
2907 2974 2942 3030 35.

2888 3123 2940 3205 si*

1577 3273 1699 3312 quem
1718 3264 1820 3304 ferre
1835 3265 2016 3306 nondum
2045 3265 2287 3317 didicerant,
2319 3267 2511 3308 ebrietate
2542 3269 2748 3320 correptos
2763 3264 2903 3315 aa&

1577 3328 1691 3368 facile
1712 3328 1899 3370 subactos
1930 3340 2039 3370 0550.
2059 3333 2193 3378 Quare
2222 3332 2351 3382 poetae
2380 3342 2452 3383 pro
2480 3331 2630 3384 μεθύειν
2648 3331 2789 3374 dicunt
2805 3332 2883 3374 0111

2189 3463 2264 3504 72.
2823 3503 2825 3505 ,
2879 3504 2882 3506 .

1632 3535 1749 3576 Duris
1761 3537 1881 3577 refert
1903 3538 2116 3577 Macariam
2129 3548 2227 3588 rogo
2249 3538 2477 3588 (Herculis)
2491 3537 2615 3595 patris
2633 3537 2765 3590 ignem
2801 3510 2919 3600 wig,

1574 3599 1727 3650 jecisse.
1753 3601 1869 3641 Unde
1883 3601 1992 3652 apud
2023 3602 2262 3642 Macedones
2285 3613 2372 3643 mos
2403 3604 2463 3643 est
2486 3602 2586 3643 filias
2611 3614 2752 3645 eorum
2767 3632 2780 3658 ,

1578 3664 1716 3706 funere
1731 3665 1972 3716 efferuntur,
1988 3665 2183 3720 siquidem
2199 3666 2313 3707 liberi
2342 3666 2390 3706 iis
2406 3668 2523 3717 sunt,
2542 3666 2647 3708 idem
2665 3661 2844 3720 faeere
2855 3651 2858 3655 ’
2841 3649 2918 3698 ’Ἷ

1578 3730 1720 3772 mnus
1911 3797 1996 3846 DE
2034 3796 2554 3848 CERTAMINJBUS.
2806 3790 2810 3797 ·
2888 3730 2911 3793 ”’

2197 3893 2273 3935 73.

1554 3984 1556 3986 ’
1631 3973 1785 4025 Teneo-a
1802 3974 1917 4013 vocat
1935 3972 2114 4023 sepulcri*
2127 3973 2343 4014 tumulum.
2369 3974 2558 4024 Similiter
2573 3975 2693 4016 Duris
2715 3976 2758 4016 in
2820 3953 2862 4012 ff

1580 4041 1637 4080 De
1658 4038 1940 4079 certaminibus
1954 4048 2043 4079 aras
2061 4038 2250 4090 appellari
2265 4038 2362 4079 dicit
2377 4040 2568 4109 tumulos.

2197 4119 2268 4160 74.

1632 4204 1718 4254 Apii
1735 4213 1881 4243 corona
1901 4202 2078 4253 lugubris
2095 4203 2170 4252 est;
2183 4211 2290 4243 nam
2296 4178 2430 4254 apium
2446 4202 2498 4244 ad
2512 4179 2683 4247 luctum·
2687 4214 2761 4257 p..-
2827 4233 2832 4236 -

1585 4267 1639 4306 uti
1660 4268 1775 4307 Duris
1795 4277 1955 4317 quoque
1973 4269 2014 4307 in
2037 4266 2137 4306 libro
2154 4269 2211 4307 De
2230 4265 2512 4307 certaminibus
2525 4267 2593 4308 ait.
