3016 4628
256 291 348 330 248

247 388 423 454 θατέρου
470 379 796 453 ἐπιγέγραπται.
853 387 1102 454 Χαριέντως
1161 387 1206 437 δὲ
1258 387 1440 454 Τύραν
1455 409 1538 438 νον

248 460 434 515 ἅπαντες
479 459 605 507 αὐτὸν
650 459 890 526 ἐπέγραφον
933 463 991 516 ὡς
1039 460 1242 526 ἐξέχοντα
1273 462 1416 521 πάσης
1461 466 1539 521 τῆς

249 531 515 598 Σοφοκλέους
553 532 792 595 ποιήσεως,
831 532 989 599 καίπερ
1027 534 1266 592 ἡττηθέντα
1290 534 1372 582 ὑπὸ
1397 536 1538 583 Φιλο-

246 605 396 661 κλέους
414 642 428 664 ,
454 603 510 658 ὥς
535 623 643 671 φησι
662 604 938 671 Δικαίαρχος.
958 609 1077 654 Vide
1096 611 1322 670 Wagner.
1349 611 1536 670 Fragm.

248 681 431 743 Tragic.
455 697 503 741 p.
528 680 585 725 61
607 689 653 725 et
676 680 737 733 64
761 680 833 726 ed.
859 681 1023 726 Didot.
1086 678 1090 682 ⁴

673 790 754 834 DE
791 790 1078 836 EURIPIDE
1087 826 1096 835 .

857 908 936 956 4ο.

310 1004 543 1050 Plutarch.
568 1006 638 1048 De
654 1005 715 1048 EI
736 1005 904 1064 Delph.
930 1006 1031 1050 init.
1053 1021 1101 1064 p.
1134 1006 1223 1058 384
1244 1041 1255 1061 ‚
1274 1008 1314 1049 D
1340 1022 1348 1049 :
1380 1005 1538 1067 Στιχι-

248 1071 351 1126 δίοις
371 1072 480 1119 τισὶν
505 1075 552 1119 οὔ
575 1073 748 1138 φαύλως
769 1073 957 1137 ἔχουσιν,
990 1067 1026 1122 ῶ
1048 1074 1144 1140 φίλε
1170 1074 1426 1141 Σαραπίων,
1454 1073 1537 1121 ἐνέ-

246 1163 375 1209 τυχον
411 1145 581 1212 πρῴην,
620 1145 647 1191 ἃ
687 1147 951 1211 Δικαίαρχος
986 1147 1224 1212 Εὐριπίδην
1263 1147 1396 1195 οἴεται
1436 1147 1540 1214 πρὸς

243 1215 476 1282 Ἀρχέλαον
493 1219 625 1265 εἰπεῖν
640 1239 649 1248 ·

347 1311 406 1350 Οὐ
429 1311 620 1363 βούλομαι
652 1314 876 1352 πλουτοῦντι
897 1314 1099 1365 δωρεῖσθαι
1126 1315 1255 1362 πένης,

348 1370 400 1419 μή
424 1371 463 1420 μ’
491 1371 638 1423 ἄφρονα
663 1372 806 1422 κρίνῃς,
821 1374 845 1419 ἢ
875 1373 998 1418 διδοὺς
1017 1374 1136 1413 αἰτεῖν
1164 1369 1281 1413 δοκῶ.

310 1445 477 1487 Versus
507 1462 564 1493 ex
588 1446 818 1490 Archelao
849 1446 1005 1490 fabula
1023 1448 1155 1506 petiti
1181 1463 1274 1492 esse
1300 1448 1537 1494 videntur.

244 1515 299 1560 V.
316 1515 524 1575 Wagner
543 1517 592 1560 in
612 1519 797 1578 Fragm.
824 1520 987 1578 Eurip.
1014 1519 1070 1562 fr.
1102 1518 1195 1564 256
1221 1530 1267 1564 et
1286 1536 1395 1581 pag.
1420 1521 1533 1578 671.

310 1586 380 1629 De
403 1587 568 1632 Medea
590 1590 887 1648 Neophronis
901 1625 913 1646 ,
941 1606 1032 1650 qua
1055 1607 1161 1636 usus
1183 1592 1429 1652 Euripides
1453 1594 1534 1650 sit,

245 1657 539 1703 Dicaearchus
579 1661 629 1704 in
664 1659 757 1725 Βίῳ
793 1659 1007 1715 Ἑλλάδος
1055 1662 1143 1724 (fr.
1193 1663 1283 1725 16)
1325 1665 1538 1724 quaedam

245 1741 508 1776 monuerat.
536 1734 809 1778 Accuratius
834 1734 892 1778 de
909 1735 997 1779 hac
1021 1735 1177 1780 fabula
1197 1738 1246 1780 in
1268 1737 1539 1781 Didascaliis

245 1803 407 1861 egerit.
444 1829 509 1838 —
543 1806 777 1850 Plutarchi
814 1807 996 1862 locum,
1043 1823 1138 1866 quo
1175 1809 1431 1853 Dicaearchi
1467 1811 1538 1853 De

245 1874 472 1935 Euripide
494 1879 720 1936 scriptum
745 1879 994 1935 indicatur,
1021 1896 1159 1940 supra
1188 1880 1276 1942 (fr.
1312 1880 1371 1926 35
1398 1881 1411 1942 )
1434 1883 1530 1940 jam

242 1961 556 2006 apposuimus.

301 2081 320 2105 ‚
602 2051 686 2093 DF.
720 2051 1164 2097 ARISTOPHANE.

851 2161 874 2207 l,
888 2173 924 2201 1.

239 2255 244 2258 ’
306 2257 462 2304 Schol.
496 2259 685 2303 Platon.
714 2276 762 2318 p.
806 2260 893 2304 331
937 2262 1012 2309 ed.
1056 2264 1226 2324 Bekk.,

239 2329 392 2386 phane
437 2346 446 2372 :

242 2398 465 2447 Εὐὸούλου
495 2400 711 2465 δράμασιν
735 2404 1071 2466 ἀγωνισάμενον,
1093 2405 1168 2452 καὶ
1186 2405 1395 2471 Ἀραρότα
1418 2404 1535 2459 ἰδίοις

242 2490 289 2517 τε
313 2472 386 2518 καὶ
406 2476 481 2518 τοῦ
507 2472 667 2538 πατρὸς
699 2474 892 2538 δράμασι
921 2476 1271 2540 διηγωνισμένον,
1294 2477 1367 2524 καὶ
1395 2476 1534 2542 τρίτον

243 2542 289 2589 ὃν
324 2543 640 2610 Ἀπολλόδωρος
673 2546 750 2608 μὲν
790 2546 1086 2614 Νικόστρατον
1123 2551 1268 2608 καλεῖ,
1295 2553 1332 2596 οἱ
1365 2548 1410 2596 δὲ
1435 2548 1535 2614 περὶ

242 2616 505 2681 Δικαίαρχον
526 2618 805 2683 Φιλέταιρον.

1262 2263 1320 2307 de
1351 2263 1534 2307 Aristo-

489 2329 617 2390 Τρεῖς
653 2328 688 2375 δ’
725 2328 851 2393 ἔσχεν
897 2329 1035 2390 υἱοὺς,
1075 2331 1300 2380 Φίλιππον
1344 2331 1414 2378 τὸν
1449 2333 1536 2385 τοῖς

849 2722 924 2769 42.

309 2810 502 2867 Argum.
532 2810 579 2852 in
617 2811 854 2870 Aristoph.
884 2813 1036 2855 Ranas
1069 2828 1078 2854 :
1114 2809 1178 2857 Τὸ
1203 2808 1247 2856 δὲ
1270 2810 1416 2874 δρᾶμα
1449 2811 1534 2855 τῶν

241 2954 379 2985 omncs
401 2944 704 2994 inscripserunt,
731 2947 869 2996 utpote
886 2947 988 2987 inter
1004 2959 1143 2988 omnes
1164 2948 1404 2999 Sophocleas
1422 2947 1531 2987 sahu-

241 3006 298 3044 las
319 3006 534 3056 principem
559 3008 692 3047 locum
717 3010 986 3061 obtinentem,
1004 3012 1078 3052 etsi
1095 3012 1292 3052 Philocles
1320 3011 1530 3051 victoriam

239 3070 289 3109 dc
305 3070 496 3120 Sophocle
513 3074 598 3111 tum
617 3076 893 3123 reportaverit,
913 3077 1015 3116 test-e
1031 3077 1283 3117 Dicaearcho.

853 3144 925 3184 40.

295 3207 416 3246 lucidi
440 3220 581 3258 nuper,
603 3209 657 3248 mi
674 3212 851 3261 Sarapi0‚
873 3213 914 3251 in
938 3214 1153 3254 versiculos
1166 3214 1360 3264 quosdam
1380 3223 1531 3263 nequa-

239 3282 361 3320 quam
383 3272 620 3322 inelegantes
654 3290 662 3312 :
695 3276 840 3324 quibus
867 3276 1124 3318 Dicaearchus
1154 3278 1355 3318 existimat
1387 3278 1532 3317 Arche·

239 3334 350 3373 taum
370 3335 488 3376 fuisse
502 3336 553 3375 ab
572 3338 759 3388 Euripide
786 3341 1066 3391 compellatum
1084 3359 1092 3381 :

328 3414 426 3450 Nolo
439 3414 510 3450 tibi
529 3414 618 3451 dare
631 3416 729 3452 dona
747 3427 890 3463 pauper
901 3419 1012 3457 diviti
1028 3433 1038 3455 ι

327 3469 498 3515 desipere
516 3481 563 3506 ne
579 3474 687 3515 putes
701 3483 781 3518 me,
802 3475 860 3512 vel
873 3475 1001 3512 dando
1019 3479 1158 3522 petere.

292 3608 572 3658 Aristophanes
597 3610 772 3649 comicus
799 3613 877 3650 tres
906 3613 1043 3652 habuit
1072 3615 1193 3662 tilios,
1223 3614 1446 3665 Philippum
1463 3614 1533 3664 qui

242 3673 387 3713 Eubuli
417 3674 560 3713 sabulis
593 3676 782 3724 certavit,
816 3680 1023 3717 Ararotem
1058 3680 1126 3728 qui
1157 3682 1196 3719 et
1227 3680 1309 3719 suis
1341 3682 1382 3719 et
1412 3679 1536 3730 patris

242 3677 386 3776 l'ahulis
412 3737 604 3786 certavit,
620 3739 839 3778 ettcrtium
864 3741 1151 3792 Nicostratum,
1168 3743 1225 3783 uti
1244 3744 1531 3794 Apollodorus,

243 3802 304 3841 vel
322 3802 573 3851 Philctaerus‚
587 3803 646 3842 uti
668 3802 919 3844 Dicaearchus
938 3806 1072 3846 tradit.

295 3941 415 3978 Ranae
430 3939 561 3978 fabula
573 3939 695 3978 estex
708 3938 807 3979 benc
819 3942 858 3979 et
870 3940 1074 3991 diligenter
1087 3942 1296 3983 elaboratis
1307 3959 1319 3993 ;
1333 3944 1449 3983 (locta
1461 3946 1536 3984 sub

242 4003 367 4041 Callia
389 4004 476 4052 post
494 3996 726 4052 A'ntigenem
739 4004 950 4051 archonte,
974 4015 1043 4054 per
1062 4005 1307 4046 Philonidem
1323 4007 1363 4046 in
1377 4010 1534 4047 Lenoeo·

242 4076 331 4104 rum
373 4067 531 4106 festum.
565 4066 846 4117 Aristophanes
879 4067 1031 4117 primus
1065 4069 1172 4117 erat,
1212 4070 1405 4109 secundas
1443 4071 1535 4109 tulit

242 4129 487 4178 Phrynichus
505 4130 625 4169 Musis
645 4130 777 4170 sabula
789 4160 800 4180 ,
814 4131 950 4171 tertias
965 4131 1102 4170 Platon
1119 4131 1365 4181 Cleoplionte
1386 4133 1530 4172 fabula.

241 4195 298 4232 Ac
319 4194 522 4243 tantopere
540 4195 670 4233 Ranas
687 4194 868 4234 admirati
883 4195 975 4234 sunt
989 4195 1146 4245 propter
1162 4195 1366 4244 parabasin
1378 4226 1388 4245 ‚
1403 4196 1441 4235 in
1456 4208 1533 4247 qua

1230 281 1599 333 DICAEARCHI
1635 283 1927 334 MESSENII

2935 410 2955 417 ,³
2936 341 2959 401 ’ἢκ
2943 319 2950 329 “-
2943 283 2959 309 1⁶¹
2943 235 2958 274 ·..
2951 221 2958 226 ,-

1616 383 1662 439 83
1680 392 1751 440 καὶ
1775 393 2012 458 φιλοπόνως
2026 393 2351 456 πεποιημένων.
2372 392 2610 457 Ἐδιδάχθη
2632 392 2762 440 δὲ’ἐπὶ
2785 397 2927 444 Καλο·

1615 464 1708 512 λίου
1737 471 1810 513 τοῦ
1842 464 1952 527 μετὰ
1975 465 2188 528 Ἀντιγένη
2205 502 2216 523 ,
2259 465 2328 512 διὰ
2359 464 2605 513 Φιλωνίδου
2632 466 2690 519 εἷς
2715 465 2904 523 Λήναια.
2944 505 2955 511 ,.

1619 539 1798 601 Πρῶτος
1819 532 1892 588 ἦν·
1918 538 2110 601 δεύτερος
2131 536 2351 601 Φρύνιχος
2369 536 2585 595 Μούσαις,
2603 536 2791 586 Πλάτων
2813 533 2907 602 τρί-

1616 627 1684 660 τος
1713 610 1976 674 Κλεοφῶντι.
2013 608 2146 657 Οὕτω
2173 607 2219 654 δὲ
2244 607 2495 671 ἐθαυμάσθη
2523 606 2594 655 διὰ
2616 606 2694 666 τὴν
2713 609 2758 655 ἐν
2787 602 2906 674 αὐτῷ
2998 601 3009 653 ’ζ’

1616 680 1887 744 παράὸασιν,
1908 680 2002 728 καθ’
2026 680 2080 737 ἣν
2106 679 2352 727 διαλλάττει
2370 680 2467 734 τοὺς
2486 679 2679 743 ἐντίμους
2695 681 2782 735 τοῖς
2811 682 2908 728 ἀτί-
2932 676 2957 723 '3'ss

1618 770 1711 813 μοις
1729 752 1802 799 καὶ
1829 751 1925 806 τοὺς
1950 751 2131 804 πολίτας
2154 754 2241 806 τοῖς
2265 750 2464 816 φυγάσιν,
2485 749 2595 798 ὥστε
2613 750 2688 798 καὶ
2706 749 2906 798 ἀνεδιδά-

1615 827 1699 886 χθη
1715 860 1727 880 ,
1752 823 1808 878 ὥς
1833 842 1938 888 φησι
1957 822 2233 887 Δικαίαρχος.
2946 817 2952 830 “

1847 947 1997 994 ΠΕΡΙ
2034 946 2366 994 ΜΟΥΣῘΚΩΝ
2403 946 2677 995 ΑΓΩΝΩΝ.

2233 1055 2307 1106 43.
2961 1114 2963 1121 Α

1683 1157 1874 1200 Photius
1893 1159 2006 1202 Iex.
2034 1191 2043 1199 .
2034 1152 2268 1211 ·Σκολιο’ν,
2300 1155 2328 1210 ἡ
2346 1151 2568 1217 παροίνιος
2587 1150 2694 1218 ᾠδή.
2715 1151 2792 1206 Ὡς
2825 1149 2943 1214 μὲν

1616 1226 1924 1291 Δικαίαρχος’
1905 1245 1949 1272 εν
1980 1228 2042 1290 τῷ
2073 1225 2184 1290 Περι
2218 1243 2440 1313 μουσικων
2483 1223 2688 1288 ἀγώνων,
2713 1221 2778 1271 ὅτι
2811 1223 2910 1291 τρία

1616 1298 1717 1362 γένη
1745 1302 1799 1357 ἠν
1820 1299 1960 1364 ᾠδῶν,
1986 1317 2035 1345 το
2060 1297 2137 1359 μὲν
2160 1297 2244 1344 ὑπὸ
2277 1295 2448 1344 πάντων
2479 1295 2701 1362 ᾀδόμενον,
2727 1294 2804 1360 [τὸ
2828 1295 2907 1361 δὲ]
2939 1295 2962 1328 -'

1617 1372 1712 1418 καθ’
1732 1370 1806 1417 ἕνα
1828 1371 1942 1429 ἑξῆς,
1975 1390 2022 1418 το
2044 1371 2128 1418 δὲ<
2113 1370 2196 1417 υπὸ
2226 1373 2312 1417 τῶν
2345 1369 2662 1426 συνετωτάτων,
2682 1389 2739 1423 ως
2761 1367 2909 1434 ἔτυχεν
2950 1375 2957 1380 '
2999 1416 3003 1437 ζ

1614 1447 1667 1508 τῇ
1699 1443 1847 1502 τάξει,
1873 1443 1896 1490 ὃ
1917 1442 1967 1500 δὴ
1988 1445 2213 1490 καλεῖσθαι
2235 1441 2305 1489 διὰ
2324 1441 2402 1500 τὴν
2427 1441 2545 1497 τάξιν
2565 1440 2758 1489 σκολιόν·
2783 1444 2840 1498 ὥς
2858 1439 2910 1489 δὲ
2950 1437 2954 1450 ²

1615 1516 1895 1581 Ἀριστόξενος
1916 1518 2014 1564 κτλ.

1680 1593 1831 1636 Verba
1870 1589 1918 1636 τὸ
1953 1587 1997 1635 δὲ
2031 1591 2262 1651 supplevit
2291 1591 2492 1636 Naekius.
2531 1589 2707 1634 Eadem
2748 1589 2911 1634 Suidas

1615 1681 1652 1708 s.
1681 1681 1727 1710 V.
1769 1663 1918 1725 (unde
1953 1666 2167 1709 Musurus
2196 1665 2353 1707 intulit
2386 1665 2436 1706 in
2473 1663 2620 1707 schol.
2651 1662 2808 1707 Aldin.
2848 1661 2910 1707 ad

1614 1738 1849 1797 Aristoph.
1870 1739 1989 1783 Rau.
2022 1736 2145 1795 1329
2168 1735 2181 1796 )
2203 1745 2249 1780 et
2270 1736 2416 1782 schol.
2444 1735 2504 1779 ad
2526 1735 2717 1779 Lucian.
2741 1749 2793 1797 p.
2819 1749 2836 1777 1
2851 1733 2908 1777 16

1615 1809 1692 1855 ed.
1720 1810 1954 1865 Jacobitz,
1980 1810 2062 1853 ubi
2092 1824 2183 1868 pro
2219 1808 2316 1870 τρία
2344 1804 2445 1869 γένη
2473 1808 2646 1866 legitur
2678 1803 2752 1851 δύο
2778 1802 2906 1866 γέν-η;

1613 1883 1834 1925 nimirum
1856 1881 2031 1925 omissis
2062 1880 2216 1925 verbis
2236 1877 2285 1924 τὸ
2303 1876 2373 1940 δὲ,
2416 1880 2602 1923 nonnisi
2622 1878 2718 1922 duo
2739 1892 2910 1938 genera

1616 1955 1976 1998 commemorari
2014 1944 2331 1997 videbantur(
2360 1951 2544 1996 Deinde
2587 1945 2716 2009 apud
2757 1949 2904 1994 schol.

1613 2027 1800 2070 Lucian.
1830 2026 1988 2069 titulus
2005 2025 2116 2068 libri
2135 2034 2202 2069 est
2223 2016 2359 2086 Περὶ
2391 2039 2524 2083 μουσ
2539 2024 2627 2079 ικῆ
2641 2039 2660 2074 ς
2675 2056 2688 2078 ,
2714 2022 2784 2066 uti
2805 2025 2913 2080 pas-²

1611 2099 1693 2141 sim
1721 2099 1843 2141 tituli
1858 2099 1907 2140 in
1922 2097 2108 2141 brevius
2121 2097 2480 2142 contrahuntur.
2498 2094 2678 2138 Eodem
2695 2093 2841 2138 modo
2856 2094 2905 2136 in

1611 2165 1704 2229 seq.
1724 2169 1887 2229 fragm.
1907 2170 2051 2213 schol.
2077 2169 2235 2213 Aldin.
2261 2168 2437 2212 habent
2461 2164 2572 2229 Περὶ
2598 2167 2822 2226 μουσικῆς.

2219 2276 2294 2323 44.

1678 2374 1833 2418 Schol.
1867 2373 2104 2431 Aristoph.
2130 2372 2256 2416 Nub.
2290 2371 2410 2424 1364
2437 2386 2448 2416 :
2477 2367 2742 2433 Δικαίαρχος
2769 2370 2812 2415 ἓν
2841 2370 2905 2433 τῷ

1620 2444 1729 2510 Περὶ
1752 2446 1967 2506 μουσικῶν
1990 2442 2188 2505 ἀγώνων·
2216 2465 2236 2483 «ι
2257 2442 2359 2490 Ἔτι
2377 2441 2422 2488 δὲ
2444 2440 2581 2488 κοινόν
2601 2459 2643 2488 τι
2659 2439 2793 2494 πάθος
2809 2439 2910 2506 φαί-

1615 2536 1732 2564 νεται
1754 2517 2079 2563 συνακολουθεῖν
2097 2518 2183 2568 τοῖς
2203 2514 2490 2580 διερχομένοις
2506 2513 2590 2560 εἴτε
2615 2512 2726 2577 μετὰ
2750 2512 2904 2576 μέλους

1616 2589 1699 2638 εἴτε
1723 2588 1822 2636 ἄνευ
1854 2589 2025 2652 μέλους,
2046 2587 2223 2653 ἔχοντάς
2243 2607 2284 2634 τι
2309 2590 2352 2633 ἐν
2381 2590 2435 2652 τῇ
2454 2585 2566 2650 χειρὶ
2589 2589 2803 2634 ποιεῖσθαι
2825 2583 2904 2643 τὴν
2941 2615 2943 2617 >

1616 2661 1832 2728 ἀφήγησιν
1848 2681 1858 2691 ·
1876 2660 1919 2709 οἵ
1934 2680 1979 2708 τε
1997 2660 2081 2726 γὰρ
2108 2660 2277 2726 ᾄδοντες
2301 2662 2343 2706 ἐν
2367 2666 2454 2718 τοῖς
2475 2659 2729 2722 συμποσίοις
2750 2660 2799 2707 ἐκ
2817 2676 2903 2705 πα-

1613 2739 1741 2789 λαιᾶς
1775 2754 1886 2788 τινος
1925 2732 2208 2798 παραδόσεως
2241 2734 2386 2778 κλῶνα
2434 2731 2594 2797 δάφνης
2635 2730 2663 2788 ἢ
2701 2729 2908 2797 μυρρίνης

1616 2806 1821 2859 λαὸόντες
1839 2805 2029 2871 ᾅδουσιν.
2051 2826 2069 2846 υ
2095 2808 2273 2851 Titulus
2295 2806 2404 2849 libri
2428 2807 2478 2848 in
2497 2805 2640 2850 codd.
2667 2806 2842 2849 Raven.
2861 2811 2908 2848 et
2967 2867 2969 2869 Ι
2991 2816 2999 2870 ἐξ

1854 2888 1880 2899 ιι

1607 2945 1713 2985 cives
1732 2945 1779 2984 iis
1793 2944 1864 2995 qui
1882 2943 1973 2993 jure
1989 2943 2093 2982 civili
2109 2944 2149 2982 et
2167 2942 2318 2981 honore
2331 2940 2474 2991 privati
2490 2941 2531 2979 et
2550 2939 2688 2979 exules
2709 2938 2823 2978 erant
2837 2949 2903 2978 re·
2964 2929 3001 3003 Ξ

1607 3011 1812 3060 conciliat,
1827 3011 1872 3049 ut
1887 3011 2006 3049 etiam
2022 3007 2153 3047 denuo
2167 3007 2298 3047 sabula
2312 3006 2430 3045 docta
2445 3004 2518 3054 sit,
2537 3005 2637 3066 teste
2653 3002 2902 3044 Dicaearcho.

2218 3095 2293 3138 213.

1814 3191 1900 3239 DE
1935 3189 2181 3239 MUSlClS
2211 3184 2696 3236 CERTAMlNIBUS.

1661 3283 1853 3332 Scolium,
1871 3282 2066 3321 cantilena
2086 3281 2186 3320 inter
2202 3278 2344 3330 pocula
2360 3276 2509 3317 cantari
2521 3276 2648 3316 solita.
2674 3274 2902 3316 Secundum

1612 3349 1895 3389 Dicaearchum
1913 3347 1954 3386 in
1977 3347 2078 3386 libro
2098 3348 2157 3385 De
2176 3343 2338 3386 musicis
2364 3341 2668 3392 certaminibus,
2693 3339 2772 3380 tria
2789 3340 2902 3380 crant

1611 3413 1900 3452 cantilenarum
1921 3420 2091 3470 genera;
2116 3419 2242 3448 unum
2265 3417 2404 3447 earum
2418 3435 2430 3455 ,
2451 3415 2544 3455 quae
2563 3404 2614 3444 ab
2633 3403 2820 3444 omnibus
2833 3413 2902 3443 ca-

1611 3479 1809 3519 nebantur
1824 3476 1969 3527 simul;
1987 3476 2159 3515 alterum
2192 3483 2326 3513 earum
2339 3502 2350 3522 ,
2371 3472 2462 3522 quae
2479 3481 2502 3509 a
2521 3469 2682 3521 singulis
2705 3467 2903 3509 caneban-

1611 3545 1676 3582 tur
1691 3541 1909 3582 secundum
1925 3537 2125 3587 oidinem3
2131 3537 2304 3577 tertium
2321 3545 2474 3583 earum,
2491 3543 2582 3584 quae
2593 3531 2784 3572 nonnisi&
2797 3532 2902 3583 perl—
2932 3551 2937 3582 5

1611 3607 1770 3648 tissimis
1796 3605 2038 3645 canebantur
2065 3603 2171 3642 ultro
2202 3602 2402 3650 citroque,
2425 3597 2564 3637 ordine
2594 3597 2770 3645 incerto,
2795 3595 2903 3636 unde

1612 3668 2047 3719 ozoktdvmbllquum,
2067 3663 2334 3712 tortuosum)
2356 3661 2433 3701 hoc
2457 3659 2682 3700 carminum
2695 3668 2818 3709 genus
2831 3669 2899 3698 no·
2924 3679 2930 3719 <-

1613 3734 1800 3773 minatur.

2228 3793 2253 3832 4
2262 3792 2311 3831 ul
2920 3838 2922 3841 .

1667 3872 1917 3916 Dicaearchus
1938 3871 1978 3910 in
2006 3869 2106 3910 libro
2129 3871 2183 3907 De
2200 3867 2360 3907 musicis
2379 3864 2664 3905 certaminibus
2678 3864 2773 3904 ait:
2793 3864 2913 3918 91·ωῆ
2905 3913 2929 3933 J

1614 3940 1721 3978 terea
1738 3941 1882 3977 natura
1905 3935 2019 3986 quasi
2045 3934 2224 3973 innatum
2245 3942 2328 3972 esse
2358 3930 2515 3970 videtui
2527 3930 2574 3970 ut
2589 3930 2816 3980 quicunque
2830 3917 2925 3967 (ιιι-’ἶ

1614 4006 1766 4054 ponunt
1786 4001 1935 4053 ἰΙίιιυὶιΙ
1947 4004 2029 4040 sive
2046 4001 2167 4038 cantu
2191 3997 2274 4038 sive
2292 3997 2443 4046 absque
2455 3997 2599 4044 cantu,
2616 4004 2737 4034 manu
2752 3978 2921 4045 aliquid*

1612 4069 1790 4107 tenentes
1813 4066 2080 4105 narrationem
2109 4057 2268 4101 faciant.
2291 4063 2391 4101 Nam
2407 4061 2447 4099 et
2477 4058 2604 4109 quiin
2625 4055 2818 4097 conviviis
2834 4058 2923 4116 cas·

1612 4133 1711 4171 nunt
1723 4143 1773 4171 ex
1789 4131 1944 4170 vetusta
1952 4127 2123 4179 quadam
2133 4125 2341 4167 traditione
2357 4134 2509 4164 ramum
2522 4122 2622 4164 lauri
2636 4121 2718 4162 sive
2728 4130 2835 4171 myrr

1613 4196 1789 4236 tenentes
1810 4194 1846 4233 id
1868 4193 2029 4233 sariunt.
2880 4192 2883 4193 ⁷
2906 4180 2907 4183 ’
