3016 4628
759 278 864 326 EX
904 277 1203 326 HISTORIA
1241 278 1518 328 DlONYSII
1559 283 2197 338 flALICARNAssENStS.

44 411 99 449 sps.
162 385 398 448 Γενομένης
432 385 476 433 δὲ
513 389 588 444 τῆς
613 384 802 440 ἐξουσίας
838 385 996 442 ταύτης
1030 384 1170 450 κύριος
1204 388 1226 432 ὁ
1262 385 1446 444 ὕπατος,

43 464 47 494 ἓ
158 457 272 511 ὅσοις
294 450 344 515 ἦν
372 457 639 521 βουλομένοις
661 455 823 521 ὀψώνια
851 457 925 502 καὶ
955 455 1127 518 μισθοὺς
1150 456 1351 522 φέρεσθαι
1373 463 1449 516 τῆς

159 531 365 596 φυλακῆς,
386 528 555 582 τούτους
572 529 821 585 καθίστησιν
840 530 882 575 ἐν
902 535 993 582 ταῖς
1013 529 1201 578 πόλεσιν.
1223 530 1300 577 Ἐν
1318 523 1378 584 οἷς
1398 523 1449 588 ἦν

107 623 110 627 ·
157 601 208 650 τὸ
227 602 372 648 πλεῖον
397 600 524 665 μέρος
548 600 750 648 ἀνεστίων
776 600 849 647 καὶ
871 600 1125 666 καταχρέων
1146 603 1219 648 καὶ
1243 601 1321 659 τὴν
1342 601 1448 650 οἴκοι

156 673 304 721 πενίαν
328 673 401 720 καὶ
427 671 640 735 ἀγνωσίαν
668 671 866 734 ἀσμένως
893 673 1313 737 ἀποδιδρασκόντων.
1337 674 1447 722 Τού-

156 763 253 798 τους
271 746 310 792 οῖ
327 743 563 806 Καμπανοὶ
579 750 673 798 ταῖς
688 744 841 798 οἰκίαις
861 745 1256 807 ἀναλαμὸάνοντες,
1272 746 1446 808 τραπέ-

68 810 108 888 Ῐῖἶ
161 819 250 873 ζαις
275 835 322 864 τε
355 816 611 881 υπεδέχοντο
639 817 859 880 λαμπραῖς
882 817 956 864 καὶ
979 821 1072 869 ταῖς
1094 817 1285 871 ἄλλαις’
1268 838 1308 865 ε
1291 818 1445 874 ζένιζον

159 888 497 955 φιλοφροσύναις.
550 887 798 946 Πολυτελὴς
826 887 869 935 δὲ
897 889 970 936 καὶ
1002 888 1306 953 ἁδροδίαιτος
1296 910 1449 944 ικανως

159 960 424 1023 Καμπανίαν
451 962 614 1007 οἰκοῦσι
642 961 715 1007 καὶ
746 965 819 1007 νῦν
845 960 935 1007 ἐστὶ
966 961 1040 1008 καὶ
1073 961 1167 1008 τότε
1191 965 1243 1019 ἠν
1268 965 1289 1008 ὁ
1326 962 1445 1026 βίος,

158 1031 232 1080 καὶ
255 1030 393 1079 πάντα
413 1051 484 1079 τον
505 1031 696 1079 λοιπὸν”
674 1051 796 1079 εσται
814 1032 988 1096 χρόνον·
1010 1032 1286 1097 πολύκαρπόν
1311 1053 1356 1080 τε
1376 1053 1446 1080 πε-

158 1105 283 1153 διάδα
304 1104 378 1151 καὶ
403 1104 640 1152 πολύὸοτον
665 1105 859 1169 καὶπρὸς
879 1105 1023 1168 ὑγείαν
1049 1105 1283 1167 ἀνθρώποις
1306 1126 1446 1171 γεωρ-

161 1181 301 1242 γοῦσιν
327 1175 503 1246 ἀρίστην
528 1180 675 1226 οὖσαν.
699 1177 811 1226 Κατ’
834 1176 999 1242 ἀρχὰς
993 1177 1070 1224 μὲν
1105 1182 1176 1225 οὐν
1211 1180 1448 1241 ἀγαπητῶς

128 1254 131 1255 ’
159 1251 196 1296 οἱ
223 1241 396 1314 φρουροί
428 1248 504 1303 τὴν
526 1248 763 1314 φιλοξενίαν
797 1269 882 1296 των
919 1249 1154 1315 ἀνθρώπων
1180 1250 1446 1311 ἐλάμὸανον·

159 1322 307 1367 ἔπειτα
333 1320 672 1385 διαφθειρόμενοι
708 1320 784 1375 τὰς
821 1320 962 1386 ψυχὰς
986 1321 1067 1368 ὑπὸ
1103 1326 1176 1367 τοῦ
1201 1321 1327 1385 κόρου
1363 1324 1447 1368 τῶν

159 1394 330 1454 ἀγαθῶν
354 1392 562 1457 πονηροὺς
586 1392 898 1455 ὑπολογισμούς
922 1392 1034 1439 κατὰ
1066 1392 1214 1457 μικρὸν
1251 1392 1449 1455 ἐλάμὸα-

159 1481 227 1510 νον
240 1482 250 1492 ·
267 1462 341 1510 καὶ
365 1464 574 1517 συνιόντες
595 1463 794 1521 ἀλλήλοις
819 1462 985 1526 ἔλεγον,
1000 1467 1056 1516 ὡς
1074 1464 1264 1522 ἀνοήτων
1287 1462 1450 1529 ἀνθρώ-

158 1553 250 1582 πων
269 1535 518 1604 ποιήσουσιν
538 1535 656 1600 ἔργον
669 1573 681 1594 ,
702 1538 738 1583 εἷ
756 1535 968 1592 τοσαύτην
986 1536 1294 1590 καταλιπόντες
1311 1537 1449 1583 εὔδαι-

103 1629 109 1634 ·
160 1607 310 1669 μονίαν
345 1607 415 1654 ἐπὶ
450 1606 521 1654 τὸν
556 1611 598 1654 ἐν
639 1605 794 1670 Ῥώμῃ
831 1607 919 1671 βίον
957 1606 1315 1672 ἀνακάμψουσιν,
1351 1607 1449 1654 ἔνθα

157 1676 300 1741 λυπρὰ
322 1676 397 1740 μὲν
419 1682 444 1735 ἡ
468 1682 549 1741 γῆ,
574 1679 732 1726 πολλαὶ
757 1680 801 1726 δὲ
830 1679 1046 1744 εἰσφοραὶ,
1080 1679 1280 1741 πολέμων
1311 1677 1355 1726 δὲ
1379 1680 1453 1726 καὶ

158 1753 303 1796 κακῶν
335 1748 575 1803 ἀνάπαυσις
609 1750 813 1812 οὐδεμία,
837 1749 892 1796 τὰ
924 1751 968 1797 δὲ
1003 1753 1088 1797 τῶν
1122 1754 1274 1798 κοινῶν
1311 1750 1451 1798 πόνων

159 1811 267 1868 ἀθλα
290 1819 394 1884 παρ’
421 1820 601 1882 ὀλίγοις,
637 1824 676 1868 οἱ
712 1821 756 1868 δὲ
781 1823 969 1877 ἀσθενεῖς
1005 1827 1092 1878 τοῖς
1128 1823 1234 1887 βίοις
1263 1825 1336 1870 καὶ
1366 1827 1450 1870 τῶν

158 1895 252 1942 καθ’
275 1892 441 1958 ἡμέραν
467 1893 712 1982 ἀναγκαίων
739 1896 1018 1960 ἀποροῦντες,
1038 1915 1112 1944 και
1139 1895 1201 1943 ἔτι
1226 1897 1392 1957 μᾶλλον
1411 1899 1450 1944 οἱ

157 1963 214 2015 τὰ
236 1965 345 2056 χρέα
381 1964 441 2028 μὴ
467 1965 694 2036 δυνάμενοι
722 1968 924 2015 διαλυσαι
951 1974 1037 2022 τοῖς
1058 1967 1352 2030 συμὸαλουσι·
1377 1968 1451 2015 καὶ

158 2037 237 2095 τὴν
261 2037 450 2114 ἀνάγκην
483 2040 747 2103 ἀποχρῶσαν
771 2031 879 2086 εἰναι
905 2038 1183 2101 σύμὸουλον
1174 2060 1258 2088 των
1285 2059 1451 2106 συμφε-

161 2108 316 2175 ρόντων
349 2128 492 2174 σφισιν
531 2110 835 2176 ἀποφαίνοντες
866 2111 964 2159 ἄνευ
990 2132 1062 2160 του
1098 2114 1257 2160 καλου·
1299 2114 1387 2160 οὐδ’
1417 2116 1454 2160 εἷ

159 2181 315 2237 πάντες
337 2182 458 2245 νόμοι
491 2201 536 2228 τε
563 2183 638 2230 καὶ
673 2182 874 2247 ἄρχοντες
909 2183 985 2239 τὰς
1021 2185 1208 2250 ἐσχάτας
1245 2186 1455 2250 τιμωρίας

162 2255 377 2302 ἀπειλοῖεν
416 2256 585 2316 αὐτοῖς,
623 2257 666 2302 ἐν
693 2257 953 2318 Καμπανοῒς
990 2256 1053 2304 ἔτι
1090 2257 1352 2319 μεθήσεσθαι
1377 2262 1453 2316 τῆς

159 2326 380 2391 παρούσης
404 2321 674 2387 εὐδαιμονίας
699 2325 843 2391 ἔλεγον
860 2365 874 2389 ,
904 2328 978 2375 καὶ
999 2331 1276 2383 τελευτῶντες
1302 2331 1360 2383 εἷς
1384 2348 1454 2376 το-

160 2398 323 2456 σαύτην
343 2397 546 2446 ἀπόνοιαν
571 2392 698 2457 ἧλθον
711 2436 723 2458 ,
741 2398 944 2447 ὥστεκαὶ
959 2399 1098 2463 λέγειν
1117 2401 1308 2463 ἐτόλμων
1326 2442 1338 2462 ,
1361 2425 1380 2443 «
1397 2401 1456 2450 Τί

161 2470 232 2517 δαὶ
266 2471 340 2517 καὶ
376 2471 587 2536 δράσομεν
623 2471 778 2530 δεινὸν,
809 2471 881 2518 ἐὰν
907 2470 1174 2534 Καμπανοὺς
1201 2473 1455 2528 ἐκὸαλόντες

160 2542 236 2595 τὰς
277 2541 448 2589 ἐκείνων
483 2541 629 2596 πόλεις
671 2543 990 2606 κατάσχωμενς
1028 2537 1160 2591 Οὗτοι
1204 2543 1288 2610 γὰρ
1330 2546 1451 2592 αὐτοὶ

159 2613 363 2679 πρότερον
386 2616 465 2661 ὀὐκ
490 2616 537 2661 ἐκ
563 2619 637 2661 τοῦ
675 2614 820 2661 πεδίου
860 2616 916 2678 (2)
957 2615 1220 2677 κτησάμενοι
1261 2615 1338 2674 τὴν
1373 2622 1454 2679 γῆν

162 2686 396 2751 κατέσχον,
423 2685 535 2732 ἀλλὰ
564 2685 883 2740 ἐπιξενωθέντες
917 2689 1151 2750 Τυρρηνοῖς
1174 2689 1227 2752 (3)
1265 2696 1352 2742 τοῖς
1374 2709 1454 2736 κα-

161 2764 372 2807 τοικοῦσιν
390 2757 521 2816 αὐτὴν
533 2796 545 2815 ,
560 2758 632 2805 καὶ
648 2758 744 2812 τοὺς
761 2758 917 2822 ἄνδρας
934 2762 1097 2812 πάντας
1116 2761 1452 2826 διαφθείραντες,

162 2831 238 2886 τάς
270 2851 318 2879 τε
347 2837 553 2894 γυναῖκας
586 2832 725 2876 αὐτῶν
753 2830 827 2877 καὶ
850 2829 948 2885 τοὺς
974 2831 1089 2894 βίους
1114 2831 1187 2878 καὶ
1212 2831 1288 2885 τὰς
1310 2832 1455 2888 πόλεις

149 2904 237 2959 ,καὶ
269 2903 346 2962 τὴν
381 2903 681 2970 περιμάχητον
720 2902 869 2968 χώραν
909 2902 1185 2968 παρέλαὸον,
1227 2901 1339 2951 ὥστε
1377 2903 1453 2951 σὺν

162 2976 258 3040 δίκῃ
281 2975 502 3024 πείσονται
521 2983 607 3022 πᾶν
632 2975 695 3021 ὅτι
721 2974 772 3021 ἂν
797 2976 993 3022 πάθωσιν
1035 2975 1084 3039 (4)
1119 2975 1239 3022 αὐτοὶ
1264 2979 1339 3033 τῆς
1369 2995 1454 3022 πα-

166 3047 368 3113 ρανομίας
385 3047 668 3114 κατάρξαντες
691 3051 788 3096 καθ’
816 3047 990 3112 ἑτέρων.
1018 3047 1076 3095 Τί
1106 3047 1176 3094 δαὶ
1198 3048 1271 3095 καὶ
1297 3047 1345 3095 τὸ
1366 3069 1451 3096 κω·

163 3122 297 3169 λῦσαν
335 3125 450 3183 ἡμᾶς
478 3120 598 3168 ἔσται
637 3126 773 3167 ταῖτα
815 3120 945 3185 μέχρι
984 3124 1057 3167 τοῦ
1096 3119 1255 3174 παντὸς
1296 3120 1451 3185 χρόνου

165 3197 431 3257 καρποῦσθαι
457 3192 647 3256 τάγαθά;
676 3195 888 3241 Σαυνῖται
926 3190 1003 3252 μέν
1037 3210 1085 3254 γε
1121 3191 1196 3238 καὶ
1232 3191 1454 3248 Σιτικηνοὶ

165 3264 238 3312 καὶ
279 3264 466 3320 Αὔσονες
505 3266 556 3327 (5)
604 3265 678 3312 καὶ
718 3265 876 3319 πάντες
923 3268 962 3312 οῖ
1004 3263 1213 3327 περίοικοι
1252 3269 1453 3311 τοσοῦτον

167 3335 366 3392 δεήσουσι
393 3339 648 3400 Καμπανοῖς
680 3341 965 3402 τιμωροῦντες
1003 3333 1069 3400 ἐφ’
1093 3339 1210 3396 ἡμᾶς
1247 3334 1453 3400 στρατεύ-

167 3426 227 3454 ειν
245 3407 370 3469 (o),“
340 3427 450 3456 ωστε
472 3411 667 3474 ἀποχρῆν
692 3407 986 3472 υποληψονταί
1009 3426 1152 3470 σφισιν
1170 3409 1203 3453 εἷ
1228 3405 1454 3453 τὰὲαυτῶν

167 3479 358 3546 ἐάσωμεν
399 3480 645 3535 {nde-*cote*
623 3501 754 3546 εχειν.
791 3480 1006 3541 Ῥωμαῖοι
1040 3480 1082 3527 δὲ
1125 3478 1228 3533 ισως
1266 3479 1344 3541 μὲν
1383 3479 1456 3526 καὶ

168 3553 263 3599 κατ’
297 3545 427 3616 εὐχὴν
463 3552 650 3608 δέξονται
690 3552 738 3600 τὸ
773 3551 990 3643 πραχθὲν,
1029 3551 1205 3598 ἅπασαν
1246 3551 1456 3606 ἀξιοῦντες

168 3621 355 3670 Ἰταλίαν
378 3631 470 3679 ταῖς
505 3628 643 3671 αὑτῶν
671 3625 887 3678 ἀποικίαις
911 3627 1186 3689 κρατεῖσθαι·
1220 3625 1257 3670 εἷ
1280 3624 1366 3670 δὲ’
1347 3643 1455 3685 αγα-

169 3698 334 3742 νακτεῒν
344 3696 717 3760 προσποιούμενοι,
730 3697 960 3760 πολεμίους
974 3701 1000 3754 ἡ
1009 3705 1089 3757 μᾶς
1100 3696 1318 3761 κρίναντες
1337 3697 1360 3721 *
1378 3698 1453 3759 (7),

169 3766 216 3812 οὔ
254 3772 455 3815 τοσαῦτα·
481 3768 598 3816 δεινὰ
639 3769 934 3828 διαθήσουσιν,
971 3768 1053 3817 ὅσα
1090 3769 1312 3815 πείσονται
1354 3769 1457 3833 πρὸς

154 3839 312 3902 ἡμῶν·
332 3838 479 3903 χώραν
513 3860 560 3887 τε
594 3839 677 3905 γὰρ
703 3843 841 3888 αὐτῶν
880 3839 1126 3906 δῃώσομεν,
1162 3839 1258 3888 ὅσον
1281 3840 1333 3887 ἂν
1352 3844 1456 3899 ἡμῖν

171 3909 298 3972 δοκῇ,
331 3910 404 3957 καὶ
438 3911 660 3973 δεσμώτας
689 3915 738 3960 ἐκ
771 3916 854 3960 τῶν
891 3916 1033 3977 ἀγρῶν
1070 3912 1253 3974 λύσομεν
1282 3912 1356 3959 καὶ
1390 3917 1456 3959 θε-

173 3980 382 4042 ράποντας
407 3982 844 4049 ἐλευθερώσομενκαὶ
875 3983 984 4046 μετὰ
1017 3987 1101 4030 τῶν
1130 3983 1335 4048 ἐχθίστων
1375 3986 1456 4030 αὖ-

175 4054 259 4104 τοῒς
283 4053 566 4102 Οὐολούσκων
597 4075 642 4102 τε
669 4056 743 4103 καὶ
766 4060 1003 4121 Τυρρηνῶν
1027 4056 1102 4103 καὶ
1138 4060 1360 4105 Σαυνιτῶν
1384 4055 1458 4104 καὶ

2631 305 2817 345 xxxvn

1529 398 1682 446 partem
1709 399 1750 438 in
1771 400 1937 441 urbibus
1959 403 2209 453 relinqueret.
2230 406 2376 445 Consul
2404 407 2520 456 igitur
2538 410 2620 458 ejus
2639 411 2694 450 rei
2710 411 2819 450 ordi-

1525 483 1667 523 nandae
1695 485 1842 526 arbiter
1863 487 2012 537 sactus,
2041 488 2302 537 praesidiarios
2333 491 2484 540 oppidis
2510 494 2698 543 imposuit
2726 497 2817 546 qui·

1525 577 1684 618 cunque
1719 569 1870 609 victum
1911 572 1951 610 et
1985 571 2177 621 stipendia
2215 573 2405 613 custodiae
2439 576 2579 615 mereri
2615 582 2815 627 cuperent.

1527 655 1622 692 Pars
1643 654 1769 703 major
1795 666 1933 695 eorum
1956 656 2134 696 homines
2162 659 2275 697 erant
2294 658 2371 698 aris
2399 660 2438 698 et
2462 660 2558 699 socis
2578 666 2755 703 carentes
2780 668 2820 703 et

1525 736 1691 776 obaerati
1707 739 1746 776 et
1767 740 2040 788 paupertatem
2069 739 2327 780 domesticam
2344 742 2385 781 et
2409 742 2691 784 obscuritatem
2712 747 2817 785 haud

1524 821 1638 861 inviti
1669 822 1905 863 deserentes.
1938 826 2018 864 Hos
2048 826 2239 875 Campani
2271 825 2458 866 domibus
2487 828 2568 866 suis
2596 830 2820 880 mensisque

1523 905 1738 954 splendidis
1764 908 2012 958 excipiebant
2042 910 2082 948 et
2109 910 2149 948 in
2181 909 2343 960 reliquis
2371 911 2554 960 hospitali
2586 912 2822 953 liberalitate

1523 993 1706 1032 beabunt.
1726 994 1880 1032 Etenim
1900 995 2132 1044 sumptuosa
2150 994 2363 1034 admodum
2378 996 2417 1035 et
2437 995 2647 1036 delicatula
2661 999 2822 1048 Campa·

1524 1076 1600 1116 niae
1620 1076 1759 1116 incolis
1781 1078 1862 1117 vita
1882 1079 1920 1118 et
1940 1089 2047 1118 nunc
2065 1079 2123 1118 est
2146 1081 2186 1118 et
2205 1080 2303 1118 tunc
2325 1080 2411 1118 erat
2442 1081 2481 1119 et
2507 1080 2547 1119 in
2577 1092 2694 1121 omne
2714 1083 2821 1121 futu·

1523 1173 1614 1200 rum
1636 1162 1710 1201 erit
1729 1163 1900 1212 tempus.
1927 1162 2117 1202 Nimirum
2146 1163 2348 1213 planitiem
2369 1164 2511 1203 colunt
2545 1164 2724 1205 ubertate
2741 1167 2822 1205 sru-

1524 1246 1660 1284 ctuum
1678 1256 1996 1296 pascuorumque
2010 1246 2252 1286 abundantia
2274 1247 2463 1298 insignem
2483 1248 2660 1299 aerisque
2672 1252 2823 1301 tempe-

1525 1329 1660 1367 ratura
1684 1329 1911 1368 hominibus
1926 1330 2239 1369 saluberrimam.
2264 1331 2379 1370 initio
2399 1332 2519 1381 igitur
2547 1334 2666 1382 gratis
2682 1335 2822 1374 animis

1525 1411 1758 1461 praesidiarii
1781 1393 1989 1463 prodigam
2006 1413 2212 1452 hominum
2234 1413 2543 1464 hospitalitatem
2563 1416 2822 1466 accipiebant,

1525 1494 1667 1535 deinde
1705 1507 1799 1535 vero
1825 1496 2022 1536 bonorum
2054 1496 2209 1536 fastidio
2248 1497 2424 1547 corrupti
2457 1508 2578 1547 prava
2611 1500 2815 1548 paullatim

1527 1574 1679 1614 inibant
1699 1575 1873 1616 consilia.
1892 1576 2198 1626 congredientes
2215 1576 2317 1615 inter
2344 1587 2385 1616 se
2407 1576 2588 1616 dictitare
2607 1581 2824 1628 coeperunt,

1529 1653 1738 1693 dementiae
1754 1654 1839 1693 sore
1854 1665 1954 1705 opus
1968 1683 1980 1704 ‚
2004 1655 2035 1694 si
2054 1654 2127 1706 ipsi
2142 1656 2253 1694 tanta
2270 1656 2362 1695 vitae
2382 1656 2567 1696 felicitate
2589 1657 2725 1696 relicta
2744 1660 2823 1697 Ro-

1527 1743 1632 1772 mam
1648 1735 1950 1781 reverterentur‚
1966 1735 2036 1773 ubi
2051 1736 2180 1773 solum
2198 1737 2298 1774 esset
2313 1735 2485 1785 aridum,
2501 1736 2567 1775 ubi
2584 1737 2823 1776 tributorum

1527 1812 1735 1862 pensiones
1764 1814 1925 1863 multae,
1963 1824 1988 1852 a
2020 1813 2133 1853 bellis
2166 1814 2360 1865 malisque
2394 1815 2550 1865 requies
2579 1816 2689 1855 nulla
2704 1847 2716 1868 ,
2756 1818 2822 1856 ubi

1527 1904 1798 1933 aerumnarum
1824 1905 1896 1944 pro
1914 1894 2043 1944 patria
2069 1884 2362 1934 exantlatarum
2391 1896 2555 1945 praemia
2582 1896 2754 1936 redirent
2774 1897 2822 1936 ad

1527 1984 1698 2024 paucos,
1721 1973 1790 2013 ubi
1807 1974 1937 2024 inopia
1963 1973 2094 2014 victus
2109 1974 2328 2024 quotidiani
2343 1975 2570 2015 laborarent
2588 1986 2629 2015 re
2648 1977 2824 2016 fruentes

1529 2054 1660 2102 tenui,
1678 2055 1719 2093 et
1734 2054 1856 2104 magis
1875 2053 2005 2093 adhuc
2021 2054 2091 2104 qui
2108 2054 2258 2093 foenera
2281 2054 2541 2094 creditoribus
2567 2056 2719 2096 solvere
2746 2068 2823 2095 non

1529 2135 1688 2183 possent
1710 2149 1720 2173 ε
1738 2134 1802 2173 vel
1818 2133 2051 2173 necessitate
2066 2133 2166 2183 adigi
2184 2144 2226 2173 se
2245 2132 2522 2184 declarabant,
2542 2136 2586 2173 ut
2606 2135 2826 2174 commodis

1529 2214 1610 2253 suis
1654 2214 1926 2263 consulerent,
1974 2213 2127 2253 honesti
2165 2212 2317 2252 ratione
2351 2213 2530 2263 seposita.
2577 2217 2826 2266 Quapropter

1529 2293 1682 2333 etiamsi
1709 2293 1812 2344 leges
1841 2303 1980 2332 omnes
2011 2293 2051 2332 et
2079 2291 2331 2343 magistratus
2358 2294 2557 2332 extremas
2586 2294 2659 2333 sibi
2691 2306 2826 2344 poenas

1531 2372 1822 2420 minitarentur,
1842 2371 1949 2411 haud
1966 2382 2008 2412 se
2022 2371 2320 2411 renuntiaturos
2335 2373 2518 2422 praesenti
2540 2384 2620 2423 qua
2639 2374 2678 2412 in
2704 2377 2825 2414 Cam-

1530 2452 1648 2502 pania
1669 2451 1885 2501 gauderent
1904 2451 2091 2491 felicitati.
2122 2452 2369 2490 Postremum
2394 2462 2441 2490 eo
2457 2454 2733 2502 processerunt
2749 2464 2822 2493 ve·

1530 2531 1675 2571 cordiae
1690 2533 1731 2571 et
1749 2531 1940 2581 audaciae,
1955 2532 2001 2570 ut
2019 2546 2037 2565 «
2057 2530 2158 2577 Quid
2176 2530 2337 2589 demum
2349 2561 2360 2580 ‚
2380 2530 2579 2579 dicerent,
2595 2531 2694 2571 adeo
2710 2533 2826 2572 atrox

1530 2611 1858 2660 committemus,
1875 2612 1907 2650 si
1925 2610 2138 2660 Campanis
2157 2610 2291 2659 ejectis
2313 2610 2429 2649 urbes
2451 2621 2589 2649 eorum
2608 2621 2825 2661 occupave-

1530 2690 1677 2729 rimus?
1694 2692 1793 2728 Nam
1811 2689 1883 2738 ipsi
1906 2687 2002 2727 olim
2025 2699 2105 2727 non
2132 2687 2181 2727 de
2201 2699 2273 2726 suo
2294 2699 2394 2738 penu
2412 2689 2661 2738 acquirentes
2679 2692 2825 2729 terram

1530 2769 1634 2808 hanc
1651 2769 1920 2819 occuparunt,
1939 2767 2008 2807 sed
2033 2778 2057 2806 a
2074 2767 2290 2817 Tyrrhenis
2308 2767 2446 2807 incolis
2466 2768 2636 2818 hospitio
2656 2770 2825 2819 recepti,

1530 2849 1625 2889 viris
1641 2850 1793 2888 cunctis
1820 2838 2048 2898 trucidatis,
2075 2857 2221 2886 uxores
2247 2858 2386 2906 eorum
2414 2848 2454 2886 et
2470 2859 2564 2898 opes
2591 2850 2631 2887 et
2651 2851 2768 2888 urbes
2788 2854 2827 2888 et

1491 2968 1499 2975 ,
1531 2927 1793 2978 expetendam
1812 2927 1929 2966 istam
1944 2926 2052 2965 omni
2072 2927 2324 2966 contentione
2343 2927 2540 2977 regionem
2558 2928 2629 2966 sibi
2647 2929 2824 2968 vindica-

1530 3010 1638 3048 runt.
1658 3009 1781 3058 Igitur
1795 3006 1884 3057 jure
1895 3007 2038 3046 merito
2057 3017 2230 3056 quaeque
2247 3006 2462 3056 patientur,
2485 3017 2607 3055 quum
2630 3007 2701 3056 ipsi
2720 3007 2825 3057 prio·

1530 3089 1650 3129 resin
1672 3089 1769 3128 alios
1792 3087 1859 3138 jus
1888 3088 1928 3126 et
1954 3097 2114 3137 aequum
2142 3085 2357 3124 violarunt.
2424 3085 2528 3131 Quid
2551 3085 2722 3136 denique
2750 3086 2824 3125 im-

1530 3169 1660 3220 pediet
1700 3169 1913 3219 quominus
1939 3178 2007 3217 per
2035 3178 2154 3206 omne
2187 3168 2344 3217 tempus
2369 3166 2481 3205 bonis
2522 3166 2583 3206 his
2618 3168 2826 3206 fruamur?

1530 3247 1725 3288 Samnites
1751 3248 1879 3294 certe,
1909 3246 2091 3295 Sitioeni,
2118 3249 2315 3294 Ausones,
2340 3245 2483 3295 reliqui
2511 3246 2646 3296 populi
2670 3246 2823 3285 finitimi

1529 3330 1686 3368 tantum
1702 3326 1829 3366 aberit
1844 3327 1889 3366 ut
1905 3326 2114 3376 Campanis
2129 3325 2365 3365 auxiliantes
2381 3325 2670 3375 expeditionem
2686 3328 2823 3365 contra

1530 3418 1601 3446 uos
1616 3407 1849 3457 suscipiant,
1866 3406 1912 3445 ut
1932 3404 2036 3455 aequi
2057 3404 2151 3444 boni
2171 3405 2251 3444 sint
2270 3405 2431 3453 facturi,
2454 3404 2486 3444 si
2512 3415 2583 3443 sua
2603 3404 2824 3455 quibusque

1530 3487 1675 3526 habere
1697 3487 1738 3525 et
1757 3485 1954 3536 possidere
1969 3485 2156 3524 sinamus.
2188 3484 2377 3524 Romanis
2401 3494 2497 3523 vero
2517 3483 2683 3523 fortasse
2703 3484 2821 3523 etiam

1530 3585 1579 3613 ex
1595 3574 1691 3612 voto
1710 3583 1771 3612 res
1785 3572 1962 3620 venerit,
1986 3571 2133 3621 quippe
2151 3570 2220 3621 qui
2243 3570 2427 3608 universa
2443 3568 2556 3608 Italia
2579 3567 2821 3606 coloniarum

1531 3666 1649 3705 opera
1664 3654 1781 3705 potiri
1803 3654 2023 3693 moliuntur
2053 3669 2062 3692 ι
2081 3652 2140 3692 sin
2161 3651 2264 3690 iram
2292 3651 2524 3689 simulantes
2543 3649 2716 3687 hostium
2737 3647 2823 3685 loco

1531 3747 1600 3775 nos
1615 3735 1840 3784 habuerint,
1858 3745 1938 3774 non
1952 3734 2072 3774 tantis
2087 3743 2159 3772 nos
2175 3731 2347 3772 afficient
2363 3731 2531 3776 damnis,
2545 3731 2693 3780 quanta
2708 3739 2730 3766 a
2750 3738 2824 3766 no·

1531 3815 1590 3855 bis
1615 3816 1686 3866 ipsi
1710 3815 1904 3865 accipient
1927 3830 1937 3854 ε
1967 3825 2060 3853 nam
2091 3813 2280 3852 ditionem
2307 3822 2447 3852 eorum
2480 3809 2720 3851 vastabimus
2751 3817 2823 3856 pro

1531 3899 1684 3949 lubitu,
1706 3900 1862 3938 vinctos
1884 3898 1925 3937 in
1955 3897 2058 3947 agris
2084 3897 2355 3944 exsolvemus,
2385 3904 2520 3934 servos
2540 3893 2579 3930 in
2599 3891 2821 3929 libertatem

1531 3983 1842 4033 vindicabimus,
1864 3993 1956 4022 cum
1986 3981 2164 4021 hostibus
2185 3991 2323 4020 eorum
2349 3976 2628 4021 acerbissimis,
2645 3972 2820 4021 Volscis,

1532 4063 1765 4113 Tyrrhenis,
1796 4060 2062 4109 Samnitibus,
2090 4070 2164 4098 nec
2194 4069 2275 4097 non
2306 4068 2396 4096 cum
2419 4054 2589 4101 Latinis,
2620 4052 2687 4102 qui
2716 4062 2821 4090 nunc

171 4187 355 4228 τενόντων
391 4212 442 4218 -
466 4196 503 4231 2.
533 4203 628 4232 num
649 4194 775 4233 ἱδίουΡ
793 4216 846 4223 --
868 4199 906 4234 3.
934 4198 1103 4246 τυρανοῖς
1123 4194 1210 4233 cod.
1236 4219 1281 4227 .-
1302 4200 1339 4233 4.
1369 4194 1541 4232 fortassis
1563 4193 1767 4251 πράξωσιν.
1793 4213 1846 4221 -
1871 4196 1908 4229 5.
1938 4190 2107 4232 αὔσωνες
2127 4187 2215 4226 cod.
2234 4206 2284 4214 —-
2307 4191 2342 4224 6.
2366 4185 2408 4231 ἐφ
2412 4184 2535 4231 ’ἡμᾶς
2548 4195 2587 4220 τε
2606 4180 2798 4230 στρατεύει
2789 4194 2820 4216 ,ν

141 4258 153 4271 ·
170 4244 382 4300 eodm-27.
402 4251 474 4287 xc:
483 4263 535 4287 να
543 4249 660 4300 ντες]
682 4252 845 4290 verbum
875 4251 1037 4299 excidit,
1063 4254 1132 4291 aut
1155 4263 1230 4291 scr.
1251 4252 1457 4301 κρίνουσιν.
