3016 4628
193 172 211 206 ’ἢ

193 290 359 326 xxxvl

192 381 623 445 ἀποδειξαμένουτῶν
637 385 939 451 πρεσὸυτέρων
954 389 1084 454 τινος,
1103 389 1274 456 ἄκριτον
1285 397 1311 451 ἠ
1288 384 1412 455 μὴν
1426 394 1498 457 (3ο)

173 458 439 522 ’ἀποκτεῖναι
484 455 555 504 τὸν
590 457 742 522 ἄνδρα,
776 479 1051 526 παραγρημα
1091 464 1357 525 πεισθέντας,
1389 465 1499 514 ουτω

193 527 263 574 τὸν
285 527 569 592 Σερουίλιον’
552 549 622 576 επι
642 534 767 578 τοῦτο
783 531 910 586 τάξαι
935 533 983 581 τὸ
1003 533 1150 598 ἔργον,
1171 536 1264 584 νέον
1290 538 1393 586 ὄντα
1424 543 1499 588 καὶ

189 599 302 647 κατὰ
337 607 464 666 χεῖρα
499 605 711 666 γενναῖον.
783 607 948 653 Τοῦτον
987 607 1033 654 δέ
1071 627 1176 673 φασι
1214 610 1408 658 λαὸόντα
1447 611 1496 658 τὸ

191 671 403 738 ξιφίδιον“
389 673 469 721 υπὸ
483 675 646 737 μάλης,
669 677 804 724 ἐλθεῖν
825 678 932 742 πρὸς
951 699 1022 726 τον
1044 680 1242 728 Μάλλιον
1261 683 1496 748 πορευόμε-

188 765 255 792 νον
278 748 326 793 ἐκ
346 767 423 805 της
454 749 627 813 ἀγορᾶς
652 769 725 796 και
761 750 1023 816 προελθόντα
1057 755 1221 815 εἰπεῖν,
1249 754 1313 802 ὅτι
1349 755 1497 819 βούλε·

185 838 258 876 ται
282 821 380 908 περὶ
406 822 699 912 πράγματος’
678 823 923 889 απορρήτου
948 824 1023 871 καὶ
1045 828 1235 887 μεγάλου
1262 829 1360 875 διαλ
1364 834 1496 893 εχθῆ-

184 912 256 972 ναι
276 894 381 959 πρὸς
406 895 554 944 αὐτόν.
632 897 926 951 Κελεύσαντος
951 896 995 945 δε
1021 903 1093 945 τοῦ
1116 900 1316 948 Μαλλίου
1345 903 1496 968 μικρὸν

186 964 475 1032 ἀποχωρῆσαι
495 989 590 1023 τους
609 970 733 1034 ἐγγυς
760 973 877 1018 αυτῶ
902 971 1119 1036 παρόντας
1133 1010 1145 1034 ,
1182 974 1329 1032 ἐπειδὴ
1354 995 1495 1037 μονω-

184 1038 310 1087 θέντα
330 1044 405 1098 τῆς
431 1043 624 1106 φυλακῆς
642 1041 825 1099 ἔλαὸεν,
844 1042 1135 1106 γυμνώσαντα
1151 1065 1200 1092 το
1222 1044 1335 1111 ξίφος
1358 1047 1495 1114 [tottam

183 1111 298 1159 κατὰ
321 1117 397 1170 τῆς
418 1118 604 1180 σφαγῆς.
678 1118 822 1164 Ἰουτο
841 1116 884 1162 δὲ
908 1115 1132 1180 πράξαντα
1167 1118 1312 1184 δρόμω
1337 1125 1494 1186 χωρεῖν

184 1185 244 1238 εἷς
265 1185 312 1231 τὸ
337 1186 670 1250 βουλευτήριον.
699 1187 762 1234 ἔτι
783 1188 1121 1251 συγκαθημένων
1141 1209 1224 1237 των
1259 1193 1494 1256 συνεδρων,

183 1254 341 1320 ἔχοντα
367 1258 414 1305 τὸ
437 1258 594 1324 ξίφος(
572 1260 846 1323 ῃμαγμένον,
873 1261 1115 1324 κεκραγότα
1123 1263 1245 1352 πρὸς
1270 1284 1366 1318 τους
1387 1264 1494 1312 διώ-

181 1349 334 1388 κοντας
355 1367 371 1389 ,
391 1330 455 1378 ο’··ι
480 1332 756 1386 κελευσθεὶς
740 1332 821 1380 υπὸ
839 1354 913 1390 της
932 1335 1135 1398 βουλῆς
1112 1355 1301 1400 ανῃρηκε
1328 1357 1398 1384 τον
1420 1337 1496 1385 τύ-

185 1421 355 1471 ραννον.
429 1405 717 1459 Ἀκούσαντας
750 1405 794 1453 δὲ
831 1406 879 1453 τὸ
914 1411 990 1464 τῆς
1033 1409 1189 1471 βουλῆς
1221 1409 1358 1471 ὄνομα
1398 1410 1494 1465 τοὺς

182 1477 440 1540 ὡρμηκότας
457 1478 598 1524 παίειν
625 1498 671 1525 τε
697 1479 770 1525 καὶ
794 1479 974 1545 ψάλλειν
994 1480 1121 1527 αὐτὸν
1136 1520 1147 1540 ,
1166 1482 1494 1547 ἀποτραπέσθαι

186 1549 320 1610 μηδὲν
346 1551 404 1602 εἷς
443 1550 573 1598 αὐτὸν
613 1556 944 1617 παρανομῆσαι.
1020 1553 1100 1600 'Ex
1126 1554 1276 1601 τούτου
1313 1556 1386 1602 καὶ
1415 1555 1492 1613 τὴν

181 1622 433 1684 ἐπωνυμίαν
460 1623 530 1670 τὸν
552 1621 718 1671 ’Ἄλαν
753 1626 870 1688 αὐτῷ
892 1629 1067 1683 τεθῆναι
1098 1625 1318 1686 λέγουσιν,
1340 1629 1404 1675 ὅτι
1443 1629 1491 1675 τὸ

182 1693 293 1759 ξίφος
313 1693 425 1759 ἔχων
450 1696 534 1742 ὑπὸ
553 1696 695 1757 μάλης
716 1690 840 1754 ἦλθεν
876 1698 947 1744 ἐπὶ
967 1697 1038 1745 τὸν
1069 1698 1204 1763 ἄνδρα
1225 1718 1234 1728 ·
1271 1699 1379 1753 ὀίλας
1410 1700 1492 1764 γὰρ

179 1768 362 1816 καλουσι
385 1767 605 1830 Ῥωμαῖοι
631 1770 708 1823 τὰς
730 1769 820 1832 μάλ
811 1789 887 1823 ας

247 1840 559 1905 Ἀναιρεθέντος
597 1840 639 1889 δὲ
667 1847 741 1889 τοῦ
776 1842 927 1934 ἀνδρος
949 1845 1046 1891 καθ’
1083 1844 1282 1908 ἑκάτερον
1305 1844 1488 1910 τρόπον,

180 1915 481 1961 συνελθοῦσα“
461 1935 487 1972 η
509 1914 641 2007 βρυλὴ
662 1935 739 1970 την
757 1936 802 1963 τε
828 1915 974 1964 οὐσίαν
1001 1918 1132 1964 αὐτοῦ
1149 1921 1256 1964 εἶναι
1279 1917 1492 1977 δημοσίαν

175 1986 449 2051 ἑψηφίσατο,
473 2007 548 2035 και
574 1988 653 2045 τὴν
679 1989 818 2036 οἰκίαν
844 1989 922 2043 ἕως
940 1989 1118 2054 ἐδάφους
1136 2009 1489 2057 κατασκαφηναι.

175 2052 319 2114 Οὗτος
338 2064 360 2108 ὁ
377 2059 505 2115 τόπος
526 2061 588 2108 ἔτι
614 2082 689 2109 και
711 2064 768 2116 εἷς
793 2062 870 2125 ἐμὲ
898 2066 949 2121 ἦν
983 2065 1025 2109 ἐν
1051 2065 1230 2118 πολλαῖς
1255 2071 1348 2119 ταῖς
1372 2064 1491 2130 πέριξ

177 2132 331 2186 οἰκίαις
354 2133 482 2195 μόνος
501 2134 718 2197 ἀνειμένος
741 2134 924 2198 ἔρημος,
959 2135 1263 2199 καλούμενοςε
1249 2136 1332 2184 υπὸ
1367 2136 1485 2186 ‘Pm-

178 2205 318 2266 μαίων
360 2206 655 2266 Αἰκυμήλιον,
691 2210 749 2261 ὡς
794 2228 846 2254 αν
885 2211 1012 2270 ἡμεῖς
1051 2228 1245 2271 ειποιμεν
1288 2209 1489 2257 ἰσόπεδον

178 2277 318 2339 μένον·
346 2279 467 2325 αἷκὸν
486 2279 570 2344 γὰρ
593 2279 676 2327 ὑπὸ
699 2279 936 2342 Ῥωμαίων
957 2299 1006 2327 το
1027 2281 1245 2344 μηδεμίαν
1281 2280 1379 2347 ἔχον
1405 2283 1491 2337 ἐξο·

174 2350 258 2415 χὴν
298 2354 513 2402 καλεῖται,
546 2353 563 2416 [
580 2352 726 2406 Ἰόπος
750 2357 822 2400 οὐν
848 2354 1018 2411 Μήλιον
1045 2353 1087 2410 ἐς
1110 2358 1248 2448 ἀρχης
1286 2355 1459 2414 κληθεις
1476 2394 1489 2418 ,

177 2423 394 2491 ύστερον]
426 2425 765 2492 συμφθαρέντων
794 2426 868 2490 (37)
905 2425 1111 2484 ἀλλήλοις
1143 2426 1256 2475 κατὰ
1284 2426 1362 2486 τὴν
1387 2428 1490 2489 μίαν

174 2496 357 2562 ἐκφορὰν,
382 2517 466 2545 των
492 2498 718 2559 ὀνομάτων
737 2536 750 2559 ,
796 2498 1057 2562 αἷκυμηλιον
1080 2500 1258 2558 ἐκλήθη.
1333 2503 1411 2567 Τω
1446 2501 1489 2548 δὲ

177 2569 255 2627 τὴν
298 2571 411 2617 κατὰ
454 2590 528 2618 του
572 2570 772 2619 Μαλλίου
805 2571 990 2634 μήνυσιν
1026 2573 1229 2620 ἀποδόντι
1267 2573 1490 2641 Μινουκίῳ

176 2643 329 2688 στάσιν
349 2642 594 2707 ἀνδριάντος
612 2642 894 2709 ἐψηφίσατο“
875 2664 900 2701 η
926 2644 1077 2710 βουλη.

245 2716 304 2763 ll.
343 2713 454 2762 ςὈτι
484 2711 667 2762 Κοΐντου
712 2718 963 2781 Σερουιλίου
996 2718 1045 2764 τὸ
1070 2717 1209 2783 τρίτον
1249 2720 1323 2766 καὶ
1356 2715 1489 2767 Γαΐου

178 2787 379 2852 Μαρκίου
395 2787 618 2835 Ῥουτίλου
640 2788 706 2852 [τὸ
723 2788 947 2855 τέταρτον]
967 2791 1269 2838 ὑπατευόντων
1292 2793 1365 2858 (ι),
1401 2792 1488 2838 κίν-

178 2862 294 2907 δυνοι
311 2859 388 2917 τὴν
417 2860 600 2923 Ῥώμην
620 2863 808 2926 χαλεποὶ
825 2865 898 2910 καὶ
921 2863 1238 2930 ἀπροσδόκητοι
1259 2865 1488 2929 κατέσχον,

172 2933 247 2986 οἶὺς
267 2935 304 2980 εἷ
325 2933 386 2995 μὴ
409 2932 499 2981 θεία
521 2934 768 2999 τιςπρόνοια
790 2937 1052 2995 διεσκέδασε,
1077 2939 1187 2984 δυεῖν
1203 2941 1350 2985 κακῶν
1368 2938 1489 2984 θάτε-

180 3026 250 3071 ρον
284 3006 334 3053 ἂν
373 3010 481 3071 αὐτῇ
519 3027 616 3055 συνε
607 3007 770 3070 ’πεσεν,
807 3008 835 3067 ἢ
872 3009 996 3065 δόξαν
1041 3012 1272 3075 αἰσχίστην
1317 3011 1488 3075 ἐνέγκαι

180 3078 506 3141 ξενοκτονίας,
483 3100 511 3137 η
534 3080 670 3144 φόνων
690 3080 886 3146 &baetim
904 3084 1153 3131 πολιτικῶν.
1176 3084 1266 3149 Ἀφ’
1285 3089 1336 3142 ἧς
1360 3084 1395 3130 δ’
1419 3087 1487 3131 αἷ-

177 3153 271 3207 τίας
292 3155 350 3205 εἷς
364 3153 538 3206 τούτους
555 3156 611 3211 ἠλ
615 3158 659 3200 θε
677 3174 772 3207 τους
789 3156 1028 3216 κινδύνους,
1049 3156 1183 3221 μικρὰ
1202 3178 1285 3204 των
1303 3157 1487 3244 πρόσθεν

178 3224 462 3274 ἀναλαὸων
439 3230 492 3272 σι’
521 3228 674 3290 ὀλιγων
700 3228 962 3292 πειράσομαι
991 3232 1146 3278 διελθε
1111 3251 1187 3279 ειν.
1218 3231 1270 3279 ’li
1274 3251 1294 3277 ν
1315 3251 1376 3277 τω
1403 3251 1487 3277 πα·

140 3345 143 3347 ,
179 3298 368 3363 ρελθόντι
391 3301 575 3365 ἐνιαυτῷ
594 3299 664 3346 τὸν
690 3300 946 3349 Σαυνιτικὸν
972 3302 1164 3366 πόλεμον
1183 3303 1292 3369 ὓπὲρ
1315 3304 1488 3360 ἁπάσης

169 3371 447 3434 ’Καμπανίας
471 3375 496 3429 ἦ
523 3375 607 3418 τῶν
631 3372 870 3434 Ῥωμαίων
895 3375 1017 3430 πόλις
1038 3376 1234 3442 ἀραμένη
1276 3377 1350 3424 καὶ
1374 3378 1487 3441 τρισὶ

175 3445 394 3502 νικήσασα
413 3445 575 3509 μάχαις
593 3445 688 3500 τοὺς
706 3448 1056 3513 ἀντιταχθέντας,
1071 3449 1274 3498 ἐδούλετο
1285 3450 1361 3512 μὲν
1373 3451 1488 3498 ἁπά-

179 3536 256 3570 σας
278 3516 397 3579 ἄγειν
432 3516 508 3571 τὰς
540 3519 763 3580 δυνάμεις,
788 3523 843 3571 ὡς
867 3522 1034 3577 οὐδενὸς
1062 3521 1126 3570 ἔτι
1158 3523 1355 3571 κινδύνου
1392 3531 1485 3578 ταῖς
1516 3561 1518 3563 .

179 3589 334 3636 πόλεσι
346 3591 729 3652 καταλειπομένου.
746 3596 972 3653 Δεομένων
985 3594 1027 3641 δὲ
1041 3598 1124 3642 τῶν
1147 3599 1403 3658 Καμπανῶν
1425 3596 1485 3658 μὴ

170 3663 436 3709 ’καταλιπεῖν
462 3663 617 3718 αὐτοὺς
642 3665 890 3730 συμμάχων
911 3666 1122 3732 ἐρήμους,
1149 3673 1205 3723 ὡς
1231 3670 1486 3732 ἐπιθησομέ-

179 3755 263 3782 νων
295 3733 417 3801 σφίσι
440 3739 525 3783 τῶν
553 3738 804 3802 Σαυνιτῶν,
831 3742 866 3786 εἷ
893 3741 1110 3802 μηδεμίαν
1146 3741 1283 3807 ἔχοιεν
1321 3743 1486 3801 ξενικὴν

183 3807 412 3872 βοήθειαν,
454 3807 565 3872 ἔγνω
602 3809 674 3857 τὸν
713 3812 1025 3866 ἀπαλλάξαντα
1074 3818 1149 3861 τοῦ
1183 3815 1376 3873 πολέμου
1412 3814 1488 3870 τὰς

181 3880 327 3935 πόλεις
354 3881 518 3930 ὕπατον
542 3882 722 3948 Μάρκον
746 3886 1008 3950 Οὐαλέριον,
1033 3886 1138 3945 ὅσην
1166 3886 1217 3934 ἂν
1241 3888 1360 3935 αὐτοὶ
1387 3891 1486 3951 βου·

182 3956 346 4011 ληθῶσι
372 3954 558 4021 τρέφειν,
582 3956 786 4021 στρατιὰν
825 3959 867 4004 ἓν
897 3966 989 4012 ταῖς
1014 3958 1165 4006 πόλεσι
1198 3962 1472 4011 καταλιπεῖν.

761 278 844 329 ΕΚ
882 279 1015 331 ΤΗΣ
1051 280 1354 332 ΙΣΤΟΡΙΑΣ
1389 286 1730 337 ΔΙΟΝΥΣΙΟΥ
1756 267 2343 341 ΛΑΛΙΚΑΡΝΑΣΣΕκΩαΣ.

1580 397 1850 450 dubitassent,
1874 401 1996 451 atque
2028 375 2053 441 e
2073 401 2296 441 senioribus
2321 401 2484 452 qnidam
2507 401 2710 442 hominem
2736 403 2882 444 indicta

1577 496 1695 525 causa
1713 487 1977 527 occidendum
1997 488 2288 539 proposuisset,
2305 489 2440 529 statim
2462 501 2668 541 persuasos
2687 491 2854 531 Servilio
2868 521 2881 541 ,

1575 571 1663 611 viro
1681 572 1821 622 Juveni
1842 584 2047 624 manuque
2077 562 2264 626 strenuo,
2293 586 2378 614 rem
2403 576 2700 626 exsequendam
2721 575 2882 616 deman·

1575 659 1702 700 dasse.
1757 663 1874 701 llunc
1894 673 1990 701 vero
2025 661 2158 711 aiunt,
2187 663 2357 713 gladiolo
2390 663 2465 703 sub
2489 663 2551 703 ala
2580 664 2806 714 occultato,
2829 664 2885 705 ad

1575 747 1752 786 Maelium
1770 759 1792 787 e
1815 748 1901 787 foro
1919 747 2186 788 discedentem
2209 749 2383 799 venisse,
2406 752 2447 790 et
2469 751 2631 802 propius
2656 762 2881 802 aggressum

1574 832 1719 872 dixisse
1742 833 1791 873 de
1820 844 1861 872 re
1888 844 2032 872 arcana
2058 834 2269 884 magnique
2289 835 2482 875 momenti
2511 846 2553 875 se
2574 836 2678 876 velie
2708 847 2802 876 cum
2830 848 2887 877 eo

1574 919 1763 969 colloqui.
1781 920 1886 958 Tum
1899 919 2031 958 Maelio
2044 919 2209 968 jubente
2225 919 2428 959 adstantes
2443 921 2667 971 paullulum
2681 921 2880 972 recedere,

1573 1006 1642 1045 ubi
1676 1006 1805 1046 solum
1840 1008 1881 1046 et
1904 1006 2084 1045 custodia
2114 1006 2316 1047 desertum
2346 1009 2487 1047 nactus
2514 1009 2642 1058 esset,
2677 1008 2882 1049 strinxisse

1572 1093 1746 1143 gladium
1783 1094 1823 1132 et
1844 1092 1885 1131 in
1914 1077 2099 1143 jugulum
2135 1089 2334 1134 defixisse.
2391 1097 2481 1142 Quo
2508 1097 2762 1147 perpetrato,
2787 1107 2879 1149 eum

1572 1189 1690 1217 cursu
1712 1178 1753 1217 in
1773 1179 1925 1218 curiam
1942 1209 1953 1228 ‚
1972 1179 2202 1220 considente
2214 1180 2502 1227 adbucsenatu
2515 1213 2528 1231 ‚
2545 1193 2630 1222 sese
2649 1177 2881 1232 contulisse,

1572 1268 1694 1296 manu
1718 1259 1919 1297 tenentem
1942 1258 2092 1297 ferrum
2119 1261 2352 1311 cruentum,
2381 1263 2422 1301 et
2442 1263 2771 1312 persequentibus
2799 1264 2883 1304 alta

1571 1354 1668 1382 voce
1704 1344 1943 1383 clamantem
1977 1343 2088 1393 jussu
2124 1346 2284 1385 senatus
2317 1357 2359 1386 se
2392 1348 2604 1397 peremisse
2642 1347 2878 1399 tyrannum.

1569 1426 1716 1466 Audito
1740 1429 1877 1466 autem
1898 1427 2062 1467 nomine
2087 1430 2268 1478 senatus,
2293 1429 2488 1471 irruentes
2511 1432 2578 1482 qui
2599 1432 2761 1473 ferirent
2786 1444 2879 1473 eum

1570 1512 1870 1563 pulsarentq-ue,
1895 1524 1917 1552 a
1937 1515 2069 1563 empto
2085 1514 2302 1566 destitisse,
2321 1522 2372 1556 ne
2387 1516 2483 1567 quid
2500 1519 2639 1557 contra
2655 1518 2758 1568 leges
2777 1530 2880 1558 com-

1570 1596 1791 1635 mitterent.
1826 1598 1926 1636 llinc
1947 1598 2067 1637 etiam
2081 1599 2231 1639 Alzaloe
2247 1611 2467 1651 cognomen
2480 1601 2513 1641 ei
2528 1601 2667 1642 dicunt
2683 1599 2854 1642 inditum
2865 1634 2876 1653 ,

1569 1683 1677 1732 quod
1697 1684 1771 1723 sub
1790 1686 1867 1724 ala
1884 1685 2060 1735 gladium
2080 1687 2229 1727 habens
2249 1688 2300 1727 ad
2320 1689 2495 1728 Maelium
2513 1690 2743 1731 accessisset
2755 1706 2768 1743 ;
2782 1703 2876 1732 nam

1568 1769 1665 1808 alas
1687 1770 1852 1810 Romani
1872 1770 2033 1821 dicunt,
2053 1772 2161 1822 quod
2179 1773 2308 1813 Graeci
2332 1774 2456 1824 μάλας
2485 1776 2644 1816 vocant.

1619 1856 1832 1895 Interfecto
1855 1857 1987 1897 Maelio
2000 1887 2011 1907 ,
2033 1858 2117 1898 sive
2137 1859 2214 1899 hac
2232 1859 2315 1899 sive
2330 1860 2397 1899 illa
2418 1860 2572 1901 ratione
2588 1873 2650 1902 res
2667 1863 2876 1914 acciderit,

1569 1937 1812 1977 conveniens
1837 1940 1999 1978 senatus
2018 1938 2218 1990 decrevit,
2251 1942 2297 1979 ut
2318 1940 2423 1980 bona
2451 1941 2536 1991 ejus
2562 1942 2876 1995 publicarentur,

1568 2015 1712 2055 domus
1730 2016 1815 2055 solo
1836 2018 2076 2066 aequaretur.
2099 2018 2229 2068 Atque
2244 2003 2375 2068 locus,
2394 2030 2475 2069 quo
2496 2031 2542 2059 ea
2562 2023 2739 2070 steterat,
2758 2023 2876 2063 etiam

1568 2104 1658 2133 mea
1672 2093 1804 2132 adhuc
1822 2095 1942 2134 aetate
1958 2095 2061 2135 inter
2075 2096 2221 2135 multas
2236 2095 2363 2146 mdes,
2377 2108 2469 2147 qure
2486 2099 2746 2140 circumcirca
2766 2105 2875 2152 sun't,

1568 2172 1677 2212 solus
1696 2172 1934 2222 relinquitur
1953 2172 2155 2223 desertus,
2172 2176 2212 2214 et
2228 2185 2251 2213 a
2270 2176 2460 2216 Romanis
2478 2180 2787 2229 AEquimelium
2809 2192 2878 2220 vo.-

1568 2252 1697 2289 catur.
1751 2250 1949 2290 Nimirum
1981 2262 2156 2312 oequum
2185 2252 2288 2303 apud
2321 2256 2520 2295 Romanos
2539 2255 2686 2296 dieitur
2705 2257 2744 2298 id
2768 2259 2877 2310 quod

1567 2337 1648 2366 non
1666 2326 1786 2367 habet
1809 2328 2081 2368 eminentiam.
2137 2332 2278 2380 Itaque
2299 2330 2436 2383 locus,
2456 2343 2576 2382 quem
2599 2334 2752 2384 pridem
2768 2338 2875 2385 Mee-

1570 2405 1680 2444 lium
1696 2387 1916 2455 vocarunt,
1946 2406 2132 2458 deinceps
2162 2408 2362 2459 corruptis
2393 2409 2567 2450 invicem
2598 2413 2640 2451 et
2674 2412 2715 2453 in
2747 2424 2875 2453 unum

1558 2482 1751 2528 ‚conflatis
1762 2484 2005 2534 nominibus,
2021 2486 2339 2536 AEquimelium
2359 2488 2581 2538 appellatus
2597 2491 2671 2530 est.
2701 2493 2878 2532 Praeter2

1567 2571 1614 2600 ea
1641 2562 1802 2601 senatus
1817 2561 2019 2612 decrevit,
2044 2564 2086 2602 ut
2118 2562 2286 2604 delatori
2308 2566 2429 2605 Maelii
2457 2567 2633 2607 Minucio
2656 2570 2878 2619 poneretur

1567 2643 1712 2682 statua.

1618 2726 1671 2763 ll.
1702 2725 1752 2770 Q.
1779 2724 1944 2763 Servilio
1973 2726 2028 2764 111
2051 2726 2090 2764 et
2121 2727 2166 2765 G.
2202 2725 2351 2764 Marcio
2379 2727 2513 2766 Rutilo
2541 2730 2598 2767 IV
2622 2729 2876 2778 consulibus,

1566 2804 1606 2843 in
1627 2815 1744 2854 grave
1761 2804 1986 2854 periculum
2011 2807 2140 2844 Roma
2164 2807 2310 2855 praeter
2337 2807 2676 2856 exspectationem
2698 2809 2877 2859 conjecta

1567 2885 1649 2932 est,
1674 2882 1781 2933 quod
1812 2882 1885 2922 nisi
1909 2883 2042 2922 divina
2066 2884 2253 2933 quaedam
2274 2884 2526 2934 providentia
2553 2886 2799 2938 dissipasset,
2825 2899 2876 2928 ex

1567 2968 1726 3010 duobus
1745 2970 1860 3010 malis
1890 2968 2098 3008 accidisset
2122 2967 2157 3007 ei
2189 2968 2361 3007 alterum
2387 2983 2396 3007 :
2419 2969 2487 3007 aut
2509 2970 2614 3008 enim
2635 2970 2875 3022 hospiticidii

1564 3054 1713 3094 famam
1730 3054 1884 3094 tulisset
1906 3052 2175 3104 turpissimam
2187 3083 2198 3103 ‚
2218 3054 2288 3092 aut
2306 3053 2412 3093 civili
2425 3065 2466 3094 se
2482 3054 2592 3095 caede
2611 3045 2878 3100 contaminas.

1563 3140 1637 3178 set.
1662 3137 1775 3178 Unde
1794 3138 1949 3177 veroin
1975 3138 2135 3176 tantum
2159 3132 2366 3177 devenerit
2393 3138 2618 3188 periculum
2633 3171 2644 3191 ,
2674 3152 2717 3181 re
2741 3143 2876 3193 paullo

1563 3220 1683 3260 altius
1714 3219 1902 3270 repetita,
1925 3219 2038 3259 brevi
2066 3220 2231 3259 tentabo
2259 3231 2457 3262 enarrare.
2491 3226 2605 3263 Anno
2624 3225 2874 3275 praecedente

1563 3304 1748 3355 Romani,
1771 3304 1874 3344 bello
1894 3307 2033 3344 contra
2051 3304 2249 3344 Samnites
2265 3316 2337 3356 pro
2351 3307 2571 3357 Campania
2584 3310 2767 3350 universa
2785 3322 2874 3351 sus-

1564 3391 1704 3440 cepto,
1737 3399 1864 3450 quum
1897 3389 2026 3428 tribus
2051 3390 2202 3440 proeliis
2226 3389 2361 3429 hostes
2394 3368 2683 3439 debellassent,
2711 3401 2873 3430 omnem

1563 3474 1785 3514 exercitum
1813 3473 1979 3513 domum
2004 3473 2194 3513 reducere
2210 3473 2451 3524 voluerant,
2475 3473 2584 3524 quod
2607 3474 2763 3513 nullum
2783 3485 2872 3514 am·

1566 3553 1670 3604 plius
1705 3553 1928 3605 periculum
1956 3555 2257 3604 campanorum
2298 3553 2452 3604 oppidis
2489 3554 2593 3593 esset
2629 3543 2868 3593 timendum.
2913 3598 2919 3603 ,

1563 3638 1807 3689 Rogantihus
1826 3640 1960 3678 autem
1983 3637 2219 3687 campanis,
2250 3648 2301 3677 ne
2316 3637 2516 3677 sociorum
2535 3636 2719 3688 praesidio
2747 3635 2871 3676 desti-

1569 3727 1679 3764 tutos
1698 3735 1740 3764 se
1763 3723 2055 3774 relinquerent,
2077 3722 2224 3772 quippe
2251 3733 2373 3772 quos,
2390 3721 2462 3762 nisi
2490 3722 2739 3773 peregrinum
2755 3722 2870 3761 auxi·

1564 3805 1663 3843 lium
1681 3804 1899 3853 tutaretur,
1921 3802 2054 3842 denuo
2067 3802 2267 3841 Samnites
2283 3801 2502 3852 aggressuri
2518 3801 2647 3840 forent
2666 3817 2675 3840 :
2694 3801 2872 3841 decrevit

1562 3890 1727 3928 senatus
1741 3915 1754 3933 ,
1782 3892 1828 3927 ut
1847 3887 1986 3927 consul
2015 3889 2172 3926 Marcus
2193 3886 2397 3936 Valerius,
2417 3886 2486 3936 qui
2507 3885 2612 3926 bello
2633 3886 2752 3926 urbes
2771 3886 2868 3926 libe·

1562 3970 1743 4019 raverat,
1782 3970 1975 4019 quantam
2007 3966 2079 4018 ipsi
2121 3966 2314 4017 Campani
2349 3966 2496 4006 vellent
2527 3966 2633 4006 alere
2667 3967 2867 4007 exercitus

185 4096 276 4132 ante
294 4094 396 4132 οὕτω
415 4095 479 4133 τὸν
498 4095 724 4146 Σερουίλιον.
744 4118 794 4123 -
815 4099 880 4136 36.
905 4095 929 4143 ἦ
951 4096 1055 4147 μὴν]
1080 4098 1175 4148 ἠμὲν
1193 4097 1280 4136 cod.
1299 4119 1351 4127 —
1368 4101 1432 4138 37.
1452 4097 1707 4149 συμφθαρ.]
1725 4099 1914 4148 συμφθαρ.
1930 4097 1969 4136 δὲ
1986 4095 2160 4142 ἀλλήλοις
2177 4095 2267 4134 cod.
2287 4096 2442 4135 inclusa
2460 4095 2639 4146 supplevi
2656 4106 2677 4134 e
2694 4095 2867 4145 Dionysii

185 4154 284 4192 [xc.
307 4155 395 4191 vat..
415 4164 454 4201 p.
473 4155 550 4194 486
577 4170 586 4194 ε
605 4155 647 4193 τὸ
668 4154 847 4194 ἰσόπεδον
866 4156 1101 4206 Αἰκομήλιον
1123 4156 1309 4205 Ῥωμαῖοι
1327 4158 1532 4196 καλοῦσιν·
1549 4157 1659 4197 αἶκον
1676 4157 1748 4208 γὰρ
1776 4158 1819 4196 τὸ
1837 4155 2025 4226 μηδεμίαν
2041 4155 2131 4207 ἔχον
2148 4155 2284 4205 ἐξοχὴν
2298 4155 2468 4204 λέγουσι.
2500 4154 2629 4194 Τόπον
2663 4153 2730 4194 οὖν
2763 4168 2865 4204 τινα,

186 4212 331 4257 Μήὶιον
350 4213 384 4256 ἐξ
402 4212 519 4262 ἀρχῆς
539 4213 587 4251 κ).
589 4213 654 4258 ηθέ
655 4225 745 4256 ντα,
764 4213 854 4251 ὕστε
858 4226 921 4263 ρον
938 4214 1232 4264 συμφθαρέντων
1254 4214 1426 4260 ἀλλήλοις
1444 4217 1544 4257 κατὰ
1559 4217 1627 4263 τήν
1646 4215 1735 4266 μίαν
1754 4215 1914 4266 ἐκφορὰν
1930 4219 2007 4254 τῶν
2025 4212 2238 4264 ὀνομάτων,
2258 4214 2490 4264 Αἱκομήλιον
2507 4213 2708 4252 ἐκάλεσαν.

237 4272 626 4319 11.Fol.193,82
646 4294 696 4299 ——
718 4274 785 4311 194
803 4302 814 4320 ,
853 4277 896 4311 13
917 4282 997 4311 υΜςο
1022 4276 1076 4312 De
1093 4283 1135 4312 re
1155 4273 1234 4312 sid.
1256 4274 1389 4313 Livius
1412 4277 1508 4324 vu,
1534 4280 1581 4316 38
1599 4276 1638 4314 et
1657 4273 1857 4327 Appianas
1879 4273 2047 4313 Samnit.
2069 4273 2115 4312 sr.
2142 4274 2186 4320 1,
2209 4282 2248 4322 p.
2273 4274 2316 4311 14
2342 4271 2404 4312 ed.
2426 4270 2558 4311 Diclot.
2581 4270 2644 4311 Ct'.
2669 4268 2862 4317 Niebuhr.

189 4327 235 4368 Ἡ.
265 4329 401 4368 (ie-wli
421 4332 586 4379 illst.»
571 4334 829 4381 72sqs1-1.
849 4345 896 4371 το
918 4345 1115 4383 τριτον

1125 4346 1176 4371 ,υ
1191 4346 1215 4371 π
1229 4345 1281 4371 ατ
1295 4346 1310 4372 ε
1324 4334 1346 4373 ·.ἰ
1360 4348 1379 4374 ο
1393 4350 1412 4373 ν
1423 4350 1442 4374 τ
1456 4351 1487 4374 ι)
1501 4335 1537 4386 ν]
1555 4335 1709 4375 codex:
1726 4333 1770 4374 τὸ
1785 4333 1910 4384 τρίτον
1926 4331 2180 4374 υπατεύηντος
2197 4331 2261 4369 καὶ
2280 4323 2393 4379 wiso
2411 4325 2575 4381 μἀρκίου
2591 4321 2862 4380 [iucensam

2982 436 2986 446 ‘
2987 404 3001 418 ι’.
2975 301 3007 388 ’ῥὶς-51)(
2975 283 2980 286 ’
2987 247 3011 268 j
2983 231 2985 234 ⁴
2973 193 3004 214 ,κ’
2982 171 2986 174 ’
2976 111 2985 118 ⁵
2970 87 2975 100 ss

2970 1066 3016 1462 M.ffl⁷2{tfifivzssii³lt⁷w²ss'
2972 775 3016 1054 Qum-m:
2982 759 2995 767 ν
2974 554 3005 747 ΛΑΜ·
2967 507 3011 545 4³².

3001 331 3011 425 .‹u›u=

2978 453 3001 508 23&
2995 435 3001 446 3
