3016 4628
264 422 270 428 ᾖ
1228 345 1641 397 FRAGMENTA.

189 480 541 531 DICAEARCHI
575 471 826 526 SCRIPTA
860 462 1317 523 PHILOSOPHICA.

535 588 576 634 Π
586 588 683 635 ΕΡΙ
718 586 961 634 ΨΥΧΗΣ.

126 713 311 760 Hunc
335 711 490 770 operis
523 710 710 754 titulum
734 707 922 752 duobus
944 707 1058 751 locis
1082 683 1392 751 memoratum

34 758 131 850 ᾖ
126 781 267 830 abes
302 784 433 828 Alter
452 783 622 843 legitur
648 797 725 842 ap.
751 779 989 827 Plutarch.
1014 780 1135 826 Adv.
1158 779 1314 825 Colot.
1345 794 1388 823 c.

88 861 191 918 14,
210 871 260 916 p.
282 871 300 900 1
315 871 332 900 1
347 854 420 912 15,
435 857 502 911 A,
523 855 606 899 uhi
623 850 893 916 Δικαιάρχου
912 848 966 898 τὰ
983 849 1095 914 Περὶ
1118 851 1283 914 ψυχης
1272 861 1393 896 mter

182 937 388 973 veterum
420 926 811 1015 philosophorum
835 940 979 985 opera
1011 932 1239 980 recenset,
1261 924 1303 969 ἐν
1334 914 1419 977 οἶς-

60 994 212 1064 πρὸς
233 997 287 1045 τὰ
310 997 555 1064 κυριώτατα
578 996 653 1044 καὶ
679 995 861 1060 μέγιστα
881 997 966 1042 τῶν
990 997 1179 1060 φυσικῶν
1204 997 1389 1041 υπεναν-

75 1069 321 1134 ’ξ’τιούμενοι
367 1073 427 1136 τῷ
467 1069 674 1118 Πλάτωνι
715 1068 790 1116 καὶ
839 1067 1079 1133 μαχόμενοι
1125 1069 1386 1115 διατελοῦσι.

59 1142 235 1236 Ajsslter
258 1154 324 1190 est
348 1146 398 1189 in
431 1145 668 1190 Ciceronis
697 1144 841 1203 Epist.
875 1143 937 1188 ad
966 1146 1065 1189 Att.
1101 1141 1248 1197 XIII,
1279 1140 1336 1184 32
1377 1156 1389 1188 z

96 1231 126 1257 ’σι
149 1214 280 1279 Περὶ
297 1217 503 1280 ψυχῆς,
529 1218 616 1272 ait,
639 1226 847 1275 utrosque
867 1217 1010 1260 velim
1031 1218 1202 1260 mittas.
1223 1234 1242 1253 ›
1262 1215 1393 1257 Patet

50 1279 212 1332 ⁵³⁴-Iiinc
243 1288 355 1333 duas
385 1288 520 1333 fuisse
542 1296 720 1348 partes;
745 1303 846 1347 quae
878 1286 1120 1346 quomodo
1155 1285 1391 1330 adornatae

10 1403 11 1410 ,
75 1358 312 1404 'suerint
300 1361 407 1420 ipsis
431 1359 657 1404 docemur
680 1360 962 1420 fragmentis.
988 1359 1171 1404 Scilicet
1189 1367 1390 1415 utraque

10 1423 11 1427 ¹
45 1432 260 1493 *fasoperis
273 1447 381 1491 pars
404 1433 544 1477 ternis
563 1433 802 1477 constabat
817 1433 974 1488 libris;
994 1421 1135 1476 altera
1162 1430 1393 1491 Κορινθια-

10 1515 11 1518 ’
103 1500 198 1559 κός,
231 1505 373 1550 altera
395 1501 637 1556 Αεσὸιακός
663 1504 756 1566 (sc.
783 1502 907 1562 λόγος
929 1504 942 1565 )
971 1505 1030 1548 de
1053 1504 1186 1559 loco,
1220 1504 1269 1545 in
1293 1517 1389 1560 quo

9 1590 11 1594 ’
44 1572 63 1622 *s
105 1577 342 1637 colloquia
375 1578 582 1622 instituta
617 1586 781 1622 auctor
813 1576 971 1637 fingit,
998 1577 1227 1635 inscriptae
1259 1584 1390 1618 erant

48 1639 72 1706 3'
105 1646 180 1707 (v.
203 1650 263 1696 fr.
295 1650 354 1694 62
381 1658 427 1694 et
450 1647 529 1693 65.
554 1648 567 1710 )
592 1650 806 1694 Ceterum
835 1650 932 1693 fuse
961 1649 1194 1706 docteque
1220 1646 1279 1689 de
1302 1646 1389 1690 Di-

28 1710 79 1770 -ςέἷ,
103 1721 296 1764 caearchi
319 1722 498 1781 placitis
517 1722 710 1781 exponit
737 1723 945 1767 Osannus
963 1722 994 1767 l.
1021 1722 1053 1764 l.
1075 1736 1122 1780 p.
1146 1717 1317 1764 35-64.

518 1803 966 1877 ΚΟΡΙΝΘΙΑΚΟΣ.

701 1929 779 1974 62.

28 2014 35 2022 η
91 2022 99 2042 ”
168 2027 329 2089 Cicero
350 2029 485 2074 Tusc.
508 2029 558 2084 I,
575 2043 618 2073 c.
644 2043 739 2074 10.
766 2028 1069 2073 Dicaearchus
1090 2038 1243 2073 autem
1267 2034 1315 2074 in
1334 2046 1388 2075 eo

67 2114 324 2155 sem-,mone
357 2116 492 2160 quem
519 2100 730 2147 Corinthi
752 2101 958 2145 habitum
985 2104 1126 2145 tribus
1151 2102 1281 2146 libris
1304 2119 1386 2147 ex-

58 2132 256 2233 f‘ssynnit,
300 2173 530 2218 doctorum
574 2172 807 2217 hominum
852 2175 1184 2232 disputantium
1197 2208 1210 2230 ,
1231 2178 1386 2233 primo

65 2236 218 2290 Q‘libm
241 2246 404 2290 multos
428 2246 657 2304 loquentes
677 2243 838 2302 facit;
863 2246 1036 2289 duobus
1069 2245 1380 2290 Pherecraten

34 2323 45 2352 l
70 2300 331 2369 ”ῖ,κιιεηάαιη
369 2317 642 2363 Phthiotam
673 2333 826 2362 senem
840 2350 855 2372 ‚
886 2333 1017 2377 quem
1048 2322 1122 2361 ait
1141 2333 1174 2361 a
1201 2319 1379 2362 Deuca-

30 2400 33 2402 ·
65 2389 224 2446 ,lione
233 2381 399 2445 ortum,
421 2391 714 2434 disserentem
730 2391 916 2444 inducit,
937 2389 1064 2433 nihil
1084 2405 1180 2434 esse
1202 2395 1387 2436 omnino

115 2483 132 2497 ι-
167 2465 307 2506 imum
328 2472 377 2507 et
393 2461 479 2507 hoc
494 2478 591 2506 esse
611 2477 774 2510 nomen
792 2472 931 2506 totum
951 2467 1100 2517 inane,
1114 2460 1386 2522 frustraque

158 2530 331 2577 imalia
346 2526 391 2578 et
405 2539 666 2578 animantes
685 2535 944 2593 appellari,·
964 2549 1109 2594 neque
1130 2539 1177 2578 in
1201 2534 1386 2579 homine

38 2646 42 2669 :
95 2607 248 2649 nesse
262 2611 469 2664 animam
487 2609 573 2651 vel
591 2611 798 2650 animam
825 2622 907 2650 nec
930 2610 978 2650 in
1013 2607 1180 2661 bestia,·
1207 2611 1382 2666 vimque

95 2686 123 2713 ³1
154 2679 278 2721 ’nem
302 2693 426 2732 eam,
455 2684 546 2741 qua
563 2680 644 2725 vel
658 2693 852 2738 agamus
870 2678 984 2737 quid
1009 2679 1081 2721 vel
1106 2683 1376 2734 sentiamus,

9 2757 11 2769 s
28 2807 39 2810 ᾖ
100 2747 153 2803 ’,η
169 2751 376 2794 omnibus
386 2752 644 2811 corporibus
663 2755 778 2798 vivis
787 2752 1084 2810 aequabiliter
1102 2766 1198 2795 esse
1199 2750 1381 2808 fusam,

91 2821 95 2827 “
149 2840 154 2845 ’
206 2824 511 2882 separabilem
537 2839 567 2867 a
586 2838 771 2884 corpore
792 2838 903 2878 esse,
937 2828 1107 2884 quippe
1131 2840 1237 2882 quoe
1257 2826 1386 2867 nulla

96 2896 186 2951 it,
204 2909 287 2938 nec
303 2899 364 2939 sit
383 2897 632 2956 quidquam
656 2899 745 2940 nisi
765 2912 926 2955 corpus
949 2912 1084 2940 unum
1104 2906 1151 2940 et
1165 2898 1377 2956 simplex,

95 2971 174 3008 ta
189 2965 469 3024 figuratum,
499 2977 552 3011 ut
581 2971 908 3028 temperatione
939 2979 1120 3012 naturae
1149 2973 1314 3027 vigeat
1344 2977 1392 3010 et

45 3083 47 3086 ⁴
76 3056 145 3087 -εν
185 3041 284 3101 tiat.
307 3039 513 3084 Eandem
538 3042 643 3087 Dic.
669 3042 942 3085 sententiam
972 3042 1132 3100 paucis
1170 3041 1318 3098 tanoit
1341 3040 1389 3082 in

42 3108 58 3143 ἑ
118 3122 237 3166 usc.
267 3101 313 3167 Ι,
335 3126 406 3156 11.
437 3111 513 3159 18.
539 3127 616 3159 22.
644 3112 867 3157 Academ.
892 3114 974 3172 IV,
1003 3118 1081 3166 40.

706 3199 788 3246 63.

42 3251 46 3258 ¹
121 3284 446 3333 lamblichus
465 3302 540 3346 ap.
554 3287 789 3332 Stobaeum
804 3287 902 3333 Ecl.
920 3296 1035 3331 tom.
1058 3289 1106 3342 I,
1124 3303 1174 3346 p.
1198 3289 1294 3343 870
1315 3287 1388 3332 ed.

119 3350 325 3435 iterent
349 3363 565 3406 Animam
586 3363 804 3407 nonnulli
827 3378 920 3406 esse
943 3362 1106 3407 dicunt
1127 3359 1176 3407 τὸ
1203 3381 1278 3408 του
1306 3360 1391 3408 σώ-

130 3445 241 3517 ’ὲιτος
261 3429 377 3491 ὃν,“
347 3451 494 3498 ωσπερ
520 3431 569 3479 τὸ
604 3434 927 3507 ἐμψυχουσθαι,
950 3435 1058 3498 αὐτῇ
1090 3432 1134 3480 δὲ
1158 3432 1218 3496 μὴ
1251 3432 1389 3497 παρὸν

115 3534 117 3537 -
106 3484 301 3570 ,ψυχῇ
331 3504 476 3570 ὥσπερ
502 3505 710 3572 ὑπάρχον,
743 3498 812 3552 οἷα
847 3504 898 3562 δὴ
929 3505 1102 3568 λέγεται
1126 3525 1227 3571 περι
1249 3508 1391 3571 ψυχης

87 3600 115 3616 e
150 3573 241 3640 ρὰ
257 3571 507 3644 Δικαιάρχῳ
534 3581 596 3625 τῶ
620 3577 873 3642 Μεσσηνίῳ.
913 3581 982 3627 Cf.
1017 3581 1187 3625 Osann.
1222 3596 1270 3640 p.
1306 3580 1387 3626 51.

2658 367 2748 407 265

2112 466 2156 512 4.

1535 565 1771 610 Nemesius
1804 567 1874 610 De
1898 574 2050 612 natur.
2075 568 2203 611 hom.
2230 584 2278 627 p.
2309 570 2369 614 68
2403 573 2478 618 ed,
2508 577 2705 620 Matthaei
2739 594 2750 621 ς

1469 635 1734 700 Δικαίαρχος
1759 633 1803 682 δὲ
1834 637 2060 698 (animam
2091 639 2280 699 dixit)‘
2260 640 2467 727 αρμρνίαν
2489 662 2572 689 των
2598 645 2754 690 τεσσά-

1471 726 1555 772 ρων
1586 706 1835 771 στοιχείων,
1863 707 1957 754 ἀντὶ
1987 727 2090 767 του,
2112 716 2264 772 κρᾶσιν
2295 710 2368 756 καὶ
2400 714 2647 778 συμφωνίαν
2669 719 2753 762 τῶν

1469 779 1709 843 στοιχείων.
1735 780 1801 827 Οὐ
1802 777 1910 866 Νγὸιρ
1926 777 2045 837 τὴν’
2026 798 2075 826 εκ
2101 782 2185 826 τῶν
2207 779 2400 844 φθόγγων
2427 784 2755 845 συνισταμένην,

1469 851 1582 898 ἀλλὰ
1604 850 1728 910 τὴν’
1709 871 1753 899 εν
1773 854 1834 917 τῶ
1855 851 2028 914 σώματι
2042 854 2208 916 θερμῶν
2228 851 2303 899 καὶ
2323 855 2499 917 ψυχρῶν
2523 874 2596 901 και
2620 859 2755 920 ὑγρῶν

1469 922 1542 970 καὶ
1566 922 1702 989 ξηρῶν
1728 923 1979 990 ἐναρμόνιον
1999 931 2154 988 κρᾶσιν
2178 923 2253 970 καὶ
2279 924 2530 989 συμφωνίαν
2558 925 2756 989 βούλεται

1466 994 1625 1056 λέγειν.
1669 998 1810 1054 Δῆλον
1851 995 1895 1043 δὲ
1925 994 1991 1044 ὅτι
2021 995 2095 1043 καὶ
2126 995 2288 1043 τούτων
2328 998 2367 1044 οἱ
2406 995 2483 1058 μὲν
2523 997 2645 1045 ἄλλοι
2678 998 2755 1055 τὴν

1467 1066 1610 1132 ψυχὴν
1649 1067 1796 1116 οὐσίαν
1823 1060 1932 1115 εἶναι
1954 1067 2150 1132 λέγουσι·
2191 1067 2487 1129 Ἀριστοτέλης
2511 1069 2554 1116 δὲ
2588 1070 2661 1116 καὶ
2682 1075 2758 1118 Δι-

1467 1139 1677 1204 καίαρχος
1711 1138 1926 1189 ἀνούσιον.
1966 1142 2058 1187 Pro
2100 1140 2365 1205 Δικαίαρχος
2400 1144 2508 1186 libri
2550 1144 2759 1202 praebent

1467 1211 1716 1277 Δείναρχος.
1756 1215 1966 1260 Eandem
1999 1216 2202 1260 nominis
2235 1217 2587 1274 corruptionem
2620 1216 2760 1261 habes

1467 1302 1541 1346 ap.
1567 1287 1806 1331 Hermiam
1825 1289 1953 1334 Irris.
1979 1287 2246 1347 philosoph.
2267 1303 2318 1347 p.
2349 1293 2440 1339 402
2469 1287 2547 1333 ed.
2579 1289 2759 1332 Marani

1470 1358 1484 1419 (
1504 1359 1563 1403 ad
1585 1360 1758 1403 calcem
1774 1360 1942 1403 Justini
1961 1357 2153 1418 Martyr.
2174 1357 2210 1421 )‚
2229 1360 2312 1403 ubi
2336 1359 2395 1404 de
2413 1360 2575 1403 animae
2596 1369 2760 1404 natura

1465 1432 1712 1475 sententias
1747 1432 1988 1476 variorum
2018 1431 2216 1475 afferens
2248 1433 2352 1476 ait·
2386 1431 2424 1476 οἱ
2456 1428 2500 1476 δὲ
2533 1429 2758 1494 ἁρμονίαν,

1465 1499 1718 1567 Δείναρχος.
1926 1526 1929 1528 v

1531 1576 1602 1622 Cf.
1629 1576 1863 1623 Plutarch.
1896 1577 2020 1621 Plac.
2054 1577 2136 1621 Ph.
2167 1578 2246 1634 IV,
2269 1593 2324 1636 2,
2387 1593 2481 1665 .p.
2517 1575 2652 1623 898:
2683 1577 2757 1622 Δι·

1467 1646 1677 1711 καίαρχος
1709 1647 1799 1713 (μεθ
1838 1646 2090 1712 ἀπεφήνατο
2120 1645 2199 1704 τὴν
2233 1596 2451 1711 ψυχὴν.)ξ
2429 1647 2637 1711 αρμονίαν
2670 1650 2754 1694 τῶν

1467 1719 1688 1784 τεσσάρων
1721 1718 1965 1784 στοιχείων.
2001 1721 2179 1767 Eadem
2203 1723 2411 1767 Stobaeus
2433 1723 2529 1767 Ecl.
2562 1731 2674 1768 tom.
2711 1723 2758 1778 I,

1464 1808 1510 1853 p.
1539 1793 1648 1854 796-

1531 1864 1700 1911 Sextus
1721 1867 1901 1926 Empir.
1921 1866 2042 1914 Adv.
2064 1868 2206 1913 math.
2238 1869 2409 1927 V11,p.
2441 1866 2532 1919 438
2561 1881 2573 1912 ε
2600 1865 2656 1911 Οἱ
2676 1864 2758 1927 μὲν

1470 1935 1604 1998 μηδέν
1627 1955 1732 2002 φασι
1765 1931 1873 1984 εἶναι
1911 1935 2047 1995 αὐτὴν
2076 1936 2185 2003 (τὴν
2220 1936 2395 2004 ψυχὴν)
2428 1936 2548 2001 παρὰ
2588 1937 2637 1984 τὸ
2667 1940 2759 1990 πῶς

1467 2009 1568 2074 ἔχον
1588 2012 1744 2072 σῶμα,
1771 2009 1968 2075 καθάπερ
1997 2012 2020 2057 ὃ
2042 2010 2320 2075 Δικαίαρχος.

1528 2084 1598 2130 Id.
1620 2086 1850 2144 Pyrrhon
1875 2086 2084 2145 Hypoth.
2108 2087 2182 2142 ΙΙ,
2204 2101 2246 2132 c.
2278 2084 2345 2130 5:
2374 2084 2431 2131 Οἱ
2457 2081 2535 2145 μὲν
2569 2082 2629 2144 μὴ
2652 2074 2759 2128 εἶναι

1464 2154 1541 2212 τὴν
1579 2153 1722 2220 ψυχὴν
1763 2154 1948 2220 ἔφασαν,
1986 2157 2044 2209 ὡς
2082 2157 2120 2202 οἱ
2160 2173 2259 2220 περι
2293 2154 2363 2202 τὸν
2397 2154 2643 2213 Μεσσήνιον
2681 2158 2756 2202 Δι-

1463 2225 1694 2291 καίαρχον.

1528 2302 1706 2347 Atticus
1730 2303 1994 2346 Platonicus
2016 2317 2091 2361 ap.
2121 2302 2290 2347 Euseb.
2326 2299 2408 2346 Pr.
2447 2303 2528 2346 Ev.
2564 2303 2674 2357 XV,
2711 2317 2755 2360 9,

1459 2389 1510 2433 p.
1539 2373 1659 2433 810,
1685 2377 1726 2418 A
1751 2389 1762 2420 :
1785 2371 1940 2436 Τούτῳ
1966 2373 2053 2435 (sc.
2088 2374 2148 2436 τῷ
2185 2371 2490 2436 Ἀριστοτέλει)
2534 2375 2757 2436 τοιγαροῦν

1461 2443 1663 2506 ἑπόμενος
1698 2443 1960 2507 Δικαίαρχος
1997 2443 2072 2490 καὶ
2111 2446 2208 2491 κατ’
2239 2445 2470 2492 ἀκόλουθον
2512 2443 2655 2498 ἱκανὸς
2693 2442 2753 2490 ὢν

1461 2519 1631 2580 θεωρεῖν
1654 2515 1843 2582 ἀνῄρηκε
1866 2515 1943 2572 τὴν
1967 2515 2069 2574 ὅλην
2094 2516 2329 2564 ὑπόστασιν
2353 2520 2429 2574 τῆς
2452 2518 2608 2581 ψυχῆς.

1526 2592 1795 2636 Ter-tullian.
1813 2592 1883 2634 De
1901 2591 2042 2636 anim.
2062 2607 2102 2635 c.
2133 2589 2187 2634 15
2212 2607 2222 2634 :
2243 2593 2455 2650 Denique
2478 2595 2558 2650 qui
2587 2602 2763 2651 negant

1457 2665 1736 2724 principale,
1758 2667 1904 2722 ipsam
1914 2667 2052 2722 prius
2074 2667 2281 2706 animam
2305 2663 2433 2706 nihil
2455 2672 2720 2705 censuerunt
2738 2679 2753 2704 .·

1461 2738 1720 2781 Messenius
1742 2736 1914 2793 aliquis
1945 2735 2267 2790 Dicaearchus,
2296 2750 2358 2778 ex
2388 2735 2582 2778 medicis
2599 2744 2753 2778 autem

1467 2809 1678 2851 Andreas
1702 2817 1750 2851 et
1765 2808 2068 2866 Asclepiades
2085 2811 2152 2850 ita
2172 2807 2454 2850 abstulerunt
2460 2808 2755 2866 principale,

1466 2882 1574 2924 dum
1598 2885 1644 2924 in
1661 2884 1813 2923 animo
1838 2884 1936 2938 ipso
1954 2881 2121 2923 volunt
2136 2894 2232 2923 esse
2246 2894 2420 2934 sensus,
2449 2894 2635 2938 quorum
2651 2882 2760 2922 vin-

1463 2955 1650 2996 dicatur
1657 2953 1943 3013 principale.

1924 3073 2152 3120 ΛΕΣΒΙΑ
2162 3072 2300 3119 ΚΟΣ.

2074 3179 2153 3227 65.

1534 3291 1696 3336 Cfflero
1731 3292 1864 3335 Tusc.
1902 3291 1948 3346 I,
1980 3289 2034 3333 31
2067 3303 2078 3335 :
2105 3291 2343 3332 Acerrime
2376 3297 2529 3330 autem
2568 3287 2755 3328 delicioe

1468 3379 1604 3418 meoe,
1653 3362 1969 3416 Dicaearchus,
2014 3371 2174 3406 contra
2208 3360 2331 3404 hanc
2368 3360 2756 3403 immortalitatem

1466 3438 1694 3482 disseruit.
1726 3438 1776 3479 Is
1800 3439 1922 3479 enim
1945 3444 2032 3478 tres
2058 3435 2196 3477 libros
2218 3437 2419 3493 scripsit,
2451 3436 2528 3491 qui
2549 3430 2758 3475 Lesbiaci

1463 3518 1701 3563 vocantur,
1728 3508 1852 3566 quod
1870 3507 2112 3563 Mytilenis
2125 3521 2273 3549 sermo
2290 3505 2506 3558 laubetur,·
2530 3508 2576 3547 in
2600 3503 2756 3566 quibus

1463 3582 1564 3627 vult
1586 3577 1772 3639 efficere
1795 3583 1973 3623 animos
1996 3594 2093 3622 esse
2118 3579 2349 3622 mortales.

573 3759 660 3806 DE
695 3759 915 3808 ANlMA.

316 3935 322 3942 ᾖ
510 3866 990 3917 CORINTHIACUS.

58 3965 163 3999 ”³
704 3980 777 4020 63.

47 4055 70 4092 ι’,
78 4058 82 4062 .,

115 4084 343 4181 lmimam
372 4090 554 4130 nonnulli
573 4100 657 4132 esse
682 4091 820 4132 dicuni
844 4093 1021 4143 corporis
1042 4093 1283 4144 principium
1306 4094 1390 4134 sive

155 4147 386 4203 1vita1em,
401 4154 640 4194 nontamen
662 4154 720 4196 ita
743 4157 790 4196 ut
814 4167 885 4206 per
903 4167 945 4196 sc
969 4157 1009 4197 in
1029 4158 1161 4197 anima
1177 4158 1391 4207 consistat,

153 4203 246 4253 hs
256 4213 316 4256 ast
334 4214 552 4259 Dicaearchi
571 4217 749 4258 Messenii
765 4221 972 4260 sententh.

1517 3785 1773 3826 Dicaearchus
1791 3785 1966 3825 animam
1989 3795 2076 3825 esse
2103 3783 2352 3823 harmoniam
2372 3782 2561 3831 quattuor
2580 3778 2750 3817 elemen-

1464 3850 1600 3890 torum
1616 3850 1728 3900 dicit,
1745 3850 1785 3889 id
1797 3851 1879 3900 est,
1897 3850 2116 3890 mixturam
2136 3850 2176 3888 et
2191 3848 2427 3887 concentum
2446 3844 2751 3885 elementorum

1465 3925 1594 3965 neque
1612 3914 1719 3954 enim
1738 3925 1927 3954 sonorum
1947 3913 2225 3961 harmoniam,
2237 3911 2305 3952 sed
2324 3921 2411 3950 eam
2430 3917 2518 3958 quae
2535 3906 2574 3944 in
2590 3913 2753 3951 corpore

1465 3980 1604 4017 nostro
1631 3979 1691 4018 oet
1712 3977 1829 4017 calidi
1859 3980 1900 4018 et
1926 3977 2077 4028 frigidi,
2111 3975 2265 4016 humidi
2289 3976 2330 4014 et
2354 3972 2446 4013 sicci
2476 3969 2689 4008 mixturam
2713 3969 2752 4003 vt

1467 4043 1707 4082 concentum
1725 4042 1946 4093 significare
1961 4043 2089 4082 vult:
2119 4041 2308 4080 nimirum
2341 4048 2391 4076 ex
2425 4034 2485 4074 his
2513 4031 2644 4070 anima
2659 4039 2751 4067 con·

1467 4105 1586 4145 natur
1601 4105 1822 4145 secundum
1837 4107 2051 4145 nonnullos
2061 4104 2220 4155 quidem
2236 4103 2313 4150 ita,
2327 4101 2372 4138 ut
2390 4108 2458 4148 per
2477 4106 2517 4134 se
2532 4091 2748 4133 substantia

1466 4169 1538 4218 sit,
1555 4169 1772 4208 sec-,undum
1793 4169 2042 4209 Aristotelem
2055 4178 2150 4207 vero
2170 4167 2210 4205 et
2226 4161 2494 4204 Diooearchum
2511 4157 2587 4204 ita,
2606 4159 2649 4193 ut
2668 4165 2747 4194 non

1467 4232 1517 4271 sit
1535 4232 1776 4282 substantia,
1794 4231 1808 4281 (
1823 4232 1899 4272 sed
1917 4232 2030 4271 nihil
2058 4232 2140 4269 nisi
2161 4228 2344 4277 effectus
2368 4231 2552 4273 corpores
2572 4219 2747 4258 elemen-

1472 4298 1610 4336 torum
1626 4296 1876 4336 harmonica
1891 4298 2057 4335 ratione
2072 4295 2299 4333 me‘xtorwn
2321 4290 2348 4337 >.
