3016 4628
272 258 330 297 50
664 211 666 213 ’
1435 242 1604 291 lonis
1641 244 1772 315 cun

261 359 311 405 οὗ
328 355 463 402 πλείω
483 358 607 418 τριῶν
621 371 684 401 sc,
701 352 748 399 τὸ
768 354 928 409 πλῆθος
943 351 1023 417 ἔφη
1037 342 1144 398 εἶναι
1158 354 1241 398 τῶν
1256 351 1406 400 ὄντων.
1425 355 1562 413 Diog.

261 434 415 477 Laert.
437 431 547 475 VIlI
562 463 575 486 ,
597 428 624 474 8
655 445 665 472 :
694 422 796 475 Ἴων
811 425 866 486 ,δὲ
887 428 910 473 ὁ
928 425 1031 479 Χῖος
1055 426 1098 471 ἐν
1123 431 1210 478 τοῖς
1227 427 1470 490 Τριαγμοῖς
1486 443 1566 489 φη-

263 501 331 549 σὶν
358 500 487 548 αὐτὸν
525 501 614 564 (sc.
650 499 722 547 τὸν
764 498 1047 564 Πυθαγόραν)
1077 497 1167 544 ἔνια
1193 497 1438 554 ποιήσαντα
1464 499 1564 543 ἀνε-

262 580 427 637 νεγκεῖν
447 575 505 627 εἷς
525 570 710 638 Ὀρφέα.
731 573 908 618 Eadem
925 574 1070 618 Clem.
1090 573 1222 619 Alex,
1247 573 1420 617 Strom.
1444 573 1490 628 Ι,
1513 583 1561 631 p.

264 650 356 695 333
370 684 382 706 ‚
400 652 457 694 A.
478 648 620 708 Apud
636 647 825 692 Suidam
837 657 883 692 et
902 647 1083 693 Eudoc.
1101 662 1148 690 v.
1169 641 1356 708 Ὀρφεὺς
1371 645 1496 688 hunc
1516 645 1566 687 in

263 723 463 768 modum
483 730 709 781 corrupta
726 729 832 764 sunt
853 735 863 764 t
893 716 1080 782 Ὀρφεὺς
1105 715 1268 781 ἔγραψε
1293 714 1567 779 Τριαγμούς·

262 793 462 858 λέγονται
484 793 528 840 δὲ
548 785 657 840 εἶναι
678 788 827 844 ’Ἴωνος
843 795 916 837 τοῦ
935 794 1158 855 τραγικοῦ.
1183 818 1250 825 -
1269 790 1345 835 Ad
1363 790 1566 835 eundem

261 870 437 915 librum
457 868 706 914 referenda
733 876 839 911 sunt
871 883 973 926 quae
998 866 1057 910 de
1081 866 1224 909 tribus
1242 865 1481 909 elementis
1505 879 1563 908 ex

260 945 377 987 Ione
400 943 621 1003 leguntur
646 956 722 1004 ap.
757 941 783 984 J
788 955 836 983 0.
875 940 1129 998 Philopon.
1176 939 1226 981 in
1263 938 1461 982 Aristot.
1500 936 1563 984 Π.

260 1032 352 1076 γεν.
379 1013 453 1060 καὶ
474 1022 594 1079 φθορ.
617 1014 707 1064 fol.
736 1013 814 1069 46,
831 1013 862 1056 b
888 1029 898 1056 ε
926 1012 1025 1074 Πῦρ
1047 1008 1120 1056 καὶ
1144 1012 1224 1073 γῆν
1245 1011 1267 1055 ὃ
1286 1007 1566 1073 Παρμενίδης

263 1086 465 1134 ὑπέθετο·
486 1090 623 1132 ταῦτα
646 1083 690 1131 δὲ
715 1082 826 1146 μετὰ
846 1087 920 1130 τοῦ
946 1083 1066 1147 ἀέρος
1090 1080 1194 1130 Ἴων
1216 1082 1384 1141 ὃΧῗος,
1408 1084 1430 1128 ὃ
1454 1100 1563 1146 τρα-

262 1158 513 1225 γῳδοποιός.
563 1186 626 1193 ——-
666 1158 809 1218 Apud
844 1157 1081 1202 Stobaeum
1137 1153 1263 1219 (Ecl.
1321 1156 1458 1216 Phys.
1511 1158 1534 1200 I
1549 1190 1562 1213 ,

261 1250 311 1294 p.
331 1232 424 1278 552
443 1230 604 1293 Heer.)
617 1233 706 1275 Ion
720 1230 893 1274 dicitur
910 1231 1069 1274 lunam
1085 1229 1259 1273 hahere
1273 1227 1402 1288 σῶμα
1413 1229 1466 1291 τῇ
1486 1226 1564 1289 μὲν

260 1303 491 1362 ὑαλοειδὲς,
518 1299 707 1365 διαυγὲς,
731 1304 783 1365 τῇ
810 1301 845 1347 δ’
875 1298 1075 1366 ἀφεγγές.
1099 1303 1211 1346 Haec
1237 1311 1344 1345 sunt
1375 1317 1478 1360 quae
1503 1316 1561 1346 ex

231 1393 234 1397 ·
261 1377 596 1439 philosophicis
632 1377 760 1420 Ionis
782 1374 968 1434 scriptis
998 1375 1322 1417 innotuerunt.
1359 1372 1429 1418 Cf.
1455 1373 1566 1418 Nie-

262 1452 477 1513 berding.
498 1467 547 1510 p.
570 1465 630 1510 92
658 1464 793 1508 sqq.;
821 1448 1007 1506 Koepke
1024 1462 1074 1506 p.
1099 1463 1158 1507 79
1177 1461 1278 1506 sqq.

691 1641 847 1689 ΧΙΟΥ
893 1640 1129 1688 ΚΤΙΣΙΣ.

878 1761 895 1788 1
906 1743 950 1791 3.

327 1853 523 1895 Pausan.
554 1851 665 1905 VII,
702 1853 755 1903 l0,
793 1847 858 1892 8:
884 1842 1010 1894 Ἴωνι
1035 1843 1080 1891 δὲ
1105 1863 1166 1908 τι)
1192 1841 1423 1900 ποιήσαντι
1456 1862 1566 1907 τρα-

261 1921 420 1988 (ῳδίαν
447 1920 561 1968 ἐστιν
575 1921 618 1966 ἓν
644 1922 698 1984 τῇ
718 1937 946 1992 συγγραφῃ
971 1917 1116 1964 τοιάδε
1142 1918 1293 1981 εἷρημε
1275 1915 1374 1962 ’”να
1406 1917 1563 1963 Ποσει·

263 1994 375 2041 (ῶνα
395 2013 435 2047 ες
456 1991 535 2051 τὴν
560 2010 689 2049 νησον
708 1990 868 2056 ἔρημον
891 1994 1022 2036 οὖσαν
1042 1987 1301 2055 ἀφικέσθαι,
1323 2007 1398 2034 και
1417 1988 1562 2053 νύμφῃ

260 2087 305 2114 τε
324 2069 507 2114 ἐνταῦθα
530 2063 810 2128 συγγενέσθαι
831 2082 905 2110 και
928 2061 1009 2109 υπὸ
1026 2062 1104 2115 τὰς
1126 2062 1283 2115 ὠδῖνας
1299 2080 1376 2118 της
1396 2060 1566 2126 νύμφης

183 2150 185 2152 ’
260 2139 387 2205 χιόνα
407 2138 450 2195 ἐξ
469 2140 648 2204 οὗρανοῦ
671 2143 816 2184 πεσεῖν
838 2138 878 2189 ἐς
895 2134 973 2193 τὴν
994 2154 1098 2197 γην,
1123 2133 1235 2181 καὶ’
1213 2133 1300 2180 απὸ
1312 2132 1464 2180 τούτου
1479 2135 1566 2180 Πο-

261 2215 442 2261 σειδῶνα
459 2215 519 2278 τῷ
538 2210 812 2273 παιδιὸνομα
828 2213 872 2256 θε
862 2208 975 2256 σθαι
988 2207 1112 2256 Χίον·
1129 2205 1447 2271 συγγενέσθαι
1425 2205 1469 2255 οὲ
1485 2208 1562 2253 αὐ-

258 2305 332 2333 τον
354 2305 428 2333 και
449 2287 515 2331 ἑτε
496 2284 575 2350 ’ρα
589 2282 738 2348 νύμφῃ
766 2281 841 2329 καὶ
861 2280 1058 2345 γενέσθαι
1078 2300 1117 2327 οι
1137 2287 1297 2333 παῖδας
1319 2277 1499 2342 Ἄγελόν
1518 2300 1565 2327 τε

264 2358 337 2408 καὶ
361 2357 572 2406 Μέλανα·
596 2355 679 2404 ἀνὰ
694 2355 848 2421 χρόνον
867 2354 911 2401 δὲ
932 2373 1004 2401 και
1028 2353 1317 2400 Οἷνοπίωνα’
1299 2372 1340 2406 ες
1357 2353 1435 2410 τὴν
1455 2352 1565 2401 Χίον

262 2439 452 2496 κατᾶραι
482 2429 631 2476 ναυσὶν
657 2431 706 2476 ἐκ
747 2426 948 2492 Κρήτης,
985 2425 1168 2473 ἕπεσθαι
1209 2424 1257 2473 δέ
1294 2426 1434 2474 οἱκαὶ
1468 2425 1566 2481 τους

265 2506 428 2558 παῖδας
463 2503 611 2552 Τάλον
649 2502 723 2550 καὶ
760 2500 962 2558 Εὐάνθην
987 2499 1063 2547 καὶ
1089 2498 1275 2548 Μέλανα
1300 2498 1377 2546 καὶ
1413 2498 1568 2548 Σάλα-

259 2579 335 2642 γόν
365 2578 415 2643 (P)
444 2576 491 2624 τε
515 2576 590 2624 καὶ
614 2575 863 2638 Ἀθάμαντα
897 2574 969 2638 (P).
995 2572 1217 2638 Ἀφίκοντο
1253 2572 1296 2619 δὲ
1323 2571 1397 2620 καὶ
1422 2575 1567 2638 Κᾶρες

268 2655 310 2707 ἐς
333 2650 410 2709 τὴν
434 2654 566 2708 ν’ἧσον
595 2649 668 2696 ἐπὶ
692 2652 768 2706 τῆς
790 2647 1055 2701 Οἰνοπίωνος
1073 2645 1296 2711 βασιλείας
1317 2646 1392 2694 καὶ
1412 2642 1568 2694 Ἄὸαν-

269 2745 333 2779 τες
355 2723 397 2779 ἐξ
421 2722 627 2776 Etenim.
657 2721 922 2775 Οἰνοπίωνος
947 2718 993 2767 δὲ
1017 2719 1092 2767 καὶ
1114 2722 1198 2766 τῶν
1221 2717 1390 2766 παίδων
1409 2718 1566 2767 ἔλαὸεν

264 2797 439 2863 ὕστερον
464 2793 700 2860 Ἄμφικλος
719 2792 794 2852 τὴν
829 2793 992 2858 ἀρχήν·
1018 2791 1196 2857 ἀφίκετο
1218 2791 1262 2839 δὲ
1288 2791 1332 2847 ἐξ
1353 2792 1562 2847 Ἱστιαίας

262 2875 285 2917 ὗ
303 2868 542 2934 Ἄμφικλος
562 2887 638 2924 της
657 2868 700 2913 ἐν
720 2866 888 2930 Εὐὸοίᾳ
908 2865 1023 2912 κατὰ
1046 2864 1276 2927 μάντευμα
1298 2866 1346 2912 ἐκ
1365 2866 1562 2931 Δελφῶν.

262 2941 443 3006 ιἘκτωρ
472 2941 516 2987 δὲ
544 2938 630 2986 ἀπὸ
665 2942 740 2985 τοῦ
766 2936 1004 3013 Ἀμφίκλου
1031 2936 1218 3002 τετάρτῃ
1245 2945 1401 3002 γενεᾷ,
1435 2942 1564 3002 βασι-

263 3014 384 3062 λείαν
407 3012 491 3079 γὰρ
516 3011 618 3076 ἔσχε
643 3010 718 3058 καὶ
752 3014 898 3069 ουτος,
940 3009 1212 3070 επολέμησεν
1245 3005 1466 3057 Ἀὸἀντων
1492 3028 1567 3056 και

604 3151 683 3194 DE
715 3149 837 3194 CHII
869 3147 1228 3193 ORIGINIBUS.

883 3251 953 3291 13.

316 3325 389 3362 Ion
403 3332 512 3370 vero,
528 3319 811 3370 tragoediarum
825 3318 1009 3369 scriptor,
1029 3317 1284 3357 historiarum
1300 3319 1570 3358 monumentis

265 3385 486 3435 mandavit,
500 3386 730 3434 Neptunum
742 3383 780 3422 in
794 3382 993 3422 desertam
1006 3381 1221 3432 aliquando
1235 3382 1405 3422 insulam
1417 3383 1571 3423 Chium

266 3452 442 3499 venisse3
462 3451 503 3490 in
531 3460 578 3489 ea
605 3449 804 3499 cognitam
821 3449 872 3487 ah
890 3449 974 3499 ipso
1007 3448 1226 3499 nympham
1246 3449 1447 3498 quandam
1464 3451 1504 3489 et
1524 3460 1570 3489 ea

267 3515 513 3567 parturiente
535 3524 558 3553 e
577 3514 678 3552 coelo
694 3512 828 3552 nivem
847 3514 1028 3562 (Groecz's
1050 3512 1215 3560 chiona)
1240 3513 1407 3553 effusam
1415 3527 1428 3563 3
1449 3524 1473 3553 a
1489 3525 1570 3564 quo

236 3585 241 3587 ’
266 3581 322 3620 rei
342 3579 489 3619 eventu
506 3589 651 3617 nomen
668 3576 749 3615 filio
765 3577 864 3616 Chio
881 3577 1116 3627 imposuisse
1129 3578 1373 3627 Neptunum.
1388 3577 1570 3618 Eundem

269 3656 319 3685 ex
329 3645 404 3684 alia
413 3642 586 3694 quadam
599 3642 775 3691 nympha
789 3641 890 3680 lilios
907 3641 1069 3691 Agelum
1083 3643 1122 3680 et
1135 3641 1331 3680 Melanem
1343 3642 1570 3692 suscepisse.

267 3708 536 3758 OEnopionem
557 3708 692 3756 postea
712 3717 734 3744 e
757 3707 874 3745 Creta
893 3705 933 3743 in
955 3705 1101 3745 Chium
1118 3705 1291 3744 insulam
1316 3706 1514 3756 appulisse
1531 3709 1572 3747 et

266 3785 359 3813 cum
381 3783 429 3811 eo
452 3782 533 3810 una
549 3770 650 3809 filios
667 3770 834 3818 Talum,
865 3770 1111 3819 Euanthem‚
1137 3770 1356 3820 Melanem,
1384 3770 1571 3821 Salagum

267 3840 309 3877 et
343 3835 627 3876 Athamantem
651 3832 930 3883 (staphylum
951 3836 991 3872 oc
1027 3834 1302 3882 Thoantem).
1344 3834 1572 3885 OEnopione

269 3902 459 3953 regnante
479 3901 600 3940 Cares
626 3898 767 3938 eodem
787 3898 940 3938 venisse
957 3901 997 3938 et
1017 3898 1189 3938 Abantes
1204 3909 1255 3938 ex
1273 3899 1421 3939 Euboea
1440 3916 1449 3939 ε
1477 3911 1569 3940 suc-

268 3965 430 4006 cessisse
452 3962 596 4003 deinde
621 3962 662 4001 in
694 3973 860 4012 regnum
889 3962 1104 4013 OEnopioni
1126 3963 1165 4001 et
1185 3961 1274 4002 filiis
1294 3963 1570 4014 Amphiclurn,

267 4031 468 4071 advenam
496 4027 700 4068 hominem
721 4027 771 4066 ab
793 4027 954 4067 Histiaea
984 4027 1165 4076 Euboeae,
1187 4038 1237 4067 ex
1265 4029 1456 4079 Apollinis
1478 4029 1572 4068 Del-

270 4097 373 4148 phici
391 4095 568 4135 oraculo.
594 4095 747 4141 Quarta
775 4095 861 4144 post
879 4093 1131 4144 Amphiclum
1149 4095 1267 4134 aetate
1291 4096 1436 4134 Hector
1455 4095 1572 4144 (nam

271 4164 310 4201 ct
329 4162 394 4200 hic
410 4172 480 4200 rex
499 4160 596 4209 suit)
614 4170 707 4198 cum
725 4159 892 4199 Caribus
908 4161 947 4198 et
970 4159 1188 4198 Abantibus
1207 4159 1347 4198 insulan
1370 4160 1574 4211 inquilinis

267 4226 455 4275 bellavit,
475 4227 668 4266 eteorum
694 4226 805 4275 parte
816 4224 925 4274 justo
945 4225 1083 4274 prwlio
1107 4225 1194 4265 susa
1208 4253 1218 4273 ,
1240 4225 1411 4275 reliquos
1440 4226 1478 4264 in
1500 4226 1569 4265 dc-

1644 353 1804 415 Καρῶν
1837 356 1925 403 τοῖς
1949 350 2136 397 οἰκοῦσιν
2174 350 2217 397 ἐν
2243 353 2296 415 τῇ
2326 350 2463 416 νήσῳ,
2487 343 2563 399 καὶ
2587 351 2684 406 τοὺς
2711 339 2961 415 -pkv’due'ss
2999 378 3002 410 ,ι

1641 440 1802 470 κτεινεν
1829 424 1872 468 ἐν
1905 425 1999 476 ταῖς
2033 421 2220 488 μάχαις,
2256 422 2354 478 τοὺς
2381 423 2427 471 δὲ
2462 425 2663 472 ἀπελθεῖν
2687 424 2934 489 ἠνάγκασεν
2992 418 3001 450 J

1643 492 1950 548 ὑποσπόνδους.
1973 493 2216 556 Γενομένης
2237 494 2280 542 δὲ
2264 497 2555 559 εάπαλλαγῆς
2575 495 2767 559 πολέμου
2788 497 2955 559 Χίοις,
2992 492 3003 542 ἶ

1644 565 1874 631 ἀφικέσθαι
1896 571 2136 625 τηνικαῦτα
2162 569 2204 622 ἐς
2225 567 2401 631 μνήμην
2424 567 2622 633 (Ἐκτορα
2647 573 2704 623 ὡς
2728 577 2837 636 σφᾶς
2861 568 2936 619 καὶ

1639 634 1767 686 Ἴωσι
1799 637 1886 686 δέοι
1921 638 2112 686 συνθύειν
2138 641 2179 694 ἐς
2204 640 2470 690 Πανιώνιον·
2501 640 2688 706 τρίποδα
2721 640 2767 689 δὲ
2807 635 2936 693 ἆθλον
2994 641 3005 697 ἷῖ

1642 711 1795 759 λαὸεῒν
1823 711 1954 759 αὐτὸν
1984 712 2061 759 επὶ
2098 712 2367 780 ἀνδραγαθία
2401 713 2523 780 παρὰ
2557 718 2631 762 τοῦ
2665 720 2809 764 κοινοῦ
2833 733 2940 783 φησι
2995 726 3005 786 ³3

1645 789 1721 832 τοῦ
1749 783 1924 834 Ἰώνων.
1954 787 2164 833 Τοσαῦτα
2188 786 2391 852 εἰρηκότα
2425 788 2467 841 ἐς
2497 786 2630 842 Χίους
2660 786 2796 837 Ἴωνα
2819 787 2951 853 εὕρω·
2996 788 3002 848 {f

1643 875 1767 905 σκον·
1793 859 1841 904 οὐ
1886 855 2033 920 μέντοι
2057 858 2194 906 ἐκεῖνό
2223 879 2274 924 γε
2310 859 2457 926 εἴρηκε
2491 861 2587 908 καθ’
2612 860 2764 919 ἥντινα
2798 862 2941 911 αἰτίαν
2998 852 3007 902 ἷ-

1640 932 1743 980 Χῖοι
1763 932 1957 978 τελοῦσιν
1979 935 2022 985 ἔς
2043 929 2213 986 Ἴωνας.
2998 962 3008 995 3

1706 1006 1747 1051 Τ
1748 1006 1799 1062 ἧς
1816 1002 1986 1068 νύμφης
2003 1002 2161 1068 χιόνα]
2179 1006 2246 1053 Cf.
2265 1008 2469 1052 Hecataei
2493 1008 2551 1053 fr.
2575 1024 2655 1069 99.
2677 1007 2855 1055 Plinius
2874 1007 2950 1059 Η.-,
2998 999 3009 1071 ἐἸ

1639 1080 1698 1123 Ν.
1713 1081 1777 1136 V,
1798 1078 1853 1122 31
1880 1094 1890 1122 :
1911 1080 2205 1123 ,Metrodorus
2223 1090 2272 1123 ec
2284 1080 2524 1125 Cleobulus
2546 1080 2752 1126 Chiuma
2769 1082 2956 1136 Chionez
2999 1091 3009 1132 ἒ

1639 1143 1873 1204 nympha,
1910 1146 2056 1204 (1ῖίᾳαὶ
2091 1161 2123 1188 a
2155 1149 2259 1189 nive
2296 1145 2385 1205 (sc.
2424 1147 2703 1206 appellatam
2734 1155 2829 1194 esse
2864 1148 2961 1209 di-i]
2998 1155 3009 1194 ε’

1641 1216 1797 1278 cunt).
1837 1242 1903 1250 —
1939 1216 2231 1274 Οἷνωπίωνα]
2283 1218 2522 1263 Plutarch.
2568 1220 2702 1267 Thes.
2742 1236 2785 1265 c.
2834 1236 2896 1266 20
2925 1207 2965 1266 2>¹

1639 1283 1782 1336 Ἔνιοι
1813 1286 1857 1334 δὲ
1885 1287 1961 1335 καὶ
1986 1288 2123 1334 τεκεῖν
2149 1289 2198 1336 ἐκ
2216 1286 2402 1345 Θησέως
2425 1287 2665 1353 Ἀριάδνην,
2694 1289 2943 1341 Οἰνοπίωνα

1640 1359 1715 1407 καὶ
1741 1360 1996 1427 Στάφυλον,
2022 1353 2081 1408 ὧν
2106 1360 2181 1408 καὶ
2201 1363 2224 1407 ὁ
2248 1362 2355 1414 Χῖος
2370 1357 2473 1408 Ἴων
2490 1359 2604 1419 ἐστὶ,
2621 1360 2816 1426 περὶτῆς
2841 1352 2955 1410 ἑαυ·Δ
3003 1351 3008 1365 ’

1640 1437 1716 1480 τοῦ
1732 1432 1938 1498 πατρίδος
1956 1431 2117 1496 λέγων·
2140 1455 2159 1476 «
2181 1432 2276 1490 Τὴν
2295 1431 2400 1480 πότε
2424 1431 2647 1492 Θησείδης
2668 1433 2834 1482 ἔκτισεν
2859 1439 2944 1485 Oi.-

1640 1505 1798 1553 νοπίων
1826 1506 1971 1569 (eleg.
1989 1507 2047 1551 fr.
2076 1506 2131 1552 51
2157 1503 2379 1566 Kos-pk).
2403 1526 2424 1546 »
2445 1507 2514 1555 Cf.
2533 1508 2718 1555 Welck.
2743 1509 2867 1567 cycl.
2889 1527 2940 1572 p.

1648 1579 1752 1626 155.
1777 1581 1929 1641 Vulgo
1955 1580 2229 1640 OEnopides
2251 1589 2318 1624 est
2341 1580 2509 1624 Bacchi
2528 1580 2603 1624 vel
2635 1581 2944 1629 Rhadaman-
3006 1581 3007 1585 ’

1641 1655 1709 1698 thi
1735 1653 1883 1710 filius;
1910 1669 1957 1701 v.
1981 1653 2183 1699 Diodor.
2204 1655 2269 1709 V,
2295 1667 2381 1712 79,
2411 1668 2462 1708 13
2488 1653 2646 1698 Schol.
2672 1655 2830 1714 Apoll.
2850 1657 2944 1706 Rh.

1644 1726 1697 1786 3,
1723 1726 1838 1787 996.
1866 1726 2007 1770 Plura
2035 1725 2094 1770 de
2126 1725 2410 1785 OEnopione
2440 1725 2653 1785 praebent
2685 1727 2940 1788 Inter-pret.
3006 1757 3010 1760 >

1640 1797 1702 1842 ad
1722 1797 1924 1843 Diodor.
1947 1798 1982 1844 l.
2005 1798 2062 1854 1.,
2088 1797 2149 1841 ad
2185 1797 2468 1857 Apollodor.
2493 1798 2542 1853 Ι,
2571 1802 2626 1854 4,
2652 1806 2704 1855 4,
2723 1799 2785 1845 ad
2819 1802 2944 1846 Pau-

1639 1884 1733 1914 san.
1757 1870 1790 1913 l.
1817 1870 1853 1930 l;
1874 1869 2107 1916 Voelcker.
2128 1868 2331 1927 Mythol.
2351 1870 2400 1913 d.
2422 1872 2536 1930 Iup.
2565 1871 2732 1917 Gesch.
2769 1887 2821 1932 p.
2853 1889 2942 1919 112

1640 1957 1744 2002 sqq.
1767 1968 1834 1976 —
1857 1942 2000 2000 Quod
2017 1951 2171 1986 totum
2189 1943 2350 1987 locum
2374 1943 2557 1998 attinet,
2586 1945 2838 1992 Pausanias
2864 1947 2943 1990 ni—

1639 2014 1706 2057 hil
1722 2015 1810 2058 nisi
1831 2029 2009 2058 summa
2025 2013 2417 2074 quaedam-capita
2437 2029 2493 2058 ex
2517 2017 2646 2060 Ionis
2671 2017 2798 2062 libro
2819 2034 2942 2063 eno-

1642 2094 1755 2131 tasse
1781 2086 1988 2142 videtur,
2026 2101 2181 2146 neque
2209 2086 2262 2130 id
2302 2087 2408 2131 satis
2441 2098 2680 2144 accurate,
2715 2092 2765 2134 ni
2791 2091 2942 2140 fallor.

1641 2158 1890 2202 Confusam
1941 2173 2036 2202 esse
2079 2160 2398 2203 narrationem
2443 2170 2571 2205 recte
2618 2171 2781 2223 monet
2824 2162 2946 2209 Her-

1641 2247 1800 2276 mann.
1825 2233 1905 2277 Gr.
1930 2232 2281 2277 Staatsaltertlz.
2306 2231 2333 2292 §
2353 2249 2410 2291 77
2429 2268 2444 2295 ,
2469 2250 2487 2277 1
2502 2250 2544 2278 1.

2262 2322 2340 2371 14

1708 2413 1956 2457 Athenaeus
1969 2413 2033 2469 X,
2045 2428 2095 2472 p.
2114 2412 2226 2471 426,
2239 2414 2305 2457 E:
2323 2411 2381 2460 Ἡ
2397 2402 2502 2458 δ’
2453 2430 2526 2459 ουν
2542 2418 2693 2477 κρᾶσις
2705 2406 2818 2473 αὕτη
2827 2413 2962 2481 παρὰ,

1641 2482 1691 2530 τὸ
1725 2481 1815 2537 ἔθος
1851 2487 1959 2530 οὐσα
2008 2482 2229 2546 ἐπέμνησε
2265 2483 2383 2550 τάχα
2420 2483 2496 2532 και
2525 2483 2605 2543 τὴν
2654 2486 2946 2552 θρυλουμένην
2966 2552 2970 2553 ⁷

1643 2554 1906 2622 παροιμίαν·

1742 2644 1795 2684 Ἢ
1817 2644 1931 2684 πέντε
1950 2644 2088 2695 πίνειν,
2106 2646 2131 2694 ἢ
2157 2644 2250 2696 τρί’,
2264 2646 2290 2694 ἢ
2310 2646 2365 2696 μή
2380 2628 2557 2697 τέτταρα.

1649 2716 1713 2765 Ἢ
1740 2715 1826 2781 γὰρ
1851 2716 1927 2765 δύο
1954 2717 2056 2782 πρὸς
2091 2717 2218 2766 πέντε
2238 2718 2376 2766 πίνειν
2399 2719 2507 2784 φασὶ
2527 2719 2639 2779 δεῖν,
2672 2716 2703 2777 ἢ
2739 2719 2815 2767 ἕνα
2842 2721 2948 2788 πρὸς

1642 2790 1768 2855 τρεῖς.
1789 2789 1901 2854 Περὶ
1918 2789 1962 2837 δὲ
1978 2788 2140 2848 ταύτης
2154 2794 2232 2848 τ’ἧς
2251 2791 2444 2855 κράσεως
2461 2789 2566 2840 Ἴων
2589 2794 2612 2839 ὁ
2627 2792 2810 2850 ποιητὴς
2824 2795 2870 2841 ἐν
2884 2797 2948 2860 τῷ

1646 2863 1760 2929 Περὶ
1775 2862 1886 2913 Χίου
1904 2864 2034 2928 φησὶν
2045 2901 2058 2923 ,
2075 2862 2140 2911 ὅτι
2157 2862 2294 2930 εὑρὼν
2314 2867 2337 2911 ὃ
2353 2864 2504 2927 μάντις
2520 2864 2797 2928 Παλαμήδης
2816 2868 2950 2930 ἐμαν-

1649 2935 1858 2999 τεύσατο,
1888 2938 2024 2983 πλοῦν
2060 2935 2235 2984 ἔσεσθαι
2265 2939 2354 2991 τοῖς
2386 2933 2605 2998 εΈλλιιῑοτ,
2635 2937 2809 2986 πίνουσι
2836 2941 2951 3005 τρεῖς

1653 3008 1763 3074 πρὸς
1790 3006 1864 3055 ἕνα
1889 3006 2088 3061 κυάθους.

1645 3146 1838 3186 ditionem
1850 3147 2034 3197 acceptos
2045 3157 2068 3186 e
2079 3146 2240 3186 sedibus
2255 3146 2336 3186 suis
2350 3147 2517 3198 expulit.
2536 3149 2777 3199 Compositis
2787 3149 2948 3190 demum

1643 3210 1732 3251 Chii
1752 3210 1871 3251 rebus
1890 3210 1932 3250 in
1958 3211 2194 3250 memoriam
2218 3211 2381 3251 Hectori
2407 3211 2526 3251 rediit
2548 3222 2762 3253 commune
2789 3219 2947 3254 sacr-mn

1643 3275 1729 3315 lieri
1744 3286 1768 3314 a
1794 3274 1875 3315 suis
1891 3276 2075 3325 oportere
2091 3285 2186 3315 cum
2214 3274 2402 3315 universo
2426 3277 2572 3316 Ionum
2599 3277 2823 3327 conventu;
2839 3279 2882 3318 et
2897 3278 2950 3319 ab

1642 3350 1690 3378 eo
1706 3340 1907 3379 conventu
1919 3338 2118 3389 tripodem
2130 3338 2209 3387 illi,
2227 3339 2275 3378 ut
2289 3338 2395 3379 idem
2407 3339 2550 3390 refert,
2567 3340 2727 3381 virtutis
2738 3341 2948 3391 praemium

1642 3403 1833 3443 delatum.
1865 3405 1962 3443 Haec
1980 3402 2031 3442 de
2052 3402 2162 3443 Chiis
2190 3405 2330 3443 Ionem
2350 3403 2558 3444 tradidisse
2586 3404 2787 3455 comperi,
2814 3417 2940 3457 quum

1642 3478 1803 3507 causam
1821 3468 1958 3506 tamen
1975 3467 2043 3506 ille
2054 3477 2135 3506 non
2151 3467 2381 3518 exposuerit
2395 3467 2658 3518 quamobrem
2675 3478 2768 3509 cum
2785 3469 2947 3510 Ionibus

1642 3533 1762 3583 coepti
1778 3533 1925 3572 fuerint
1942 3533 2030 3577 chii
2049 3532 2216 3573 censeri.

2157 3603 2159 3605 ’
2256 3599 2327 3640 14.
2954 3643 2955 3646 ,

1694 3669 1790 3707 Haec
1801 3666 1942 3706 mixtio
1953 3656 2080 3717 quum
2092 3666 2142 3706 sit
2153 3666 2291 3705 contra
2304 3675 2472 3715 morem,
2487 3665 2527 3704 in
2539 3667 2772 3708 memoriam
2786 3669 2847 3708 for
2872 3684 2877 3703 ι
2894 3685 2921 3705 z<

1644 3731 1845 3771 revocarit
1872 3731 2052 3770 convivis
2070 3730 2212 3769 tritum
2231 3739 2413 3770 sermone
2431 3729 2684 3780 proverbium
2703 3747 2713 3771 z
2947 3732 2952 3739 ⁴

1732 3839 1797 3872 aut
1811 3836 1975 3882 quinque
1990 3835 2139 3879 hibere,
2158 3835 2220 3871 vel
2239 3835 2310 3872 tria
2321 3861 2331 3879 ‚
2346 3837 2410 3872 aut
2425 3844 2503 3871 non
2518 3838 2705 3881 quattuor.

1645 3931 1745 3970 Nam
1768 3929 1838 3968 aut
1858 3927 1959 3968 duas
1978 3928 2110 3978 partes
2135 3937 2229 3966 cum
2250 3925 2426 3977 quinque
2455 3925 2567 3968 aiunt
2587 3930 2772 3979 oportere
2789 3929 2882 3971 hibe
2927 3919 2941 3923 ’

1645 3995 1714 4032 aut
1737 4003 1860 4031 unam
1877 4002 1969 4031 cum
1985 3990 2130 4032 tribuS.
2155 3993 2213 4031 De
2229 3990 2304 4030 hac
2317 4000 2413 4030 vero
2432 3991 2623 4032 mixtione
2637 3992 2734 4033 dicit
2747 3995 2819 4033 Ion
2832 4004 2884 4046 po
2920 4012 2927 4042 χ
2948 4023 2956 4030 ,,

1646 4057 1685 4097 in
1706 4057 1808 4096 libro
1826 4055 1877 4095 de
1902 4055 2018 4105 Chio,
2034 4064 2127 4095 eum
2140 4054 2217 4105 ‚qui
2236 4054 2346 4093 illam
2371 4054 2584 4096 invenisset
2605 4055 2855 4098 Palamedem
2873 4047 2951 4099 vus<

1646 4122 1750 4170 tem,
1771 4119 2034 4159 vaticinatum
2054 4128 2139 4158 esse
2161 4117 2334 4167 Groecis,
2354 4118 2610 4159 commodam
2625 4119 2673 4160 iis
2687 4120 2772 4161 fore
2787 4120 2916 4167 navi¹⁴
2931 4160 2934 4164 ,

1646 4184 1820 4233 tionem,
1840 4183 1873 4223 si
1890 4184 1970 4230 tres
1985 4193 2077 4223 cum
2093 4192 2175 4221 uno
2194 4182 2358 4232 cyathos
2375 4180 2568 4223 biberent.
2940 4186 2954 4199 ⁴
