3016 4628
50 458 84 518 ι
118 450 218 493 «ων,
238 435 432 480 alterum
453 428 562 494 Περὶ
591 431 674 475 τῶν
699 429 742 474 ἐν
763 427 944 476 Ἐλλάδι
974 428 1139 475 πόλεων
1157 428 1232 491 (v.
1257 446 1396 490 supra

114 522 164 569 p.
203 506 341 568 198).
383 505 587 550 Titulum
631 499 738 565 Περὶ
772 501 997 546 πολιτειῶν
1030 503 1088 546 ab
1124 513 1397 562 excerptore

114 579 375 640 profectum
404 577 578 632 videri,
608 588 752 634 quum
777 589 875 618 non
896 575 1143 633 probabile
1171 576 1229 618 sit
1251 577 1400 619 Hera-

116 650 285 697 clidem
321 658 489 710 praeter
521 643 639 708 opus
670 643 779 709 Περὶ
813 646 898 691 τῶν
934 646 977 691 ἕν
1009 643 1192 692 Ἑλλάδι
1226 643 1395 692 πόλεων

114 737 317 768 seorsum
332 723 468 767 etiam
483 716 709 770 Πολιτείας
720 719 962 777 scripsisse.
974 719 1148 764 Verum
1159 720 1396 763 enimvero

116 803 352 839 auctorem
375 793 523 837 nostri
546 792 690 836 libelli
721 805 820 834 non
844 791 944 850 ipsa
969 791 1227 835 Heraclidis
1252 807 1394 850 opera

62 917 67 920 ,
113 880 352 925 usurpasse
384 864 458 925 (id
489 864 611 908 enim
645 862 824 907 ordinis
855 862 1088 909 defectum
1114 878 1212 906 non
1238 864 1399 908 admit-

114 936 268 998 tere),
301 936 383 981 sed
410 951 513 980 oevo
543 936 711 989 medio,
750 950 894 994 quum
924 936 1105 996 integra
1143 936 1400 980 Heraclidis

113 1023 252 1070 opera
268 1008 446 1053 dudum
461 1008 718 1067 periissent,
739 1006 996 1067 fragmenta
1014 1009 1261 1052 eorumvel
1275 1009 1394 1052 eclo-

86 1094 188 1143 gas
205 1081 280 1124 hic
307 1081 400 1124 illic
420 1081 468 1124 in
498 1081 633 1124 variis
660 1079 790 1123 libris
819 1078 1018 1139 dispersa
1045 1080 1296 1139 collegisse.

176 1153 379 1198 Caurus
399 1153 430 1196 l.
454 1152 486 1196 l.
512 1167 560 1212 p.
583 1148 666 1214 ρνζ’
692 1152 755 1195 ita
779 1151 922 1196 habet
946 1167 955 1195 :
979 1148 1174 1206 Λαλήσω
1197 1148 1295 1213 περὶ
1323 1153 1397 1196 τοῦ

111 1220 446 1286 συγγράμματος
469 1223 598 1268 αὐτοῦ
626 1222 642 1284 (
663 1220 946 1286 Ἡρακλείδου
962 1226 1037 1268 τοῦ
1061 1222 1299 1284 Ποντικοῦ)
1322 1224 1395 1267 τοῦ

115 1292 457 1358 ἕπιγραφομένου
483 1292 594 1358 Περὶ
618 1293 860 1340 πολιτειῶν.
882 1295 959 1346 Εἷς
988 1291 1042 1339 τὰ
1067 1291 1288 1354 σωζόμενα
1321 1291 1396 1339 καὶ

111 1365 363 1429 ἓκδιδόμενα
388 1359 472 1412 dieb
492 1370 617 1412 τοῦτο
640 1364 823 1430 λείψανα
851 1365 920 1413 δὲν
945 1365 1101 1429 ἔχομεν
1121 1364 1251 1412 πλέον
1276 1363 1396 1429 παρὰ

110 1437 292 1498 ἀληθινὰ
315 1437 498 1503 λείψανα
514 1474 527 1496 ,
560 1438 634 1485 καὶ
655 1437 807 1502 σχεδὸν

241 1618 244 1622 ’
741 1566 822 1604 ἀντὶ
843 1564 1026 1616 φιλτάτης,

185 1627 326 1675 μορφῆς
337 1653 349 1674 ,
363 1623 506 1663 σποδόν
521 1637 563 1663 τε
581 1625 646 1663 καὶ
664 1624 778 1663 σκιὰν
791 1624 979 1674 ἀνωφελῆ.

173 1733 231 1776 Et
248 1733 403 1792 paullo
419 1741 526 1792 post
549 1748 559 1777 ε
581 1733 656 1784 Εἷς
678 1730 819 1778 πολλὰ
840 1729 949 1795 μέρη
976 1728 1172 1795 φαίνεται
1194 1728 1259 1776 ὅτι
1282 1728 1396 1783 ὅστις

90 1800 332 1863 ’ἑπὲτεμε
355 1801 1144 1869 τὸσύγγραμμαῆσυνήθροισε
1163 1801 1227 1849 τὰ
1245 1805 1394 1867 εὑρη-

107 1873 266 1934 Οέντα
287 1875 342 1921 λε
355 1873 476 1940 ίψαν
489 1894 517 1921 α
531 1911 544 1936 ,
561 1874 720 1933 ἤλλαξε
737 1874 812 1922 καὶ
830 1874 908 1932 τὴν
923 1875 1078 1941 φράσιν
1095 1876 1169 1922 καί
1188 1894 1291 1922 ποτε
1320 1873 1394 1922 καὶ

36 1999 38 2003 ,
105 1945 184 2004 τὴν
207 1945 399 1995 ἐσκότισε
423 1944 477 2009 μὲ
500 1945 579 2005 τὴν
612 1946 840 2010 ἀσάφειαν.
863 1949 998 1994 Idem
1022 1958 1186 2008 postea
1207 1950 1255 1992 in
1275 1951 1391 1993 Pro·

107 2021 357 2082 legomenis
397 2021 456 2066 ad
490 2015 749 2066 Aristotelis
785 2022 981 2066 Politica
1025 2021 1186 2082 (Paris
1224 2021 1342 2066 1821
1371 2019 1384 2084 )

105 2108 154 2154 p.
189 2090 231 2154 γ’
263 2094 416 2153 posuit
439 2093 536 2138 haee
567 2106 578 2139 :
604 2090 730 2139 Ἀπὸ
751 2089 843 2145 τὰς
869 2096 962 2138 τοῦ
988 2090 1394 2156 Ἀριστοτέλους

105 2162 399 2217 πολιτείας
431 2162 609 2217 πιθανὸν
640 2159 707 2208 ὅτι
739 2161 1026 2224 συνηρανίσθη
1052 2162 1101 2209 τὸ
1126 2161 1392 2227 σύγγραμμα

27 2253 30 2263 ·
61 2270 65 2273 <
105 2233 134 2293 ἢ
162 2236 328 2297 μᾶλλον
362 2233 488 2299 μέρος
510 2233 851 2300 συγγράμματος
880 2238 956 2282 τοῦ
983 2234 1270 2299 Ἡρακλείδου
1295 2234 1393 2298 περὶ

102 2308 330 2354 πολιτειῶν
350 2306 424 2353 καὶ
449 2305 560 2364 αὐτὴ
583 2309 659 2353 τοῦ
684 2309 978 2368 Δαμασκηνοῦ
1003 2306 1219 2355 Νικολάου
1238 2310 1265 2364 ἡ
1297 2309 1393 2355 Πα-

106 2378 294 2444 ραδόξων
329 2382 433 2427 ἐθῶν
460 2378 706 2442 συναγωγή.
734 2382 953 2426 Similiter
989 2382 1307 2427 Gmssnomus
1344 2383 1392 2424 in

7 2455 9 2458 ⁴
101 2454 255 2498 ,salens
271 2451 440 2498 Jahrb.
466 2452 612 2513 1829,
635 2462 750 2497 tom.
776 2454 823 2497 X
841 2486 854 2508 ,
875 2468 982 2512 2,p.
1011 2468 1098 2511 172
1127 2467 1138 2500 :
1163 2475 1181 2493 «
1210 2455 1394 2497 Recen—

54 2524 62 2570 ᾗ
103 2535 205 2570 sent
226 2526 334 2569 haelt
357 2525 450 2570 den
468 2525 736 2570 Heraclides
759 2526 977 2570 Ponticus
992 2526 1068 2569 fiir
1094 2527 1232 2577 einen
1253 2526 1389 2570 Com·

50 2607 54 2610 '
103 2599 277 2658 pilator
311 2597 397 2647 des,
419 2598 689 2642 Aristoteles
699 2631 712 2653 ,
739 2597 858 2642 oder
892 2598 1114 2658 richtiger
1149 2598 1226 2642 die
1255 2607 1392 2642 unter

0 2687 2 2702 ι
103 2673 275 2717 seinem
298 2672 476 2715 Namen
506 2670 841 2715 vorhandenen
874 2672 1150 2731 Fragmente
1173 2671 1250 2714 fiir
1282 2673 1386 2716 eine

43 2734 62 2743 '⁷
105 2742 411 2804 mangelhafte
449 2743 764 2802 Compilation
802 2758 882 2787 aus
916 2743 1009 2787 den
1050 2744 1280 2787 Politieen
1311 2743 1393 2788 des

106 2815 389 2862 Aristoteles.
423 2834 444 2855 υ
487 2815 696 2860 Eandem
730 2817 1005 2860 sententiam
1028 2817 1166 2860 etiam
1194 2817 1391 2860 Scamm-

105 2901 322 2932 mzwmus
351 2887 647 2946 amplectitur
676 2895 723 2931 et
756 2886 925 2931 additis
948 2888 1230 2948 argumentis
1260 2903 1393 2932 com-

52 2964 62 2982 ‘'
106 2961 305 3020 probare
331 2959 501 3006 studet.
536 2960 721 3003 Etenim
749 2968 997 3018 postquam
1029 2974 1200 3019 genera
1234 2975 1388 3004 rerum

55 3026 62 3042 ⁷
104 3046 207 3091 quae
229 3033 279 3076 in
310 3032 584 3076 Aristoteliis
616 3029 853 3076 Πολιτειῶν
877 3033 1144 3092 fragmentis
1180 3031 1384 3076 afferun-

55 3098 198 3159 ⁴*³⁷⁴¹tur,
229 3104 481 3158 recensuit,
528 3103 589 3147 ad
620 3104 838 3148 Nostrum
867 3120 913 3149 se
936 3113 1227 3151 ,convertens
1261 3106 1324 3149 ait
1371 3122 1382 3149 t

48 3177 82 3193 ·”’
113 3194 132 3216 α
157 3175 294 3220 Illum
339 3190 480 3235 quem
511 3183 706 3220 conatus
739 3184 840 3220 sinn
864 3177 1098 3221 delineare
1131 3178 1389 3222 Aristotelii

44 3244 79 3323 ξ
103 3249 258 3308 operis
285 3248 498 3293 habitum
529 3257 839 3307 ornatumque
874 3249 957 3307 qui
986 3258 1142 3292 mente
1170 3264 1390 3308 compre—

106 3319 320 3365 henderit
335 3353 349 3376 ,
371 3321 408 3365 is
425 3320 510 3364 ubi
533 3320 594 3364 ad
613 3320 941 3365 Heraclideum
962 3321 1137 3364 librum
1159 3321 1386 3378 devertet,

36 3389 488 3452 ,ffeomparabitque
512 3391 659 3436 libelli
683 3392 815 3436 dotes
837 3408 944 3436 cum
970 3393 1245 3436 Aristoteliis
1272 3393 1386 3447 illis,

20 3455 322 3525 *ss-..ipusillum
358 3465 562 3524 aliquem
594 3465 890 3509 Aristotelem
921 3474 1155 3524 agnoscet.
1190 3466 1389 3509 Tametsi

38 3523 327 3600 Ϊα-’Ἷαιῐιωῐη
354 3545 585 3581 mutatum
607 3537 667 3581 ab
693 3537 797 3580 illo!
823 3538 915 3581 Pro
948 3537 1132 3596 integro
1156 3545 1203 3580 et
1230 3537 1387 3580 valido

53 3604 81 3627 ¹
105 3619 304 3670 corpore
334 3611 488 3671 imago
515 3620 727 3655 occursat
747 3610 953 3654 marcida
980 3618 1025 3654 et
1047 3611 1346 3654 semimortua
1371 3623 1383 3655 :

48 3681 243 3746 ῥ”ᾒίῖαοὶθε
274 3691 430 3728 tamen
452 3684 699 3743 voltusque
721 3684 782 3738 ii,
815 3691 866 3727 ut
897 3682 956 3727 de
978 3683 1173 3742 pristina
1197 3684 1388 3727 sanitate

106 3752 418 3812 conjecturam
439 3755 607 3814 capia&
635 3774 655 3794 n
678 3779 743 3788 —-

27 3879 36 3886 ἱ
175 3844 196 3864 «τ
226 3825 454 3871 Gliscente
475 3827 773 3872 multitudine
797 3827 1027 3871 librorum
1059 3836 1291 3884 auctoque
1320 3827 1388 3870 le-

38 3896 62 3940 a?-
82 3895 243 3956 '⁷gendi
259 3898 664 3958 cognoscendique
676 3900 838 3944 labore
855 3914 996 3958 quum
1015 3899 1216 3956 antiquis
1234 3898 1387 3941 homi-

35 3969 54 4021 ,,’,
84 3963 240 4014 'finibus
257 3970 401 4014 multa
419 3971 671 4014 multorum
686 3973 843 4030 ampla
865 3971 1102 4014 volumina
1122 3969 1386 4013 difficiliora

21 4023 84 4103 fs*
108 4044 306 4084 tractatu
328 4050 376 4086 et
404 4043 672 4087 molestiora
694 4044 983 4098 viderentur,
1010 4043 1186 4085 inventi
1208 4050 1386 4085 mature

29 4123 36 4128 '
70 4139 75 4160 χ
106 4119 211 4156 sunt
226 4113 307 4171 qui
325 4113 510 4172 majoris
531 4115 727 4159 ambitus
741 4117 910 4174 scripta
928 4116 975 4157 in
999 4115 1230 4173 angustius
1248 4126 1385 4156 coar-

55 4177 256 4235 ‘starent
287 4184 539 4244 itaque-ad
566 4202 777 4245 saporem
809 4187 936 4246 vulgi
971 4185 1222 4230 redderent
1258 4185 1385 4228 habi-

55 4247 59 4251 *
103 4252 238 4303 liora.
281 4257 487 4317 Suntque
533 4260 666 4303 multi
711 4261 956 4320 scriptores
1004 4253 1383 4319 πολυγραφώτεροι

1110 324 1191 371 DE
1227 324 1425 373 REBUS
1462 325 1763 375 PUBLICIS.

2662 340 2757 380 203

1470 447 1526 477 eo
1551 433 1695 476 modo
1722 433 1910 476 concisi.
1931 434 1988 476 Et
2012 434 2260 477 Aristotelii
2286 436 2471 493 quidem
2507 438 2611 480 libri
2634 453 2752 496 quo·

1470 505 1594 547 niam
1636 504 1732 547 fere
1777 503 2051 563 grandiores
2094 514 2227 548 erant
2246 539 2258 560 ,
2300 506 2395 562 jam
2439 522 2465 550 a
2520 508 2757 567 discipulis

1471 577 1658 635 excerpi
1685 576 1825 634 coepti
1865 584 1995 630 sunt,
2031 591 2075 619 v,
2114 578 2355 635 Koppium
2397 580 2511 623 Mus.
2543 581 2752 625 Rhenan.

1471 648 1569 703 III,
1614 662 1640 691 2
1683 662 1735 706 p.
1786 662 1870 690 101
1911 661 2015 705 sqq.
2061 647 2134 691 Sic
2176 649 2452 706 amplissima
2486 651 2757 695 Politiarum

1471 719 1712 763 volumina
1743 720 1792 762 in
1817 733 1966 778 pauca
1997 719 2256 762 contulerat
2287 720 2440 763 neseio
2473 722 2573 778 quis
2611 724 2757 766 Hera-

1472 790 1629 837 elides.
1673 790 1765 835 Sed
1807 791 2031 849 quoniam
2069 791 2143 834 vel
2181 805 2234 835 ea
2271 800 2489 849 excerpta
2528 792 2760 838 inferioris

1470 863 1613 906 aetatis
1631 863 1995 922 magistellorum
2019 871 2207 921 captum
2228 862 2541 919 excedebant,
2569 864 2654 907 fuit
2678 868 2757 923 qui

1471 934 1746 979 Heraclidea
1789 949 1951 979 rursus
2005 934 2329 989 contraheret,
2377 935 2519 978 homo
2570 938 2759 979 nomine

1470 1006 1681 1066 ignotus,
1707 1006 1789 1051 sed
1816 995 2059 1066 imperitus
2077 1006 2293 1066 profecto
2315 1014 2360 1050 et
2383 1007 2665 1064 antiquitatis
2682 1009 2760 1051 vix

1472 1080 1774 1125 mediocriter
1799 1096 1983 1141 gnarus.
2013 1081 2068 1124 Ei
2093 1079 2291 1124 debetur
2314 1078 2551 1136 quidquid
2573 1078 2664 1122 hoc
2696 1089 2762 1123 est

1474 1153 1645 1208 libelli,
1673 1168 1768 1211 quo
1793 1152 1890 1197 fere
1914 1152 2091 1196 librarii
2114 1151 2298 1194 ultimas
2320 1150 2524 1208 pagellas
2544 1149 2761 1193 codicum

1470 1225 1641 1268 AEliani
1666 1227 1770 1271 Var.
1802 1225 1918 1268 Hist.
1939 1225 2129 1282 explere
2157 1222 2278 1266 soliti
2299 1230 2421 1265 sunt.
2445 1223 2579 1264 Nunc
2601 1236 2655 1265 ex
2675 1222 2762 1266 hac

1470 1311 1736 1356 pannorum
1754 1297 1956 1340 exilitate
1976 1296 2243 1340 Aristotelia
2264 1294 2501 1353 opulentia
2526 1309 2645 1353 aegre
2665 1296 2761 1338 col-

1469 1369 1643 1428 ligitur.
1688 1369 1866 1426 Nempe
1898 1368 2074 1426 pariter
2105 1381 2161 1411 ex
2186 1366 2334 1409 Paulli
2367 1366 2586 1409 ramentis
2614 1368 2763 1411 Verrii

1469 1441 1622 1484 Flacci
1655 1441 1802 1498 copiae
1837 1447 2096 1484 censentur.
2134 1438 2397 1493 Sumamus,
2429 1445 2523 1480 tam
2557 1438 2763 1495 iniquam

1474 1512 1712 1556 fortunam
1733 1511 1870 1556 fuisse
1887 1545 1899 1567 ‚
1925 1521 1979 1555 ut
2000 1512 2075 1555 vel
2094 1512 2216 1555 Festi
2241 1511 2478 1569 epitomen
2497 1509 2632 1553 nobis
2651 1511 2763 1553 invi-

1470 1583 1634 1639 disset,
1661 1599 1753 1642 qua
1776 1599 1992 1643 magnam
2007 1592 2188 1642 partem
2208 1590 2385 1626 servata
2412 1582 2618 1624 laetamur
2642 1596 2652 1626 :
2681 1597 2761 1626 ec-

1473 1657 1576 1714 quis
1616 1655 1675 1699 de
1704 1656 1855 1701 Verrii
1885 1656 2038 1700 Flacci
2065 1654 2252 1713 copiosa
2282 1662 2328 1697 et
2354 1653 2534 1697 erudita
2557 1653 2761 1711 disputa-

1469 1728 1597 1771 tione
1630 1743 1688 1771 ex
1719 1728 1867 1771 Paulli
1896 1727 2094 1786 penuria
2122 1725 2353 1783 judicium
2387 1724 2508 1768 ferre
2539 1724 2764 1768 auderet?

1468 1800 1605 1843 Nunc
1620 1799 1757 1857 hujus
1779 1800 2003 1843 misellam
2021 1799 2293 1843 brevitatem
2317 1813 2424 1841 eum
2449 1797 2626 1840 lautitia
2642 1799 2760 1841 Festi

1468 1871 1843 1930 comparantibus
1851 1871 2001 1915 Verrii
2011 1871 2180 1926 Flacci,
2194 1885 2218 1914 a
2227 1885 2322 1928 quo
2333 1869 2429 1912 haec
2441 1866 2758 1924 defluxerunt,

1467 1942 1692 1986 laetissima
1710 1944 1898 1987 ubertas
1922 1943 2051 2002 quasi
2074 1957 2161 2000 per
2180 1941 2401 1985 nebulam
2432 1941 2667 1998 aspicitur.
2686 1941 2759 1984 Sic

1469 2015 1857 2059 Heraclideorum
1878 2023 2206 2074 excerptorum
2227 2015 2431 2073 epitoma
2451 2028 2556 2056 enm
2582 2013 2761 2056 Aristo-

1468 2088 1588 2131 teliis
1621 2088 1830 2146 reliquiis
1868 2089 2036 2131 collata
2072 2095 2293 2145 quantam
2323 2087 2373 2129 in
2402 2086 2584 2144 integro
2618 2100 2761 2143 opere

1466 2158 1712 2203 fecerimus
1730 2159 1961 2217 jacturam
1985 2159 2279 2203 manifestum
2302 2157 2475 2202 reddit.
2505 2177 2523 2196 »

1532 2233 1589 2274 In
1617 2231 1917 2290 sequentibus
1952 2230 2333 2275 Schneidewinus
2364 2237 2611 2288 postquam
2650 2229 2762 2273 vitia

1465 2305 1720 2359 recensuit,
1745 2304 1914 2362 quibus
1943 2305 2174 2362 Excerpta
2197 2302 2435 2356 laborant,
2457 2301 2610 2359 pergit
2635 2300 2761 2344 hunc

1465 2376 1514 2418 in
1531 2376 1726 2420 modum
1747 2390 1759 2422 ε
1781 2397 1801 2416 «
1823 2378 1893 2420 Ita
1910 2391 2054 2434 quum
2077 2374 2291 2434 profecto
2311 2389 2411 2417 non
2426 2371 2669 2431 magnifice
2697 2373 2757 2416 de

1466 2458 1739 2507 excerptore
1754 2450 1963 2503 sentiam,
1983 2448 2107 2491 idem
2123 2457 2278 2491 tamen
2289 2446 2527 2490 descivisse
2552 2445 2684 2487 illum
2697 2445 2755 2487 ab

1464 2520 1673 2564 instituto
1689 2521 1763 2565 vel
1774 2521 2032 2565 Aristotelis
2038 2520 2112 2563 vel
2123 2517 2396 2571 Heraclidis,
2409 2516 2708 2574 disputationi
2713 2531 2756 2559 s-

1466 2608 1556 2650 que
1574 2593 1787 2637 ordinem
1805 2602 1850 2637 et
1862 2594 2090 2637 rationem
2103 2592 2317 2636 evertisse
2331 2590 2445 2632 mihi
2462 2604 2558 2631 non
2567 2603 2756 2646 possum

1463 2665 1755 2723 persuadere.
1790 2667 2134 2724 Excerptorum
2155 2665 2281 2708 enim
2311 2672 2377 2707 est
2409 2662 2667 2706 ubertatem
2701 2660 2757 2704 li-

1464 2737 1662 2782 brorum
1700 2738 2103 2797 excerpendorum
2135 2745 2409 2790 extenuare,
2442 2735 2566 2778 salvo
2593 2733 2759 2778 ordine

1464 2825 1636 2857 rerum.
1662 2811 1792 2856 Ordo
1817 2819 1971 2855 autem
1989 2844 2001 2865 ,
2026 2817 2253 2868 quantum
2277 2809 2326 2851 in
2354 2808 2513 2867 paullo
2546 2807 2758 2864 locuple·-

1465 2884 1662 2927 tioribus
1682 2884 1912 2942 excerptis
1933 2883 2235 2942 conspicitur,
2267 2882 2303 2924 is
2327 2889 2417 2937 est,
2439 2889 2492 2923 ut
2517 2879 2759 2937 praemissis

1463 2956 1815 3014 antiquitatibus
1834 2956 2122 3013 historiaque
2146 2954 2385 2997 civitatum
2406 2951 2576 2995 deinde
2601 2951 2659 2994 ad
2685 2953 2755 2994 in-

1463 3029 1622 3073 stituta
1655 3038 1701 3073 et
1728 3043 1883 3072 mores
1904 3037 1950 3071 et
1983 3028 2020 3071 si
2055 3042 2148 3085 qua
2181 3034 2405 3085 praeterea
2437 3023 2758 3067 memorabilia

1463 3101 1753 3157 inciderunt,
1778 3099 1858 3145 fiat
1880 3101 2113 3144 transitus.
2156 3119 2175 3139 »
2216 3097 2397 3143 Deinde
2431 3096 2491 3140 ad
2530 3111 2754 3138 summam

1457 3187 1561 3218 rem
1575 3174 1799 3218 accedens
1814 3172 2198 3232 Schneidewinus
2208 3171 2421 3214 evincere
2437 3168 2605 3221 studet,
2623 3167 2753 3225 quod

1461 3246 1702 3306 hucusque
1723 3247 1908 3289 nonnisi
1934 3245 2115 3304 posuit,
2141 3244 2314 3287 scilicet
2342 3240 2598 3285 Heraclidis
2633 3240 2757 3298 frag-

1461 3328 1616 3362 menta
1648 3320 1803 3362 omnia
1841 3318 1900 3362 ab
1936 3317 2183 3361 Aristotele
2214 3323 2401 3372 accepta
2428 3327 2537 3358 esse.
2565 3312 2620 3354 Id
2644 3326 2754 3354 vero

1461 3390 1770 3436 demonstrari
1793 3391 1857 3434 ait
1881 3405 1936 3433 eo
1953 3422 1966 3444 ,
1989 3388 2122 3447 quod
2146 3386 2424 3431 Heraclidea
2449 3399 2555 3428 cum
2572 3384 2754 3428 Aristo-

1463 3464 1579 3507 teliis
1614 3472 1874 3523 congruant
1895 3463 2168 3519 ubicunque
2191 3460 2287 3503 haec
2310 3474 2416 3502 cum
2443 3459 2530 3500 illis
2558 3471 2749 3514 compo-

1461 3550 1573 3579 nere
1596 3535 1747 3578 adhuc
1767 3535 1920 3577 liceat.
1953 3532 2227 3576 Recensebo
2248 3531 2443 3589 singula.

1526 3608 1706 3666 Fragm.
1735 3621 1775 3660 1,
1798 3621 1815 3648 1
1850 3606 1986 3648 Iones
2002 3604 2060 3647 ab
2078 3605 2193 3647 Ione
2217 3616 2390 3645 nomen
2406 3601 2597 3643 liabent..
2615 3598 2741 3641 Idem

1460 3679 1675 3722 novimus
1706 3693 1765 3721 ex
1799 3677 2063 3722 Aristotele.
2111 3701 2177 3709 —
2209 3677 2288 3720 Fr.
2336 3689 2353 3716 1
2375 3706 2386 3727 ,
2418 3673 2446 3715 6
2499 3672 2749 3714 Pisistratus

1463 3750 1522 3795 33
1555 3766 1700 3795 annos
1734 3751 1960 3810 regnavit.
1988 3749 2230 3794 Consentit
2263 3745 2530 3791 Aristoteles
2558 3742 2658 3784 Pol.
2689 3743 2743 3792 V,

1461 3839 1517 3882 9,
1541 3823 1619 3867 23.
1642 3849 1704 3856 —
1730 3823 1809 3868 Fr.
1851 3837 1877 3865 2
1893 3855 1906 3876 ,
1935 3826 1960 3873 4
1990 3820 2189 3865 Charilai
2211 3832 2408 3876 regnum
2436 3813 2636 3871 tyrannis
2658 3825 2742 3867 ap-

1458 3897 1675 3954 pellatur,
1692 3903 1746 3938 ut
1762 3893 1887 3952 apud
1905 3894 2095 3937 Aristot.
2124 3892 2223 3936 Pol.
2249 3892 2304 3943 V,
2333 3903 2411 3939 10,
2443 3885 2486 3929 3.
2511 3886 2747 3940 Lycurgus

1459 3963 1668 4029 κρυπτίαν
1690 3966 1910 4018 instituit,
1934 3963 2067 4022 quod
2091 3962 2216 4006 idem
2236 3975 2293 4003 ex
2317 3955 2562 4002 Aristotele
2583 3967 2745 3994 narra-

1461 4049 1537 4082 tur
1554 4039 1612 4082 fr.
1639 4038 1716 4083 80.
1737 4036 2083 4082 Lacedaemonii
2119 4030 2437 4090 Terpandrum
2466 4037 2744 4082 magnopere

1459 4113 1755 4154 honorarunt
1770 4143 1782 4164 ,
1805 4110 1939 4152 sicuti
1963 4109 2109 4164 liquet
2130 4106 2266 4148 etiam
2286 4116 2345 4144 ex
2367 4099 2557 4143 Aristot.
2582 4095 2637 4138 sr.
2661 4092 2741 4148 87.

1474 4213 1521 4217 -‹—
1546 4184 1621 4227 Fr.
1650 4181 1701 4235 3,
1736 4197 1753 4224 1
1792 4181 1942 4224 Minos
1965 4180 2142 4236 primus
2164 4171 2448 4218 Cretensium
2487 4166 2740 4223 legislator.

1459 4257 1527 4298 Dc
1561 4254 1720 4298 cadem
1748 4268 1797 4296 re
1831 4251 2096 4295 Aristoteles
2131 4246 2229 4290 Pol.
2264 4245 2335 4295 11,
2367 4257 2410 4295 7.
2437 4265 2498 4272 --
2524 4239 2597 4281 Fr.
2630 4235 2679 4289 5,
2714 4253 2739 4279 ¹).
