3016 4628
257 291 313 329 98
1219 274 1645 323 AMSTAGORAE
1684 272 1915 321 MILESH

249 403 467 434 coeensem
491 387 655 450 [hujus
670 401 861 447 quoque
875 387 1114 431 historiam
1127 386 1335 431 Cumano
1355 386 1535 430 auctori

249 458 612 522 vindicaverim]
632 461 778 506 Dario
801 458 899 503 filio
928 460 986 503 ab
1008 461 1268 503 Artoxerxe
1291 466 1422 517 patre
1447 456 1534 500 da-

250 544 366 590 tam,
394 534 475 580 sed
503 548 614 578 mox
638 542 846 593 ereptam
881 547 998 588 esse,
1023 532 1177 592 pergit
1209 531 1333 574 hunc
1355 530 1404 572 in
1426 544 1534 572 mo-

248 606 396 651 dum.

329 675 434 725 Οδὲ
464 679 550 740 (sc.
574 675 773 742 Δαρεῖος)
805 675 980 738 ἤνεγκεν
1002 676 1049 721 οὖ
1079 672 1281 738 μετρίως,
1307 670 1383 718 εἴτ’
1409 668 1534 734 ἔρωτι

246 751 323 807 τῆς
345 748 582 803 Ἀσπασίας
608 747 847 814 περιπαθὴς
870 746 1074 812 γεγονὼς,
1107 745 1190 792 εἴτε
1228 743 1427 809 ὖὸρίσθαι
1459 741 1535 789 καὶ
1568 776 1575 793 .

247 821 535 885 κεχλευάσθαι
557 820 740 884 νομίζων
774 820 858 867 ὑπὸ
881 824 956 867 τοῦ
987 817 1166 883 πατρός.
1207 813 1472 876 Αἷσθόμενος
1496 813 1532 859 δ’

248 892 376 940 αὐτὸν
391 892 524 947 οὕτως
547 892 701 958 ἔχοντα
723 889 1016 955 Τηρίὸαζος”
993 909 1053 938 ετι
1072 890 1235 952 μᾶλλον
1257 885 1531 951 ἐξετράχυνεν

247 966 293 1011 ἐν
312 972 398 1019 τοῖς
415 964 576 1013 ἐκείνου
598 962 775 1012 συνιδὼν
796 963 850 1011 τὰ
878 963 971 1010 καθ’
992 962 1132 1010 αὑτόν.
1155 953 1241 1008 Ἠν
1267 958 1310 1006 δὲ
1337 961 1529 1004 τοιαῦτα.

251 1036 467 1085 [Ιλειόνων
490 1039 627 1085 οὐσῶν
654 1038 823 1101 βασιλεῖ
844 1033 1084 1098 θυγατέρων
1107 1030 1382 1095 ὡμολόγησεν
1406 1032 1530 1094 Φαρ-

246 1110 423 1176 ναὸάζῳ
452 1109 529 1174 μὲν
555 1110 752 1173 Ἀπάμαν
783 1109 931 1157 δώσειν
947 1108 1155 1169 γυναῖκα,
1187 1103 1469 1194 Ῥοδογούνην
1495 1103 1531 1149 δ’

247 1182 447 1249 Ὀροίτῃ,
463 1183 698 1248 Ἰηριὸάζῳ
724 1185 760 1230 δ’
785 1181 1034 1245 Ἄμηστριν.
1063 1179 1151 1228 Καὶ
1174 1182 1260 1232 τοῖς
1284 1175 1360 1240 μὲν
1387 1176 1531 1230 ἄλλοις

245 1254 399 1314 ἔδωκε,
416 1258 467 1304 Γ
463 1256 660 1320 ηριὸαζον
685 1258 722 1303 δ’
742 1258 815 1303 ἐὺε
818 1254 949 1302 ύσατο
975 1251 1117 1316 γήμας
1142 1251 1265 1305 αὐτὸς
1288 1249 1365 1308 τὴν
1389 1245 1528 1312 Ἄμη-

246 1347 377 1394 στριν·
411 1329 499 1376 ἀντ’
536 1331 695 1387 ἐκείνης
730 1328 773 1376 δὲ
809 1348 868 1374 τω
906 1325 1139 1392 Τηριὸάζῳ
1183 1323 1260 1382 τὴν
1305 1322 1522 1381 νεωτάτην

245 1396 457 1449 Ατοσσαν
484 1400 757 1464 ἐνηγγύησεν.
828 1378 954 1447 Ἐπει
988 1397 1032 1445 δὲ
1058 1397 1130 1445 καὶ
1156 1396 1315 1453 ταύτην
1338 1395 1529 1461 ἐρασθεὶς

246 1472 419 1536 ἔγημεν,
438 1476 534 1528 ὡς
517 1473 705 1538 εἴρηται,
729 1471 978 1519 παντάπασι
1000 1471 1215 1533 δυσμενῶς
1231 1488 1332 1534 προς
1351 1467 1479 1516 αὐτὸν
1504 1472 1553 1516 ὃ·

245 1544 526 1609 Τηρίὸαζοςέ
504 1564 642 1609 εσχεν,
658 1545 744 1592 οὐδ’
770 1544 908 1597 ἄλλως
925 1541 1131 1605 στάσιμος
1146 1562 1202 1589 ων
1224 1542 1273 1588 τὸ
1296 1544 1408 1601 ἠθος,
1429 1542 1526 1588 ἀλλ’

246 1618 471 1680 ἀνώμαλος
493 1637 566 1665 και
592 1616 852 1681 παράφορος.

568 1850 891 1896 Αιιιετᾼοοωε
916 1847 1158 1892 Μηιῑειυε.

309 1960 606 2026 Ἀρισταγόρας
635 1960 869 2022 Μιλήσιος,
885 1963 942 2008 fr.
977 1979 994 2007 1
1010 1979 1057 2019 13
1084 1962 1132 2008 οὐ
1157 1962 1307 2026 πολλῷ
1327 1960 1528 2027 νεώτερος

247 2033 495 2090 Πλάτωνος,
521 2036 579 2080 fr.
609 2036 653 2080 6.
677 2037 883 2081 Fortasse
913 2035 1138 2080 oriundus
1161 2051 1218 2080 ex
1237 2036 1410 2081 familia
1432 2052 1527 2082 110-

245 2108 399 2152 tissimi
422 2109 547 2152 istius
568 2110 865 2170 Aristagorae,
894 2110 974 2168 qui
989 2109 1275 2153 Milesiorum
1298 2109 1387 2154 fuit
1411 2126 1526 2170 pro-

242 2189 440 2224 curator.
463 2207 521 2214 —
540 2183 610 2226 De
623 2183 888 2242 Aristagora
908 2182 1089 2226 comico
1112 2197 1156 2228 v.
1182 2182 1384 2228 Meinek.
1406 2182 1524 2228 Hist.

240 2255 369 2297 Com.
397 2253 438 2309 Ι,
465 2269 512 2312 p.
542 2252 651 2298 218.

587 2371 1174 2436 ΑΙΓΥΠΤΙΑΚΑ.

852 2531 892 2559 1.

623 2625 660 2668 E
689 2625 871 2669 LIBRO
906 2625 1115 2670 PRIMO.

303 2731 1027 2802 81οΡ11.Βγι..Ἑρμοτυμὸιεῖς,
1055 2741 1185 2806 μοῖρα
1209 2759 1295 2788 των
1317 2740 1526 2831 μαχίμων

240 2810 284 2854 ἐν
305 2806 540 2872 Αἰγύπτῳ,
563 2812 619 2862 ὡς
637 2808 976 2876 Ἀρισταγόρας’
958 2831 1001 2859 εν
1023 2814 1334 2876 Αἰγυπτιακῶν
1357 2813 1526 2880 πρώτῃ.

240 2881 297 2928 Οἱ
319 2880 438 2927 αὐτοι
461 2879 534 2927 καὶ
559 2880 778 2946 Λαὸαρεῖς
803 2885 911 2945 (scr.
937 2885 1239 2952 Καλασίριες).
1265 2889 1339 2936 Cf.
1365 2891 1526 2936 Hero-

241 2954 421 3010 dot.11‚
446 2954 702 3009 1641οἱδὲ
723 2974 908 3019 μαχιμοι
922 2977 1059 3005 αυτων
1078 2961 1307 3008 καλευνται
1327 2959 1405 3024 μὲν
1425 2964 1526 3011 Κα-

240 3024 427 3089 λασίριές
444 3045 490 3073 τε
524 3044 597 3073 και
621 3025 919 3092 Ερμοτύὸιες.
944 3035 999 3079 V.
1028 3032 1191 3094 Steph.
1222 3037 1444 3082 Thesaur.
1475 3053 1521 3083 v.

243 3096 480 3161 Καλᾶσιρις
506 3106 553 3147 et
583 3098 918 3164 Ἑρμοτύμὸιες;
939 3107 1275 3153 Hemsterhus.
1314 3109 1376 3154 ad
1411 3112 1525 3155 Ari-

240 3170 394 3229 stoph.
408 3171 528 3215 Plut.
556 3187 665 3232 729.
680 3173 971 3220 Jablonskius
989 3180 1129 3224 Voce.
1155 3181 1345 3242 AEgypt.
1361 3197 1412 3242 p.
1440 3181 1521 3273 69,

250 3256 331 3287 101
359 3257 461 3303 sqq.

2234 390 2281 423 2.

1674 497 1808 542 Idem
1835 512 1845 540 ε
1868 491 2130 557 Τοίκομψος,
2155 487 2284 551 κώμη
2310 490 2355 536 ἐν
2378 490 2466 543 τοῖς
2494 487 2624 554 ὁρίοις
2651 490 2905 556 Αἰγυπτίων
2982 493 2984 495 ’

1608 567 1682 615 καὶ
1706 565 1924 616 Αἰθιόπων
1943 563 2048 628 πρὸς
2066 566 2121 625 τῇ
2144 561 2268 627 Φίλᾳ
2286 559 2430 625 νήσῳ,
2456 564 2513 616 ὡς
2533 561 2840 630 Ἀρισταγόρας
2861 567 2906 614 ἐν
2983 582 2987 583 ’

1608 641 1915 704 Αἰγυπτιακῶν
1931 635 2104 702 πρώτῳ.
2118 636 2352 681 Herodot.
2374 637 2438 692 ΙΙ,
2460 652 2547 697 29,
2569 637 2594 682 3
2615 652 2627 685 :
2650 638 2692 685 T
2694 637 2902 704 αχομψώ.

1607 711 1683 758 Sic
1707 713 1845 757 etiam
1863 711 1984 756 Mela
2005 711 2053 765 Ι,
2077 725 2133 768 9,
2158 723 2214 765 23
2242 709 2534 768 Tacompsos,
2563 709 2698 754 sicuti
2719 712 2907 768 Noster.

1606 786 1780 830 Plinius
1804 786 1894 839 VI,
1916 798 2002 843 29,
2027 780 2114 837 353
2138 777 2426 844 Μετακομψὼ
2451 782 2728 828 Ptolemaeus
2748 784 2830 842 IV,
2857 782 2906 830 5.

1607 857 1675 902 Cf.
1700 858 1766 902 St.
1797 858 1905 916 Byz.
1928 872 1973 899 v.
2006 851 2196 917 Χομψώ.
2241 895 2245 896 .

2237 996 2281 1043 3.

1962 1129 2000 1174 Ε
2035 1128 2217 1205 LIBRO
2253 1129 2551 1179 SECUNDO.

1670 1249 1849 1294 Idem:
1884 1244 2039 1295 Νικίου
2064 1244 2192 1308 κώμη
2218 1244 2458 1310 Αἰγύπτου.
2484 1245 2572 1311 Ἀρ.
2579 1247 2911 1322 Αἰγυπτιακῶν
2983 1294 2986 1303 .
3014 1302 3016 1307 ¹

1604 1319 1805 1386 δευτέρῳ.
1821 1318 1876 1368 Ὁ
1897 1318 2085 1384 οἰκήτωρ
2105 1318 2345 1379 Νικιώτης,
2363 1318 2422 1374 ως
2438 1339 2567 1387 φησιν
2579 1311 2717 1387 Ὠρος
2735 1321 2912 1369 ἐθνικῶν
2942 1321 2958 1332 “
2984 1329 2990 1393 ¹.

1602 1392 1780 1459 πρώτῳ.
1818 1393 1890 1440 Cf.
1925 1396 2125 1441 Ptolem.
2146 1397 2229 1455 IV,
2259 1393 2337 1440 5:
2366 1392 2658 1484 Προσωπίτης
2682 1392 2813 1459 νομὸς
2836 1393 2912 1442 καὶ

1604 1466 1870 1532 μητρόπολις
1892 1465 2070 1515 Νικίου.
2092 1466 2260 1514 Suidas
2283 1485 2294 1512 ε
2315 1466 2473 1516 Νικίου
2497 1465 2629 1531 κώμη
2649 1441 2749 1533 περί
2774 1466 2914 1533 Αἴγυ-

1601 1557 1728 1588 πτον.
1755 1556 1802 1588 v.
1825 1541 2096 1587 Holstenius
2123 1541 2185 1586 ad
2208 1542 2370 1602 Steph.
2397 1543 2507 1602 Byz.

1953 1681 1993 1724 E
2027 1680 2230 1726 LIBRIS
2264 1679 2562 1736 INCERTIS.

2237 1813 2285 1863 4.

1669 1924 1851 1970 Idem:
1878 1921 2052 1986 Ψεὸώ,
2080 1921 2207 1989 χώρα
2230 1921 2430 1988 ἐνδοτέρα
2453 1895 2712 1987 Αἰθιοπίας,
2738 1923 2840 1991 περὶ
2861 1929 2916 1983 ἧς
2980 1890 3010 1962 ῐῖ

1604 1994 1951 2072 Ἀρισταγόρας’
1932 2014 1974 2043 εν
1997 1997 2313 2087 Αἰγυπτιακοῖς
2330 1996 2434 2045 τάδε
2454 1994 2626 2063 γράφει·
2651 2018 2672 2041 «
2691 1989 2837 2046 Οὗτοι
2861 1997 2916 2056 δή

1603 2088 1735 2136 φασιν
1758 2073 1869 2116 εἰναι
1888 2067 2039 2134 χώραν
2053 2071 2138 2116 ἀπε
2119 2087 2305 2134 ..χουσαν
2320 2068 2548 2120 Αἰθιοπίας
2563 2071 2673 2118 ὁδῶν
2691 2068 2770 2132 μὲν
2786 2067 2915 2119 πέντε

1603 2141 1874 2205 καλουμένην
1899 2141 2109 2191 Ψεὸώ.»
2089 2141 2450 2209 »Ἀρτεμίδωρος
2483 2143 2527 2190 ἐν
2548 2142 2686 2209 ὀγδόῳ
2707 2146 2914 2211 Γεωγρα-

1603 2214 1826 2281 φουμένων
1850 2214 2007 2278 λίμνην
2033 2206 2144 2262 εἶναί
2165 2233 2289 2280 φησι.
2319 2218 2440 2266 Cum
2466 2218 2770 2265 Artemidoro
2802 2219 2916 2266 facit
2976 2244 2995 2262 .-

1603 2290 1772 2336 Strabo
1791 2306 1844 2351 p.
1871 2289 1987 2348 832,
2024 2290 2108 2350 qui
2130 2291 2286 2335 lacum
2307 2288 2486 2339 Ψεὸώα
2511 2291 2643 2337 dicit.
2679 2291 2752 2338 Cf.
2787 2292 2913 2384 For-

1602 2365 1751 2426 biger.
1780 2366 1948 2428 Geogr.
1976 2362 2120 2425 Il,p.
2149 2363 2263 2410 806.
2972 2358 2993 2369 ”

2231 2457 2278 2504 5.

1669 2590 1838 2635 Idem.
1865 2582 2124 2648 Ἑλληνικόν
2148 2588 2224 2636 καὶ
2245 2589 2455 2656 Καρικόν,
2473 2590 2598 2639 τόποι
2622 2590 2666 2638 ἐν
2687 2589 2914 2659 Μέμφιδι,
2968 2583 2991 2658 ¹{3

1607 2662 1681 2728 ἀφ’
1699 2663 1760 2708 ὧν
1778 2659 2185 2729 Ελληνομεμφιται
2201 2680 2276 2710 και
2293 2664 2703 2730 Καρικομεμφιται
2725 2667 2784 2719 ὡς
2800 2663 2915 2732 ’-Αρι
2967 2663 2990 2716 ὲ

1605 2732 1838 2799 σταγόρας.
1862 2737 1933 2782 Cf.
1957 2738 2119 2797 Steph-
2141 2739 2195 2782 Β·
2215 2753 2262 2782 V·
2287 2735 2496 2802 Καρικον»
2520 2755 2649 2828 *⁰5⁰⁶
2673 2735 2847 2793 ἷδῑᾶζων
2866 2739 2912 2786 g„

1605 2806 1832 2874 Μέμφιδι,
1852 2806 1952 2855 ἔνθα
1967 2809 2162 2873 Καρες’
2124 2827 2397 2868 οικησαντες,
2415 2808 2650 2872 ἐπιγαμίας
2661 2809 2767 2876 πρὸς
2779 2813 2912 2875 Μεμ-
2975 2812 2989 2878 3

1604 2881 1729 2946 φίτας
1756 2879 2066 2944 ποιησάμενοι,
2107 2883 2447 2947 Καρομεμφῖται
2487 2878 2752 2942 ἐκλήθησαν.
2786 2886 2910 2931 Hinc
2980 2889 2997 2939 j

1602 2965 1764 3002 nostro
1782 2972 1974 3016 quoque
1989 2954 2098 3002 loco
2115 2955 2458 3022 Καρομεμφῖται
2474 2955 2806 3019 reponendum
2818 2975 2910 3020 pu·

1601 3039 1746 3087 tares;
1765 3030 1848 3075 sed
1861 3030 1990 3075 idem
2005 3030 2168 3091 Steph.
2188 3032 2329 3102 etiam
2349 3026 2712 3095 Καρικοτειχίτας
2730 3047 2910 3078 memo·
2967 3024 2995 3095 J

1603 3111 1678 3147 rat
1695 3117 1742 3146 v,
1768 3098 1962 3165 Καρικὸν
1985 3106 2142 3165 τεῖχος.
2984 3105 2989 3113 “

601 3417 1162 3492 AEGYPTIACA.

867 3575 904 3615 1.

653 3698 689 3741 E
721 3699 896 3745 LIBRO
930 3703 1132 3749 PRIMO.

293 3825 621 3876 Hermotymbios‚
634 3836 725 3877 pars
739 3828 992 3871 bellatorum
984 3844 1023 3872 111
1035 3837 1212 3887 AEgypto‚
1226 3839 1272 3877 ut
1286 3840 1528 3891 Aristagoras

243 3888 360 3928 tradit
376 3888 476 3928 libro
499 3889 627 3940 primo
645 3893 700 3931 De
715 3892 832 3933 rebus
847 3896 1129 3946 AEgyptiorum.
1146 3899 1266 3941 iidem
1279 3902 1399 3943 otiam
1417 3906 1525 3946 Cala·

242 3951 351 3991 iiries
368 3951 569 3993 dicuntur.

855 4033 896 4072 2.

293 4113 554 4165 Tacompsus‚
579 4115 689 4156 vicus
711 4117 750 4156 in
775 4117 919 4159 tinibus
939 4122 1210 4172 AEgyptiorum
1231 4126 1270 4166 et
1299 4128 1526 4182 AEthiopum

244 4173 292 4213 ad
324 4176 473 4216 Philam
510 4177 702 4229 insulam,
729 4182 772 4221 ut
801 4182 1043 4234 Aristagoras
1061 4186 1157 4227 libro
1185 4189 1312 4238 primo
1332 4194 1391 4232 De
1411 4194 1528 4236 rebus

248 4241 408 4290 Α’,μηήίι
409 4254 522 4282 irum

2232 3395 2277 3437 3.

1927 3482 1992 3542 ,Ε
2025 3481 2214 3527 LIBRO
2247 3481 2546 3528 SECUNDO.
2602 3512 2605 3515 ι
2956 3512 2963 3559 3

1653 3563 1768 3604 Niciu
1777 3563 1891 3604 vicus
1901 3563 2073 3615 AEgypti.
2085 3563 2330 3615 Aristagoras
2337 3565 2398 3604 De
2405 3563 2492 3604 reb.
2505 3563 2593 3614 AEg.
2608 3562 2712 3604 libro
2717 3565 2907 3605 secundo.
2955 3562 2978 3630 ξ

1946 3669 1985 3716 Ε
2019 3669 2220 3717 LIBRIS
2254 3667 2556 3716 INCERTIS.

1650 3823 1779 3866 Psebo
1793 3824 1930 3876 ,regio
1944 3824 2146 3866 interioris
2165 3756 2403 3877 AEtiiiopiae,
2420 3824 2473 3866 de
2497 3835 2578 3876 qua
2597 3826 2844 3878 Aristagoras
2865 3827 2908 3868 111
2952 3832 2972 3850 ’

1598 3890 1838 3941 AEgyptiaeis
1866 3890 1954 3930 haec
1980 3890 2148 3931 scribit.
2168 3889 2262 3931 «111
2289 3889 2398 3930 enim
2415 3890 2555 3931 dicunt
2573 3890 2775 3942 regionem
2795 3901 2905 3943 esso,
2948 3900 2969 3934 ..ἴ

1598 3964 1690 4004 quae
1709 3954 1828 3994 distet
1847 3953 1898 3994 ab
1912 3953 2114 4006 AEthiopia
2128 3953 2306 4005 quinque
2325 3953 2482 3994 dierum
2497 3953 2639 3995 itinere
2649 3965 2907 4007 ,nomenque
2965 3948 2973 4002 a}

1599 4017 1635 4058 ei
1653 4028 1737 4058 esse
1753 4017 1892 4058 Pseb0.
1919 4017 2240 4065 »Artemidorus
2254 4017 2358 4058 libro
2373 4018 2518 4059 octavo
2538 4018 2906 4071 Geographioorum
2951 4010 2973 4094 22}

1598 4080 1730 4120 lacum
1752 4091 1837 4121 esse
1855 4079 1962 4121 dicit.
2228 4136 2256 4177 5

1651 4202 1901 4243 Hellanicum
1925 4203 1966 4244 et
1985 4202 2198 4254 caricum,
2214 4202 2295 4243 loci
2317 4201 2579 4255 Memphidis,
2593 4213 2618 4243 a
2636 4202 2782 4255 quibus
2804 4178 2902 4258 Hol-
2936 4167 2969 4264 ,ί

1600 4264 1922 4317 lenomemphitoe
1949 4270 1989 4306 et
2008 4265 2404 4317 caricomemphitae,
2422 4265 2468 4305 ut
2490 4262 2746 4316 Aristagoras.
