3008 4542
108 263 109 266 =
163 236 259 278 616

771 347 850 400 84.

225 455 298 501 Id.
327 453 443 497 ibid.
461 468 510 512 p.
531 451 643 510 380,
662 453 738 496 D·
760 451 941 498 Πολλῶν
957 448 1001 496 δὲ
1019 448 1229 513 λεγόντων
1250 451 1457 504 εἷςταῦτα

157 525 211 572 τὰ
233 528 320 590 ζῳα
342 521 418 581 τὴν
458 523 586 586 [τοῦ]
611 523 816 604 Τυφῶνος
844 523 973 569 αὐτοῦ
1017 522 1247 605 διάρασθαι
1285 521 1454 605 ψυχὴν,

158 575 417 638 αἰνίττεσθαι
443 586 647 643 δόξειεν
626 606 678 633 αν
697 590 719 634 6
738 591 869 650 μῦθος
884 625 896 647 ,
927 586 992 634 ὅτι
1016 595 1138 635 πᾶσα
1160 587 1283 653 φύσις
1305 587 1454 651 ἄλογος

155 684 229 711 και
252 660 462 728 θηριώδης
485 663 562 718 τ’ἧς
585 659 718 724 [τοῦ]
740 665 875 708 κακοῦ
904 660 1102 723 δαίμονος
1117 661 1263 724 γέγονε
1291 660 1456 725 μοίρας,

154 736 349 783 κάκεῖνον
391 733 761 795 ἐκμειλισσόμενοι
803 732 877 780 καὶ
922 738 1267 799 παρηγοροῦντες
1307 738 1457 797 περιέ-

153 827 281 855 πουσι
306 811 444 854 ταῦτα
469 804 543 853 καὶ
568 803 872 871 θεραπεύουσιν
889 825 899 836 ·
932 804 984 852 ἂν
1009 804 1053 851 δὲ
1091 804 1224 858 πολὺς
1262 804 1456 870 ἐμπίπτῃ

152 880 228 927 καὶ
243 879 434 945 χαλεπὸς
455 877 643 943 αὗχμὸς,
668 877 840 939 ἐπάγων
868 876 1226 941 ὑπερὸαλλόντως
1258 876 1285 935 ἢ
1311 876 1456 931 νόσους

152 953 363 1017 ὀλεθρίους
397 951 426 1010 ἢ
454 950 675 1017 συμφορὰς
702 949 836 1002 ἄλλοις
860 947 1132 1013 παραλόγους
1155 947 1231 995 καὶ
1271 948 1454 995 ἀλλοκό-

150 1046 268 1083 τους,
305 1024 395 1071 ἔνια
436 1027 522 1071 τῶν
567 1020 826 1085 τιμωμένων
869 1023 907 1068 οἱ
945 1021 1069 1085 ἱερεῖς
1097 1020 1335 1084 ἀπάγοντες
1374 1020 1456 1068 ὑπὸ

151 1098 330 1152 σκότους
350 1095 460 1160 μετὰ
487 1098 653 1153 σιωπῆς
687 1094 762 1141 καὶ
787 1093 970 1157 ἡσυχίας
986 1131 999 1154 ,
1023 1094 1248 1140 ἀπειλοῦσι
1276 1093 1351 1140 καὶ
1390 1094 1454 1140 δε·

152 1171 364 1218 δίττονται
401 1171 642 1233 τοπρῶτον,
690 1165 740 1213 ἂν
773 1165 808 1213 δ’
850 1165 1055 1231 ἐπιμένῃ,
1091 1170 1335 1230 καθιεροῦσι
1382 1165 1456 1213 καὶ

152 1244 434 1310 σφάττουσιν,
475 1244 532 1295 ὡς
568 1239 619 1298 δή
642 1258 737 1287 τινα
763 1238 987 1300 κολασμὸν
1011 1238 1113 1286 ὄντα
1152 1243 1227 1286 τοῦ
1254 1239 1456 1300 δαίμονος

150 1323 317 1373 τοῦτον,
349 1315 378 1373 ἢ
404 1313 627 1379 καθαρμὸν
653 1313 793 1365 ἄλλως
830 1310 968 1375 μέγαν
1008 1311 1077 1358 ἐπὶ
1121 1311 1356 1375 μεγίστοις·
1381 1310 1455 1380 καὶ

150 1389 237 1455 γὰρ
262 1390 305 1436 ἐν
337 1386 567 1445 Εἰληθυίας
606 1384 732 1433 πόλει
757 1387 918 1441 ζῶντας
944 1383 1192 1446 ἀνθρώπους
1233 1383 1453 1447 κατεπίμ-

151 1480 342 1527 πρασαν,
366 1462 423 1513 ὡς
450 1457 654 1511 Μανεθὼς
674 1457 875 1524 ἱστόρηκε
894 1495 906 1518 ,
930 1456 1178 1522 Τυφωνίους
1203 1457 1454 1514 καλοῦντες,

98 1582 101 1584 ,
151 1534 225 1582 καὶ
258 1532 336 1590 τὴν
375 1532 535 1597 τέφραν
567 1532 708 1577 αὐτῶν
751 1531 991 1592 λικμῶντες
1027 1528 1237 1594 ἠφάνιζον.
1266 1527 1340 1575 καὶ
1376 1528 1452 1576 διέ-

151 1624 342 1669 σπειρον.
367 1602 499 1652 Ἀλλὰ
519 1607 643 1650 τοῦτο
667 1601 744 1664 μὲν
770 1602 924 1666 ἐδρᾶτο
944 1604 1136 1666 φανερῶς
1162 1601 1237 1648 καὶ
1254 1603 1350 1648 καθ’
1378 1599 1451 1648 ἕνα

153 1678 302 1742 καιρὸν
324 1680 366 1725 ἐν
405 1682 499 1730 ταῖς
520 1674 696 1723 κυνάσιν
719 1673 923 1739 ἡμέραις·
947 1677 991 1721 αἱ
1023 1674 1066 1721 δὲ
1089 1678 1171 1721 τῶν
1196 1673 1454 1737 τιμωμένων

153 1753 272 1818 ζῴων
320 1747 610 1814 καθιερεύσεις
654 1747 889 1813 ἀπόρρητοι
934 1746 1010 1793 καὶ
1053 1746 1219 1812 χρόνοις
1257 1747 1457 1801 ἀτάκτοις

151 1821 257 1887 πρὸς
280 1821 334 1869 τὰ
361 1820 666 1884 συμπίπτοντα
695 1821 946 1884 γινόμεναι,
968 1820 1064 1874 τοὺς
1089 1819 1274 1874 πολλοὺς
1297 1819 1456 1867 λανθά-

150 1914 298 1956 νουσι,
325 1895 438 1952 πλὴν
473 1893 574 1941 ὅταν
595 1893 735 1959 ταφὰς
760 1893 921 1957 ἔχωσι,
947 1893 1021 1939 καὶ
1059 1895 1143 1939 τῶν
1170 1891 1314 1939 ἄλλων
1344 1895 1456 1938 ἀνα-

133 1967 388 2020 ’δεικνύντες
417 1965 508 2013 ἔνια
547 1966 721 2013 πάντων
744 1964 969 2029 παρόντων
1000 1964 1347 2026 συνεμῦάλωσιν,
1378 1963 1459 2012 οἶό-

153 2059 273 2102 μενοι
295 2044 366 2087 τοῦ
387 2042 594 2104 Τυφῶνος
609 2040 853 2085 ἀντιλυπεῖν
867 2036 941 2085 καὶ
963 2036 1152 2085 κολούειν
1167 2035 1215 2084 τὸ
1237 2037 1454 2100 ἡδόμενον.

344 2149 496 2196 ΠΕΡΙ
538 2148 965 2195 ΚΑΤΑΣΚΕΥΗΣ
1005 2147 1261 2194 ΚΥΦΙΩΝ.

763 2242 840 2296 84.

214 2342 285 2383 ,De
297 2341 398 2401 κῦφι
414 2340 710 2382 confectione
729 2338 958 2397 scripsisse
973 2338 1299 2384 Manethonem
1319 2337 1456 2382 Men-

149 2415 324 2456 desium
359 2411 649 2456 sacerdotem
685 2412 805 2455 testis
845 2421 912 2455 est
944 2411 1108 2456 Suidas
1145 2426 1190 2457 v.
1227 2407 1451 2462 Μάνεθως.

151 2489 322 2530 Verum
367 2485 504 2527 istum
536 2483 829 2527 Mendesium
868 2500 892 2528 a
925 2485 1096 2527 Nostro
1134 2499 1233 2528 non
1261 2498 1349 2527 esse
1383 2482 1456 2526 di-

149 2572 331 2601 versum
356 2565 476 2603 recte
510 2557 680 2616 procul
716 2556 863 2600 dubio
888 2564 1094 2600 statuunt
1131 2555 1372 2602 Fabricius
1410 2562 1455 2598 et

177 2652 260 2660 ———

767 2699 838 2738 84.

203 2771 330 2807 Porro
345 2779 474 2819 quum
490 2768 605 2807 multi
625 2767 760 2807 dimnt
778 2766 903 2818 ipsam
920 2766 1122 2817 Typhonis
1148 2766 1322 2806 animam
1335 2765 1374 2804 in
1388 2765 1458 2805 has

153 2832 298 2871 bestias
315 2832 492 2871 avolasse
511 2848 519 2871 :
543 2831 690 2872 fabulae
710 2831 918 2870 involucro
949 2831 1027 2882 tegi
1047 2831 1124 2870 boc
1146 2832 1277 2881 potest
1307 2829 1455 2879 videri,

150 2908 311 2937 omnem
329 2897 489 2937 brutam
505 2899 546 2938 et
561 2897 780 2937 belluinam
811 2898 995 2936 naturam
1022 2897 1129 2936 malo
1154 2896 1268 2947 genio
1284 2895 1374 2946 jure
1393 2895 1458 2935 de·

155 2962 261 3011 beri,
279 2973 452 3012 eumque
464 2963 665 3012 placantes
680 2963 720 3001 et
735 2961 1007 3001 demulcentes
1020 2972 1088 3001 eos
1103 2961 1178 3001 ista
1193 2961 1324 3000 colere
1338 2962 1459 3010 atque

155 3027 350 3066 venerari.
383 3029 526 3077 Magno
561 3029 695 3066 autem
727 3028 829 3066 aestu
860 3026 1058 3066 incidente
1090 3036 1140 3065 ac
1167 3026 1357 3075 molesto,
1390 3025 1459 3076 qui

154 3100 260 3139 ultra
276 3100 440 3139 modum
460 3099 634 3139 adducat
650 3099 714 3138 vel
731 3099 957 3149 pestilentes
971 3091 1154 3147 morbos,
1174 3098 1237 3137 vel
1258 3098 1353 3137 alias
1368 3098 1458 3136 inu-

152 3166 291 3206 sitatas
311 3166 577 3213 calamitates,
593 3165 817 3205 sacerdotes
832 3164 1015 3215 quaedam
1033 3175 1172 3203 eorum
1195 3175 1288 3214 quae
1316 3164 1457 3203 colun-

155 3235 222 3270 tur
247 3231 481 3271 animalium
502 3231 746 3271 abducentes
768 3230 890 3270 tacite
916 3230 957 3269 in
976 3230 1178 3278 tenebras,
1195 3232 1346 3269 terrent
1377 3229 1458 3279 pri-

154 3306 267 3334 mum
284 3307 331 3335 ea
347 3296 464 3335 minis
482 3312 490 3335 :
506 3296 731 3335 sin'malum
746 3294 865 3334 duret
876 3324 887 3344 ,
902 3294 1110 3334 immolant
1121 3296 1241 3344 atque
1257 3295 1432 3333 mactant
1448 3310 1457 3333 ε

154 3363 363 3410 tamquam
385 3359 622 3410 supplicium
643 3358 805 3409 aliquod
827 3358 930 3408 genii
959 3358 1035 3398 boc
1065 3361 1097 3397 si
1126 3359 1248 3407 esset,
1276 3359 1346 3397 aut
1364 3358 1460 3398 alias

155 3423 328 3473 expiatio
345 3423 477 3473 magni
508 3423 602 3462 mali
622 3433 777 3472 magna.
800 3425 899 3463 Nam
920 3423 962 3461 et
983 3422 1024 3460 in
1046 3421 1214 3471 llitliyiae
1231 3422 1330 3461 urbe
1346 3421 1460 3460 vivos

157 3489 464 3528 combusserunt
494 3488 696 3537 homines,
731 3489 777 3526 ut
812 3487 1001 3527 Manetlio
1042 3487 1200 3537 scribit,
1232 3487 1460 3538 Typhonios

155 3552 400 3601 appellantes
411 3582 422 3601 ,
441 3554 481 3591 et
497 3552 669 3591 cinerem
685 3561 823 3590 eorum
843 3551 1070 3590 ventilando
1083 3550 1324 3601 dissiparunt
1339 3552 1460 3601 atque

157 3616 431 3656 aboleverunt.
453 3620 604 3657 Verum
625 3617 701 3656 hoc
721 3616 850 3667 palam
875 3616 1025 3655 sactum
1047 3618 1128 3665 est,
1156 3619 1197 3656 et
1223 3619 1334 3656 certo
1353 3618 1459 3657 tem-

157 3691 252 3729 pore
264 3710 275 3730 ,
296 3680 435 3720 diebus
451 3680 742 3721 canicularibus
761 3695 769 3718 :
789 3681 1104 3722 consecrationes
1122 3681 1353 3724 animalium
1367 3691 1459 3731 quae

158 3744 343 3783 coluntur
368 3745 560 3794 occultae,
584 3755 714 3794 neque
736 3743 848 3783 statis
865 3743 965 3782 fiunt
988 3744 1253 3793 temporibus,
1277 3747 1317 3784 et
1341 3745 1458 3794 vulgo

159 3811 252 3848 sunt
281 3809 426 3876 ignotae
457 3827 465 3849 ;
499 3810 571 3850 nisi
603 3810 711 3860 quod
745 3809 992 3860 sepulturam
1025 3809 1158 3860 Apidis
1187 3811 1456 3860 celebrantes,

885 225 1149 275 MANETH
1158 226 1238 275 ΟΝ
1246 225 1301 274 lS
1336 226 1730 275 SEBENNYTAE
1751 227 2181 278 FRAGMENTA.

1537 336 1830 396 Bernhardy.
1876 366 1925 373 ---
1963 338 2001 382 E
2019 337 2292 383 Manethone
2321 339 2608 398 potissimum
2630 340 2832 394 hauserit

1537 409 1809 454 Plutarchus
1831 411 1902 454 De
1925 411 1982 454 ls.
2003 420 2046 455 et
2069 411 2188 456 Osir.
2218 426 2258 456 c.
2287 409 2375 469 80,
2399 427 2450 471 p.
2481 411 2572 457 383
2587 446 2600 469 ,
2618 415 2666 457 D
2683 429 2699 457 z
2924 412 2926 419 ’

1600 479 1663 527 Τὸ
1687 478 1731 526 δὲ
1749 482 1887 544 Κῦφι,
1909 481 2052 544 μῖγμα
2073 480 2158 543 μὲνΔ
2179 480 2408 529 ἑκκαίδεκα
2425 485 2558 544 γενῶν
2580 483 2849 546 συντιθεμέτ

1535 570 1616 598 νων
1643 551 1757 611 ἐστὶ,
1775 552 1946 615 μέλιτος
1970 553 2045 601 καὶ
2063 554 2177 601 οἴνου
2201 553 2275 600 καὶ
2293 554 2498 620 σταφίδος
2527 555 2601 602 καὶ
2621 557 2835 621 κυπέρου,
2892 552 2893 557 “
2928 576 2936 593 ²

1536 623 1708 688 ῥητίνης
1727 644 1774 687 τε
1795 625 1870 673 καὶ
1896 627 2090 690 σμύρνης
2109 626 2185 674 καὶ
2211 627 2468 675 ἀσπαλάθου
2497 628 2573 675 καὶ
2598 627 2804 683 σεσέλεως
2817 666 2841 691 ,,

1534 694 1596 743 ἔτι
1617 695 1661 744 δὲ
1681 697 1828 763 σχίνου
1849 718 1895 747 τε
1911 699 1985 747 καὶ
2010 700 2231 765 ἀσφάλτου
2257 699 2331 747 καὶ
2358 700 2484 765 θρύου
2513 700 2590 748 καὶ
2610 701 2834 761 λαπάθου,
2887 746 2901 756 „

1532 768 1636 834 πρὸς
1670 770 1714 817 δε
1734 770 1922 831 τούτοις,
1954 771 2212 837 ἀρκευθίδων
2237 774 2395 838 ἀμφοῖν
2427 766 2509 836 (ὧν
2532 773 2611 831 τὴν
2640 772 2717 837 μὲν
2741 774 2836 838 μή.
2885 815 2897 840 ἱ.
2943 765 2945 768 .

1533 843 1658 904 ζθνα,
1683 841 1761 902 τὴν
1790 843 1835 891 δὲ
1859 843 2066 892 ἐλάττονα
2094 845 2302 909 καλοῦσι)
2334 845 2408 892 καὶ
2437 845 2736 910 καρδαμώμου
2759 846 2838 894 καὶ
2938 869 2944 879 «

1532 914 1758 977 καλάμου,
1785 917 2179 965 κτλ.(]1’.ἰάειῑιε.
2204 918 2469 980 52·‚.steph
2493 921 2626 967 Thes.
2652 936 2696 967 v.
2719 920 2836 985 Κῦφι
2878 906 2905 967 ι’.
2942 922 2946 924 ’

1531 997 1572 1034 et
1591 989 1867 1035 Kireherus
1855 1007 1904 1034 111
1919 991 2088 1051 OEdip.
2112 999 2224 1037 tom
2243 993 2308 1047 ΙΙ,
2335 1008 2383 1051 p.
2410 994 2485 1049 ΙΙ,
2509 1009 2558 1052 p.
2576 992 2690 1053 539.

1797 1127 1907 1190 [ΤΑ
1945 1128 2116 1175 ΠΡΟΣ
2160 1125 2569 1192 ἩΡΟΔΟἸῸΝ.]

2138 1256 2218 1304 85.

1599 1389 1748 1447 Etym.
1772 1388 1836 1435 M.
1863 1403 1910 1433 V.
1938 1384 2268 1447 Λεοντοκόμοςε
2289 1386 2352 1435 Τὸ
2376 1385 2485 1433 λέων
2509 1387 2629 1452 παρὰ
2657 1387 2706 1436 τὸ
2720 1371 2897 1453 λάω,.ζ,
2956 1371 2961 1418 ss

1530 1458 1578 1505 τὸ
1595 1461 1762 1523 θεωρω·
1786 1456 2143 1523 ὀξυδερκέστατον
2165 1457 2249 1523 γὰρ
2274 1457 2323 1506 τὸ
2343 1458 2503 1523 θηρίον,
2525 1479 2582 1514 ως
2606 1479 2711 1526 φησι
2736 1463 2836 1509 Μα-
2874 1478 2900 1528 ‘3
2961 1504 2964 1507 ,

1532 1531 1661 1578 νέθων
1698 1532 1742 1578 ἐν
1779 1550 1840 1577 τω
1856 1529 1980 1596 Προς
2015 1529 2272 1595 Ἱὶρόδοτον·
2298 1550 2364 1578 οτι
2409 1531 2611 1580 οὐδέποτε
2640 1532 2841 1581 καθεύδει

1532 1603 1698 1665 ὃλέων,
1716 1608 1843 1652 τοῦτο
1877 1603 1922 1650 δὲ
1954 1602 2183 1652 ἀπίθανον.
2221 1607 2430 1653 Eustath.
2454 1606 2519 1652 ad
2538 1608 2594 1654 Il.
2627 1608 2682 1662 Λ,
2705 1607 2798 1660 480
2821 1625 2836 1654 ι
2899 1600 2920 1607 ’

1534 1675 1685 1741 (Τινὲς
1707 1674 1925 1740 λέγουσιν.)
1951 1675 2016 1723 ὅτι
2054 1678 2103 1722 ἐκ
2128 1681 2202 1723 τοῦ
2229 1675 2292 1724 λά
2305 1696 2363 1735 ω,
2388 1675 2438 1724 τὸ
2466 1675 2636 1741 βλέπω,
2673 1678 2840 1740 γίνεται
2862 1734 2865 1737 ⁴
2915 1692 2920 1702 “

1531 1748 1678 1815 ὥσπερ
1695 1753 1717 1797 6
1737 1749 1894 1808 λέων,
1918 1747 2029 1796 οὕτω
2053 1748 2127 1796 καὶ
2148 1753 2170 1797 6
2189 1749 2291 1808 λὶς,
2309 1747 2422 1796 κατὰ
2443 1750 2837 1814 τὸνγραμματικὸν

1531 1817 1690 1887 ῗΩρον,
1726 1825 1783 1876 ὡς
1817 1821 2065 1886 ὀξυδερκὴς,
2100 1822 2174 1869 καὶ
2212 1821 2306 1880 ὅτι,
2331 1823 2388 1876 ὥς
2414 1841 2519 1886 φησι
2548 1822 2766 1872 ’Μανέθων
2791 1827 2835 1871 ἐν

1532 1896 1618 1950 τοῖς
1645 1895 1760 1960 Πρὸς
1785 1892 2039 1959 εΗρόδοτον,
2065 1895 2115 1940 οὐ,
2134 1891 2329 1941 καθεύδει
2349 1898 2371 1942 ὁ
2396 1894 2523 1944 λέων.
2898 1934 2927 1955 7,

1599 1969 1789 2015 Herodo
1795 1979 1893 2013 tum
1899 1977 2065 2028 utpote
2078 1967 2191 2015 falsa
2199 1968 2258 2013 de
2267 1970 2406 2014 rebus
2415 1971 2597 2031 AEgypti
2605 1971 2639 2015 is
2653 1971 2836 2018 traden-

1533 2050 1624 2086 tem
1647 2043 1810 2102 saepius
1833 2058 1860 2086 a
1881 2041 2164 2086 Manethone
2183 2043 2512 2100 reprehensum
2535 2058 2625 2088 esse
2645 2053 2834 2090 testatur
2928 2031 2934 2065 ²

1533 2115 1764 2174 Josephus
1801 2113 1872 2175 (v.
1911 2112 2217 2175 introduct.).
2252 2114 2403 2172 quue
2430 2116 2598 2174 passim
2633 2117 2682 2160 in
2705 2118 2838 2163 Man..
2904 2110 2938 2130 ”

1533 2180 1722 2248 εοτίρῑίἐ
1740 2187 1912 2232 factum
1938 2201 2046 2231 esse.
2068 2185 2192 2233 Num
2222 2196 2439 2246 praeterea
2456 2189 2694 2248 peculiare
2718 2205 2836 2249 opus

1533 2261 1589 2304 de
1619 2260 1851 2305 Herodoti
1884 2259 2120 2304 erroribus
2152 2274 2178 2303 a
2210 2261 2487 2306 Manethone
2519 2263 2835 2322 conscriptum

1531 2335 1588 2377 sit
1607 2335 1677 2378 vel
1697 2334 1781 2378 sub
1805 2333 1996 2377 nomine
2016 2332 2110 2390 ejus
2136 2331 2315 2376 editum
2339 2338 2394 2377 sit
2421 2334 2528 2387 sciri
2550 2336 2727 2393 nequit.
2769 2336 2835 2380 De

1532 2407 1741 2452 leonibus
1771 2406 1982 2450 fabulosa
2014 2404 2227 2464 quaedam
2258 2406 2524 2451 Herodotus
2557 2406 2698 2451 tradit
2731 2408 2833 2466 111,

1541 2498 1556 2524 1
1569 2479 1630 2524 08
1643 2517 1654 2537 ,
1673 2488 1728 2524 ut
1752 2479 1808 2524 de
1829 2480 1921 2523 hoc
1941 2480 2049 2523 loco
2068 2479 2285 2523 Manetho
2306 2479 2558 2539 disputasse
2575 2482 2720 2540 possit
2742 2481 2835 2525 exi·

1500 2562 1501 2566 ’
1531 2554 1720 2598 stimari.
1746 2602 1750 2606 ,

1536 2693 1657 2741 alque
1694 2691 1763 2730 illa
1797 2689 2083 2740 producentes,
2116 2689 2301 2739 quaedam
2346 2688 2534 2728 omnibus
2578 2688 2836 2739 praesentibus

1536 2768 1614 2796 una
1637 2758 1675 2795 in
1709 2756 1936 2807 sepulcrum
1960 2754 2203 2804 conjiciunt,
2238 2754 2510 2794 existimantes
2539 2754 2614 2793 hoc
2647 2756 2764 2804 pacto
2794 2765 2837 2793 se

1533 2821 1714 2871 Typhoni
1728 2820 1972 2869 voluptatem
1990 2818 2220 2869 percipienti
2234 2818 2405 2858 vicissim
2415 2818 2641 2857 molestiam⁴
2650 2817 2837 2868 objicere,

1533 2885 1798 2934 laetitiamque
1813 2883 1899 2932 ejus
1914 2883 2137 2932 infringere.

1650 2963 1736 3010 DE
1772 2961 2148 3010 CYPHIORUM
2185 2961 2409 3007 PRAEPA
2418 2960 2716 3007 RATIONE.

1586 3126 1717 3176 Kyplii
1738 3135 1879 3176 porro,
1901 3125 2078 3164 mixtura
2099 3126 2158 3163 est
2173 3122 2344 3163 sedecim
2362 3135 2496 3163 rerum
2512 3123 2552 3162 in
2573 3135 2699 3163 unum
2723 3134 2835 3167 coma

1533 3185 1750 3245 positarum
1770 3202 1779 3228 ε
1796 3188 1948 3238 mellis,
1968 3187 2073 3238 vini,
2098 3198 2189 3226 uvae
2205 3198 2328 3238 passae
2340 3218 2352 3237 ,
2370 3188 2525 3243 cyperi,
2545 3187 2682 3231 resina·
2694 3218 2705 3238 ‚
2723 3197 2830 3237 myr-

1536 3255 1642 3304 rhae,
1679 3252 1894 3303 aspalathi,
1926 3251 2085 3300 seselis,
2118 3251 2228 3300 junci
2268 3251 2447 3301 odorati,
2486 3250 2715 3301 bituminis,
2751 3251 2837 3297 folii

1533 3317 1691 3366 ficulni,
1709 3316 1896 3365 rumicis,
1915 3315 2087 3365 Juniperi
2103 3315 2311 3364 utriusque
2336 3314 2451 3365 (duas
2483 3315 2588 3354 enim
2610 3314 2837 3365 nominant,

1533 3387 1725 3432 majorem
1750 3392 1796 3420 ac
1811 3380 2049 3429 minorem),
2071 3378 2338 3429 cardamomi,
2359 3381 2400 3419 et
2420 3380 2575 3419 calami.

1830 3466 2079 3516 CONTRA
2117 3466 2158 3513 H
2171 3465 2534 3519 ERODOTUM.

2148 3548 2221 3588 85.

1588 3621 1666 3658 Leo
1689 3616 1835 3659 dicitur
1851 3627 1874 3655 a
1889 3626 1987 3658 voce
2009 3615 2100 3659 lav,
2122 3614 2147 3654 i.
2165 3625 2201 3654 e.
2221 3614 2364 3663 video;
2383 3624 2476 3659 nam
2507 3614 2633 3657 visum
2657 3612 2832 3655 acutissi-

1533 3692 1645 3720 mum
1663 3680 1782 3719 habet
1807 3679 1953 3718 animal
1981 3678 2115 3728 istud,
2145 3680 2191 3719 ut
2220 3677 2406 3719 Manetlio
2438 3677 2533 3717 dicit
2562 3676 2663 3716 libro
2692 3679 2836 3717 contra

1534 3748 1778 3786 Herodotum
1813 3744 1971 3794 scripto.
1999 3744 2114 3789 Quod
2146 3745 2280 3784 autem
2301 3743 2398 3783 dicit
2423 3753 2629 3792 nunquam
2655 3741 2829 3784 dormire

1533 3811 1685 3852 leonem
1698 3841 1708 3859 ‚
1730 3811 1771 3852 id
1786 3814 1933 3854 nonest
1950 3808 2163 3863 probabile.
