3016 4628
314 303 404 341 2:38

309 418 410 461 quae
434 402 494 447 de
515 400 738 447 Chaldaeis
766 401 988 446 ictulerat
1018 414 1075 445 ex
1106 402 1374 446 Dicaearcho
1399 403 1595 462 repetita

307 470 415 519 es'se.
467 494 486 514 »

924 555 972 600 9.

773 664 784 692 :
814 645 997 712 Πάτρα,
1041 645 1084 692 ἓν
1109 647 1193 692 τῶν
1219 649 1346 710 τριῶν
1379 649 1464 693 τῶν
1489 647 1593 710 παρ’

369 649 590 710 Stephan.
624 647 716 708 Byz
725 684 736 695 .

302 718 494 779 Ἕλλησι
531 719 752 773 κοινωνίας
790 721 940 777 εἰδῶν,
965 722 1021 772 ὡς
1045 718 1331 783 Δικαίαρχος,
1362 719 1388 765 ἃ
1424 718 1476 776 δὴ
1515 738 1594 766 κα-

302 793 459 855 λοῦμεν
485 791 676 857 πάτραν,
701 790 935 857 φρατρίαν,
961 788 1113 856 φυλήν.
1147 789 1341 847 Ἐκλήθη
1371 790 1415 837 δὲ
1447 789 1594 856 πάτρα

303 865 381 925 μὲν
403 867 460 919 εἷς
483 864 560 922 τὴν
587 864 784 929 δευτέραν
807 862 1046 926 μετάὸασιν
1062 862 1266 909 ἐλθόντων
1289 867 1315 920 ἢ
1332 862 1444 909 κατὰ
1462 862 1594 924 μόνας
1640 898 1648 901 »Α

302 937 472 1003 ἑκάστῳ
497 936 704 1002 πρότερον
735 927 843 984 οὖσα
865 934 1114 1000 συγγένεια,
1142 933 1226 981 ἀπὸ
1249 939 1322 982 τοῦ
1345 935 1594 999 πρεσὸυτοί-

300 1029 374 1056 του
406 1029 453 1057 τε
478 1010 552 1057 καὶ
590 1010 779 1071 μάλιστα
801 1007 1057 1072 ἰσχύσαντος
1079 1009 1122 1054 ἐν
1146 1010 1207 1070 τῷ
1231 1007 1343 1071 γένει
1366 1007 1442 1065 τὴν
1469 1009 1589 1055 ε’πω-

300 1082 455 1144 νυμίαν
476 1082 666 1147 ἔχουσα,
703 1080 748 1129 ὃν
774 1080 827 1128 ’ἂν
858 1080 1259 1146 τρόπονἈῖακίδας
1289 1080 1317 1138 ἢ
1345 1081 1591 1135 Πελοπίδας

299 1154 411 1203 εἴποι
437 1175 500 1210 τις
525 1154 592 1204 ἄν.
615 1153 815 1243 Φατρίαν
843 1153 1056 1219 (πατρίαν
1090 1154 1225 1216 libri)
1254 1151 1298 1199 δὲ
1332 1152 1489 1211 συνέὸη
1513 1153 1590 1200 λε’-

297 1233 448 1292 γεσθαι
467 1227 541 1276 καὶ
572 1227 810 1292 φρατρίαν,
833 1226 982 1284 ἐπειδή
1007 1246 1116 1280 τινες
1153 1227 1211 1280 εἷς
1245 1225 1393 1290 ἑτέραν
1419 1226 1588 1290 πάτραν

286 1304 314 1337 'l
284 1301 520 1368 φράτραν
554 1303 659 1347 libr.
674 1298 731 1364 )³
713 1299 905 1346 εδίδοσαν
943 1297 1220 1384 θυγατέρας“
1202 1318 1382 1362 εαυτων.
1409 1301 1473 1347 Οὖ
1506 1299 1589 1365 γὰρ

297 1374 340 1421 ἔ
329 1393 361 1420 ··ι
383 1377 467 1421 τῶν
493 1376 795 1437 πατριωτικῶν
823 1374 858 1418 ἵε
842 1391 946 1436 ,ρων
972 1391 1007 1418 ει
1010 1391 1062 1435 ke
1086 1370 1309 1418 κοινωνίαν
1331 1374 1356 1427 ἡ
1388 1371 1556 1418 δοθεῖσα
1573 1408 1585 1429 ,

297 1448 393 1493 ἀλλ’
432 1448 490 1499 εἷς
527 1444 602 1502 τὴν
629 1464 701 1492 του
741 1443 948 1498 λαὸόντος
984 1443 1119 1502 αὐτὴν
1153 1441 1368 1490 συνετέλει
1394 1441 1586 1509 πάτραν·

295 1516 408 1566 ὥστε
429 1519 635 1583 πρότερον
659 1517 778 1581 πόθῳ
811 1520 886 1574 τῆς
911 1516 1085 1563 συνόδου
1105 1516 1356 1579 γιγνομένης
1387 1516 1588 1581 ἀδελφαῖς

296 1589 373 1636 σὺν
401 1591 570 1655 ἀδελφῷ
585 1625 596 1646 ,
620 1588 745 1654 ἑτέρα
769 1609 831 1642 τις
848 1591 974 1654 ἱερῶν
991 1587 1111 1646 ἐτέθη
1137 1586 1367 1645 κοινωνικὴ
1394 1586 1585 1650 σύνοδος,

293 1662 347 1719 ἢν
372 1662 423 1720 δὴ
448 1661 656 1728 φρατρίαν
683 1661 893 1726 (πατρίαν
918 1661 1047 1723 libri)
1075 1659 1322 1722 ὠνόμαζον·
1342 1658 1414 1706 καὶ
1438 1660 1583 1718 πάλιν,

295 1734 408 1782 ‹iic-te
432 1735 577 1800 πάτρα
603 1734 678 1796 μὲν
699 1733 826 1798 ὅνπερ
851 1733 1026 1795 εἴπομεν
1059 1735 1107 1780 ἐκ
1131 1736 1205 1790 τῆς
1230 1731 1473 1795 συγγενείας
1496 1732 1586 1796 τρό-

294 1827 374 1855 πον
398 1806 565 1870 ἐγένετο
585 1807 774 1868 μάλιστα
795 1809 870 1862 τῆς
890 1807 1002 1868 (τοῖς
1022 1823 1099 1867 vg.
1116 1804 1131 1870 >
1155 1803 1309 1867 γονέων
1331 1802 1407 1850 σὺν
1427 1803 1587 1858 τέκνοις

293 1878 367 1926 καὶ
401 1876 562 1925 τέκνων
595 1876 752 1940 (τέκνα
776 1878 888 1941 vg.)
920 1875 997 1924 σὺν
1032 1879 1225 1940 γονεῦσι,
1260 1878 1444 1940 φρατρία
1470 1876 1514 1922 δὲ
1538 1877 1587 1923 ἐκ

292 1953 369 2007 τῆς
388 1953 472 1998 τῶν
487 1951 700 2012 ἀδελφῶν.
720 1949 849 2007 Φυλὴ
870 1948 913 1996 δὲ
934 1950 1008 1996 καὶ
1029 1947 1209 2013 φυλέται
1226 1947 1429 2013 πρότερον
1447 1948 1582 2013 (πρῶ-

290 2040 362 2068 τον
387 2024 590 2068 malebat
609 2023 846 2069 Wachsm.
866 2020 880 2081 )
904 2020 1218 2082 ὠνομάσθησαν
1244 2022 1292 2067 ἐκ
1316 2023 1391 2077 τῆς
1416 2020 1473 2073 εἷς
1508 2019 1584 2074 τὰς

289 2093 434 2147 πόλεις
474 2094 548 2140 καὶ
585 2091 640 2139 τὰ
685 2090 934 2153 καλούμενα
974 2091 1070 2150 ἔθνη
1110 2090 1287 2138 συνόδου
1324 2090 1558 2152 γενομένης
1573 2112 1582 2122 ·

287 2164 470 2212 ἕκαστον
494 2163 576 2228 γὰρ
591 2167 675 2210 τῶν
696 2162 982 2210 συνελθόντων
1007 2165 1139 2228 φῦλον
1165 2163 1335 2225 ἐλέγετο
1359 2155 1485 2211 εἶναι.
1507 2165 1582 2226 [Οἱ

289 2236 504 2301 οἰκήτορες
522 2235 711 2300 πάτριοι.
744 2238 964 2297 Stephani
988 2239 1061 2281 vel
1085 2237 1371 2296 excerptoris
1391 2236 1582 2282 addita-

285 2320 514 2354 mentum.
535 2308 553 2371 ]
578 2312 760 2353 Locum
781 2309 932 2369 hunc,
970 2311 1041 2352 uti
1066 2308 1304 2364 dedimus,
1340 2311 1583 2355 constituit

283 2383 589 2426 Buttmannus
607 2389 743 2440 pater
769 2382 819 2424 in
839 2381 1075 2427 Abhandl.
1098 2382 1147 2428 d.
1181 2383 1393 2426 Berliizer
1423 2384 1578 2430 Acad.

286 2455 332 2497 el.
362 2454 643 2500 Wissensclz.
665 2453 775 2498 his-c.
796 2453 921 2513 phil.
951 2454 1022 2500 Cl.
1051 2453 1285 2514 1818-19.
1316 2471 1363 2515 p.
1397 2471 1452 2499 12
1478 2472 1577 2516 sqq.

289 2528 501 2571 Ceterum
536 2527 695 2571 >malim
717 2527 872 2586 legere
896 2522 1008 2571 ὥστε
1033 2524 1151 2590 πόθῳ
1190 2529 1267 2583 τῆς
1300 2524 1477 2572 συνόδου
1506 2530 1581 2584 τ’ἧς

284 2597 487 2662 πρότερον
504 2597 747 2660 γενομένης.
757 2599 825 2644 Cf.
842 2600 1164 2644 Wachsmuth.
1176 2602 1361 2647 Hellen.
1376 2602 1419 2643 A
1423 2601 1575 2648 lterth.

286 2675 307 2716 Ι
322 2708 334 2729 ,
367 2690 384 2716 1
403 2708 414 2729 ,
439 2690 487 2733 p.
516 2673 605 2717 312
620 2707 632 2728 ‚
653 2689 708 2717 ex
724 2689 819 2731 quo
834 2673 932 2717 haec
954 2674 1360 2719 annotatFuhrius
1374 2689 1424 2733 p.
1454 2690 1471 2717 1
1486 2673 1540 2717 13
1559 2691 1574 2719 ;

294 2766 311 2783 «
337 2747 709 2790 Wachsmuthius
723 2747 1044 2790 Dicaearchum
1061 2744 1414 2804 conjunctiones
1429 2748 1581 2792 minus

288 2817 503 2861 historica
536 2819 740 2870 ratione,
783 2833 1068 2877 quamquam
1100 2818 1343 2862 historiam
1367 2834 1420 2862 ea
1456 2819 1507 2861 in-
1527 2835 1579 2864 re

283 2889 577 2946 respexisset,
617 2903 755 2946 quam
796 2889 1120 2949 philosophica
1176 2888 1488 2933 considerasse
1532 2899 1578 2934 et

285 2974 486 3003 summas
509 2975 667 3003 earum
691 2975 845 3004 causas
865 2962 1156 3022 investigasse
1184 2970 1230 3006 et
1258 2958 1483 3012 κοινωνίας
1500 2978 1577 3007 ra-

289 3030 412 3074 dices
429 3047 453 3074 a
471 3031 641 3075 familia
664 3047 811 3090 usque
836 3032 896 3076 ad
916 3035 1150 3078 civitatem
1170 3043 1467 3093 persecutum
1485 3050 1577 3079 esse

287 3099 443 3146 statuit
479 3118 565 3163 per
604 3113 694 3146 tres
727 3104 925 3163 gradus,
967 3122 1170 3165 quorum
1207 3106 1385 3165 primus
1422 3107 1578 3151 fuisset

284 3175 616 3234 simplicissima
642 3177 759 3219 ratio
775 3177 802 3231 ἡ
823 3174 934 3222 κατὰ
964 3176 1120 3237 μόνας,
1142 3178 1411 3238 conjugium
1442 3177 1572 3238 (coll.

342 3379 500 3427 Patra,
525 3379 751 3417 Dicaearcho
770 3380 891 3428 teste,
914 3380 1089 3430 designat
1109 3391 1236 3420 unum
1256 3393 1307 3421 ex
1325 3381 1454 3421 tribus
1473 3382 1577 3432 apud

286 3444 448 3481 Graecos
464 3442 662 3480 societatis
676 3443 896 3492 generibus,
910 3455 1002 3494 quae
1015 3446 1260 3495 appellamus
1279 3447 1449 3496 patram,
1465 3446 1577 3494 phra-

287 3505 425 3554 triam,
457 3505 615 3555 phylen.
641 3509 697 3544 Ac
719 3510 852 3555 patra
871 3507 1032 3556 quidem
1049 3509 1176 3548 oritur
1193 3509 1262 3548 ubi
1291 3510 1474 3564 societas,
1486 3520 1576 3559 quae

287 3570 404 3607 antea
419 3568 459 3607 in
474 3569 557 3606 solo
573 3568 756 3617 coniugio
778 3570 937 3618 siugulis
952 3571 1177 3622 quibusque
1200 3575 1309 3623 erat,
1333 3573 1578 3623 (procreatis

283 3632 443 3680 liberis)
461 3630 509 3669 ad
535 3631 754 3670 secundum
771 3632 934 3681 gradum
951 3636 1153 3685 pervenit3
1175 3647 1320 3676 nomen
1338 3647 1433 3676 vero
1458 3637 1577 3676 habet

283 3697 338 3735 ab
354 3707 402 3736 eo
420 3695 489 3746 qui
512 3696 552 3734 in
571 3699 686 3746 gente
714 3699 807 3735 natu
839 3699 1037 3739 maximus
1065 3700 1262 3751 simulque
1278 3702 1575 3751 >potentissimus

282 3763 362 3807 est,
378 3758 714 3810 quemadmodum
733 3760 910 3800 AEacidas
933 3763 995 3801 vel
1024 3764 1228 3814 Pelopidas
1247 3765 1390 3815 aliquis
1415 3765 1573 3806 dixerit.

290 3823 477 3863 Phaet-ia
491 3825 625 3862 autem
649 3823 730 3862 sive
739 3823 943 3872 phratria
966 3826 1024 3874 lit,
1043 3826 1110 3865 ubi
1130 3828 1218 3877 quis
1232 3829 1272 3867 in
1288 3829 1405 3868 aliam
1422 3831 1575 3879 patratu

285 3888 411 3927 tiliam
438 3898 552 3926 suam
580 3887 835 3925 matrimonio
860 3887 1026 3928 inducit.
1056 3893 1157 3929 Tum
1179 3892 1283 3930 enim
1304 3904 1383 3931 non
1407 3894 1577 3943 amplius

282 3961 369 3989 suae
383 3950 506 4000 patrae
516 3948 798 3989 sacrificiorum
808 3951 1092 3990 communitate
1109 3954 1238 4002 puella
1248 3956 1398 3995 elocata
1414 3957 1574 4006 fruitur,

280 4012 354 4050 sed
380 4014 504 4062 patroe
530 4013 760 4051 accensetur
778 4011 885 4061 ejus,
916 4013 984 4063 qui
1019 4025 1185 4054 uxorem
1212 4017 1343 4057 duxit.
1363 4021 1455 4058 Jam
1481 4030 1576 4060 vero

280 4076 382 4114 olim
405 4077 563 4126 propter
581 4074 820 4115 desiderium
837 4079 1107 4116 conventuum
1121 4090 1243 4129 ,quae
1270 4081 1455 4121 fratribus
1482 4094 1575 4123 cum

281 4137 490 4176 sororibus
505 4147 589 4176 esse
601 4137 704 4176 soliti
721 4139 856 4187 erant,
874 4137 950 4177 alia
966 4139 1151 4188 quadam
1167 4151 1392 4193 sactorum
1413 4145 1463 4183 ad
1484 4157 1576 4195 quae

282 4201 379 4241 :luae
406 4202 468 4240 liae
500 4203 635 4250 gentes
666 4202 947 4251 convenii-ent,
979 4202 1258 4244 instituebatur
1289 4212 1574 4260 communitas,

1261 293 1628 342 DICAEARCHl
1666 296 1707 341 M
1720 295 1948 343 ESSENu

1607 2649 1611 2660 ζ
1658 2596 1837 2645 Κιλικία
1865 2599 1949 2660 (al.
1973 2599 2081 2644 cod.
2107 2596 2278 2662 Λυκία)
2304 2597 2436 2655 κτίζει
2459 2598 2584 2646 πόλιν
2611 2582 2961 2664 aspamam?

1606 2727 1608 2729 q
1651 2669 1942 2732 καλουμένην.
1965 2666 2181 2734 Ἔχωνὲδ
2199 2670 2413 2735 θυγατέρα
2425 2671 2582 2731 Θήὸην
2594 2666 2951 2738 ἔπαθλονδρόμω

1674 403 1864 447 Aristot.
1888 401 2028 447 Polit.
2047 404 2068 446 I
2083 436 2094 455 ,
2120 418 2137 446 1
2157 436 2168 457 ‚
2199 408 2242 455 l..
2270 399 2349 463 6),
2373 402 2488 445 alter
2508 406 2628 447 ratio
2650 405 2771 448 inter
2794 379 2973 466 parem:

1674 483 1740 519 tes
1774 484 1820 519 et
1858 476 2031 519 liberos
2062 473 2204 535 (coll.
2231 475 2446 521 Ciceron.
2469 478 2541 520 De
2565 476 2729 534 osf.1·‚
2770 495 2853 539 17,
2877 480 2967 531 ubi

1673 546 1744 590 his
1766 547 1978 590 inverbis
1994 547 2288 591 Dicaearchus
2307 546 2497 591 fortasse
2518 548 2787 596 obversatus
2809 557 2972 602 esset-3}

1672 619 1833 665 Prima
1853 629 2005 662 autem
2023 623 2214 662 societas
2226 622 2271 661 in
2292 622 2390 678 ipro
2409 624 2621 678 conjugio
2638 627 2888 684 est,pmt1'
2949 631 2975 677 {j}

1673 695 1721 733 ill
1748 692 1902 735 liberis
1916 691 1959 751 );
1986 693 2036 734 in
2060 692 2200 735 tertio
2226 691 2431 750 denique
2460 693 2613 753 gradu
2631 710 2864 742 summum
2879 698 2971 757 sou-3

1671 763 1846 806 cretatis
1854 778 2138 822 principium
2148 778 2171 805 1
2174 764 2422 822 eligionem
2433 764 2568 808 fuisse
2580 765 2958 814 animadvertit
2947 791 2973 821 .-

1669 835 1736 879 Cf.
1763 836 2017 882 Hermann.
2046 836 2228 879 Staats-
2235 835 2428 882 Altertle.
2460 836 2595 896 599,
2621 837 2650 882 6
2677 839 2934 899 ibique}
2930 860 2973 907 j

1670 906 1818 951 datos.

2277 987 2295 1016 ι
2306 987 2352 1016 o.

1733 1059 1942 1104 Clemens
1960 1060 2093 1103 Alex.
2110 1060 2343 1118 Protrept.
2358 1061 2398 1115 Ι,
2415 1075 2457 1103 c.
2481 1075 2506 1104 2
2513 1075 2592 1120 ,.p
2617 1075 2665 1121 9,
2697 1060 2772 1122 13,
2794 1062 2945 1123 sylb.
2947 1054 2975 1096 ’Ῐ

1668 1127 1853 1195 Ἱερώνυ
1846 1149 1923 1182 αος
1946 1129 1990 1176 δὲ
2010 1133 2032 1176 ὁ
2052 1129 2278 1195 φιλόσοφος
2311 1130 2387 1196 καὶ
2415 1128 2492 1187 τὴν
2514 1130 2664 1195 σχέσιν
2695 1131 2826 1180 αὐτου
2850 1135 2930 1198 (
2971 1137 2975 1157 ³
3012 1139 3013 1143 ’

1665 1206 1738 1247 τοῦ
1762 1200 2084 1266 Ἡρακλέους)“
2069 1202 2295 1267 υφηγεῖται
2318 1219 2391 1248 του
2415 1202 2638 1265 σώματος,
2657 1222 2849 1270 μακρον,
2865 1222 2947 1272 φ

1666 1272 1868 1338 ξότριχα,
1900 1273 2124 1339 ῥωστικόν·
2149 1276 2415 1338 Δικαίαρχος
2451 1274 2494 1321 δὲ
2519 1275 2733 1339 σχιζίαν,
2745 1280 2897 1344 νευρ’

1666 1345 1832 1409 μέλανα
1847 1345 2066 1411 ,γρυπὸν,
2089 1345 2399 1412 υποχάροπον,
2423 1348 2724 1413 τετανότριχα.
2940 1401 2968 1422 ⁴,

1730 1422 1847 1466 Cum
1859 1423 2035 1466 Fuhrio
2050 1422 2145 1465 haec
2163 1421 2223 1465 ad
2242 1418 2344 1466 Βίον
2364 1418 2489 1470 ‘EM
2502 1424 2665 1481 retuli3
2685 1439 2802 1476 num
2810 1440 2893 1470 rec
2958 1441 2968 1496 ξ

1664 1496 1761 1553 ipsc
1785 1495 1968 1539 dubito.
2007 1497 2079 1539 De
2105 1510 2156 1538 re
2181 1510 2226 1541 v-
2254 1496 2440 1539 Miiller.
2465 1495 2763 1556 Amhoeohg.
2789 1497 2817 1559 §
2841 1491 2965 1552 [ηοξ

1668 1567 1778 1614 331.

2275 1661 2291 1689 1
2308 1661 2325 1688 1
2339 1679 2348 1688 .
2776 1700 2782 1707 .

1729 1733 1953 1778 Scholion
1969 1732 2029 1776 ad
2052 1733 2107 1778 Il.
2135 1732 2174 1788 ζ,
2193 1747 2256 1776 VS.
2280 1730 2372 1792 396
2398 1748 2408 1775 :
2435 1729 2563 1778 ‘rub
2585 1723 2822 1798 ΠλάκῳΪ
2841 1730 2946 1800 Γρᾶ7

1662 1822 1788 1861 νικος,
1817 1806 1855 1850 οἱ
1884 1802 1928 1849 δὲ
1953 1802 2192 1867 Ἀτροίμους
2223 1801 2491 1866 (Ἄτραμυς),
2511 1804 2798 1867 Πελασγὸςτὸ
2812 1805 2934 1870 γένος

1663 1873 1838 1939 ἀφίκετό
1855 1894 1959 1921 ποτε
1970 1874 2051 1922 ὑπὸ
2066 1874 2142 1932 τὴν
2155 1877 2197 1922 ἐν
2211 1879 2264 1940 τῇ
2280 1873 2423 1941 Λυκίᾳ
2436 1873 2558 1933 Ἴδην
2576 1876 2650 1923 καὶ
2667 1877 2792 1925 πόλιν
2807 1897 2862 1926 κτ
2886 1907 2894 1919 ι

1664 1949 1802 1994 ἐκεῖσε
1839 1949 1911 2012 ἀφ’
1940 1949 2093 1993 ἑαυτοῦ
2117 1946 2464 2011 προσηγόρευσεν
2489 1947 2816 2012 Ἀδραμύττιον.
2844 1951 2882 2000 Γ
2883 1968 2926 2000 εν

1661 2019 1792 2077 νήσας
1813 2018 1858 2066 δὲ
1877 2019 2091 2084 θυγατερα
2116 2018 2274 2077 Θήὸην
2291 2021 2354 2065 τῶ
2369 2019 2548 2083 ὀνόματι
2568 2019 2689 2086 παρὰ
2705 2021 2783 2080 τὴν
2809 2021 2952 2087 ἀκμὴ

1660 2096 1733 2139 τοῦ
1754 2091 1897 2154 γάμου
1919 2092 2035 2139 ἔθετο
2053 2090 2258 2155 γυμνικὸν
2282 2093 2427 2153 ἀγῶνα
2446 2111 2520 2139 και
2539 2092 2612 2140 τὸν
2630 2092 2792 2153 ταύτης
2813 2095 2942 2159 γαίμ

1659 2178 1720 2228 τῳ
1742 2164 2061 2228 ἀριστεύσαντι.
2087 2163 2312 2229 Ἡρακλῆς
2325 2163 2369 2210 δὲ
2353 2183 2465 2211 ςκατ
2467 2164 2630 2213 ’ἐκεῖνο
2645 2171 2799 2232 καιροῦ
2811 2185 2938 2234 φανε

1659 2235 1791 2283 ἔλαὸε
1826 2235 1905 2294 τὴν
1937 2236 2094 2294 Θήὸην
2130 2243 2316 2300 γυναῖκα
2355 2255 2430 2283 και
2454 2236 2603 2292 κτίσας
2637 2237 2814 2286 πόλιν
2797 2241 2882 2289 υπὸ
2917 2239 2926 2258 “’
2952 2253 2953 2256 ’

1660 2308 1854 2355 Πλάκιον
1879 2307 2191 2370 καλούμενον”
2166 2327 2262 2373 ορος
2281 2327 2357 2365 της
2383 2310 2586 2364 Κιλικίας
2600 2309 2696 2376 (al.
2719 2313 2830 2362 ced.
2852 2305 2956 2366 Av-

1661 2379 1785 2444 κίας)
1815 2379 2016 2427 Πλακίαν
2051 2379 2208 2439 Θήὸην
2244 2379 2380 2438 αὐτὴν
2405 2380 2490 2428 ἀπὸ
2519 2385 2596 2439 τῆς
2619 2383 2820 2445 γυναικὸς
2861 2410 2865 2422 2
2912 2387 2959 2417 -4'

1657 2453 1795 2500 λεσεν.
1821 2451 1911 2500 “ll
1901 2451 2067 2517 ιστορία
2088 2451 2209 2518 παρὰ
2233 2453 2504 2519 Δικαιάρχῳ.
2516 2456 2588 2504 Cf.
2614 2456 2772 2506 ibid.::
2793 2450 2954 2521 Ἀδρῖ

1663 2543 1814 2586 μυστις
1839 2528 1861 2571 ὁ
1899 2523 2127 2588 Πελασγὸς
2165 2523 2422 2591 ἀφικόμενος
2447 2527 2505 2581 εἷς
2533 2525 2612 2585 τὴν
2642 2525 2767 2587 Ἴδην
2790 2525 2870 2587 τὴν
2921 2550 2956 2565 ν

1655 2739 1790 2799 αὐτὴν
1809 2740 1939 2807 ὥρισε
1960 2744 2019 2806 τῷ
2042 2742 2302 2807 βουλομένῳ.
2324 2741 2546 2808 Ἡρακλῆς
2558 2742 2602 2791 δὲ
2619 2743 2782 2803 ταύτην
2798 2742 2947 2794 >affluo

1658 2812 1770 2876 (ὑπὸ
1799 2813 1848 2860 τὸ
1886 2812 2083 2861 Πλάκιον
2121 2817 2198 2870 τῆς
2231 2813 2429 2868 Κιλικίας
2453 2813 2578 2862 πόλιν
2612 2814 2762 2871 κτίσας
2787 2814 2945 2876 Θήδην

1655 2883 1787 2943 αὐτὴν
1808 2885 2055 2948 ὠνόμασεν·
2077 2885 2174 2932 ἀλλ’
2206 2885 2437 2951 Ἐριθήλας
2464 2889 2540 2934 καὶ
2565 2887 2711 2946 Αόὸης
2735 2891 2774 2936 οἱ
2793 2886 2911 2938 Ἀστ

1654 2977 1730 3004 κου
1750 2958 1950 3025 ἀπαρχὰς
1967 2961 2025 3012 εἷς
2042 2957 2300 3016 Φοινίκην’
2277 2958 2363 3006 απὸ
2383 2959 2539 3018 Θήὸης
2555 2960 2751 3026 φέροντες
2762 2959 2926 3022 ἐξώσθη

1654 3050 1733 3077 σαν
1759 3030 1839 3078 καὶ
1869 3030 2120 3088 οἰκήσαντες
2151 3030 2326 3078 ἔκτισαν
2363 3030 2497 3090 αὐτὴν
2536 3035 2635 3081 καθ’
2659 3035 2942 3100 ὁμωνυμίαν)

1652 3102 1726 3150 καὶ
1745 3102 1819 3161 τὴν
1841 3103 1966 3151 πόλιν
1985 3099 2264 3151 Ὑπόπλακον
2268 3102 2483 3193 ’'&667251’
2459 3105 2710 3168 ωνόμασεν,
2728 3104 2794 3154 ὅτι
2814 3105 2944 3174 ὑπέρ·

1653 3194 1792 3222 κειται
1831 3178 1962 3233 αὐτῆς
1997 3176 2224 3230 πλακῶδες
2262 3175 2380 3240 ὄρος,
2421 3184 2614 3243 συνεχεῖς
2650 3175 2789 3244 ἔχον
2783 3198 2840 3227 πε
2820 3179 2944 3247 Cam

1651 3308 1775 3361 eaque
1799 3311 1976 3361 phratria
2003 3311 2290 3361 appellabatur.
2308 3312 2434 3362 Igitur
2451 3314 2596 3364 patra,
2613 3313 2732 3355 sicuti
2746 3314 2922 3359 diximus

1650 3378 1738 3414 orta
1756 3377 1882 3414 estex
1902 3375 2243 3426 consanguinitate
2260 3387 2352 3427 quae
2371 3377 2606 3426 parentibus
2625 3389 2721 3419 cum
2747 3379 2916 3428 libabo

1650 3438 1783 3478 liberis
1810 3450 1901 3477 cum
1919 3439 2151 3489 parentibus
2170 3439 2402 3489 intercedit,
2425 3441 2601 3491 phratria
2617 3443 2754 3483 autom
2781 3453 2834 3484 ex
2858 3460 2883 3477 1:
2906 3460 2911 3476 ¹

1650 3503 1913 3552 sanguinitate
1925 3503 2094 3543 fratrum
2113 3514 2378 3554 sororumque
2388 3517 2400 3553 ;
2412 3504 2542 3554 phylo
2555 3508 2691 3546 autem
2703 3508 2744 3546 et
2753 3502 2915 3559 plavia!

1653 3566 1822 3614 (tribus
1852 3568 1893 3605 et
1911 3566 2119 3616 arbaces)
2153 3566 2251 3606 olim
2282 3565 2375 3606 inde
2394 3567 2609 3618 nominati,
2645 3569 2756 3620 quod
2775 3570 2818 3611 in
2845 3570 2906 3612 civ

1648 3631 1750 3669 tates
1767 3631 1887 3680 atque
1909 3630 1997 3676 ἔθνη
2019 3629 2103 3670 sive
2123 3629 2286 3679 classes,
2305 3640 2397 3679 quae
2414 3632 2625 3683 vocantur,
2642 3632 2840 3686 coierunt.

1702 3763 1956 3804 Dicaearchus
1981 3763 2037 3802 ait
2068 3764 2280 3815 Herculem
2304 3763 2421 3804 fuisse
2453 3765 2709 3815 quadrato-et
2735 3776 2843 3807 com
2886 3783 2894 3800 ι

1649 3839 1814 3878 corpore
1825 3858 1835 3876 ‚
1853 3839 2069 3868 nervosum
2081 3858 2092 3877 ,
2109 3828 2264 3879 nigrum
2276 3858 2287 3879 ,
2306 3838 2400 3868 naso
2416 3830 2617 3882 aquilino,
2634 3831 2837 3874 subt-maiis
2860 3850 2865 3867 ·

1650 3893 1696 3933 lis
1707 3923 1717 3942 ,
1731 3893 1934 3943 promissis
1952 3893 2116 3944 capillis.

1698 4021 1896 4061 Granicus
1911 4021 1974 4060 vel
1998 4019 2215 4063 secundum
2237 4020 2335 4060 alios
2355 4024 2554 4072 Atramys,
2578 4023 2867 4074 Pelasgusgen

1649 4084 1689 4123 in
1718 4085 1880 4134 Lyciam
1903 4084 2013 4124 venit
2030 4084 2082 4123 ad
2104 4084 2216 4140 Idam
2242 4087 2444 4137 montem,
2475 4086 2545 4126 ubi
2569 4086 2710 4126 urbem
2737 4082 2864 4127 cond’

1649 4159 1770 4198 quam
1785 4148 1835 4187 de
1851 4159 1924 4187 suo
1953 4147 2114 4187 nomine
2139 4147 2432 4198 Adramyttium
2459 4149 2683 4200 appellavit.
2713 4149 2847 4190 Idem

1656 4214 1816 4261 ceperat
1848 4211 1993 4261 liliam,
2021 4211 2181 4250 Theben
2206 4211 2379 4252 nomine.
2406 4215 2505 4259 Quae
2525 4223 2651 4262 quum
2677 4212 2813 4254 adulta
2847 4245 2854 4255 .
2878 4208 2882 4212 ’
