<?xml version="1.0" encoding="UTF-8"?>
<!DOCTYPE html PUBLIC "-//W3C//DTD XHTML 1.0 Transitional//EN"
    "http://www.w3.org/TR/xhtml1/DTD/xhtml1-transitional.dtd">
<html xmlns="http://www.w3.org/1999/xhtml" xml:lang="en" lang="en">
 <head>
  <title>
</title>
<meta http-equiv="Content-Type" content="text/html;charset=utf-8" />
  <meta name='ocr-system' content='tesseract 3.04.00' />
  <meta name='ocr-capabilities' content='ocr_page ocr_carea ocr_par ocr_line ocrx_word'/>
</head>
<body>
  <div class='ocr_page' id='page_1' title='image "./fragmentahistori02mueluoft_0420.png"; bbox 0 0 3016 4628; ppageno 0'>
   <div class='ocr_carea' id='block_1_1' title="bbox 2759 339 3012 4310">
    <p class='ocr_par' dir='ltr' id='par_1_1' title="bbox 2759 339 3012 4310">
     <span class='ocr_line' id='line_1_1' title="bbox 2846 339 3012 699; baseline 0 0"><span class='ocrx_word' id='word_1_1' title='bbox 2846 339 3012 699; x_wconf 95' lang='lat' dir='ltr'>   </span> 
     </span>
     <span class='ocr_line' id='line_1_2' title="bbox 2759 699 3012 915; baseline 0 -209"><span class='ocrx_word' id='word_1_2' title='bbox 2759 699 3012 915; x_wconf 95' lang='lat' dir='ltr'>      </span> 
     </span>
     <span class='ocr_line' id='line_1_3' title="bbox 2835 915 3008 1059; baseline 0 -68"><span class='ocrx_word' id='word_1_3' title='bbox 2835 915 3008 1059; x_wconf 95' lang='lat' dir='ltr'>  </span> 
     </span>
     <span class='ocr_line' id='line_1_4' title="bbox 2815 1059 3008 1134; baseline 0 3494"><span class='ocrx_word' id='word_1_4' title='bbox 2815 1059 3008 1134; x_wconf 95' lang='lat' dir='ltr'> </span> 
     </span>
     <span class='ocr_line' id='line_1_5' title="bbox 2794 1134 3012 1349; baseline 0 -70"><span class='ocrx_word' id='word_1_5' title='bbox 2794 1134 3012 1349; x_wconf 95' lang='lat' dir='ltr'>    </span> 
     </span>
     <span class='ocr_line' id='line_1_6' title="bbox 2914 1349 3012 1567; baseline 0 -144"><span class='ocrx_word' id='word_1_6' title='bbox 2914 1349 3012 1567; x_wconf 95' lang='lat' dir='ltr'>   </span> 
     </span>
     <span class='ocr_line' id='line_1_7' title="bbox 2940 1567 3012 1639; baseline 0 2989"><span class='ocrx_word' id='word_1_7' title='bbox 2940 1567 3012 1639; x_wconf 95' lang='lat' dir='ltr'> </span> 
     </span>
     <span class='ocr_line' id='line_1_8' title="bbox 2940 1639 3012 1713; baseline 0 2915"><span class='ocrx_word' id='word_1_8' title='bbox 2940 1639 3012 1713; x_wconf 95' lang='lat' dir='ltr'> </span> 
     </span>
     <span class='ocr_line' id='line_1_9' title="bbox 2940 1713 3012 1787; baseline 0 2841"><span class='ocrx_word' id='word_1_9' title='bbox 2940 1713 3012 1787; x_wconf 95' lang='lat' dir='ltr'> </span> 
     </span>
     <span class='ocr_line' id='line_1_10' title="bbox 2940 1787 3012 1857; baseline 0 2771"><span class='ocrx_word' id='word_1_10' title='bbox 2940 1787 3012 1857; x_wconf 95' lang='lat' dir='ltr'> </span> 
     </span>
     <span class='ocr_line' id='line_1_11' title="bbox 2940 1857 3012 2022; baseline 0 -18"><span class='ocrx_word' id='word_1_11' title='bbox 2940 1857 3012 2022; x_wconf 95' lang='lat' dir='ltr'>   </span> 
     </span>
     <span class='ocr_line' id='line_1_12' title="bbox 2940 2022 3012 2223; baseline 0 -71"><span class='ocrx_word' id='word_1_12' title='bbox 2940 2022 3012 2223; x_wconf 95' lang='lat' dir='ltr'>   </span> 
     </span>
     <span class='ocr_line' id='line_1_13' title="bbox 2940 2223 3012 2297; baseline 0 2331"><span class='ocrx_word' id='word_1_13' title='bbox 2940 2223 3012 2297; x_wconf 95' lang='lat' dir='ltr'> </span> 
     </span>
     <span class='ocr_line' id='line_1_14' title="bbox 2940 2297 3012 2371; baseline 0 2257"><span class='ocrx_word' id='word_1_14' title='bbox 2940 2297 3012 2371; x_wconf 95' lang='lat' dir='ltr'> </span> 
     </span>
     <span class='ocr_line' id='line_1_15' title="bbox 2940 2371 3012 2442; baseline 0 2186"><span class='ocrx_word' id='word_1_15' title='bbox 2940 2371 3012 2442; x_wconf 95' lang='lat' dir='ltr'> </span> 
     </span>
     <span class='ocr_line' id='line_1_16' title="bbox 2940 2442 3012 2506; baseline 0 2122"><span class='ocrx_word' id='word_1_16' title='bbox 2940 2442 3012 2506; x_wconf 95' lang='lat' dir='ltr'> </span> 
     </span>
     <span class='ocr_line' id='line_1_17' title="bbox 2940 2506 3012 2582; baseline 0 2046"><span class='ocrx_word' id='word_1_17' title='bbox 2940 2506 3012 2582; x_wconf 95' lang='lat' dir='ltr'> </span> 
     </span>
     <span class='ocr_line' id='line_1_18' title="bbox 2940 2582 3012 2849; baseline 0 -118"><span class='ocrx_word' id='word_1_18' title='bbox 2940 2582 3012 2849; x_wconf 95' lang='lat' dir='ltr'>    </span> 
     </span>
     <span class='ocr_line' id='line_1_19' title="bbox 2940 2979 3012 3176; baseline 0 -67"><span class='ocrx_word' id='word_1_19' title='bbox 2940 2979 3012 3176; x_wconf 95' lang='lat' dir='ltr'>   </span> 
     </span>
     <span class='ocr_line' id='line_1_20' title="bbox 2940 3176 3012 3240; baseline 0 1388"><span class='ocrx_word' id='word_1_20' title='bbox 2940 3176 3012 3240; x_wconf 95' lang='lat' dir='ltr'> </span> 
     </span>
     <span class='ocr_line' id='line_1_21' title="bbox 2916 3240 3012 3368; baseline 0 -65"><span class='ocrx_word' id='word_1_21' title='bbox 2916 3240 3012 3368; x_wconf 95' lang='lat' dir='ltr'>  </span> 
     </span>
     <span class='ocr_line' id='line_1_22' title="bbox 2914 3368 3012 3482; baseline 0 -51"><span class='ocrx_word' id='word_1_22' title='bbox 2914 3368 3012 3482; x_wconf 95' lang='lat' dir='ltr'>  </span> 
     </span>
     <span class='ocr_line' id='line_1_23' title="bbox 2912 3482 3012 3643; baseline 0 -17"><span class='ocrx_word' id='word_1_23' title='bbox 2912 3482 3012 3643; x_wconf 95' lang='lat' dir='ltr'>   </span> 
     </span>
     <span class='ocr_line' id='line_1_24' title="bbox 2888 3643 3012 3805; baseline 0 -85"><span class='ocrx_word' id='word_1_24' title='bbox 2888 3643 3012 3805; x_wconf 95' lang='lat' dir='ltr'>    </span> 
     </span>
     <span class='ocr_line' id='line_1_25' title="bbox 2843 3805 3012 3965; baseline 0 -16"><span class='ocrx_word' id='word_1_25' title='bbox 2843 3805 3012 3965; x_wconf 95' lang='lat' dir='ltr'>   </span> 
     </span>
     <span class='ocr_line' id='line_1_26' title="bbox 2833 3965 3012 4139; baseline 0 -109"><span class='ocrx_word' id='word_1_26' title='bbox 2833 3965 3012 4139; x_wconf 95' lang='lat' dir='ltr'>   </span> 
     </span>
     <span class='ocr_line' id='line_1_27' title="bbox 2838 4139 3012 4310; baseline 0 -164"><span class='ocrx_word' id='word_1_27' title='bbox 2838 4139 3012 4310; x_wconf 95' lang='lat' dir='ltr'>   </span> 
     </span>
    </p>
   </div>
   <div class='ocr_carea' id='block_1_2' title="bbox 242 275 2020 343">
    <p class='ocr_par' dir='ltr' id='par_1_2' title="bbox 242 275 2020 343">
     <span class='ocr_line' id='line_1_28' title="bbox 242 275 2020 343; baseline -0.01 -1"><span class='ocrx_word' id='word_1_28' title='bbox 242 303 336 343; x_wconf 73' lang='lat'>368</span> <span class='ocrx_word' id='word_1_29' title='bbox 1158 283 1522 335; x_wconf 82' lang='lat' dir='ltr'>DEMETRlUS</span> <span class='ocrx_word' id='word_1_30' title='bbox 1558 275 1954 330; x_wconf 79' lang='lat' dir='ltr'>PHALEREUS.</span> <span class='ocrx_word' id='word_1_31' title='bbox 2011 298 2020 302; x_wconf 59' lang='grc'>·</span> 
     </span>
    </p>
   </div>
   <div class='ocr_carea' id='block_1_3' title="bbox 239 373 2931 899">
    <p class='ocr_par' dir='ltr' id='par_1_3' title="bbox 239 373 2931 899">
     <span class='ocr_line' id='line_1_29' title="bbox 240 373 2931 463; baseline -0.008 -14"><span class='ocrx_word' id='word_1_32' title='bbox 240 402 517 454; x_wconf 76' lang='grc' dir='ltr'><strong>πέπονθας.»</strong></span> <span class='ocrx_word' id='word_1_33' title='bbox 544 397 860 452; x_wconf 79' lang='grc' dir='ltr'>Ἐπιτείναντος</span> <span class='ocrx_word' id='word_1_34' title='bbox 877 395 921 445; x_wconf 74' lang='grc' dir='ltr'>δὲ</span> <span class='ocrx_word' id='word_1_35' title='bbox 949 397 1026 455; x_wconf 77' lang='grc' dir='ltr'>τὴν</span> <span class='ocrx_word' id='word_1_36' title='bbox 1043 396 1185 463; x_wconf 71' lang='grc' dir='ltr'>φωνὴν</span> <span class='ocrx_word' id='word_1_37' title='bbox 1211 415 1283 442; x_wconf 88' lang='grc' dir='ltr'>του</span> <span class='ocrx_word' id='word_1_38' title='bbox 1302 391 1521 458; x_wconf 81' lang='grc' dir='ltr'>ἀνθρώπου</span> <span class='ocrx_word' id='word_1_39' title='bbox 1597 388 1745 434; x_wconf 83' lang='grc' dir='ltr'>κνύναι</span> <span class='ocrx_word' id='word_1_40' title='bbox 1768 393 1855 440; x_wconf 88' lang='grc' dir='ltr'>τοῖς</span> <span class='ocrx_word' id='word_1_41' title='bbox 1880 373 2115 449; x_wconf 82' lang='grc' dir='ltr'>ἀνθρώποις</span> <span class='ocrx_word' id='word_1_42' title='bbox 2137 382 2186 429; x_wconf 81' lang='grc' dir='ltr'>τὸ</span> <span class='ocrx_word' id='word_1_43' title='bbox 2204 380 2359 439; x_wconf 81' lang='grc' dir='ltr'>ταύτης</span> <span class='ocrx_word' id='word_1_44' title='bbox 2376 376 2691 443; x_wconf 50' lang='lat' dir='ltr'>abundemus),</span> <span class='ocrx_word' id='word_1_45' title='bbox 2713 382 2890 452; x_wconf 64' lang='grc' dir='ltr'>επιστ</span> <span class='ocrx_word' id='word_1_46' title='bbox 2890 376 2931 443; x_wconf 44' lang='grc' dir='ltr'>ᾖξ’</span> 
     </span>
     <span class='ocr_line' id='line_1_30' title="bbox 241 451 2894 537; baseline -0.007 -17"><span class='ocrx_word' id='word_1_47' title='bbox 241 474 314 521; x_wconf 77' lang='grc' dir='ltr'>καὶ</span> <span class='ocrx_word' id='word_1_48' title='bbox 341 476 597 537; x_wconf 71' lang='grc' dir='ltr'>βοιῗιντος,(</span> <span class='ocrx_word' id='word_1_49' title='bbox 622 466 678 519; x_wconf 84' lang='lat' dir='ltr'>F</span> <span class='ocrx_word' id='word_1_50' title='bbox 659 490 770 534; x_wconf 86' lang='grc' dir='ltr'>γω</span> <span class='ocrx_word' id='word_1_51' title='bbox 792 470 1086 532; x_wconf 87' lang='grc' dir='ltr'>Δημόσθενες,</span> <span class='ocrx_word' id='word_1_52' title='bbox 1115 467 1210 516; x_wconf 79' lang='grc' dir='ltr'>οὐδὲ</span> <span class='ocrx_word' id='word_1_53' title='bbox 1193 486 1234 512; x_wconf 69' lang='grc' dir='ltr'>εν</span> <span class='ocrx_word' id='word_1_54' title='bbox 1256 466 1478 524; x_wconf 67' lang='grc' dir='ltr'>πέπονθα,</span> <span class='ocrx_word' id='word_1_55' title='bbox 1504 483 1524 503; x_wconf 83' lang='lat'>»</span> <span class='ocrx_word' id='word_1_56' title='bbox 1597 460 1666 507; x_wconf 83' lang='grc' dir='ltr'>ἐπὶ</span> <span class='ocrx_word' id='word_1_57' title='bbox 1695 478 1791 512; x_wconf 89' lang='grc' dir='ltr'>τους</span> <span class='ocrx_word' id='word_1_58' title='bbox 1822 461 1918 505; x_wconf 89' lang='grc' dir='ltr'>κατ’</span> <span class='ocrx_word' id='word_1_59' title='bbox 1954 455 2226 519; x_wconf 76' lang='grc' dir='ltr'>Ἀλέξανδρον</span> <span class='ocrx_word' id='word_1_60' title='bbox 2251 451 2448 518; x_wconf 81' lang='grc' dir='ltr'>καιροὺς,</span> <span class='ocrx_word' id='word_1_61' title='bbox 2475 451 2545 501; x_wconf 80' lang='grc' dir='ltr'>ὅτε</span> <span class='ocrx_word' id='word_1_62' title='bbox 2578 453 2789 502; x_wconf 79' lang='grc' dir='ltr'>κατέλυσε</span> <span class='ocrx_word' id='word_1_63' title='bbox 2871 503 2894 531; x_wconf 27' lang='grc' dir='ltr'>ἦ,</span> 
     </span>
     <span class='ocr_line' id='line_1_31' title="bbox 241 526 2891 609; baseline -0.011 -15"><span class='ocrx_word' id='word_1_64' title='bbox 241 570 261 588; x_wconf 74' lang='grc' dir='ltr'>οι</span> <span class='ocrx_word' id='word_1_65' title='bbox 285 546 353 603; x_wconf 85' lang='grc' dir='ltr'>Νὴ</span> <span class='ocrx_word' id='word_1_66' title='bbox 401 545 511 606; x_wconf 90' lang='grc' dir='ltr'>Δία,</span> <span class='ocrx_word' id='word_1_67' title='bbox 565 542 718 609; x_wconf 81' lang='grc' dir='ltr'>φάναι,</span> <span class='ocrx_word' id='word_1_68' title='bbox 766 562 838 589; x_wconf 90' lang='grc' dir='ltr'>νυν</span> <span class='ocrx_word' id='word_1_69' title='bbox 880 540 1023 589; x_wconf 84' lang='grc' dir='ltr'>ἀκούω</span> <span class='ocrx_word' id='word_1_70' title='bbox 1058 539 1199 607; x_wconf 80' lang='grc' dir='ltr'>φωνὴν</span> <span class='ocrx_word' id='word_1_71' title='bbox 1244 535 1523 596; x_wconf 81' lang='grc' dir='ltr'>ἀδικουμένου</span> <span class='ocrx_word' id='word_1_72' title='bbox 1601 534 1784 595; x_wconf 76' lang='grc' dir='ltr'>Περσῶν</span> <span class='ocrx_word' id='word_1_73' title='bbox 1807 526 1975 593; x_wconf 79' lang='grc' dir='ltr'>ἀρχὴν,</span> <span class='ocrx_word' id='word_1_74' title='bbox 1996 527 2112 590; x_wconf 82' lang='grc' dir='ltr'>λέγει</span> <span class='ocrx_word' id='word_1_75' title='bbox 2131 531 2627 573; x_wconf 76' lang='grc' dir='ltr'>ταῦτα’·</span> <span class='ocrx_word' id='word_1_76' title='bbox 2886 544 2891 551; x_wconf 86' lang='grc'>·</span> 
     </span>
     <span class='ocr_line' id='line_1_32' title="bbox 242 595 2909 678; baseline -0.007 -13"><span class='ocrx_word' id='word_1_77' title='bbox 242 618 311 668; x_wconf 79' lang='grc' dir='ltr'>καὶ</span> <span class='ocrx_word' id='word_1_78' title='bbox 337 617 654 670; x_wconf 84' lang='grc' dir='ltr'>πεπονθότος.</span> <span class='ocrx_word' id='word_1_79' title='bbox 676 614 826 668; x_wconf 83' lang='grc' dir='ltr'>Οὕτως</span> <span class='ocrx_word' id='word_1_80' title='bbox 851 613 959 678; x_wconf 87' lang='grc' dir='ltr'>ὤετο</span> <span class='ocrx_word' id='word_1_81' title='bbox 985 612 1097 677; x_wconf 90' lang='grc' dir='ltr'>μέγα</span> <span class='ocrx_word' id='word_1_82' title='bbox 1121 611 1226 676; x_wconf 84' lang='grc' dir='ltr'>πρὸς</span> <span class='ocrx_word' id='word_1_83' title='bbox 1251 609 1394 656; x_wconf 90' lang='grc' dir='ltr'>πίστιν</span> <span class='ocrx_word' id='word_1_84' title='bbox 1416 599 1517 653; x_wconf 67' lang='grc' dir='ltr'>εἶναι</span> <span class='ocrx_word' id='word_1_85' title='bbox 1665 626 1684 646; x_wconf 75' lang='grc' dir='ltr'><strong><em>κ</em></strong></span> <span class='ocrx_word' id='word_1_86' title='bbox 1713 605 1765 651; x_wconf 77' lang='grc' dir='ltr'>Εἰ</span> <span class='ocrx_word' id='word_1_87' title='bbox 1800 600 1883 666; x_wconf 79' lang='grc' dir='ltr'>γὰρ</span> <span class='ocrx_word' id='word_1_88' title='bbox 1903 599 2052 653; x_wconf 59' lang='lat' dir='ltr'>Mem&lt;</span> <span class='ocrx_word' id='word_1_89' title='bbox 2076 597 2194 664; x_wconf 81' lang='grc' dir='ltr'>(πρὸ</span> <span class='ocrx_word' id='word_1_90' title='bbox 2217 617 2294 656; x_wconf 89' lang='grc' dir='ltr'>της</span> <span class='ocrx_word' id='word_1_91' title='bbox 2322 595 2482 652; x_wconf 81' lang='grc' dir='ltr'>ἐννοίας</span> <span class='ocrx_word' id='word_1_92' title='bbox 2505 599 2614 645; x_wconf 87' lang='lat' dir='ltr'>add.</span> <span class='ocrx_word' id='word_1_93' title='bbox 2649 601 2909 675; x_wconf 57' lang='lat' dir='ltr'>Diodorff</span> 
     </span>
     <span class='ocr_line' id='line_1_33' title="bbox 241 665 2850 752; baseline -0.01 -14"><span class='ocrx_word' id='word_1_94' title='bbox 241 690 311 738; x_wconf 83' lang='grc' dir='ltr'>τὸν</span> <span class='ocrx_word' id='word_1_95' title='bbox 327 689 464 747; x_wconf 84' lang='grc' dir='ltr'>τόνον,</span> <span class='ocrx_word' id='word_1_96' title='bbox 484 687 559 737; x_wconf 73' lang='grc' dir='ltr'>καὶ</span> <span class='ocrx_word' id='word_1_97' title='bbox 586 686 710 745; x_wconf 53' lang='grc' dir='ltr'>τὴν(</span> <span class='ocrx_word' id='word_1_98' title='bbox 694 686 916 752; x_wconf 85' lang='grc' dir='ltr'>υπόκρισιν</span> <span class='ocrx_word' id='word_1_99' title='bbox 944 690 1028 733; x_wconf 86' lang='grc' dir='ltr'>τῶν</span> <span class='ocrx_word' id='word_1_100' title='bbox 1052 685 1277 746; x_wconf 88' lang='grc' dir='ltr'>λεγόντων.</span> <span class='ocrx_word' id='word_1_101' title='bbox 1310 683 1413 733; x_wconf 83' lang='grc' dir='ltr'>Ἰοῖς</span> <span class='ocrx_word' id='word_1_102' title='bbox 1446 677 1498 740; x_wconf 86' lang='grc' dir='ltr'>μὲ</span> <span class='ocrx_word' id='word_1_103' title='bbox 1479 696 1520 723; x_wconf 88' lang='grc' dir='ltr'>ν</span> <span class='ocrx_word' id='word_1_104' title='bbox 1599 675 1658 738; x_wconf 84' lang='grc' dir='ltr'>μὴ</span> <span class='ocrx_word' id='word_1_105' title='bbox 1684 673 1835 740; x_wconf 85' lang='grc' dir='ltr'>χρόνον</span> <span class='ocrx_word' id='word_1_106' title='bbox 1854 672 2060 736; x_wconf 87' lang='grc' dir='ltr'>ἄπειρον,</span> <span class='ocrx_word' id='word_1_107' title='bbox 2083 669 2192 733; x_wconf 83' lang='grc' dir='ltr'>μηδὲ</span> <span class='ocrx_word' id='word_1_108' title='bbox 2214 665 2361 733; x_wconf 82' lang='grc' dir='ltr'>γενεὰς</span> <span class='ocrx_word' id='word_1_109' title='bbox 2379 668 2565 729; x_wconf 83' lang='grc' dir='ltr'>πολλὰς,</span> <span class='ocrx_word' id='word_1_110' title='bbox 2589 668 2703 718; x_wconf 77' lang='grc' dir='ltr'>ἀλλὰ</span> <span class='ocrx_word' id='word_1_111' title='bbox 2725 690 2759 719; x_wconf 89' lang='grc' dir='ltr'>π</span> <span class='ocrx_word' id='word_1_112' title='bbox 2835 684 2850 712; x_wconf 72' lang='lat'>⁴.</span> 
     </span>
     <span class='ocr_line' id='line_1_34' title="bbox 242 740 2845 847; baseline -0.009 -36"><span class='ocrx_word' id='word_1_113' title='bbox 242 756 314 811; x_wconf 93' lang='grc' dir='ltr'>ουν</span> <span class='ocrx_word' id='word_1_114' title='bbox 343 762 516 816; x_wconf 83' lang='grc' dir='ltr'>πολλοῖς</span> <span class='ocrx_word' id='word_1_115' title='bbox 551 760 878 847; x_wconf 79' lang='grc' dir='ltr'>ὑποκρινόμενος</span> <span class='ocrx_word' id='word_1_116' title='bbox 914 757 1068 822; x_wconf 87' lang='grc' dir='ltr'>ἤρεσκε</span> <span class='ocrx_word' id='word_1_117' title='bbox 1105 756 1384 817; x_wconf 83' lang='grc' dir='ltr'>θαυμαστῶς·</span> <span class='ocrx_word' id='word_1_118' title='bbox 1416 753 1454 798; x_wconf 81' lang='grc' dir='ltr'>οἱ</span> <span class='ocrx_word' id='word_1_119' title='bbox 1480 748 1523 796; x_wconf 80' lang='grc' dir='ltr'>δὲ</span> <span class='ocrx_word' id='word_1_120' title='bbox 1598 766 1728 795; x_wconf 87' lang='grc' dir='ltr'>κοντα</span> <span class='ocrx_word' id='word_1_121' title='bbox 1754 745 1881 808; x_wconf 90' lang='grc' dir='ltr'>μόνον</span> <span class='ocrx_word' id='word_1_122' title='bbox 1907 743 1981 802; x_wconf 85' lang='grc' dir='ltr'>ἔτη</span> <span class='ocrx_word' id='word_1_123' title='bbox 2003 763 2127 791; x_wconf 90' lang='grc' dir='ltr'>ταυτι</span> <span class='ocrx_word' id='word_1_124' title='bbox 2151 741 2206 790; x_wconf 84' lang='grc' dir='ltr'>τὰ</span> <span class='ocrx_word' id='word_1_125' title='bbox 2228 741 2312 807; x_wconf 83' lang='grc' dir='ltr'>πρὸ</span> <span class='ocrx_word' id='word_1_126' title='bbox 2335 744 2490 804; x_wconf 79' lang='grc' dir='ltr'>ἡμῶν,</span> <span class='ocrx_word' id='word_1_127' title='bbox 2513 740 2657 805; x_wconf 83' lang='grc' dir='ltr'>γνοίης</span> <span class='ocrx_word' id='word_1_128' title='bbox 2689 741 2787 790; x_wconf 64' lang='grc' dir='ltr'>ἂνε</span> <span class='ocrx_word' id='word_1_129' title='bbox 2764 754 2845 799; x_wconf 84' lang='grc' dir='ltr'>ως</span> 
     </span>
     <span class='ocr_line' id='line_1_35' title="bbox 239 812 2879 899; baseline -0.008 -18"><span class='ocrx_word' id='word_1_130' title='bbox 239 833 459 899; x_wconf 77' lang='grc' dir='ltr'>χαρίεντες</span> <span class='ocrx_word' id='word_1_131' title='bbox 510 832 708 881; x_wconf 83' lang='grc' dir='ltr'>ταπεινὸν</span> <span class='ocrx_word' id='word_1_132' title='bbox 751 835 930 894; x_wconf 76' lang='grc' dir='ltr'>ἡγοῦντο</span> <span class='ocrx_word' id='word_1_133' title='bbox 977 829 1048 876; x_wconf 82' lang='grc' dir='ltr'>καὶ</span> <span class='ocrx_word' id='word_1_134' title='bbox 1096 826 1263 890; x_wconf 79' lang='grc' dir='ltr'>ἀγεννὲς</span> <span class='ocrx_word' id='word_1_135' title='bbox 1307 825 1435 869; x_wconf 82' lang='grc' dir='ltr'>αὐτου</span> <span class='ocrx_word' id='word_1_136' title='bbox 1477 818 1524 866; x_wconf 85' lang='grc' dir='ltr'>τὸ</span> <span class='ocrx_word' id='word_1_137' title='bbox 1597 840 1673 878; x_wconf 86' lang='grc' dir='ltr'>της</span> <span class='ocrx_word' id='word_1_138' title='bbox 1710 818 1845 882; x_wconf 84' lang='grc' dir='ltr'>τύχης</span> <span class='ocrx_word' id='word_1_139' title='bbox 1885 815 2080 881; x_wconf 79' lang='grc' dir='ltr'>χαλεπὸν</span> <span class='ocrx_word' id='word_1_140' title='bbox 2123 817 2330 862; x_wconf 84' lang='grc' dir='ltr'>ἐνταυθα·</span> <span class='ocrx_word' id='word_1_141' title='bbox 2369 818 2650 881; x_wconf 82' lang='grc' dir='ltr'>πεντηκοστῷ</span> <span class='ocrx_word' id='word_1_142' title='bbox 2684 817 2769 880; x_wconf 77' lang='grc' dir='ltr'>γὰρ</span> <span class='ocrx_word' id='word_1_143' title='bbox 2804 812 2879 864; x_wconf 72' lang='grc' dir='ltr'>ἔ</span> 
     </span>
    </p>
   </div>
   <div class='ocr_carea' id='block_1_4' title="bbox 242 885 2940 1607">
    <p class='ocr_par' dir='ltr' id='par_1_4' title="bbox 242 885 2940 1464">
     <span class='ocr_line' id='line_1_36' title="bbox 242 885 2938 998; baseline -0.005 -47"><span class='ocrx_word' id='word_1_144' title='bbox 242 907 428 968; x_wconf 78' lang='grc' dir='ltr'>πλάσμα</span> <span class='ocrx_word' id='word_1_145' title='bbox 448 925 521 954; x_wconf 88' lang='grc' dir='ltr'>και</span> <span class='ocrx_word' id='word_1_146' title='bbox 550 904 770 968; x_wconf 80' lang='grc' dir='ltr'>μαλακὸν,</span> <span class='ocrx_word' id='word_1_147' title='bbox 796 896 855 950; x_wconf 65' lang='grc' dir='ltr'>ὧν</span> <span class='ocrx_word' id='word_1_148' title='bbox 879 921 952 949; x_wconf 86' lang='grc' dir='ltr'>και</span> <span class='ocrx_word' id='word_1_149' title='bbox 973 900 1220 964; x_wconf 75' lang='grc' dir='ltr'>Δημήτριος</span> <span class='ocrx_word' id='word_1_150' title='bbox 1241 900 1263 943; x_wconf 90' lang='lat'>6</span> <span class='ocrx_word' id='word_1_151' title='bbox 1293 891 1526 957; x_wconf 87' lang='grc' dir='ltr'>Φαληρεύς</span> <span class='ocrx_word' id='word_1_152' title='bbox 1597 890 1801 956; x_wconf 88' lang='grc' dir='ltr'>πρότερον</span> <span class='ocrx_word' id='word_1_153' title='bbox 1837 889 1966 937; x_wconf 84' lang='grc' dir='ltr'>οἴεσθ’</span> <span class='ocrx_word' id='word_1_154' title='bbox 1991 887 2042 936; x_wconf 77' lang='grc' dir='ltr'>ἂν</span> <span class='ocrx_word' id='word_1_155' title='bbox 2079 887 2108 946; x_wconf 84' lang='grc' dir='ltr'>ἢ</span> <span class='ocrx_word' id='word_1_156' title='bbox 2131 890 2197 936; x_wconf 83' lang='grc' dir='ltr'>Πε</span> <span class='ocrx_word' id='word_1_157' title='bbox 2187 885 2356 953; x_wconf 78' lang='grc' dir='ltr'>’ρσαςῆ</span> <span class='ocrx_word' id='word_1_158' title='bbox 2389 887 2572 952; x_wconf 77' lang='grc' dir='ltr'>βασιλέα</span> <span class='ocrx_word' id='word_1_159' title='bbox 2596 891 2680 935; x_wconf 84' lang='grc' dir='ltr'>τῶν</span> <span class='ocrx_word' id='word_1_160' title='bbox 2706 891 2858 958; x_wconf 84' lang='grc' dir='ltr'>Περσ</span> <span class='ocrx_word' id='word_1_161' title='bbox 2868 895 2885 906; x_wconf 76' lang='grc'><strong>”</strong></span> <span class='ocrx_word' id='word_1_162' title='bbox 2887 907 2938 998; x_wconf 41' lang='grc' dir='ltr'>ιζ</span> 
     </span>
     <span class='ocr_line' id='line_1_37' title="bbox 244 959 2877 1028; baseline 0 -17"><span class='ocrx_word' id='word_1_163' title='bbox 244 982 376 1028; x_wconf 56' lang='grc' dir='ltr'>ἐστιν</span> <span class='ocrx_word' id='word_1_164' title='bbox 1598 964 1626 1021; x_wconf 81' lang='grc' dir='ltr'>ἢ</span> <span class='ocrx_word' id='word_1_165' title='bbox 1655 960 1973 1017; x_wconf 64' lang='grc' dir='ltr'>Μακεδόνας“λ</span> <span class='ocrx_word' id='word_1_166' title='bbox 1949 982 1977 1019; x_wconf 90' lang='grc' dir='ltr'>η</span> <span class='ocrx_word' id='word_1_167' title='bbox 2008 959 2192 1026; x_wconf 88' lang='grc' dir='ltr'>βασιλέα</span> <span class='ocrx_word' id='word_1_168' title='bbox 2214 964 2300 1008; x_wconf 85' lang='grc' dir='ltr'>τῶν</span> <span class='ocrx_word' id='word_1_169' title='bbox 2327 960 2620 1022; x_wconf 83' lang='grc' dir='ltr'>Μακεδόνων,</span> <span class='ocrx_word' id='word_1_170' title='bbox 2642 959 2766 1016; x_wconf 81' lang='grc' dir='ltr'>εἴτις</span> <span class='ocrx_word' id='word_1_171' title='bbox 2788 962 2877 1010; x_wconf 64' lang='lat'>02⁶7·</span> 
     </span>
     <span class='ocr_line' id='line_1_38' title="bbox 1601 1031 2846 1100; baseline -0.001 -17"><span class='ocrx_word' id='word_1_172' title='bbox 1601 1039 1742 1090; x_wconf 84' lang='grc' dir='ltr'>αὐτοῖς</span> <span class='ocrx_word' id='word_1_173' title='bbox 1768 1034 1977 1100; x_wconf 84' lang='grc' dir='ltr'>προύλεγε</span> <span class='ocrx_word' id='word_1_174' title='bbox 2004 1033 2053 1081; x_wconf 83' lang='grc' dir='ltr'>τὸ</span> <span class='ocrx_word' id='word_1_175' title='bbox 2073 1033 2258 1096; x_wconf 82' lang='grc' dir='ltr'>μέλλον,</span> <span class='ocrx_word' id='word_1_176' title='bbox 2279 1031 2511 1081; x_wconf 81' lang='grc' dir='ltr'>πιστεῦσαί</span> <span class='ocrx_word' id='word_1_177' title='bbox 2533 1035 2629 1080; x_wconf 86' lang='grc' dir='ltr'>ποτ’</span> <span class='ocrx_word' id='word_1_178' title='bbox 2655 1032 2732 1095; x_wconf 78' lang='grc' dir='ltr'>ἂν,</span> <span class='ocrx_word' id='word_1_179' title='bbox 2754 1036 2846 1090; x_wconf 73' lang='grc' dir='ltr'>ὡς</span> 
     </span>
     <span class='ocr_line' id='line_1_39' title="bbox 1599 1105 2860 1174; baseline -0.001 -18"><span class='ocrx_word' id='word_1_180' title='bbox 1599 1114 1747 1157; x_wconf 81' lang='grc' dir='ltr'>τοῦτον</span> <span class='ocrx_word' id='word_1_181' title='bbox 1770 1108 1841 1155; x_wconf 82' lang='grc' dir='ltr'>τὸν</span> <span class='ocrx_word' id='word_1_182' title='bbox 1864 1106 2012 1173; x_wconf 84' lang='grc' dir='ltr'>καιρὸν</span> <span class='ocrx_word' id='word_1_183' title='bbox 2037 1109 2221 1173; x_wconf 82' lang='grc' dir='ltr'>Περσῶν</span> <span class='ocrx_word' id='word_1_184' title='bbox 2243 1105 2331 1169; x_wconf 84' lang='grc' dir='ltr'>μὲν</span> <span class='ocrx_word' id='word_1_185' title='bbox 2347 1107 2435 1154; x_wconf 81' lang='grc' dir='ltr'>οὐδ’</span> <span class='ocrx_word' id='word_1_186' title='bbox 2459 1105 2598 1170; x_wconf 84' lang='grc' dir='ltr'>ὄνομα</span> <span class='ocrx_word' id='word_1_187' title='bbox 2619 1106 2800 1174; x_wconf 77' lang='grc' dir='ltr'>λειφθήσ</span> <span class='ocrx_word' id='word_1_188' title='bbox 2854 1137 2860 1147; x_wconf 80' lang='lat'><em>‹</em></span> 
     </span>
     <span class='ocr_line' id='line_1_40' title="bbox 1599 1177 2843 1246; baseline -0.001 -18"><span class='ocrx_word' id='word_1_189' title='bbox 1599 1182 1647 1229; x_wconf 85' lang='grc' dir='ltr'>τὸ</span> <span class='ocrx_word' id='word_1_190' title='bbox 1670 1180 1912 1246; x_wconf 81' lang='grc' dir='ltr'>παράπαν,</span> <span class='ocrx_word' id='word_1_191' title='bbox 1939 1179 1979 1227; x_wconf 84' lang='grc' dir='ltr'>οἳ</span> <span class='ocrx_word' id='word_1_192' title='bbox 2003 1179 2147 1238; x_wconf 83' lang='grc' dir='ltr'>πάσης</span> <span class='ocrx_word' id='word_1_193' title='bbox 2171 1177 2326 1243; x_wconf 74' lang='grc' dir='ltr'>σγεδὸν</span> <span class='ocrx_word' id='word_1_194' title='bbox 2350 1182 2427 1236; x_wconf 79' lang='grc' dir='ltr'>τ’ῆς</span> <span class='ocrx_word' id='word_1_195' title='bbox 2449 1177 2703 1244; x_wconf 78' lang='grc' dir='ltr'>οἰκουμένης</span> <span class='ocrx_word' id='word_1_196' title='bbox 2726 1178 2843 1227; x_wconf 80' lang='grc' dir='ltr'>ἐδέ</span> 
     </span>
     <span class='ocr_line' id='line_1_41' title="bbox 1601 1245 2872 1342; baseline -0.001 -41"><span class='ocrx_word' id='word_1_197' title='bbox 1601 1259 1690 1310; x_wconf 85' lang='grc' dir='ltr'>ζον·</span> <span class='ocrx_word' id='word_1_198' title='bbox 1740 1253 1987 1307; x_wconf 89' lang='grc' dir='ltr'>Μακεδόνες</span> <span class='ocrx_word' id='word_1_199' title='bbox 2038 1251 2082 1299; x_wconf 81' lang='grc' dir='ltr'>δὲ</span> <span class='ocrx_word' id='word_1_200' title='bbox 2133 1271 2278 1310; x_wconf 90' lang='grc' dir='ltr'>πασης</span> <span class='ocrx_word' id='word_1_201' title='bbox 2300 1250 2645 1342; x_wconf 79' lang='grc' dir='ltr'>κρατήσουσιν,</span> <span class='ocrx_word' id='word_1_202' title='bbox 2692 1245 2753 1300; x_wconf 63' lang='grc' dir='ltr'>ιῖιν</span> <span class='ocrx_word' id='word_1_203' title='bbox 2814 1280 2822 1293; x_wconf 86' lang='lat'><strong>·</strong></span> <span class='ocrx_word' id='word_1_204' title='bbox 2867 1280 2872 1287; x_wconf 84' lang='lat'>·</span> 
     </span>
     <span class='ocr_line' id='line_1_42' title="bbox 1600 1315 2940 1391; baseline -0.001 -17"><span class='ocrx_word' id='word_1_205' title='bbox 1600 1327 1735 1389; x_wconf 86' lang='grc' dir='ltr'>ὄνομα</span> <span class='ocrx_word' id='word_1_206' title='bbox 1765 1325 1973 1391; x_wconf 89' lang='grc' dir='ltr'>πρότερον</span> <span class='ocrx_word' id='word_1_207' title='bbox 2001 1329 2052 1384; x_wconf 82' lang='grc' dir='ltr'>ἠν</span> <span class='ocrx_word' id='word_1_208' title='bbox 2093 1323 2261 1388; x_wconf 83' lang='grc' dir='ltr'>(ὄνομα</span> <span class='ocrx_word' id='word_1_209' title='bbox 2297 1344 2350 1383; x_wconf 87' lang='grc' dir='ltr'>ην</span> <span class='ocrx_word' id='word_1_210' title='bbox 2387 1323 2604 1390; x_wconf 85' lang='grc' dir='ltr'>γνώριμον</span> <span class='ocrx_word' id='word_1_211' title='bbox 2632 1326 2835 1376; x_wconf 80' lang='lat' dir='ltr'>Diodor.</span> <span class='ocrx_word' id='word_1_212' title='bbox 2851 1315 2924 1390; x_wconf 55' lang='grc' dir='ltr'>);Ϊ</span> <span class='ocrx_word' id='word_1_213' title='bbox 2929 1330 2940 1338; x_wconf 79' lang='grc'><strong>’</strong></span> 
     </span>
     <span class='ocr_line' id='line_1_43' title="bbox 1601 1396 2911 1464; baseline -0.002 -16.976"><span class='ocrx_word' id='word_1_214' title='bbox 1601 1399 1713 1448; x_wconf 83' lang='grc' dir='ltr'>Ἀλλ’</span> <span class='ocrx_word' id='word_1_215' title='bbox 1731 1398 1847 1460; x_wconf 76' lang='grc' dir='ltr'>ὅμως</span> <span class='ocrx_word' id='word_1_216' title='bbox 1859 1402 1886 1456; x_wconf 81' lang='grc' dir='ltr'><strong>ἡ</strong></span> <span class='ocrx_word' id='word_1_217' title='bbox 1902 1400 2010 1464; x_wconf 81' lang='grc' dir='ltr'>πρὸς</span> <span class='ocrx_word' id='word_1_218' title='bbox 2029 1397 2102 1445; x_wconf 83' lang='grc' dir='ltr'>τὸν</span> <span class='ocrx_word' id='word_1_219' title='bbox 2123 1396 2213 1461; x_wconf 88' lang='grc' dir='ltr'>βίον</span> <span class='ocrx_word' id='word_1_220' title='bbox 2229 1399 2355 1460; x_wconf 77' lang='grc' dir='ltr'>ἡμῶν</span> <span class='ocrx_word' id='word_1_221' title='bbox 2373 1397 2602 1453; x_wconf 83' lang='grc' dir='ltr'>ἀσύνθετος</span> <span class='ocrx_word' id='word_1_222' title='bbox 2617 1397 2730 1464; x_wconf 85' lang='grc' dir='ltr'>τύχη</span> <span class='ocrx_word' id='word_1_223' title='bbox 2751 1398 2911 1464; x_wconf 63' lang='grc' dir='ltr'>(ἡμΐ,</span> 
     </span>
    </p>

    <p class='ocr_par' dir='ltr' id='par_1_5' title="bbox 1602 1466 2934 1607">
     <span class='ocr_line' id='line_1_44' title="bbox 1602 1466 2934 1543; baseline -0.001 -24"><span class='ocrx_word' id='word_1_224' title='bbox 1602 1471 1810 1534; x_wconf 82' lang='grc' dir='ltr'>ἀναλογία</span> <span class='ocrx_word' id='word_1_225' title='bbox 1848 1475 1923 1529; x_wconf 84' lang='grc' dir='ltr'>τ’ἧς</span> <span class='ocrx_word' id='word_1_226' title='bbox 1951 1470 2088 1534; x_wconf 84' lang='grc' dir='ltr'>τύχης</span> <span class='ocrx_word' id='word_1_227' title='bbox 2121 1474 2180 1519; x_wconf 89' lang='lat' dir='ltr'>D.</span> <span class='ocrx_word' id='word_1_228' title='bbox 2191 1470 2237 1534; x_wconf 83' lang='lat'>)‚</span> <span class='ocrx_word' id='word_1_229' title='bbox 2272 1468 2348 1517; x_wconf 78' lang='grc' dir='ltr'>καὶ</span> <span class='ocrx_word' id='word_1_230' title='bbox 2377 1470 2522 1517; x_wconf 83' lang='grc' dir='ltr'>πάντα</span> <span class='ocrx_word' id='word_1_231' title='bbox 2545 1469 2665 1534; x_wconf 81' lang='grc' dir='ltr'>παρὰ</span> <span class='ocrx_word' id='word_1_232' title='bbox 2683 1488 2763 1518; x_wconf 91' lang='grc' dir='ltr'>τον</span> <span class='ocrx_word' id='word_1_233' title='bbox 2778 1466 2934 1543; x_wconf 58' lang='grc' dir='ltr'>λογι-’ῖξ</span> 
     </span>
     <span class='ocr_line' id='line_1_45' title="bbox 1602 1541 2930 1607; baseline -0.001 -16"><span class='ocrx_word' id='word_1_234' title='bbox 1602 1544 1711 1607; x_wconf 82' lang='grc' dir='ltr'>σμὸν</span> <span class='ocrx_word' id='word_1_235' title='bbox 1732 1544 1804 1591; x_wconf 85' lang='grc' dir='ltr'>τὸν</span> <span class='ocrx_word' id='word_1_236' title='bbox 1829 1543 2035 1607; x_wconf 82' lang='grc' dir='ltr'>ἡμέτερον</span> <span class='ocrx_word' id='word_1_237' title='bbox 2057 1546 2392 1606; x_wconf 81' lang='grc' dir='ltr'>καινοποιοῧσα,</span> <span class='ocrx_word' id='word_1_238' title='bbox 2419 1562 2494 1591; x_wconf 90' lang='grc' dir='ltr'>και</span> <span class='ocrx_word' id='word_1_239' title='bbox 2513 1542 2592 1600; x_wconf 75' lang='grc' dir='ltr'>τὴν</span> <span class='ocrx_word' id='word_1_240' title='bbox 2617 1545 2750 1601; x_wconf 79' lang='grc' dir='ltr'>αὓτῆς</span> <span class='ocrx_word' id='word_1_241' title='bbox 2770 1541 2930 1593; x_wconf 76' lang='grc' dir='ltr'>δύνα-</span> <span class='ocrx_word' id='word_1_242' title='bbox 2917 1566 2924 1577; x_wconf 64' lang='lat'><strong>2</strong></span> 
     </span>
    </p>
   </div>
   <div class='ocr_carea' id='block_1_5' title="bbox 245 1613 2922 1754">
    <p class='ocr_par' dir='ltr' id='par_1_6' title="bbox 245 1613 2901 1754">
     <span class='ocr_line' id='line_1_46' title="bbox 1603 1613 2899 1685; baseline -0.001 -21"><span class='ocrx_word' id='word_1_243' title='bbox 1603 1637 1675 1679; x_wconf 90' lang='grc' dir='ltr'>μιν</span> <span class='ocrx_word' id='word_1_244' title='bbox 1701 1620 1743 1665; x_wconf 82' lang='grc' dir='ltr'>ἓν</span> <span class='ocrx_word' id='word_1_245' title='bbox 1780 1624 1866 1670; x_wconf 86' lang='grc' dir='ltr'>τοῖς</span> <span class='ocrx_word' id='word_1_246' title='bbox 1904 1615 2164 1679; x_wconf 84' lang='grc' dir='ltr'>παραδόξοις</span> <span class='ocrx_word' id='word_1_247' title='bbox 2186 1615 2404 1680; x_wconf 81' lang='grc' dir='ltr'>(ἐνδόξοις</span> <span class='ocrx_word' id='word_1_248' title='bbox 2434 1618 2530 1680; x_wconf 83' lang='grc'>1).)</span> <span class='ocrx_word' id='word_1_249' title='bbox 2569 1613 2899 1685; x_wconf 79' lang='grc' dir='ltr'>ἐνδεικνυμένη,</span> 
     </span>
     <span class='ocr_line' id='line_1_47' title="bbox 245 1657 2922 1754; baseline 0.002 -22"><span class='ocrx_word' id='word_1_250' title='bbox 245 1670 404 1717; x_wconf 65' lang='grc' dir='ltr'>ἐκῑῑνου</span> <span class='ocrx_word' id='word_1_251' title='bbox 434 1687 579 1732; x_wconf 63' lang='grc' dir='ltr'>ΥΕΥΟνΞ</span> <span class='ocrx_word' id='word_1_252' title='bbox 562 1686 651 1714; x_wconf 60' lang='grc' dir='ltr'>ναι</span> <span class='ocrx_word' id='word_1_253' title='bbox 683 1664 879 1728; x_wconf 61' lang='grc' dir='ltr'>μαθητὴν</span> <span class='ocrx_word' id='word_1_254' title='bbox 912 1665 1166 1728; x_wconf 61' lang='grc' dir='ltr'>ἱστορουσῑν·</span> <span class='ocrx_word' id='word_1_255' title='bbox 1191 1658 1254 1709; x_wconf 48' lang='lat' dir='ltr'>“E</span> <span class='ocrx_word' id='word_1_256' title='bbox 1260 1679 1448 1725; x_wconf 61' lang='grc' dir='ltr'>ρμιππος</span> <span class='ocrx_word' id='word_1_257' title='bbox 1483 1657 1527 1707; x_wconf 59' lang='grc' dir='ltr'>οὲ</span> <span class='ocrx_word' id='word_1_258' title='bbox 1602 1710 1676 1738; x_wconf 85' lang='grc' dir='ltr'>και</span> <span class='ocrx_word' id='word_1_259' title='bbox 1701 1709 1801 1748; x_wconf 92' lang='grc' dir='ltr'>νυν,</span> <span class='ocrx_word' id='word_1_260' title='bbox 1825 1693 1880 1743; x_wconf 83' lang='grc' dir='ltr'>ὡς</span> <span class='ocrx_word' id='word_1_261' title='bbox 1898 1689 1997 1752; x_wconf 83' lang='grc' dir='ltr'>ἐμοι</span> <span class='ocrx_word' id='word_1_262' title='bbox 2021 1689 2139 1736; x_wconf 88' lang='grc' dir='ltr'>δοκε</span> <span class='ocrx_word' id='word_1_263' title='bbox 2101 1709 2160 1748; x_wconf 71' lang='grc' dir='ltr'>ε,ι</span> <span class='ocrx_word' id='word_1_264' title='bbox 2182 1687 2372 1736; x_wconf 88' lang='grc' dir='ltr'>δείκνυσι</span> <span class='ocrx_word' id='word_1_265' title='bbox 2388 1707 2521 1736; x_wconf 90' lang='grc' dir='ltr'>πασιν</span> <span class='ocrx_word' id='word_1_266' title='bbox 2538 1686 2776 1754; x_wconf 78' lang='grc' dir='ltr'>ἀνθρώποις</span> <span class='ocrx_word' id='word_1_267' title='bbox 2801 1687 2922 1752; x_wconf 67' lang='grc' dir='ltr'>(καὶ</span> 
     </span>
    </p>
   </div>
   <div class='ocr_carea' id='block_1_6' title="bbox 244 1061 2922 1825">
    <p class='ocr_par' dir='ltr' id='par_1_7' title="bbox 244 750 2911 2690">
     <span class='ocr_line' id='line_1_48' title="bbox 845 1061 918 1106; baseline -0.001 0"><span class='ocrx_word' id='word_1_268' title='bbox 845 1061 918 1106; x_wconf 88' lang='lat'>18.</span> 
     </span>
     <span class='ocr_line' id='line_1_49' title="bbox 244 1732 2922 1825; baseline 0.004 -27"><span class='ocrx_word' id='word_1_269' title='bbox 244 1761 315 1789; x_wconf 66' lang='grc' dir='ltr'>τον</span> <span class='ocrx_word' id='word_1_270' title='bbox 358 1740 527 1805; x_wconf 70' lang='grc' dir='ltr'><strong>Ἇργῑαν</strong></span> <span class='ocrx_word' id='word_1_271' title='bbox 562 1742 604 1786; x_wconf 68' lang='grc' dir='ltr'>ἐν</span> <span class='ocrx_word' id='word_1_272' title='bbox 638 1742 724 1791; x_wconf 68' lang='grc' dir='ltr'>τοῖς</span> <span class='ocrx_word' id='word_1_273' title='bbox 758 1736 972 1801; x_wconf 69' lang='grc' dir='ltr'>Λακρίτου</span> <span class='ocrx_word' id='word_1_274' title='bbox 1003 1739 1077 1782; x_wconf 69' lang='grc' dir='ltr'>τοῦ</span> <span class='ocrx_word' id='word_1_275' title='bbox 1113 1733 1290 1800; x_wconf 66' lang='grc' dir='ltr'>ῥητορος</span> <span class='ocrx_word' id='word_1_276' title='bbox 1330 1732 1527 1794; x_wconf 69' lang='grc' dir='ltr'>μαθητὴν</span> <span class='ocrx_word' id='word_1_277' title='bbox 1601 1783 1661 1810; x_wconf 91' lang='grc' dir='ltr'>νυ</span> <span class='ocrx_word' id='word_1_278' title='bbox 1698 1762 1853 1825; x_wconf 83' lang='grc' dir='ltr'>ὁμοίως</span> <span class='ocrx_word' id='word_1_279' title='bbox 1877 1761 2166 1820; x_wconf 84' lang='grc' dir='ltr'>ἐνδείκνυται,</span> <span class='ocrx_word' id='word_1_280' title='bbox 2192 1763 2258 1811; x_wconf 89' lang='grc' dir='ltr'>Μ.</span> <span class='ocrx_word' id='word_1_281' title='bbox 2282 1762 2486 1809; x_wconf 87' lang='lat' dir='ltr'>Diodor.</span> <span class='ocrx_word' id='word_1_282' title='bbox 2506 1760 2824 1820; x_wconf 78' lang='grc' dir='ltr'>),Μακεδόνας</span> <span class='ocrx_word' id='word_1_283' title='bbox 2842 1761 2922 1816; x_wconf 58' lang='grc' dir='ltr'>εἴ(</span> 
     </span>
    </p>
   </div>
   <div class='ocr_carea' id='block_1_7' title="bbox 243 1153 1529 1682">
    <p class='ocr_par' dir='ltr' id='par_1_8' title="bbox 243 1153 1527 1657">
     <span class='ocr_line' id='line_1_50' title="bbox 309 1153 1527 1218; baseline -0.011 -8"><span class='ocrx_word' id='word_1_284' title='bbox 309 1166 441 1210; x_wconf 89' lang='lat' dir='ltr'>Idem</span> <span class='ocrx_word' id='word_1_285' title='bbox 465 1166 528 1211; x_wconf 81' lang='lat' dir='ltr'>ib</span> <span class='ocrx_word' id='word_1_286' title='bbox 559 1180 599 1207; x_wconf 89' lang='lat' dir='ltr'>c.</span> <span class='ocrx_word' id='word_1_287' title='bbox 625 1162 726 1206; x_wconf 82' lang='lat'><strong>28.-</strong></span> <span class='ocrx_word' id='word_1_288' title='bbox 754 1161 1029 1207; x_wconf 72' lang='lat' dir='ltr'>Oratoribus</span> <span class='ocrx_word' id='word_1_289' title='bbox 1047 1157 1329 1218; x_wconf 82' lang='lat' dir='ltr'>populiscito</span> <span class='ocrx_word' id='word_1_290' title='bbox 1362 1153 1527 1212; x_wconf 85' lang='lat' dir='ltr'>capitis</span> 
     </span>
     <span class='ocr_line' id='line_1_51' title="bbox 244 1221 1524 1296; baseline -0.01 -13"><span class='ocrx_word' id='word_1_291' title='bbox 244 1238 496 1296; x_wconf 84' lang='lat' dir='ltr'>damnatis,</span> <span class='ocrx_word' id='word_1_292' title='bbox 522 1233 851 1280; x_wconf 89' lang='lat' dir='ltr'>Demosthenes</span> <span class='ocrx_word' id='word_1_293' title='bbox 875 1231 982 1295; x_wconf 85' lang='lat' dir='ltr'>fuga</span> <span class='ocrx_word' id='word_1_294' title='bbox 1010 1231 1169 1274; x_wconf 88' lang='lat' dir='ltr'>evasit.</span> <span class='ocrx_word' id='word_1_295' title='bbox 1196 1221 1363 1273; x_wconf 77' lang='grc' dir='ltr'>Ἀλλων</span> <span class='ocrx_word' id='word_1_296' title='bbox 1397 1223 1434 1271; x_wconf 90' lang='grc' dir='ltr'>δ’</span> <span class='ocrx_word' id='word_1_297' title='bbox 1455 1225 1524 1270; x_wconf 86' lang='grc' dir='ltr'>ἀλ-</span> 
     </span>
     <span class='ocr_line' id='line_1_52' title="bbox 243 1297 1527 1378; baseline -0.011 -23"><span class='ocrx_word' id='word_1_298' title='bbox 243 1309 380 1371; x_wconf 81' lang='grc' dir='ltr'>λαχοῦ</span> <span class='ocrx_word' id='word_1_299' title='bbox 409 1303 748 1378; x_wconf 79' lang='grc' dir='ltr'>διασπαρέντων,</span> <span class='ocrx_word' id='word_1_300' title='bbox 785 1306 806 1348; x_wconf 96' lang='lat'>6</span> <span class='ocrx_word' id='word_1_301' title='bbox 832 1301 1102 1374; x_wconf 88' lang='grc' dir='ltr'>Ἀντίπατρος</span> <span class='ocrx_word' id='word_1_302' title='bbox 1133 1297 1401 1363; x_wconf 85' lang='grc' dir='ltr'>περιέπεμπε</span> <span class='ocrx_word' id='word_1_303' title='bbox 1430 1314 1527 1348; x_wconf 88' lang='grc' dir='ltr'>τους</span> 
     </span>
     <span class='ocr_line' id='line_1_53' title="bbox 245 1342 1527 1441; baseline -0.012 -13"><span class='ocrx_word' id='word_1_304' title='bbox 245 1379 655 1441; x_wconf 70' lang='grc' dir='ltr'>συλλαμὸάνοντας,</span> <span class='ocrx_word' id='word_1_305' title='bbox 690 1379 747 1422; x_wconf 78' lang='grc' dir='ltr'>ὧν</span> <span class='ocrx_word' id='word_1_306' title='bbox 786 1372 961 1437; x_wconf 85' lang='grc' dir='ltr'>ἡγεμὼν</span> <span class='ocrx_word' id='word_1_307' title='bbox 991 1376 1042 1429; x_wconf 88' lang='grc' dir='ltr'>ἠν</span> <span class='ocrx_word' id='word_1_308' title='bbox 1075 1370 1269 1435; x_wconf 84' lang='grc' dir='ltr'>Ἀρχίας,</span> <span class='ocrx_word' id='word_1_309' title='bbox 1301 1342 1323 1415; x_wconf 85' lang='lat'>6</span> <span class='ocrx_word' id='word_1_310' title='bbox 1357 1366 1527 1426; x_wconf 90' lang='grc' dir='ltr'>κληθεις</span> 
     </span>
     <span class='ocr_line' id='line_1_54' title="bbox 246 1439 1527 1516; baseline -0.012 -15"><span class='ocrx_word' id='word_1_311' title='bbox 246 1452 571 1516; x_wconf 77' lang='grc' dir='ltr'>Φυγαδοθήρας.</span> <span class='ocrx_word' id='word_1_312' title='bbox 626 1452 788 1498; x_wconf 79' lang='grc' dir='ltr'>Τοῦτον</span> <span class='ocrx_word' id='word_1_313' title='bbox 842 1446 884 1494; x_wconf 84' lang='grc' dir='ltr'>δὲ</span> <span class='ocrx_word' id='word_1_314' title='bbox 937 1444 1118 1509; x_wconf 88' lang='grc' dir='ltr'>Θούριον</span> <span class='ocrx_word' id='word_1_315' title='bbox 1166 1443 1267 1490; x_wconf 84' lang='grc' dir='ltr'>ὄντα</span> <span class='ocrx_word' id='word_1_316' title='bbox 1307 1444 1368 1488; x_wconf 80' lang='grc' dir='ltr'>τῶ</span> <span class='ocrx_word' id='word_1_317' title='bbox 1416 1439 1527 1503; x_wconf 88' lang='grc' dir='ltr'>γένει</span> 
     </span>
     <span class='ocr_line' id='line_1_55' title="bbox 243 1513 1529 1594; baseline -0.01 -21"><span class='ocrx_word' id='word_1_318' title='bbox 243 1525 406 1589; x_wconf 69' lang='grc' dir='ltr'>λόγος’</span> <span class='ocrx_word' id='word_1_319' title='bbox 383 1544 471 1594; x_wconf 59' lang='grc' dir='ltr'>εχει</span> <span class='ocrx_word' id='word_1_320' title='bbox 491 1521 730 1588; x_wconf 88' lang='grc' dir='ltr'>τραγῳδίας</span> <span class='ocrx_word' id='word_1_321' title='bbox 750 1517 1046 1583; x_wconf 79' lang='grc' dir='ltr'>ὑποκρίνεσθαί</span> <span class='ocrx_word' id='word_1_322' title='bbox 1065 1535 1195 1575; x_wconf 91' lang='grc' dir='ltr'>ποτε,</span> <span class='ocrx_word' id='word_1_323' title='bbox 1220 1513 1294 1562; x_wconf 81' lang='grc' dir='ltr'>καὶ</span> <span class='ocrx_word' id='word_1_324' title='bbox 1313 1513 1383 1562; x_wconf 77' lang='grc' dir='ltr'>τὸν</span> <span class='ocrx_word' id='word_1_325' title='bbox 1408 1515 1529 1578; x_wconf 82' lang='grc' dir='ltr'>Αἰγι-</span> 
     </span>
     <span class='ocr_line' id='line_1_56' title="bbox 244 1586 1524 1682; baseline -0.009 -37"><span class='ocrx_word' id='word_1_326' title='bbox 244 1598 375 1657; x_wconf 84' lang='grc' dir='ltr'>νήτην</span> <span class='ocrx_word' id='word_1_327' title='bbox 410 1598 584 1682; x_wconf 81' lang='grc' dir='ltr'>Πῶλον,</span> <span class='ocrx_word' id='word_1_328' title='bbox 620 1594 690 1642; x_wconf 81' lang='grc' dir='ltr'>τὸν</span> <span class='ocrx_word' id='word_1_329' title='bbox 730 1590 1062 1657; x_wconf 76' lang='grc' dir='ltr'>ὑπερὸαλόντα</span> <span class='ocrx_word' id='word_1_330' title='bbox 1067 1593 1120 1655; x_wconf 84' lang='grc' dir='ltr'>τῇ</span> <span class='ocrx_word' id='word_1_331' title='bbox 1168 1588 1298 1653; x_wconf 83' lang='grc' dir='ltr'>τέχνῃ</span> <span class='ocrx_word' id='word_1_332' title='bbox 1334 1586 1524 1646; x_wconf 85' lang='grc' dir='ltr'>πάντας,</span> 
     </span>
    </p>
   </div>
   <div class='ocr_carea' id='block_1_8' title="bbox 246 1804 2935 1977">
    <p class='ocr_par' dir='ltr' id='par_1_9' title="bbox 246 1804 2934 1971">
     <span class='ocr_line' id='line_1_57' title="bbox 246 1804 2934 1903; baseline 0.001 -25"><span class='ocrx_word' id='word_1_333' title='bbox 246 1814 505 1879; x_wconf 57' lang='grc' dir='ltr'>ἀναγράφει</span> <span class='ocrx_word' id='word_1_334' title='bbox 534 1810 780 1875; x_wconf 62' lang='grc' dir='ltr'>Δημητρῑος</span> <span class='ocrx_word' id='word_1_335' title='bbox 807 1809 851 1856; x_wconf 70' lang='grc' dir='ltr'>δὲ</span> <span class='ocrx_word' id='word_1_336' title='bbox 880 1828 954 1866; x_wconf 67' lang='grc' dir='ltr'>της</span> <span class='ocrx_word' id='word_1_337' title='bbox 979 1805 1275 1869; x_wconf 63' lang='grc' dir='ltr'>Αναξῑμένους</span> <span class='ocrx_word' id='word_1_338' title='bbox 1307 1804 1528 1869; x_wconf 60' lang='grc' dir='ltr'>διατριὸἧς</span> <span class='ocrx_word' id='word_1_339' title='bbox 1603 1835 1681 1894; x_wconf 80' lang='grc' dir='ltr'>τὴν</span> <span class='ocrx_word' id='word_1_340' title='bbox 1706 1837 1889 1900; x_wconf 82' lang='grc' dir='ltr'>Περσῶν</span> <span class='ocrx_word' id='word_1_341' title='bbox 1910 1832 2187 1896; x_wconf 75' lang='grc' dir='ltr'>εὐδαιμονίαν</span> <span class='ocrx_word' id='word_1_342' title='bbox 2216 1831 2550 1897; x_wconf 82' lang='grc' dir='ltr'>(ἡγεμονίανῙ).</span> <span class='ocrx_word' id='word_1_343' title='bbox 2565 1834 2579 1897; x_wconf 97' lang='grc'>)</span> <span class='ocrx_word' id='word_1_344' title='bbox 2607 1831 2934 1903; x_wconf 56' lang='grc' dir='ltr'>εἷσοικίσασαρἶξ</span> 
     </span>
     <span class='ocr_line' id='line_1_58' title="bbox 246 1881 2935 1977; baseline -0.001 -21"><span class='ocrx_word' id='word_1_345' title='bbox 246 1884 554 1951; x_wconf 58' lang='grc' dir='ltr'>μετεσχηκέναι</span> <span class='ocrx_word' id='word_1_346' title='bbox 571 1883 697 1948; x_wconf 63' lang='grc' dir='ltr'>φησὶν</span> <span class='ocrx_word' id='word_1_347' title='bbox 723 1881 863 1930; x_wconf 64' lang='grc' dir='ltr'>αὐτον</span> <span class='ocrx_word' id='word_1_348' title='bbox 1604 1908 1711 1957; x_wconf 89' lang='grc' dir='ltr'>διότι</span> <span class='ocrx_word' id='word_1_349' title='bbox 1735 1909 1810 1957; x_wconf 79' lang='grc' dir='ltr'>καὶ</span> <span class='ocrx_word' id='word_1_350' title='bbox 1838 1907 2002 1962; x_wconf 85' lang='grc' dir='ltr'>τούτοις</span> <span class='ocrx_word' id='word_1_351' title='bbox 2031 1925 2170 1955; x_wconf 86' lang='grc' dir='ltr'>ταυτα</span> <span class='ocrx_word' id='word_1_352' title='bbox 2198 1905 2391 1977; x_wconf 84' lang='grc' dir='ltr'>(τούτοις</span> <span class='ocrx_word' id='word_1_353' title='bbox 2410 1909 2438 1964; x_wconf 85' lang='grc' dir='ltr'>ἡ</span> <span class='ocrx_word' id='word_1_354' title='bbox 2467 1905 2582 1971; x_wconf 83' lang='grc' dir='ltr'>τύχη</span> <span class='ocrx_word' id='word_1_355' title='bbox 2617 1910 2677 1956; x_wconf 89' lang='lat' dir='ltr'>D.</span> <span class='ocrx_word' id='word_1_356' title='bbox 2694 1902 2935 1970; x_wconf 63' lang='grc' dir='ltr'>)τιἰγαθᾶ“</span> 
     </span>
    </p>
   </div>
   <div class='ocr_carea' id='block_1_9' title="bbox 1604 1960 2951 2698">
    <p class='ocr_par' dir='ltr' id='par_1_10' title="bbox 1604 1960 2951 2698">
     <span class='ocr_line' id='line_1_59' title="bbox 1604 1960 2931 2046; baseline -0.002 -18"><span class='ocrx_word' id='word_1_357' title='bbox 1604 1980 1842 2046; x_wconf 89' lang='grc' dir='ltr'>κέχρηκεν,</span> <span class='ocrx_word' id='word_1_358' title='bbox 1863 1978 1988 2033; x_wconf 81' lang='grc' dir='ltr'>ἕως</span> <span class='ocrx_word' id='word_1_359' title='bbox 1967 1999 2019 2027; x_wconf 92' lang='grc' dir='ltr'>αν</span> <span class='ocrx_word' id='word_1_360' title='bbox 2045 1978 2153 2027; x_wconf 87' lang='grc' dir='ltr'>ἄλλο</span> <span class='ocrx_word' id='word_1_361' title='bbox 2181 1998 2224 2026; x_wconf 89' lang='grc' dir='ltr'>τι</span> <span class='ocrx_word' id='word_1_362' title='bbox 2258 1978 2544 2045; x_wconf 87' lang='grc' dir='ltr'>βουλεύσηται</span> <span class='ocrx_word' id='word_1_363' title='bbox 2564 1977 2665 2044; x_wconf 71' lang='grc' dir='ltr'>περὶ</span> <span class='ocrx_word' id='word_1_364' title='bbox 2689 1979 2850 2030; x_wconf 77' lang='grc' dir='ltr'>αυτῶν.</span> <span class='ocrx_word' id='word_1_365' title='bbox 2852 1960 2931 2033; x_wconf 56' lang='grc' dir='ltr'>ίὲἑ</span> 
     </span>
     <span class='ocr_line' id='line_1_60' title="bbox 1611 2050 2930 2118; baseline 0 -16"><span class='ocrx_word' id='word_1_366' title='bbox 1611 2059 1634 2078; x_wconf 77' lang='lat'><em>⁶</em></span> <span class='ocrx_word' id='word_1_367' title='bbox 1671 2057 1827 2102; x_wconf 82' lang='grc' dir='ltr'>Ἰαυτα</span> <span class='ocrx_word' id='word_1_368' title='bbox 1861 2052 1938 2116; x_wconf 86' lang='grc' dir='ltr'>μὲν</span> <span class='ocrx_word' id='word_1_369' title='bbox 1967 2054 1989 2099; x_wconf 91' lang='lat'>6</span> <span class='ocrx_word' id='word_1_370' title='bbox 2012 2051 2264 2118; x_wconf 83' lang='grc' dir='ltr'>Δημήτριος</span> <span class='ocrx_word' id='word_1_371' title='bbox 2299 2051 2458 2100; x_wconf 81' lang='grc' dir='ltr'>ὡσανεὶ</span> <span class='ocrx_word' id='word_1_372' title='bbox 2491 2051 2591 2117; x_wconf 84' lang='grc' dir='ltr'>θείῳ</span> <span class='ocrx_word' id='word_1_373' title='bbox 2612 2050 2695 2100; x_wconf 73' lang='grc' dir='ltr'>τινὶ</span> <span class='ocrx_word' id='word_1_374' title='bbox 2718 2050 2930 2116; x_wconf 60' lang='grc' dir='ltr'>στόμαῠῗ</span> 
     </span>
     <span class='ocr_line' id='line_1_61' title="bbox 1606 2123 2930 2191; baseline -0.002 -17"><span class='ocrx_word' id='word_1_375' title='bbox 1606 2125 1705 2191; x_wconf 83' lang='grc' dir='ltr'>περὶ</span> <span class='ocrx_word' id='word_1_376' title='bbox 1725 2145 1801 2172; x_wconf 92' lang='grc' dir='ltr'>του</span> <span class='ocrx_word' id='word_1_377' title='bbox 1831 2123 2061 2188; x_wconf 91' lang='grc' dir='ltr'>μέλλοντος</span> <span class='ocrx_word' id='word_1_378' title='bbox 2083 2124 2402 2191; x_wconf 77' lang='grc' dir='ltr'>πἐφοίὸακεν...</span> <span class='ocrx_word' id='word_1_379' title='bbox 2432 2125 2563 2174; x_wconf 80' lang='grc' dir='ltr'>Δοκεῖ</span> <span class='ocrx_word' id='word_1_380' title='bbox 2583 2123 2668 2191; x_wconf 76' lang='grc' dir='ltr'>γάρ</span> <span class='ocrx_word' id='word_1_381' title='bbox 2689 2142 2764 2188; x_wconf 81' lang='grc' dir='ltr'>μοι</span> <span class='ocrx_word' id='word_1_382' title='bbox 2787 2127 2930 2189; x_wconf 57' lang='grc' dir='ltr'>θειο-’ξζ</span> 
     </span>
     <span class='ocr_line' id='line_1_62' title="bbox 1605 2184 2941 2263; baseline -0.001 -18"><span class='ocrx_word' id='word_1_383' title='bbox 1605 2218 1650 2245; x_wconf 91' lang='grc' dir='ltr'>τε</span> <span class='ocrx_word' id='word_1_384' title='bbox 1631 2197 1734 2263; x_wconf 68' lang='grc' dir='ltr'>έραν</span> <span class='ocrx_word' id='word_1_385' title='bbox 1771 2197 1800 2256; x_wconf 83' lang='grc' dir='ltr'>ἢ</span> <span class='ocrx_word' id='word_1_386' title='bbox 1835 2199 1936 2245; x_wconf 88' lang='grc' dir='ltr'>κατ’</span> <span class='ocrx_word' id='word_1_387' title='bbox 1975 2196 2198 2262; x_wconf 83' lang='grc' dir='ltr'>ἄνθρωπον</span> <span class='ocrx_word' id='word_1_388' title='bbox 2233 2195 2312 2255; x_wconf 83' lang='grc' dir='ltr'>τὴν</span> <span class='ocrx_word' id='word_1_389' title='bbox 2352 2196 2571 2262; x_wconf 83' lang='grc' dir='ltr'>ἀπόφασιν</span> <span class='ocrx_word' id='word_1_390' title='bbox 2608 2184 2941 2255; x_wconf 55' lang='lat' dir='ltr'>eculanum-³}</span> 
     </span>
     <span class='ocr_line' id='line_1_63' title="bbox 1606 2250 2942 2335; baseline 0.001 -19"><span class='ocrx_word' id='word_1_391' title='bbox 1606 2267 1760 2334; x_wconf 85' lang='grc' dir='ltr'>σχεδὸν</span> <span class='ocrx_word' id='word_1_392' title='bbox 1777 2268 1861 2335; x_wconf 83' lang='grc' dir='ltr'>γὰρ</span> <span class='ocrx_word' id='word_1_393' title='bbox 1889 2268 2042 2317; x_wconf 83' lang='grc' dir='ltr'>ἑκατὸν</span> <span class='ocrx_word' id='word_1_394' title='bbox 2069 2289 2144 2316; x_wconf 92' lang='grc' dir='ltr'>και</span> <span class='ocrx_word' id='word_1_395' title='bbox 2169 2268 2438 2324; x_wconf 74' lang='grc' dir='ltr'>πεντήκοντα</span> <span class='ocrx_word' id='word_1_396' title='bbox 2459 2268 2667 2335; x_wconf 78' lang='grc' dir='ltr'>πρότερον</span> <span class='ocrx_word' id='word_1_397' title='bbox 2691 2267 2806 2317; x_wconf 82' lang='grc' dir='ltr'>ἔτεσι</span> <span class='ocrx_word' id='word_1_398' title='bbox 2822 2250 2942 2319; x_wconf 52' lang='grc' dir='ltr'>ἐὖ-’ἒξ</span> 
     </span>
     <span class='ocr_line' id='line_1_64' title="bbox 1605 2321 2939 2408; baseline -0.001 -19"><span class='ocrx_word' id='word_1_399' title='bbox 1605 2342 1770 2402; x_wconf 84' lang='grc' dir='ltr'>ληθὲς’</span> <span class='ocrx_word' id='word_1_400' title='bbox 1750 2361 1832 2389; x_wconf 88' lang='grc' dir='ltr'>απε</span> <span class='ocrx_word' id='word_1_401' title='bbox 1818 2342 2002 2407; x_wconf 77' lang='grc' dir='ltr'>,φήνατο</span> <span class='ocrx_word' id='word_1_402' title='bbox 2023 2341 2123 2408; x_wconf 83' lang='grc' dir='ltr'>περὶ</span> <span class='ocrx_word' id='word_1_403' title='bbox 2159 2345 2245 2389; x_wconf 84' lang='grc' dir='ltr'>τῶν</span> <span class='ocrx_word' id='word_1_404' title='bbox 2280 2340 2431 2389; x_wconf 86' lang='grc' dir='ltr'>ἔπειτα</span> <span class='ocrx_word' id='word_1_405' title='bbox 2455 2339 2818 2404; x_wconf 72' lang='grc' dir='ltr'>συμὸησομένων,</span> <span class='ocrx_word' id='word_1_406' title='bbox 2898 2321 2939 2384; x_wconf 53' lang='grc' dir='ltr'>’ἓ</span> 
     </span>
     <span class='ocr_line' id='line_1_65' title="bbox 1682 2416 2888 2476; baseline -0.001 -13"><span class='ocrx_word' id='word_1_407' title='bbox 1682 2416 2121 2475; x_wconf 63' lang='lat'><strong>1674150=317.</strong></span> <span class='ocrx_word' id='word_1_408' title='bbox 2152 2433 2194 2462; x_wconf 91' lang='lat' dir='ltr'>a.</span> <span class='ocrx_word' id='word_1_409' title='bbox 2222 2418 2298 2464; x_wconf 91' lang='lat' dir='ltr'>C.·</span> <span class='ocrx_word' id='word_1_410' title='bbox 2287 2452 2300 2474; x_wconf 91' lang='lat'>,</span> <span class='ocrx_word' id='word_1_411' title='bbox 2338 2418 2495 2476; x_wconf 87' lang='lat' dir='ltr'>itaque</span> <span class='ocrx_word' id='word_1_412' title='bbox 2529 2417 2658 2462; x_wconf 88' lang='lat' dir='ltr'>hunc</span> <span class='ocrx_word' id='word_1_413' title='bbox 2692 2416 2888 2462; x_wconf 77' lang='lat' dir='ltr'>libella</span> 
     </span>
     <span class='ocr_line' id='line_1_66' title="bbox 1607 2489 2951 2557; baseline -0.001 -21"><span class='ocrx_word' id='word_1_414' title='bbox 1607 2492 1869 2536; x_wconf 86' lang='lat' dir='ltr'>Demetrius</span> <span class='ocrx_word' id='word_1_415' title='bbox 1890 2491 2127 2551; x_wconf 85' lang='lat' dir='ltr'>scripserit</span> <span class='ocrx_word' id='word_1_416' title='bbox 2150 2506 2246 2550; x_wconf 93' lang='lat' dir='ltr'>quo</span> <span class='ocrx_word' id='word_1_417' title='bbox 2267 2499 2481 2555; x_wconf 85' lang='lat' dir='ltr'>tempore</span> <span class='ocrx_word' id='word_1_418' title='bbox 2500 2489 2790 2535; x_wconf 82' lang='lat' dir='ltr'>Athenarum</span> <span class='ocrx_word' id='word_1_419' title='bbox 2807 2494 2920 2535; x_wconf 52' lang='lat' dir='ltr'>erat</span> <span class='ocrx_word' id='word_1_420' title='bbox 2918 2509 2951 2557; x_wconf 61' lang='lat'><em>‘-..‹</em></span> 
     </span>
     <span class='ocr_line' id='line_1_67' title="bbox 1609 2561 2950 2623; baseline -0.001 -14"><span class='ocrx_word' id='word_1_421' title='bbox 1609 2564 1976 2609; x_wconf 86' lang='lat' dir='ltr'>administrator.</span> <span class='ocrx_word' id='word_1_422' title='bbox 2028 2589 2093 2598; x_wconf 92' lang='lat'>——-</span> <span class='ocrx_word' id='word_1_423' title='bbox 2135 2563 2350 2608; x_wconf 88' lang='lat' dir='ltr'>Eundem</span> <span class='ocrx_word' id='word_1_424' title='bbox 2395 2563 2561 2607; x_wconf 84' lang='lat' dir='ltr'>locum·</span> <span class='ocrx_word' id='word_1_425' title='bbox 2597 2577 2657 2607; x_wconf 83' lang='lat' dir='ltr'>ex</span> <span class='ocrx_word' id='word_1_426' title='bbox 2703 2561 2939 2623; x_wconf 36' lang='lat' dir='ltr'>Polybius&amp;</span> <span class='ocrx_word' id='word_1_427' title='bbox 2945 2582 2950 2584; x_wconf 46' lang='lat'><em>⁷</em></span> 
     </span>
     <span class='ocr_line' id='line_1_68' title="bbox 1611 2632 2912 2698; baseline -0.002 -17"><span class='ocrx_word' id='word_1_428' title='bbox 1611 2638 1897 2696; x_wconf 81' lang='lat' dir='ltr'>transcripsit</span> <span class='ocrx_word' id='word_1_429' title='bbox 1917 2636 2160 2681; x_wconf 89' lang='lat' dir='ltr'>Diodorus</span> <span class='ocrx_word' id='word_1_430' title='bbox 2186 2635 2323 2698; x_wconf 85' lang='lat' dir='ltr'>(Exc.</span> <span class='ocrx_word' id='word_1_431' title='bbox 2344 2637 2448 2681; x_wconf 87' lang='lat' dir='ltr'>Vat.</span> <span class='ocrx_word' id='word_1_432' title='bbox 2467 2632 2700 2697; x_wconf 87' lang='lat' dir='ltr'><strong>)XXXI,</strong></span> <span class='ocrx_word' id='word_1_433' title='bbox 2731 2649 2806 2682; x_wconf 84' lang='lat'>10.</span> <span class='ocrx_word' id='word_1_434' title='bbox 2843 2644 2847 2646; x_wconf 73' lang='grc'>’</span> <span class='ocrx_word' id='word_1_435' title='bbox 2909 2645 2912 2646; x_wconf 71' lang='grc'>’</span> 
     </span>
    </p>
   </div>
   <div class='ocr_carea' id='block_1_10' title="bbox 244 1952 1530 2077">
    <p class='ocr_par' dir='ltr' id='par_1_11' title="bbox 244 1952 1530 2076">
     <span class='ocr_line' id='line_1_69' title="bbox 310 1952 1530 2019; baseline -0.007 -14"><span class='ocrx_word' id='word_1_436' title='bbox 310 1962 634 2019; x_wconf 82' lang='lat' dir='ltr'>Fragmentum</span> <span class='ocrx_word' id='word_1_437' title='bbox 667 1957 724 2000; x_wconf 92' lang='lat' dir='ltr'>de</span> <span class='ocrx_word' id='word_1_438' title='bbox 749 1957 963 2000; x_wconf 89' lang='lat' dir='ltr'>AEschine</span> <span class='ocrx_word' id='word_1_439' title='bbox 992 1955 1181 1999; x_wconf 85' lang='lat' dir='ltr'>rhetore</span> <span class='ocrx_word' id='word_1_440' title='bbox 1202 1952 1310 1997; x_wconf 85' lang='lat' dir='ltr'>vide</span> <span class='ocrx_word' id='word_1_441' title='bbox 1341 1953 1391 1996; x_wconf 91' lang='lat' dir='ltr'>in</span> <span class='ocrx_word' id='word_1_442' title='bbox 1422 1952 1530 1997; x_wconf 92' lang='lat' dir='ltr'>Ido-</span> 
     </span>
     <span class='ocr_line' id='line_1_70' title="bbox 244 1995 581 2077; baseline -0.006 -1"><span class='ocrx_word' id='word_1_443' title='bbox 244 2032 391 2076; x_wconf 88' lang='lat' dir='ltr'>menei</span> <span class='ocrx_word' id='word_1_444' title='bbox 400 1995 472 2077; x_wconf 53' lang='lat' dir='ltr'>t,fn</span> <span class='ocrx_word' id='word_1_445' title='bbox 510 2029 581 2074; x_wconf 84' lang='lat'>15.</span> 
     </span>
    </p>
   </div>
   <div class='ocr_carea' id='block_1_11' title="bbox 446 2130 1310 2278">
    <p class='ocr_par' dir='ltr' id='par_1_12' title="bbox 446 2130 1299 2278">
     <span class='ocr_line' id='line_1_71' title="bbox 848 2130 921 2174; baseline 0.027 -15"><span class='ocrx_word' id='word_1_446' title='bbox 848 2130 921 2174; x_wconf 88' lang='lat'>19.</span> 
     </span>
     <span class='ocr_line' id='line_1_72' title="bbox 446 2226 1310 2278; baseline 0 -1"><span class='ocrx_word' id='word_1_447' title='bbox 446 2235 482 2276; x_wconf 91' lang='lat' dir='ltr'>E</span> <span class='ocrx_word' id='word_1_448' title='bbox 517 2232 697 2278; x_wconf 85' lang='lat' dir='ltr'><strong>LIBRO</strong></span> <span class='ocrx_word' id='word_1_449' title='bbox 735 2231 887 2278; x_wconf 85' lang='grc' dir='ltr'>ΠΕΡΙ</span> <span class='ocrx_word' id='word_1_450' title='bbox 924 2231 1050 2277; x_wconf 88' lang='grc' dir='ltr'>ΤΗΣ</span> <span class='ocrx_word' id='word_1_451' title='bbox 1087 2226 1310 2278; x_wconf 87' lang='grc' dir='ltr'>ΤΥΧΗΣ.</span> 
     </span>
    </p>
   </div>
   <div class='ocr_carea' id='block_1_12' title="bbox 243 2346 1532 2701">
    <p class='ocr_par' dir='ltr' id='par_1_13' title="bbox 243 2346 1532 2480">
     <span class='ocr_line' id='line_1_73' title="bbox 307 2346 1532 2430; baseline -0.002 -38"><span class='ocrx_word' id='word_1_452' title='bbox 307 2348 525 2407; x_wconf 83' lang='lat' dir='ltr'>Polybius</span> <span class='ocrx_word' id='word_1_453' title='bbox 548 2346 681 2430; x_wconf 81' lang='lat' dir='ltr'>(Exc.</span> <span class='ocrx_word' id='word_1_454' title='bbox 702 2349 907 2392; x_wconf 84' lang='lat' dir='ltr'>vatican.</span> <span class='ocrx_word' id='word_1_455' title='bbox 920 2347 1133 2407; x_wconf 81' lang='lat' dir='ltr'><strong>)XX1X‚</strong></span> <span class='ocrx_word' id='word_1_456' title='bbox 1154 2346 1203 2406; x_wconf 89' lang='grc'>6,</span> <span class='ocrx_word' id='word_1_457' title='bbox 1219 2363 1261 2403; x_wconf 78' lang='grc' dir='ltr'>ε,</span> <span class='ocrx_word' id='word_1_458' title='bbox 1283 2355 1532 2409; x_wconf 82' lang='lat' dir='ltr'>postquam</span> 
     </span>
     <span class='ocr_line' id='line_1_74' title="bbox 243 2419 1462 2481; baseline 0 -18"><span class='ocrx_word' id='word_1_459' title='bbox 243 2420 302 2465; x_wconf 90' lang='lat' dir='ltr'>de</span> <span class='ocrx_word' id='word_1_460' title='bbox 322 2422 510 2464; x_wconf 89' lang='lat' dir='ltr'>interitu</span> <span class='ocrx_word' id='word_1_461' title='bbox 532 2421 663 2480; x_wconf 85' lang='lat' dir='ltr'>regni</span> <span class='ocrx_word' id='word_1_462' title='bbox 691 2420 981 2464; x_wconf 80' lang='lat' dir='ltr'>Macedonici</span> <span class='ocrx_word' id='word_1_463' title='bbox 1007 2420 1213 2481; x_wconf 79' lang='lat' dir='ltr'>dixerat,</span> <span class='ocrx_word' id='word_1_464' title='bbox 1239 2419 1462 2478; x_wconf 86' lang='lat' dir='ltr'>subjicit:</span> 
     </span>
    </p>

    <p class='ocr_par' dir='ltr' id='par_1_14' title="bbox 245 2488 1530 2701">
     <span class='ocr_line' id='line_1_75' title="bbox 307 2488 1529 2554; baseline -0.002 -15.957"><span class='ocrx_word' id='word_1_465' title='bbox 307 2488 449 2539; x_wconf 69' lang='grc' dir='ltr'>”Ωστε</span> <span class='ocrx_word' id='word_1_466' title='bbox 480 2490 686 2544; x_wconf 82' lang='grc' dir='ltr'>πολλάκις</span> <span class='ocrx_word' id='word_1_467' title='bbox 720 2489 794 2536; x_wconf 84' lang='grc' dir='ltr'>καὶ</span> <span class='ocrx_word' id='word_1_468' title='bbox 827 2491 923 2536; x_wconf 90' lang='grc' dir='ltr'>λίαν</span> <span class='ocrx_word' id='word_1_469' title='bbox 949 2490 1230 2554; x_wconf 87' lang='grc' dir='ltr'>μνημονεύειν</span> <span class='ocrx_word' id='word_1_470' title='bbox 1266 2494 1345 2549; x_wconf 75' lang='grc' dir='ltr'>τῆς</span> <span class='ocrx_word' id='word_1_471' title='bbox 1375 2495 1529 2552; x_wconf 84' lang='grc' dir='ltr'>Δημη-</span> 
     </span>
     <span class='ocr_line' id='line_1_76' title="bbox 245 2562 1530 2629; baseline 0 -20"><span class='ocrx_word' id='word_1_472' title='bbox 245 2563 360 2627; x_wconf 85' lang='grc' dir='ltr'>τρίου</span> <span class='ocrx_word' id='word_1_473' title='bbox 380 2583 453 2610; x_wconf 93' lang='grc' dir='ltr'>του</span> <span class='ocrx_word' id='word_1_474' title='bbox 478 2562 717 2627; x_wconf 85' lang='grc' dir='ltr'>Φαληρέως</span> <span class='ocrx_word' id='word_1_475' title='bbox 738 2567 899 2629; x_wconf 75' lang='grc' dir='ltr'>φωνῆς·</span> <span class='ocrx_word' id='word_1_476' title='bbox 936 2567 1091 2618; x_wconf 81' lang='grc' dir='ltr'>ἐκεῖνος</span> <span class='ocrx_word' id='word_1_477' title='bbox 1124 2563 1207 2628; x_wconf 91' lang='grc' dir='ltr'>γαρ</span> <span class='ocrx_word' id='word_1_478' title='bbox 1236 2565 1278 2611; x_wconf 83' lang='grc' dir='ltr'>ἐν</span> <span class='ocrx_word' id='word_1_479' title='bbox 1304 2566 1366 2629; x_wconf 85' lang='grc' dir='ltr'>τῷ</span> <span class='ocrx_word' id='word_1_480' title='bbox 1393 2562 1530 2628; x_wconf 86' lang='grc' dir='ltr'>Περὶ</span> 
     </span>
     <span class='ocr_line' id='line_1_77' title="bbox 245 2611 1526 2701; baseline 0.001 -20"><span class='ocrx_word' id='word_1_481' title='bbox 245 2640 336 2693; x_wconf 81' lang='grc' dir='ltr'>τ’ῆς</span> <span class='ocrx_word' id='word_1_482' title='bbox 359 2635 519 2699; x_wconf 89' lang='grc' dir='ltr'>τύχης</span> <span class='ocrx_word' id='word_1_483' title='bbox 543 2636 821 2699; x_wconf 79' lang='grc' dir='ltr'>ὑπομνήματι</span> <span class='ocrx_word' id='word_1_484' title='bbox 850 2635 1102 2701; x_wconf 86' lang='grc' dir='ltr'>βουλόμενος</span> <span class='ocrx_word' id='word_1_485' title='bbox 1136 2638 1236 2701; x_wconf 82' lang='grc' dir='ltr'>ἕναρ</span> <span class='ocrx_word' id='word_1_486' title='bbox 1241 2656 1323 2698; x_wconf 88' lang='grc' dir='ltr'>γως</span> <span class='ocrx_word' id='word_1_487' title='bbox 1344 2611 1526 2683; x_wconf 54' lang='lat' dir='ltr'>&#39;amiet-</span> 
     </span>
    </p>
   </div>
   <div class='ocr_carea' id='block_1_13' title="bbox 1607 2770 2908 3535">
    <p class='ocr_par' dir='ltr' id='par_1_15' title="bbox 1607 2770 2906 2877">
     <span class='ocr_line' id='line_1_78' title="bbox 1607 2770 2906 2824; baseline -0.001 -12"><span class='ocrx_word' id='word_1_488' title='bbox 1607 2775 1765 2814; x_wconf 86' lang='lat' dir='ltr'>vertens</span> <span class='ocrx_word' id='word_1_489' title='bbox 1777 2773 1827 2812; x_wconf 83' lang='lat' dir='ltr'>ad</span> <span class='ocrx_word' id='word_1_490' title='bbox 1843 2773 2056 2813; x_wconf 72' lang='lat' dir='ltr'>Alexandri</span> <span class='ocrx_word' id='word_1_491' title='bbox 2071 2774 2251 2823; x_wconf 87' lang='lat' dir='ltr'>tempora</span> <span class='ocrx_word' id='word_1_492' title='bbox 2262 2803 2275 2823; x_wconf 91' lang='lat'>,</span> <span class='ocrx_word' id='word_1_493' title='bbox 2285 2782 2409 2824; x_wconf 87' lang='lat' dir='ltr'>quum</span> <span class='ocrx_word' id='word_1_494' title='bbox 2423 2771 2458 2812; x_wconf 86' lang='lat' dir='ltr'>is</span> <span class='ocrx_word' id='word_1_495' title='bbox 2471 2774 2678 2812; x_wconf 79' lang='lat' dir='ltr'>Persarum</span> <span class='ocrx_word' id='word_1_496' title='bbox 2693 2770 2906 2822; x_wconf 83' lang='lat' dir='ltr'>imperium</span> 
     </span>
     <span class='ocr_line' id='line_1_79' title="bbox 1607 2836 2162 2887; baseline -0.004 -10"><span class='ocrx_word' id='word_1_497' title='bbox 1607 2837 1775 2887; x_wconf 89' lang='lat' dir='ltr'>delevit,</span> <span class='ocrx_word' id='word_1_498' title='bbox 1795 2838 1880 2877; x_wconf 81' lang='lat' dir='ltr'>haec</span> <span class='ocrx_word' id='word_1_499' title='bbox 1902 2836 2024 2876; x_wconf 87' lang='lat' dir='ltr'>verba</span> <span class='ocrx_word' id='word_1_500' title='bbox 2039 2837 2162 2876; x_wconf 85' lang='lat' dir='ltr'>facit.</span> 
     </span>
    </p>

    <p class='ocr_par' dir='ltr' id='par_1_16' title="bbox 1607 2901 2908 3535">
     <span class='ocr_line' id='line_1_80' title="bbox 1661 2901 2907 2953; baseline -0.002 -9.935"><span class='ocrx_word' id='word_1_501' title='bbox 1661 2905 1800 2943; x_wconf 73' lang='lat' dir='ltr'>«Nam</span> <span class='ocrx_word' id='word_1_502' title='bbox 1819 2902 1852 2942; x_wconf 91' lang='lat' dir='ltr'>si</span> <span class='ocrx_word' id='word_1_503' title='bbox 1872 2902 1961 2952; x_wconf 87' lang='lat' dir='ltr'>quis</span> <span class='ocrx_word' id='word_1_504' title='bbox 1983 2901 2091 2942; x_wconf 89' lang='lat' dir='ltr'>haud</span> <span class='ocrx_word' id='word_1_505' title='bbox 2117 2901 2279 2952; x_wconf 88' lang='lat' dir='ltr'>quidem</span> <span class='ocrx_word' id='word_1_506' title='bbox 2305 2902 2544 2941; x_wconf 88' lang='lat' dir='ltr'>immensum</span> <span class='ocrx_word' id='word_1_507' title='bbox 2566 2901 2746 2952; x_wconf 85' lang='lat' dir='ltr'>tempus,</span> <span class='ocrx_word' id='word_1_508' title='bbox 2777 2903 2907 2953; x_wconf 85' lang='lat' dir='ltr'>neque</span> 
     </span>
     <span class='ocr_line' id='line_1_81' title="bbox 1608 2965 2908 3017; baseline 0.001 -11"><span class='ocrx_word' id='word_1_509' title='bbox 1608 2968 1755 3008; x_wconf 91' lang='lat' dir='ltr'>multas</span> <span class='ocrx_word' id='word_1_510' title='bbox 1782 2968 1991 3007; x_wconf 89' lang='lat' dir='ltr'>hominum</span> <span class='ocrx_word' id='word_1_511' title='bbox 2024 2968 2184 3016; x_wconf 84' lang='lat' dir='ltr'>aetates,</span> <span class='ocrx_word' id='word_1_512' title='bbox 2214 2966 2284 3006; x_wconf 89' lang='lat' dir='ltr'>sed</span> <span class='ocrx_word' id='word_1_513' title='bbox 2313 2966 2600 3017; x_wconf 85' lang='lat' dir='ltr'>quinquaginta</span> <span class='ocrx_word' id='word_1_514' title='bbox 2628 2965 2908 3007; x_wconf 83' lang='lat' dir='ltr'>tantummodo</span> 
     </span>
     <span class='ocr_line' id='line_1_82' title="bbox 1608 3032 2907 3084; baseline 0.002 -12"><span class='ocrx_word' id='word_1_515' title='bbox 1608 3035 1701 3074; x_wconf 87' lang='lat' dir='ltr'>ante</span> <span class='ocrx_word' id='word_1_516' title='bbox 1713 3034 1801 3074; x_wconf 85' lang='lat' dir='ltr'>haec</span> <span class='ocrx_word' id='word_1_517' title='bbox 1812 3036 1948 3074; x_wconf 88' lang='lat' dir='ltr'>nostra</span> <span class='ocrx_word' id='word_1_518' title='bbox 1966 3035 2146 3084; x_wconf 88' lang='lat' dir='ltr'>tempora</span> <span class='ocrx_word' id='word_1_519' title='bbox 2158 3044 2283 3073; x_wconf 86' lang='lat' dir='ltr'>annos</span> <span class='ocrx_word' id='word_1_520' title='bbox 2298 3032 2542 3081; x_wconf 80' lang='lat' dir='ltr'>consideret,</span> <span class='ocrx_word' id='word_1_521' title='bbox 2556 3033 2639 3084; x_wconf 78' lang='lat' dir='ltr'>jam</span> <span class='ocrx_word' id='word_1_522' title='bbox 2654 3032 2749 3073; x_wconf 90' lang='lat' dir='ltr'>hinc</span> <span class='ocrx_word' id='word_1_523' title='bbox 2758 3064 2770 3084; x_wconf 95' lang='lat'>,</span> <span class='ocrx_word' id='word_1_524' title='bbox 2783 3044 2907 3084; x_wconf 88' lang='lat' dir='ltr'>quam</span> 
     </span>
     <span class='ocr_line' id='line_1_83' title="bbox 1607 3097 2904 3150; baseline 0.002 -13"><span class='ocrx_word' id='word_1_525' title='bbox 1607 3098 1708 3138; x_wconf 88' lang='lat' dir='ltr'>dura</span> <span class='ocrx_word' id='word_1_526' title='bbox 1722 3098 1772 3138; x_wconf 87' lang='lat' dir='ltr'>sit</span> <span class='ocrx_word' id='word_1_527' title='bbox 1789 3098 1972 3147; x_wconf 81' lang='lat' dir='ltr'>fortuna,</span> <span class='ocrx_word' id='word_1_528' title='bbox 1989 3099 2188 3147; x_wconf 82' lang='lat' dir='ltr'>agnoscet.</span> <span class='ocrx_word' id='word_1_529' title='bbox 2213 3098 2317 3137; x_wconf 88' lang='lat' dir='ltr'>Ante</span> <span class='ocrx_word' id='word_1_530' title='bbox 2332 3108 2456 3138; x_wconf 91' lang='lat' dir='ltr'>annos</span> <span class='ocrx_word' id='word_1_531' title='bbox 2472 3097 2578 3138; x_wconf 88' lang='lat' dir='ltr'>enim</span> <span class='ocrx_word' id='word_1_532' title='bbox 2590 3097 2880 3148; x_wconf 74' lang='lat' dir='ltr'>quinquaginta</span> <span class='ocrx_word' id='word_1_533' title='bbox 2890 3122 2904 3150; x_wconf 79' lang='lat'>,</span> 
     </span>
     <span class='ocr_line' id='line_1_84' title="bbox 1608 3159 2908 3214; baseline 0.002 -12"><span class='ocrx_word' id='word_1_534' title='bbox 1608 3162 1807 3214; x_wconf 84' lang='lat' dir='ltr'>putatisne</span> <span class='ocrx_word' id='word_1_535' title='bbox 1842 3163 1907 3203; x_wconf 86' lang='lat' dir='ltr'>vel</span> <span class='ocrx_word' id='word_1_536' title='bbox 1949 3165 2086 3202; x_wconf 87' lang='lat' dir='ltr'>Persas</span> <span class='ocrx_word' id='word_1_537' title='bbox 2115 3173 2300 3212; x_wconf 83' lang='lat' dir='ltr'>regemve</span> <span class='ocrx_word' id='word_1_538' title='bbox 2323 3166 2557 3213; x_wconf 86' lang='lat' dir='ltr'>Persarum,</span> <span class='ocrx_word' id='word_1_539' title='bbox 2581 3163 2645 3203; x_wconf 86' lang='lat' dir='ltr'>vel</span> <span class='ocrx_word' id='word_1_540' title='bbox 2674 3159 2908 3204; x_wconf 71' lang='lat' dir='ltr'>Macedones</span> 
     </span>
     <span class='ocr_line' id='line_1_85' title="bbox 1609 3225 2906 3277; baseline 0.002 -11"><span class='ocrx_word' id='word_1_541' title='bbox 1609 3237 1799 3266; x_wconf 88' lang='lat' dir='ltr'>eorumve</span> <span class='ocrx_word' id='word_1_542' title='bbox 1818 3237 1976 3277; x_wconf 83' lang='lat' dir='ltr'>regem,</span> <span class='ocrx_word' id='word_1_543' title='bbox 1996 3226 2029 3266; x_wconf 88' lang='lat' dir='ltr'>si</span> <span class='ocrx_word' id='word_1_544' title='bbox 2052 3226 2140 3276; x_wconf 88' lang='lat' dir='ltr'>quis</span> <span class='ocrx_word' id='word_1_545' title='bbox 2155 3225 2278 3266; x_wconf 89' lang='lat' dir='ltr'>deus</span> <span class='ocrx_word' id='word_1_546' title='bbox 2267 3226 2360 3277; x_wconf 81' lang='lat' dir='ltr'>ipsis</span> <span class='ocrx_word' id='word_1_547' title='bbox 2375 3227 2510 3267; x_wconf 82' lang='lat' dir='ltr'>sutura</span> <span class='ocrx_word' id='word_1_548' title='bbox 2537 3228 2616 3267; x_wconf 79' lang='lat' dir='ltr'>fata</span> <span class='ocrx_word' id='word_1_549' title='bbox 2632 3226 2906 3276; x_wconf 76' lang='lat' dir='ltr'>revelavisset,</span> 
     </span>
     <span class='ocr_line' id='line_1_86' title="bbox 1609 3289 2908 3342; baseline -0.001 -11"><span class='ocrx_word' id='word_1_550' title='bbox 1609 3291 1832 3342; x_wconf 83' lang='lat' dir='ltr'>putatisne,</span> <span class='ocrx_word' id='word_1_551' title='bbox 1849 3290 2038 3340; x_wconf 87' lang='lat' dir='ltr'>inquam,</span> <span class='ocrx_word' id='word_1_552' title='bbox 2059 3289 2133 3330; x_wconf 89' lang='lat' dir='ltr'>sibi</span> <span class='ocrx_word' id='word_1_553' title='bbox 2154 3291 2238 3330; x_wconf 82' lang='lat' dir='ltr'>sore</span> <span class='ocrx_word' id='word_1_554' title='bbox 2259 3300 2542 3341; x_wconf 80' lang='lat' dir='ltr'>persuasuros,</span> <span class='ocrx_word' id='word_1_555' title='bbox 2571 3290 2646 3330; x_wconf 87' lang='lat' dir='ltr'>hac</span> <span class='ocrx_word' id='word_1_556' title='bbox 2673 3290 2759 3342; x_wconf 87' lang='lat' dir='ltr'>ipsa</span> <span class='ocrx_word' id='word_1_557' title='bbox 2787 3291 2908 3332; x_wconf 78' lang='lat' dir='ltr'>aetate</span> 
     </span>
     <span class='ocr_line' id='line_1_87' title="bbox 1609 3353 2907 3405; baseline 0 -10"><span class='ocrx_word' id='word_1_558' title='bbox 1609 3366 1660 3395; x_wconf 92' lang='lat' dir='ltr'>ne</span> <span class='ocrx_word' id='word_1_559' title='bbox 1676 3365 1823 3394; x_wconf 91' lang='lat' dir='ltr'>nomen</span> <span class='ocrx_word' id='word_1_560' title='bbox 1842 3353 2004 3404; x_wconf 89' lang='lat' dir='ltr'>quidem</span> <span class='ocrx_word' id='word_1_561' title='bbox 2031 3356 2242 3394; x_wconf 85' lang='lat' dir='ltr'>Persarum</span> <span class='ocrx_word' id='word_1_562' title='bbox 2260 3355 2585 3405; x_wconf 82' lang='lat' dir='ltr'>superfuturum,</span> <span class='ocrx_word' id='word_1_563' title='bbox 2606 3354 2676 3405; x_wconf 90' lang='lat' dir='ltr'>qui</span> <span class='ocrx_word' id='word_1_564' title='bbox 2698 3355 2784 3394; x_wconf 89' lang='lat' dir='ltr'>tum</span> <span class='ocrx_word' id='word_1_565' title='bbox 2813 3353 2907 3395; x_wconf 82' lang='lat' dir='ltr'>uni·</span> 
     </span>
     <span class='ocr_line' id='line_1_88' title="bbox 1609 3418 2907 3469; baseline 0.001 -10"><span class='ocrx_word' id='word_1_566' title='bbox 1609 3431 1727 3460; x_wconf 85' lang='lat' dir='ltr'>verso</span> <span class='ocrx_word' id='word_1_567' title='bbox 1750 3419 1831 3460; x_wconf 82' lang='lat' dir='ltr'>sere</span> <span class='ocrx_word' id='word_1_568' title='bbox 1852 3418 1940 3459; x_wconf 90' lang='lat' dir='ltr'>orbi</span> <span class='ocrx_word' id='word_1_569' title='bbox 1961 3418 2291 3469; x_wconf 79' lang='lat' dir='ltr'>dominabantur3</span> <span class='ocrx_word' id='word_1_570' title='bbox 2315 3419 2549 3460; x_wconf 79' lang='lat' dir='ltr'>Macedones</span> <span class='ocrx_word' id='word_1_571' title='bbox 2572 3421 2704 3463; x_wconf 84' lang='lat' dir='ltr'>autem</span> <span class='ocrx_word' id='word_1_572' title='bbox 2726 3418 2907 3461; x_wconf 77' lang='lat' dir='ltr'>omnium</span> 
     </span>
     <span class='ocr_line' id='line_1_89' title="bbox 1611 3483 2907 3535; baseline 0.001 -11"><span class='ocrx_word' id='word_1_573' title='bbox 1611 3495 1745 3524; x_wconf 90' lang='lat' dir='ltr'>rerum</span> <span class='ocrx_word' id='word_1_574' title='bbox 1776 3485 1994 3535; x_wconf 89' lang='lat' dir='ltr'>potituros,</span> <span class='ocrx_word' id='word_1_575' title='bbox 2015 3494 2188 3534; x_wconf 88' lang='lat' dir='ltr'>quorum</span> <span class='ocrx_word' id='word_1_576' title='bbox 2211 3495 2259 3524; x_wconf 93' lang='lat' dir='ltr'>eo</span> <span class='ocrx_word' id='word_1_577' title='bbox 2287 3488 2467 3535; x_wconf 88' lang='lat' dir='ltr'>tempore</span> <span class='ocrx_word' id='word_1_578' title='bbox 2495 3490 2546 3524; x_wconf 87' lang='lat' dir='ltr'>ne</span> <span class='ocrx_word' id='word_1_579' title='bbox 2571 3493 2717 3524; x_wconf 88' lang='lat' dir='ltr'>nomen</span> <span class='ocrx_word' id='word_1_580' title='bbox 2745 3483 2907 3535; x_wconf 77' lang='lat' dir='ltr'>quidem</span> 
     </span>
    </p>
   </div>
   <div class='ocr_carea' id='block_1_14' title="bbox 250 2774 1534 3148">
    <p class='ocr_par' dir='ltr' id='par_1_17' title="bbox 250 2774 1534 3148">
     <span class='ocr_line' id='line_1_90' title="bbox 250 2774 1529 2826; baseline 0.003 -15"><span class='ocrx_word' id='word_1_581' title='bbox 250 2774 384 2813; x_wconf 82' lang='lat' dir='ltr'>disse:</span> <span class='ocrx_word' id='word_1_582' title='bbox 419 2776 468 2814; x_wconf 85' lang='lat' dir='ltr'>At</span> <span class='ocrx_word' id='word_1_583' title='bbox 484 2778 529 2814; x_wconf 88' lang='lat' dir='ltr'>tu</span> <span class='ocrx_word' id='word_1_584' title='bbox 560 2775 718 2824; x_wconf 89' lang='lat' dir='ltr'>quidem</span> <span class='ocrx_word' id='word_1_585' title='bbox 743 2776 838 2815; x_wconf 82' lang='lat' dir='ltr'>nihil</span> <span class='ocrx_word' id='word_1_586' title='bbox 862 2787 1001 2816; x_wconf 83' lang='lat' dir='ltr'>eorum</span> <span class='ocrx_word' id='word_1_587' title='bbox 1020 2787 1112 2826; x_wconf 87' lang='lat' dir='ltr'>quae</span> <span class='ocrx_word' id='word_1_588' title='bbox 1139 2787 1277 2816; x_wconf 87' lang='lat' dir='ltr'>narras</span> <span class='ocrx_word' id='word_1_589' title='bbox 1304 2786 1443 2826; x_wconf 89' lang='lat' dir='ltr'>passus</span> <span class='ocrx_word' id='word_1_590' title='bbox 1471 2786 1529 2815; x_wconf 86' lang='lat' dir='ltr'>es.</span> 
     </span>
     <span class='ocr_line' id='line_1_91' title="bbox 251 2837 1532 2891; baseline 0.002 -15"><span class='ocrx_word' id='word_1_591' title='bbox 251 2837 478 2877; x_wconf 74' lang='lat' dir='ltr'>intendente</span> <span class='ocrx_word' id='word_1_592' title='bbox 494 2849 540 2877; x_wconf 90' lang='lat' dir='ltr'>eo</span> <span class='ocrx_word' id='word_1_593' title='bbox 554 2838 694 2878; x_wconf 89' lang='lat' dir='ltr'>deinde</span> <span class='ocrx_word' id='word_1_594' title='bbox 711 2851 850 2879; x_wconf 88' lang='lat' dir='ltr'>vocem</span> <span class='ocrx_word' id='word_1_595' title='bbox 871 2842 911 2879; x_wconf 88' lang='lat' dir='ltr'>et</span> <span class='ocrx_word' id='word_1_596' title='bbox 926 2841 1154 2880; x_wconf 86' lang='lat' dir='ltr'>clamante:</span> <span class='ocrx_word' id='word_1_597' title='bbox 1171 2843 1253 2891; x_wconf 86' lang='lat' dir='ltr'>Ego</span> <span class='ocrx_word' id='word_1_598' title='bbox 1268 2851 1385 2889; x_wconf 86' lang='lat' dir='ltr'>vero,</span> <span class='ocrx_word' id='word_1_599' title='bbox 1407 2851 1432 2878; x_wconf 95' lang='lat' dir='ltr'>o</span> <span class='ocrx_word' id='word_1_600' title='bbox 1454 2842 1532 2879; x_wconf 90' lang='lat' dir='ltr'>De-</span> 
     </span>
     <span class='ocr_line' id='line_1_92' title="bbox 251 2901 1532 2955; baseline 0.003 -17"><span class='ocrx_word' id='word_1_601' title='bbox 251 2901 497 2949; x_wconf 75' lang='lat' dir='ltr'>mosthenes,</span> <span class='ocrx_word' id='word_1_602' title='bbox 512 2902 605 2941; x_wconf 88' lang='lat' dir='ltr'>nihil</span> <span class='ocrx_word' id='word_1_603' title='bbox 619 2913 757 2952; x_wconf 82' lang='lat' dir='ltr'>passus</span> <span class='ocrx_word' id='word_1_604' title='bbox 770 2906 887 2943; x_wconf 80' lang='lat' dir='ltr'>sum?</span> <span class='ocrx_word' id='word_1_605' title='bbox 904 2904 1075 2944; x_wconf 83' lang='lat' dir='ltr'>dixisse.</span> <span class='ocrx_word' id='word_1_606' title='bbox 1094 2907 1116 2944; x_wconf 87' lang='lat' dir='ltr'>J</span> <span class='ocrx_word' id='word_1_607' title='bbox 1121 2915 1186 2944; x_wconf 90' lang='lat' dir='ltr'>am</span> <span class='ocrx_word' id='word_1_608' title='bbox 1203 2905 1380 2955; x_wconf 79' lang='lat' dir='ltr'>profecto</span> <span class='ocrx_word' id='word_1_609' title='bbox 1401 2903 1532 2943; x_wconf 83' lang='lat' dir='ltr'>homi—</span> 
     </span>
     <span class='ocr_line' id='line_1_93' title="bbox 252 2964 1534 3013; baseline 0.003 -11"><span class='ocrx_word' id='word_1_610' title='bbox 252 2965 312 3003; x_wconf 87' lang='lat' dir='ltr'>nis</span> <span class='ocrx_word' id='word_1_611' title='bbox 332 2964 470 3013; x_wconf 70' lang='lat' dir='ltr'>iniuria</span> <span class='ocrx_word' id='word_1_612' title='bbox 487 2965 614 3004; x_wconf 76' lang='lat' dir='ltr'>affecti</span> <span class='ocrx_word' id='word_1_613' title='bbox 633 2977 767 3005; x_wconf 87' lang='lat' dir='ltr'>vocem</span> <span class='ocrx_word' id='word_1_614' title='bbox 784 2967 914 3005; x_wconf 90' lang='lat' dir='ltr'>audio.</span> <span class='ocrx_word' id='word_1_615' title='bbox 928 2968 1034 3007; x_wconf 87' lang='lat' dir='ltr'>Adeo</span> <span class='ocrx_word' id='word_1_616' title='bbox 1054 2969 1229 3008; x_wconf 90' lang='lat' dir='ltr'>multum</span> <span class='ocrx_word' id='word_1_617' title='bbox 1246 2968 1468 3007; x_wconf 84' lang='lat' dir='ltr'>conducere</span> <span class='ocrx_word' id='word_1_618' title='bbox 1485 2967 1534 3006; x_wconf 86' lang='lat' dir='ltr'>ad</span> 
     </span>
     <span class='ocr_line' id='line_1_94' title="bbox 252 3028 1531 3084; baseline 0.004 -18"><span class='ocrx_word' id='word_1_619' title='bbox 252 3028 370 3067; x_wconf 82' lang='lat' dir='ltr'>tidem</span> <span class='ocrx_word' id='word_1_620' title='bbox 403 3029 615 3068; x_wconf 78' lang='lat' dir='ltr'>faciendam</span> <span class='ocrx_word' id='word_1_621' title='bbox 647 3031 754 3070; x_wconf 89' lang='lat' dir='ltr'>vocis</span> <span class='ocrx_word' id='word_1_622' title='bbox 786 3033 1078 3072; x_wconf 86' lang='lat' dir='ltr'>contentionem</span> <span class='ocrx_word' id='word_1_623' title='bbox 1112 3036 1322 3084; x_wconf 86' lang='lat' dir='ltr'>gestusque</span> <span class='ocrx_word' id='word_1_624' title='bbox 1351 3033 1531 3084; x_wconf 87' lang='lat' dir='ltr'>putabat.</span> 
     </span>
     <span class='ocr_line' id='line_1_95' title="bbox 254 3082 1533 3148; baseline 0.004 -15"><span class='ocrx_word' id='word_1_625' title='bbox 254 3082 491 3133; x_wconf 82' lang='lat' dir='ltr'>Multitudini</span> <span class='ocrx_word' id='word_1_626' title='bbox 522 3105 638 3143; x_wconf 91' lang='lat' dir='ltr'>porro</span> <span class='ocrx_word' id='word_1_627' title='bbox 668 3096 771 3134; x_wconf 88' lang='lat' dir='ltr'>actio</span> <span class='ocrx_word' id='word_1_628' title='bbox 795 3096 915 3147; x_wconf 88' lang='lat' dir='ltr'>ipsius</span> <span class='ocrx_word' id='word_1_629' title='bbox 937 3099 1082 3137; x_wconf 90' lang='lat' dir='ltr'>mirum</span> <span class='ocrx_word' id='word_1_630' title='bbox 1105 3100 1146 3138; x_wconf 93' lang='lat' dir='ltr'>in</span> <span class='ocrx_word' id='word_1_631' title='bbox 1175 3099 1339 3138; x_wconf 90' lang='lat' dir='ltr'>modum</span> <span class='ocrx_word' id='word_1_632' title='bbox 1362 3098 1533 3148; x_wconf 86' lang='lat' dir='ltr'>placuit;</span> 
     </span>
    </p>
   </div>
   <div class='ocr_carea' id='block_1_15' title="bbox 255 3156 1534 3272">
    <p class='ocr_par' dir='ltr' id='par_1_18' title="bbox 255 3156 1534 3272">
     <span class='ocr_line' id='line_1_96' title="bbox 255 3156 1534 3215; baseline 0.006 -19"><span class='ocrx_word' id='word_1_633' title='bbox 255 3157 453 3208; x_wconf 82' lang='lat' dir='ltr'>politiores</span> <span class='ocrx_word' id='word_1_634' title='bbox 462 3156 652 3198; x_wconf 87' lang='lat' dir='ltr'>humilem</span> <span class='ocrx_word' id='word_1_635' title='bbox 667 3170 751 3199; x_wconf 87' lang='lat' dir='ltr'>eam</span> <span class='ocrx_word' id='word_1_636' title='bbox 768 3163 806 3200; x_wconf 90' lang='lat' dir='ltr'>et</span> <span class='ocrx_word' id='word_1_637' title='bbox 822 3161 1018 3212; x_wconf 81' lang='lat' dir='ltr'>indignam</span> <span class='ocrx_word' id='word_1_638' title='bbox 1036 3165 1277 3215; x_wconf 90' lang='lat' dir='ltr'>mollemque</span> <span class='ocrx_word' id='word_1_639' title='bbox 1285 3163 1534 3214; x_wconf 89' lang='lat' dir='ltr'>judicabant,</span> 
     </span>
     <span class='ocr_line' id='line_1_97' title="bbox 256 3221 1164 3272; baseline 0.009 -12"><span class='ocrx_word' id='word_1_640' title='bbox 256 3221 357 3260; x_wconf 89' lang='lat' dir='ltr'>inter</span> <span class='ocrx_word' id='word_1_641' title='bbox 372 3232 471 3272; x_wconf 87' lang='lat' dir='ltr'>quos</span> <span class='ocrx_word' id='word_1_642' title='bbox 489 3223 711 3263; x_wconf 86' lang='lat' dir='ltr'>Demetrius</span> <span class='ocrx_word' id='word_1_643' title='bbox 727 3225 844 3264; x_wconf 86' lang='lat' dir='ltr'>etiam</span> <span class='ocrx_word' id='word_1_644' title='bbox 863 3227 1075 3267; x_wconf 78' lang='lat' dir='ltr'>Phalereus</span> <span class='ocrx_word' id='word_1_645' title='bbox 1090 3230 1164 3268; x_wconf 90' lang='lat' dir='ltr'>est.</span> 
     </span>
    </p>
   </div>
   <div class='ocr_carea' id='block_1_16' title="bbox 860 3327 926 3363">
    <p class='ocr_par' dir='ltr' id='par_1_19' title="bbox 860 3327 926 3363">
     <span class='ocr_line' id='line_1_98' title="bbox 860 3327 926 3363; baseline 0 0"><span class='ocrx_word' id='word_1_646' title='bbox 860 3327 926 3363; x_wconf 78' lang='lat'>18.</span> 
     </span>
    </p>
   </div>
   <div class='ocr_carea' id='block_1_17' title="bbox 259 3406 1537 3532">
    <p class='ocr_par' dir='ltr' id='par_1_20' title="bbox 259 3406 1537 3532">
     <span class='ocr_line' id='line_1_99' title="bbox 310 3406 1537 3469; baseline 0.009 -22"><span class='ocrx_word' id='word_1_647' title='bbox 310 3406 403 3447; x_wconf 79' lang='lat' dir='ltr'>Aliis</span> <span class='ocrx_word' id='word_1_648' title='bbox 417 3406 690 3448; x_wconf 84' lang='lat' dir='ltr'>damnatorum</span> <span class='ocrx_word' id='word_1_649' title='bbox 705 3410 780 3448; x_wconf 90' lang='lat' dir='ltr'>alio</span> <span class='ocrx_word' id='word_1_650' title='bbox 793 3410 963 3461; x_wconf 83' lang='lat' dir='ltr'>dilapsis,</span> <span class='ocrx_word' id='word_1_651' title='bbox 982 3414 1185 3463; x_wconf 85' lang='lat' dir='ltr'>Antipater</span> <span class='ocrx_word' id='word_1_652' title='bbox 1197 3416 1454 3458; x_wconf 87' lang='lat' dir='ltr'>circummisit</span> <span class='ocrx_word' id='word_1_653' title='bbox 1469 3418 1537 3469; x_wconf 93' lang='lat' dir='ltr'>qui</span> 
     </span>
     <span class='ocr_line' id='line_1_100' title="bbox 259 3472 1537 3532; baseline 0.012 -25"><span class='ocrx_word' id='word_1_654' title='bbox 259 3481 326 3508; x_wconf 74' lang='lat' dir='ltr'>eos</span> <span class='ocrx_word' id='word_1_655' title='bbox 336 3473 533 3520; x_wconf 82' lang='lat' dir='ltr'>caperent,</span> <span class='ocrx_word' id='word_1_656' title='bbox 547 3472 719 3522; x_wconf 86' lang='lat' dir='ltr'>principe</span> <span class='ocrx_word' id='word_1_657' title='bbox 735 3473 1012 3523; x_wconf 85' lang='lat' dir='ltr'>inquisitorum</span> <span class='ocrx_word' id='word_1_658' title='bbox 1024 3477 1180 3528; x_wconf 79' lang='lat' dir='ltr'>Archia,</span> <span class='ocrx_word' id='word_1_659' title='bbox 1199 3490 1246 3519; x_wconf 91' lang='lat' dir='ltr'>eo</span> <span class='ocrx_word' id='word_1_660' title='bbox 1258 3481 1326 3530; x_wconf 87' lang='lat' dir='ltr'>qui</span> <span class='ocrx_word' id='word_1_661' title='bbox 1338 3482 1537 3532; x_wconf 83' lang='lat' dir='ltr'>Phygado·</span> 
     </span>
    </p>
   </div>
   <div class='ocr_carea' id='block_1_18' title="bbox 259 3535 2909 3600">
    <p class='ocr_par' dir='ltr' id='par_1_21' title="bbox 259 3535 2909 3600">
     <span class='ocr_line' id='line_1_101' title="bbox 259 3535 2909 3600; baseline 0.005 -26"><span class='ocrx_word' id='word_1_662' title='bbox 259 3536 391 3574; x_wconf 76' lang='lat' dir='ltr'>theras</span> <span class='ocrx_word' id='word_1_663' title='bbox 421 3535 472 3583; x_wconf 87' lang='lat' dir='ltr'>(i.</span> <span class='ocrx_word' id='word_1_664' title='bbox 495 3546 531 3574; x_wconf 89' lang='lat' dir='ltr'>e.</span> <span class='ocrx_word' id='word_1_665' title='bbox 544 3535 1098 3592; x_wconf 73' lang='lat' dir='ltr'>suqittvorumindaqator)</span> <span class='ocrx_word' id='word_1_666' title='bbox 1124 3546 1424 3594; x_wconf 84' lang='lat' dir='ltr'>cognominatus</span> <span class='ocrx_word' id='word_1_667' title='bbox 1447 3548 1535 3587; x_wconf 81' lang='lat' dir='ltr'>suit.</span> <span class='ocrx_word' id='word_1_668' title='bbox 1610 3551 1751 3590; x_wconf 89' lang='lat' dir='ltr'>notum</span> <span class='ocrx_word' id='word_1_669' title='bbox 1764 3551 1878 3590; x_wconf 67' lang='lat' dir='ltr'>erati’</span> <span class='ocrx_word' id='word_1_670' title='bbox 1893 3550 2074 3590; x_wconf 81' lang='lat' dir='ltr'>Profecto</span> <span class='ocrx_word' id='word_1_671' title='bbox 2086 3547 2207 3588; x_wconf 79' lang='lat' dir='ltr'>infida</span> <span class='ocrx_word' id='word_1_672' title='bbox 2217 3550 2293 3589; x_wconf 80' lang='lat' dir='ltr'>ista</span> <span class='ocrx_word' id='word_1_673' title='bbox 2306 3549 2402 3590; x_wconf 84' lang='lat' dir='ltr'>vitae</span> <span class='ocrx_word' id='word_1_674' title='bbox 2422 3550 2569 3594; x_wconf 84' lang='lat' dir='ltr'>nostrae</span> <span class='ocrx_word' id='word_1_675' title='bbox 2588 3548 2747 3588; x_wconf 84' lang='lat' dir='ltr'>fortuna</span> <span class='ocrx_word' id='word_1_676' title='bbox 2760 3549 2909 3600; x_wconf 83' lang='lat' dir='ltr'>,atque</span> 
     </span>
    </p>
   </div>
   <div class='ocr_carea' id='block_1_19' title="bbox 260 3600 2913 4182">
    <p class='ocr_par' dir='ltr' id='par_1_22' title="bbox 260 3600 2908 3973">
     <span class='ocr_line' id='line_1_102' title="bbox 260 3600 2908 3666; baseline 0.005 -26"><span class='ocrx_word' id='word_1_677' title='bbox 260 3602 376 3640; x_wconf 81' lang='lat' dir='ltr'>Hunc</span> <span class='ocrx_word' id='word_1_678' title='bbox 388 3600 578 3640; x_wconf 85' lang='lat' dir='ltr'>Thurium</span> <span class='ocrx_word' id='word_1_679' title='bbox 592 3603 749 3641; x_wconf 88' lang='lat' dir='ltr'>natione</span> <span class='ocrx_word' id='word_1_680' title='bbox 761 3604 969 3653; x_wconf 84' lang='lat' dir='ltr'>aliquando</span> <span class='ocrx_word' id='word_1_681' title='bbox 980 3606 1206 3648; x_wconf 81' lang='lat' dir='ltr'>histrionem</span> <span class='ocrx_word' id='word_1_682' title='bbox 1222 3611 1337 3650; x_wconf 77' lang='lat' dir='ltr'>fuisse</span> <span class='ocrx_word' id='word_1_683' title='bbox 1346 3612 1538 3662; x_wconf 78' lang='lat' dir='ltr'>tragicum</span> <span class='ocrx_word' id='word_1_684' title='bbox 1612 3615 1746 3654; x_wconf 91' lang='lat' dir='ltr'>omnia</span> <span class='ocrx_word' id='word_1_685' title='bbox 1768 3617 1912 3665; x_wconf 83' lang='lat' dir='ltr'>praeter</span> <span class='ocrx_word' id='word_1_686' title='bbox 1933 3613 2158 3665; x_wconf 87' lang='lat' dir='ltr'>opinionem</span> <span class='ocrx_word' id='word_1_687' title='bbox 2179 3615 2357 3654; x_wconf 88' lang='lat' dir='ltr'>nostram</span> <span class='ocrx_word' id='word_1_688' title='bbox 2377 3615 2590 3664; x_wconf 84' lang='lat' dir='ltr'>innovans,</span> <span class='ocrx_word' id='word_1_689' title='bbox 2611 3614 2908 3666; x_wconf 81' lang='lat' dir='ltr'>potentiamque</span> 
     </span>
     <span class='ocr_line' id='line_1_103' title="bbox 261 3663 2908 3740; baseline 0.006 -38"><span class='ocrx_word' id='word_1_690' title='bbox 261 3663 467 3736; x_wconf 74' lang='lat' dir='ltr'>perhibent</span> <span class='ocrx_word' id='word_1_691' title='bbox 482 3693 493 3711; x_wconf 89' lang='lat'><strong>‚</strong></span> <span class='ocrx_word' id='word_1_692' title='bbox 510 3666 550 3703; x_wconf 86' lang='lat' dir='ltr'>et</span> <span class='ocrx_word' id='word_1_693' title='bbox 565 3666 702 3736; x_wconf 77' lang='lat' dir='ltr'>Polum</span> <span class='ocrx_word' id='word_1_694' title='bbox 734 3666 972 3735; x_wconf 61' lang='lat' dir='ltr'>AEginetam‚</span> <span class='ocrx_word' id='word_1_695' title='bbox 998 3670 1066 3719; x_wconf 92' lang='lat' dir='ltr'>qui</span> <span class='ocrx_word' id='word_1_696' title='bbox 1082 3682 1128 3710; x_wconf 90' lang='lat' dir='ltr'>eo</span> <span class='ocrx_word' id='word_1_697' title='bbox 1148 3673 1315 3713; x_wconf 83' lang='lat' dir='ltr'>artificio</span> <span class='ocrx_word' id='word_1_698' title='bbox 1340 3676 1538 3717; x_wconf 87' lang='lat' dir='ltr'>neminem</span> <span class='ocrx_word' id='word_1_699' title='bbox 1573 3720 1578 3740; x_wconf 43' lang='grc' dir='ltr'>Ι</span> <span class='ocrx_word' id='word_1_700' title='bbox 1612 3689 1726 3719; x_wconf 89' lang='lat' dir='ltr'>suam</span> <span class='ocrx_word' id='word_1_701' title='bbox 1748 3675 1958 3728; x_wconf 88' lang='lat' dir='ltr'>inopinatis</span> <span class='ocrx_word' id='word_1_702' title='bbox 1981 3673 2138 3717; x_wconf 85' lang='lat' dir='ltr'>casibus</span> <span class='ocrx_word' id='word_1_703' title='bbox 2155 3677 2415 3728; x_wconf 80' lang='lat' dir='ltr'>patefaciens,</span> <span class='ocrx_word' id='word_1_704' title='bbox 2434 3672 2558 3718; x_wconf 88' lang='lat' dir='ltr'>etiam</span> <span class='ocrx_word' id='word_1_705' title='bbox 2586 3687 2715 3731; x_wconf 79' lang='lat' dir='ltr'>nunc,</span> <span class='ocrx_word' id='word_1_706' title='bbox 2734 3677 2781 3717; x_wconf 87' lang='lat' dir='ltr'>ut</span> <span class='ocrx_word' id='word_1_707' title='bbox 2801 3671 2908 3721; x_wconf 80' lang='lat' dir='ltr'>arbi-</span> 
     </span>
     <span class='ocr_line' id='line_1_104' title="bbox 261 3726 2893 3795; baseline 0.006 -30"><span class='ocrx_word' id='word_1_708' title='bbox 261 3726 397 3766; x_wconf 78' lang='lat' dir='ltr'>habuit</span> <span class='ocrx_word' id='word_1_709' title='bbox 413 3737 563 3777; x_wconf 84' lang='lat' dir='ltr'>parem,</span> <span class='ocrx_word' id='word_1_710' title='bbox 584 3728 702 3778; x_wconf 75' lang='lat' dir='ltr'>hujus</span> <span class='ocrx_word' id='word_1_711' title='bbox 716 3729 932 3779; x_wconf 79' lang='lat' dir='ltr'>dicipulum</span> <span class='ocrx_word' id='word_1_712' title='bbox 952 3731 1080 3772; x_wconf 78' lang='lat' dir='ltr'>fuisse.</span> <span class='ocrx_word' id='word_1_713' title='bbox 1105 3736 1337 3788; x_wconf 82' lang='lat' dir='ltr'>Hermippus</span> <span class='ocrx_word' id='word_1_714' title='bbox 1355 3739 1539 3781; x_wconf 85' lang='lat' dir='ltr'>Archiam</span> <span class='ocrx_word' id='word_1_715' title='bbox 1574 3742 1579 3765; x_wconf 88' lang='lat'><strong>¹</strong></span> <span class='ocrx_word' id='word_1_716' title='bbox 1611 3743 1711 3793; x_wconf 81' lang='lat' dir='ltr'>tror,</span> <span class='ocrx_word' id='word_1_717' title='bbox 1733 3741 1888 3782; x_wconf 77' lang='lat' dir='ltr'>cunctis</span> <span class='ocrx_word' id='word_1_718' title='bbox 1906 3741 2135 3783; x_wconf 86' lang='lat' dir='ltr'>hominibus</span> <span class='ocrx_word' id='word_1_719' title='bbox 2153 3741 2462 3795; x_wconf 73' lang='lat' dir='ltr'>demonstravit,</span> <span class='ocrx_word' id='word_1_720' title='bbox 2486 3742 2582 3783; x_wconf 90' lang='lat' dir='ltr'>dum</span> <span class='ocrx_word' id='word_1_721' title='bbox 2602 3741 2809 3783; x_wconf 84' lang='lat' dir='ltr'>Persarum</span> <span class='ocrx_word' id='word_1_722' title='bbox 2829 3741 2893 3784; x_wconf 75' lang='lat' dir='ltr'>rell</span> 
     </span>
     <span class='ocr_line' id='line_1_105' title="bbox 261 3791 2903 3863; baseline 0.007 -33"><span class='ocrx_word' id='word_1_723' title='bbox 261 3792 363 3860; x_wconf 77' lang='lat' dir='ltr'>inter</span> <span class='ocrx_word' id='word_1_724' title='bbox 384 3791 526 3863; x_wconf 70' lang='lat' dir='ltr'>Lacr-iti</span> <span class='ocrx_word' id='word_1_725' title='bbox 539 3793 705 3832; x_wconf 79' lang='lat' dir='ltr'>oratoris</span> <span class='ocrx_word' id='word_1_726' title='bbox 720 3793 928 3844; x_wconf 85' lang='lat' dir='ltr'>discipulos</span> <span class='ocrx_word' id='word_1_727' title='bbox 944 3800 1139 3847; x_wconf 88' lang='lat' dir='ltr'>numerat,</span> <span class='ocrx_word' id='word_1_728' title='bbox 1160 3803 1382 3844; x_wconf 87' lang='lat' dir='ltr'>Demetrius</span> <span class='ocrx_word' id='word_1_729' title='bbox 1398 3807 1541 3846; x_wconf 83' lang='lat' dir='ltr'>Anaxi·</span> <span class='ocrx_word' id='word_1_730' title='bbox 1613 3807 1774 3847; x_wconf 86' lang='lat' dir='ltr'>citatem</span> <span class='ocrx_word' id='word_1_731' title='bbox 1801 3806 1853 3846; x_wconf 89' lang='lat' dir='ltr'>ad</span> <span class='ocrx_word' id='word_1_732' title='bbox 1879 3806 2114 3848; x_wconf 87' lang='lat' dir='ltr'>Macedones</span> <span class='ocrx_word' id='word_1_733' title='bbox 2140 3803 2366 3859; x_wconf 78' lang='lat' dir='ltr'>transtulit,</span> <span class='ocrx_word' id='word_1_734' title='bbox 2390 3807 2460 3847; x_wconf 88' lang='lat' dir='ltr'>hos</span> <span class='ocrx_word' id='word_1_735' title='bbox 2479 3817 2641 3858; x_wconf 89' lang='lat' dir='ltr'>quoque</span> <span class='ocrx_word' id='word_1_736' title='bbox 2670 3805 2824 3847; x_wconf 84' lang='lat' dir='ltr'>tamdiu</span> <span class='ocrx_word' id='word_1_737' title='bbox 2838 3796 2903 3848; x_wconf 79' lang='lat' dir='ltr'>&#39;h‘</span> 
     </span>
     <span class='ocr_line' id='line_1_106' title="bbox 262 3854 2889 3921; baseline -0 -11"><span class='ocrx_word' id='word_1_738' title='bbox 262 3864 387 3894; x_wconf 69' lang='lat' dir='ltr'>m⁸⁰¹⁸</span> <span class='ocrx_word' id='word_1_739' title='bbox 400 3854 620 3895; x_wconf 61' lang='lat' dir='ltr'><strong>⁸⁰d¹¹⁰fe¹¹¹</strong></span> <span class='ocrx_word' id='word_1_740' title='bbox 640 3856 756 3897; x_wconf 67' lang='lat' dir='ltr'>s⁰¹⁸⁸⁸</span> <span class='ocrx_word' id='word_1_741' title='bbox 770 3857 903 3897; x_wconf 63' lang='lat' dir='ltr'>tradit·</span> <span class='ocrx_word' id='word_1_742' title='bbox 1614 3869 1729 3910; x_wconf 85' lang='lat' dir='ltr'>bonis</span> <span class='ocrx_word' id='word_1_743' title='bbox 1743 3882 1794 3911; x_wconf 82' lang='lat' dir='ltr'>ex</span> <span class='ocrx_word' id='word_1_744' title='bbox 1808 3876 1995 3910; x_wconf 82' lang='lat' dir='ltr'>concessu</span> <span class='ocrx_word' id='word_1_745' title='bbox 2012 3870 2088 3910; x_wconf 81' lang='lat' dir='ltr'>frui</span> <span class='ocrx_word' id='word_1_746' title='bbox 2103 3870 2348 3921; x_wconf 88' lang='lat' dir='ltr'>permittens,</span> <span class='ocrx_word' id='word_1_747' title='bbox 2358 3869 2484 3911; x_wconf 86' lang='lat' dir='ltr'>donec</span> <span class='ocrx_word' id='word_1_748' title='bbox 2493 3869 2608 3910; x_wconf 88' lang='lat' dir='ltr'>aliter</span> <span class='ocrx_word' id='word_1_749' title='bbox 2621 3864 2727 3910; x_wconf 85' lang='lat' dir='ltr'>deiis</span> <span class='ocrx_word' id='word_1_750' title='bbox 2737 3867 2857 3911; x_wconf 84' lang='lat' dir='ltr'>statu</span> <span class='ocrx_word' id='word_1_751' title='bbox 2878 3891 2889 3909; x_wconf 52' lang='grc' dir='ltr'>ι</span> 
     </span>
     <span class='ocr_line' id='line_1_107' title="bbox 1614 3933 1921 3973; baseline 0 -1"><span class='ocrx_word' id='word_1_752' title='bbox 1614 3933 1648 3973; x_wconf 88' lang='lat' dir='ltr'>ei</span> <span class='ocrx_word' id='word_1_753' title='bbox 1670 3933 1880 3973; x_wconf 85' lang='lat' dir='ltr'>videbitur.</span> <span class='ocrx_word' id='word_1_754' title='bbox 1901 3946 1921 3967; x_wconf 72' lang='grc' dir='ltr'><strong>υ</strong></span> 
     </span>
    </p>

    <p class='ocr_par' dir='ltr' id='par_1_23' title="bbox 872 3959 2891 4049">
     <span class='ocr_line' id='line_1_108' title="bbox 872 3959 2891 4049; baseline 0 -11"><span class='ocrx_word' id='word_1_755' title='bbox 872 3959 937 3999; x_wconf 65' lang='lat'>¹9⁶</span> <span class='ocrx_word' id='word_1_756' title='bbox 1667 4001 1763 4038; x_wconf 82' lang='lat' dir='ltr'>Haec</span> <span class='ocrx_word' id='word_1_757' title='bbox 1777 3997 2006 4039; x_wconf 86' lang='lat' dir='ltr'>Demetrius</span> <span class='ocrx_word' id='word_1_758' title='bbox 2019 3995 2153 4038; x_wconf 85' lang='lat' dir='ltr'>divino</span> <span class='ocrx_word' id='word_1_759' title='bbox 2168 3997 2342 4049; x_wconf 87' lang='lat' dir='ltr'>quodam</span> <span class='ocrx_word' id='word_1_760' title='bbox 2365 4009 2434 4038; x_wconf 89' lang='lat' dir='ltr'>ore</span> <span class='ocrx_word' id='word_1_761' title='bbox 2448 4009 2495 4038; x_wconf 90' lang='lat' dir='ltr'>ac</span> <span class='ocrx_word' id='word_1_762' title='bbox 2511 3993 2633 4039; x_wconf 80' lang='lat' dir='ltr'>veluti</span> <span class='ocrx_word' id='word_1_763' title='bbox 2648 3991 2699 4038; x_wconf 85' lang='lat' dir='ltr'>de</span> <span class='ocrx_word' id='word_1_764' title='bbox 2720 3991 2846 4048; x_wconf 71' lang='lat' dir='ltr'>Apoll·</span> <span class='ocrx_word' id='word_1_765' title='bbox 2862 4016 2865 4030; x_wconf 71' lang='grc' dir='ltr'>ι</span> <span class='ocrx_word' id='word_1_766' title='bbox 2879 4039 2891 4048; x_wconf 62' lang='lat'><strong>‚</strong></span> 
     </span>
    </p>

    <p class='ocr_par' dir='ltr' id='par_1_24' title="bbox 267 4042 2913 4180">
     <span class='ocr_line' id='line_1_109' title="bbox 315 4042 2913 4119; baseline 0.009 -40"><span class='ocrx_word' id='word_1_767' title='bbox 315 4042 415 4086; x_wconf 81' lang='lat' dir='ltr'>Quae</span> <span class='ocrx_word' id='word_1_768' title='bbox 441 4052 566 4092; x_wconf 89' lang='lat' dir='ltr'>quum</span> <span class='ocrx_word' id='word_1_769' title='bbox 594 4043 648 4082; x_wconf 86' lang='lat' dir='ltr'>ita</span> <span class='ocrx_word' id='word_1_770' title='bbox 679 4043 867 4094; x_wconf 86' lang='lat' dir='ltr'>habeant,</span> <span class='ocrx_word' id='word_1_771' title='bbox 891 4057 995 4097; x_wconf 77' lang='lat' dir='ltr'>saepe</span> <span class='ocrx_word' id='word_1_772' title='bbox 1025 4049 1206 4099; x_wconf 81' lang='lat' dir='ltr'>equidem</span> <span class='ocrx_word' id='word_1_773' title='bbox 1236 4064 1282 4092; x_wconf 88' lang='lat' dir='ltr'>ac</span> <span class='ocrx_word' id='word_1_774' title='bbox 1312 4065 1544 4108; x_wconf 82' lang='lat' dir='ltr'>magnopere</span> <span class='ocrx_word' id='word_1_775' title='bbox 1614 4061 1769 4112; x_wconf 86' lang='lat' dir='ltr'>tripode</span> <span class='ocrx_word' id='word_1_776' title='bbox 1799 4059 2036 4101; x_wconf 82' lang='lat' dir='ltr'>vaticinatus</span> <span class='ocrx_word' id='word_1_777' title='bbox 2062 4062 2148 4112; x_wconf 69' lang='grc' dir='ltr'>θεὶς</span> <span class='ocrx_word' id='word_1_778' title='bbox 2177 4057 2246 4112; x_wconf 86' lang='lat' dir='ltr'>qui</span> <span class='ocrx_word' id='word_1_779' title='bbox 2282 4067 2377 4102; x_wconf 83' lang='lat' dir='ltr'>sane</span> <span class='ocrx_word' id='word_1_780' title='bbox 2413 4056 2512 4102; x_wconf 86' lang='lat' dir='ltr'>mihi</span> <span class='ocrx_word' id='word_1_781' title='bbox 2549 4057 2708 4101; x_wconf 81' lang='lat' dir='ltr'>videtur</span> <span class='ocrx_word' id='word_1_782' title='bbox 2737 4058 2913 4119; x_wconf 80' lang='lat' dir='ltr'>divin&#39;.‘</span> 
     </span>
     <span class='ocr_line' id='line_1_110' title="bbox 267 4105 2911 4182; baseline 0.008 -37"><span class='ocrx_word' id='word_1_783' title='bbox 267 4106 398 4143; x_wconf 80' lang='lat' dir='ltr'>mente</span> <span class='ocrx_word' id='word_1_784' title='bbox 415 4105 559 4144; x_wconf 83' lang='lat' dir='ltr'>recolui</span> <span class='ocrx_word' id='word_1_785' title='bbox 579 4106 753 4147; x_wconf 78' lang='lat' dir='ltr'>Phalerei</span> <span class='ocrx_word' id='word_1_786' title='bbox 776 4110 961 4149; x_wconf 85' lang='lat' dir='ltr'>Demetrii</span> <span class='ocrx_word' id='word_1_787' title='bbox 983 4112 1159 4152; x_wconf 78' lang='lat' dir='ltr'>effatum.</span> <span class='ocrx_word' id='word_1_788' title='bbox 1183 4117 1219 4154; x_wconf 91' lang='lat' dir='ltr'>ls</span> <span class='ocrx_word' id='word_1_789' title='bbox 1234 4117 1336 4157; x_wconf 84' lang='lat' dir='ltr'>enim</span> <span class='ocrx_word' id='word_1_790' title='bbox 1362 4120 1400 4158; x_wconf 90' lang='lat' dir='ltr'>in</span> <span class='ocrx_word' id='word_1_791' title='bbox 1426 4124 1543 4162; x_wconf 72' lang='lat' dir='ltr'>Corn·</span> <span class='ocrx_word' id='word_1_792' title='bbox 1616 4135 1736 4175; x_wconf 85' lang='lat' dir='ltr'>quam</span> <span class='ocrx_word' id='word_1_793' title='bbox 1757 4125 1932 4164; x_wconf 88' lang='lat' dir='ltr'>humana</span> <span class='ocrx_word' id='word_1_794' title='bbox 1948 4123 2122 4165; x_wconf 88' lang='lat' dir='ltr'>conditio</span> <span class='ocrx_word' id='word_1_795' title='bbox 2146 4126 2243 4176; x_wconf 78' lang='lat' dir='ltr'>sert,</span> <span class='ocrx_word' id='word_1_796' title='bbox 2257 4124 2422 4165; x_wconf 84' lang='lat' dir='ltr'>el&#39;t&#39;atum</span> <span class='ocrx_word' id='word_1_797' title='bbox 2437 4121 2626 4176; x_wconf 75' lang='lat' dir='ltr'>edidisse3</span> <span class='ocrx_word' id='word_1_798' title='bbox 2615 4135 2733 4166; x_wconf 90' lang='lat' dir='ltr'>·nam</span> <span class='ocrx_word' id='word_1_799' title='bbox 2749 4112 2838 4182; x_wconf 81' lang='lat' dir='ltr'>cent</span> <span class='ocrx_word' id='word_1_800' title='bbox 2889 4123 2911 4180; x_wconf 36' lang='grc' dir='ltr'>’γ’</span> 
     </span>
    </p>
   </div>
   <div class='ocr_carea' id='block_1_20' title="bbox 268 4167 2920 4269">
    <p class='ocr_par' dir='ltr' id='par_1_25' title="bbox 268 4167 2920 4269">
     <span class='ocr_line' id='line_1_111' title="bbox 268 4167 2920 4269; baseline 0.009 -66"><span class='ocrx_word' id='word_1_801' title='bbox 268 4167 457 4206; x_wconf 75' lang='lat' dir='ltr'>mentatio</span> <span class='ocrx_word' id='word_1_802' title='bbox 472 4169 540 4217; x_wconf 89' lang='lat' dir='ltr'>qui</span> <span class='ocrx_word' id='word_1_803' title='bbox 562 4169 784 4210; x_wconf 81' lang='lat' dir='ltr'>inscribitur</span> <span class='ocrx_word' id='word_1_804' title='bbox 801 4174 857 4211; x_wconf 90' lang='lat' dir='ltr'>De</span> <span class='ocrx_word' id='word_1_805' title='bbox 885 4174 1063 4223; x_wconf 81' lang='lat' dir='ltr'>fortuna,</span> <span class='ocrx_word' id='word_1_806' title='bbox 1079 4175 1175 4216; x_wconf 85' lang='lat' dir='ltr'>dum</span> <span class='ocrx_word' id='word_1_807' title='bbox 1194 4178 1308 4228; x_wconf 79' lang='lat' dir='ltr'>huJus</span> <span class='ocrx_word' id='word_1_808' title='bbox 1330 4184 1414 4221; x_wconf 91' lang='lat' dir='ltr'>vult</span> <span class='ocrx_word' id='word_1_809' title='bbox 1438 4196 1543 4224; x_wconf 90' lang='lat' dir='ltr'>mor-</span> <span class='ocrx_word' id='word_1_810' title='bbox 1579 4219 1584 4269; x_wconf 49' lang='grc' dir='ltr'>γ</span> <span class='ocrx_word' id='word_1_811' title='bbox 1618 4198 1738 4238; x_wconf 85' lang='lat' dir='ltr'>prope</span> <span class='ocrx_word' id='word_1_812' title='bbox 1755 4189 1795 4227; x_wconf 91' lang='lat' dir='ltr'>et</span> <span class='ocrx_word' id='word_1_813' title='bbox 1809 4187 2095 4238; x_wconf 83' lang='lat' dir='ltr'>quinquaginta</span> <span class='ocrx_word' id='word_1_814' title='bbox 2114 4188 2206 4228; x_wconf 88' lang='lat' dir='ltr'>ante</span> <span class='ocrx_word' id='word_1_815' title='bbox 2228 4198 2375 4239; x_wconf 90' lang='lat' dir='ltr'>annos,</span> <span class='ocrx_word' id='word_1_816' title='bbox 2402 4188 2441 4228; x_wconf 87' lang='lat' dir='ltr'>id</span> <span class='ocrx_word' id='word_1_817' title='bbox 2463 4187 2571 4239; x_wconf 89' lang='lat' dir='ltr'>quod</span> <span class='ocrx_word' id='word_1_818' title='bbox 2595 4189 2774 4228; x_wconf 76' lang='lat' dir='ltr'>futurum</span> <span class='ocrx_word' id='word_1_819' title='bbox 2800 4197 2855 4228; x_wconf 88' lang='lat' dir='ltr'>er</span> <span class='ocrx_word' id='word_1_820' title='bbox 2870 4195 2920 4251; x_wconf 55' lang='lat' dir='ltr'>f&#39;.</span> 
     </span>
    </p>
   </div>
   <div class='ocr_carea' id='block_1_21' title="bbox 268 4229 2912 4317">
    <p class='ocr_par' dir='ltr' id='par_1_26' title="bbox 268 4229 2912 4317">
     <span class='ocr_line' id='line_1_112' title="bbox 268 4229 2912 4317; baseline 0.014 -51"><span class='ocrx_word' id='word_1_821' title='bbox 268 4229 410 4274; x_wconf 76' lang='lat' dir='ltr'>talibus</span> <span class='ocrx_word' id='word_1_822' title='bbox 427 4230 626 4272; x_wconf 83' lang='lat' dir='ltr'>evidenter</span> <span class='ocrx_word' id='word_1_823' title='bbox 653 4233 921 4276; x_wconf 86' lang='lat' dir='ltr'>demonstrare</span> <span class='ocrx_word' id='word_1_824' title='bbox 940 4238 1248 4291; x_wconf 77' lang='lat' dir='ltr'>volubilitatem,</span> <span class='ocrx_word' id='word_1_825' title='bbox 1275 4244 1448 4286; x_wconf 89' lang='lat' dir='ltr'>animum</span> <span class='ocrx_word' id='word_1_826' title='bbox 1479 4249 1544 4288; x_wconf 87' lang='lat' dir='ltr'>ad·</span> <span class='ocrx_word' id='word_1_827' title='bbox 1616 4252 1819 4292; x_wconf 84' lang='lat' dir='ltr'>verissime</span> <span class='ocrx_word' id='word_1_828' title='bbox 1834 4252 2067 4293; x_wconf 82' lang='lat' dir='ltr'>enuntiavit.</span> <span class='ocrx_word' id='word_1_829' title='bbox 2901 4284 2912 4317; x_wconf 63' lang='lat'><em>3</em></span> 
     </span>
    </p>
   </div>
  </div>
 </body>
</html>
