3016 4628
1056 322 1137 368 DE
1172 320 1374 370 REBUS
1410 321 1707 372 PUBLICIS.

234 447 270 479 a.
305 427 560 495 Ἀριστείδης
579 429 824 490 ἐπεμελεῖτο
843 427 1054 490 γυναικῶν
1075 426 1319 490 εὐκοσμίας.
1354 427 1443 476 Καὶ

108 503 109 506 ’
167 501 216 550 τὸ
237 501 418 550 παλαιὸν
442 500 554 566 ὕδωρ
578 499 719 548 ἔπινον
742 501 781 547 οἱ
803 499 979 557 παῖδες,
1004 498 1078 546 καὶ
1100 501 1144 546 αἱ
1165 499 1290 563 κόραι
1313 499 1441 564 μέχρι

165 573 320 639 γάμου.

229 661 265 694 4.
299 645 399 694 Ἐπὶ
423 644 468 692 δὲ
490 645 575 699 τοῖς
596 644 849 692 τελευτῶσιν
876 640 994 689 οὐδέν
1021 643 1112 689 ἐστι
1134 641 1282 696 πένθος
1302 644 1344 689 ἐν
1368 643 1438 688 ἀν-

165 716 288 781 δράσι
310 717 408 784 περὶ
432 719 590 775 ἐσθῆτα
610 714 637 774 ἢ
667 713 843 779 κουράν·
875 713 1006 778 μητρὶ
1031 712 1074 760 δὲ
1083 750 1097 774 ,
1121 714 1216 761 νέου
1235 713 1440 771 τελευτή-

165 807 313 844 σαντος
324 828 336 848 ,
356 788 557 843 ἐνιαυτός.

228 876 263 908 5.
298 859 445 918 Οὔσης
465 859 509 906 δὲ
544 859 727 921 ὑγιεινῆς
762 860 839 915 τῆς
867 856 1000 915 νήσου
1033 856 1108 904 καὶ
1143 857 1332 922 εὖγήρων
1356 859 1440 904 τῶν

162 930 414 995 ἀνθρώπων,
439 927 627 993 μάλιστα
652 927 696 976 δὲ
718 931 804 976 τῶν
832 931 1071 993 γυναικῶν,
1095 928 1442 994 οὖπεριμένουσι

158 1001 319 1067 γεραιοὶ
341 1004 562 1061 τελευτᾶν,
585 1000 698 1048 ἀλλὰ
731 1001 831 1066 πρὶν
858 1003 1094 1059 ἀσθενῆσαι
1129 1001 1157 1058 ἢ
1184 1001 1442 1067 πηρωθῆναί

158 1091 199 1119 τι
213 1107 228 1132 ,
253 1075 292 1121 οἱ
313 1072 390 1136 μὲν
417 1073 611 1136 μήκωνι,
631 1075 670 1120 οἱ
691 1072 735 1120 δὲ
760 1072 923 1139 κωνείῳ
941 1071 1113 1126 ἑαυτοὺς
1137 1073 1371 1136 ἐξάγουσιν.

609 1211 668 1258 Χ.
707 1211 977 1259 ΣΑΜΙΩΝ.

221 1342 371 1405 Σάμον
400 1342 448 1390 τὸ
469 1342 545 1405 μὲν
578 1342 620 1398 ἐξ
646 1345 782 1408 ἀρχῆς
812 1341 978 1408 ἐρήμην
1006 1334 1136 1390 οὖσαν
1161 1342 1333 1407 λέγεται
1357 1363 1436 1391 κα·

154 1412 294 1479 τέχειν
319 1416 480 1472 πλῆθος
503 1415 660 1479 θηρίων
687 1414 879 1478 μεγάλην
902 1412 1045 1480 φωνὴν
1074 1413 1305 1479 ἀφιέντων·
1334 1417 1437 1462 ἐκα-

153 1487 302 1535 λοῦντο
319 1486 363 1534 δὲ
387 1486 442 1535 τὰ
461 1486 586 1551 θηρία
607 1482 765 1546 νηΐδες,
787 1490 813 1544 ἡ
833 1484 877 1533 δὲ
896 1490 1023 1545 νῆσος
1043 1486 1262 1551 Παρθενία
1277 1523 1290 1546 ,
1313 1487 1434 1535 ὕστε·

156 1577 226 1623 ρον
245 1557 290 1606 δὲ
309 1561 526 1622 Δρυοῧσα.
1198 1614 1201 1618 ¹

215 1645 252 1677 2.
291 1629 576 1679 Ἐὅασίλευσε
593 1631 629 1676 δ’
647 1631 786 1677 αὐτῶν
806 1629 1019 1692 Ἀγκαῖος,
1038 1631 1110 1695 ἀφ’
1130 1623 1179 1677 οὗ
1195 1630 1270 1684 τὰς
1288 1632 1433 1694 ἀμπέ-

153 1701 250 1755 λους
274 1703 296 1748 ὃ
321 1702 517 1767 θεράπων
540 1701 731 1766 φυτεύων
750 1701 883 1767 φησί·
907 1702 1088 1749 Πολλὰ
1122 1703 1317 1764 μεταξὺ
1343 1703 1433 1750 πέ-

149 1775 228 1838 λει
251 1773 462 1829 κύλικος
481 1774 570 1822 καὶ
586 1774 792 1839 χείλεος
815 1774 994 1839 ἄκρου.

212 1863 249 1895 3.
283 1844 392 1896 “Ort
415 1850 457 1895 ἐν
482 1853 570 1901 τοῖς
601 1847 784 1910 Σαμίοις
817 1846 949 1911 ἐφάνη
985 1849 1117 1907 λευκὴ
1148 1847 1329 1913 χελιδὼν
1355 1850 1432 1896 οὐκ

148 1918 338 1966 ἐλάττων
357 1918 568 1984 πέρδικος.

211 2005 247 2037 4.
284 1989 534 2055 Φερεκύδης
563 1993 586 2037 ὁ
625 1990 779 2057 Σύριος
809 1991 890 2040 ὑπὸ
924 1995 1104 2057 φθειρῶν
1137 1992 1446 2056 καταὸρωθεὶς

149 2064 192 2110 ἐν
223 2061 364 2127 Σάμῳ
387 2062 686 2126 ἐτελεύτησεν,
714 2063 784 2110 ὅτε
807 2064 880 2112 καὶ
910 2062 1075 2111 ἐλθόντι
1099 2064 1334 2130 Πυθαγόρα
1358 2065 1429 2111 τὸν

147 2132 352 2181 δάκτυλον
374 2133 444 2181 διὰ
464 2138 540 2193 τῆς
555 2137 662 2194 ὄπ’ῆς
686 2135 813 2191 ἔδειξε
833 2136 1215 2202 περιεψιλωμένον.

212 2223 248 2255 5.
283 2206 486 2262 Αἴσωπος
517 2207 562 2255 δὲ
585 2211 607 2255 ὁ
639 2208 862 2272 λογοποιὸς
886 2209 1101 2272 εὐδοκίμει
1134 2210 1246 2258 τότε.
1274 2202 1361 2258 ’Ἦν
1386 2208 1429 2256 δὲ

145 2342 366 2394 ἀλεξητῆρα.
401 2346 535 2394 Pergit
564 2347 682 2396 poeta
723 2362 733 2386 ε
762 2346 885 2386 Αίπεν
915 2346 948 2386 δ’
981 2347 1002 2386 ὅ
1033 2361 1078 2397 γε
1106 2348 1249 2397 πατρὸς
1284 2349 1425 2398 ἐφετμῇ

143 2401 281 2452 Φθίην,
302 2402 341 2440 ἐν
364 2403 406 2442 δὲ
429 2404 518 2453 Κέῳ
538 2403 826 2453 κατενάσσατο,
851 2403 942 2443 λαὸν
968 2405 1122 2456 ἀγείρας
1153 2405 1426 2455 Παρράσιον...

143 2459 219 2498 Καὶ
245 2459 377 2509 βωμὸν
407 2460 548 2507 ποίησε
574 2461 694 2510 μέγαν
715 2461 803 2507 Διὸς
823 2460 1011 2512 Ἰκμαίοιο
1025 2491 1037 2511 ,
1061 2463 1159 2512 Ἱερά
1178 2461 1212 2501 τ’
1228 2462 1269 2501 εὖ
1290 2462 1430 2513 ἔρρεξεν

110 2563 114 2566 ι
143 2514 182 2553 ἐν
214 2515 362 2566 οὔρεσιν
381 2516 513 2567 ἀστέρι
542 2517 656 2568 κείνῳ
679 2518 838 2569 Σειρίῳ,
866 2519 973 2569 αὐτῷ
999 2533 1041 2558 τε
1063 2520 1227 2571 Κρονίδῃ
1249 2521 1325 2569 Διὶ,
1346 2524 1429 2559 τοῖο

147 2571 181 2612 δ’
205 2573 309 2620 ἕκητι
341 2575 460 2614 Γαῖαν
484 2575 736 2626 ἐπιψύχουσιν
764 2576 913 2623 ἐτήσιαι
942 2577 987 2615 ἐκ
1019 2577 1107 2622 Διὸς
1136 2577 1247 2629 αὖραι
1272 2578 1432 2628 Ἤματα

144 2631 453 2682 τεσσαράκοντα·
486 2632 575 2684 Κέῳ
596 2632 635 2672 δ”
648 2633 702 2672 ἔτι
727 2637 792 2672 νῦν
821 2636 942 2686 ἱερῆες
966 2634 1167 2675 Ἀντολέων
1197 2635 1428 2686 προπάροιθε

143 2689 265 2734 Κυνὸς
283 2689 430 2739 ῥέζουσι
446 2690 598 2737 θυηλάς.
612 2691 673 2731 Cf.
695 2691 877 2731 Clemens
893 2692 1004 2731 Alex.
1027 2693 1175 2733 Strom.
1195 2695 1251 2732 vl
1266 2723 1277 2742 ,
1296 2704 1335 2743 p.
1355 2697 1428 2733 753

47 2715 53 2718 ί
119 2789 122 2793 ,
143 2747 250 2786 Pott.
274 2747 426 2787 Probus
450 2747 501 2787 ad
526 2747 664 2797 virgil.
688 2750 830 2798 Georg.
853 2751 894 2800 Ι,
921 2753 985 2788 14.
1009 2750 1147 2790 Cicero
1168 2754 1225 2790 De
1247 2750 1369 2790 divin.
1390 2753 1428 2800 Ι,

140 2806 188 2842 53
220 2818 229 2842 :
266 2805 361 2844 Ceos
390 2807 630 2855 accepimus
646 2808 790 2846 orcum
814 2807 1028 2847 caniculae
1044 2810 1279 2859 quotannis
1298 2809 1430 2848 solere

139 2869 314 2900 servare
340 2862 714 2914 conjectat-amque
743 2873 916 2913 capere,
943 2867 994 2904 ut
1009 2865 1159 2904 scribit
1182 2865 1429 2905 Heraclides

131 2919 638 2975 'Ponticus‚salubrisne
662 2931 720 2961 an
748 2922 953 2972 pestilens
982 2933 1122 2963 annus
1137 2923 1328 2973 futurus
1355 2925 1426 2963 sit.

139 2975 295 3016 Miiller.
314 2979 417 3017 Dor.
437 2979 476 3027 Ι,
489 2987 530 3028 p.
547 2982 637 3018 281.
654 2981 755 3020 -,3.
778 2979 1026 3031 Ἀριστείδης]
1044 2981 1340 3029 Atheniensem,
1360 2981 1428 3031 qui

141 3042 204 3072 res
221 3032 439 3074 insularum
457 3034 635 3083 curavit,
652 3035 834 3076 Koelerus
861 3039 900 3076 et
927 3038 1108 3087 Corayus
1127 3037 1427 3087 intelligendum

139 3091 342 3141 putarunt.
359 3094 411 3132 At
422 3102 514 3143 quae
528 3093 720 3133 Aristides
730 3093 796 3133 ille
810 3094 851 3133 in
866 3093 1005 3134 insulis
1017 3095 1178 3148 agebat,
1193 3096 1294 3135 alius
1309 3096 1427 3146 plane

66 3151 73 3187 J
139 3149 288 3198 generis
302 3150 426 3190 erant.
441 3152 501 3190 De
519 3151 691 3191 Ceorum
706 3151 923 3202 legislatore
932 3152 1092 3193 aliunde
1111 3164 1193 3193 non
1211 3155 1308 3194 noto
1323 3155 1428 3204 cogi·

138 3205 215 3246 tari
243 3207 382 3257 debet,
403 3207 479 3247 nisi
498 3207 600 3247 forte
617 3209 890 3258 reponendum
910 3211 970 3249 est
988 3210 1210 3261 Ἀρισταῖος.
1231 3232 1281 3239 -
1298 3213 1364 3250 καὶ
1383 3213 1427 3252 τὸ

63 3272 87 3316 2..
138 3262 331 3316 παλαιὸν]
355 3266 401 3306 τὸ
417 3265 581 3305 παλαιὸν
604 3266 712 3316 abp3
729 3268 774 3307 τὸ
809 3269 932 3320 παρὸν
949 3268 1042 3319 cs93
1065 3279 1160 3308 mox
1179 3271 1216 3308 οἱ
1237 3270 1368 3316 παῖδες
1388 3274 1427 3310 αἱ

138 3318 246 3371 κόραι
262 3321 346 3372 cfy.
362 3342 416 3351 --
431 3321 550 3368 Quod
561 3322 612 3362 ad
628 3333 714 3363 rem
730 3324 782 3363 cf.
804 3325 931 3374 legem
945 3337 1067 3376 quam
1083 3327 1234 3376 Locris,
1253 3329 1426 3367 Ceorum

67 3376 72 3377 ⁷
139 3379 327 3429 cognatis,
344 3379 499 3430 scripsit
513 3380 706 3421 Zaleucus
727 3392 791 3432 ap.
808 3382 968 3424 Diodor.
986 3386 1081 3434 XII,
1103 3390 1166 3424 21.
1187 3406 1240 3414 —
1255 3387 1295 3425 4.
1309 3386 1370 3424 ἐπὶ
1386 3387 1426 3425 δὲ

68 3480 84 3493 F
138 3447 176 3475 τ.
195 3437 271 3476 τελ.
288 3435 304 3488 ]
322 3439 452 3487 ΑΒο;
474 3438 512 3477 ἐν
539 3438 658 3488 ταύτῃ
684 3443 731 3490 τῇ
765 3441 872 3492 νήσῳ
891 3441 955 3480 ἐπὶ
986 3446 1065 3487 τοῖς
1095 3444 1173 3482 τελ.
1202 3443 1357 3492 reliqui.
1374 3466 1428 3473 —

71 3498 83 3501 ”
125 3491 178 3531 ,ἐν
192 3492 373 3546 ἀνδράσι]
387 3504 466 3533 om.
479 3493 599 3545 abfq.
613 3495 675 3535 Cf.
692 3506 780 3536 mos
795 3499 1011 3538 Locrorum
1023 3499 1066 3538 in
1078 3500 1218 3550 fragm.
1236 3502 1358 3540 XXX.
1374 3525 1425 3535 -

141 3553 179 3590 5.
194 3550 398 3603 τελευτᾶν]
418 3553 594 3601 τελευτὴν
611 3556 692 3604 Pp.
710 3557 770 3595 De
790 3566 832 3595 re
844 3557 895 3595 cf.
916 3557 1095 3596 AElianus
1110 3561 1158 3598 V.
1175 3560 1226 3598 H.
1245 3560 1318 3606 ΙΙΙ,
1338 3563 1386 3599 37
1411 3575 1420 3599 :

116 3607 264 3670 ,Νόμος
279 3609 359 3649 ἐστὶ
381 3610 506 3650 Κείων
518 3624 529 3635 ·
554 3613 589 3650 οἱ
606 3611 707 3651 πάνυ
723 3612 814 3664 παρ’
833 3613 960 3659 αὐτοῖς
986 3615 1239 3667 γεγηρακότες
1254 3644 1266 3664 ,
1291 3618 1422 3668 ὥσπερ

140 3665 201 3708 ἐπὶ
219 3665 319 3718 ξενίᾳ
341 3668 646 3717 παρακαλοῦντες
667 3670 827 3715 ἑαυτοὺς
851 3672 875 3719 ἢ
899 3671 963 3711 ἐπί
984 3685 1071 3711 τινα
1087 3674 1336 3723 ἑορταστικῆν
1360 3674 1422 3712 θυ-

63 3725 66 3727 ’
138 3721 245 3772 σίαν,
263 3724 505 3771 συνελθόντες
520 3727 586 3765 καὶ
603 3728 939 3779 στεφανωσάμενοι
954 3728 1108 3770 πίνουσι
1125 3731 1301 3779 κώνειον,
1319 3730 1414 3770 ὅταν

138 3779 510 3826 ἐαυτοῖςσυνειδῶσιν
525 3783 583 3823 ὅτι
594 3785 686 3836 πρὸς
695 3786 743 3825 τὰ
755 3786 848 3837 ἔργα
865 3788 912 3827 τὰ
927 3792 973 3839 τῇ
991 3787 1144 3840 πατρίδι
1154 3789 1422 3828 λυσιτελοῦντα

139 3835 320 3897 ᾶχρηστοί
343 3840 454 3889 εἰσιν,
474 3842 740 3893 ὑποληρούσης
766 3845 839 3890 ἤδη
866 3857 902 3883 τι
927 3845 1056 3891 αὐτοῖς
1087 3846 1154 3885 καὶ
1177 3850 1245 3893 τῆς
1267 3847 1421 3897 γνώμης

43 3902 45 3906 ⁴
138 3890 201 3932 διὰ
217 3893 282 3933 τὸν
309 3895 457 3946 χρόνον.
481 3897 629 3937 Strabo·
650 3899 710 3948 X,
731 3909 771 3950 p.
799 3901 1052 3950 485;Valer.
1081 3904 1191 3942 Max.
1219 3903 1283 3952 11,
1306 3908 1352 3952 6,
1372 3909 1420 3953 8;

67 3950 70 3955 “
140 3948 326 4000 stephan.
345 3953 436 4002 Byz.
452 3963 494 3993 v.
512 3953 662 4000 Ἰουλίς.

190 4007 248 4056 Χ,
269 4011 305 4047 l.
324 4009 475 4062 νηίδες]
506 4011 685 4052 Fluxerit
703 4012 779 4053 hoc
797 4024 850 4054 ex
875 4014 1083 4065 Eugaeonis
1103 4014 1226 4064 Samii
1244 4015 1416 4056 historiis

17 4108 19 4113 Ι
92 4052 95 4058 ’
140 4070 238 4111 quus
251 4063 342 4104 vide
359 4077 399 4116 p.
421 4071 480 4107 16.
502 4068 633 4109 Prisca
654 4071 762 4112 Sami
773 4072 934 4111 nomina
950 4083 1001 4112 ex
1024 4071 1232 4112 Aristotele
1247 4072 1312 4121 (fr.
1331 4072 1420 4122 175)

17 4140 18 4143 ι
62 4127 93 4178 [ἵ
142 4120 334 4162 memorat·
359 4123 519 4165 Plinius.
541 4147 594 4155 —
619 4133 656 4168 2.
695 4129 873 4179 ’Λγκαῖος
911 4130 1028 4180 κτλ]
1059 4132 1155 4169 Haec
1180 4141 1338 4180 quoque
1371 4142 1422 4170 ex

126 4177 344 4222 'Mstotele
362 4184 569 4228 narrantur
589 4181 634 4224 fr‘.
662 4187 748 4233 276,
773 4211 820 4226 -.-
835 4189 918 4238 περὶ
939 4188 1059 4238 (ὑπέρ
1077 4191 1107 4228 Α
1121 4188 1134 4238 )
1147 4187 1192 4226 οὗ
1212 4188 1282 4233 τὰς
1300 4188 1421 4238 ἀμπέ-

2709 351 2799 388 21.-3

1571 435 1607 468 3.
1656 430 1842 470 Aristides
1891 442 2030 473 curam
2062 438 2221 485 gerebat
2259 443 2469 482 mulierum
2508 445 2713 485 decentiae.
2756 452 2803 487 ΕΙ

1517 506 1736 556 antiquitus
1780 518 1926 557 aquam
1969 510 2155 552 bibebant
2199 518 2306 563 pueri
2342 520 2381 556 et
2420 521 2559 567 puella:
2591 534 2714 572 usque
2751 524 2800 561 ad

1517 578 1690 626 nuptias,

1568 651 1606 688 4.
1623 650 1840 690 Defunctos
1856 653 1927 691 viri
1944 664 2025 692 non
2042 654 2174 704 lugent
2193 667 2319 707 neque
2339 662 2446 700 veste
2468 673 2595 712 neque
2616 667 2798 715 tonsuram

1518 732 1645 771 mater
1670 743 1763 772 vero
1780 733 2011 774 defunctum
2029 747 2195 786 puerum
2213 739 2317 789 luget
2345 752 2411 790 per
2431 754 2592 784 annum.

1567 861 1605 896 5.
1632 858 1755 896 Porro
1771 868 1895 907 quum
1916 858 2082 898 salubris
2097 860 2227 901 insula
2242 861 2293 900 sit
2309 864 2346 901 et
2364 864 2412 902 ad
2430 876 2609 914 magnam
2626 869 2800 911 homines

1515 915 1673 954 aetatem
1686 944 1697 964 ,
1716 915 1902 955 mulieres
1918 918 2115 966 maxime,
2133 920 2386 969 perveniant,
2404 933 2482 960 non
2499 930 2727 974 exspectant
2744 941 2798 967 se-

1513 983 1584 1012 nes
1599 973 1692 1012 vitae
1712 973 1852 1021 finem,
1872 974 1940 1013 scd
1964 976 2177 1024 antequam
2202 976 2305 1016 vires
2330 978 2515 1019 deficiant
2541 983 2600 1020 vel
2628 987 2801 1033 eorporis

1514 1040 1604 1079 pars
1623 1030 1756 1079 aliqua
1781 1030 2026 1079 debilitetur,
2055 1032 2196 1072 hausto
2217 1034 2279 1073 vel
2308 1045 2503 1085 papavere
2530 1040 2590 1078 vel
2613 1041 2738 1080 cicuta
2760 1056 2799 1082 sc

1515 1087 1586 1137 ipsi
1603 1098 1625 1127 e
1645 1088 1725 1127 vita
1741 1087 1927 1128 educunt.

1927 1202 1987 1248 X.
2029 1201 2382 1252 SAMlORUM.

1563 1346 1727 1383 Samum
1747 1342 1882 1392 initio,
1903 1353 2030 1393 quum
2053 1343 2207 1384 deserta
2236 1345 2367 1385 adhuc
2391 1349 2514 1397 esset,
2531 1351 2699 1390 tenuisse
2714 1364 2798 1390 nar-

1512 1416 1603 1454 rant
1619 1415 1842 1454 belluarum
1867 1415 2189 1465 multitudinem,
2213 1428 2329 1457 voces
2344 1420 2588 1460 mittentium
2614 1422 2798 1472 ingentes.

1513 1487 1769 1528 Vocabantur
1786 1487 1931 1527 belluae
1954 1487 2096 1528 Neides
2107 1518 2118 1538 ,
2138 1488 2265 1529 insula
2280 1501 2375 1530 vero
2392 1493 2604 1532 Parthenia
2615 1524 2625 1543 ‚
2644 1496 2683 1534 et
2700 1500 2797 1545 post·

1509 1559 1675 1599 modum
1695 1562 1882 1609 Dryussa.

1561 1638 1598 1672 2.
1622 1632 1845 1672 Samiorum
1859 1643 1930 1671 rex
1942 1632 2018 1672 suit
2029 1636 2211 1683 Ancaeus,
2226 1645 2250 1673 a
2261 1646 2341 1685 quo
2354 1635 2504 1676 dictum
2518 1639 2769 1688 proverbium
2789 1656 2795 1678 ι

1508 1707 1656 1747 Multa
1675 1710 1779 1747 sunt
1794 1710 1912 1748 inter
1936 1709 2138 1758 poculum
2156 1712 2199 1749 et
2215 1720 2385 1750 summa
2402 1712 2541 1752 labra.

1559 1787 1597 1823 3.
1628 1783 1743 1834 Apud
1770 1782 1921 1823 Samios
1946 1785 2130 1834 apparuit
2164 1785 2335 1826 hirundo
2365 1787 2481 1838 alba,
2515 1789 2672 1838 perdice
2692 1791 2796 1830 baud

1506 1861 1649 1900 minor.
1712 1845 1715 1849 ¹

1557 1936 1596 1973 4.
1621 1932 1866 1983 Pherecydes
1878 1933 2014 1983 syrius
2030 1944 2054 1973 a
2070 1934 2260 1984 pediculis
2275 1935 2491 1977 devoratus
2507 1938 2547 1976 in
2563 1941 2681 1978 Samo
2694 1940 2796 1978 diem

1505 2005 1624 2055 obiit,
1643 2017 1723 2055 quo
1743 2008 1923 2055 tempore
1945 2006 2063 2045 etiam
2081 2007 2334 2057 Pythagorae,
2352 2009 2420 2058 qui
2441 2010 2597 2049 visurus
2612 2021 2703 2050 eum
2730 2023 2791 2050 ve-

1504 2080 1640 2128 nerat,
1666 2078 1914 2117 denudatum
1943 2089 2062 2118 carne
2096 2079 2354 2119 circumcirca
2384 2080 2550 2131 digitum
2581 2094 2650 2132 per
2672 2086 2796 2133 portae

1508 2151 1688 2190 foramen
1707 2150 1894 2190 ostendit.
2371 2165 2374 2168 ·

1557 2227 1594 2262 5.
1624 2225 1794 2272 AEsopus
1833 2222 2058 2262 fabularum
2094 2224 2210 2273 poeta
2251 2225 2339 2262 tum
2380 2224 2558 2264 florebat.
2592 2229 2629 2266 ls
2663 2227 2793 2265 Thiax

1513 2348 1649 2392 λους...
1673 2346 1822 2398 ἄκρου]
1842 2349 1947 2387 ABG
1956 2361 1967 2395 ;
1987 2347 2041 2397 ἐφ’
2063 2347 2108 2386 οὗ
2128 2349 2151 2394 ἡ
2180 2349 2362 2387 Πολλὰ...
2393 2349 2512 2399 ἄκρου
2527 2351 2714 2401 παροιμία
2741 2352 2794 2402 ἐρ-

1507 2404 1593 2454 ρέθη
1609 2404 1764 2453 reliqui.
1782 2428 1832 2437 —
1849 2408 1885 2443 3.
1908 2404 1971 2442 Cf.
1989 2403 2166 2443 AElianus
2181 2406 2270 2444 Nat.
2289 2408 2362 2444 An.
2381 2407 2492 2445 XVll
2506 2436 2518 2454 ‚
2536 2411 2610 2445 20:
2632 2407 2796 2457 Ἀριστο-

1510 2461 1619 2507 τέλης
1635 2461 1734 2510 λέγει
1755 2460 1924 2508 γίνεσθαι
1944 2461 1982 2498 ἐν
2003 2461 2121 2511 Σάμῳ
2140 2461 2278 2508 λευκὴν
2298 2462 2491 2512 χελιδόνα·
2508 2463 2649 2509 ταύτης
2661 2477 2704 2513 γε
2721 2466 2794 2514 μὴν

1506 2518 1571 2556 ἐάν
1591 2532 1647 2564 τις
1672 2519 1838 2568 κεντήσῃ
1868 2518 1956 2562 τοὺς
1988 2518 2226 2569 ὀφθαλμοὺς,
2245 2520 2418 2566 γίνεσθαι
2437 2521 2504 2571 μὲν
2534 2521 2653 2568 αὐτὴν
2672 2535 2795 2572 παρα-

1506 2581 1636 2626 χρῆμα
1658 2577 1811 2627 τυφλήν.
1865 2577 1977 2623 ,Μετὰ
1996 2580 2118 2615 ταῦτα
2138 2578 2178 2616 δὲ
2198 2577 2479 2628 ἐξομματοῦται
2502 2579 2566 2617 καὶ
2581 2579 2648 2623 τὰς
2675 2580 2793 2630 κόρας

1501 2635 1777 2685 λελάμπρυνται
1794 2634 1859 2673 καὶ
1876 2635 1913 2679 ἐξ
1928 2636 2101 2685 ὑπαρχῆς
2120 2635 2212 2685 ὁρᾷ,
2231 2637 2283 2680 ὡς
2309 2635 2451 2681 ἐκεῖνός
2470 2649 2578 2685 φησι.
2630 2636 2692 2676 Ad
2709 2637 2794 2675 haec

1501 2692 1760 2738 Schneidems
1783 2707 1792 2731 ε
1817 2707 1835 2727 ιι
1855 2692 2096 2732 Aristoteles.
2116 2693 2214 2732 nist.
2240 2697 2316 2732 An.
2334 2696 2389 2732 Vl
2408 2723 2419 2743 ,
2438 2698 2460 2732 5
2476 2693 2526 2732 de
2537 2693 2794 2732 hirundinum

1501 2750 1620 2799 pullis
1634 2749 1850 2799 generatim
1869 2748 1946 2787 hoc
1962 2748 2098 2788 tradit.
2154 2749 2231 2788 Sed
2253 2750 2431 2799 suspicor
2446 2760 2538 2789 cum
2570 2751 2793 2791 narratione

1499 2806 1751 2847 Aristoteliea
1770 2817 1905 2846 errore
1923 2806 2067 2846 AEliani
2083 2807 2274 2847 coaluisse
2295 2808 2500 2857 antiquam
2529 2807 2579 2847 de
2597 2809 2717 2847 Samo
2739 2810 2793 2848 sa-

1500 2865 1651 2914 bulam,
1669 2876 1789 2915 quam
1809 2863 1961 2914 reperio
1983 2863 2024 2902 in
2040 2864 2268 2914 fragmentis
2285 2865 2504 2905 Heraclidis
2518 2868 2577 2905 De
2594 2866 2756 2916 politiis.
2773 2883 2791 2900 υ

1499 2922 1562 2962 Cf.
1580 2922 1700 2962 etiam
1717 2922 1933 2972 Antigonus
1947 2922 2036 2960 Mir.
2058 2925 2129 2961 120
2149 2922 2212 2961 ed.
2231 2924 2513 2963 Westermann
2530 2940 2539 2962 ι
2557 2924 2604 2963 ‘0
2617 2923 2704 2968 τοὺς
2721 2926 2792 2962 Σα-

1502 2980 1664 3030 μιακοὺς
1681 2980 1800 3031 ὥρους
1817 2979 2088 3030 συγγεγραφὼς
2105 2979 2166 3018 ἐπὶ
2179 2983 2256 3018 τῶν
2274 2981 2437 3030 πρώτων
2451 2981 2663 3027 κληθέντων
2677 2982 2795 3031 μαθη-

1498 3041 1576 3077 τῶν
1590 3042 1668 3077 τῶν
1683 3039 1767 3089 περὶ
1789 3037 2044 3088 Ἡρόστρατον
2066 3038 2157 3086 φησὶ
2175 3037 2353 3088 χελιδόνα
2379 3039 2516 3086 λευκὴν
2536 3042 2711 3089 φανῆναι.
2734 3038 2791 3077 Ad

1499 3094 1586 3134 haec
1603 3095 1955 3135 Schneidewinus:
1976 3109 1996 3128 «
2015 3095 2140 3144 Cujus
2154 3095 2204 3135 de
2220 3096 2502 3146 corruptissimi
2520 3096 2596 3135 loci
2612 3096 2791 3135 emenda-

1500 3152 1608 3192 tione
1622 3152 1718 3192 mihi
1735 3163 1815 3191 non
1837 3152 1960 3202 liquet
1976 3167 1984 3191 :
2000 3151 2076 3191 hoc
2089 3152 2279 3203 intelligo,
2298 3154 2661 3193 Beckmannianum
2676 3163 2787 3191 corn-

1499 3212 1680 3250 mentum
1695 3214 1773 3250 τῶν
1796 3210 1880 3260 περὶ
1898 3210 2199 3261 Ἐρασίστρατον
2220 3211 2477 3260 periclitantis
2493 3212 2555 3250 vel
2578 3222 2624 3250 eo
2642 3211 2764 3249 refelli
2780 3240 2790 3257 ,

1502 3268 1611 3317 quod
1629 3268 1728 3307 ordo
1744 3267 1974 3317 temporum
1991 3267 2271 3307 abHeraclide
2298 3268 2532 3307 observatus
2557 3278 2603 3306 eo
2623 3266 2791 3305 admisso

1497 3319 1725 3365 violaretur.
1780 3327 1915 3371 Quum
1934 3335 2015 3363 non
2030 3324 2292 3364 dubitandum
2308 3325 2373 3374 sit,
2387 3324 2483 3375 quin
2501 3325 2615 3371 λευκὴ
2633 3323 2791 3374 χελιδὼν

1497 3381 1563 3421 illa
1577 3383 1725 3432 pariter
1740 3384 1860 3432 atque
1880 3383 2012 3427 λευκὸς
2027 3382 2146 3432 κόραξ
2163 3384 2447 3431 Cyrenaeorum
2476 3382 2489 3430 (
2509 3381 2559 3421 fr.
2585 3384 2624 3428 4,
2647 3381 2696 3429 4)
2719 3383 2789 3419 Sa-

1496 3441 1585 3480 miis
1599 3441 1732 3480 nescio
1749 3451 1868 3490 quam
1885 3441 2151 3480 calamitatem
2162 3439 2398 3490 significasse
2412 3439 2496 3478 visa
2509 3439 2574 3488 sit,
2588 3449 2790 3488 quumque

1495 3499 1535 3537 in
1559 3500 1781 3549 antiquiora
1798 3499 2032 3549 Pythagorae
2053 3500 2234 3550 tempora
2246 3499 2346 3538 serie
2375 3509 2506 3538 rerum
2536 3498 2785 3548 repellamur,

1498 3557 1666 3606 μαθηταί
1694 3556 1908 3595 admonent
1940 3567 2006 3595 me
2039 3558 2216 3607 μυθητῶν
2250 3556 2435 3605 illorum,
2468 3565 2570 3605 quos
2602 3556 2786 3602 regnante

1495 3614 1701 3664 Polycrate
1712 3614 1889 3652 sanctam
1899 3613 2068 3653 insulam
2078 3613 2315 3653 conturbare
2324 3612 2578 3662 conqueritur
2586 3614 2786 3649 Anacreon

1499 3671 1546 3710 tr.
1566 3673 1616 3711 Ll
1633 3671 1773 3720 Bergk.
1787 3700 1798 3720 ‚
1821 3681 1942 3720 quem
1957 3670 2048 3710 vide
2070 3681 2111 3721 p.
2143 3675 2228 3711 170.
2249 3673 2396 3711 Rursus
2422 3680 2512 3708 cum
2531 3667 2784 3719 Ἡρόστρατον

1494 3731 1603 3768 vocis
1618 3729 1814 3768 elementa
1833 3728 2039 3768 considero
2054 3759 2065 3778 ‚
2083 3729 2133 3768 de
2150 3728 2407 3768 celeberrimo
2425 3730 2447 3766 J
2452 3726 2599 3765 unonio
2628 3723 2781 3787 Samio-

1495 3797 1584 3825 rum
1598 3787 1729 3826 nescio
1745 3786 1841 3836 quid
1863 3788 2068 3826 narratum
2089 3787 2206 3826 fuisse
2222 3786 2398 3835 subrepit
2412 3784 2556 3832 opinio.
2578 3784 2678 3828 Ergo
2699 3780 2783 3817 seli-

1494 3845 1665 3884 cioribus
1695 3845 1858 3895 ingeniis
1885 3844 2151 3895 probabiliora
2178 3842 2431 3884 extundenda
2457 3840 2648 3889 relinquo.
2683 3852 2702 3870 υ
2732 3858 2782 3864 -

1495 3905 1518 3942 4
1547 3902 1730 3942 δάκτυλον
1750 3903 1864 3948 ἔδειξε
1883 3902 2062 3954 περιεψ.]
2091 3902 2190 3942 Ηίηο
2212 3900 2462 3951 proverbium
2493 3897 2611 3946 Χροὶ·
2635 3895 2686 3939 δῆ
2700 3895 2777 3939 λα,

1495 3960 1602 4010 quod
1620 3962 1829 4011 excerptor
1857 3970 2077 4000 memorare
2091 3959 2280 3998 omiserit.
2299 3958 2398 3997 Vide
2418 3957 2528 4003 Diog.
2551 3956 2593 3992 1..
2622 3954 2634 3990 l
2651 3956 2774 4017 &1185

1493 4019 1670 4068 Apostol.
1684 4021 1771 4068 XX,
1786 4021 1834 4058 87
1847 4030 1859 4067 ;
1873 4019 2035 4066 Gregor.
2051 4019 2149 4066 Cyp.
2169 4018 2238 4063 Ill,
2256 4019 2351 4062 100;
2366 4011 2504 4052 Suidas
2518 4020 2554 4047 v.
2569 4008 2780 4071 ’.Επηκυγα-

1495 4077 1622 4119 ζονται
1639 4076 1679 4114 et
1695 4075 1806 4125 Χροΐ.
1828 4075 1891 4115 Cf.
1910 4074 2053 4114 AElian.
2074 4076 2125 4112 V.
2149 4074 2197 4111 11.
2219 4074 2288 4118 IV,
2308 4074 2377 4116 283
2396 4067 2616 4106 Sturz.Vlt.
2642 4065 2777 4102 Phere-

1497 4130 1585 4180 cyd.
1606 4142 1643 4180 p.
1662 4137 1682 4171 5
1706 4142 1793 4181 sqq.
1811 4151 1863 4159 -
1876 4136 1913 4170 5.
1932 4130 2008 4169 Ἦν
2025 4130 2064 4168 δὲ
2085 4128 2212 4179 Θρᾷξ]
2230 4128 2291 4167 Cf.
2306 4125 2436 4164 schol.
2456 4123 2570 4162 Arist.
2587 4125 2658 4159 Av.
2675 4123 2740 4158 571
2769 4136 2775 4157 :

1496 4188 1572 4228 Ἦν
1583 4189 1623 4228 δὲ
1637 4190 1657 4228 ὁ
1671 4189 1848 4234 Αἴσωπος
1859 4188 1973 4238 Θρᾷξ·
1987 4187 2218 4235 ἠλευθερώθη
2229 4185 2266 4223 δὲ
2284 4183 2356 4221 ὑπὸ
2375 4182 2541 4230 Ἴδμονος
2555 4182 2621 4217 τοῦ
2632 4182 2775 4226 κωφοῦ.
