3008 4542
1134 236 1996 371 ΑΙΓΥΠΤΙΑΚΑ.

1475 497 1547 508 «Φ

1583 494 1644 506 a!

364 727 367 734 ¹
599 656 813 716 LlssER
857 658 1156 713 PsslMUS.
1467 660 1498 671 ··

250 780 286 828 I.
360 781 687 827 DYNASTIAE
735 781 1023 833 DEORUM,
1073 775 1477 822 SEMIDEORUM
1499 808 1510 830 ,

748 851 1014 899 MANIUM.

837 969 900 997 *1.

592 1053 888 1101 MANETHO
927 1050 1183 1097 EUSEBII.

295 1146 521 1200 Eusebius
541 1153 670 1196 Arm.
699 1149 874 1194 chron.
898 1161 950 1206 p.
975 1144 1036 1205 93
1064 1144 1141 1188 ed.
1177 1144 1290 1189 Mai.
1317 1159 1327 1186 :

298 1229 375 1270 Ex
392 1227 682 1285 AEgyptiacis
709 1219 1006 1265 Manethonis
1028 1219 1349 1270 monumentis,
1375 1220 1456 1275 qui
1483 1220 1530 1258 in

231 1310 321 1343 tres
344 1298 483 1343 libtos
505 1298 742 1341 historiam
765 1308 895 1337 suam
918 1292 1086 1337 tribuit.
1109 1292 1181 1334 De
1199 1291 1292 1334 diis
1305 1298 1354 1333 et
1368 1290 1427 1333 de
1445 1288 1535 1331 he—

230 1369 407 1425 roibus,
443 1372 502 1414 de
536 1369 747 1413 manibus
775 1377 822 1411 et
853 1367 912 1409 de
938 1364 1206 1408 mortalibus
1234 1362 1420 1420 regibus
1452 1365 1532 1420 qui

232 1447 436 1503 AEgrpto
469 1439 769 1502 praefuerunt
818 1453 954 1498 usque
984 1437 1051 1481 ad
1088 1451 1242 1494 regem
1284 1435 1529 1479 Persarum

234 1519 447 1562 Darium.

307 1606 349 1634 1.
384 1590 568 1633 Primus
590 1586 725 1630 homo
750 1581 907 1645 (deus)
934 1585 1164 1643 AEgyptiis
1188 1581 1420 1624 Vulcanus
1438 1589 1522 1634 est,

237 1668 314 1722 qui
333 1667 468 1706 etiam
493 1664 611 1719 ignis
627 1667 829 1719 repertor
843 1657 974 1717 apud
993 1671 1067 1699 eos
1088 1655 1360 1720 celebratur.
1382 1653 1459 1696 Ex
1480 1668 1533 1696 eo

235 1737 343 1790 Sol;
386 1733 568 1796 [postea
607 1731 977 1792 Agathodoemon
989 1744 1007 1783 ,·
1022 1727 1062 1790 ]-
1085 1728 1251 1771 deinde
1281 1727 1503 1770 Saturnus
1512 1742 1530 1780 ;

237 1819 330 1852 tum
355 1809 502 1852 Osiris
514 1823 532 1860 ‚·
558 1810 668 1850 exin
692 1804 886 1848 Osiridis
889 1799 1051 1859 frater
1071 1800 1260 1860 Typhon
1267 1816 1285 1855 ,·
1304 1800 1371 1843 ad
1384 1808 1532 1843 extre-

237 1896 362 1924 mum
385 1882 523 1934 Orus,
556 1879 758 1923 Osiridis
780 1886 829 1920 et
847 1876 990 1919 Isidis
998 1874 1152 1933 filius.
1180 1875 1246 1916 Hi
1258 1875 1401 1931 primi
1420 1875 1537 1915 inter

238 1956 482 2013 AEgyptios
511 1967 660 1995 rerum
682 1953 827 2010 potiti
853 1957 973 1994 sunt.
1011 1948 1238 2005 Deinceps
1270 1949 1541 2005 continuata·

237 2030 517 2070 successione
535 2025 728 2082 delapsa
755 2031 826 2065 est
857 2024 990 2079 regia
1019 2023 1271 2063 auctoritas
1304 2033 1443 2076 usque
1473 2019 1538 2060 ad

239 2100 393 2155 Bydin
433 2113 522 2157 per
562 2111 707 2139 annos
753 2094 965 2138 tredecim
1013 2093 1139 2136 mille
1173 2106 1230 2134 ac
1267 2101 1533 2150 nongentos.

242 2174 466 2214 Lunarem
488 2179 640 2212 tamen
664 2183 833 2210 annum
856 2166 1081 2223 intelligo,
1107 2166 1331 2208 videlicet
1360 2163 1418 2207 30
1438 2165 1532 2206 die-

192 2269 198 2274 ·
241 2245 322 2286 bus
336 2251 652 2287 constantem.
675 2255 807 2299 quem
823 2243 945 2283 enim
961 2253 1081 2282 nunc
1098 2253 1295 2281 mensem
1316 2237 1526 2291 dicimus,

243 2320 326 2376 AE',³
308 2319 450 2375 σγρτίῖ
468 2316 577 2359 olim
601 2317 716 2357 anni
733 2316 917 2356 nomine
938 2311 1267 2371 indigitabant.

309 2404 353 2435 2.
380 2389 490 2432 Post
503 2388 611 2431 deos
629 2394 884 2444 regnarunt
898 2384 929 2428 h
939 2400 966 2428 e
977 2400 1035 2428 ro
1049 2399 1104 2427 es
1119 2387 1259 2427 annis
1274 2383 1374 2428 Ml*
1380 2382 1534 2426 CLV

243 2477 479 2522 rursusque
543 2462 635 2504 al
619 2476 633 2503 ι
647 2464 663 2504 i
727 2474 890 2519 reges
963 2460 1191 2502 dominati
1237 2468 1347 2501 sunt
1399 2461 1537 2500 annis

243 2535 633 2580 MDCCCXVII
681 2549 695 2576 .·
750 2542 842 2576 tum
906 2534 1021 2575 alii
1079 2535 1327 2589 triginta
1360 2532 1538 2590 'reges

242 2608 503 2668 Memphi
515 2618 583 2651 toe
614 2610 748 2650 annis
776 2605 1086 2650 MDCCXC:
1107 2605 1274 2648 deinde
1291 2606 1378 2648 alii
1401 2604 1537 2647 Thi-

242 2687 377 2726 nitoe
395 2683 580 2725 decem
613 2695 780 2741 reges
806 2683 944 2722 annis
966 2678 1140 2724 CCCL.

314 2755 357 2800 3.
384 2755 551 2799 Secuta
570 2764 640 2798 est
675 2757 925 2797 manium
960 2736 1302 2810 heroumque
1325 2751 1537 2796 domina·

243 2834 306 2873 tio
329 2833 462 2872 annis
478 2826 1090 2872 MMMMMDCCCXJII.

314 2907 359 2954 4.
408 2901 598 2945 Summa
635 2903 847 2958 temporis
886 2903 934 2941 in
965 2899 1095 2942 mille
1124 2899 1363 2955 myriadas
1399 2895 1415 2958 (
1429 2897 1538 2944 deb.

247 2975 373 3018 mille
396 2982 442 3018 et
462 2972 745 3033 myriadem)
769 2976 1001 3032 consurgit
1014 2985 1262 3025 annorum,
1289 2975 1368 3029 qui
1387 2981 1540 3014 tamen

250 3050 448 3099 lunares,
474 3061 637 3105 nempe
667 3049 905 3097 menstrui,
946 3053 1065 3087 sunt.
1103 3041 1198 3090 Sed
1213 3057 1368 3085 revera
1388 3044 1542 3086 domi-

249 3125 393 3174 natio,
419 3135 556 3178 quam
577 3128 773 3162 narrant
786 3120 998 3177 AE'gyptii
1009 3151 1020 3170 ,
1061 3117 1267 3169 deorum,
1295 3115 1481 3158 heroum
1500 3124 1546 3158 et

252 3197 453 3236 manium
496 3195 687 3235 tenuisse
721 3200 918 3250 putatur
957 3191 1140 3232 lunares
1178 3203 1324 3231 annos
1358 3194 1542 3231 omnino

250 3269 421 3324 viginti
435 3274 646 3324 quattuor
669 3265 795 3306 mille
811 3273 856 3306 et
870 3272 1140 3322 nongentos,
1167 3277 1229 3305 ex
1251 3259 1412 3320 quibus
1422 3262 1545 3316 fiunt

251 3339 423 3382 solares
442 3341 557 3394 anni
583 3336 778 3380 MMCC
785 3338 870 3378 VI.

321 3408 367 3455 5.
403 3412 561 3468 Atque*
577 3408 679 3451 hoec
712 3412 753 3450 si
786 3424 885 3451 cum
912 3407 1207 3451 Hebroeorum
1244 3405 1544 3464 chronologia

254 3481 461 3540 conferre
476 3484 678 3525 volueris
690 3516 700 3534 ,
729 3485 775 3524 in
796 3482 988 3524 eandem
993 3481 1143 3540 plane
1157 3484 1426 3523 sententiam
1440 3496 1544 3524 con·

252 3559 431 3614 spirare
448 3555 640 3600 videbis.
662 3555 874 3612 Namque
891 3556 1118 3612 AEgyptus
1130 3554 1190 3595 ab
1209 3553 1418 3596 Hebrceis
1435 3555 1543 3597 Me-

253 3633 467 3671 straimus
487 3629 782 3687 appellatur:
809 3627 1106 3669 Mestraimus
1122 3636 1272 3669 autem
1294 3629 1434 3670 multo
1439 3637 1549 3686 post

255 3703 475 3744 diluvium
522 3709 721 3758 tempore
754 3702 945 3741 exstitit.
1020 3699 1202 3757 Quippe
1242 3715 1302 3742 ex
1342 3698 1553 3755 Chamo3

260 3772 440 3817 Noachi
451 3773 574 3828 filio,
596 3781 703 3831 post
717 3772 932 3814 diluvium
957 3780 1078 3814 ortus
1108 3781 1176 3813 est
1206 3774 1433 3831 AEgyptus
1459 3777 1549 3816 sive

260 3847 579 3899 Mestraimm,
635 3849 713 3903 qui
751 3848 928 3903 primus
967 3845 1034 3886 ad
1040 3836 1041 3839 Ἴ
1068 3845 1261 3903 AEgypti
1303 3848 1548 3901 incolatum

253 3917 489 3978 profectus
525 3927 609 3972 est,
667 3932 760 3976 qua
800 3925 1064 3975 tempestate
1110 3926 1269 3972 gentes
1309 3917 1401 3959 hac
1439 3919 1550 3960 illac

260 3995 418 4049 spargi
436 4000 685 4050 cceperunt.
713 3991 827 4032 Erat
862 3998 1013 4031 autem
1037 4004 1214 4031 summa
1252 3995 1466 4048 temporis
1489 3991 1549 4034 ab

262 4065 445 4107 Adamo
468 4065 535 4106 ad
556 4065 770 4107 diluvium
801 4063 1047 4105 secundum
1083 4062 1296 4104 Hebra’os
1331 4079 1550 4106 annorum

264 4137 624 4183 MMCCXJJI.

331 4210 375 4252 (i.
421 4210 623 4253 Ceterum
644 4226 778 4268 quum
798 4212 1003 4268 AEgyplii
1027 4213 1337 4267 proerognti«·a
1362 4214 1550 4267 antiqui-

1558 2724 1562 2728 .
1612 2690 1700 2745 let,

1578 673 1582 676 ⁴
1605 652 1712 693 tatis
1730 647 1934 706 quadam
1956 647 2116 688 seriem
2137 650 2243 685 ante
2261 642 2477 684 diluvium
2491 646 2900 699 tenere-sejactetu

1609 725 1838 775 Deorum,
1873 720 2073 762 Heroum
2109 725 2158 758 et
2191 715 2407 758 Manium
2442 717 2579 758 annis
2591 715 2703 773 plus
2727 718 2899 774 viginti

1605 797 2060 858 mille'regnantium‚
2089 795 2234 854 plane
2264 807 2446 852 oequum
2469 802 2540 836 est
2568 802 2618 836 ut
2634 792 2683 836 ln·
2703 798 2820 838 anni
2850 799 2900 838 in

1604 886 1780 916 menses
1803 879 1867 914 tot
1895 876 2211 912 convertantur
2230 875 2340 924 quot
2372 866 2434 908 ab
2472 866 2685 909 Hebroeis
2722 881 2900 911 memo·
2938 861 2940 863 ’
2980 849 2987 857 “

1598 954 1766 989 rantur
1783 945 1894 986 anni
1927 957 1942 984 .·
1965 955 2128 999 nempe
2161 948 2213 982 ut
2231 942 2311 997 qui
2334 953 2509 982 menses
2531 942 2821 983 continentur
2851 943 2901 983 in

1605 1019 1868 1061 memoratis
1892 1014 2022 1073 apud
2036 1013 2253 1056 Hebroeos
2267 1015 2431 1065 annis,
2459 1015 2495 1054 ii
2522 1011 2704 1055 totidem
2725 1013 2900 1055 intelli·

1603 1099 1775 1150 gantur
1794 1091 1854 1131 AE
1853 1090 2116 1146 gyptiorum
2151 1086 2335 1127 lunares
2365 1087 2508 1137 anni,
2531 1098 2625 1143 pro
2646 1099 2705 1127 ea
2725 1093 2896 1143 tempo·
2942 1131 2944 1134 y

1604 1177 1703 1206 rum
1720 1175 1917 1214 summa,
1953 1173 2058 1217 quoe
2085 1173 2117 1200 a
2134 1160 2287 1216 primo
2302 1155 2484 1199 condito
2502 1154 2688 1199 homine
2709 1156 2779 1199 ad
2792 1157 2902 1199 Me-
2951 1211 2953 1215 Α

1604 1238 1842 1278 straimum
1869 1245 2008 1289 usque
2022 1230 2269 1289 colligitur.
2296 1227 2422 1271 Sane
2445 1227 2744 1270 Mestraimus
2763 1241 2902 1285 gene·
2940 1263 2942 1265 >

1606 1312 1672 1351 ris
1707 1306 1977 1365 AEgyptiaci
1998 1311 2158 1346 auctor
2178 1301 2291 1358 suit,
2321 1300 2382 1343 ab
2407 1313 2548 1357 eoque
2575 1302 2730 1358 prima
2761 1302 2902 1360 AEgy·
2947 1296 2953 1311 ⁵
2989 1319 2995 1330 ν

1600 1383 1799 1439 ptiorum
1820 1378 2040 1435 dynastia
2058 1387 2250 1417 manare
2269 1371 2500 1415 credenda
2521 1380 2604 1414 est.

1676 1468 1720 1509 7.
1748 1451 1921 1509 Quodsi
1946 1458 2193 1506 temporum
2229 1449 2365 1503 copia
2389 1443 2543 1487 adhuc
2565 1443 2798 1499 exuberet,
2829 1445 2902 1488 re-

1602 1524 1858 1586 putandum
1890 1531 1958 1565 est
1987 1522 2144 1582 plures
2168 1515 2393 1575 sortasse*
2419 1519 2740 1575 AEgyptiorum
2773 1511 2906 1578 reges

1608 1615 1702 1642 una
1724 1598 1975 1655 eademque
1990 1602 2130 1637 oetate
2151 1595 2380 1636 exstitisse
2389 1606 2408 1644 ,-
2437 1604 2635 1648 namque
2652 1599 2698 1634 et
2732 1588 2904 1634 Thini-

1611 1683 1681 1715 tas
1707 1673 1969 1729 regnavisse
2004 1670 2142 1709 aiunt
2177 1674 2224 1708 et
2263 1661 2549 1722 Memphitas
2592 1671 2638 1707 et
2661 1661 2824 1706 Saitas
2860 1673 2907 1707 et

1610 1743 1852 1801 AEthiopes
1871 1739 2120 1797 eodemque
2154 1746 2355 1795 tempore
2370 1736 2506 1780 alios.
2533 1735 2580 1776 V
2577 1734 2760 1778 identur
2766 1750 2903 1794 prce-

1611 1827 1736 1861 terea
1750 1817 1835 1859 alii
1847 1827 2023 1874 quoque
2042 1811 2158 1854 alibi
2174 1813 2409 1869 imperium
2431 1811 2626 1851 tenuisse
2639 1823 2655 1850 .·
2676 1816 2815 1866 atque
2827 1807 2907 1851 hoe
2960 1802 2964 1843 Ῑ

1611 1891 1840 1948 dynastiae
1865 1902 1946 1930 suo
1965 1898 2158 1943 quaeque
2181 1886 2226 1926 in
2254 1896 2388 1925 nomo
2419 1889 2563 1923 semet
2597 1880 2868 1924 continuisse
2889 1896 2904 1922 .·

1614 1967 1630 2006 i
1634 1973 1681 2006 ta
1699 1971 1749 2004 ut
1766 1959 1896 2004 haud
1914 1958 2086 2016 singuli
2101 1970 2231 2015 reges
2244 1957 2535 1997 successivam
2547 1960 2822 2012 potestatem
2835 1967 2904 1996 ac·
2960 1963 2963 1998 ζ
2998 1936 3006 1989 l

1611 2038 1816 2095 ceperint
1827 2068 1836 2085 ,
1861 2032 1944 2075 sed
1959 2032 2081 2073 alius
2093 2031 2186 2073 alio
2205 2030 2300 2072 loco
2313 2028 2473 2071 eadem
2486 2036 2627 2071 oetate
2637 2030 2905 2086 regnaverit.

1618 2111 1764 2166 Atque
1789 2106 1897 2149 hinc
1919 2107 2130 2160 contigit,
2171 2111 2220 2144 ut
2257 2110 2408 2144 tantus
2437 2114 2652 2143 numerus
2684 2114 2907 2143 annorum

1612 2180 1843 2239 confieret.
1870 2178 1967 2222 Nos
1991 2190 2119 2228 vero,
2146 2173 2218 2216 his
2239 2188 2413 2217 omissis
2421 2205 2434 2228 ,
2465 2187 2793 2232 persequamur
2814 2177 2911 2215 sin-

1613 2255 1820 2314 gillatim
1836 2253 2072 2311 AEgyptiot
2075 2263 2156 2292 um
2178 2246 2542 2306 chronologiam.
2953 2236 2955 2238 ’

1686 2326 1712 2385 §
1738 2342 1779 2369 1.
1817 2325 2001 2368 Primus
2032 2318 2198 2380 homo]
2226 2320 2354 2363 scioli
2379 2317 2615 2376 cujusdam
2642 2327 2764 2362 sunt.
2787 2318 2912 2363 Deos
2937 2372 2947 2373 ἶ

1618 2399 1730 2442 istos
1751 2412 1914 2441 revera
1931 2396 2145 2439 homines
2168 2393 2303 2436 fuisse
2329 2390 2606 2436 statuebant.
2631 2392 2682 2436 V.
2707 2389 2908 2436 Diodor.

1610 2473 1650 2527 I,
1673 2470 1726 2514 13
1746 2479 1790 2514 et
1802 2469 1983 2529 passim.
1998 2493 2055 2500 -
2059 2476 2224 2526 postea
2241 2458 2631 2524 Agathodoemon]
2645 2462 2754 2506 Haec
2766 2462 2914 2522 Majus
2932 2516 2935 2517 ⁷

1611 2544 1804 2588 inseruit
1838 2559 1863 2587 e
1882 2541 2092 2602 margine
2127 2539 2323 2593 codicis,
2355 2537 2438 2595 qui
2471 2537 2683 2580 lacunam
2707 2519 2932 2583 exhibet.¹

1612 2617 1876 2670 Aucherus,
1901 2615 1982 2674 qui
1998 2612 2272 2659 Armeniaca
2293 2609 2441 2653 verbo
2464 2618 2596 2653 tenus
2611 2606 2812 2653 reddere
2831 2623 2912 2654 so-

1725 2689 1866 2732 vertit
1897 2703 1907 2731 :
1945 2703 1977 2730 a
2008 2701 2095 2745 quo
2126 2686 2221 2738 sol,·
2257 2698 2388 2743 quem
2417 2679 2467 2704 *⁴⁶
2496 2681 2736 2726 Saturnus.
2774 2681 2914 2728 Unde
2979 2669 2981 2671 ι

1619 2762 1868 2806 Boeckhius
1890 2754 1925 2805 l.
1952 2760 1986 2805 l.
2019 2775 2071 2818 p.
2110 2757 2170 2801 83
2212 2758 2263 2800 in
2292 2755 2451 2815 graecis
2478 2753 2613 2798 fuisse
2636 2746 2834 2798 statuit‘:
2865 2753 2912 2800 ὃν

1617 2831 1831 2887 διεδέξατο
1852 2828 2196 2894 Ἀγαθοδαίμων·
2220 2826 2330 2890 μετὰ
2351 2829 2499 2873 τοῦτον
2525 2825 2624 2873 κτλ.
2653 2826 2910 2889 -BydinJ

1615 2910 1751 2961 Biten
1794 2906 1998 2950 Aucheri
2034 2904 2204 2948 versio.
2244 2904 2288 2946 Is
2321 2901 2401 2959 qui
2433 2900 2491 2943 sit
2522 2913 2690 2957 parum
2713 2907 2907 2957 constat.

1616 2979 1865 3024 Probabile
1883 2987 2037 3022 tamen
2056 2985 2122 3020 est
2140 2974 2341 3019 eundem
2362 2972 2573 3027 indicari,
2592 2986 2732 3030 quem
2749 2973 2901 3031 Bityn,

1614 3053 1896 3112 prophetam
1935 3049 2176 3095 Ammonis
2192 3081 2204 3102 ,
2233 3047 2314 3105 qui
2338 3047 2520 3090 Hermae
2541 3042 2600 3087 de
2622 3042 2763 3087 rebus
2792 3043 2914 3088 divi-

1616 3126 1687 3169 nis
1708 3124 1853 3168 libros
1872 3124 2200 3181 interpretatus
2217 3120 2274 3163 sit
2288 3153 2301 3175 ,
2328 3117 2530 3177 appellat
2553 3115 2832 3182 lamblichus
2844 3118 2914 3162 De

1617 3207 1749 3257 myst.
1769 3197 1907 3250 VIII,
1934 3193 1980 3241 5.
2015 3194 2111 3249 ΙΧ,
2141 3208 2186 3249 7.
2227 3194 2284 3236 V.
2320 3193 2472 3250 Zoe'ga
2505 3191 2576 3233 De
2609 3187 2736 3232 obel.
2759 3203 2810 3248 p.
2837 3194 2912 3250 49.

1617 3272 1800 3314 Bunsen
1841 3269 1871 3313 l.
1894 3268 1925 3313 l.
1958 3268 2006 3321 I,
2028 3280 2078 3324 p.
2130 3279 2234 3308 102.
2268 3265 2324 3307 In
2362 3261 2585 3306 laterculo
2621 3260 2933 3306 Manethonis'

1619 3341 1899 3402 Syncelliani
1920 3340 1992 3383 vel
2018 3337 2287 3382 Panodorei
2312 3343 2419 3394 post
2455 3336 2734 3378 Ammonem
2755 3333 2913 3392 sequi-

1622 3426 1695 3459 tur
1726 3414 1932 3467 Tithoe&-
1950 3420 2213 3471 postremus
2237 3415 2503 3452 recensetur
2521 3407 2654 3450 Zeus.
2683 3406 2754 3450 De
2783 3406 2914 3464 Bytie

1599 3489 1750 3546 nihil.
1770 3485 1985 3531 Eundem
2006 3494 2161 3528 tamen
2188 3496 2285 3526 esse
2305 3480 2529 3539 suspicor,
2556 3493 2694 3537 quem
2729 3486 2912 3536 postre—

1623 3575 1750 3603 mum
1771 3559 1968 3602 deorum
1994 3564 2100 3600 ante
2126 3555 2366 3599 Sesostrim
2384 3552 2521 3611 ponit
2549 3558 2594 3594 et
2626 3547 2788 3596 Θοῦλιν
2827 3565 2913 3593 vo-

1623 3641 1696 3677 cat
1714 3632 1896 3676 Malaia.
1933 3627 2129 3675 Vide-fr.
2155 3626 2206 3683 5,
2229 3635 2333 3675 not.
2353 3651 2414 3658 -—-
2437 3625 2584 3672 Juxta
2611 3635 2755 3665 annos
2779 3623 2911 3664 luna-

1622 3721 1693 3749 res
1715 3707 1909 3764 triginta
1946 3703 2136 3756 dierum,
2163 3697 2282 3759 ete.]
2309 3699 2378 3742 De
2408 3697 2537 3740 annis
2559 3695 2648 3739 illis
2676 3694 2812 3739 unius
2842 3695 2914 3739 vel
2960 3744 2961 3747 Ἰ

1623 3777 1825 3820 duorum
1841 3809 1853 3830 ,
1903 3775 2043 3818 trium
2059 3806 2071 3828 ,
2123 3779 2346 3830 quattuor
2385 3768 2612 3812 mensium
2675 3767 2915 3814 Boeckhius

1623 3848 1781 3894 laudat
1806 3847 2056 3891 Eudoxum
2090 3859 2165 3903 ap.
2209 3843 2363 3887 Procl.
2397 3840 2458 3884 ad
2492 3841 2673 3884 Platon.
2709 3841 2826 3889 Tim.
2867 3841 2912 3896 1,

1623 3938 1673 3981 p.
1701 3920 1788 3975 313
1807 3922 1956 3964 Vario
1977 3932 2052 3976 ap.
2075 3918 2285 3960 Lactant.
2312 3916 2372 3959 D.
2402 3913 2458 3958 G.
2486 3913 2558 3967 11,
2602 3927 2683 3968 1²3
2711 3911 2908 3956 Diodor.

1626 3992 1780 4048 1‚26;
1806 3991 1923 4036 Plin.
1947 3989 2058 4045 VII,
2096 4002 2173 4042 103
2199 3985 2431 4051 Plutarch.
2469 3985 2607 4030 Num.
2639 3982 2718 4039 183
2743 3984 2910 4028 Censo·
2947 4005 2950 4010 ·

1626 4066 1716 4108 rin.
1742 4066 1800 4110 D.
1835 4064 1891 4108 N.
1950 4076 2032 4120 193
2061 4059 2264 4104 African.
2311 4073 2385 4117 ap.
2426 4057 2623 4116 Syncell
2653 4071 2700 4115 p.
2740 4061 2824 4110 40,
2849 4058 2935 4110 D;-

1627 4138 1802 4182 Chion.
1826 4135 2028 4180 Paschal.
2051 4149 2096 4192 p.
2125 4131 2212 4186 45,
2240 4133 2274 4175 B
2292 4139 2337 4174 et
2362 4130 2469 4173 inde
2487 4129 2649 4174 suidas
2667 4145 2712 4172 V.
2735 4124 2935 4181 “’;Ηλιος.σ

1627 4209 1822 4253 Cedren.
1849 4223 1898 4267 p.
1941 4222 1992 4262 17
2020 4221 2090 4264 sq.
2115 4204 2255 4249 Paris.
2290 4204 2502 4248 Ceterum
2528 4201 2645 4244 hanc
2670 4209 2912 4258 computa-
