3016 4628
1091 318 1175 366 DE
1209 316 1412 366 REBUS
1448 318 1748 367 PUBLICIS.

171 455 208 489 7.
245 436 414 485 Πωλεῒν
445 431 490 480 δὲ
513 434 592 495 γῆν
626 423 982 488 Λακεδαιμονίοις
1014 422 1191 488 αἰσχρὸν
1217 423 1389 486 νενόμι-

108 528 229 559 σται·
253 511 327 566 τῆς
347 505 382 552 δ’
406 501 590 570 ἀρχαίας
609 498 758 564 μοίρας
776 494 872 544 οὐδὲ
896 495 1072 551 ἔξεστιν.

174 599 211 631 8.
247 581 347 628 Τῶν
368 579 410 625 ἐν
431 571 720 634 Λακεδαίμονι
741 571 951 632 γυναικῶν
974 566 1133 629 κόσμος
1157 565 1390 632 ἀφῄρηται,

112 653 205 701 οὐδὲ
229 657 369 712 κομᾶν
393 647 572 705 ἔξεστιν,
593 642 687 692 οὐδὲ
708 647 1004 707 χρυσοφορεῖν.
1032 639 1249 703 Τρέφουσι
1270 639 1313 685 δὲ
1337 637 1392 686 τὰ

109 724 259 782 τέκνα,
294 720 404 769 ὥστε
431 716 644 782 μηδέποτε
679 716 884 777 πληροῦν,
918 710 988 758 ἵνα
1019 710 1239 766 ἐθίζωνται
1263 709 1393 757 δύνα-

109 799 208 843 σθαι
247 796 413 852 πεινῆν.
450 788 664 845 Ἐθίζουσι
697 785 743 832 δὲ
773 782 924 837 αὐτοὺς
957 782 1030 831 καὶ
1065 782 1283 844 κλέπτειν,
1319 781 1393 829 καὶ

109 865 181 914 τὸν
202 864 358 912 ἁλόντα
378 861 602 916 κολάζουσι
617 858 825 918 πληγαῖς,
840 854 894 901 ἵν’
909 856 958 902 ἐκ
975 854 1126 902 τούτου
1148 853 1291 901 πονεῖν
1318 852 1393 900 καὶ

111 937 338 1001 ἀγρυπνεῖν
365 933 570 982 δύνωνται
595 932 638 978 ἐν
666 932 752 983 τοῖς
775 926 995 990 πολέμοις.
1015 928 1246 976 Μελετῶσι
1267 923 1310 972 δὲ
1332 926 1394 972 εὖ·

111 1008 182 1064 θὺς
213 1010 262 1056 ἐκ
290 1006 454 1054 παίδων
477 1004 778 1069 βραχυλογεῖν,
811 993 904 1048 εἶτα
954 996 1152 1062 ἐμμελῶς
1175 997 1248 1045 καὶ
1284 996 1394 1045 σκώ·

109 1098 230 1128 πτειν
259 1078 332 1127 καὶ
365 1076 651 1126 σκώπτεσθαι.
719 1075 920 1126 Εὖτελεῖς
945 1071 988 1119 δὲ
1025 1070 1160 1136 ταφαὶ
1197 1069 1271 1117 καὶ
1295 1069 1390 1117 ἴσαι

111 1150 242 1200 πᾶσίν
261 1153 360 1199 εἶσι.
397 1148 555 1198 Πέττει
573 1149 609 1195 δ’
635 1149 678 1194 ἐν
707 1147 848 1200 αὐτοῖς
868 1146 982 1193 σῖτον
1004 1143 1138 1198 οὐδείς
1155 1162 1165 1173 ·
1187 1142 1284 1191 οὐδὲ
1310 1142 1393 1208 γὰρ

112 1224 268 1290 ἄλευρα
288 1221 529 1286 κομίζουσι,
554 1223 767 1268 σιτοῦνται
788 1217 824 1266 δ’
845 1217 1023 1284 ἄλφιτα.

554 1321 640 1371 111.
676 1319 951 1368 ΚΡΗΤΩΝ.

175 1420 269 1480 Τὴν
302 1418 522 1486 Κρητικὴν
547 1418 766 1467 πολιτείαν
785 1416 954 1482 λέγεται
989 1419 1152 1482 πρῶτος
1175 1419 1395 1474 καταστῆ-

115 1512 188 1542 σαι
221 1493 393 1552 Μίνως,
424 1491 658 1558 πρακτικός
686 1510 734 1538 τε
766 1490 856 1553 ἅμα
885 1489 959 1538 καὶ
996 1488 1223 1552 νομοθέτης
1255 1506 1397 1535 σπου-

113 1566 231 1620 δαῖος
252 1564 494 1629 γενόμενος·
519 1566 701 1612 ἐποιεῖτο
721 1561 764 1610 δὲ
782 1561 835 1610 δι’
852 1561 1024 1609 ἐννάτου
1051 1561 1167 1614 ἔτους
1188 1558 1269 1617 τὴν
1286 1560 1395 1606 ἐπα-

113 1638 315 1703 νόρθωσιν
349 1640 434 1685 τῶν
464 1636 622 1699 νόμων.
709 1634 762 1699 (2)
793 1633 899 1684 “On
931 1633 976 1681 δὲ
1017 1631 1286 1698 ἀρχαιοτάτη
1311 1633 1396 1679 τῶν

114 1711 343 1758 πολιτειῶν
366 1712 394 1767 ἡ
432 1706 653 1771 Κρητικὴ,
678 1704 876 1771 ἐμφαίνει
907 1705 980 1752 καὶ
1010 1703 1235 1769 “Ομηρος,
1256 1703 1395 1768 λέγων

113 1780 192 1836 τὰς
210 1781 356 1836 πόλεις
380 1781 518 1827 αὐτῶν
539 1772 592 1827 εῧ
615 1797 699 1825 ναι
714 1798 807 1826 ετα
821 1777 855 1825 ώ
870 1796 936 1825 σα
950 1797 990 1831 ς·
1019 1777 1094 1824 καὶ
1115 1776 1393 1842 Ἀρχίλοχος,

112 1853 156 1899 ἐν
177 1843 237 1906 οἷς
258 1851 547 1900 ἐπισκώπτων
571 1850 667 1898 τινά
692 1868 838 1915 φησιν,

216 1978 225 1988 .
235 1977 262 1988 ..
279 1947 394 1998 νόμος
411 1946 453 1986 δὲ
468 1945 661 1998 Κρητικὸς
676 1943 910 1984 διδάσκεται.-

115 2035 168 2098 (a)
190 2036 248 2084 Οἱ
271 2033 420 2086 παῖδες
439 2035 476 2080 οἱ
498 2033 542 2084 ἐν
562 2030 717 2097 Κρήτῃ
743 2032 838 2092 μετ’
862 2028 1064 2086 ἀλλήλων
1083 2030 1329 2076 διαιτῶνται
1354 2031 1396 2076 ἐν

113 2106 175 2154 ἑνὶ
193 2106 354 2171 ἱματίῳ
379 2103 523 2171 θέρους
542 2104 618 2152 καὶ
631 2107 857 2170 χειμῶνος.
926 2102 1209 2167 Ἀθροίζονται
1226 2102 1270 2150 δὲ
1296 2102 1399 2166 ἀγέ-

112 2180 186 2226 λαι
207 2177 388 2239 τούτων,
409 2177 484 2224 καὶ
505 2179 568 2242 ἐφ’
598 2175 779 2234 ἑκάστης
804 2175 950 2239 ἄρχων
968 2173 1151 2236 γίνεται,
1170 2174 1216 2222 ὃν
1237 2177 1400 2222 καλοῦ-

100 2268 180 2297 ’σιν
205 2249 442 2313 ἀγελάτην·
460 2248 533 2296 καὶ
556 2247 739 2314 ἀθροίζει
763 2245 934 2305 αὐτοὺς,
957 2244 1061 2293 ὅπου
1083 2246 1218 2307 θέλει,
1235 2247 1310 2295 καὶ
1329 2246 1400 2294 ἐπὶ

115 2320 252 2385 θήραν
278 2319 438 2381 ἐξάγει.
510 2318 600 2367 Καὶ
631 2318 686 2365 τὰ
708 2317 849 2366 πολλὰ
872 2321 1111 2382 κοιμῶνται
1137 2320 1230 2380 μετ’
1259 2318 1399 2376 ἀλλή-

115 2394 217 2442 λων.
291 2393 346 2456 (4)
372 2395 603 2441 Ποιοῧνται
623 2391 667 2438 δὲ
691 2390 765 2438 καὶ
783 2392 929 2454 μάχας
958 2389 1072 2438 κατὰ
1100 2390 1230 2452 νόμον
1250 2390 1334 2446 πύξ
1353 2410 1400 2438 τε

54 2494 70 2517 ·,
114 2463 190 2511 καὶ
231 2463 391 2524 ξύλοις,
430 2463 504 2511 καὶ
538 2462 640 2511 ὅταν
677 2463 1041 2525 συμὸάλλωνται,
1083 2462 1263 2510 αὖλοῧσί
1294 2482 1402 2516 τινες

53 2525 85 2594 ·.'v
119 2536 260 2590 αὐτοῖς
282 2535 357 2582 καὶ
377 2535 652 2600 κιθαρίζουσι.
695 2534 780 2583 Καὶ
805 2534 909 2600 πρὸς
941 2532 1137 2597 ἀνδρείαν
1156 2534 1230 2581 καὶ
1248 2553 1400 2598 καρτε-

16 2667 17 2670 Ὶ
115 2599 213 2671 ρίαν
244 2609 466 2663 ἐθίζονται.
498 2606 748 2672 Γράμματα
772 2606 817 2654 δὲ
844 2607 970 2670 μόνον
994 2607 1299 2667 παιδεύονται,
1326 2607 1399 2654 καὶ

16 2674 17 2679 ’
57 2733 60 2739 ,
116 2683 253 2726 ταῦτα
272 2679 466 2743 μετρίως.

63 2744 66 2746 ’
183 2767 219 2799 5.
253 2753 360 2805 Ταῖς
391 2750 435 2798 δὲ
466 2751 571 2815 πρὸς
601 2750 698 2805 τοὺς
739 2751 920 2816 ἄρρενας
962 2754 1185 2816 ἐρωτικαῖς
1216 2750 1403 2814 ὁμιλίαις

119 2820 282 2870 ἐοίκασι
311 2825 475 2888 πρῶτοι
499 2827 758 2888 κεχρῆσθαι,
782 2822 857 2871 καὶ
880 2825 958 2870 οὐκ
979 2822 1157 2888 αἰσχρὸν
1181 2826 1286 2888 παρ’
1321 2825 1403 2869 αῦ-

118 2960 278 3001 storiam
300 2961 501 3012 conjungit
515 2971 607 3000 cum
619 2961 828 3011 proverbio
844 2961 953 3000 Μετὰ
973 2962 1140 3001 Λέσὸιον
1158 2961 1270 3012 ᾠδὸν,
1289 2960 1402 3010 cujus

119 3017 299 3058 meminit
314 3019 541 3059 Aristoteles
560 3019 608 3059 sr.
627 3022 692 3068 87,
714 3019 783 3058 ubi
803 3018 884 3059 vid.
902 3021 1052 3058 notam·
1076 3021 1210 3065 Quare
1222 3021 1404 3058 nostrum

120 3085 276 3126 quoque
290 3076 422 3116 locum
439 3087 488 3116 ex
506 3077 646 3116 eodem
665 3077 873 3116 Aristotele
898 3076 1058 3116 fluxisse
1076 3077 1217 3116 statuit
1238 3077 1403 3117 Schnei-

119 3130 309 3174 dewinus.
323 3156 373 3163 -
385 3138 422 3174 7.
441 3134 684 3186 νενόμισται]
702 3137 772 3175 Ao
788 3140 816 3175 a
832 3135 856 3174 b
873 3135 990 3185 edem
1006 3135 1225 3186 νενομίσθαι
1242 3136 1336 3174 cett.
1354 3156 1405 3164 —

120 3195 187 3239 τῆς
201 3192 235 3232 δ’
255 3192 367 3244 ἀρχ.]
387 3193 527 3244 partic.
548 3194 590 3234 δὲ
607 3193 773 3234 inseruit
799 3194 1090 3235 Schneidewin.
1116 3194 1279 3243 Cragius
1299 3194 1405 3234 hunc

82 3263 87 3268 ’
122 3247 254 3291 locum
276 3250 332 3291 ita
346 3251 526 3291 exhihuit
549 3252 751 3303 ;αἶσχρόν.
777 3252 996 3304 νενομίσθαι
1011 3256 1076 3300 τῆς
1095 3252 1256 3303 ἀρχαίας
1273 3252 1405 3303 μοίρας

83 3307 344 3364 4ξ-,νινεμῆσθαι
363 3309 442 3348 οὐδ’
463 3309 598 3355 ἔξεστι.
626 3311 729 3350 Hinc
748 3311 931 3350 Koelerus
953 3326 962 3349 :
981 3311 1141 3361 αἰσχρὸν
1163 3311 1403 3361 νενόμισται·

90 3368 186 3414 ,μιῆς
201 3365 362 3417 ἀρχαίας
375 3379 415 3417 μ.
430 3368 655 3416 νενεμῆσθαι
672 3367 750 3407 οὐδ’
766 3368 885 3413 ἔξεστι
899 3382 911 3418 ;
927 3370 1105 3418 Corayus
1124 3383 1133 3407 :
1148 3373 1215 3416 τῆς
1227 3369 1299 3420 γὰρ
1315 3369 1403 3419 ἀρχ.

91 3420 108 3474 ‚²3
119 3428 168 3473 ἶμ..
196 3422 447 3474 ἀνανέμεσθαι
476 3424 584 3463 οὐδὲν
613 3424 748 3469 ἔξεστι.
783 3427 879 3465 Haec
905 3425 1054 3464 multos
1084 3422 1318 3464 fefellerunt.
1353 3428 1404 3464 V.

81 3477 276 3538 'ffllen
292 3487 394 3526 Dor.
414 3487 466 3533 11,
489 3495 528 3535 p.
550 3489 638 3536 1953
657 3489 873 3525 Hermann.
900 3487 1062 3537 Antiqq.
1082 3489 1230 3527 Lacon.
1254 3497 1294 3536 p.
1318 3490 1404 3536 ¹793

98 3537 374 3585 essfluhoemann.
396 3542 498 3598 Hist.
519 3542 602 3593 jur.
619 3543 731 3594 publ.
750 3555 789 3594 p.
818 3547 903 3583 117.
925 3569 968 3578 -
994 3549 1032 3584 8.
1058 3544 1205 3596 κομᾶν]
1224 3545 1286 3584 Cf.
1305 3546 1407 3584 Miil-

95 3589 196 3640 Ι’θυι
215 3598 287 3640 1.1-.
304 3601 356 3650 u,
374 3610 412 3650 p.
430 3605 504 3641 269
519 3610 580 3650 sq.
595 3622 647 3630 -
662 3601 861 3653 κλέπτειν]
878 3602 938 3641 cr.
960 3601 1014 3641 id.
1033 3601 1087 3641 ih.
1106 3613 1145 3652 p.
1162 3599 1236 3642 310
1251 3612 1339 3652 sqq.
1357 3627 1406 3635 .-

125 3653 190 3697 ,ὡν
203 3656 364 3708 ἁλόντα]
378 3658 619 3710 τριακοσίους
638 3661 699 3699 ἁλ.
731 3661 764 3700 Α
787 3659 801 3710 (
821 3659 847 3699 i.
867 3671 902 3699 e.
930 3659 960 3699 τ’
977 3659 1159 3710 ἁλόντα).
1178 3683 1227 3692 -
1243 3658 1347 3705 εὐθὺς
1364 3660 1408 3699 ἐκ

92 3743 99 3746 .,
126 3711 254 3766 mm]
270 3715 396 3765 ABG;
410 3716 454 3754 ἐκ
467 3729 511 3756 π.
529 3716 634 3762 εὐθὺς
649 3718 744 3758 cett.
757 3738 809 3747 -
823 3717 999 3768 πέττειν]
1017 3718 1079 3758 cs.
1097 3717 1318 3758 Dicaearch.
1340 3728 1404 3766 ap.

128 3770 270 3812 Athen.
288 3767 360 3823 IV,
377 3784 417 3825 p.
441 3777 529 3825 141,
545 3779 600 3824 A;
617 3776 820 3816 Plutarch.
839 3776 968 3816 Alcib.
989 3781 1061 3825 233
1083 3775 1238 3815 Miiller.
1256 3775 1283 3814 l.
1299 3775 1327 3815 l.
1345 3778 1407 3825 11,

128 3837 174 3879 p.
190 3830 280 3880 275,
294 3835 334 3871 2.
349 3842 401 3860 -·-
412 3831 579 3883 ἄλφιτα]
595 3834 784 3873 posthaec
810 3834 852 3873 in
866 3833 1104 3873 editionibus
1118 3833 1302 3883 leguntur
1317 3843 1408 3883 quac

88 3901 90 3906 ·
129 3885 235 3940 apud
250 3897 323 3928 nos
336 3889 493 3930 exstant
511 3891 558 3930 fr.
575 3897 597 3932 3
611 3891 668 3943 §7
686 3892 726 3932 et
742 3892 792 3932 fr.
817 3898 882 3935 26.
899 3894 964 3933 Sic
984 3893 1089 3932 enim
1116 3892 1270 3932 codices
1295 3891 1408 3931 exhi-

129 3938 246 3992 buit,
259 3935 332 3988 fflsi
342 3946 450 3996 quod
461 3947 503 3987 in
525 3947 616 3988 cod.
630 3959 678 4000 p.
701 3949 823 3989 verba
841 3949 891 3989 fr.
913 3953 954 3999 3,
973 3954 994 3991 7
1016 3949 1029 3999 (
1047 3951 1135 3989 ’Ότι
1151 3950 1238 3995 τοὺς
1253 3950 1410 3994 εἵλωτας

130 4000 464 4043 κατεδουλώσαντὸ
482 4018 575 4044 ποτε
591 4006 887 4057 Λακεδαιμόνιοι
901 4035 912 4054 ,
926 4007 1110 4046 Θετταλοὶ
1139 4006 1178 4045 δὲ
1193 4006 1281 4051 τοὺς
1296 4007 1408 4044 πενέ-

132 4065 223 4102 πας
238 4055 283 4078 **
302 4058 520 4110 >leguntur
538 4063 658 4101 etiam
676 4065 811 4102 nostro
829 4063 931 4102 loco.
956 4063 1106 4103 Deinde
1122 4063 1161 4102 in
1183 4062 1273 4102 cod.
1298 4073 1327 4113 p
1346 4073 1410 4102 se-

131 4112 265 4163 quitur
296 4116 463 4166 spatium
493 4129 665 4159 vacuum
696 4120 869 4170 paginae,
899 4121 941 4160 in
967 4121 1143 4171 margine
1164 4131 1259 4159 vero
1281 4121 1412 4160 exstat

109 4167 248 4219 fuotn,
267 4183 357 4223 qum
379 4175 545 4215 refertur
571 4177 622 4216 ad
647 4178 792 4226 verba,
809 4189 901 4228 quae
924 4189 974 4218 ex
997 4178 1301 4218 Tarentinorum
1325 4188 1408 4228 rep.

116 4223 314 4277 'leguntur
327 4230 374 4271 fr.
396 4237 458 4271 26.
483 4234 694 4280 Quomodo
712 4235 862 4274 factum
885 4235 936 4274 sit
965 4237 1009 4274 ut
1035 4236 1201 4285 uterque
1222 4235 1334 4274 locus
1362 4235 1411 4273 ad

2650 328 2732 371 211

1518 427 1556 462 7.
1578 425 1742 463 Terram
1759 423 1881 461 ullam
1905 421 2075 461 vendere
2101 424 2204 471 apud
2223 426 2436 474 Spartanos
2456 427 2616 466 omnino
2635 429 2751 478 turpe

1466 473 1656 521 habetur;
1678 473 1820 512 veteris
1835 474 1970 511 autem
1986 472 2102 512 sortis
2125 476 2273 513 terram
2294 475 2463 516 vendere
2481 488 2529 516 ne
2550 478 2641 517 licet
2663 480 2750 528 qui-

1465 524 1556 563 dem
1570 553 1582 573 ,
1599 524 1682 573 lege
1701 522 1741 561 id
1763 524 1935 562 vetante.

1517 579 1555 615 8.
1581 573 1751 613 Feminis
1773 572 1977 623 Spartanis
2003 574 2167 612 ornatus
2196 574 2324 613 omnis
2349 575 2580 616 interdictus
2595 608 2605 626 ‚
2625 589 2753 628 neque

1466 646 1558 685 licet
1577 645 1624 685 iis
1639 656 1681 685 se
1698 655 1854 684 comere
1879 645 1918 684 et
1933 654 2076 684 aurum
2099 646 2265 694 gestare.
2287 648 2435 686 Pueros
2454 658 2546 687 suos
2573 651 2753 689 nutriunt

1466 717 1565 757 citra
1582 717 1839 768 repletionem
1854 746 1866 766 ,
1889 717 1935 756 ut
1954 717 2180 755 assuescant
2198 727 2321 766 quum
2343 729 2442 768 opus
2456 722 2515 759 est
2531 721 2674 760 samem
2692 725 2753 761 to-

1467 789 1606 829 lerare.
1629 788 1901 829 Assuefaciunt
1917 798 1984 828 eos
2002 787 2098 827 item
2110 787 2160 827 ad
2174 788 2401 839 furandum,
2415 792 2454 829 et
2469 790 2755 841 deprehensum

1467 861 1596 912 flagris
1614 860 1797 910 caedunt,
1818 861 1864 900 ut
1882 860 1958 899 hoc
1982 859 2208 899 rudimento
2228 859 2357 899 edocti
2380 861 2534 902 labores
2549 866 2589 902 et
2603 864 2757 913 vigilias

1466 934 1627 974 bellicas
1641 934 1834 974 sustinere
1855 932 2019 992 possint.
2038 934 2144 979 Quin
2161 932 2280 972 etiam
2297 932 2457 972 student
2480 934 2570 974 inde
2587 946 2610 974 a
2627 939 2757 986 pueri·

1468 1006 1523 1046 tia
1541 1006 1714 1046 breviter
1734 1006 1880 1056 dicere,
1895 1006 2168 1056 praetereaque
2179 1006 2316 1055 argute
2334 1006 2508 1045 cavillari
2521 1009 2560 1046 et
2579 1009 2759 1057 excipere

1468 1077 1624 1118 cavilla.
1646 1077 1867 1127 sepulturae
1882 1076 2046 1116 minime
2059 1076 2106 1116 iis
2117 1078 2363 1126 sumptuosae
2379 1078 2418 1116 et
2431 1078 2615 1118 omnibus
2629 1090 2760 1128 aequa·

1468 1149 1736 1189 les.Triticum
1759 1149 1862 1188 inter
1883 1159 1950 1189 eos
1969 1148 2133 1199 pinsitat
2153 1159 2294 1199 nem0;
2315 1160 2445 1200 neque
2468 1151 2572 1190 enim
2593 1152 2762 1192 farinarii

1469 1222 1677 1261 conferunt
1697 1221 1711 1270 (
1730 1220 1781 1260 ad
1797 1220 1952 1271 syssitia
1967 1221 1981 1270 )
1994 1251 2005 1269 ,
2026 1220 2095 1260 sed
2113 1220 2263 1260 hordeo
2283 1222 2512 1262 vescuntur.

1841 1321 1926 1368 ΙΙΙ.
1962 1319 2382 1369 CRETENSIUM.

1521 1422 1648 1462 Minos
1659 1421 1783 1461 fertur
1792 1421 1944 1472 primus
1955 1421 2242 1471 rempublicam
2253 1423 2481 1463 Cretensem
2494 1424 2740 1464 constituisse
2748 1458 2758 1465 .

1470 1495 1566 1535 Erat
1586 1494 1619 1534 is
1639 1504 1722 1534 non
1740 1493 1871 1534 solum
1888 1493 2006 1534 rebus
2025 1493 2204 1544 gerendis
2218 1493 2403 1545 idoneus,
2421 1495 2489 1535 sed
2505 1496 2625 1535 etiam
2648 1498 2762 1547 legis-

1469 1574 1572 1614 lator
1586 1575 1627 1614 in
1645 1574 1783 1624 primis
1802 1584 1942 1624 aequus
1957 1574 1997 1614 et
2019 1564 2160 1613 bonus.
2183 1576 2296 1614 Nono
2326 1584 2489 1624 quoque
2519 1585 2623 1614 anno
2662 1576 2765 1626 leges

1470 1646 1665 1697 corrigere
1690 1646 1856 1687 solebat.
1919 1646 1971 1697 (2)
1993 1646 2241 1686 Cretensium
2264 1646 2549 1696 rempublicam
2570 1648 2762 1698 antiquis·

1469 1724 1611 1770 simam
1631 1735 1715 1765 esse
1740 1725 1908 1765 testatur
1933 1725 1974 1764 et
1999 1726 2198 1765 Homerus
2226 1725 2304 1772 (Il.
2330 1727 2382 1774 B,
2413 1726 2538 1775 647),
2566 1737 2690 1776 quum
2710 1728 2766 1766 ait

1470 1800 1588 1841 urbes
1610 1811 1748 1841 eorum
1768 1801 1870 1841 bene
1893 1800 2126 1850 habitatas,
2143 1804 2183 1840 et
2200 1802 2458 1842 Archilochus
2477 1803 2544 1842 ubi
2567 1804 2765 1853 quendam

1469 1873 1660 1912 cavillans
1679 1873 1733 1912 ait
1754 1890 1762 1912 ε

1602 1962 1674 1995 Lex
1693 1960 1875 1995 Cretensis
1890 1960 2059 1996 docetur.

1472 2042 1510 2079 3.
1529 2039 1644 2078 Pueri
1662 2042 1868 2080 Cretenses
1878 2040 1996 2080 simul
2009 2041 2171 2091 degunt,
2182 2041 2300 2080 unica
2312 2043 2420 2081 veste
2435 2044 2571 2082 aestate
2582 2046 2620 2083 et
2637 2044 2767 2084 hieme

1472 2125 1663 2165 contenti.
1683 2126 1979 2176 congregantur
1995 2127 2129 2165 autem
2147 2136 2216 2176 per
2234 2127 2407 2176 turmas,
2425 2138 2472 2166 ac
2491 2127 2651 2167 cuilibet
2678 2130 2765 2167 tur-

1473 2213 1631 2242 marum
1647 2205 1790 2253 praeest
1807 2204 2083 2254 magistratus,
2101 2215 2220 2254 quem
2236 2204 2413 2254 agelaten
2433 2204 2582 2245 dicunt.
2605 2210 2644 2246 Is
2664 2206 2765 2258 cogit

1474 2293 1541 2322 eos
1555 2282 1597 2321 in
1613 2293 1739 2322 unum
1751 2282 1821 2322 ubi
1833 2283 1936 2333 vult,
1950 2285 2069 2333 atque
2084 2283 2134 2322 ad
2152 2284 2402 2324 venationem
2418 2284 2564 2324 educit.
2590 2286 2767 2336 Utpluri-

1473 2378 1584 2407 mum
1599 2379 1679 2407 una
1696 2379 1880 2408 somnum
1897 2367 2072 2418 capiunt.
2099 2369 2153 2418 (4)
2172 2370 2349 2419 Pugnant
2366 2369 2525 2420 (pueri)
2540 2370 2641 2410 inter
2661 2381 2703 2411 se
2716 2382 2767 2410 ex

1475 2447 1570 2498 legis
1584 2447 1767 2487 instituto
1783 2448 1924 2498 pugnis
1939 2449 1980 2487 et
1996 2448 2162 2488 fustibus
2174 2479 2184 2498 ‚
2205 2460 2410 2499 quumque
2434 2450 2742 2500 congrediuntur
2755 2481 2765 2495 ‚

1475 2527 1568 2567 sunt
1583 2528 1652 2578 qui
1669 2527 1762 2578 ipsis
1777 2527 1894 2567 tibias
1912 2528 2098 2567 accinunt
2118 2530 2158 2568 et
2173 2529 2365 2568 citharam
2387 2531 2558 2580 pulsant.
2582 2530 2640 2569 Ad
2662 2531 2768 2569 sorti-

1474 2606 1652 2647 tudinem
1667 2618 1713 2646 ac
1732 2607 1982 2647 tolerantiam
1998 2607 2227 2647 assuefiunt.
2251 2608 2399 2648 Literas
2413 2610 2571 2648 tantum
2587 2609 2743 2648 discunt
2755 2640 2765 2657 ,

1477 2688 1516 2726 et
1532 2686 1603 2726 has
1621 2697 1779 2736 quoque
1799 2687 1952 2727 nonnisi
1972 2687 2235 2727 mediocriter.

1530 2763 1565 2798 5.
1593 2759 1789 2798 Videntur
1818 2761 1952 2799 autem
1969 2759 2086 2810 primi
2109 2761 2371 2809 (Cretenses)
2394 2761 2453 2799 usi
2477 2760 2653 2800 venereis
2669 2771 2767 2799 con-

1477 2831 1672 2881 gressibus
1692 2841 1784 2870 cum
1804 2832 2011 2882 masculis,
2028 2842 2157 2882 neque
2178 2834 2295 2882 turpe
2315 2831 2353 2871 id
2375 2832 2481 2883 apud
2497 2843 2563 2872 eos
2581 2832 2766 2872 habetur.

1477 2962 1868 3001 Lacedaemoniorum
1899 2965 2037 3013 Remp.
2067 2964 2081 3013 (
2098 2975 2120 3002 a.
2151 2966 2320 3003 Perusco
2334 2993 2345 3012 ,
2373 2966 2418 3003 ut
2444 2964 2627 3014 videtur)
2645 2965 2768 3003 reser-

1478 3022 1603 3068 retur,
1624 3021 1746 3070 patet.
1766 3019 1925 3060 Scilicet
1940 3033 2064 3071 quum
2082 3021 2159 3061 loci
2186 3021 2226 3060 hi
2254 3021 2294 3060 in
2315 3021 2392 3061 tine
2410 3023 2539 3062 manci
2567 3023 2667 3071 sint,
2686 3033 2766 3061 non

1478 3079 1677 3128 perspexit
1696 3080 1851 3128 auctor,
1868 3081 2068 3129 quomodo
2087 3081 2186 3120 alter
2202 3079 2251 3118 ad
2266 3081 2472 3120 Cretenses
2485 3110 2496 3128 ,
2513 3081 2612 3120 alter
2623 3080 2674 3119 ad
2694 3083 2768 3120 Ta-

1479 3137 1653 3176 rentinos
1664 3137 1901 3187 pertineret3
1930 3149 2054 3187 quare
2076 3149 2143 3178 eos
2157 3137 2337 3178 traduxit
2352 3137 2402 3177 ad
2421 3141 2558 3188 Remp.
2585 3138 2761 3179 Lacedae·

1479 3194 1704 3234 moniorum
1718 3224 1730 3244 ,
1749 3205 1923 3244 quorum
1940 3196 1980 3235 in
1995 3198 2166 3246 utroque
2185 3196 2272 3235 loco
2288 3195 2438 3235 mentio
2454 3196 2511 3235 fit.

1530 3255 1603 3302 111,
1625 3252 1914 3303 ΙιΚΡΗΤΩΝ]
1938 3254 2098 3304 κρητική
2123 3253 2237 3303 αᾶῘφ.
2253 3253 2526 3292 -δι’ἐννάτου
2549 3252 2609 3304 ἔ.]
2634 3252 2767 3292 ἐννέω-

1479 3325 1541 3363 ρος
1573 3311 1750 3362 βασίλευε
1770 3311 1825 3351 ait
1846 3313 2007 3351 Homer.
2042 3312 2117 3351 Od.
2147 3326 2185 3360 τ,
2210 3315 2293 3352 179.
2313 3314 2363 3350 V.
2387 3311 2546 3350 Mulier.
2585 3314 2686 3350 Dor.
2715 3313 2767 3357 11,

1480 3373 1553 3418 96;
1586 3369 1726 3408 Hoeck.
1761 3371 1903 3409 Creta.
1932 3372 1966 3419 I,
1990 3380 2030 3419 p.
2054 3374 2145 3408 215.
2165 3387 2215 3394 -
2233 3375 2268 3408 2.
2295 3367 2401 3420 τινὰ]
2417 3369 2520 3413 τινὰς
2545 3371 2616 3408 AB
2636 3368 2697 3408 bc.
2717 3389 2767 3396 —-

1482 3427 1597 3478 νόμος
1613 3430 1663 3466 Κ.
1678 3426 1736 3478 8.]
1754 3438 1835 3477 quo
1851 3437 1967 3467 sensu
1983 3428 2070 3467 haec
2085 3429 2201 3478 poeta
2215 3427 2364 3467 dixerit
2375 3438 2454 3466 non
2473 3426 2609 3477 liquet.
2630 3442 2649 3461 «
2668 3429 2768 3476 Ego,

1480 3482 1806 3524 Schneidewinus
1821 3485 1897 3534 ait,
1918 3485 1960 3525 in
1979 3487 2065 3535 Ign.
2088 3485 2247 3525 Liebelii
2264 3484 2500 3525 sententiam
2512 3484 2680 3532 inclino,
2699 3485 2766 3533 qui

1482 3542 1659 3593 (Archil.
1678 3543 1727 3582 sr.
1744 3543 1838 3593 119)
1859 3542 1910 3582 ad
1932 3544 2134 3583 masculos
2146 3553 2301 3584 amores
2324 3543 2570 3583 Cretensium
2592 3543 2767 3582 allusisse.

1480 3603 1642 3652 poetam
1665 3601 1835 3651 ideoque
1853 3600 1903 3640 de
1922 3600 2114 3640 industria
2128 3601 2309 3652 ambigue
2327 3602 2505 3641 locutum
2519 3600 2692 3649 conjicit,
2710 3601 2765 3638 ita

1481 3660 1580 3699 utet
1593 3659 1642 3699 de
1658 3658 1870 3699 severitate
1886 3659 2018 3709 legum
2038 3659 2076 3698 et
2095 3658 2145 3698 de
2157 3659 2363 3699 amoribus
2378 3660 2509 3709 posset
2523 3658 2698 3707 cogitari.
2721 3657 2764 3696 ld

1481 3718 1546 3757 vel
1570 3718 1729 3768 propter
1745 3717 2002 3756 ἐπισκώπτων
2033 3716 2237 3767 probabile
2265 3718 2434 3765 videtur,
2450 3727 2574 3766 quum
2598 3726 2763 3766 praeser-

1481 3775 1555 3815 tim
1571 3778 1705 3826 Κρῆτα
1719 3774 1858 3827 τρόπον
1875 3773 2086 3824 proverbio
2109 3774 2443 3825 frequentaretur,
2463 3774 2490 3811 i.
2521 3783 2556 3812 e.
2576 3773 2763 3814 παιδικοῖς

1482 3834 1660 3884 χρῆσθαι.
1682 3831 1735 3872 V.
1756 3831 1925 3881 Hesych.
1940 3842 1971 3871 s.
1989 3842 2029 3870 v.
2046 3847 2066 3866 »
2085 3832 2232 3872 Koeleri
2251 3834 2291 3871 et
2318 3830 2460 3880 Corayi
2487 3829 2688 3879 opiniones
2700 3828 2763 3867 lu·

1482 3890 1581 3929 bens
1598 3890 1754 3929 omitto.
1778 3911 1829 3918 —-
1849 3892 1887 3929 3.
1914 3890 1953 3929 ἐν
1974 3889 2050 3940 ἑνὶ]
2079 3889 2357 3935 casaubonus;
2379 3889 2416 3925 ἐν
2445 3887 2505 3932 Β;
2527 3886 2579 3923 ἑνὶ
2606 3883 2760 3932 reliqui.

1483 3950 1542 3987 De
1554 3947 1601 3986 iis
1617 3946 1745 3997 quae§
1765 3952 1786 3986 3
1807 3968 1853 3976 —
1874 3952 1895 3986 5
1912 3948 2138 3996 narrantur,
2163 3946 2302 3986 eodem
2321 3946 2401 3983 sere
2420 3942 2536 3982 modo
2548 3970 2558 3989 ,
2576 3939 2644 3979 sed
2662 3939 2763 3978 ube·

1484 4005 1580 4054 rius,
1606 4005 1766 4055 exponit
1787 4005 1967 4054 Ephorus
1983 4005 2055 4054 (fr.
2079 4005 2154 4053 64)
2174 4015 2237 4054 ap.
2254 4002 2436 4043 strabon.
2457 4002 2490 4038 X
2506 4029 2517 4048 ‚
2539 4009 2577 4047 p.
2592 4000 2675 4061 ⁸482
2689 4026 2700 4044 ,
2717 3998 2763 4035 ut

1485 4064 1626 4103 Noster
1650 4073 1702 4101 ex
1725 4062 1900 4112 Ephoro,
1919 4064 1989 4102 aut
2006 4063 2174 4112 uterque
2191 4073 2212 4101 e
2228 4058 2428 4100 communi
2446 4055 2620 4094 hauserit
2637 4053 2758 4119 sonte.

1485 4120 1544 4160 Cf.
1558 4119 1695 4160 Hoeck.
1713 4120 1741 4158 l.
1761 4120 1789 4158 l.
1807 4130 1845 4170 p.
1859 4124 1907 4160 98
1924 4130 2029 4169 sqq„
2053 4119 2209 4158 Miiller.
2232 4120 2327 4156 Dor.
2347 4114 2419 4152 298
2433 4123 2516 4161 sqq.
2540 4132 2590 4174 -f
2612 4116 2648 4148 5.
2670 4123 2761 4148 οταν

1485 4178 1525 4216 δὲ
1545 4176 1634 4228 κρ.]
1675 4178 1871 4216 Lacunam
1905 4177 1998 4215 ante
2034 4176 2119 4214 haec
2154 4173 2307 4214 notavit
2341 4168 2624 4210 Schneidewm.
2659 4168 2760 4210 Qua:

1486 4233 1616 4273 omisit
1637 4235 1843 4282 excerptor
1859 4233 2039 4282 supplere
2055 4233 2145 4270 licet
2158 4242 2205 4269 ex
2222 4228 2376 4278 Ephoro
2394 4227 2418 4265 l.
2435 4226 2460 4262 l.
2489 4237 2497 4262 ε
2516 4224 2629 4262 Ἰδιον
2646 4224 2677 4261 δ’
2697 4224 2758 4261 αὐ·

2514 4300 2563 4330 14.
