3016 4628
267 271 358 310 482

326 369 381 411 In
400 367 536 411 Samo
564 367 707 411 insula
727 366 850 411 diem
872 367 1037 411 obiisse
1055 366 1367 425 Pherecydem
1394 375 1553 411 narrat
1586 374 1593 416 ξ

263 439 494 484 lleraclid.
534 440 754 484 Ponticus
777 439 836 484 fr.
873 454 958 496 103
996 439 1120 483 idem
1159 440 1370 484 statuerit
1397 439 1550 485 Duris.

259 510 589 570 Subjungimus
621 526 723 570 quae
748 511 807 556 de
832 512 930 556 aliis
961 511 1239 571 quibusdam
1273 510 1554 569 sapientibus

260 598 315 626 ex
336 582 496 627 iisdem
518 583 643 627 haud
661 583 804 628 dubie
826 584 1081 629 Annalibus
1103 583 1364 629 traduntur.

869 691 945 721 02.

324 771 457 816 Idem
480 774 525 828 Ι,
550 787 609 816 22
633 787 644 819 :
681 762 768 818 ’Ἦν
794 769 933 817 τοίνυν
969 774 990 816 ὁ
1018 771 1190 828 Θαλῆς,
1216 772 1272 823 ὡς
1307 768 1384 830 μὲν
1421 766 1551 832 εΗρό-

259 841 376 896 δοτος
411 842 484 888 καὶ
508 843 661 908 Δοῦρις
684 841 759 889 καὶ
780 842 1048 906 Δημόκριτός
1089 860 1234 902 φασιν,
1272 839 1434 904 πατρὸς
1474 838 1551 902 μὲν

259 914 493 978 Ἐξαμύου,
516 915 677 980 μητρὸς
702 915 744 962 δὲ
763 915 1091 972 Κλεοὸουλίνης,
1112 917 1158 962 ἐκ
1175 917 1258 961 τῶν
1281 914 1500 971 Θηλιδῶν,
1514 911 1557 959 οἵ

258 990 340 1035 εἶσι
356 987 571 1046 Φοίνικες,
586 988 878 1051 εὐγενέστατοι
893 990 974 1033 τῶν
995 986 1080 1032 ἀπὸ
1099 985 1278 1048 Κάδμου
1296 984 1370 1032 καὶ
1384 983 1553 1047 Ἀγήνο-

259 1079 350 1124 ρος,
375 1059 487 1107 καθὰ
506 1059 581 1107 καὶ
621 1059 807 1109 Πλάτων
829 1059 991 1123 φησί...
1017 1056 1425 1122 Ἐπολιτογραφήθη
1442 1055 1486 1103 δὲ
1508 1058 1551 1103 ἐν

258 1130 459 1197 Μιλήτῳ,
482 1131 551 1179 ὅτε
572 1125 673 1190 ἦλθε
698 1131 772 1178 σὺν
797 1129 963 1196 Νειλέῳ
982 1129 1203 1178 ἐκπεσόντι
1226 1129 1448 1188 Φοινίκης.

321 1208 376 1252 V.
399 1205 631 1252 Herodot.
658 1209 695 1262 I,
728 1221 833 1263 170.
856 1206 971 1264 ibiq.
998 1206 1193 1265 interpr.
1221 1231 1284 1239 —-
1308 1201 1550 1266 Ἐξαμύου]

257 1294 333 1340 vg.
374 1275 599 1339 Ἐξαμίου.
636 1281 692 1327 V.
728 1274 1022 1324 Dind01·f.“in
1061 1279 1221 1337 Steph.
1264 1278 1398 1324 Thes.
1437 1294 1473 1323 s.
1502 1293 1547 1323 V.

260 1350 502 1414 ἐπολιτογρ.
526 1369 553 1396 κ
572 1369 611 1396 τ.
633 1350 694 1412 λ.]
726 1370 744 1390 «
775 1353 882 1394 Haec
907 1366 1096 1409 quoque
1118 1350 1310 1396 Duridis
1329 1366 1422 1394 esse
1445 1366 1553 1394 con-

252 1423 364 1482 jicio
389 1446 424 1470 ».
451 1426 718 1468 Halleman.
742 1426 811 1467 De
835 1424 969 1467 Nileo
992 1424 1076 1468 isto
1100 1425 1215 1467 nihil
1242 1432 1435 1469 constat.

860 1510 940 1558 53.

321 1605 520 1665 Diogen.
547 1607 602 1650 L.
637 1606 683 1659 I,
722 1609 779 1660 74
811 1620 821 1647 z
853 1601 1091 1662 Πιττακὸς,
1127 1602 1381 1669 Ὑρραδίου,
1408 1606 1545 1652 Μυτι-

256 1675 445 1733 ληναῖος.
481 1675 603 1732 Φησὶ
644 1674 687 1721 δὲ
724 1679 876 1740 Δοῦρις
910 1674 981 1722 τὸν
1016 1677 1185 1741 πατέρα
1221 1678 1353 1724 αὐτοῦ
1389 1678 1549 1743 Θρᾷκα

256 1739 376 1795 εἶναι.
402 1749 470 1796 Cf.
495 1750 684 1797 Suidas:
707 1747 935 1807 Πιττακὸς,
959 1748 1044 1803 υἱὸς
1070 1751 1237 1797 Καϊκοῦ
1266 1749 1294 1808 ἢ
1316 1749 1548 1815 Ὑρραδίου

258 1817 439 1885 (’Ύρρα
474 1826 631 1868 Arsen.
666 1825 832 1870 Violet.
862 1840 893 1883 p
921 1823 1046 1885 513)
1085 1823 1285 1888 Θρᾳκὸς,
1320 1823 1480 1889 μητρὸς
1505 1823 1548 1871 δὲ

254 1892 458 1945 Λεσὸίας.

857 1969 933 2022 54.

318 2060 516 2120 Diogen.
541 2063 595 2107 L.
624 2063 669 2116 Ι,
700 2061 758 2105 82
786 2076 797 2108 :
832 2058 970 2123 Βίας,
992 2060 1248 2125 Τευτάμου,
1284 2064 1547 2127 Πριηνεύς...

252 2132 397 2175 τοῦτον
421 2132 458 2176 οἱ
485 2129 560 2190 μὲν
588 2130 807 2195 πλούσιον,
834 2137 986 2198 Δοῦρις
1006 2133 1050 2181 δὲ
1070 2133 1278 2200 πάροικόν
1298 2155 1402 2201 φησι
1425 2155 1549 2202 γεγο·

252 2201 381 2249 νέναι.
403 2206 493 2248 Pro
516 2202 715 2250 πλούσιον
738 2208 872 2253 Gent.
899 2209 1025 2268 conj.
1054 2207 1251 2266 πολίτην.

856 2293 935 2342 55.

310 2382 514 2442 Diogen.
538 2386 592 2430 L.
619 2386 658 2440 I,
687 2387 748 2446 89
770 2400 781 2432 :
818 2384 1113 2446 Κλεόὸουλος,
1148 2388 1374 2454 Εὐαγόρου
1393 2427 1406 2453 ,
1445 2391 1549 2440 Λίν-

252 2453 355 2506 διος·
373 2455 428 2507 ὡς
449 2453 492 2500 δὲ
517 2457 692 2520 Δοῦρις,
720 2456 832 2522 Κάρ.

859 2549 938 2600 56.

317 2655 545 2715 Porphyr.
573 2659 661 2702 vit.
687 2659 818 2719 Pyth.
841 2660 884 2720 §.
917 2661 942 2706 3
977 2677 988 2708 z
1018 2664 1171 2726 Δοῦρις
1195 2664 1231 2709 δ’
1257 2666 1280 2710 ὃ
1309 2663 1476 2727 Σάμιος
1502 2667 1546 2714 ἐν

254 2724 435 2790 δευτέρῳ
451 2729 532 2773 τῶν
547 2725 699 2793 ςὨρων
717 2731 853 2778 παῖδά
870 2735 907 2778 τ’
928 2736 1061 2781 αὐτοῦ
1085 2735 1323 2802 ἀναγράφει
1346 2737 1547 2803 Ἀρίμνη-
1623 2741 1697 2789 καὶ
1717 2744 1765 2790 ἐκ
1784 2747 1868 2791 τῶν
1887 2744 2210 2812 Ἀριστοφάνους
2225 2746 2482 2814 Ἀχαρνέων.
2501 2752 2696 2812 Eadem,
2713 2770 2814 2803 non
2827 2767 2939 2810 non.

264 2823 2919 2865 *Q

859 2876 931 2916 52.

305 2955 471 3007 Thales,
494 2960 537 2998 ut
561 2962 780 3003 Herodotus
795 2994 807 3013 ,
832 2966 950 3007 Duris
980 2971 1020 3008 et
1040 2955 1290 3012 Democritus
1316 2972 1456 3022 aiunt,
1483 2984 1548 3024 pa-

254 3020 315 3058 tre
339 3022 515 3070 Examyo
531 3052 542 3070 ,
576 3027 702 3064 matre
719 3028 954 3070 Cleobulina
978 3034 1096 3074 natus
1122 3036 1204 3085 est,
1221 3046 1272 3075 ex
1290 3036 1548 3076 Thesidarum

258 3082 429 3135 familia,⁴
442 3085 510 3134 qui
525 3087 754 3128 Phoenicum
770 3092 1000 3134 nobilissimi
1018 3107 1042 3136 a
1057 3098 1210 3138 cadmo
1227 3100 1267 3139 et
1280 3103 1457 3150 Agenore
1473 3101 1550 3140 ori-

255 3150 386 3198 ginem
416 3151 589 3204 ducunt,
613 3157 775 3198 Platone
795 3172 955 3213 quoque
970 3165 1113 3206 teste...
1146 3167 1271 3208 Mileti
1298 3171 1434 3209 autem
1454 3171 1550 3210 civi-

256 3215 356 3315 tatet
371 3213 542 3256 donatus
575 3221 655 3268 est,
691 3231 738 3260 eo
768 3226 967 3272 profectus
1004 3239 1096 3269 cum
1129 3232 1241 3272 Nileo
1278 3244 1324 3272 ex
1363 3234 1548 3274 Phoenice

257 3286 338 3324 eJec
357 3287 394 3316 ο.

862 3365 933 3404 53.

310 3439 481 3481 Pittacus
495 3472 505 3491 ‚
525 3445 784 3498 Mytilenaeus,
807 3453 1028 3502 Hyrrhadio
1059 3459 1169 3507 patre
1184 3490 1194 3510 ‚
1215 3472 1334 3511 quem
1357 3463 1549 3504 Thracem

259 3502 375 3544 fuisse
389 3505 507 3544 Duris
530 3509 667 3546 auctor
682 3513 754 3577 est.

865 3584 936 3623 54.

315 3659 424 3710 Bias,
445 3663 627 3702 'reutami
641 3664 763 3716 filius,
790 3669 1039 3714 Prienensis..
1058 3679 1174 3718 Hunc
1187 3680 1306 3722 fuisse
1321 3684 1549 3733 opulentam

258 3723 577 3827 agtautumant,
612 3730 728 3768 Duris
750 3743 844 3772 vcro
875 3736 913 3774 in
941 3739 1077 3780 alienis
1093 3744 1243 3784 aedibus
1269 3747 1465 3788 habitasse
1488 3752 1548 3790 te-

259 3801 277 3826 S
339 3801 399 3829 ur.

869 3869 939 3909 55.

311 3947 545 3998 Cleobulus,
573 3954 759 4002 Evagorne
784 3954 907 4007 filim,
929 3959 1114 4010 Lindius,
1143 3967 1227 4015 vel,
1260 3971 1305 4008 ut
1327 3971 1443 4010 Duris
1472 3973 1547 4022 ait,

261 4011 350 4048 Car.
1392 4033 1394 4035 ’

376 4138 378 4140 Ι
864 4088 932 4127 56.

316 4161 433 4201 Duris
452 4164 606 4204 Samius
630 4167 839 4208 Annalium
863 4169 961 4210 libro
979 4176 1153 4214 secundo
1179 4177 1298 4218 tilium
1322 4183 1551 4234 Pythagoras

266 4226 457 4274 memorat
475 4228 739 4270 Arimnestuni
753 4263 764 4281 ,
782 4242 952 4283 eumque
970 4236 1195 4284 magistrum
1213 4240 1308 4281 dicit
1340 4246 1459 4285 fuisse
1481 4252 1548 4288 De-

1360 260 1617 334 Dnmms
1654 260 1828 308 SAMH

1570 2128 1583 2146 s
1625 2101 1864 2148 Herodot.
1891 2103 1939 2160 Ῑ,
1964 2099 2078 2165 106)

1628 381 1745 422 στον,
1774 362 1847 410 καὶ
1873 355 2127 409 διδάσκαλόν
2153 378 2257 428 φησι
2293 363 2489 425 γενέσθαι
2510 365 2801 430 Δημοκρίτου.
2823 365 2912 416 ΤΜ

1627 437 1663 482 δ’
1701 435 1983 499 Ἀρίμνηστον
2022 434 2265 482 κατελθόντ’
2301 435 2387 483 ἀπὸ
2423 439 2500 495 τῆς
2533 441 2669 503 φυγῆς
2681 476 2694 498 ,
2729 442 2920 505 χαλκοῦν

1628 506 1830 568 ἀνάθημα
1854 509 1915 572 τῷ
1939 509 2041 571 ἱερῷ
2063 510 2140 565 τῆς
2157 503 2302 571 υΗρας
2319 511 2537 556 ἀναθεῖναι
2550 545 2564 569 ,
2596 509 2676 569 τὴν
2693 511 2923 580 διάμετρον

1628 576 1727 641 ἔχον
1747 577 1870 641 ἐγγὺς
1896 577 1971 625 δύο
1989 577 2189 643 πήχεων,
2208 573 2258 627 οὗ
2276 579 2533 646 ἐπίγραμμα
2550 575 2604 641 ἦν
2624 584 2923 650 ἐγγεγραμμό·

1627 669 1696 696 νον
1715 649 1810 697 τόδε
1826 669 1836 679 ·
2161 664 2163 666 ’
2481 668 2483 670 ’
2978 653 2986 701 ἶ

1678 740 1912 804 Πυθαγόρεω
1929 752 2033 804 φίλος
2049 756 2129 800 υἱὸς
2144 755 2390 807 Ἀρίμνηστὸς
2409 757 2448 810 μ’
2468 758 2646 811 ἀνέθηκε,

1728 818 1870 862 πολλὰς
1887 818 2048 869 ἐξευρὼν
2064 821 2133 860 εἰνὶ
2157 821 2286 873 λόγοις
2301 823 2454 874 σοφίας.

1626 908 1769 956 Τοῦτο
1793 908 1830 955 δ’
1856 909 2062 957 ἀνελόντα
2085 912 2224 975 Σῖμον
2255 911 2326 960 τὸν
2349 913 2600 979 Ἁρμονικὸν
2635 916 2711 965 καὶ
2734 915 2805 967 τὸν
2840 937 2925 981 κα·

1630 977 1731 1025 νόνα
1769 981 2129 1046 σφετερισάμενον
2163 983 2393 1049 ἐξενεγκεῖν
2430 985 2640 1042 ἅκῖδιον·
2708 981 2818 1039 εἶναι
2847 990 2935 1055 ’μὲν

1625 1043 1697 1098 οῧν
1717 1053 1827 1100 ἑπτὰ
1841 1052 1917 1108 τὰς
1935 1056 2323 1123 ἀναγεγραμμένας
2342 1059 2494 1126 σοφίας
2509 1097 2522 1120 ,
2550 1060 2621 1110 διὰ
2640 1062 2685 1112 δὲ
2705 1061 2784 1121 τὴν
2802 1055 2941 1128 plu&

1625 1123 1677 1182 ἣν
1699 1125 1834 1188 Σῖμος
1858 1126 2076 1192 ὑφείλετο,
2103 1136 2469 1195 συναφανισθῆναι
2491 1134 2567 1182 καὶ
2591 1135 2668 1192 τὰς
2691 1134 2828 1193 ἄλλας
2846 1136 2943 1199 τ]
2981 1163 2987 1184 ÷

1626 1200 1669 1245 ἐν
1694 1199 1756 1263 τῷ
1782 1201 2026 1262 ἀναθήματι
2048 1198 2370 1266 γεγραμμένας.
2523 1270 2526 1272 v
2982 1245 2986 1261 1

1692 1274 1984 1319 Arimnestus
2007 1274 2197 1322 fortasse
2221 1277 2347 1324 idem
2384 1294 2525 1339 quem
2557 1281 2728 1343 reliqui
2765 1283 2909 1331 dicun
2938 1282 2943 1294 ³

1626 1343 1967 1394 Mnesarchum.
1999 1350 2070 1393 De
2103 1351 2376 1396 Democrito
2412 1354 2661 1399 Arimnesti
2694 1351 2938 1419 discipulus.
2982 1363 2987 1404 ἓ

1625 1416 1732 1475 jure
1770 1419 2024 1467 dubitabis.
2059 1423 2116 1468 V.
2154 1421 2316 1469 Glauci
2348 1425 2553 1487 Rhegini
2579 1427 2638 1473 fr.
2671 1427 2935 1501 Quomodo}
2983 1445 2986 1478 ζ

1626 1500 1860 1549 postrema
1891 1489 1961 1536 διὰ
1987 1490 2032 1538 δὲ
2063 1490 2142 1549 τὴν
2163 1491 2267 1554 μίαν
2291 1513 2335 1543 κ.
2356 1515 2396 1543 τ.
2419 1497 2459 1543 λ.
2481 1499 2783 1560 intelligenda
2803 1502 2933 1560 sint.
2983 1502 2987 1553 ἶ

1626 1562 1740 1606 mihi
1757 1579 1856 1608 non
1880 1565 2044 1624 liquet.

1693 1663 1696 1666 >
2236 1637 2315 1698 57.

1689 1736 1882 1782 Suidas:
1917 1735 2164 1796 Πανύασις,
2194 1738 2454 1807 Πολυάρχου
2473 1778 2486 1802 ,
2515 1740 2925 1807 Ἁλικαρνασσεύς...

1624 1809 1776 1872 Δοῦρις
1800 1806 1844 1854 δὲ
1869 1807 2100 1865 Διοκλέους
2131 1829 2175 1858 τε
2202 1813 2340 1860 παῖδα
2374 1815 2592 1881 ἀνέγραψε
2621 1814 2696 1863 καὶ
2727 1815 2924 1881 Σάμιον·

1624 1879 1783 1943 ὁμοίως
1805 1880 1880 1928 καὶ
1903 1881 2137 1947 Ἡρόδοτον
2163 1883 2348 1950 Θούριον
2374 1884 2392 1950 (
2409 1903 2472 1935 sc.
2502 1885 2717 1953 ἀνέγραψε
2735 1892 2810 1936 vel
2830 1887 2924 1945 o’wssf·

1622 1955 1795 2019 γραψαν
1812 1954 1847 2018 ).
1880 1958 2123 2017 vulgatam
2152 1956 2383 2023 Ἡρόδοτος
2415 1976 2600 2009 correx.
2645 1963 2926 2034 Wesselinffi

1622 2029 1818 2075 Dissert.
1839 2030 2022 2077 Herod.
2052 2047 2103 2091 p.
2132 2047 2182 2092 9,
2212 2028 2523 2092 probantibus
2560 2035 2797 2081 Larchero
2837 2032 2926 2098 (ad

2092 2137 2104 2159 ‚
2128 2102 2297 2165 Heysio
2334 2103 2435 2166 (De
2459 2107 2692 2155 Herodot.
2719 2123 2771 2169 p.
2811 2109 2897 2173 16)
2906 2119 2929 2170 ,ἦ

1624 2173 1746 2228 aliis,
1765 2174 2065 2223 HullemanO.
2300 2168 2303 2170 ³

1914 2272 1992 2323 58.
2021 2274 2124 2337 (01.
2151 2275 2230 2335 84,
2259 2282 2317 2340 4,
2342 2293 2387 2326 a.
2410 2279 2465 2328 C.
2495 2280 2638 2342 441.)

1695 2383 2008 2443 Harpocratio
2031 2398 2043 2431 ε
2065 2382 2341 2435 Ἀσπασία...
2367 2385 2628 2452 Περικλέους
2646 2387 2776 2456 φασὶν
2791 2390 2844 2437 α’

1628 2451 1887 2501 διδάσκαλόν
1910 2473 1956 2501 τε
1981 2454 2075 2518 ἅμα
2098 2457 2174 2503 καὶ
2194 2456 2415 2523 ἐρωμένην
2439 2451 2565 2510 εἶναι.
2588 2462 2722 2511 Δοκεῖ
2740 2460 2796 2510 δὲ
2811 2463 2836 2511 δ
2940 2463 2942 2465 ’

1622 2524 1824 2588 πολέμων
1857 2526 1976 2574 αἰτία
2009 2527 2257 2592 γεγονέναι,
2287 2534 2362 2578 τοῦ
2389 2550 2435 2578 τε
2471 2534 2704 2596 Σαμιακοῦ
2737 2534 2813 2583 καὶ
2951 2558 2953 2560 .

1624 2598 2063 2664 Πελοποννησιακοῦ,
2097 2604 2155 2656 ὡς
2184 2601 2277 2650 ἔστι
2305 2606 2457 2666 μαθεῖν
2491 2605 2612 2672 παρά
2642 2625 2689 2654 τε

1623 2674 1696 2717 τοῦ
1720 2670 1894 2732 Σαμίου
1925 2671 1998 2719 καὶ
2022 2672 2304 2740 Θεοφράστου
2332 2676 2382 2723 ἐκ
2405 2680 2481 2724 τοῦ
2504 2677 2542 2725 δ’
2568 2680 2654 2726 τῶν
2679 2678 2949 2746 Πολιῃχῶῧζέ

1625 2883 1794 2923 mocriti.
1814 2886 1930 2924 Hunc
1943 2895 2039 2925 vero
2059 2886 2326 2927 Arimnestum
2341 2888 2393 2928 ab
2410 2890 2529 2930 exilio
2539 2901 2758 2942 τονθτεωιι,
2773 2902 2923 2935 aereum

1623 2946 1832 2988 donarium
1847 2949 1888 2988 in
1902 2950 2052 3000 templo
2072 2952 2239 2991 Junonis
2257 2950 2479 3005 dedicasse,
2506 2955 2677 2997 duorum
2706 2957 2788 2997 tere
2808 2958 2922 2999 cubi·

1621 3012 1710 3050 tum
1732 3010 1972 3053 diametrum
1994 3013 2164 3064 habens,
2193 3015 2259 3054 cui
2282 3015 2517 3068 inscriptum
2540 3019 2663 3060 hocce
2694 3019 2813 3062 fuerit
2841 3019 2938 3074 epi-³

1622 3085 1798 3123 gramma
1821 3092 1831 3115 τ

1691 3180 1694 3186 ¹
1711 3169 1782 3211 Qui
1797 3169 1879 3205 tulit
1895 3170 1932 3204 in
1949 3170 2070 3207 lucem
2086 3171 2201 3208 multa
2214 3175 2252 3210 et
2266 3173 2443 3219 praeclara
2461 3178 2620 3221 reperta.

1754 3228 1890 3270 gnatus
1903 3227 2135 3264 Arimnestus
2150 3229 2375 3276 Pythagorae
2391 3232 2463 3268 hoc
2480 3233 2618 3278 posuit.

1674 3303 1828 3350 simum
1837 3306 1968 3345 autem
1985 3308 2270 3348 Harmonicum
2285 3309 2360 3350 hoc
2372 3311 2579 3353 sustulisse
2593 3314 2715 3364 atque
2727 3309 2918 3356 canonem

1623 3368 1821 3408 musicum
1835 3369 1908 3409 sibi
1920 3371 2147 3412 attribuisse
2158 3373 2199 3412 et
2213 3373 2436 3415 venditasse
2450 3386 2522 3426 pro
2533 3387 2622 3416 suo.
2635 3377 2773 3419 Fuisse
2785 3378 2919 3420 autem

1623 3434 1773 3482 septem
1793 3434 1899 3473 artes
1924 3433 2162 3486 inscriptas3
2191 3437 2259 3477 sed
2278 3448 2361 3479 una
2382 3449 2406 3478 a
2435 3439 2545 3480 Simo
2563 3439 2744 3493 sublata,
2771 3453 2849 3498 ω’,
2898 3458 2910 3475 ·³

1621 3507 1782 3548 quoque
1795 3528 1806 3547 ‚
1826 3508 1919 3548 quac
1931 3498 2099 3554 'donario
2118 3502 2230 3541 erant
2241 3501 2441 3553 inscriptae
2453 3533 2465 3552 ,
2479 3503 2597 3547 fuisse
2615 3503 2777 3557 deletas.
2815 3508 2821 3516 ”
2839 3496 2905 3588 {jd

2236 3585 2308 3626 ⁵⁷·
2855 3595 2895 3650 ε

1676 3670 1863 3720 Panyasis
1895 3671 1969 3712 fuit
1994 3671 2199 3722 Polyarchi
2225 3672 2357 3723 filius,
2394 3671 2759 3718 Halicarnassum.
2815 3687 2838 3713 ι.
2889 3720 2909 3744 ⁴

1623 3743 1719 3773 vero
1738 3743 1831 3773 eum
1859 3734 2004 3775 Dioclis
2037 3735 2165 3775 filium
2183 3735 2279 3777 dicit
2293 3738 2414 3788 atque
2430 3738 2609 3779 samium
2625 3769 2637 3790 ,
2652 3739 2854 3783 simflihri
2867 3746 2869 3749 ·
2883 3742 2885 3744 ’
2898 3732 2907 3759 '¹

1623 3808 1700 3847 que
1716 3797 1962 3838 Herodotum
1995 3809 2155 3850 quoque
2182 3810 2262 3839 non
2280 3801 2692 3854 Halicarnassensem,
2724 3805 2793 3846 sed
2835 3782 2901 3841 *πᾶ

1625 3860 1727 3901 rium
1747 3862 1931 3911 appellat.

2242 3925 2314 3967 58.

1677 3998 1882 4048 Aspasiam
1915 3999 2078 4041 Periclis
2106 3999 2334 4050 magistram
2361 4002 2478 4042 simul
2515 4005 2556 4044 et
2585 4004 2775 4045 amasium
2801 4004 2866 4045 f..-

1624 4061 1775 4103 dicunt.
1793 4062 1938 4104 Eadem
1969 4062 2142 4104 duorum
2172 4063 2398 4116 bellorum,
2422 4067 2592 4108 Saminci
2622 4070 2663 4109 et
2682 4069 2853 4120 Pelopon

1623 4125 1721 4165 siaci
1735 4154 1748 4175 ,
1766 4135 1885 4166 causa
1913 4126 2031 4168 fuisse
2054 4125 2229 4176 videtur,
2251 4128 2310 4168 uti
2338 4138 2574 4179 cognoscere
2589 4130 2682 4171 licet
2705 4142 2728 4171 e
2743 4134 2819 4172 vDu
2841 4131 2850 4141 ’

1624 4188 1780 4239 samio,
1811 4190 1853 4230 et
1885 4189 2145 4241 Theophrasti
2178 4191 2282 4231 libro
2311 4194 2454 4242 quarto
2478 4193 2760 4244 Ponticorum,
2795 4196 2836 4236 ct

1627 4253 1946 4294 Acharnensibus
1967 4255 2254 4306 Aristophanis.
2848 4271 2849 4274 ¹
