3008 4542
145 244 280 292 ‘5582

261 347 561 392 Manethonis
624 348 740 391 libro
795 347 993 391 secundo
1040 346 1268 405 conflatur
1308 361 1497 405 summa¹

188 421 498 463 LXXXXII
520 434 704 478 regum,
735 434 957 464 annorum
982 419 1290 464 MMCXXI.

254 492 322 537 Cf.
344 492 517 537 Chron.
532 495 646 538 Vet:
673 490 729 537 20¹·
751 489 980 537 δυναστεία
1000 490 1311 548 Διοσπολιτῶν,
1335 491 1490 552 γενεῶν

191 563 247 623 ε’,
287 563 392 608 ἐτῶν
425 561 514 626 943'
547 562 700 627 (194).
740 591 805 598 -
824 566 882 609 111
907 565 1095 610 Canone
1120 564 1399 623 Hieronymi
1432 563 1493 607 ad

190 651 363 680 annum
381 636 588 695 primum
605 636 733 681 sethi
746 637 868 697 regis
884 645 1135 680 annotatur
1149 635 1324 680 hocce:
1347 637 1491 695 AEgy·

184 712 279 768 ptie·
292 723 382 767 per
399 724 567 754 nonam
584 710 815 754 decimam
838 710 1106 766 dynastiam
1125 723 1204 750 suo
1221 711 1495 767 imperatore

190 786 260 826 uti
285 791 541 841 coeperunt,
574 798 762 842 quorum
782 786 961 843 prt'mus
979 780 1156 826 Sethos.

257 862 441 922 Regum
473 871 520 906 et
554 877 784 907 annorum
819 862 1033 917 numeri,
1068 875 1186 919 quos
1215 860 1440 904 Eusebius
1470 875 1495 904 e

192 934 399 979 secundo
419 935 715 980 Manethonis
733 936 855 979 libro
875 934 1098 994 apponit,
1123 933 1171 976 hi
1188 942 1294 977 sunt
1316 948 1327 980 :

266 1087 322 1117 12
360 1072 473 1132 dyn.
515 1088 539 1129 7
565 1071 837 1131 Diospolitae
969 1068 1061 1123 245
1091 1066 1220 1131 (182)

267 1144 322 1189 13
494 1145 555 1189 60
579 1144 847 1203 Diospolitae
970 1141 1063 1196 453

268 1222 325 1270 14
499 1233 555 1274 77
581 1218 734 1261 Xoitae
974 1213 1063 1267 184
1091 1212 1218 1279 (484)
1281 1274 1285 1279 Ι

268 1288 325 1334 15
492 1287 548 1307 **
570 1289 810 1348 Dispolitae
972 1285 1067 1332 250

267 1362 325 1406 16
529 1359 555 1405 5
581 1362 767 1405 Thehaei
980 1374 1070 1419 190

269 1450 325 1492 17
529 1441 555 1487 4
580 1436 791 1479 Pastores
983 1432 1072 1476 103

270 1508 327 1552 18
502 1513 557 1561 14
582 1507 675 1569 (16)
691 1507 963 1567 Diospolitae
985 1505 1077 1559 348

272 1597 328 1642 19
535 1580 562 1626 5
582 1582 855 1641 Diospolitae
991 1585 1080 1640 194

438 1692 523 1734 171
551 1676 681 1738 (173)
848 1677 967 1736 1967
991 1677 1150 1736 (1904,
1170 1680 1316 1736 2294,
1339 1673 1501 1735 2267)-

266 1803 371 1860 Ipse
386 1800 610 1845 Eusebius
625 1808 817 1861 exputat
831 1815 962 1862 reges
978 1816 1038 1860 92
1055 1835 1067 1856 ,
1087 1815 1233 1845 annos
1251 1815 1277 1844 2
1288 1815 1306 1844 1
1317 1815 1343 1843 2
1354 1815 1394 1845 1.
1411 1801 1504 1844 Re-

1117 231 1534 283 MANETHONIS
1571 231 1964 282 SEBENNYTAE

1566 345 1658 390 Sed
1698 362 1844 406 quum
1877 347 2015 392 simili
2047 347 2194 392 modo
2236 346 2364 407 apud
2394 347 2666 401 Africanum
2698 363 2860 410 regum

1565 434 1788 464 numerus
1825 429 2076 480 COITUPIUS
2107 420 2191 479 sit,
2228 434 2461 465 annorum
2490 436 2606 466 vero
2643 436 2866 466 numel⁸US
2930 419 2935 421 >

1566 491 1692 535 idem
1706 492 1846 551 plane
1860 492 2072 549 tradatur
2087 501 2227 551 atque
2246 491 2375 551 apud
2394 491 2666 536 Africanum
2679 528 2692 550 ,
2717 493 2868 552 suspi-

1568 564 1642 608 cio
1662 564 1830 621 oritur‚
1856 574 1904 609 et
1930 579 2096 625 regum
2119 572 2166 608 et
2183 579 2416 608 annorum
2435 579 2684 609 numerum
2704 579 2761 609 ex
2791 565 2868 608 vi·-
2938 555 2939 558 ¹
2964 551 2977 628 Ἰ

1567 637 1682 681 tiato
1706 636 1926 682 Africano
1943 646 2118 682 temere
2133 638 2183 680 in
2201 637 2452 681 Eusebium
2463 637 2737 682 translatum
2753 651 2865 682 esse.

1569 709 1650 753 Sin
1674 724 1838 755 revera
1858 711 1922 755 ita
1945 725 2047 771 rem
2065 709 2290 754 Eusebius
2307 709 2529 766 instituit,
2547 718 2602 754 ut
2626 709 2678 752 in
2691 723 2869 753 summa
2939 731 2947 757 1v
2968 698 2979 734 ³

1569 796 1800 825 annorum
1833 797 1942 826 cum
1973 781 2194 826 Africano
2239 782 2546 839 consentiret,
2590 781 2871 841 corruptelae

1570 869 1703 898 causa
1723 854 1911 899 latuerit
1929 855 1979 898 in
1996 855 2204 899 numeris
2223 854 2443 914 dynastiae
2467 854 2581 900 XII.

1638 926 1970 987 Subjungimus
2005 927 2211 971 tabulam
2250 941 2276 971 e
2307 927 2526 971 Bunsenii
2561 941 2706 986 opere
2739 923 2869 987 (ΙΙΙ,

1570 1014 1619 1058 p.
1655 998 1717 1042 68
1750 998 1887 1059 sqq.)
1917 999 2136 1058 petitam,
2175 1013 2268 1057 qua
2295 999 2433 1059 graeci
2466 997 2679 1043 laterculi
2707 1013 2873 1059 regum

1573 1071 1687 1130 dyn.
1710 1071 1871 1115 XVIII
1907 1079 1953 1115 et
1973 1071 2094 1115 XIX
2118 1074 2470 1130 componuntur
2489 1086 2598 1115 cum
2615 1085 2782 1132 regum
2802 1086 2875 1116 se-

1571 1143 1746 1199 riebus,
1768 1158 1883 1202 quas
1891 1143 2106 1202 praebent
2116 1151 2438 1186 monumenta.
2454 1143 2584 1187 Inter
2601 1157 2655 1187 ea
2672 1144 2875 1203 primum

1573 1217 1731 1260 locum
1750 1223 1910 1260 tenent
1930 1215 2098 1260 tabulae
2129 1214 2371 1274 Abydenae
2403 1214 2655 1261 duodecim
2684 1216 2876 1261 1101111113
2934 1252 2946 1260 ,.
2987 1198 2989 1200 .

1573 1298 1805 1348 postrema
1826 1287 1907 1349 (n⁰
1939 1286 2139 1348 41-51).
2168 1288 2251 1332 His
2282 1287 2570 1347 respondent
2593 1301 2726 1348 reges
2754 1287 2879 1333 duo-
2939 1283 2947 1330 s
2984 1318 2985 1322 =

1576 1361 1729 1406 decim
1747 1376 1937 1421 pompae
1950 1394 1962 1417 ‚
1985 1376 2087 1419 quae
2107 1369 2434 1420 repraesentata
2454 1369 2520 1405 est
2535 1361 2587 1404 in
2602 1361 2876 1418 Ramesseo3

1576 1435 1715 1479 tertio
1750 1435 1858 1479 loco
1888 1434 2085 1493 ponitur
2113 1434 2252 1478 series
2282 1433 2342 1478 ad
2371 1433 2551 1478 Thebas
2579 1434 2631 1477 in
2659 1425 2882 1493 sepulcris

1576 1509 1884 1555 Gurnahianis
1917 1518 2119 1567 reperta.
2158 1508 2378 1553 Continet
2416 1508 2610 1551 nomina
2640 1515 2879 1566 quattuor,

1577 1596 1680 1640 quae
1727 1582 1778 1624 in
1812 1581 1969 1625 tabula
2005 1579 2233 1640 Abydena
2266 1589 2374 1625 sunt
2404 1581 2456 1623 n⁰
2497 1576 2666 1636 47-50.
2704 1578 2878 1638 Quarta

1576 1655 1714 1698 series
1732 1654 1979 1698 nominum
1998 1663 2176 1713 septem
2190 1687 2204 1710 ,
2226 1668 2432 1712 quorum
2454 1653 2662 1712 primum
2680 1665 2881 1713 respon—

1578 1726 1658 1771 det
1687 1727 1855 1771 ultimo
1882 1727 2018 1771 seriei
2047 1725 2387 1786 antecedentis,
2429 1724 2680 1771 exhibetur
2705 1739 2881 1769 monu-

1577 1808 1763 1856 mento,
1798 1799 1929 1859 quod
1969 1807 2210 1859 repertum
2239 1800 2291 1843 in
2319 1800 2428 1843 loco
2462 1799 2574 1843 item
2611 1797 2676 1843 ad·
2700 1797 2886 1842 Tbebas

203 1889 315 1934 gum
337 1889 587 1918 numerum
605 1883 882 1934 corruptum
899 1873 1090 1932 dixeris,
1110 1872 1505 1932 scribendumque
1576 1874 1665 1918 sito
1677 1907 1689 1929 ‚
1716 1874 1798 1932 qui
1817 1873 2080 1933 appellatur
2093 1871 2445 1917 Medinet-Abu.

211 1963 300 2008 192
318 1981 330 2003 ,
358 1948 421 1991 113
449 1956 502 1990 ut
531 1947 750 2006 dynastiae
774 1947 858 1992 XV
885 1946 1125 1991 tribuendi
1155 1947 1245 1991 sint
1266 1960 1399 2005 reges
1427 1960 1504 1989 21.
