3008 4542
1299 234 1702 283 FRAGMENTA.

177 346 295 408 phin
318 343 535 390 Manetho
552 376 565 401 ‚
593 338 749 397 Chufu
768 346 1066 384 monumenta
1082 336 1354 396 AEgyptiaca
1371 350 1460 379 vo-

181 426 300 463 cant.
332 417 499 462 Sensus
533 414 626 458 loci
661 412 850 457 fortasse
883 409 958 453 hic
999 408 1086 452 fuit
1116 424 1126 451 z
1170 406 1459 466 Pyramidem

84 479 128 537 ³ss
156 483 689 533 maximamaedificavit
711 480 939 527 secundus
967 494 1049 525 rex
1079 479 1323 536 dynastiae,
1365 493 1461 520 non

179 568 290 598 vero
324 551 525 611 primuS,
564 563 707 608 quem
734 547 968 604 Cheopem
1005 543 1275 589 Herodotus
1303 550 1458 588 vocat.

61 675 64 678 ,
92 634 105 670 εἴ
178 625 248 671 Cf.
271 625 468 668 Bunsen.
491 637 542 680 p.
571 619 676 666 136.
691 618 778 663 Sed
798 618 895 660 haec
911 615 1229 659 incertisssima
1249 620 1367 667 sunt,
1380 611 1461 655 fie-

97 699 106 754 ⁴,
163 696 314 754 ,rique
328 693 484 753 potuit
499 701 552 736 ut
580 688 1001 749 reprehenderetur
1038 684 1308 729 Herodotus
1331 683 1461 742 quod

179 767 416 827 Cbeopem
431 763 640 822 Trojanis
656 761 945 820 temporibus
962 758 1269 818 posteriorem
1283 757 1461 815 posuis-

99 840 102 846 ’
179 848 262 885 set.
289 863 354 872 --
377 838 592 882 Ceterum
614 834 867 881 Bunsenius
893 847 942 890 p.
971 831 1055 875 161
1084 830 1239 873 statuit
1261 829 1464 887 pyrami-

179 911 287 956 dem
316 909 562 953 maximam
585 922 613 951 a
631 902 1012 951 Chnemu-chufu
1037 900 1351 960 imperfectam
1371 915 1464 943 esse

179 984 404 1040 relictam,
427 980 486 1025 ad
505 978 647 1023 finem
663 992 775 1022 vero
797 991 912 1036 opus
933 974 1213 1035 perductum
1237 987 1263 1016 a
1290 969 1465 1028 Claeafin

177 1069 288 1115 rege
306 1052 441 1110 hujus
467 1051 683 1110 dynastiae
704 1057 958 1108 postremo.
983 1045 1098 1090 Vide
1128 1044 1265 1090 infra.
1296 1070 1354 1078 ——
1378 1045 1467 1087 Mi-

179 1140 286 1170 rum
310 1124 512 1182 denique
540 1131 607 1166 est
637 1120 767 1179 quod
781 1117 1036 1178 pyramidis
1059 1117 1268 1160 maximae
1284 1123 1466 1159 exstru-

181 1206 381 1250 ctorem,
405 1210 544 1254 quem
563 1192 832 1237 Herodotus
854 1199 899 1234 et
927 1191 1024 1248 ipse
1039 1189 1254 1232 Manetho
1271 1187 1465 1230 deorum

181 1276 552 1326 contemptorem
573 1265 708 1309 fuisse
729 1264 912 1319 dicunt,
936 1261 1153 1305 Manetho
1170 1259 1469 1302 nihilominus

181 1337 260 1396 τὴν
300 1336 418 1402 ἱερὰν
445 1336 688 1401 συγγράψαι
714 1333 862 1398 βίὸλον
897 1333 1054 1378 tradit.
1100 1331 1263 1375 Melius
1290 1332 1383 1374 haec
1419 1331 1469 1373 in

181 1421 449 1472 sequentem
467 1425 625 1470 regem
641 1408 938 1461 Mencheren,
955 1406 1107 1448 virum
1124 1403 1468 1458 sanctissimum,

183 1485 481 1543 quadrarent.
497 1482 720 1527 Eusebius
733 1495 833 1525 rem
863 1478 1063 1537 explicat
1083 1476 1230 1519 verbo
1257 1471 1468 1533 μετανοή-

185 1574 344 1612 σαντα,
375 1572 400 1601 ε
420 1570 530 1611 suo,
555 1555 742 1613 opinor,
766 1567 915 1612 penu,
941 1550 1075 1594 sicuti
1101 1549 1241 1591 etiam
1269 1562 1370 1605 quae
1400 1561 1468 1590 se-

186 1638 392 1688 quuntur
412 1627 538 1687 apud
561 1626 829 1670 Africanum
844 1621 896 1678 ἢν
928 1622 986 1672 ὡς
1015 1618 1127 1681 μέγα
1153 1621 1305 1681 χρῆμα
1326 1618 1369 1662 ἐν
1390 1617 1470 1662 Αἷ-

186 1699 335 1763 γύπτῳ
358 1697 579 1761 γενόμενος
619 1693 867 1755 ἐκτησάμην
898 1707 1144 1753 perperam
1169 1691 1382 1736 mutavit.
1422 1690 1469 1734 Si

188 1788 286 1816 non
310 1772 490 1826 omnia,
523 1778 757 1829 postrema
779 1768 940 1811 saltem
968 1761 1116 1825 (ἣν...
1139 1758 1419 1822 ἐκτησάμην)
1446 1776 1470 1805 a

186 1846 358 1889 seriore
382 1843 588 1903 quodam
612 1841 802 1885 homine
827 1846 974 1885 assuta
991 1844 1117 1890 sunt3
1139 1850 1253 1878 num
1275 1849 1388 1877 vcro
1412 1833 1470 1877 ab

185 1917 433 1971 Africano,
456 1931 515 1959 an
538 1914 596 1957 ab
618 1912 881 1970 antiquiore
899 1910 1057 1967 aliquo
1071 1942 1084 1967 ‚
1104 1921 1271 1966 parum
1305 1906 1467 1964 liquet.

253 1990 327 2034 111
363 1997 406 2033 et
428 1989 508 2033 IV.
536 1987 807 2044 Sequuntur
824 1981 951 2042 apud
972 1978 1320 2024 Eratosthenem
1342 1977 1474 2020 Mos-

187 2061 344 2106 cheres
379 2068 421 2105 et
440 2057 663 2106 Mosches.
682 2059 740 2101 In
770 2057 824 2099 iis
843 2056 988 2102 latent
1007 2052 1104 2096 duo
1127 2065 1252 2110 reges
1272 2048 1472 2106 ejusdem

189 2134 391 2180 nominis
408 2132 669 2177 Mencheres
687 2130 712 2174 Ι
735 2137 780 2173 et
802 2128 850 2172 II
863 2162 876 2186 ,
899 2126 970 2169 uti
991 2131 1116 2183 patet
1134 2137 1188 2166 ex
1209 2129 1474 2179 comparata

115 2261 122 2264 q
190 2205 347 2249 tabula
365 2203 604 2263 Abydena.
629 2201 844 2247 Μεωεῦιο
875 2197 1059 2243 nonnisi
1090 2208 1237 2241 unum
1260 2193 1471 2239 Menche-

188 2293 286 2322 rem
303 2285 526 2322 memorat
540 2310 552 2331 ‚
571 2275 649 2320 sed
666 2276 775 2318 huic
795 2274 878 2317 uni
894 2280 964 2315 tot
991 2270 1079 2315 fere
1099 2284 1243 2314 annos
1264 2264 1361 2328 (63)
1387 2266 1474 2310 tri-

189 2350 291 2395 buit
314 2358 430 2408 quot
444 2348 759 2393 Eratosthenes
778 2346 857 2390 dat
877 2345 1060 2402 utrique
1086 2339 1428 2402 (31433-264
1446 2339 1473 2394 ).
1524 2382 1538 2393 ,,

189 2448 256 2458 -—
278 2421 549 2466 Mencheres
580 2423 603 2464 I
639 2422 688 2463 in
723 2419 880 2477 tabula
907 2415 1129 2475 Abydena
1158 2414 1265 2457 loco
1291 2412 1474 2456 decimo

191 2502 358 2554 quarto
385 2492 438 2555 (⁴²)
475 2493 692 2537 scribitur
732 2493 794 2535 ita
835 2506 852 2551 ²,
879 2485 1073 2533 Nmmz*
1117 2498 1284 2529 KE—RA.
1318 2484 1477 2528 Unum

191 2567 371 2626 signum
384 2600 396 2622 ‚
416 2564 545 2624 quod
560 2564 727 2609 excidit
740 2597 752 2618 ‚
771 2561 997 2621 supplevit
1020 2557 1269 2602 Bunsenius
1281 2556 1479 2610 scribens

194 2639 460 2686 Men-kern.
484 2639 630 2682 Neter
650 2635 716 2697 (i.
743 2652 781 2681 e.
809 2631 946 2694 deus)
976 2644 1233 2690 cognomen
1265 2635 1327 2672 est
1350 2627 1479 2685 quod

192 2711 355 2769 saepius
394 2708 619 2753 defunctis
654 2707 838 2767 regibus
872 2704 1017 2748 tribui
1062 2702 1175 2746 solet
1217 2698 1293 2759 (ut
1342 2716 1351 2743 :
1401 2715 1479 2743 ne—

195 2791 374 2838 ter—na‚
409 2782 521 2824 deus
561 2795 770 2838 magnus,
818 2766 1095 2822 neter-nefra
1112 2807 1125 2830 ‚
1161 2773 1271 2816 deus
1296 2772 1477 2830 bonus);

197 2854 451 2900 Mencheres
468 2868 577 2898 vero
601 2853 790 2907 meruit,
810 2858 1053 2910 propterea
1077 2845 1206 2904 quod
1230 2852 1336 2903 post
1365 2843 1482 2886 duos

195 2942 317 2988 reges
331 2928 499 2987 impios
516 2928 609 2986 ipse
623 2941 669 2969 se
679 2924 974 2983 justissimum
992 2919 1191 2979 praebuit
1213 2916 1321 2961 etde
1334 2919 1483 2976 Aegy-

195 3002 302 3060 ptiis
324 3002 496 3060 optime
514 2999 700 3043 meritus
718 3005 796 3041 est.
821 2997 938 3040 Nam
970 2993 1104 3036 talem
1139 2989 1270 3034 fuisse
1294 2989 1483 3033 tradunt

198 3072 462 3118 Herodotus
484 3074 531 3116 ΙΙ
546 3105 558 3127 ,
591 3069 802 3129 129,ubi
822 3069 1055 3128 Μυκερῖνος
1099 3078 1188 3115 rex,
1199 3063 1480 3115 nominatur,

199 3155 242 3190 et
262 3144 500 3190 Diodorus
522 3145 568 3199 Ι,
591 3143 651 3194 64
665 3178 677 3198 ,
702 3141 730 3185 6
744 3174 757 3196 ,
789 3139 874 3184 ubi
894 3137 1132 3200 Μυκερῖνος
1150 3131 1178 3190 ἢ
1201 3133 1482 3196 Μεγχερῖνος.

87 3222 91 3226 ’
125 3227 128 3231 ’
200 3214 763 3277 Uterquescriptorfilium
774 3211 1019 3271 Cephrenis
1031 3209 1288 3269 perhibent.
1300 3207 1484 3264 Quanto

206 3292 383 3336 honore
401 3288 527 3350 apud
548 3287 791 3348 AEgyptios
813 3284 948 3329 fuerit
961 3318 973 3340 ‚
989 3283 1123 3328 etiam
1141 3280 1249 3326 inde
1271 3287 1482 3340 apparet,

182 3443 189 3450 '
257 3442 311 3492 (*)
332 3444 416 3482 Rex
443 3440 621 3481 decimus
639 3439 806 3489 quartus
824 3436 1074 3476 Eratostheni
1101 3434 1161 3474 est
1178 3433 1354 3472 decimus
1369 3433 1486 3481 septi-

205 3510 308 3538 mus.
360 3501 447 3538 Non
466 3498 580 3546 longe
603 3497 702 3535 alter
728 3495 778 3534 ab
801 3495 932 3533 altero
964 3491 1133 3538 recedit3
1165 3489 1311 3528 recedit
1339 3484 1486 3528 tamen.

206 3555 436 3596 Disserentia
458 3566 552 3594 vero
579 3553 765 3605 explicari
795 3552 935 3601 potest.
958 3551 1106 3597 Nempe
1127 3558 1253 3596 quum
1279 3546 1413 3585 tabula
1439 3545 1488 3584 ad

205 3611 386 3663 Abydum
405 3611 623 3661 pertineat,
648 3621 743 3660 quae
761 3608 856 3647 urbs
878 3607 954 3646 suit
973 3604 1075 3654 regia
1100 3603 1232 3652 stirpis
1261 3602 1488 3648 Thiniticae,

206 3671 511 3709 consentaneum
526 3670 586 3707 est
602 3670 804 3707 auctorem
831 3666 919 3715 post
932 3662 1098 3714 primam
1118 3660 1337 3710 dynastiam
1353 3659 1490 3699 Thini-

204 3725 328 3765 ticam
355 3735 438 3764 non
459 3725 634 3775 posuisse
650 3723 946 3774 Memphiticam
963 3719 1131 3770 primam
1146 3747 1157 3765 ‚
1178 3716 1244 3756 sed
1262 3727 1351 3766 quae
1375 3716 1492 3765 Juxta

209 3783 309 3822 hanc
325 3783 505 3832 regnavit
519 3812 531 3832 ‚
555 3782 793 3823 Thiniticam
826 3777 1056 3819 secundam.
1089 3775 1211 3825 Igitur
1234 3774 1267 3813 si
1297 3774 1432 3823 primae
1447 3773 1490 3811 si-

209 3841 290 3880 cuti
316 3841 597 3880 Eratosthenes
619 3840 730 3879 dedit
753 3848 862 3888 reges
879 3837 1077 3886 quinque,
1109 3833 1222 3872 alteri
1242 3842 1336 3883 vero
1350 3861 1360 3878 ‚
1378 3831 1491 3869 sicuti

210 3898 417 3948 Manetho,
434 3900 609 3948 septem,
636 3897 844 3937 duodecim
861 3894 987 3944 regnis
1001 3892 1105 3931 idem
1123 3890 1292 3940 spatium
1304 3888 1491 3938 explevit,

209 3955 316 4007 quod
339 3953 444 4006 apud
463 3956 760 3996 Eratosthenem
780 3955 840 3994 est
859 3962 994 4002 regum
1011 3947 1342 3998 quattuordecim,
1359 3948 1493 3995 itaque

212 4017 345 4054 nostra
368 4014 548 4064 dynastia
585 4014 773 4064 inciperet
794 4025 816 4052 a
846 4023 937 4062 rege
951 4012 1066 4058 xm,
1088 4009 1155 4058 qui
1185 4009 1405 4046 antecessor
1436 4008 1495 4044 est

215 4074 428 4121 Meum,
459 4072 621 4112 adfflut
645 4071 804 4111 nonnisi
820 4081 946 4109 unum
984 4067 1127 4116 Ghufu
1159 4065 1294 4114 (cujus
1327 4061 1496 4102 nominis

216 4128 420 4180 vestigium
438 4130 538 4169 inest
553 4130 594 4169 in
619 4130 827 4179 superstite
846 4128 900 4178 F)
917 4135 1124 4171 numerare
1140 4124 1277 4167 auctor
1291 4120 1492 4173 potuisset:

217 4186 314 4227 vide
333 4187 504 4228 Bunsen.
525 4197 564 4239 p.
587 4191 656 4226 130
675 4196 736 4240 sq.

1499 806 1510 1408 s

2718 225 2802 280 ssi

1537 342 1668 400 quod
1693 356 1858 386 nomen
1875 341 1968 399 ejus
2004 343 2047 385 in
2066 343 2277 402 precibus
2299 344 2620 403 AE'gyptiorum
2647 357 2815 387 orcur-
2870 339 2883 351 “

1535 414 1618 469 rit,
1658 422 1841 458 testante
1864 415 2026 472 Lepsio
2065 413 2078 474 (
2104 416 2408 469 Todtenbuclz,
2457 423 2564 459 sect.
2611 414 2670 466 64
2687 415 2721 472 ).
2742 414 2813 461 Cf,

1536 486 1730 531 Bunsen.
1752 500 1803 543 p.
1830 501 1846 527 1
1861 484 1935 528 33.
1951 510 2012 517 —
2037 486 2124 528 Hic
2142 486 2280 544 igitur
2299 488 2556 544 Mycerinus
2575 488 2663 531 sive
2686 488 2817 531 Men-

1539 556 1686 611 chres,
1707 557 1776 600 uti
1796 556 1943 601 Graeci
1966 563 2172 599 auctores
2191 557 2390 600 referunt
2413 559 2444 601 l.
2465 559 2513 612 1.,
2534 557 2819 616 pyramidem
2879 574 2890 584 ’

1538 630 1758 673 exstruxit
1781 644 1882 687 quae
1902 627 2217 687 magnitudine
2235 638 2297 671 est
2310 630 2437 672 tertia
2453 663 2464 685 ,
2490 630 2696 687 lapidum
2711 645 2819 674 vero

1539 699 1874 761 magnificentia
1893 709 2027 758 atque
2051 708 2143 742 arte
2158 707 2394 742 structurae
2412 702 2617 743 omnium
2634 702 2818 760 pulcer-

1541 773 1674 817 rima.
1716 773 2062 833 Sarcophagum
2092 771 2139 813 in
2162 786 2210 814 ea
2235 772 2471 829 ipsumque
2496 773 2610 831 regis
2629 772 2820 818 cadaver

1539 845 1707 903 reperit
1719 842 1855 904 Vyse.
1873 844 2048 903 Anglus
2067 843 2394 886 celeberrimus.
2412 844 2543 886 Nunc
2561 858 2637 887 rex
2655 845 2700 887 in
2721 844 2822 889 Bri-

1542 916 1695 960 tannia
1709 915 1841 973 jacet.
1867 915 2027 960 Loculi
2059 915 2277 972 operculo
2305 929 2404 971 quae
2426 915 2639 972 inscripta
2663 916 2823 974 legun-

1544 995 1635 1042 tur,
1669 1003 1724 1031 ex
1746 988 1867 1031 libro
1906 986 2118 1030 Runsenii
2151 1001 2199 1044 p.
2242 1001 2325 1040 171
2370 994 2497 1027 verto
2532 985 2817 1039 verbotenus,

1549 1077 1566 1096 «
1596 1059 1735 1102 Osiris
1757 1057 1934 1117 (beate)
1955 1072 2035 1101 rex
2063 1057 2246 1100 ,ΜΕΝΚΕ
2271 1070 2402 1110 u-RA,
2430 1056 2479 1098 in
2509 1064 2725 1099 aeternum
2756 1059 2824 1099 vi-

1542 1145 1670 1184 vens,
1712 1127 2110 1173 coelitus—oriunde
2126 1162 2136 1181 ‚
2178 1126 2243 1170 fili
2277 1129 2418 1186 Netpe
2442 1125 2619 1186 (Neiclz,
2659 1127 2814 1179 Rheoe,

1542 1201 1688 1260 deoe),
1712 1202 1927 1260 prosapia
1958 1201 2116 1243 matris
2136 1198 2222 1258 (sc.
2238 1196 2473 1259 deorum),
2499 1214 2525 1242 a
2548 1198 2633 1243 Seb
2659 1199 2714 1258 (a
2734 1199 2826 1242 Sa-

1547 1269 1703 1332 turno)
1726 1276 1896 1316 amate!
1918 1271 2169 1315 Extendere
2193 1272 2300 1315 velit
2315 1286 2358 1315 se
2393 1278 2536 1314 mater
2566 1278 2644 1314 tua
2684 1271 2828 1329 Netpe

1545 1360 1685 1404 supra
1700 1353 1740 1388 te
1761 1360 1771 1387 ι
1792 1345 1976 1388 nomine
2010 1359 2108 1398 suo,
2135 1358 2229 1401 quo
2264 1343 2432 1386 coelum
2466 1341 2665 1401 pandere
2708 1341 2828 1385 dici-

1545 1415 1738 1473 tur‚'‘***
1763 1416 2000 1460 ostendens
2024 1425 2065 1460 te
2088 1415 2173 1459 deo
2191 1412 2517 1474 [debellatori]
2539 1415 2829 1473 impurorum

1554 1497 1748 1532 tuorum
1781 1488 2078 1531 inimicorum
2107 1501 2221 1534 :rex
2255 1487 2394 1529 van
2429 1500 2573 1541 υ-ΒΑ,
2611 1487 2762 1530 vivens
2785 1488 2832 1529 in

1546 1573 1785 1610 aeternum.
1816 1584 1832 1603 »
1859 1564 2067 1611 Ceterum
2086 1562 2189 1607 vide
2215 1579 2223 1606 :
2252 1553 2669 1607 Eclaircissements
2688 1578 2766 1606 sur
2789 1565 2832 1605 le>

1545 1638 1739 1680 cercuez'l
1750 1638 1812 1680 du
1827 1641 1896 1681 roi
1923 1638 2209 1694 Mycerinus,
2241 1636 2430 1678 traduits
2445 1636 2503 1678 de
2529 1636 2756 1695 l'Anglais
2786 1645 2832 1677 et

1545 1709 1875 1767 accompagn&
1889 1708 1947 1751 de
1966 1717 2090 1751 notes
2103 1722 2198 1766 par
2212 1708 2501 1749 Lenormant.
2523 1706 2660 1748 Paris
2689 1703 2828 1763 1839,

1550 1807 1613 1813 —
1638 1782 1898 1840 Mycerinus
1922 1790 2073 1825 tamen
2114 1795 2210 1823 non
2230 1779 2289 1823 ad
2308 1777 2443 1822 finem
2461 1778 2677 1837 perduxit
2692 1793 2832 1837 pyra*

1548 1854 1739 1910 midem,
1759 1862 1865 1898 teste
1881 1852 2094 1897 Diodoro
2113 1854 2151 1908 Ι,
2180 1851 2260 1908 64,
2281 1867 2305 1906 7
2334 1867 2344 1894 :
2366 1842 2503 1901 0510<
2531 1846 2832 1908 ἐπιὸαλόμενος

1547 1923 1691 1988 τρίτην
1710 1922 2058 1981 κατασκευάζειν,
2075 1919 2282 1985 πρότερον
2299 1917 2569 1978 ἐτελεύτησεν
2584 1919 2692 1982 ἤπερ
2709 1919 2756 1965 τὸ
2773 1918 2837 1981 ἔρ-

1548 2014 1621 2058 γον
1640 1994 1769 2041 ἔλαὸε
1790 1993 2050 2041 συντέλειαν.
2074 1995 2222 2052 quue
2238 1994 2436 2037 rationes
2469 1993 2837 2037 architectonicae-

1549 2070 1689 2128 ipsius
1721 2069 1870 2127 operis
1908 2066 2210 2125 comprobare
2244 2065 2479 2110 videntur.
2534 2066 2588 2106 V.
2639 2066 2833 2107 Bun2en.

1547 2159 1595 2201 p.
1625 2158 1709 2198 171
1729 2156 1848 2200 sqq„
1871 2141 1952 2199 qui
1974 2138 2206 2198 perfecisse
2229 2152 2325 2182 eam
2343 2137 2499 2180 statuit
2518 2135 2823 2186 Nitocridem,

1550 2215 1766 2272 dynastiae
1803 2221 1936 2256 sextae
1976 2211 2178 2270 reginam
2212 2217 2503 2268 postremam.
2550 2209 2681 2251 Hanc
2717 2207 2836 2251 enim

1550 2287 1763 2333 Menetbo
1786 2286 1962 2332 tertiam
1984 2281 2268 2345 pyramidem
2290 2281 2554 2326 exstruxisse
2568 2279 2725 2324 tradit.

1618 2364 1765 2420 Prope
1785 2375 1883 2405 eam
1901 2359 1995 2402 sitae
2017 2364 2122 2400 sunt
2143 2370 2296 2414 parvae
2311 2352 2572 2413 pyramides
2591 2361 2696 2407 tres,
2720 2367 2836 2409 qua-

1551 2450 1655 2477 rum
1674 2435 1724 2476 in
1744 2432 1897 2476 media
1923 2432 2029 2474 item
2054 2436 2196 2473 exstat
2222 2441 2395 2470 nomen
2416 2424 2669 2468 Menkeura
2691 2422 2835 2482 lapidi

1552 2507 1848 2564 insculptum.
1893 2504 2042 2561 Quare
2066 2501 2314 2545 Bunsenius
2345 2498 2499 2541 statuit
2533 2498 2622 2539 hoc
2653 2510 2738 2539 esse
2770 2510 2838 2538 se-

1552 2579 1768 2637 pulcrum
1796 2574 2056 2619 Menclzeris
2091 2575 2164 2616 II.
2208 2569 2445 2615 Diodorus
2476 2568 2505 2610 1.
2544 2568 2573 2611 l.
2600 2567 2659 2610 de
2687 2567 2840 2625 parvis

1554 2650 1647 2693 istis
1673 2646 1990 2708 pyramidibus
2025 2644 2168 2688 refert
2191 2643 2286 2685 haec
2309 2655 2319 2686 :
2340 2637 2516 2690 Ταύτας
2539 2635 2583 2682 δέ
2606 2653 2710 2699 φασι
2746 2635 2841 2687 τοὺς

1556 2715 1886 2781 προειρημένους
1928 2718 2038 2777 τρεῖς
2073 2714 2261 2775 βασιλεῖς
2286 2711 2378 2762 ταῖς
2414 2710 2536 2761 ἰδίαις
2568 2706 2836 2754 κατασκευάσ

1558 2808 1629 2836 σαι
1658 2785 1857 2852 γυναιξίν.
1880 2790 1945 2831 Ac
1966 2788 2117 2830 nescio
2156 2801 2267 2828 num
2292 2798 2460 2826 nomen
2496 2781 2671 2840 regium
2707 2777 2839 2823 suffi-

1558 2865 1662 2918 ciat,
1684 2870 1736 2906 ut
1758 2860 1955 2904 mediam
1990 2857 2274 2917 pyramidem
2304 2870 2400 2898 non
2431 2853 2570 2896 uxori
2593 2849 2843 2895 Mencheris

1556 2935 1721 2994 primi,
1744 2933 1824 2977 sed
1862 2932 1954 2991 regi
1976 2930 2206 2975 Mencheri
2241 2929 2287 2972 II
2324 2933 2598 2970 exstructam
2631 2937 2722 2966 esse
2746 2938 2841 2966 me-

1561 3009 1651 3053 rtto
1678 3014 1941 3052 statuamus.

1625 3081 1715 3139 Qui
1753 3088 1859 3138 post
1884 3076 2175 3122 Mencherem
2203 3074 2251 3115 in
2292 3068 2582 3114 Manethonis
2619 3067 2844 3110 laterculis

1561 3159 1798 3212 ponuntur
1818 3152 1864 3195 5.
1895 3149 2101 3191 Batos-es
2129 3154 2174 3189 et
2196 3143 2241 3188 6.
2262 3141 2488 3193 Biclzeres,
2523 3137 2582 3182 ad
2595 3137 2844 3196 dynastiam

1562 3223 1901 3269 antecedentem
1927 3219 2046 3283 (ΙΙΙ,
2072 3219 2099 3262 8
2121 3227 2163 3262 et
2181 3215 2238 3276 9)
2262 3215 2502 3274 pertinent.
2526 3236 2589 3243 -
2625 3209 2845 3266 Deinceps

1555 3298 1684 3341 evenit
1701 3292 2018 3347 Seberclzeres‚
2041 3289 2170 3349 quod
2179 3302 2348 3332 nomen
2360 3285 2544 3342 Lepsius
2562 3281 2627 3340 (v.
2647 3282 2837 3328 Bunsen.

1562 3385 1610 3427 p.
1645 3366 1766 3427 128)
1796 3373 1942 3409 mutat.
1965 3365 2013 3407 in
2054 3359 2399 3420 Nepherclzeres
2446 3353 2539 3416 (uti
2576 3362 2638 3397 est
2662 3353 2710 3394 in
2729 3351 2837 3410 dyn.

1563 3443 1616 3494 V,
1636 3439 1700 3500 3).
1721 3435 1984 3496 Respondet
2005 3435 2055 3477 in
2065 3432 2223 3477 tabula
2245 3428 2470 3488 Abydena
2490 3424 2839 3470 Numan-nm.

1564 3509 1687 3555 Nihil
1713 3510 1770 3554 de
1793 3524 1848 3552 eo
1866 3506 2203 3551 Eratosthenes.
2230 3504 2400 3547 Verum
2420 3513 2563 3556 quum
2577 3496 2735 3553 saepius
2754 3494 2843 3536 hoc

1565 3597 1738 3625 nomen
1755 3579 1916 3624 redeat
1938 3579 1987 3620 in
2005 3575 2211 3635 dynastia
2233 3573 2394 3631 quinta
2412 3567 2839 3626 Elephantinorum,

1565 3654 1810 3713 probabile
1850 3659 1915 3694 est
1943 3649 2038 3706 jam
2078 3646 2295 3705 dynastiae
2347 3650 2517 3700 quartae
2562 3636 2844 3695 temporibus

1566 3741 1712 3770 unum
1745 3739 1802 3768 ex
1830 3723 1970 3780 stirpe
1995 3718 2294 3778 Elephantina
2309 3715 2439 3773 juxta
2463 3710 2733 3769 Memphitas
2752 3722 2841 3766 po—

1566 3806 1759 3842 stremos
1777 3808 2002 3854 regnasse.

1631 3879 1685 3921 V.
1724 3875 1923 3920 Ultimus
1951 3887 2034 3915 rex
2058 3886 2133 3928 ap.
2183 3870 2305 3911 Erat.
2332 3866 2565 3911 I’mnmes,
2615 3872 2691 3916 ap.
2719 3858 2839 3904 Man.

1573 3945 1891 4005 leamplztlzis.
1919 3941 1998 3986 His
2015 3939 2208 3985 indicari
2226 3934 2475 3980 Bunsenius
2497 3930 2607 3972 dicit
2626 3927 2698 3987 (p.
2725 3929 2838 3986 122)

1567 4032 1738 4062 nomen
1760 4016 1963 4075 regium,
1979 4010 2108 4072 quod
2130 4008 2188 4051 ad
2216 4002 2471 4064 pyramides
2499 4006 2735 4057 repertum
2779 4006 2841 4038 ost

1569 4090 1821 4149 saepiusque
1840 4085 2057 4137 occurrit,
2079 4089 2130 4124 ut
2148 4082 2194 4122 in
2220 4076 2429 4134 sepulcro
2448 4071 2574 4130 quod
2600 4069 2658 4112 ad
2687 4068 2840 4111 archi-

1573 4170 1744 4206 tectum
1766 4158 1900 4216 hujus
1929 4156 2048 4215 regis
2068 4152 2295 4218 pertinere
2334 4146 2501 4188 dicitur
2542 4141 2612 4199 (v.
2654 4140 2845 4198 chsius-
