3008 4542
226 442 262 490 ε’
319 441 490 507 Ὄσιρις
510 441 584 489 καὶ
613 444 715 497 Ἶσις
738 441 811 500 ἔτη
832 443 909 491 λε’.

227 514 270 568 ς’
328 513 485 579 Τύφων
507 512 582 572 ἔτη
607 513 688 563 κθ’.

105 380 111 449 ζ
180 364 268 418 ·“δ”
322 371 483 435 Κρόνος
505 370 578 428 ἔτη
606 371 683 445 „ur”

226 615 263 672 ζ’
322 606 456 680 Ὦρος
477 614 650 678 ἡμίθεος
669 614 743 673 ἔτη
765 616 843 664 κε’.

224 686 268 746 η’
322 685 374 736 Ἀ
383 706 457 751 ρης
474 686 649 749 ἡμίθεος
666 686 753 749 κγ’.
824 705 831 712 ·

223 758 262 806 θ’
318 757 515 814 Ἄνουὸις
536 758 710 820 ἡμίθεος
733 755 806 816 ἔτη
829 757 896 825 ιζ’.

233 828 261 877 ι’
318 829 538 895 ἹΙρακλῆς
560 829 733 893 ἡμίθεος
757 828 832 887 ἔτη
860 828 921 877 ιε’.

201 901 261 948 ια’
321 899 515 949 Ἀπολλῶ
537 901 712 964 ἡμίθεος
729 899 802 958 ἔτη
827 900 907 950 κε’.

201 971 260 1036 ιβ’
316 972 491 1036 ’Ay-patuit
512 973 681 1036 ἡμίθεος
701 971 776 1030 ἔτη
796 971 855 1022 λ’.

199 1044 256 1108 ιγ’
312 1045 468 1104 Τιθόης
486 1045 659 1108 ἡμίθεος
681 1044 757 1103 ἔτη
780 1044 864 1101 κζ’.

203 1115 258 1164 ιδ’
314 1118 463 1172 Σῶσος
481 1117 657 1180 ἡμίθεος
679 1116 754 1175 ἔτη
776 1115 863 1181 λβ’.
895 1162 901 1165 ,

210 1187 259 1236 ιε’
320 1187 426 1245 Ζεὺς
447 1190 620 1253 ἡμίθεος
643 1188 717 1247 ἔτη
743 1189 799 1236 κ’.

205 1287 283 1331 Ad
282 1290 482 1345 priorem
490 1287 526 1331 S
517 1287 695 1345 yncelle'
705 1287 848 1329 locum
856 1318 866 1329 .
881 1282 957 1345 (ft.
977 1283 1020 1345 3)
1037 1283 1144 1349 Περὶ
1155 1285 1282 1331 ἐθνῶν
1292 1283 1437 1351 πέντε]

95 1400 99 1407 ,
153 1361 214 1404 At
240 1368 471 1418 quattuor
493 1367 672 1404 tantum
695 1360 745 1401 in
777 1359 1074 1417 sequentibus
1105 1369 1348 1407 memorat.
1374 1386 1437 1394 -—

87 1422 95 1469 2
152 1428 391 1492 Εὖσέὸιος]
416 1431 482 1476 Cf.
503 1431 561 1475 fr.
595 1447 636 1477 1.
660 1432 771 1488 Quae
790 1431 840 1474 in
857 1431 1154 1489 sequentibus
1172 1432 1437 1477 inclusimus

152 1515 179 1545 e
200 1503 443 1562 marginali
472 1510 583 1546 nota
617 1503 665 1545 in
700 1501 916 1546 ordinem
948 1502 1202 1547 verborum
1238 1504 1434 1563 irrepse-

78 1594 95 1640 j.
149 1582 275 1621 runt.
293 1601 359 1608 —
374 1572 470 1636 ἕως]
486 1572 756 1619 Dindorfius
776 1575 1053 1620 inseruit.—
1071 1572 1250 1637 ,ασπβ’]
1273 1576 1336 1619 sic
1358 1591 1435 1620 co·

150 1645 253 1690 dex.
291 1648 490 1694 Bunsen.
520 1661 577 1690 ex
601 1646 820 1705 Syncello
854 1661 902 1705 p.
926 1645 984 1690 32
1012 1648 1048 1690 Β
1073 1656 1118 1691 et
1140 1646 1198 1691 33
1225 1649 1283 1702 D,
1307 1646 1436 1690 dedit

48 1711 50 1718 ¹
88 1727 108 1777 χ
149 1719 296 1783 ασβς’,
309 1720 513 1782 Scaliger
529 1720 679 1784 ασβη’.
693 1723 809 1767 Utut
825 1731 917 1778 est,
933 1738 1017 1767 cur
1025 1723 1299 1768 Panodorus
1309 1723 1434 1768 hunc

47 1794 52 1802 ’
102 1812 105 1814 ·
147 1807 395 1838 numerum
410 1809 434 1837 a
448 1808 499 1838 re
510 1794 751 1853 proposita
772 1794 910 1853 plane
936 1795 1136 1839 alienum
1152 1797 1432 1854 apposuerit,

48 1860 50 1862 ¹
99 1892 125 1930 ὲ,
140 1865 246 1911 ,iton
266 1866 514 1925 perspicio.
547 1866 784 1924 Syncellus
808 1880 914 1910 eum
941 1866 1000 1911 de
1020 1882 1104 1912 suo
1129 1869 1331 1913 attulisse
1363 1870 1430 1912 vi·

147 1935 304 1983 detur.
327 1939 489 1996 Neque
507 1938 652 1997 magis
674 1937 735 1982 ad
754 1938 1057 1984 Panodorum
1079 1948 1280 1999 spectat,
1303 1941 1433 1999 quod

99 2015 108 2043 Γ
146 2008 316 2055 deinde
323 2010 679 2070 Egregorianno
688 2026 751 2056 m.
767 2026 786 2054 1
796 2026 888 2056 ooo
902 2011 1186 2057 descendisse
1195 2013 1431 2060 dicuntur.

55 2207 57 2210 Α
79 2165 107 2206 ᾗ
145 2153 370 2213 assignare
379 2169 550 2198 annum
567 2151 703 2211 1058,
717 2169 857 2212 quem
866 2170 1038 2200 annum
1049 2156 1286 2215 Syncellus
1294 2158 1430 2202 etiam

85 2260 107 2278 -,
143 2224 235 2270 alio
256 2226 363 2270 loco
383 2224 453 2286 (p.
473 2227 548 2282 16,
572 2226 643 2287 D)
661 2235 794 2272 notat
807 2261 820 2283 ‚
841 2237 887 2272 et
897 2236 1058 2273 nostro
1075 2229 1182 2273 loco
1198 2244 1430 2289 reponen-

46 2302 52 2331 ῖ
84 2307 104 2342 ..‘
143 2296 258 2342 dum
273 2307 415 2356 recte,
429 2308 566 2358 puto,
580 2308 734 2343 censet
745 2300 960 2360 Scaliger.
977 2302 1096 2345 Nam
1106 2302 1143 2345 si
1160 2301 1431 2347 Panodorus

98 2363 106 2423 f*
143 2369 300 2415 dicere
314 2372 530 2415 voluisset
541 2372 802 2432 Egregoros
811 2372 987 2418 venisse
1000 2372 1062 2417 ad
1077 2374 1295 2418 mortales
1307 2389 1429 2419 anno

88 2437 104 2479 -’·.
149 2456 287 2499 1000,
305 2458 469 2488 verum
486 2444 690 2488 rationes
703 2458 932 2488 annorum
951 2443 1162 2489 docuisse
1178 2444 1366 2489 demum
1382 2461 1425 2490 a.

93 2517 110 2573 f
149 2511 289 2569 1058,
307 2514 454 2559 verbo
472 2514 523 2558 id
539 2515 896 2574 exprimendum
911 2515 1083 2562 fuisset.
1112 2516 1329 2562 Ceterum
1348 2532 1428 2562 an-

118 2598 121 2599 ’
141 2599 252 2629 num
267 2586 562 2630 millesimum
576 2588 824 2648 Egregoris
839 2588 1033 2648 assignat
1046 2589 1282 2647 Syncellus
1297 2604 1346 2648 p.
1370 2606 1388 2633 1
1404 2606 1422 2634 1

140 2657 194 2705 Β.
213 2681 280 2692 —-
295 2656 503 2720 ααππέ]
525 2660 589 2703 sic
613 2674 669 2704 ex
689 2675 796 2720 pag.
821 2659 878 2704 18
904 2662 1108 2705 correxit
1122 2661 1324 2721 Scaliger
1337 2677 1427 2721 pro

86 2749 94 2769 ι
139 2729 265 2790 vulg.
286 2727 492 2786 ααππη’.
509 2729 696 2776 -κατὰ
716 2730 790 2784 τὰς
808 2729 883 2778 δύο
896 2730 1168 2795 δυναστείας]
1182 2735 1429 2780 Divisionis

78 2823 86 2854 ς,
138 2802 259 2846 ratio
301 2803 429 2849 latet.
465 2803 710 2847 Boeckhius
739 2805 995 2863 suspicatur
1030 2821 1127 2855 non
1154 2805 1214 2849 de
1247 2805 1428 2851 duabus

52 2900 112 2941 ³²2³
139 2870 270 2931 dyn„
285 2873 367 2918 sed
389 2873 448 2923 de
463 2874 666 2919 secunda
685 2875 895 2934 dynastia
915 2869 1215 2937 cogitandum
1230 2890 1339 2920 esse.
1367 2880 1428 2921 At

137 2946 407 3004 praecedunt
422 2946 619 2991 deorum
635 2948 866 3006 dynastIoe
883 2963 982 2995 sex.
1004 2948 1163 2992 Putari
1175 2957 1329 3007 posset
1347 2964 1426 2993 eo·-

139 3016 246 3062 dem
259 3019 406 3063 modo
429 3020 567 3064 etiam
586 3019 813 3065 semideos
834 3021 1015 3081 singulo
1038 3020 1292 3080 dynastiam
1309 3021 1425 3066 effe-

50 3092 82 3125 ’ἱ
94 3086 102 3140 {j
137 3090 248 3134 cisse
262 3124 274 3146 ,
293 3090 411 3135 adeo
434 3100 488 3135 ut
497 3107 588 3152 pro
610 3089 685 3144 τὰς
701 3089 775 3138 δύο
792 3078 882 3138 δυν.
904 3092 1204 3138 scribendum
1223 3102 1337 3138 esset
1352 3090 1427 3147 τὰς

97 3202 101 3215 J
137 3159 174 3205 θ’
199 3161 289 3209 δυν.
343 3180 349 3185 ’

201 3235 281 3278 Ad
297 3237 490 3279 alterum
516 3237 659 3280 locum
674 3230 894 3294 Syncelli'.
919 3239 975 3281 In
1006 3237 1322 3296 dynastiarum
1355 3239 1426 3282 la·-

58 3358 59 3361 *
83 3338 93 3353 ,.
137 3307 314 3350 terculo
327 3307 434 3350 libri
443 3307 690 3366 Hephaesto
699 3308 912 3352 tribuunt
923 3323 1068 3352 annos
1083 3307 1264 3370 ψκδ’-δ’.
1284 3310 1424 3366 Quod

67 3372 70 3374 ’
98 3434 103 3439 Α
135 3391 192 3421 ex
213 3378 591 3423 antecedentibus
600 3394 676 3425 vv.
695 3378 778 3424 dd.
803 3389 1115 3425 correxerunt.
1133 3405 1197 3413 —
1214 3381 1270 3423 In
1284 3395 1416 3439 seqq.

135 3448 286 3494 codex
304 3452 346 3494 A
364 3450 539 3510 praebet
562 3464 574 3497 τ
1163 3442 1168 3446 ’
1188 3445 1194 3452 ’

55 3528 58 3531 ’
77 3534 90 3542 ”
199 3539 239 3594 ς’
274 3539 551 3587 ἐὸασίλευσεν
689 3594 696 3606 .

201 3611 236 3666 ζ’
271 3611 545 3669 ἐὸασίλευσεν
563 3611 718 3678 Τύφων
739 3612 812 3671 ἔτη
830 3612 912 3662 κθ’.

199 3747 252 3788 ’4.
279 3751 446 3790 crenus.
483 3778 1130 3792 ................
1216 3754 1266 3790 40
1294 3753 1314 3798 ὲ

53 3832 62 3865 3
96 3848 99 3850 .
212 3818 249 3853 5.
276 3814 399 3854 Osiris
417 3817 458 3855 et
479 3816 551 3856 Isis
556 3844 1133 3856 ...............
1219 3816 1267 3855 35

144 3889 146 3892 ·
211 3881 250 3916 6.
279 3877 459 3928 Typhon.
491 3907 502 3919 .
533 3909 543 3919 .
575 3909 605 3928 .,
618 3907 1136 3920 .............
1219 3884 1267 3919 29

83 3951 87 3966 ²
1191 3958 1266 3992 969

425 4035 738 4085 (semideorum
757 4037 970 4088 dynastia»
986 4037 1124 4088 duae.)

209 4134 377 4172 7-Oros
382 4162 1136 4181 ...................
1217 4145 1265 4178 25

209 4198 544 4238 8.AreS....·
577 4225 837 4241 .......
865 4200 1132 4251 ’...,,...
1215 4207 1262 4241 23

46 2134 50 2139 A
89 2068 103 2122 s⁴
147 2080 266 2125 Nam
276 2082 332 2126 ex
350 2078 649 2140 sequentibus
674 2090 865 2141 apparet
878 2083 1177 2128 Panodorum
1186 2086 1433 2145 Egregoris
1475 2115 1477 2117 -

1279 272 1707 322 FRAGMENTA.
2703 299 2790 339 ‚531

1524 383 1694 426 Verum
1733 398 1874 441 quum
1926 385 2198 431 Panodorus
2239 404 2316 433 sex
2373 400 2550 436 tantum
2599 394 2795 441 deorum

1525 451 1754 509 dynastias
1791 469 2050 500 numerasse
2084 472 2139 500 ex
2186 462 2561 509 antecedentibus
2598 478 2799 524 constet,

1523 523 1650 567 nulla
1673 532 1739 567 est
1762 525 1925 569 lacuna
1947 528 2211 583 statuenda,
2239 529 2288 572 id
2311 532 2441 588 quod
2463 535 2599 578 etiam
2622 541 2804 582 numeri

1523 607 1754 638 annorum
1778 597 2102 655 comprobant.
2129 600 2499 659 Interpolationis
2519 616 2697 663 auctor,
2733 625 2803 655 se-

1519 673 1647 723 ptem
1667 666 1780 710 deos
1799 667 2062 713 desiderans
2074 702 2086 724 ‚
2108 685 2206 713 non
2222 676 2451 730 reputavit
2467 678 2648 722 Horum
2665 680 2804 726 deum

1520 737 1570 780 in
1611 738 1924 783 semideorum
1958 740 2172 785 ordinem
2209 758 2235 787 a
2272 745 2520 791 Panodoro
2566 750 2801 797 detrusum

1518 804 1629 852 esse.
1651 810 1801 869 Igitur
1822 811 1873 854 in
1886 826 2013 871 seqq.
2030 827 2118 871 pro
2141 809 2201 870 η’,
2223 812 2274 870 θ’,
2290 817 2548 875 scripsimus
2565 819 2618 875 ζ’,
2640 820 2798 879 θ’,κτλ.

1583 881 1968 927 Manethonianos
2002 899 2150 929 annos
2179 885 2333 945 11985
2371 889 2641 936 Panodorus
2665 909 2799 939 revo-

1518 953 1640 996 cavit
1659 953 1720 997 ad
1741 954 1852 1014 969.
1875 956 1978 999 Jam
1994 970 2139 1015 quum
2164 956 2317 1017 11985
2343 973 2354 1002 z
2378 959 2473 1019 969
2491 977 2551 1004 =
2573 962 2664 1012 235
2689 980 2700 1011 :
2729 982 2800 1027 19,

1519 1038 1665 1083 eaque
1697 1026 1816 1070 ratio
1840 1027 1899 1070 sit
1919 1029 2146 1072 mensium
2168 1029 2503 1088 synodicorum
2525 1033 2574 1076 in
2599 1050 2655 1094 19
2676 1040 2803 1082 annis

1517 1097 1743 1142 solaribus
1759 1098 1921 1143 circuli
1939 1100 2128 1157 lunaris,
2146 1117 2246 1145 non
2264 1101 2460 1146 dubium
2476 1114 2541 1149 est
2561 1108 2799 1164 quomodo

1518 1178 1681 1213 auctor
1702 1179 1862 1214 noster
1887 1174 2242 1231 computaverit.
2262 1175 2425 1233 Neque
2445 1185 2599 1220 tamen
2616 1178 2799 1223 fractio-

1514 1256 1594 1285 nes
1630 1256 1861 1286 annorum
1893 1245 2150 1288 accuratius
2181 1247 2427 1307 expressit,
2449 1249 2518 1291 uti
2546 1250 2723 1307 patebit
2744 1267 2800 1295 ex

1513 1312 1736 1358 laterculo
1753 1347 1765 1370 ,
1789 1329 1929 1372 quem
1950 1329 2007 1359 ex
2029 1316 2252 1361 Boeckhio
2276 1318 2309 1362 l.
2337 1317 2366 1362 l.
2385 1332 2436 1377 p.
2459 1318 2518 1375 67
2540 1320 2801 1366 adscribere

1512 1383 1646 1428 liceat
1674 1398 1685 1429 ε

2115 1470 2307 1506 Manetho.
2354 1472 2505 1508 Boeckh.
2550 1475 2734 1511 Panodor.

1611 1577 1622 1588 .
1660 1543 1942 1602 HephaestuS.
1981 1578 1991 1588 .
2031 1578 2043 1590 .
2123 1560 2245 1604 9000
2316 1562 2406 1604 727
2431 1554 2490 1604 ’,ἐξ
2545 1565 2634 1606 727
2670 1556 2685 1606 Ξ

1613 1649 1623 1659 .
1662 1615 1758 1661 Sol.
1808 1651 1820 1663 .
1861 1651 1870 1660 .
1922 1651 1934 1662 .
1974 1651 1986 1662 .
2030 1650 2040 1661 .
2156 1634 2248 1678 992
2353 1621 2494 1678 803⁴}⁴⁴⁵
2578 1611 2685 1680 80}

1612 1720 1622 1730 .
1658 1687 2042 1747 Agathodaemon.
2163 1706 2253 1747 700
2356 1692 2416 1738 56
2437 1705 2497 1756 ἕξ
2576 1692 2635 1739 56
2653 1700 2694 1750 «ξς

1609 1794 1619 1805 .
1657 1759 1851 1808 Cronus.
1881 1796 1893 1808 .
1931 1796 1943 1807 .
1984 1797 1995 1807 .
2025 1782 2039 1808 .·
2156 1761 2244 1807 501
2355 1770 2495 1823 (tofi-3
2575 1772 2636 1820 40
2669 1776 2691 1822 ὲ

1610 1868 1620 1879 .
1659 1833 1800 1877 Osiris
1827 1842 1873 1878 et
1893 1835 1990 1880 Isis.
2032 1869 2043 1880 .
2158 1835 2250 1887 433
2355 1836 2412 1882 35
2435 1846 2497 1894 2-33
2538 1890 2546 1893 -
2579 1838 2639 1892 35

1607 1941 1620 1951 ,
1659 1906 1875 1965 Typhon.
1924 1943 1935 1954 .
1976 1943 1986 1953 .
2027 1942 2038 1954 .
2157 1906 2250 1967 359
2287 1957 2292 1961 .
2353 1925 2413 1969 29
2434 1915 2495 1966 333
2577 1926 2637 1970 29

1574 1629 1602 1946 QUI-*0010
1582 1557 1600 1585 με

1821 1993 2007 2038 Summa
2101 1993 2252 2040 11985
2323 1996 2418 2055 969
2536 2001 2631 2060 969

1573 2085 1715 2142 Quod
1753 2087 1918 2130 attinet
1946 2083 2078 2149 ὥρους
2113 2087 2454 2147 seulideorum,
2491 2095 2674 2139 numeri
2699 2098 2796 2140 Ma-

1506 2158 1721 2203 nethonis
1740 2157 1896 2203 forent
1914 2159 1963 2203 hi
1987 2173 1999 2204 ε

2225 2244 2406 2280 manetho.
2520 2247 2706 2285 Panodor.

1609 2335 1652 2374 7.
1691 2319 1810 2362 Orus
1816 2351 2197 2364 ........
2274 2335 2362 2363 100
2570 2322 2629 2367 25

1605 2390 1649 2436 8.
1686 2392 1800 2437 Ares
1807 2423 2192 2436 ........
2296 2407 2355 2450 92
2566 2395 2626 2439 23

1603 2479 1648 2521 9.
1685 2463 1862 2506 Anubis
1867 2495 2194 2507 .......
2299 2463 2359 2507 68
2572 2483 2625 2524 17

1576 2550 1647 2580 10.
1684 2536 1913 2580 HeracleS.
1966 2569 2193 2581 .....
2299 2536 2360 2581 60
2571 2540 2627 2585 15
2671 2529 2673 2535 ’

1575 2623 1646 2654 11.
1683 2608 1857 2667 Apollo
1862 2640 2190 2654 .......
2268 2624 2355 2652 100
2564 2612 2623 2655 25
2646 2596 2655 2609 ⁴

1575 2694 1647 2725 12.
1683 2682 1900 2725 Ammon.
1948 2713 1961 2725 .
2014 2715 2024 2725 .
2068 2715 2078 2725 .
2120 2715 2130 2725 .
2180 2713 2191 2724 .
2268 2695 2356 2724 120
2567 2684 2627 2729 30

1575 2752 1647 2796 13.
1687 2753 1873 2797 Tithoes
1877 2785 2190 2798 .......
2269 2753 2356 2797 108
2563 2771 2620 2812 27

1574 2830 1647 2877 14.
1687 2826 1822 2869 Sosos
1827 2857 2191 2871 ........
2268 2824 2356 2867 128
2566 2827 2623 2872 32

1574 2895 1647 2942 15.
1686 2899 1803 2940 Zeus
1811 2928 2194 2945 ........
2297 2896 2358 2940 80
2565 2915 2625 2943 20

1685 2967 2030 3013 Desiderantur.
2073 3003 2082 3011 .
2126 2999 2138 3012 .
2180 3000 2191 3012 .
2254 2976 2258 2978 ’
2328 2983 2354 3011 2
2645 2979 2669 3024 ᾗ

2264 3054 2357 3099 858
2532 3063 2623 3109 214
2650 3067 2670 3111 ὲ

2199 3144 2381 3181 Manetho.
2514 3146 2697 3183 Panodor.

1682 3221 1772 3265 Dii.
1809 3255 1820 3265 .
1864 3257 1874 3266 .
1916 3255 1927 3266 .
1970 3255 1980 3265 .
2013 3255 2023 3266 .
2068 3254 2080 3265 .
2123 3256 2134 3266 .
2212 3219 2365 3280 11985
2519 3223 2614 3282 969

1680 3291 1886 3338 Semidii.
1939 3328 1948 3338 .
2000 3328 2010 3337 .
2055 3328 2065 3337 .
2120 3324 2133 3336 .
2271 3291 2364 3337 858
2519 3301 2608 3348 214
2639 3303 2667 3348 ξ-

1677 3379 1879 3425 Summa.
2208 3379 2360 3432 12843
2490 3396 2507 3422 1
2524 3379 2608 3423 183
2644 3387 2663 3431 ὲ

1563 3473 1665 3516 Jam
1692 3486 1837 3530 quum
1867 3470 2065 3515 deorum
2100 3485 2295 3530 regnum
2334 3471 2526 3529 incipiat
2561 3486 2584 3513 a
2620 3470 2779 3514 mundi

1499 3558 1621 3587 anno
1648 3541 1796 3597 1058,
1823 3557 1918 3600 quo
1955 3544 2179 3602 Egregori
2207 3558 2232 3587 e
2267 3543 2385 3586 coelo
2419 3541 2774 3594 descenderunt,

1497 3630 1643 3673 usque
1662 3614 1721 3658 ad
1733 3613 1872 3657 finem
1894 3615 2027 3674 regni
2043 3613 2259 3669 deorum,
2273 3629 2298 3656 a
2318 3613 2481 3657 mundi
2496 3614 2626 3656 initio
2648 3613 2777 3656 colli-

1571 3754 1610 3790 9.
1642 3750 1792 3790 Anubis
1796 3776 2496 3790 .................
2606 3750 2647 3787 17

1551 3818 1610 3853 10.
1640 3814 1825 3853 Hercules
1829 3838 2493 3852 ................
2604 3815 2647 3848 15

1548 3882 1608 3917 ll.
1637 3878 1777 3928 Apollo
1780 3904 2493 3918 ..................
2598 3879 2644 3910 25»

1548 3947 1608 3980 12.
1637 3945 1806 3980 Ammon
1811 3970 2200 3981 ..........
2219 3956 2229 3964 ·
2233 3965 2489 3978 .......
2597 3940 2645 3974 30

1547 4009 1606 4045 13.
1636 4005 1795 4044 Tithoes
1797 4027 2490 4044 ..................
2597 4002 2642 4037 27

1546 4071 1604 4107 14.
1632 4071 1752 4107 Sosus
1757 4090 2488 4107 ..................
2595 4066 2642 4098 32

1546 4137 1605 4171 15.
1635 4134 1734 4171 Zeus
1736 4153 2486 4172 ...................
2578 4127 2644 4188 -22

2562 4184 2639 4233 '214

2538 4267 2592 4300 31.
