3016 4628
1242 246 1652 296 FRAGMENTA.
2008 250 2014 261 '
2667 245 2726 287 93

72 395 83 405 .
722 378 768 423 9.

27 398 154 558 k
154 458 398 505 Athenaeus
419 460 503 513 IV,
529 472 580 517 p.
613 456 720 512 146,
758 455 831 500 C:
868 451 924 500 Ὁ
951 451 995 499 δὲ
1029 452 1214 517 Περσῶν
1243 454 1369 515 βασι-

74 518 266 601 Ῐλιυς,“
235 548 291 583 ως
321 546 426 592 φησι
453 523 646 584 Κτησίας
665 524 740 572 καὶ
766 522 966 574 Δείνων’
946 543 989 570 εν
1009 526 1095 576 τοῖς
1121 522 1372 587 Περσικοῖς,

47 560 271 653 §issima
314 598 423 662 μετὰ
449 598 613 662 ἀνδρῶν
660 596 827 660 μυρίων
864 594 1254 659 πεντακισχιλίων,
1297 594 1373 642 καὶ

63 670 341 730 ἅνηλίσκετο
357 672 414 724 εἷς
436 671 484 717 τὸ
500 670 666 716 δεῖπνον
684 668 879 715 τάλαντα
900 667 1172 732 τετρακόσια.

116 747 207 791 V.
237 744 405 790 Ctesias
421 742 478 787 fr.
507 742 588 798 663
618 742 825 801 Ephippi
848 742 1057 800 Olynthii
1081 740 1140 784 fr.
1170 755 1215 783 2.

293 867 317 884 ο
691 857 767 888 20.

52 904 69 927 μ

153 932 383 984 Plutarch.
414 933 634 982 Themist.
675 951 717 980 c.
754 950 812 992 27
850 950 861 978 ε
899 931 1167 990 Θουκυδίδης
1196 930 1272 994 μὲν
1301 924 1374 979 οὖν

41 1066 43 1068 ,
87 1007 160 1059 καὶ
185 1006 342 1071 Χάρων
362 1009 384 1054 6
403 1003 702 1071 Λαμψακηνὸς
716 1006 934 1070 ἱστοροῦσι
950 1005 1196 1063 τεθνηκότος
1211 1003 1372 1070 Ξέρξου

41 1071 43 1077 ¹
87 1079 194 1145 πρὸς
216 1078 287 1126 τὸν
306 1079 394 1126 υἱὸν
425 1080 555 1126 αὐτοῦ
578 1081 640 1143 τῷ
663 1078 955 1141 Θεμιστοκλεῖ
977 1075 1174 1140 γενέσθαι
1202 1075 1280 1131 τὴν
1306 1076 1371 1124 ἔν-

43 1179 46 1182 ·
85 1149 265 1210 τευξιν,
279 1147 467 1217 Ἔφορος
504 1150 550 1197 δὲ
585 1149 659 1197 καὶ
698 1148 859 1198 Δείνων
894 1148 969 1196 καὶ
1010 1148 1275 1214 Κλείταρχος
1299 1168 1373 1196 και

84 1222 390 1312 ‘Hpeotk-:t'Brlcm,¹
420 1224 482 1270 ἔτι
517 1223 552 1269 δ’
580 1221 703 1270 ἄλλοι
737 1221 952 1284 πλείονες,
978 1240 1082 1303 προς
1113 1222 1240 1268 αὐτὸν
1274 1222 1373 1286 ἀφι-

83 1293 231 1344 κέσθαι
257 1294 328 1343 τὸν
352 1294 537 1360 Ξέρξην.
564 1297 749 1341 Erravit
767 1297 942 1341 Dinon.

690 1420 768 1449 21.

443 1515 479 1559 E
514 1514 697 1559 Lumo
733 1513 1004 1571 QUARTo.

145 1623 388 1668 Athenaeus
401 1622 538 1678 XIII,
553 1637 600 1681 p.
619 1622 731 1681 609,
746 1624 819 1665 A.
836 1617 994 1667 Δείνων
1010 1617 1045 1665 δ’
1063 1620 1105 1665 ἐν
1120 1620 1173 1682 τῇ
1191 1616 1370 1682 πέμπτῃ

79 1694 164 1741 τῶν
182 1694 407 1756 Περσικῶν
430 1711 504 1748 της
500 1690 695 1781 πρώτης
712 1687 947 1744 συντάξεώς
971 1708 1121 1756 φησιν,
1145 1690 1251 1736 ὅτι(
1230 1709 1257 1747 η
1280 1693 1370 1738 Βα-

80 1765 212 1849 γάζου
232 1762 363 1828 γυνὴ,
384 1762 478 1820 ἥτις
497 1783 549 1821 ην
567 1763 829 1830 ὁμοπάτριος
842 1760 1004 1844 Ξέρξου
1022 1761 1213 1826 ἀδελφὴ,
1237 1761 1374 1824 ὄνομα

80 1829 284 1888 Ἀνοῦτις,
317 1827 528 1886 καλλίστη
563 1832 615 1887 ἠν
653 1831 739 1874 τῶν
761 1830 805 1874 ἐν
830 1830 883 1891 τῇ
908 1826 1028 1892 Ἀσία
1058 1845 1285 1890 γυναικων
1298 1826 1373 1874 καὶ

81 1899 422 1959 ἀκολαστοτάτη.

144 1979 237 2023 Pro
270 1972 445 2039 πρώτης
489 1973 820 2034 corrigendum
857 1969 1019 2036 τρίτης.
1062 1988 1082 2012 «
1103 1998 1106 2003 ·
1127 1972 1174 2018 Si
1212 1973 1371 2018 Ctesiae

34 2072 52 2087 -.·
81 2047 274 2113 [stagni.
312 2063 364 2108 p.
403 2046 464 2092 50
499 2062 543 2091 a.
582 2044 723 2107 sqq.]
759 2044 904 2090 fidem
939 2045 1188 2100 habemus,
1215 2047 1391 2094 omnia,

47 2125 67 2157 ἓ
77 2122 268 2167 nomina
286 2121 337 2164 in
355 2120 450 2164 istis
468 2128 576 2164 sunt
596 2126 835 2177 corrupta.
856 2119 976 2162 Nam
999 2115 1079 2161 illa
1097 2118 1266 2161 mulier
1289 2119 1374 2161 im-

39 2183 61 2244 f'
73 2193 391 2256 ⁴pudicissima,
405 2192 464 2237 de
481 2207 572 2251 qua
583 2192 814 2250 loquitur,
831 2205 931 2234 non
942 2190 1122 2246 Annus,
1135 2189 1217 2233 sed
1232 2192 1377 2249 Amy-

48 2277 63 2305 t
81 2267 137 2311 tis
154 2265 408 2310 vocabatur
435 2279 447 2308 ε
471 2278 626 2322 neque
645 2263 818 2307 Xerxis
842 2260 933 2306 fuit
955 2276 1107 2316 soror,
1130 2261 1212 2305 sed
1239 2263 1366 2306 Xer—

42 2374 43 2377 ,
53 2339 151 2384 xis
166 2336 358 2397 quidem
379 2335 498 2392 filia,
523 2335 793 2380 Artaxerxis
816 2349 933 2378 vero
956 2348 1108 2377 soror.
1134 2335 1375 2378 Postremo

48 2410 176 2470 ejus
199 2410 390 2453 maritus
420 2423 519 2452 non
540 2409 766 2467 Bagazus,
799 2406 880 2451 sed
912 2406 1191 2466 Megabyzus
1220 2408 1376 2453 Ctesiae

44 2510 45 2514 =
62 2477 234 2533 multis
249 2482 365 2525 locis
383 2481 668 2524 nominatur.
702 2481 855 2537 Quale
880 2479 943 2523 ita
967 2479 1288 2524 constituenda
1309 2481 1378 2524 le-

43 2575 46 2578 *
47 2553 173 2600 ctio
203 2553 344 2597 fuerit
367 2567 423 2596 ex
454 2552 549 2610 ejus
581 2561 770 2596 mente.
798 2548 864 2595 ὅτι
899 2545 925 2605 ἡ
952 2547 1215 2612 Μεγαὸύζου
1238 2548 1374 2611 γυνὴ,

45 2685 49 2688 -
80 2624 172 2684 ἥτις
203 2626 255 2680 ἠν
286 2620 547 2686 ὁμοπάτριος
571 2619 823 2686 Ἀρταξέρξῃ
861 2618 1100 2684 ἀδελφὴᾟ
1074 2639 1210 2683 ονομα
1234 2618 1375 2682 Ἀμυ-

48 2706 142 2751 ’τις
179 2697 274 2743 κτλ.
300 2697 584 2743 CASAUBON.
627 2695 695 2742 Cf.
732 2695 1046 2739 Hemsterhus.
1081 2695 1142 2739 ad
1171 2696 1367 2740 Lucian.

78 2772 262 2817 Timon.
287 2785 329 2812 e.
352 2783 431 2812 22.

698 2904 769 2945 19.

131 2975 216 3015 Rex
237 2975 444 3013 Persarum
457 3003 468 3022 ,
486 2973 532 3011 ut
546 2971 726 3012 scribunt
745 2972 894 3011 Ctesias
909 2972 950 3011 et
980 2971 1085 3012 Dino
1116 2972 1157 3010 in
1179 2972 1347 3012 Persicis
1362 3002 1373 3022 ,
1409 3013 1413 3031 1

1410 3034 1412 3036 ’
1451 3030 1620 3080 fugisse,
1644 3030 1685 3069 in
1702 3030 1816 3080 cujus
1841 3031 2104 3070 contubernio
2134 3031 2274 3082 agebat
2296 3031 2420 3082 regis,
2441 3031 2618 3072 medicus
2644 3031 2750 3081 ejus,

89 3038 261 3082 cenabat
288 3048 381 3077 cum
414 3035 642 3087 quindecim
675 3035 850 3075 millibus
873 3035 1050 3075 virorum
1060 3049 1078 3086 ‚·
1092 3037 1132 3076 et
1151 3036 1192 3076 in
1219 3047 1374 3076 coenam

85 3103 378 3158 haumebantur
392 3101 542 3142 talenta
556 3100 860 3151 quadringenta.

640 3204 643 3209 ·
683 3185 758 3225 20.

68 3285 82 3294 .
137 3266 386 3318 Thucydides
405 3267 445 3306 et
469 3266 625 3306 Charon
648 3268 937 3317 Lampsacenus
962 3268 1125 3307 narrant
1150 3266 1373 3307 Themisto-

66 3360 70 3363 -
87 3331 212 3382 elem,
230 3334 387 3372 mortuo
397 3331 481 3382 jam
497 3333 643 3382 Xerxe,
659 3331 787 3371 filium
806 3331 889 3381 ejus
905 3332 1066 3381 adiisse;
1085 3332 1265 3383 Ephorus
1279 3342 1376 3371 vero
1411 3368 1414 3372 .

45 3395 130 3437 aet
155 3395 256 3435 Dino
282 3398 323 3435 et
352 3395 574 3435 Clitarchus
603 3397 643 3434 et
673 3396 896 3435 Heraclides
924 3396 1197 3446 (Cumanus)
1228 3396 1376 3447 aliique

55 3459 311 3518 swmplures
328 3458 379 3499 ad
398 3459 528 3509 ipsum
548 3458 700 3498 venisse
717 3459 858 3499 dicunt
878 3461 1072 3499 Xerxem.

691 3547 741 3588 21
754 3578 764 3588 .

450 3636 489 3679 Ε
518 3635 700 3680 LIBRO
733 3635 999 3692 QUARTO.

77 3740 81 3742 “
137 3734 238 3775 Dino
270 3734 370 3775 libro
399 3734 540 3786 quinto
571 3734 817 3775 Persicorum
849 3734 974 3785 partis
1002 3733 1142 3786 primae
1174 3732 1372 3783 (tertioe)

37 3848 41 3855 .
89 3799 207 3840 tradit
250 3800 390 3851 Bagazi
424 3800 679 3851 (Meqabazi
715 3811 749 3840 s.
793 3799 1043 3850 Meqabyzi)
1089 3809 1255 3838 uxorem
1285 3809 1377 3848 quae

86 3872 200 3904 soror
228 3864 367 3904 Xerxis
386 3864 697 3914 (Artaxerxis)
718 3859 804 3903 erat
834 3874 886 3902 ex
913 3863 1053 3902 eodem
1083 3864 1215 3913 patre,
1237 3861 1378 3902 Anutis

60 3925 496 3978 (Διηῃιίε)υοιῐιὶηθ,
517 3927 827 3985 pulcherrimam
858 3926 979 3966 fuisse
1007 3926 1110 3967 Asiae
1139 3925 1375 3975 mulierum,

43 4006 46 4010 ·
64 3988 330 4058 eandemque
343 3989 792 4041 intemperantissimam.

686 4046 775 4098 22.

9 4104 12 4108 Ι
35 4107 99 4186 Afris
119 4178 122 4182 ,
140 4132 376 4185 Artaxerxes
390 4132 483 4181 ante
494 4131 645 4172 Arsicas
656 4131 787 4172 dictus
800 4131 889 4182 suit,
906 4131 1089 4182 quamvis
1116 4131 1264 4170 Oarten
1279 4130 1378 4170 terat

46 4226 59 4259 ,ἶ
75 4256 77 4259 ¹
92 4197 360 4246 nuncupatum
376 4195 491 4236 Dino.
514 4197 663 4235 Verum
686 4195 856 4236 Ctesiam
869 4224 880 4245 ,
898 4194 969 4234 etsi
986 4193 1162 4244 alioquin
1179 4192 1368 4233 absurda-

2050 374 2129 404 22.

1512 471 1745 516 Plutarch.
1769 473 1935 518 Artmt.
1958 486 2002 516 c.
2032 489 2051 516 1
2077 488 2088 516 :
2109 470 2165 519 ‘O
2186 470 2231 518 δὲ
2253 471 2516 538 Ἀρτοξέρξης
2539 474 2737 539 Ἀρσίκας

1445 539 1651 605 πρότερον
1670 542 1895 600 ἐκαλεῖτο,
1917 539 2058 588 καίτοι
2077 540 2236 589 Δείνων
2262 542 2415 605 φησὶν,
2438 544 2503 591 ὅτι
2526 544 2734 609 Ὀάρτης.

1447 612 1577 660 Ἀλλὰ
1593 612 1664 659 τὸν
1687 612 1907 671 Κτησίαν,
1933 614 1969 659 εἰ
1995 612 2068 659 καὶ
2091 612 2232 659 τᾶλλα
2257 612 2401 674 μύθων
2421 615 2637 662 ἀπιθάνων
2656 616 2733 662 καὶ

1446 684 1707 750 παραφόρων
1745 684 2015 748 ε’μὸέὸληκεν
2051 686 2110 738 εἷς
2153 684 2206 731 τὰ
2261 685 2410 746 βιὸλία
2446 688 2726 744 παντοδαπὴν

1453 756 1668 819 πυλαίαν,
1704 759 1780 804 οὒκ
1818 756 1926 809 εἰκός
1955 758 2070 803 ἔστιν
2103 758 2269 818 ἀγνοεῖν
2291 756 2477 819 τοῦνομα
2499 762 2573 804 τοῦ
2612 762 2735 819 βασι·

1449 827 1578 887 λέως,
1613 831 1718 893 παρ’
1755 822 1791 894 ᾧ
1815 828 1998 894 διέτριὸε
2023 827 2268 893 θεραπεύων
2298 828 2425 876 αὐτὸν
2449 829 2523 875 καὶ
2551 831 2735 892 γυναῖκα

1449 901 1524 947 καὶ
1559 900 1728 965 μητέρα
1771 900 1846 948 καὶ
1886 902 2061 954 παῖδας.
2111 902 2228 948 Vide
2263 903 2420 947 Ctesiae
2454 902 2618 962 fragm.
2658 903 2736 959 38,

2058 1052 2136 1100 23.

1516 1168 1756 1214 Plutarch.
1788 1170 1954 1214 Artox.
1989 1183 2029 1214 e.
2063 1168 2090 1212 6
2123 1184 2134 1211 :
2161 1165 2246 1214 Ἐκ
2282 1162 2333 1222 δὴ
2359 1161 2520 1213 τούτων
2555 1169 2742 1228 μισοῦσα

1448 1237 1526 1296 τὴν
1551 1237 1790 1303 Στάτειραν
1815 1241 1842 1296 ἡ
1870 1237 2123 1303 Παρύσατις
2139 1237 2214 1285 καὶ
2231 1236 2353 1303 φύσει
2373 1237 2616 1303 βαρύθυμος
2634 1231 2741 1285 οῧσα

1452 1311 1528 1358 καὶ
1556 1309 1773 1375 βάρὸαρος
1796 1312 1840 1357 ἓν
1865 1312 2012 1375 ὀργαῖς
2035 1309 2110 1358 καὶ
2136 1309 2441 1373 μνησικακίαις
2462 1310 2738 1358 ἐπεὸούλευεν

1454 1384 1590 1440 αὐτὴν
1630 1383 1811 1429 ἀνελεῖν.
1847 1381 1973 1431 Ἐπεὶ
2009 1381 2051 1429 δὲ
2088 1382 2248 1431 Δείνων
2280 1381 2357 1446 μὲν
2385 1385 2428 1430 ἐν
2467 1386 2529 1448 τῷ
2565 1381 2743 1448 πολέμῳ

1454 1458 1749 1518 (Artaxerxis
1772 1467 1938 1503 contra
1961 1458 2162 1518 Cyrum)
2187 1458 2517 1515 συντελεσθῆναι
2540 1456 2618 1515 τὴν
2644 1460 2743 1504 ἐπι-

1451 1528 1612 1585 ὅουλὴν
1648 1527 1816 1594 εἴρηκε,
1848 1528 2041 1588 Κτησίας
2065 1529 2105 1576 δ’
2137 1528 2337 1595 ὕστερον,
2374 1527 2420 1576 ὃν
2454 1521 2542 1577 οὔτ’
2580 1532 2748 1593 ἀγνοεῖν

1448 1598 1519 1646 τὸν
1545 1598 1697 1665 χρόνον
1730 1599 1839 1655 εἰκός
1863 1602 1969 1648 ἐστι·
1995 1603 2092 1648 κτλ.
2120 1606 2173 1650 V.
2200 1604 2359 1649 Ctesiae
2383 1603 2549 1664 fragm.
2585 1620 2635 1663 p.
2661 1603 2741 1663 75.

2063 1725 2142 1772 24.

1518 1824 1754 1878 Plutarch.
1780 1836 1948 1878 Artox.
1979 1850 2021 1880 c.
2045 1850 2075 1894 9
2104 1849 2115 1881 :
2153 1831 2241 1880 Τὸν
2263 1830 2341 1895 μὲν
2365 1825 2437 1880 οὖν
2459 1832 2747 1899 Ἀρταγέρσην

1452 1905 1716 1950 ἀποθανεῖν(
1701 1903 1783 1950 υπὸ
1800 1902 1946 1969 Κύρου
1968 1903 2122 1972 σχεδὸν
2145 1903 2330 1958 ἅπαντες
2347 1906 2629 1968 ὃμολογουσι·
2646 1905 2744 1971 περὶ

1453 1974 1496 2022 δὲ
1520 1995 1596 2032 της
1619 1976 1748 2022 αὐτου
1776 1974 1921 2041 Κύρου
1946 1977 2040 2023 τελε
2024 1994 2145 2034 ευτης
2161 1975 2322 2030 ε’πεὶ’“’
2282 1994 2485 2052 ...ενοφων
2505 1976 2653 2030 ἁπλῶς
2669 1976 2745 2023 καὶ

1451 2047 1694 2111 συντόμως,
1726 2046 1803 2094 ἅτε
1822 2047 1873 2106 δὴ
1894 2047 1955 2111 μὴ
1976 2047 2125 2113 παρὼν
2152 2047 2300 2111 αὐτὸς,
2331 2053 2472 2112 εἶπεν,
2497 2048 2666 2096 οὐδὲν
2650 2069 2751 2102 ισως

1451 2121 1610 2167 κωλύει
1636 2119 1687 2167 τὰ
1724 2118 1973 2174 Δείνωνος’
1962 2119 2049 2167 ιδία
2084 2119 2160 2168 καὶ
2194 2120 2327 2168 πάλιν
2359 2121 2415 2168 τὰ
2441 2121 2632 2180 Κτησίου
2660 2122 2745 2184 (fr.

1453 2194 1540 2255 49)
1570 2193 1762 2241 διελθεῖν.

1521 2266 1651 2327 (Cap.
1677 2265 1777 2327 10.)
1811 2263 1958 2322 Φησὶν
1981 2257 2054 2312 οὖν
2079 2267 2101 2312 6
2126 2263 2203 2327 μὲν
2228 2264 2388 2313 Δείνων
2405 2301 2418 2323 ,
2446 2263 2511 2312 ὅτι
2534 2270 2608 2313 τοῦ
2629 2265 2740 2330 Ἀρ-

1455 2337 1660 2401 ταγέρσου
1695 2335 1899 2390 πεσόντος
1929 2335 2157 2391 εἷσελοίσας
2183 2336 2332 2402 βιαίως
2355 2341 2377 2384 6
2400 2340 2543 2403 Κῦρος
2566 2340 2624 2392 εἷς
2651 2337 2748 2392 τοὺς

1451 2407 1820 2472 προτεταγμένους
1843 2427 1919 2455 του
1956 2409 2167 2472 βασιλέως
2204 2408 2476 2474 κατέτρωσεν
2508 2410 2642 2456 αὗτου
2673 2409 2747 2457 τὸν

1450 2479 1607 2541 ιππον,
1633 2483 1655 2526 6
1680 2478 1724 2527 δὲ
1750 2479 1966 2546 ἀπερρύη·
1993 2480 2243 2545 Τηριὸοίζου
2270 2482 2305 2527 δ’
2330 2480 2620 2534 ἀναὸαλόντος
2661 2482 2743 2528 αὗ-

1451 2551 1523 2599 τὸν
1545 2551 1611 2599 ἐπ’
1636 2551 1764 2599 ἄλλον
1788 2549 1918 2623 ἵππον
1943 2571 2053 2616 ταχυ
2071 2551 2144 2599 καὶ
2169 2551 2357 2606 εἰπόντος
2377 2554 2512 2616 αὐτῷ,
2541 2545 2643 2602 «Ὠ
2675 2556 2751 2617 βα-

1453 2626 1595 2683 σιλευ,
1624 2622 1819 2686 μέμνησο
1842 2619 1918 2681 της
1947 2623 2113 2688 ἡμέρας
2136 2625 2322 2685 ταύτης,
2350 2643 2397 2671 ου
2429 2623 2511 2688 γὰρ
2545 2623 2643 2679 ἀξία
2666 2624 2749 2682 λή-

1452 2698 1568 2753 θης
1551 2695 1665 2754 εστί,
1690 2717 1710 2738 »
1735 2696 1864 2743 πάλιν
1885 2698 1907 2742 6
1930 2696 2104 2783 Κῦρος’
2086 2695 2276 2750 ενσείσας
2299 2699 2361 2761 τῷ
2386 2716 2506 2762 ιππῳ
2526 2695 2744 2744 κατέὸαλε

1456 2767 1528 2814 τὸν
1554 2766 1850 2832 Ἀρτοξέρξην·
1882 2766 1987 2832 πρὸς
2019 2766 2064 2814 δὲ
2103 2767 2181 2825 τὴν
2219 2769 2367 2833 τρίτην
2403 2745 2604 2815 ἐπέλασιν
2643 2769 2749 2816 δυσ-

1454 2914 1546 2942 rum
1563 2905 1603 2943 et
1619 2903 1858 2944 insulsarum
1875 2904 1915 2942 in
1936 2904 2058 2943 libros
2074 2915 2167 2944 suos
2191 2904 2344 2943 variam
2368 2905 2592 2944 fabularum
2622 2905 2749 2944 collu-

1451 2966 1558 3006 viem
1588 2967 1811 3016 insarserit,
1832 2967 1940 3006 haud
1969 2967 2171 3018 probabile
2201 2968 2253 3007 sit
2280 2970 2415 3007 tamen
2444 2968 2749 3018 appellationem

1450 3094 1611 3145 uxoris,
1630 3095 1768 3134 matris
1785 3096 1826 3134 et
1842 3094 2075 3134 liberorum.

2066 3165 2140 3205 23.

1499 3230 1602 3271 Hinc
1617 3241 1736 3279 exosa
1760 3232 1946 3272 Statiram
1970 3233 2189 3283 Parysatis,
2206 3233 2245 3272 et
2260 3232 2414 3283 ingenio
2430 3232 2572 3272 mulier
2589 3231 2629 3271 in
2650 3232 2749 3271 iram

1449 3294 1489 3334 et
1503 3293 1719 3334 vindictam
1738 3295 1820 3335 sero
1836 3296 2138 3346 barbaricoque,
2152 3307 2294 3335 necare
2306 3307 2395 3335 eam
2408 3298 2467 3336 est
2493 3296 2645 3335 molita.
2675 3299 2750 3335 Per

1448 3357 1597 3398 bellum
1626 3360 1727 3399 Dino
1755 3360 1831 3399 hoc
1857 3362 1987 3400 scelus
2010 3361 2184 3411 prodidit
2217 3363 2441 3411 patratum,
2471 3361 2625 3401 Ctesias
2655 3372 2751 3399 vero

1450 3422 1594 3472 (quem
1625 3434 1706 3462 non
1739 3424 1942 3474 praeterire
1958 3425 2114 3474 tempus
2127 3454 2138 3473 ,
2156 3435 2282 3473 quum
2306 3425 2426 3465 rebus
2446 3424 2604 3475 agendis
2625 3425 2749 3464 inter-

1379 3518 1385 3527 .
1449 3486 1590 3537 ruerit,
1611 3488 1921 3527 consentaneum
1937 3489 2022 3538 est)
2053 3489 2205 3538 postea.

1502 3622 1662 3661 caesum
1702 3631 1726 3660 a
1766 3621 1870 3670 Cyro
1904 3621 2153 3670 Artagersem
2184 3621 2359 3660 fatentur
2390 3621 2472 3661 fere
2502 3631 2654 3660 omnes.
2699 3621 2748 3659 At

1453 3684 1546 3734 Cyri
1575 3685 1704 3723 satum
1723 3684 1818 3734 quia
1839 3684 2059 3734 Xenophon
2089 3684 2320 3734 simpliciter
2349 3678 2389 3724 et
2417 3683 2586 3724 strictim
2607 3685 2655 3722 ut
2677 3683 2747 3734 qui

1452 3750 1536 3799 ipse
1559 3760 1639 3788 non
1664 3749 1908 3797 interfuerit,
1926 3750 2122 3800 percurrit
2146 3765 2155 3788 :
2181 3750 2279 3790 nihil
2299 3760 2393 3790 sane
2412 3759 2543 3788 causae
2562 3750 2621 3788 est
2651 3748 2745 3800 quin

1451 3822 1497 3851 ea
1518 3823 1610 3862 quae
1629 3812 1801 3862 prodidit
1826 3812 1951 3863 Dino,
1983 3823 2184 3863 seorsum,
2207 3812 2298 3854 inde
2317 3812 2460 3854 Ctesiae
2483 3812 2746 3854 narrationem

1452 3877 1683 3917 reseramus.

1501 3940 1635 3980 Refert
1649 3941 1741 3991 ergo
1763 3941 1889 3991 Dino,
1903 3942 2114 3992 postquam
2126 3940 2270 3981 cecidit
2281 3941 2519 3990 Artageram,
2543 3939 2746 3977 invectum

1451 4014 1596 4053 magna
1608 4003 1648 4042 vi
1662 4005 1813 4054 Cyrum
1825 4004 1866 4043 in
1881 4016 1948 4044 eos
1959 4005 2029 4056 qui
2045 4005 2215 4044 suentem
2229 4003 2403 4042 cohortis
2419 4002 2533 4050 regiae
2545 4002 2743 4051 tegebant,

1435 4077 1600 4116 equum
1615 4066 1717 4116 regis
1731 4067 1961 4107 vulnerasse
1972 4098 1983 4117 ,
2001 4078 2173 4118 eumque
2188 4078 2238 4106 ex
2254 4077 2356 4115 equo
2368 4063 2589 4103 defluxisse.
2609 4067 2744 4109 Quum

1452 4129 1650 4169 Tiribazes
1669 4140 1832 4179 propere
1859 4141 1990 4179 regem
2005 4130 2046 4168 in
2061 4131 2183 4168 alium
2203 4138 2350 4178 equum
2375 4125 2642 4174 imposuisset,
2672 4125 2745 4163 ad·-

1452 4193 1544 4233 ditis
1562 4193 1669 4233 hisce
1686 4194 1818 4233 verbis
1838 4205 1848 4232 t
1868 4194 2091 4234 Memineris
2102 4223 2112 4242 ,
2132 4203 2222 4242 rex,
2243 4191 2361 4240 hujus
2378 4190 2454 4229 diei
2464 4219 2477 4239 ,
2494 4199 2622 4238 neque
2640 4189 2744 4229 enim
