3016 4628
308 268 399 308 ³20

306 369 430 420 «Διὰ
454 370 502 417 τὸ
523 372 674 434 μικροῦ
700 368 860 415 δεῖσθαι
884 386 1013 433 πυρος
1031 366 1073 414 ἐν
1096 366 1181 420 τοῖς
1201 366 1398 429 τηγάνοις
1421 369 1458 414 οἱ
1482 365 1580 454 περὶ

305 441 610 508 Ἀρχέστρατον
630 439 930 498 ἐπιὸάλλοντες
953 436 1196 489 κελεύουσιν
1224 438 1296 485 ἐπὶ
1321 437 1476 501 θερμὸν
1499 436 1583 493 τή-

302 533 428 576 γανον
450 512 647 569 σίζουσαν
673 515 884 578 ἀφαιρεῖν
910 510 1028 574 Ἅμα
1046 510 1081 558 δ’
1101 505 1239 568 ἧπται
1254 509 1328 557 καὶ
1347 508 1476 568 σίζει,
1503 526 1584 555 κα-

302 586 437 652 θάπερ
461 585 681 645 τοῦλαιον,
706 584 841 639 εὐθύς.
861 583 940 633 Διὸ
959 582 1156 647 λέγεται,
1177 579 1271 631 Ἴδε
1294 586 1379 647 πῦρ
1405 579 1584 646 ἀφύη.»

904 680 985 727 53.

371 775 502 821 Idem
520 777 601 835 IV,
615 791 660 836 p.
684 774 792 831 160,
807 774 869 820 C:
891 770 1114 836 Κλέαρχος
1134 768 1179 816 δὲ
1192 806 1204 828 ,
1225 772 1247 815 ὃ
1267 767 1352 815 ἀπὸ
1366 771 1440 815 τοῦ
1459 785 1585 831 περι-

302 845 463 903 πάτου,
481 847 523 892 ἐν
539 846 624 899 τοῖς
645 845 754 911 Περὶ
767 846 1006 908 παροιμιῶν
1023 847 1078 897 ὼς
1098 840 1331 906 παροιμίαν
1350 838 1585 905 ἀναγράφει

307 936 357 966 το
381 938 401 955 ⁶¹
426 917 531 966 Ἐπὶ
554 920 608 982 τῇ
631 921 749 983 φακῇ
775 916 922 982 μύρον.
948 938 967 957 ¹·

374 1121 504 1166 Idem
525 1122 610 1177 111,
632 1137 679 1180 p.
707 1136 723 1164 1
740 1120 809 1176 16,
823 1122 864 1164 D
885 1135 896 1162 z
914 1116 1024 1164 Ἀλλ’
1039 1115 1130 1162 ἐπεὶ
1147 1115 1246 1180 περὶ
1262 1113 1450 1178 ταρίχων
1471 1111 1584 1159 ἐστὶν

305 1195 329 1239 δ
352 1191 495 1255 λόγος,
514 1191 610 1256 περὶ
627 1185 683 1237 ὧν
701 1184 794 1237 οἶδα
815 1189 887 1236 καὶ
903 1187 1137 1254 παροιμίαν
1155 1187 1325 1250 μνήμης
1344 1185 1584 1248 ἠξιωμένην

308 1264 390 1311 ὑπὸ
409 1269 480 1310 τοῦ
501 1262 672 1316 Σολέως
695 1261 922 1326 Κλεάρχου
939 1279 949 1289 ·

407 1358 553 1408 Σαπρὸς
569 1356 720 1406 τάριχος
740 1357 808 1401 τὴν
825 1355 999 1405 ὀρίγανον
1015 1355 1126 1406 φιλεῖ.

904 1446 978 1492 55.

374 1546 604 1590 Zenobius
626 1546 689 1599 V,
718 1549 775 1596 44
806 1559 816 1586 :
853 1542 1074 1591 Οἰταῖος
1098 1538 1321 1600 δαίμων·
1361 1535 1584 1601 Κλέαρχός

307 1634 457 1681 φησιν,
491 1613 553 1661 ὅτι
581 1612 742 1676 δαίμων
777 1633 837 1665 τις
862 1612 1035 1664 Οἰταῖος
1068 1610 1375 1671 ἐπωνομάσθη,
1401 1607 1443 1661 ὃς
1464 1607 1583 1672 ὕὸριν

307 1689 380 1733 καὶ
404 1686 693 1751 ὑπερηφανίαν
717 1685 828 1731 πάνυ
859 1684 1074 1746 ἐμίσησεν.
1109 1705 1125 1723 «
1147 1684 1321 1728 Eadem
1344 1683 1581 1729 Plutarch.

308 1763 445 1807 Prov.
466 1762 541 1820 96.
565 1762 756 1820 Diogen.
781 1762 866 1803 VII
883 1795 896 1814 .‚
917 1758 991 1803 23.
1016 1760 1107 1802 Aut
1123 1757 1343 1801 Hercules
1365 1765 1444 1799 aut
1467 1757 1585 1815 Jup-

306 1834 428 1892 piter
452 1831 748 1891 significatur.
776 1832 845 1877 Cf.
881 1831 1095 1889 Propert.
1128 1830 1222 1885 ΙΙΙ,
1254 1844 1271 1872 1
1289 1862 1301 1884 ,
1329 1827 1402 1872 31.
1429 1829 1580 1888 Heyn.

306 1904 365 1948 ad
390 1903 609 1963 Apollod.
637 1905 705 1962 ΙΙ,
723 1918 771 1961 p.
804 1919 910 1962 197.
936 1923 955 1942 »
979 1905 1207 1947 LEU'rscu.

902 2004 978 2049 56.

369 2099 498 2144 Idem
517 2101 579 2158 V,
601 2098 659 2151 48
683 2115 693 2143 2
721 2090 890 2151 Οὗτος
911 2096 1066 2150 ἄλλος
1087 2095 1353 2161 Ἡρακλῆς
1372 2113 1384 2125 ·
1407 2093 1583 2159 Κλέαρ-

303 2189 376 2234 χος
396 2167 668 2231 ἐξηγούμενος
688 2167 765 2227 τὴν
786 2168 1020 2234 παροιμίαν
1045 2168 1150 2233 φησὶ
1168 2168 1240 2216 τὸν
1265 2166 1462 2234 Βριάρεω
1495 2185 1581 2213 κα-

303 2241 504 2303 λούμενον
529 2240 747 2303 Ἡρακλέα
769 2242 902 2288 ἐλθεῖν
927 2243 982 2295 εἷς
1006 2240 1194 2306 Δελφοὺς
1226 2240 1300 2288 καὶ
1330 2239 1520 2287 λαὸόντα
1541 2258 1582 2285 τι

302 2316 385 2359 τῶν
410 2315 498 2359 ἐκεῖ
515 2311 745 2372 κειμηλίων
762 2311 875 2359 κατά
897 2332 937 2359 τι
960 2312 1144 2359 παλαιὸν
1165 2311 1254 2366 ἔθος
1270 2351 1283 2374 ,
1304 2316 1495 2377 ὁρμῆσαι
1512 2311 1584 2358 ἐπὶ

304 2384 377 2437 τὰς
394 2382 656 2449 Ἡρακλέους
677 2383 836 2441 στήλας
859 2385 1124 2446 καλουμένας
1146 2383 1221 2431 καὶ
1244 2387 1327 2431 τῶν
1353 2386 1443 2431 ἐκεῖ
1464 2402 1583 2448 περι-

302 2456 509 2519 γενέσθαι.
556 2454 712 2521 Χρόνῳ
752 2455 797 2503 δὲ
835 2454 1006 2522 ὕστερον
1050 2457 1122 2504 τὸν
1164 2456 1324 2522 Τύριον
1359 2455 1583 2521 Ἡρακλέα

305 2530 437 2575 ἐλθεῖν
482 2530 540 2581 εἷς
574 2526 763 2592 Δελφοὺς
802 2528 1068 2592 χρησόμενον
1101 2532 1164 2594 τῷ
1200 2529 1415 2593 μαντείῳ·
1440 2527 1513 2575 τὸν
1539 2526 1584 2575 δὲ

302 2600 393 2647 Θεὸν
415 2602 657 2666 προσειπεῖν
680 2600 805 2648 αὐτὸν
830 2601 959 2659 ἄλλον
994 2601 1239 2669 (Ηρακλέω
1264 2602 1339 2650 καὶ
1362 2600 1473 2649 οὕτω
1505 2600 1582 2660 τὴν

305 2672 535 2736 παροιμίαν
562 2676 791 2738 κρατῆσαι.

370 2747 438 2791 Cf.
477 2748 750 2807 Diogenian.
776 2749 821 2804 Ι,
849 2746 908 2792 63
934 2748 1094 2808 ibique
1116 2747 1303 2794 laudata
1334 2764 1360 2792 a
1385 2749 1583 2794 Goettin-

306 2819 530 2878 gensibus.
563 2819 775 2884 Ceterum
808 2821 1009 2879 pertinet
1042 2822 1134 2865 huc
1161 2823 1342 2866 Tzetzes
1375 2821 1437 2865 ad
1467 2823 1581 2880 LyC.

308 2891 401 2950 649
424 2906 434 2934 :
461 2888 680 2953 Κλέαρχος
694 2888 767 2944 τὰς
785 2890 897 2937 κατὰ
914 2891 1098 2956 Γάδειρα
1117 2891 1277 2950 στήλας
1294 2896 1367 2939 τοῦ
1387 2892 1584 2957 Βριάρεω

309 3026 584 3065 Archestratus
597 3057 608 3076 ,
622 3027 756 3066 calidae
772 3028 954 3077 injectam
970 3030 1154 3081 sartagini
1169 3030 1315 3070 auferri
1332 3031 1584 3071 stridentem.

311 3088 437 3130 Simul
460 3092 563 3131 enim
586 3093 704 3141 atque
723 3093 884 3144 stridet,
902 3096 1087 3135 continuo
1111 3096 1232 3136 etiam
1255 3097 1370 3137 cocta
1384 3098 1467 3148 est,
1483 3096 1588 3137 sicut

308 3154 452 3193 oleum.
475 3156 612 3205 ltaque
631 3154 707 3194 dici
722 3156 820 3196 solet
838 3173 846 3196 :
874 3158 985 3198 Vidit
1009 3161 1147 3209 iynem
1166 3171 1299 3211 apua.
1320 3175 1339 3196 »

914 3238 984 3278 53.

361 3306 574 3346 Clearchus
605 3307 903 3359 Peripateticus,
936 3312 975 3351 in
1004 3312 1114 3354 libris
1141 3317 1201 3354 De
1225 3316 1444 3366 proverbiis
1468 3317 1587 3357 etiam

313 3369 409 3408 illud
433 3370 470 3408 ln
486 3370 891 3420 proverbiisrecenset
912 3390 921 3414 ε
941 3390 959 3409 «
978 3378 1023 3415 In
1038 3377 1143 3418 lente
1160 3381 1419 3430 unguentum.
1438 3397 1457 3416 υ

916 3459 987 3500 54.

363 3528 436 3567 sed
456 3529 641 3579 quoniam
658 3530 707 3569 de
722 3531 961 3574 salsamentis
979 3536 1121 3587 agitur,
1136 3538 1280 3588 quibus
1294 3538 1343 3579 de
1359 3541 1451 3579 no'vi
1468 3541 1589 3580 etiam

313 3592 589 3696 &vermi-im,
577 3587 719 3643 ‚quod
737 3598 954 3636 memoratu
982 3598 1143 3648 dignum
1159 3600 1354 3651 judicavit
1374 3605 1591 3645 Clearchus

381 3667 483 3696 ensis

401 3735 590 3771 vetustum
607 3735 862 3772 salsamentum
878 3738 1071 3782 origanum
1086 3747 1194 3778 amat.

922 3813 993 3852 55.

370 3882 533 3921 OEloeus
552 3882 710 3934 qenus]
727 3883 939 3925 Clearchus
961 3886 1178 3929 daemonem
1194 3891 1391 3941 quendam
1413 3897 1591 3935 OEtoeum

314 3945 631 3994 cognominatum
664 3958 748 3988 esse
766 3947 847 3999 ait,
870 3950 937 4000 qui
964 3951 1141 4001 injuriam
1169 3956 1207 3994 et
1234 3960 1494 4008 arrogantiam
1521 3971 1590 4000 ve·

315 4008 515 4049 hementer
532 4009 688 4050 odisset.

923 4098 997 4138 56.

366 4166 482 4205 Alter
498 4166 565 4207 lee'c
586 4169 820 4220 Herculem]
839 4172 1099 4222 lnterwetans
1115 4177 1323 4219 clearchus
1339 4180 1413 4219 hoc
1433 4193 1592 4232 prover-

1297 252 1622 302 CLEARCHI
1658 251 1957 300 SOLENSIS

1656 364 1893 430 Ἡρακλέος
1938 367 2046 410 εἰναι
2089 360 2225 424 λέγει,
2276 359 2368 422 μεθ’
2408 359 2454 407 ὃν
2495 360 2686 425 δεύτερος
2724 361 2981 428 ΗραχλὟξ

1658 441 1680 485 ὃ
1703 436 1860 500 Ἰύριος
1883 429 2009 494 ἠλθεν
2030 433 2102 481 ἐπὶ
2123 432 2178 480 τὰ
2202 434 2238 480 l
2241 433 2391 497 ἄδειρα
2408 433 2482 479 και
2503 431 2642 497 τρίτος
2657 431 2854 494 ““’-Ελλην.
2849 440 2970 500 RQ

1655 512 1722 555 hil
1746 521 1844 556 erat
1863 526 1946 555 cur
1967 508 2207 554 Reinesius
2235 522 2312 566 ap.
2331 509 2579 552 Mulierum
2604 507 2829 572 Κλέαρχος
2843 526 2909 557 m

1658 584 1743 627 tari
1763 581 1934 627 vellet
1922 598 1971 625 1n
1997 578 2278 642 Κλείταρχος.
2307 580 2376 623 Ex
2398 579 2520 623 libio
2558 577 2670 643 Περὶ
2702 582 2829 627 Θινῶν
2851 581 2910 629 si

1657 656 1727 698 De
1762 655 1964 698 arenosis
1996 651 2187 696 desertis
2225 648 2238 710 (
2250 651 2419 696 Athen.
2457 653 2591 707 VIII,
2622 667 2674 712 Ρ.
2712 651 2838 711 345,
2887 640 2932 711 ι.ε’
2971 674 2977 722 ¹?

1656 727 1812 771 locum
1831 727 2032 786 petitum
2057 738 2151 768 esse
2175 723 2458 783 opinabatur
2475 725 2701 770 Mullerus
2719 725 2780 771 ad
2798 726 2848 773 11.
2868 723 2941 801 1,]

2264 825 2340 885 57

1723 925 1876 970 Schol.
1899 923 2084 970 Platon.
2102 937 2152 982 p.
2178 920 2268 967 381
2293 921 2440 967 Bekk.
2459 931 2717 984 postquam
2740 923 2801 970 de
2827 915 2923 991 Ρ

1657 998 1819 1041 verbio
1847 992 1985 1058 Πρὸς
2009 991 2098 1039 δύο
2118 993 2260 1039 0138’6
2281 991 2548 1058 Ἡρακλῆς
2567 997 2786 1058 apposuit
2807 1012 2887 1043 ex·

1658 1071 1889 1114 cationem
1920 1067 2113 1112 Duridis
2129 1076 2175 1111 et
2198 1067 2572 1128 Echephyllidis‚
2599 1069 2770 1115 addit:
2808 1066 2929 1117 Τὰ

1659 1137 1767 1185 αὐτὰ
1790 1137 1864 1185 καὶ
1890 1135 2143 1202 Φερεκύδης
2164 1135 2239 1183 καὶ
2256 1136 2506 1203 Κώμαρχος
2525 1137 2600 1185 καὶ
2617 1135 2789 1204 Ἴστρος
2804 1141 2889 1188 ἐν

1657 1210 1916 1263 ‘ammte‘
1906 1228 2134 1272 ιστορουσι.
2161 1212 2218 1261 Ι11
2233 1212 2305 1255 1115
2322 1227 2412 1294 Ρ1·0
2441 1209 2687 1277 Κώμαρχος
2709 1190 2909 1275 repone}-

1658 1285 1772 1330 dum
1805 1299 1898 1328 esse
1923 1279 2150 1346 Κλέαρχος
2184 1285 2350 1328 monui
2389 1284 2451 1330 ad
2485 1285 2727 1334 Herodor.
2771 1286 2832 1340 fr,
2873 1299 2950 1333 1

1657 1358 1806 1403 Verba
1833 1357 1998 1400 scholii
2020 1372 2067 1403 v.
2097 1358 2147 1400 in
2168 1357 2430 1416 Pherecyd.
2460 1357 2520 1407 fr.
2547 1358 2622 1405 36.
2895 1350 2926 1363 ”

2266 1462 2345 1509 58.

1722 1564 2049 1620 ZenobiusVI,
2071 1564 2150 1621 28,
2173 1564 2232 1609 de
2249 1566 2536 1625 proverbio:
2557 1562 2719 1629 Υπὲρ
2737 1554 2800 1612 τὰ
2817 1565 2933 1613 Κα
2937 1567 2962 1607 i

1657 1635 1952 1699 λικράτους.
1976 1637 2094 1684 Vide
2119 1639 2316 1686 Aristot.
2341 1638 2398 1686 fr.
2424 1641 2507 1700 69.
2945 1671 2948 1674 «

1723 1834 1880 1878 Schol.
1905 1834 2086 1878 Platon.
2107 1849 2158 1894 p.
2201 1834 2296 1895 319
2337 1834 2413 1880 ed.
2446 1834 2593 1880 Bekk.
2730 1830 2871 1880 Κλέα
2895 1858 2944 1907 4

1659 1902 1704 1950 δέ
1735 1922 1862 1969 φησιν
1895 1903 1980 1950 ὑπὸ
2013 1903 2268 1952 Χαλκιδέων
2299 1907 2383 1964 τῶν
2423 1906 2466 1951 ἐν
2502 1868 2671 1967 Εὐὸοίᾳ
2704 1907 2959 1973 πεμφθην

1658 1977 1776 2041 δῶρα
1796 1979 1852 2030 εἷς
1889 1975 2081 2042 Δελφους
2115 1975 2351 2024 Ἀπόλλωνι
2388 1977 2462 2025 καὶ
2495 1975 2744 2044 Ἀρτέμιδι·
2790 1995 2876 2025 των
2903 1978 2955 2043 3

1659 2050 1838 2114 Δελρων
1860 2047 2218 2112 μαντευομένων,
2244 2051 2280 2096 ει
2301 2047 2385 2105 ἐξ”
2369 2068 2462 2107 ισης
2486 2048 2565 2107 τὴν
2597 2049 2796 2097 ἀνάθεσιν
2825 2032 2933 2109 mi’g}

1658 2141 1834 2181 σωνται,
1855 2121 2046 2187 ἔφησενὸ
2065 2121 2181 2176 θεός·
2211 2120 2456 2170 Κοινὰτα
2475 2124 2572 2169 τῶν
2597 2121 2782 2188 φίλων.
2807 2118 2931 2193 Alirjj

1658 2196 1718 2240 de
1746 2197 1818 2240 his
1847 2197 2042 2240 Timaeus
2072 2196 2199 2256 apud
2221 2196 2401 2243 Zenoh.
2426 2197 2518 2253 IV,
2544 2211 2623 2256 79.
2647 2195 2716 2242 Cf.
2737 2197 2870 2262 Leu

1658 2277 1705 2314 et
1720 2268 2063 2314 Schneidewin.
2091 2270 2290 2317 Paroem.
2309 2271 2331 2314 I
2348 2303 2361 2327 ‚
2381 2284 2431 2329 p.
2458 2268 2547 2314 106
2565 2277 2612 2314 et
2633 2264 2750 2315 266.
2910 2255 2930 2269 ’

2268 2363 2347 2409 60.

1725 2458 2034 2518 Hesychius:
2073 2455 2398 2520 Διομήδειος
2439 2456 2674 2520 ἀνάγκη’
2711 2474 2876 2522 παροι

1660 2527 1886 2593 Κλέαρχος
1924 2528 2003 2591 μέν
2039 2547 2197 2595 φησι,
2210 2528 2454 2593 Διομήδους
2492 2528 2731 2594 θυγατέρας
2757 2530 2918 2594 γενέιῖ”

1657 2600 1767 2648 πολυ
1789 2600 2042 2667 μοχθηρὰς,
2066 2606 2133 2657 αῖς
2153 2602 2409 2664 ἀναγκάζειν
2429 2602 2684 2661 πλησιάζειν
2708 2601 2852 2661 τινὰς,

1659 2674 1778 2729 εὐθυς
1806 2671 1958 2728 αὐτους
1981 2673 2188 2740 φονεύειν.
2216 2677 2428 2723 Clearchi
2445 2678 2808 2737 explicationem
2829 2684 2934 2738 prae'

1656 2749 1770 2805 bent
1792 2750 1930 2794 etiam
1949 2750 2096 2793 schol.
2123 2749 2174 2793 in
2196 2749 2438 2809 Aristoph.
2458 2750 2588 2796 Eccl.
2620 2755 2770 2807 1074,
2790 2750 2921 2806 Sui

1657 2837 1693 2866 s.
1720 2837 1767 2865 v.
1803 2829 1848 2865 et
1877 2822 2147 2881 Apostolius
2179 2823 2288 2877 VII,
2332 2819 2407 2868 15.
2441 2822 2655 2870 Aliorum
2683 2822 2879 2868 senten
2892 2854 2896 2860 -
2922 2844 2943 2862 ιι

1657 2910 1703 2941 v.
1719 2909 1792 2954 ap.
1803 2894 2083 2951 Zenob.III
2097 2893 2937 2955 8ibiqueprofessoresGoettingenses

1662 3029 1799 3079 bium,
1819 3028 2051 3078 Briareum,
2070 3029 2141 3080 qui
2155 3030 2196 3069 et
2223 3029 2415 3069 Hercules
2434 3029 2494 3069 est
2508 3029 2767 3078 nominatus,
2783 3029 2929 3081 Delpu

1659 3093 1812 3134 venisse
1826 3094 1947 3133 refert
1957 3089 2222 3144 ‚sublatoque
2237 3093 2330 3133 inde
2341 3103 2394 3133 ex
2406 3093 2602 3134 thesauris
2617 3093 2761 3144 aliquo
2767 3091 2932 3135 donario

1661 3168 1772 3198 more
1786 3157 1964 3208 quodam
1980 3157 2140 3208 prisco,
2170 3156 2222 3196 ad
2237 3157 2445 3197 columnas
2463 3167 2556 3208 quoe
2581 3157 2788 3198 Herculeoe
2805 3165 2848 3197 v·
2864 3204 2884 3225 p
2917 3175 2921 3187 ι

1662 3223 1729 3261 tur
1744 3222 1949 3272 navigasse
1962 3250 1975 3272 ,
1995 3222 2036 3261 et
2057 3221 2112 3261 ibi
2131 3220 2324 3261 victorem
2340 3220 2551 3260 exstitisse.
2583 3221 2678 3261 Post
2691 3230 2790 3262 vero
2822 3227 2844 3274 ¹·
2856 3229 2881 3255 ω’
2900 3239 2913 3253 ι

1662 3287 1743 3327 16111
1758 3287 1925 3338 Tyrium
1945 3287 2119 3338 Delphos
2133 3286 2185 3326 ad
2206 3286 2417 3327 oraculum
2438 3285 2731 3327 consulendum
2750 3285 2886 3329 dolatu
2898 3302 2917 3320 υ

1662 3364 1783 3404 quem
1805 3353 2010 3403 alloquens
2029 3352 2128 3392 deus
2142 3352 2266 3392 alium
2283 3352 2494 3392 Herculem
2509 3351 2765 3403 appellasset,
2787 3350 2921 3403 indeq

1662 3417 1833 3456 valuisse
1850 3416 2122 3467 proverbium.

2274 3519 2348 3561 59.

1714 3611 1928 3651 Clearchus
1942 3610 2039 3650 dicit
2055 3621 2079 3650 a
2099 3609 2428 3650 Chalcidensibus
2443 3609 2607 3650 Euboeoe
2618 3607 2725 3649 dona
2738 3608 2860 3651 missa
2880 3662 2884 3667 .

1664 3675 1838 3726 Delphos
1866 3674 2040 3725 Apollini
2066 3674 2108 3714 et
2136 3673 2292 3714 Dianae.
2319 3674 2483 3724 Delphis
2501 3683 2597 3714 vero
2622 3672 2850 3727 ¹interrogant
2862 3677 2897 3706 «la

1664 3750 1760 3778 num
1771 3749 1823 3778 ex
1834 3749 1952 3788 aequo
1963 3737 2159 3777 dedicatio
2171 3736 2266 3787 ipsis
2277 3736 2458 3778 facienda
2469 3736 2536 3788 sit,
2546 3735 2669 3778 deum
2678 3746 2794 3788 respo
2806 3755 2810 3771 ·
2831 3753 2836 3769 ι

1665 3805 1743 3843 Res
1759 3804 1994 3842 amicorum
2009 3811 2266 3842 communes.

2284 3898 2358 3939 60.

1719 3994 1946 4036 Diomeden
1971 3996 2214 4036 necessitas.
2251 3994 2467 4036 Clearchus
2495 3993 2594 4034 dicit
2625 3991 2871 4035 Diomedis

1665 4059 1843 4099 moribus
1859 4059 1974 4099 tuisse
1988 4049 2297 4110 improbissimis.
2319 4057 2552 4100 Diomedem
2566 4055 2778 4098 nonnullos
2790 4066 2855 4098 oo

1667 4133 1760 4163 cum
1787 4122 1835 4163 iis
1860 4132 2141 4174 consuescere,
2173 4132 2302 4175 eoque
2324 4121 2437 4164 tacto
2469 4119 2606 4163 statim
2639 4131 2709 4163 eos
2737 4120 2840 4162 inter

1666 4185 1830 4226 solitum
1845 4195 1943 4227 esse.
2880 4188 2885 4196 “
