3016 4628
55 293 79 306 w
176 273 360 330 seums.
394 276 724 324 alemanna-w.
752 293 797 337 p.
825 278 943 339 399)
973 280 1115 324 hocce
1145 283 1366 340 placitum
1398 285 1455 328 ab

175 346 349 391 Jonicis
376 347 665 407 philosophis
681 349 880 393 alienum
905 365 998 395 esse
1022 362 1190 398 censet.
1221 354 1287 400 Cf.
1313 357 1456 399 Bran·

52 466 75 478 „
175 417 248 463 dis
271 418 436 463 Gesclz.
461 420 508 464 d.
532 419 709 465 PIu'los.
733 423 771 477 Ι,
800 437 848 480 p.
882 421 984 467 168.
1019 425 1239 468 Heracliti
1269 435 1455 470 senten-

48 491 98 554 3⁴³5-
173 485 366 535 tiamxde
386 491 482 535 sole
503 484 556 534 'in
592 493 770 551 scaphae
804 492 1006 537 formam
1035 496 1270 541 subcurvo
1295 498 1456 543 laudat

172 561 313 607 etiam·
334 561 605 606 Plutarchus
634 564 703 606 De
731 562 853 609 Plac.
874 564 990 623 phil.
1017 567 1087 622 ΙΙ,
1113 582 1171 611 22
1196 583 1244 626 p.
1281 567 1373 628 890
1396 570 1453 615 D.

51 651 92 699 'ts-
119 637 121 640 “
148 630 149 633 ’
171 631 240 677 Cf.
269 631 510 691 Forbiger.
539 634 635 679 Alt.
652 633 824 694 ,Geogrn
850 636 953 694 I‚p.
981 634 1088 683 503.
1115 636 1223 682 515.

785 766 831 809 9.

62 903 89 918 ..-
232 854 501 898 Plutarchus
518 855 587 898 De
603 855 663 898 Is.
688 864 734 898 et
748 855 825 901 Os,
846 871 888 902 c.
915 872 1003 916 9p.
1033 856 1123 911 354
1158 874 1167 902 :
1212 859 1289 905 Ετι
1307 854 1350 903 δὲ
1370 854 1454 901 τῶν

47 916 108 992 ’ζ’
164 924 334 973 πολλῶν
377 921 632 985 νομιζόντων
669 923 774 972 {stov
810 930 914 990 παρ’
936 927 1188 991 Αἰγυπτίοις
1218 928 1357 991 ὄνομα
1378 931 1451 974 τοῦ

41 1014 94 1058 tf:
165 994 263 1049 Διὸς
305 985 412 1041 εἶναι
449 995 522 1042 τὸν
544 994 698 1058 Ἀμοῦν
737 996 782 1059 (ὃ
800 997 1065 1063 παράγοντες
1095 1001 1219 1062 ἡμεῖς
1242 999 1452 1068 Ἄμμωνα

45 1076 74 1138 3¹³⁴
93 1075 99 1114 ,’
163 1063 390 1130 λέγομεν),
412 1065 618 1120 Μανεθὼς
642 1065 718 1130 μὲν
744 1069 766 1113 ὃ
802 1068 1055 1128 Σεὸεννίτης
1086 1071 1134 1119 τὸ
1152 1076 1447 1138 κεκρυμμένον

118 1135 294 1186 εοίἐται
317 1138 390 1185 καὶ
414 1138 490 1195 τὴν
506 1137 658 1204 κρύψιν
675 1139 757 1187 ὑπὸ
777 1139 934 1201 ταύτης
954 1143 1184 1201 δηλοῦσθαι
1202 1150 1277 1204 τῆς
1293 1152 1447 1213 φωνῆς’

77 1226 94 1269 ζ.
162 1206 392 1265 Ἑκαταῖος
414 1210 457 1258 δὲ
481 1213 503 1257 ὁ
523 1210 774 1277 Ἀὅδηρίτης
794 1213 898 1278 φησὶ
921 1213 1058 1280 τούτῳ
1079 1215 1153 1263 καὶ
1174 1212 1279 1283 πρὸς
1304 1220 1443 1279 ἀλλή-

47 1331 49 1334 ,
83 1301 101 1327 :⁴
159 1281 256 1336 λους
275 1284 335 1347 τῷ
356 1282 519 1349 ῥήματι
553 1287 739 1348 χρῆσθαι
778 1285 875 1338 τοὺς
915 1286 1198 1348 Αἰγυπτίους,
1224 1288 1326 1337 ὅταν
1351 1290 1445 1338 τινὰ

47 1350 51 1354 ’
159 1356 515 1418 προσκαλῶνται·-
546 1356 866 1421 προσκλητικὴν
900 1356 983 1423 γὰρ
1018 1350 1126 1405 εἶναι
1166 1359 1243 1417 τὴν
1283 1363 1444 1427 φωνήν.

66 1431 88 1452 '¹'
162 1424 246 1474 Διὸ,
259 1424 329 1473 τὸν
349 1428 518 1492 πρῶτον
541 1427 650 1485 θεὸν,
684 1427 788 1492 [ὃν]
813 1431 873 1493 τῷ
908 1429 1038 1476 παντὶ
1056 1430 1138 1478 ’τὸν
1164 1431 1292 1479 αὐτὸν
1325 1434 1450 1496 νομί-

42 1555 47 1559 ,
83 1495 86 1498 ’
159 1498 320 1558 ζουσιν,
346 1499 403 1551 ὡς
431 1499 572 1562 ἀφανῆ
594 1499 667 1545 καὶ
700 1499 993 1565 κεκρυμμένον
1031 1500 1156 1560 ὄντα,
1177 1505 1445 1567 προσκαλού-

38 1583 50 1617 'a
79 1590 83 1627 j
159 1586 279 1629 μενοι
300 1568 373 1615 καὶ
405 1571 754 1634 παρακαλοῦντες
788 1573 957 1636 ἐμφανῆ
989 1573 1184 1637 γενέσθαι
1220 1576 1294 1622 καὶ
1317 1577 1443 1634 δῆλον

17 1647 47 1707 ἑ,
78 1662 95 1701 '.
157 1640 321 1698 αὐτοῖς,
346 1639 498 1703 Ἀμοῦν
523 1640 732 1704 λέγουσιν.
755 1642 814 1691 Ἥ
832 1642 909 1706 μὲν
933 1637 1234 1693 οῦν-εὗλάὸεια
1255 1651 1329 1706 τῆς
1349 1649 1446 1714 περὶ

1001 1709 1026 1720 ω

50 1707 52 1712 ’
86 1714 93 1738 ”
153 1709 208 1758 τὰ
232 1712 321 1758 θεῖα
340 1712 491 1776 σοφίας
512 1714 775 1776 Αἰγυπτίων,
792 1715 980 1774 τοσαύτη
998 1721 1066 1775 ἠν.

759 1847 831 1878 10.

131 1968 155 2001 g
213 1939 490 1989 Plutarchus
514 1948 584 1991 De
615 1947 691 1993 Os,
718 1956 764 1991 et
787 1949 845 1994 Is.
873 1964 913 1993 e.
953 1948 981 1993 6
1006 1965 1053 2009 p.
1082 1937 1239 1997 353'13
1274 1966 1284 1997 :
1313 1941 1440 1998 Οἶνον

44 2014 111 2058 ’έ”
149 2010 197 2065 δὲ
229 2012 365 2077 οἱμὲν
393 2011 437 2062 ἔν
458 2014 608 2064 ςΗλίου
643 2016 766 2064 πόλει
805 2020 1106 2084 θεραπεύοντες
1151 2020 1222 2067 τὸν
1249 2020 1340 2069 θεὸν
1365 2024 1440 2069 οὐκ

121 2102 126 2103 ’
148 2085 379 2153 εἶςφέρουσι
412 2088 675 2154 τοπαράπαν
707 2091 766 2145 εἷς
794 2090 843 2138 τὸ
884 2091 1010 2158 ἱερὸν,
1047 2094 1104 2146 ὡς
1141 2095 1188 2140 οὗ
1223 2098 1450 2158 προσῆκον·

148 2161 312 2227 ἡμέρας
337 2161 492 2225 πίνειν,
513 2167 589 2210 τοῦ
623 2162 770 2229 κυρίου
791 2163 865 2211 καὶ
889 2164 1096 2226 βασιλέως
1125 2168 1377 2231 ἐφορῶντος·
1399 2170 1437 2215 οἱ

44 2235 94 2291 ’Ἀζζ
148 2231 189 2297 δ’
227 2231 350 2282 ἄλλοι
382 2238 573 2299 χρῶνται
606 2235 698 2299 μὲν,
740 2236 869 2302 ὀλίγῳ
893 2236 961 2284 δέ·
999 2237 1162 2292 πολλὰς
1200 2238 1236 2285 δ’
1274 2239 1437 2294 ἀοίνους

34 2336 38 2370 ².
150 2302 322 2371 7ἅγνείοις
345 2303 532 2372 ἔχουσιν,
556 2309 599 2354 ἐν
622 2299 689 2361 αἷς
717 2309 1039 2374 φιλοσοφοῦντες
1061 2309 1135 2357 καὶ
1158 2310 1437 2372 μανθάνοντες

95 2410 109 2417 -
146 2375 220 2425 καὶ
247 2377 517 2434 διδάσκοντες
552 2379 606 2427 τὰ
646 2384 738 2427 θεῖα
778 2382 1060 2430 διατελοῦσιν.
1095 2383 1151 2431 Οἱ
1173 2381 1215 2429 δὲ
1244 2384 1433 2446 βασιλεῖς

43 2489 52 2506 .
142 2448 215 2499 καὶ
253 2451 461 2516 μετρητὸν
493 2451 636 2500 ἔπινον
676 2453 725 2500 ἐκ
766 2456 850 2500 τῶν
884 2456 1008 2518 ἱερῶν
1046 2453 1330 2519 γραμμάτων,
1376 2458 1432 2508 ὡς

12 2538 13 2553 ³
45 2527 97 2578 μ’..
143 2519 376 2578 Ἑκαταῖος
398 2523 665 2590 ἱστόρηκεν,
687 2527 812 2590 ἱερεῖς
847 2525 975 2580 ὄντες·
999 2526 1182 2589 ἤρξαντο
1217 2525 1259 2573 δὲ
1299 2527 1433 2573 πίνειν

38 2595 110 2671 ’.μ’
145 2590 232 2641 ἀπὸ
262 2595 562 2663 Ψαμμετίχου
596 2597 691 2645 κτλ.
726 2600 844 2644 Vide
879 2616 983 2659 quae
1016 2609 1273 2659 sequuntur
1308 2600 1433 2659 apud

35 2671 75 2730 :3
107 2695 109 2697 ·
142 2668 439 2713 Plutarchum
462 2685 519 2714 ex
542 2671 726 2716 Eudoxi
745 2673 947 2717 Periodo
969 2672 1231 2731 depromta.

34 2907 40 2915 ,
91 2875 100 2922 ,’
143 2916 147 2917 ⁷
199 2881 332 2926 Quum
363 2877 541 2929 plerique
577 2879 805 2920 existiment
847 2879 1043 2930 peculiare
1086 2879 1193 2930 apud
1228 2879 1429 2930 AEgyptios

0 2992 1 2995 Ἴ
29 2933 92 2994 ⁴⁵13·ss
114 2971 116 2974 >
137 2953 289 2988 nomen
300 2944 412 2986 sevis
426 2956 509 2986 esse
526 2948 664 2986 Amun
676 2973 688 2995 ,
705 2956 804 2996 quos
825 2956 898 2985 nos
912 2946 1106 2996 producto
1125 2946 1316 2985 vocabulo
1333 2949 1425 2986 Am·

0 3005 1 3010 ’
135 3018 305 3054 monem
319 3010 484 3063 dicimus
501 3024 511 3050 :
529 3012 734 3052 Manethos
749 3011 961 3052 Sebennita
979 3023 1025 3051 ea
1040 3023 1138 3052 voce
1156 3012 1402 3051 occultatum
1413 3041 1425 3060 ‚

0 3109 2 3119 .
139 3075 184 3118 et
194 3075 658 3126 occultationemjudicat
674 3076 885 3127 significari
902 3089 911 3115 :
928 3079 1136 3117 Hecataeus
1150 3079 1285 3116 autem
1303 3077 1426 3116 Abde-

0 3134 2 3141 '
32 3135 43 3176 ἑ
82 3151 114 3197 ³5·
135 3138 216 3187 ,rita
226 3139 302 3179 hoe
315 3140 441 3182 verbo
450 3140 621 3180 invicem
635 3140 694 3180 uti
710 3141 911 3191 AEgyptios
925 3141 980 3181 ait
995 3138 1121 3192 quum
1140 3141 1241 3180 alter
1256 3142 1425 3181 alterum

127 3194 259 3244 auocat
266 3217 279 3254 ;
288 3203 483 3244 esseenim
494 3215 634 3244 vocem
644 3204 910 3244 invocativam
921 3215 1065 3255 ;,quare
1077 3215 1199 3254 quum
1208 3205 1424 3255 principem

38 3342 59 3377 ἡ,
152 3348 161 3378 ῃ
198 3331 497 3381 absconditum,
516 3331 652 3370 vocari
673 3330 724 3370 ab
750 3330 797 3370 iis
817 3332 857 3370 et
883 3330 987 3370 orari
1013 3334 1149 3370 Amun
1177 3331 1421 3381 dicentibus,

0 3426 3 3440 .
28 3412 30 3414 ·
50 3392 57 3447 ς’
75 3384 188 3451 2th
206 3394 347 3447 prodat
368 3406 410 3436 se
439 3406 486 3436 ae
510 3395 834 3446 conspiciendum
859 3394 1050 3445 praebeat.
1104 3394 1210 3434 Talis
1233 3405 1324 3444 ergo
1347 3396 1422 3435 suit

42 3472 85 3526 ις,
100 3474 101 3477 ’
115 3455 407 3514 ῄβςγρῐίοωῐη
419 3453 619 3500 accuratio
633 3459 674 3499 in
689 3458 1019 3508 contemplatione
1034 3468 1166 3497 rerum
1181 3458 1419 3498 divinarum.

9 3641 11 3649 2
70 3630 75 3632 .
122 3622 145 3640 .-
193 3597 335 3639 Vinum
351 3599 378 3639 ii
393 3599 461 3650 qui
476 3595 669 3651 Heliopoli
686 3599 816 3640 Solem
829 3600 967 3639 colunt
982 3600 1122 3645 sacris,
1139 3600 1296 3639 nullum
1313 3610 1419 3650 pror·

59 3666 99 3718 a:
133 3662 252 3703 ausin
258 3664 450 3716 templum
461 3665 635 3705 inferunt
643 3664 771 3716 ;quod
783 3675 863 3704 non
871 3664 1078 3704 conveniat
1090 3664 1258 3704 interdiu
1271 3664 1418 3714 bibere,

24 3722 36 3747 ¹*
91 3718 106 3766 'f'
122 3718 299 3767 'domino
315 3728 356 3768 et
379 3739 469 3779 rege
492 3728 748 3779 inspiciente:
766 3728 906 3778 reliqui
932 3727 1026 3767 vino
1042 3729 1226 3778 utuntur,
1242 3728 1311 3768 sed
1329 3739 1418 3768 mo·

54 3808 69 3815 -
86 3785 102 3829 -12
128 3786 228 3842 ,diuo
253 3789 492 3843 admodum,
526 3792 751 3842 habentque
776 3791 923 3831 multos
951 3791 1076 3841 ritus,
1111 3796 1211 3841 quos
1240 3791 1418 3831 abstemii

55 3851 66 3910 Τ
98 3887 100 3893 ,
130 3845 311 3903 abeunt,
341 3853 415 3894 ubi
439 3855 751 3906 philosophando
780 3855 978 3904 rebusque
1006 3855 1126 3895 saeris
1156 3854 1343 3895 docendis
1372 3867 1418 3895 ac

0 3943 2 3951 ·
47 3911 331 3977 ffalisoendis
365 3919 522 3968 tempus
550 3919 730 3968 exigitur.
794 3921 919 3968 Reges
947 3929 1109 3968 quoque
1137 3929 1188 3958 ex
1217 3929 1418 3958 sacrarum

23 3978 364 4031 v..·',.v·pt·aese1·i1)to
393 3981 596 4022 literarum
621 3984 730 4022 certa
755 3992 939 4022 mensura
969 3981 1106 4021 viuum
1136 3982 1343 4032 bibebant,
1372 3985 1418 4023 ut

35 4039 72 4100 ᾖς
89 4055 111 4078 :··
130 4042 276 4099 mit
295 4042 524 4105 Hecataeus,
552 4048 646 4100 quia
673 4049 712 4087 et
738 4047 809 4097 ipsi
837 4048 966 4087 essent
991 4047 1226 4087 sacerdotes.
1284 4048 1418 4088 Bibere

22 4151 25 4156 ,
67 4121 84 4168 ⁷.
104 4107 106 4110 ’
131 4105 273 4147 tamen
286 4118 437 4161 coepere
453 4121 475 4150 a
496 4111 780 4152 Psammetieho
800 4113 877 4150 etr.
955 4102 957 4104 ’

1306 175 1711 227 FRAGMENTA.

2710 210 2800 250 ³⁸1)

2085 282 2094 288 ’
2116 296 2231 357 (ιι.)

1598 411 1750 456 schol.
1781 414 2005 471 Apollon.
2022 417 2111 462 Rh.
2138 419 2215 472 lv,
2242 420 2329 473 284
2355 438 2364 467 ε
2393 422 2621 482 Ἑκαταῖος
2638 430 2680 477 δὲ
2696 432 2809 478 icto.

1534 481 1599 541 ρεῖ
1625 478 1686 540 μὴ
1707 480 1915 528 ἐκδιδόναι
1935 485 1991 536 εἷς
2021 484 2097 540 τὴν
2119 486 2334 534 θάλασσαν
2355 492 2426 537 τὸν
2448 498 2610 553 Φᾶσιν,
2633 502 2719 547 οὐδ’
2743 505 2801 555 ὡς

1533 549 1601 597 διὰ
1641 550 1854 605 ’Τανάϊδος
1884 552 2112 612 ἔπλευσαν,
2142 558 2254 603 ἀλλὰ
2275 561 2384 606 κατὰ
2408 564 2476 609 τὸν
2499 569 2621 615 αὐτὸν
2656 576 2804 630 πλοῦν,

1531 624 1625 668 καθ’
1646 621 1690 670 ὃν
1717 624 1790 670 καὶ
1814 623 2036 690 πρότερον,
2057 630 2114 679 ὡς
2131 630 2351 690 Σοφοκλῆς
2368 634 2408 679 ἐν
2431 636 2610 691 Σκύθαις
2633 643 2806 705 ἱστορεῖ.

1596 697 1704 741 Haec
1738 712 1834 741 non
1861 713 1952 743 esse
1976 700 2140 744 Milesii
2183 713 2373 762 apparet
2403 722 2457 750 ex
2479 711 2620 755 schol.
2655 714 2713 756 ad
2737 717 2804 766 11.

1534 765 1626 825 259
1653 767 1733 812 ubi
1764 784 1774 811 :
1815 765 2043 822 Ἑκαταῖος
2077 768 2122 816 δὲ
2162 773 2183 816 ὁ
2223 772 2428 828 Μιλήσιος
2455 778 2500 823 ἐκ
2515 784 2585 825 τοῦ
2618 782 2807 836 Φάσιδος

1531 835 1706 884 διελθεῖν
1727 839 1784 891 εἷς
1807 838 1882 886 τὸν
1911 839 2137 902 Ὠκεανὸν,
2171 834 2264 889 εἶτα
2300 845 2455 892 ἐκεῖθεν
2480 850 2536 901 εἰς
2558 850 2629 897 τὸν
2653 855 2804 900 Νεῖλον

1533 907 1611 967 (sc.
1648 912 1981 972 Argonautas).
2015 914 2173 958 Potuit
2197 915 2255 959 de
2281 916 2349 960 his
2376 918 2597 965 Abderita
2620 938 2807 969 monere

1529 981 1576 1023 in
1610 982 1912 1042 AEgyptiacis‚
1949 984 2159 1030 refellens
2192 1002 2355 1032 eorum
2401 994 2691 1048 sententiam,
2727 999 2804 1054 qui

1527 1055 1816 1112 Argonautas
1835 1056 1882 1098 in
1915 1057 2069 1100 Nilum
2092 1073 2145 1102 ex
2167 1073 2342 1103 oceano
2378 1062 2656 1120 innavigasse
2681 1066 2806 1111 dice·

1526 1123 1656 1170 bant.
1684 1127 1745 1169 At
1782 1127 1944 1172 melius
1976 1130 2113 1173 etiam
2147 1129 2454 1190 fragmentum
2493 1134 2614 1177 eadit
2645 1137 2690 1179 in
2717 1139 2807 1182 He·

1527 1204 1717 1238 cataeum
1743 1198 2072 1254 Eretriensem‚
2107 1215 2163 1244 ex
2197 1201 2325 1259 cujus
2357 1205 2675 1263 geographicis
2707 1223 2807 1266 quae

1527 1276 1764 1325 comperta
1802 1269 2022 1314 habemus
2061 1270 2139 1330 (V.
2166 1281 2265 1317 not.
2294 1274 2353 1318 ad
2371 1275 2609 1320 Onesicrit.
2638 1279 2693 1324 fr.
2717 1278 2804 1335 5),

1526 1339 1682 1381 omnia
1720 1349 1926 1398 spectant
1962 1341 2020 1385 ad
2043 1344 2255 1402 regiones
2288 1346 2516 1394 Ponticas.
2557 1350 2625 1392 De
2650 1365 2699 1394 re
2743 1336 2800 1396 cf.

1525 1409 1766 1455 Herodor.
1790 1410 1845 1455 fr.
1874 1410 1958 1468 55,
1985 1427 2037 1472 p.
2065 1412 2141 1458 38.

2068 1553 2142 1581 12.

1587 1664 1787 1711 Diodor.
1811 1666 1855 1719 I,
1881 1665 1967 1725 46,
1986 1665 2013 1709 6
2040 1682 2050 1709 :
2085 1657 2207 1712 Εἶναι
2232 1665 2277 1713 δέ
2311 1686 2414 1731 φασι
2448 1668 2521 1714 καὶ
2546 1670 2699 1735 τάφους
2737 1676 2801 1721 ἐν·

1521 1737 1656 1779 ταῦθα
1699 1735 1910 1798 (Thebis)
1951 1738 2036 1782 τῶν
2061 1737 2252 1801 ἀρχαίων
2286 1740 2494 1803 βασιλέων
2537 1745 2802 1803 θαυμαστοὺς

1520 1804 1594 1851 καὶ
1613 1808 1698 1852 τῶν
1720 1807 2088 1872 μεταγενεστέρων
2119 1816 2208 1864 τοῖς
2233 1813 2290 1864 εἷς
2325 1811 2379 1857 τὰ
2420 1815 2702 1876 παραπλήσια
2728 1836 2805 1881 φιῆ

1518 1875 1840 1939 λοτιμουμένοις
1868 1877 2108 1943 ὑπερὸολὴν
2146 1882 2222 1927 οὐκ
2265 1882 2588 1938 ἀπολείποντας.
2631 1889 2688 1933 Οἱ
2721 1887 2797 1949 μὲν

1519 1941 1590 1996 οῦν
1608 1950 1732 2016 ἱερεῖς
1756 1951 1806 1996 ἐκ
1844 1953 1927 1996 τῶν
1962 1953 2220 2018 ἀναγραφῶν
2242 1952 2405 2018 ἔφασαν
2444 1955 2650 2019 εὑρίσκειν
2691 1958 2799 2005 ἑπτὰ

1516 2020 1621 2086 πρὸς
1632 2028 1717 2075 τοῖς
1738 2021 2052 2087 τετταράκοντα
2076 2023 2233 2087 τάφους
2257 2026 2500 2089 βασιλικούς
2514 2046 2524 2056 ·
2541 2030 2599 2082 εἷς
2618 2028 2662 2076 δὲ
2682 2032 2795 2079 Πτο·

1514 2095 1692 2157 λεμαῒον
1708 2093 1780 2142 τὸν
1803 2094 1949 2158 Λάγου
1967 2096 2181 2159 διαμεῖναί
2203 2115 2330 2162 φασιν
2347 2099 2631 2147 ἑπτακαίδεκα
2649 2102 2795 2166 μόνον,

1514 2160 1574 2214 ὧν
1609 2166 1664 2214 τὰ
1686 2165 1828 2214 πολλὰ
1852 2166 2118 2233 κατέφθαρτο
2143 2172 2238 2215 καθ’
2259 2168 2328 2223 οὓς
2360 2170 2534 2234 χρόνους
2552 2173 2795 2236 παρεὸάλο·

1515 2259 1591 2302 μεν
1611 2243 1732 2301 ἡμεῖς
1757 2240 1813 2292 εἷς
1832 2238 2013 2293 ἐκείνους
2046 2239 2140 2294 τοὺς
2158 2240 2335 2299 τόπους,
2361 2242 2431 2289 ἐπὶ
2459 2246 2535 2299 τῆς
2566 2246 2795 2301 ἑκατοστῆς

1511 2309 1585 2357 καὶ
1611 2311 1896 2374 ὀγδοηκοστῆς
1920 2310 2228 2372 Ὀλυμπιάδος.
2255 2312 2319 2360 Οὐ
2341 2311 2467 2373 μόνον
2483 2314 2523 2360 δ’
2541 2316 2579 2360 οἱ
2599 2318 2695 2362 κατ’
2718 2318 2792 2365 At·

1511 2401 1669 2446 γυπτον
1685 2384 1810 2447 ἱερεῖς
1830 2384 1884 2428 ἐκ,
1908 2385 1991 2429 τῶν
2024 2385 2278 2448 ἀναγραφῶν
2299 2386 2549 2448 ἱστοροῦσιν,
2574 2386 2685 2433 ἀλλὰ
2717 2387 2792 2433 καὶ

1510 2452 1657 2501 πολλοὶ
1680 2457 1764 2501 τῶν
1790 2452 2010 2512 Ἑλλήνιον
2030 2456 2113 2500 τῶν
2130 2453 2497 2518 παραὸαλλόντων
2523 2455 2600 2518 μὲν
2625 2459 2682 2511 εἷς
2716 2455 2791 2513 τὰς

1510 2525 1665 2583 Θήὸας
1703 2525 1774 2572 ἐπὶ
1798 2525 2072 2587 Πτολεμαίου
2105 2529 2178 2572 τοῦ
2199 2525 2365 2589 Λάγου,
2401 2527 2720 2590 συνταξαμένων
2746 2530 2789 2577 δὲ

1510 2596 1586 2650 τὰς
1623 2596 1919 2659 Αἰγυπτιακὰς
1959 2596 2171 2663 ἱστορίας,
2209 2590 2266 2644 ὧν
2305 2598 2395 2645 ἐστὶ
2439 2598 2513 2645 καὶ
2540 2597 2789 2659 Ἑκαταῖος,

1510 2673 1782 2733 συμφωνοῦσι
1801 2675 1886 2722 τοῖς
1905 2668 1972 2733 ὑφ’
1992 2672 2117 2730 ἡμῶν
2137 2669 2390 2734 εἰρημένοις.

2086 2813 2090 2821 ’
2118 2812 2185 2852 11.

1553 2880 1761 2919 Heeataeus
1775 2879 1908 2918 narrat
1926 2889 2005 2918 non
2021 2811 2243 2918 effltlere)iu
2259 2889 2366 2918 mare
2383 2878 2524 2918 Phasin
2538 2908 2549 2927 ,
2567 2889 2695 2929 neque
2711 2889 2778 2929 per

1499 2943 1713 2984 Tanaidem
1738 2945 1982 2994 Argonautas
1999 2942 2222 2994 navigasse,
2248 2942 2316 2983 sed
2341 2942 2481 2982 eadem
2502 2943 2564 2982 via
2593 2942 2774 2986 rediisse.

1500 3026 1582 3066 qua
1599 3017 1819 3065 venerant,
1842 3017 1889 3055 ut
1908 3015 2120 3066 sophocles
2138 3015 2178 3054 in
2196 3015 2350 3066 Scythis
2367 3017 2513 3054 narrat.

2102 3084 2175 3123 12.

1548 3151 1692 3191 Thebis
1710 3150 1873 3190 mirifica
1887 3152 1980 3191 sunt
1998 3149 2214 3201 priscorum
2231 3160 2367 3199 regum
2390 3149 2568 3199 sepulcra
2583 3178 2593 3197 ,
2611 3159 2700 3198 quae
2720 3160 2782 3199 po·

1496 3215 1610 3254 steris
1620 3215 1670 3253 ad
1682 3214 1817 3254 similis
1827 3214 2127 3264 magnificentiae
2139 3212 2314 3253 studium
2327 3213 2421 3251 nihil
2435 3212 2573 3262 reliqui
2588 3212 2778 3252 fecerunt.

1495 3280 1730 3327 florumque
1756 3277 1977 3317 sacerdotes
2006 3277 2190 3316 dixerunt
2214 3277 2482 3326 sepulcrorum
2510 3276 2705 3326 regiorum
2738 3276 2777 3314 in

1494 3342 1614 3382 sacris
1643 3341 1938 3380 commentariis
1957 3340 2216 3390 quadraginta
2239 3342 2388 3389 septem
2414 3338 2607 3378 inveniri:
2634 3338 2702 3377 sed
2728 3337 2776 3376 ad

1495 3406 1750 3446 Ptolemaeum
1770 3404 1861 3455 Lagi
1879 3404 2158 3455 septemdecim
2174 3406 2328 3443 tantum
2345 3403 2586 3450 remansisse,
2604 3413 2774 3453 quorum

1494 3470 1679 3520 pleraque
1693 3470 1809 3510 nobis
1824 3470 2035 3520 AEgyptum
2055 3469 2315 3508 lustrantibus
2329 3468 2378 3508 ad
2396 3466 2667 3518 Olympiadem
2682 3476 2773 3504 cen·

1493 3535 1673 3575 tesimam
1699 3536 1884 3586 corrupta
1910 3535 2080 3574 ruerant.
2133 3536 2214 3574 Nec
2236 3544 2331 3573 vero
2355 3545 2378 3573 a
2394 3531 2658 3573 sacerdotibus
2683 3532 2772 3568 tan·

1491 3601 1579 3639 tum
1595 3599 1784 3650 AEgyptiis
1804 3599 1890 3638 haec
1905 3609 1928 3638 e
1951 3598 2060 3638 libris
2075 3599 2196 3637 sacris
2210 3598 2448 3644 reseruntur,
2469 3594 2533 3634 sed
2554 3596 2591 3632 et
2612 3595 2769 3632 Graeeo·

1492 3674 1580 3702 rum
1593 3663 1722 3712 multi,
1733 3662 1799 3713 qui
1812 3661 2016 3702 Ptolemaei
2028 3661 2120 3711 Lagi
2131 3662 2248 3700 aetate
2260 3660 2414 3700 Thebas
2422 3657 2581 3708 profecti
2594 3656 2771 3710 historias

1489 3727 1735 3776 AEgyptiacas
1748 3725 2059 3774 contexuerunt,
2076 3724 2176 3763 inter
2201 3734 2301 3773 quos
2323 3722 2440 3763 etiam
2463 3721 2663 3759 necamus
2686 3719 2767 3764 est,

1490 3800 1580 3829 eum
1595 3790 1818 3829 narratione
1830 3788 1906 3828 hae
1920 3789 2053 3827 nostra
2066 3786 2327 3827 consentiunt.

1540 3855 1694 3893 XLVII.
1725 3856 1752 3893 Α
1774 3852 1912 3903 primis
1932 3852 2037 3892 enim
2063 3850 2271 3900 sepulcris,
2301 3848 2445 3897 quibus
2472 3845 2581 3884 Jovis
2607 3843 2761 3893 pellices

1489 3916 1666 3956 conditas
1683 3926 1766 3956 esse
1780 3915 1966 3964 traditur,
1987 3915 2123 3954 decem
2150 3912 2283 3952 stadiis
2300 3910 2433 3950 abesse
2454 3908 2613 3945 narrant
2640 3905 2762 3954 rogis,

1489 3993 1607 4032 quem
1616 3983 1759 4021 vocant
1767 3980 2075 4031 Osymandyam,
2088 3978 2401 4022 monumentum;
2419 3972 2492 4012 sub
2506 3970 2616 4019 cujus
2638 3970 2761 4008 iutro·

1490 4047 1623 4086 itume
1645 4046 1755 4085 vario
1770 4044 1899 4095 lapide
1930 4044 2075 4083 atrium
2100 4039 2340 4090 longitudine
2362 4037 2485 4076 duum
2503 4033 2698 4084 plethrum
2719 4034 2759 4073 et

1490 4110 1694 4151 altitudine
1709 4109 1933 4150 cubitorum
1945 4107 2196 4158 quadraginta
2208 4104 2394 4157 quinque.
2408 4101 2463 4147 (2)
2477 4098 2576 4138 ilinc
2588 4096 2758 4146 digresso
