3016 4628
301 316 391 355 288

298 430 343 458 τε
364 405 617 470 Πινδαρείου
635 403 709 451 καὶ
729 399 1021 458 Φιλοξαίου,
1044 396 1104 459 μὴ
1123 395 1326 443 δύνασθαι
1345 396 1573 458 κατορθουν

298 484 340 526 ἐν
365 482 426 545 τῷ
461 474 721 539 Φιλοξενείῳ
747 472 885 536 γένει·
917 471 1169 533 γεγενῆσθαι
1203 467 1237 513 δ’
1259 465 1402 512 αἰτίαν
1429 464 1546 521 τῆν’
1527 483 1575 511 εκ

299 551 446 604 παιδὸς
499 549 734 605 καλλίστην
783 542 971 607 ἀγωγήν.
1021 544 1089 589 Cf.
1138 540 1267 587 dee
1306 541 1418 585 Dor.
1464 541 1571 584 ΙΝΓ.

297 642 346 685 p.
376 625 486 672 322.

901 709 977 760 74.

364 804 598 851 Plutarch.
621 803 711 860 Qu.
734 801 876 846 Conv.
897 798 1008 851 VII,
1023 794 1068 850 8,
1090 809 1137 853 p.
1163 809 1270 850 711,
1296 793 1359 837 C:
1384 789 1520 836 Toeto’
1537 787 1574 831 οἱ

301 877 379 937 μὲν
405 873 608 938 αὐστηροι
646 872 719 918 καὶ
742 868 959 934 χαρίεντες
996 864 1226 935 ἠγάπησαν
1260 862 1500 926 ὑπερφυῶς·
1537 860 1574 903 οἱ

301 947 337 995 δ’
371 947 569 1009 ἄνανδροι
599 943 671 990 καὶ
704 936 1055 1004 διατεθρυμμένοι
1079 933 1133 980 τὰ
1160 937 1248 980 ὠτα
1284 933 1335 978 δι’
1362 928 1573 991 ἀμουσίαν

301 1039 375 1067 και
398 1015 717 1083 ἀπειροκαλίαν,
743 1012 811 1065 οὓς
835 1010 958 1075 φησὶν
985 1005 1263 1070 Ἀριστόξενος
1286 1003 1454 1068 χολὸν’
1436 1004 1569 1064 εμεῖν,

300 1090 402 1138 ὅταν
427 1086 670 1151 ἐναρμόνιον
697 1084 990 1136 ἀκούσωσιν,ε
972 1077 1214 1133 ἐξέὸαλλον.

366 1163 439 1208 Id.
472 1161 586 1206 ibid.
613 1160 719 1212 VII,
759 1155 784 1199 5
797 1171 879 1213 ‚.p
908 1157 1014 1209 704,
1038 1152 1111 1195 F:
1152 1145 1374 1210 Ἀκρασίας
1401 1144 1453 1235 μὲ
1436 1163 1478 1190 ν
1500 1163 1574 1190 και

303 1233 427 1285 αυτὸς
467 1230 643 1278 ἀπολύω
677 1227 723 1273 τὸ
752 1225 951 1291 φιληκοον
980 1221 1053 1269 καὶ
1089 1220 1369 1285 φιλοθέαμον·
1403 1219 1450 1263 οὗ
1488 1214 1572 1278 μὴν

302 1302 573 1369 Ἀριστοξένῳ
593 1320 639 1363 γε
664 1297 934 1362 συμφέρομαι
952 1291 1219 1350 παντάπασι,
1237 1290 1410 1344 ταύταις
1430 1288 1576 1352 μόναις

303 1376 506 1439 φάσκοντι
530 1379 620 1424 ταῖς
644 1372 811 1427 ἡδοναῖς
838 1367 886 1413 τὸ
914 1367 1053 1418 καλῶς
1075 1363 1356 1428 ἐπιλέγεσθαι.

898 1474 955 1532 75
1607 1438 1614 1487 ¹

368 1590 532 1635 Strabo
555 1590 599 1643 Ι,
618 1603 667 1646 p.
695 1585 749 1629 16
774 1599 786 1630 :
807 1580 888 1629 Διὰ
909 1584 1030 1626 τοῦτο
1049 1577 1120 1625 καὶ
1140 1575 1234 1630 τοὺς
1257 1577 1411 1628 παῖδας
1429 1576 1471 1621 αἱ
1492 1577 1575 1620 τῶν

304 1658 526 1714 Ἑλλήνων
543 1657 645 1702 πόλε
629 1675 683 1707 εις
698 1653 916 1717 πρώτιστα
934 1650 1003 1697 διὰ
1022 1654 1094 1707 τῆς
1113 1652 1334 1707 ποιητικῆς
1350 1646 1575 1693 παιδεύου·

302 1752 383 1787 σιν,
408 1732 454 1777 οὗ
484 1727 760 1794 ψυχαγωγίας
790 1726 916 1790 χάριν
943 1724 1151 1781 δηπουθεν
1171 1723 1297 1786 ψιλῆς
1315 1758 1327 1782 ,
1355 1719 1462 1767 ἀλλὰ
1487 1737 1576 1765 σω-

302 1806 553 1869 φρονισμοῧ·
579 1798 683 1846 ὅπου
708 1818 755 1860 γε
780 1799 851 1844 καὶ
876 1800 914 1843 οἱ
935 1795 1131 1858 μουσικοὶ
1151 1794 1328 1858 ψάλλειν
1351 1811 1423 1838 και
1450 1790 1575 1838 αὖλί-

302 1879 384 1930 ζειν
405 1874 476 1920 καὶ
495 1872 674 1936 λυρίζειν
696 1871 959 1921 διδάσκοντες
982 1884 1311 1930 μεταποιουνται
1327 1868 1401 1921 τῆς
1424 1866 1576 1927 ἀρετῆς

302 1944 478 2001 ταύτης·
517 1942 779 1989 παιδευτικοὶ
803 1940 884 2003 γὰρ
915 1945 1020 1986 εἶναι
1056 1938 1159 2003 φασὶ
1189 1957 1262 1984 και
1289 1940 1576 1999 ἐπανορθωτι-

304 2016 371 2063 κοὶ
394 2019 477 2062 τῶν
500 2017 628 2071 ἠθων.
660 2017 811 2061 'laura
837 2011 871 2058 δ’
896 2031 942 2058 ου
969 2010 1093 2073 μόνον
1117 2008 1236 2073 παρὰ
1261 2028 1342 2054 των
1372 2009 1572 2066 Πυθαγο-

304 2088 424 2152 ρείων
464 2086 628 2133 ἀκούειν
662 2085 750 2131 ἐστὶ
782 2083 1006 2148 λεγόντων,
1040 2081 1150 2129 ἀλλὰ
1184 2080 1256 2128 καὶ
1296 2077 1576 2143 Ἀριστόξενος

1612 2161 1616 2191 Ι

302 2159 431 2212 οὕτως
451 2160 745 2222 ἀποφαίνεται,

873 2238 986 2298 (76·)

362 2347 578 2405 Αροὶῑοιι.
603 2347 718 2391 Hist.
743 2346 908 2390 Mirab.
940 2360 980 2388 c.
1011 2349 1070 2404 49
1097 2358 1108 2389 ε
1136 2341 1273 2389 Ἴᾶται
1306 2339 1413 2405 γὰρ,
1447 2339 1576 2405 φησὶν

302 2419 313 2471 (
332 2433 393 2464 sc,
431 2414 766 2480 Θέοφραστος),
807 2418 834 2471 ἡ
875 2414 1137 2470 καταύλησις
1171 2412 1245 2459 καὶ
1290 2411 1467 2476 ἷσχιάδα
1502 2409 1577 2457 καὶ

300 2488 542 2554 ἐπιληψίαν,
584 2487 774 2552 καθάπερ
811 2487 915 2552 πρὸς
957 2485 1234 2551 Ἀριστόξενον
1267 2485 1338 2532 τὸν
1371 2483 1575 2545 μουσικὸν

302 2559 471 2607 ἐλθόντα
495 2559 739 2625 χρήσασθαι
758 2560 884 2606 αὐτὸν
916 2564 989 2606 τοῦ
1016 2558 1215 2618 μαντείου
1235 2563 1310 2605 τοῦ
1331 2561 1410 2615 ’τῆς
1436 2560 1577 2605 Πασι-

302 2633 424 2696 φίλης
446 2633 610 2694 δαμωτι
634 2634 814 2694 ἀδελφῆς
835 2631 1005 2694 λέγεται
1033 2631 1104 2678 τὸν
1126 2630 1329 2692 μουσικὸν
1356 2633 1576 2686 καταστῆ·

304 2724 376 2750 σαι
399 2703 469 2750 τὸν
503 2703 771 2766 ἐξιστάμενον
798 2706 842 2751 ἐν
877 2703 1047 2761 Θήὸαις
1071 2703 1152 2750 ὑπὸ
1177 2703 1253 2760 τὴν
1291 2707 1369 2760 τῆς
1393 2702 1579 2764 σάλπιγ-

304 2794 374 2839 γος
391 2778 544 2840 φωνήν.

306 2913 388 2952 dari
409 2903 568 2952 modum
595 2916 800 2964 tentasset,
820 2915 859 2954 in
881 2915 1120 2955 Philoxeneo
1143 2915 1179 2954 ei
1201 2926 1286 2954 rem
1308 2925 1390 2953 non
1418 2924 1578 2953 sucees-

306 2978 419 3026 sisse3
433 2977 544 3027 quus
559 2988 715 3016 eausam
728 2971 853 3018 fuisse
858 2978 1159 3028 pulcherrimam
1178 2979 1286 3018 illam
1297 2979 1438 3029 primm
1452 2978 1581 3017 aetatis

308 3040 606 3080 institutionem.

431 3107 435 3110 ’
906 3107 977 3147 74.

362 3178 454 3215 iia-c
480 3176 623 3214 austeri
644 3176 801 3226 quidem
827 3179 867 3216 et
882 3176 1024 3215 eruditi
1050 3178 1223 3217 maximo
1239 3189 1357 3228 opere
1380 3179 1578 3229 probave-

311 3241 401 3278 runt
416 3252 426 3287 ;
443 3239 659 3278 effeminati
675 3251 766 3278 vero
784 3243 822 3278 et
833 3251 1002 3290 quorum
1018 3252 1131 3280 aures
1151 3242 1304 3281 inscitia
1317 3244 1437 3292 atque
1455 3243 1579 3282 bona-

311 3313 399 3341 rum
422 3302 614 3351 imperitia
643 3314 773 3342 rerum
790 3307 985 3354 corruptae
1017 3307 1164 3353 essent,
1197 3317 1296 3356 quos
1328 3308 1582 3346 Aristoxenus

311 3366 425 3407 hiiem
445 3366 573 3405 aiebat
592 3377 770 3414 vomere,
803 3368 833 3406 si
858 3369 1155 3408 enharmonium
1176 3372 1338 3410 cantum
1366 3371 1578 3421 audirent,

311 3431 578 3481 repudiarunt.

365 3496 677 3546 intemperantiae
709 3498 867 3537 erimine
886 3509 967 3549 ego·
981 3510 1138 3550 quoque
1157 3501 1267 3540 solvo
1294 3502 1489 3542 studiosos
1507 3513 1580 3541 au-

309 3558 439 3599 diendi
473 3561 512 3598 et
543 3559 741 3608 spectandi
777 3577 785 3598 ι
822 3573 898 3599 non
934 3566 1065 3601 tamen
1097 3575 1254 3613 prorsus
1282 3568 1471 3605 assentior
1498 3566 1582 3606 Ari·

309 3628 497 3670 Memno,
518 3625 584 3673 qui
613 3623 718 3670 hisee
741 3625 831 3664 solis
853 3626 1116 3675 voluptatibus
1134 3629 1188 3667 ait
1210 3630 1357 3680 accini,
1382 3631 1578 3671 Pulchre.

911 3703 981 3741 75.

329 3774 488 3822 ,Atque
522 3782 568 3810 αι
601 3771 650 3810 de
685 3783 819 3811 caussa
857 3774 894 3812 in
932 3775 1078 3813 Graecis
1114 3776 1278 3816 urbibus
1310 3780 1419 3828 pueri
1454 3780 1581 3829 primo

307 3836 487 3876 omnium
519 3835 624 3885 poesi
645 3835 920 3883 instituuntur,
952 3847 1029 3875 non
1055 3848 1147 3877 sane
1174 3841 1290 3880 nudae
1312 3842 1582 3884 oblectationis

310 3909 465 3945 caussa,
491 3897 557 3937 sed
582 3900 625 3937 ut
651 3898 883 3938 modestiam
900 3899 1065 3939 discant.
1100 3903 1263 3947 Quando
1282 3906 1418 3945 musici
1436 3907 1579 3958 etiam,

311 3964 377 4012 qui
392 3960 579 4012 psallere,
596 3961 691 4001 tibia
706 3972 846 4001 canere
865 3963 926 4002 vel
955 3963 1037 4012 lyra
1052 3963 1215 4015 docent,
1236 3967 1311 4007 hoe
1340 3970 1466 4017 ipsum
1484 3982 1581 4020 prm.-

309 4031 413 4066 stare
438 4026 687 4076 profitentur,
719 4037 874 4065 morum
904 4038 946 4066 se
976 4029 1181 4077 magistros
1214 4042 1260 4070 ac
1284 4033 1515 4074 formatores
1541 4039 1582 4076 et

311 4092 550 4129 roi-rectores
574 4100 658 4129 esse
685 4082 937 4129 affirmantes.
964 4093 1098 4140 Neque
1124 4092 1198 4131 hoc
1228 4095 1353 4134 solum
1386 4097 1580 4149 Pythago-

311 4163 399 4191 reos
435 4151 619 4191 audimus
660 4151 854 4199 «licentes,
889 4152 955 4191 sed
992 4154 1245 4195 Aristoxenus
1283 4169 1439 4210 quoque
1478 4162 1580 4203 idem

310 4214 501 4253 miiintint.

1239 288 1619 338 ARISTOXENI
1655 282 1995 333 TARENTINI
2044 340 2053 344 -

1601 2822 1607 2832 ,
1653 2784 1698 2820 et
1733 2774 2073 2820 Schneidewin.
2100 2789 2149 2833 p.
2186 2771 2244 2816 55
2272 2781 2318 2817 et
2345 2775 2504 2820 XXII.
2534 2773 2750 2818 conferri
2779 2773 2949 2832 jubent

1716 391 1965 436 Historiam
1981 387 2078 430 sine
2097 370 2242 428 dubio
2267 380 2363 439 ipse
2382 380 2588 422 narravit
2612 380 2930 428 Aristoxenus

1648 465 1697 508 in
1720 477 1863 522 opere
1887 459 1959 504 Πε
1943 475 2003 520 ερι
2035 454 2270 515 μουσικῆς,
2299 452 2373 494 vel
2397 450 2488 494 alio
2515 451 2648 506 loco,
2680 451 2765 495 ubi
2787 451 2929 496 devi

1648 537 1831 578 musicae
1861 542 2123 575 sermonem
2155 524 2368 568 instituit.
2413 521 2630 565 Ceterum
2663 523 2804 568 verba
2838 532 2946 569 tam.
3006 546 3010 585 ᾗ

1648 607 1806 650 mutila
1827 611 1957 656 sunt,
1983 608 2036 643 ut
2054 599 2150 642 sine
2168 594 2387 640 codicum
2403 608 2495 652 ope
2516 595 2666 638 sanari
2680 604 3011 658 nequeant.

1648 680 1740 722 Pro
1767 672 2014 735 Πασιφίλης
2037 687 2081 714 κ.
2112 687 2153 714 τ.
2173 669 2213 712 λ.
2230 666 2457 710 Meursius
2476 667 2650 726 corrigi
2661 668 2821 715 voluit
2836 667 2938 717 Πα-
2969 703 2971 706 ⁴
3005 722 3010 737 ι

1649 746 1802 810 σιφάης
1817 742 1977 800 Αἰήτου
1992 741 2192 803 ἀδελφῆς.
2207 738 2471 789 Teucherm
2486 737 2746 785 scribitita.
2750 731 2942 796 ἐλθόντα

1647 818 1894 882 χρήσασθαι
1926 811 2052 860 αὐτον
2078 812 2139 873 τῷ
2169 806 2357 871 μαντείῳ
2379 810 2456 864 τῆς
2493 808 2728 874 Πασιφάης
2758 809 2852 872 ἅμα
2873 811 2936 875 τῷ

1649 892 1690 935 ἐν
1711 889 1888 951 Δελφοῖς
1909 886 1944 947 (.
1947 885 1994 947 )
1982 882 2077 941 Λέγε
2081 900 2150 927 ται
2167 880 2238 926 τὸν
2257 898 2305 941 μ.
2325 881 2467 939 Quod
2486 883 2728 928 oraculum
2748 885 2936 947 attinet,

1648 964 1789 1006 latere
1804 969 1918 1020 puto
1951 973 1962 1003 ε
1992 959 2066 1012 τῆς
2086 951 2319 1017 Πασιφάης
2346 951 2374 1009 ἢ
2402 950 2585 999 Λάκωσι
2605 952 2680 1003 καὶ
2699 953 2854 1020 Δᾶφῡη
2870 953 2954 1010 λέ..
3004 957 3010 1009 ἶ

1647 1052 1695 1095 γε
1677 1052 1768 1079 ται
1793 1033 1861 1094 (v.
1885 1029 2120 1075 Plutarch.
2139 1028 2267 1088 Agis.
2295 1042 2339 1073 e.
2367 1023 2442 1089 9)·
2462 1024 2536 1073 τὸν
2553 1027 2598 1072 δὲ
2620 1025 2823 1088 μουσικὸν
2839 1019 2949 1077 κτλ.
3004 1038 3008 1053 ’

1730 1132 1882 1178 ΠΕΡΙ
1916 1130 2042 1177 ΤΗΣ
2078 1126 2417 1195 ΜοιῖΣιΚῌΣ
2451 1118 2895 1189 ΑΚΡΟΑΣΕΩΣ.’
2963 1136 2965 1140 ’

2253 1243 2334 1284 77·
2454 1263 2459 1266 >
2508 1286 2510 1289 ,
2546 1263 2549 1265 -
2913 1220 2926 1224 ”
2962 1232 2964 1235 ’

1714 1326 1869 1371 Schol.
1905 1325 2087 1368 Platon.
2124 1338 2176 1385 p.
2216 1320 2326 1367 381.
2359 1321 2434 1368 ed.
2461 1321 2643 1368 Bekis:
2686 1317 2951 1370 Γλαύκου,
3003 1305 3011 1388 }

1648 1396 1836 1460 τέχνη]
1857 1392 1916 1441 Η
1946 1393 2015 1439 ἐπι
2039 1396 2123 1439 τῶν
2150 1388 2210 1454 μὴ
2237 1389 2390 1457 ῥαδίως
2401 1391 2796 1455 κατεργαζομένων,
2817 1391 2847 1450 ἢ
2873 1392 2955 1440 ἐπι

1648 1487 1731 1514 των
1757 1467 1870 1514 πάνυ
1899 1467 2097 1528 ἐμμελως
2142 1465 2384 1526 (ἐπιμελῶς
2409 1467 2462 1512 Β.
2502 1475 2549 1510 et
2577 1465 2699 1513 Sieb.
2721 1465 2736 1528 )
2771 1465 2846 1513 καὶ
2874 1468 2946 1513 ε’ν-
3002 1458 3007 1509 ἷ

1647 1539 1809 1602 τέχνως
1842 1541 2048 1599 εἷργασμε
2030 1535 2148 1583 .ἷ.νων
2195 1531 2416 1588 Ἵππασος
2455 1534 2539 1600 γάρ
2569 1536 2634 1590 τις
2655 1536 2944 1585 κατεσκεύασε
3003 1533 3005 1539 ’

1648 1627 1837 1678 χαλκους
1858 1609 2067 1675 τέτταρας
2091 1608 2259 1663 δίσκους
2281 1606 2440 1669 οὕτως,
2461 1606 2573 1655 ὥστε
2587 1607 2664 1662 τὰς
2683 1607 2771 1699 μὲν
2788 1609 2944 1674 διαμέ-
2964 1603 2969 1606 ’
3002 1633 3005 1669 5

1648 1705 1771 1749 τρους
1788 1686 1928 1730 αὐτων
1946 1682 2043 1735 ἴσας
2061 1685 2175 1758 υπαρ
2177 1700 2286 1746 ,(ειν,
2296 1699 2344 1728 το
2359 1679 2403 1727 δὲ
2418 1699 2491 1728 του
2506 1680 2679 1745 πρώτου
2704 1668 2849 1746 διο-κου
2862 1683 2944 1731 πά·
3003 1680 3005 1683 ’

1647 1768 1723 1823 χος
1748 1756 1961 1822 ἐπίτριτον
1997 1755 2048 1817 μὲ
2033 1774 2074 1801 ν
2108 1746 2218 1801 εἶναι
2237 1773 2312 1800 του
2339 1752 2555 1818 δευτέρου,
2579 1752 2777 1816 ἡμιόλιον
2801 1753 2847 1802 δὲ
2869 1756 2947 1802 τοῦ

1649 1830 1821 1895 τρίτου,
1839 1827 2064 1876 διπλάσιον
2080 1827 2122 1875 δὲ
2143 1846 2215 1874 του
2233 1825 2458 1891 τετάρτου,
2479 1826 2759 1891 κρουομένους
2777 1825 2823 1875 δὲ
2843 1825 2945 1874 τού·

1648 1924 1744 1957 τους
1777 1905 1988 1949 ἐπιτελεῖν
2016 1900 2268 1976 συμφωνίαν
2292 1899 2405 1948 τινά.
2439 1898 2528 1948 Καὶ
2552 1899 2725 1963 λέγεται
2746 1900 2961 1948 Γλαῦκον

1652 1976 1798 2025 ἰδόντα
1809 1995 1904 2029 τους
1922 1974 1992 2022 ἐπὶ
2007 1978 2088 2021 τῶν
2105 1975 2261 2022 δίσκων
2274 1970 2494 2038 φθόγγους,
2507 1991 2675 2049 πρωτον
2692 1972 2945 2039 ἐγχειρῆσαι

1651 2051 1701 2096 δι’
1718 2051 1859 2095 αὐτῶν
1879 2053 2166 2113 χειρουργεῖν·
2185 2045 2260 2094 καὶ
2281 2044 2367 2092 ἀπὸ
2391 2043 2549 2103 ταύτης
2561 2042 2962 2110 τῆς-πραγματείας

1649 2122 1710 2169 ἔτι
1734 2141 1808 2168 και
1828 2126 1899 2168 νῦν
1923 2121 2125 2184 λέγεσθαι
2148 2118 2224 2176 τὴν
2246 2117 2518 2180 καλουμένην
2553 2117 2753 2166 Γλαύκου
2772 2118 2944 2183 τέχνην.

1650 2198 1718 2243 Με
1702 2191 1934 2257 ’μνηταιδὲ
1943 2191 2094 2240 τούτου
2105 2191 2510 2257 Ἀριστόξενοςὲντῦ
2526 2189 2636 2256 Περὶ
2648 2194 2725 2248 τῆς
2740 2193 2948 2253 μουσικῆς

1651 2266 1923 2331 ἀκροάσεως,
1950 2285 2024 2313 και
2049 2265 2266 2322 Νικοκλῆς
2291 2265 2354 2326 (Γ
2359 2262 2537 2325 ιμοιολης
2555 2267 2613 2310 Α.
2634 2263 2693 2328 )’
2677 2282 2720 2311 εν
2748 2265 2811 2328 τῷ
2835 2261 2945 2327 Περὶ

1654 2344 1696 2387 θε
1682 2339 1848 2405 εωρίας.
1919 2337 1979 2387 Ἐ
1983 2357 2051 2385 στι
2077 2336 2122 2385 δὲ
2153 2357 2228 2384 και
2258 2337 2383 2402 ἑτέρα
2415 2334 2548 2409 τέχνη
2573 2334 2862 2400 γραμμάτων,
2891 2332 2947 2394 ἢν

1655 2411 1904 2459 ἀνατιθέασι
1925 2413 1960 2460 l
1962 2410 2111 2458 λαύκω
2138 2408 2319 2475 Σαμίῳ,
2345 2406 2415 2471 ἀφ’
2439 2400 2535 2465 ἧς’
2518 2426 2618 2462 ισως
2638 2406 2714 2455 καὶ
2736 2411 2766 2465 ἡ
2785 2425 2947 2500 *trapet-

1653 2484 1732 2548 μία
1758 2485 1950 2541 διεδόθη·
1974 2476 2091 2536 οῧτος
2116 2481 2158 2529 δὲ
2193 2481 2267 2529 και
2291 2479 2470 2544 σιδήρου
2496 2479 2701 2540 κόλλησιν
2718 2468 2922 2547 εὗρεν,’
2890 2498 2949 2559 ως

1651 2576 1777 2623 φησιν
1804 2556 2049 2621 Ἡρόδοτος.

1717 2631 1892 2676 Eadem
1910 2646 2058 2690 usque
2071 2629 2131 2675 ad
2154 2626 2360 2692 φθόγγους
2380 2599 2551 2692 πρῶτον
2573 2621 2877 2685 zenob.11',
2861 2643 2946 2689 91,

1652 2705 1755 2759 alii,
1793 2718 1912 2762 quos
1940 2702 2049 2746 vide
2084 2717 2161 2761 ap.
2192 2701 2588 2762 Paroemiograph.
2623 2700 2702 2747 ed.
2727 2700 2944 2758 Leutsch.

1657 3022 1661 3025 ,
1714 2985 1918 3032 Vertunt,
1950 2983 2095 3031 sanat,
2126 2982 2260 3032 inquit
2289 2981 2598 3032 Theophrastus,
2631 2979 2775 3020 fistulae
2807 2980 2964 3022 cantu
2990 2971 2995 3007 f

1654 3049 1774 3088 etiam
1791 3039 2008 3087 ischiadem
2035 3048 2077 3085 et
2098 3046 2286 3101 morbum
2317 3044 2556 3084 comitialem
2581 3042 2880 3095 :quemadmod
2918 3060 2937 3078 «-
2990 3038 2992 3040 ’

1655 3114 1715 3163 ei,
1747 3097 1831 3163 qui‘
1852 3112 1903 3151 ad
1927 3110 2209 3151 Aristoxenum
2240 3111 2439 3150 musicum
2473 3110 2604 3160 venit,
2633 3109 2798 3150 oraculo
2816 3109 2928 3160 jussu

1656 3178 1885 3228 Pasiphilae,
1923 3177 2080 3216 Damoti
2111 3177 2267 3217 sororis.
2297 3179 2442 3217 Fertur
2481 3176 2588 3215 enim
2623 3175 2745 3216 etiam
2774 3178 2927 3217 musteu

1654 3243 1819 3293 Thebis,
1860 3243 1929 3293 qui
1957 3243 2091 3282 mente
2128 3242 2330 3295 exciderat
2359 3253 2458 3282 voce
2485 3242 2597 3283 tubae
2627 3241 2788 3298 audita,
2818 3241 2870 3282 ad
2914 3257 2941 3278 *a

1656 3306 1830 3346 rediisse.
2943 3332 2946 3335 ’

1828 3372 1911 3419 DE
1947 3371 2186 3420 MUSICA
2219 3369 2774 3461 AUSCULTATIONE.

1712 3521 1859 3560 Glauci
1880 3531 1981 3560 ars:
1995 3521 2060 3561 vel
2077 3521 2128 3561 de
2147 3485 2266 3561 rebus
2278 3521 2385 3562 facili
2400 3520 2559 3570 negotio
2577 3526 2660 3560 nou
2670 3517 2902 3560 continendi
2910 3534 2933 3542 ε’

1655 3585 1718 3624 vel
1739 3585 1789 3624 de
1805 3593 1851 3624 eo
1865 3585 1978 3636 quod
1993 3586 2150 3624 summa
2166 3596 2262 3625 cura
2283 3587 2325 3626 et
2346 3585 2558 3625 artificiose
2575 3583 2833 3624 elaboratum.
2855 3583 2922 3627 m

1655 3659 1770 3698 pasus
1785 3648 1891 3688 enim
1905 3649 2068 3699 quidam
2081 3650 2273 3699 quattuor
2287 3649 2415 3690 discos
2424 3659 2550 3690 oereos
2564 3648 2622 3688 sic
2637 3648 2700 3689 est
2718 3647 2910 3692 fabricatu

1655 3715 1701 3753 ut
1723 3714 1936 3754 diametri
1925 3725 2102 3765 ipsorum
2117 3725 2233 3764 pares
2254 3715 2427 3754 essent.
2450 3713 2567 3765 primi
2590 3721 2688 3754 vem
2707 3712 2805 3754 dinei
2829 3730 2834 3746 2
2853 3731 2894 3748 w:
2908 3730 2910 3733 ·
2923 3709 2934 3713 “”

1654 3778 1752 3817 tudo
1780 3778 1925 3828 epitriti
1946 3777 2137 3817 rationem
2162 3777 2214 3817 ad
2230 3777 2454 3818 secundum
2473 3777 2659 3827 haberet,
2677 3766 2920 3822 hemioliirav'

1655 3844 1735 3881 tem
1757 3842 1807 3881 ad
1833 3841 2023 3891 tertium,
2047 3840 2158 3892 dupli
2196 3841 2368 3893 denique
2398 3841 2448 3882 ad
2475 3842 2667 3892 quartum
2695 3842 2707 3880 ε’
2739 3841 2782 3881 et
2802 3836 2915 3899 puis

1654 3905 1926 3955 symphoniam
1935 3904 2137 3954 quandam
2147 3905 2329 3947 ederent.
2343 3906 2572 3956 Feruntque
2581 3903 2755 3956 primum
2765 3903 2874 3945 numi
2888 3905 2904 3937 -²

1656 3969 1856 4008 Glaucum
1883 3968 2084 4008 diseorum
2111 3978 2228 4008 sonos
2245 3979 2466 4020 eorumque
2491 3968 2686 4008 rationem
2698 3967 2857 4028 observ
2895 3964 2899 3966 ’
2931 4007 2933 4024 5

1655 4035 1694 4074 et
1719 4033 1939 4072 secundum
1965 4033 2054 4073 haeo
2081 4043 2182 4083 opus
2207 4033 2314 4074 istud
2345 4034 2550 4074 elaborare
2573 4032 2803 4074 instituisse.

1656 4098 1876 4137 etiamnum
1893 4096 1972 4135 dici
1994 4096 2156 4146 Glauci,
2175 4107 2296 4147 quam
2318 4098 2486 4148 vocant,
2502 4098 2647 4137 artem.
2667 4095 2859 4142 Meminit,
2895 4106 2909 4146 ’-

1655 4162 1912 4202 Aristoxenus
1929 4162 1980 4201 in
1992 4161 2092 4201 libro
2109 4164 2166 4201 De
2189 4163 2356 4203 musioae
2383 4162 2692 4213 auscultatione,
2712 4162 2752 4203 et
2768 4161 2852 4238 Nic
2875 4187 2932 4220 ;.,

1657 4226 1756 4268 libro
1782 4229 1839 4267 De
1861 4226 2030 4268 theoria.
2874 4223 2875 4226 ’
