3008 4542
188 224 204 263 ἲ
256 244 350 284 544

248 353 340 402 tur.
410 342 527 386 Inde
566 343 799 403 colligitm
836 343 894 387 ab
934 352 1063 388 sexto
1103 359 1217 404 rege·
1242 359 1412 389 novam
1446 344 1575 404 dy-

245 416 437 459 nastiam
470 429 663 478 eamque
701 415 1078 474 Memphiticam
1066 418 1289 475 incipeie.
1323 419 1534 476 Respon-

246 487 325 531 det
357 487 481 542 haec,
502 494 555 530 ut
582 501 665 530 suo
690 486 797 530 loco
824 486 1107 545 videbimus,
1131 489 1427 533 Manethonis
1451 488 1533 547 dy-

243 559 401 603 nastiae
415 560 558 603 tertiae
570 593 583 615 ,
605 574 707 618 quae
725 560 877 619 prima
893 569 958 604 est
978 560 1290 619 dynastiarum
1305 561 1534 619 Memphi-

244 631 456 674 ticarum.
529 631 678 691 Igitur
719 631 925 690 dynastia
968 633 1196 677 Thinitica
1231 632 1433 677 secunda
1477 647 1533 675 ex

242 703 459 746 Bunsenii
488 703 746 748 rationibus
779 705 990 764 regnavit
1014 709 1160 762 juxta
1189 705 1532 763 Memphiticam

242 775 442 834 primam
457 809 468 830 ,
486 776 550 819 ita
566 784 621 819 ut
641 778 900 836 principem
924 778 1082 822 locum
1105 778 1370 821 obtinerent
1386 779 1533 821 Mem-

242 846 398 906 phitae.
439 847 592 904 Quare
625 848 710 892 hos
744 858 923 893 tantum
955 850 1004 892 in
1034 863 1259 893 canonem
1278 850 1532 893 chronolo-

243 918 398 976 gicum
445 920 769 965 Eratosthenes
809 923 1002 980 recepit.
1072 923 1284 980 Utraque
1325 921 1532 980 dynastia

244 989 436 1035 fortasse
458 994 749 1052 cognationis
775 995 968 1038 vinculis
1000 993 1250 1052 conjuncta
1270 1004 1383 1038 erat.
1427 996 1530 1039 Do-

241 1064 435 1107 minatio
474 1073 629 1108 autem
666 1066 728 1109 ita
766 1065 1009 1110 distributa
1056 1067 1190 1110 fuisse
1237 1066 1443 1123 videtur,
1478 1077 1532 1111 ut

241 1137 434 1181 Thinitae
475 1137 681 1198 AEgypto
715 1140 969 1198 superiori,
1015 1140 1278 1199 Memphitae
1320 1139 1531 1188 inferiori

239 1210 422 1269 regioni
440 1211 724 1269 imperarent
754 1211 765 1274 (
777 1199 921 1258 Bunss
935 1228 979 1271 p.
1013 1212 1120 1256 103.
1154 1211 1289 1272 114).

306 1283 521 1326 Ceterum
545 1283 762 1342 dynastiae
784 1286 830 1328 II
847 1300 979 1344 reges
999 1285 1117 1329 duos
1135 1294 1395 1344 postremos
1409 1319 1421 1340 ‚
1451 1287 1529 1330 Se-

239 1355 428 1407 sochrin
452 1363 497 1398 et
526 1355 805 1410 Chenerem‚
839 1356 950 1400 falso
981 1357 1176 1401 Thinitis
1200 1373 1224 1400 a
1248 1359 1530 1402 Manethone

239 1428 495 1482 accenseri,
516 1428 770 1471 Bunsenius
787 1430 943 1472 statuit
961 1463 973 1484 ,
1001 1445 1147 1488 quum
1166 1430 1305 1489 primi
1326 1445 1418 1474 esse
1445 1430 1528 1475 de-

238 1498 380 1542 beant
404 1499 623 1557 dynastiae
647 1499 1025 1560 Memphitarum.
1052 1504 1135 1547 His
1155 1504 1297 1563 igitur
1319 1502 1500 1561 rejectis
1516 1538 1527 1560 ‚

239 1579 411 1623 restant
434 1572 631 1616 Thinitae
654 1588 785 1632 reges
814 1583 1012 1633 septem,
1051 1576 1254 1634 annique
1277 1591 1530 1636 regnorum

242 1648 352 1695 224.
375 1644 591 1688 Totidem
614 1661 728 1689 vero
749 1662 894 1691 annos
910 1648 1070 1692 Canon
1100 1649 1415 1693 Eratosthenis
1443 1651 1530 1693 tri-

239 1715 342 1758 buit
401 1731 572 1760 novem
609 1718 797 1778 regibus
838 1720 1102 1779 Memphitis
1135 1720 1354 1779 dynastiae
1386 1723 1530 1766 tertiae

242 1786 716 1851 (Manetho'exputat
742 1806 888 1835 annos
921 1790 1059 1851 214).
1088 1793 1253 1850 Itaque
1287 1794 1530 1852 utriusque

239 1860 458 1918 dynastiae
478 1858 582 1905 finis
607 1863 658 1905 in
684 1863 886 1908 eundem
909 1863 1074 1908 incidit
1097 1879 1271 1908 annum
1287 1900 1298 1921 ,
1327 1866 1445 1910 adeo
1478 1875 1530 1909 ut

239 1942 401 1990 quarta
424 1933 635 1993 dynastia
657 1935 814 1981 denuo
856 1937 1045 1998 AEgypti
1077 1938 1299 1983 universae
1330 1939 1528 1999 imperio

236 2006 386 2063 potita
406 2007 475 2049 sit.

300 2079 499 2122 Nomina
518 2094 680 2140 regum
694 2083 1007 2127 monumentiS
1022 2083 1251 2128 illustrare
1274 2084 1365 2128 huc
1383 2100 1529 2144 usque

196 2160 200 2166 '
235 2156 448 2200 'nondum
467 2157 621 2214 licuit,
645 2160 733 2203 nisi
752 2159 886 2219 quod
909 2161 1101 2220 Lepsius
1120 2163 1170 2205 in
1186 2177 1351 2222 campo
1371 2164 1530 2223 sepul—

236 2230 347 2273 crali
371 2229 429 2273 ad
451 2231 714 2289 pyramides
732 2248 884 2293 prope
921 2234 1066 2278 Gizeb
1096 2235 1201 2279 sitas
1229 2236 1406 2295 reperit
1434 2251 1527 2280 no·-

234 2317 342 2345 men
363 2317 373 2345 :
403 2318 556 2346 KEKEU
571 2339 582 2360 ,
604 2305 735 2363 quod
762 2305 889 2350 idem
908 2322 1001 2351 esse
1019 2307 1206 2352 videtur
1228 2318 1367 2368 atque
1386 2310 1528 2353 Kaie-

234 2374 342 2418 elios
367 2374 527 2437 (Buus.
554 2392 602 2435 p.
638 2377 726 2422 106
745 2378 777 2438 ).
808 2380 945 2423 Hunc
980 2381 1200 2425 Manetho
1230 2381 1460 2426 Mnevidis
1484 2392 1529 2427 et

233 2447 352 2491 hirci
385 2449 614 2493 Mendesii
647 2452 822 2494 cultum
852 2453 1097 2496 instituisse
1128 2453 1257 2498 dicit.
1296 2454 1354 2498 Id
1382 2470 1526 2516 vero,

233 2529 351 2579 puto
370 2554 382 2576 ,
423 2537 521 2564 non
558 2521 744 2567 dixisset
774 2525 1019 2581 Manetho,
1052 2526 1089 2569 si
1128 2526 1399 2571 credidisset
1432 2528 1529 2572 Cai-

235 2593 347 2636 chos
372 2608 531 2653 regem
565 2595 614 2638 in
647 2597 889 2654 superiore
916 2598 1119 2657 AEgypto
1154 2613 1392 2658 regnasse,
1414 2599 1527 2644 dum

234 2664 403 2709 eodem
434 2674 646 2726 tempore
670 2669 720 2711 in
742 2669 965 2713 inferiore
999 2679 1215 2730 regnaret
1245 2686 1329 2715 rex
1347 2673 1523 2716 ‚Mem-

233 2738 379 2796 phita.
406 2739 625 2783 Similiter
647 2740 698 2784 id
729 2741 859 2800 quod
893 2743 978 2786 suh
1010 2745 1166 2801 primo
1201 2759 1312 2804 rege
1345 2745 1527 2799 Thinita

234 2810 421 2855 Bubasti
461 2812 509 2854 in
549 2812 686 2856 Delta
722 2814 915 2872 regione
957 2815 1173 2859 accidisse
1213 2815 1431 2872 traditur,
1467 2817 1526 2860 ad

233 2897 428 2942 regnum
452 2885 591 2942 primi
610 2885 875 2944 Memphitae
903 2887 1162 2933 notandum
1191 2888 1360 2934 fuisset.
1386 2877 1527 2946 Quod

233 2955 487 2999 Bunsenius
505 2958 683 3013 statuit,
702 2959 875 3002 scilicet
892 2961 1096 3018 potuisse
1113 2961 1333 3005 Caichum
1351 2962 1526 3005 cultum

234 3026 525 3072 Mendesium
558 3029 823 3088 instituere,
865 3033 901 3074 si
931 3032 982 3075 id
1015 3033 1176 3076 fecerit
1211 3035 1526 3078 consentiente

233 3114 343 3160 rege
362 3101 639 3159 Memphim,
665 3111 804 3161 atque
823 3103 1012 3148 fortasse
1037 3106 1194 3149 omnia
1216 3120 1318 3163 quae
1341 3105 1401 3149 ad
1422 3106 1525 3150 cul—

235 3181 334 3217 tum
354 3171 680 3233 AEgyptiorum
699 3177 1010 3234 pertinebant,
1026 3192 1167 3236 penes
1179 3178 1382 3222 Thinitas
1396 3194 1526 3239 reges

234 3244 369 3289 fuisse
385 3279 396 3301 ‚
423 3246 473 3290 id
497 3261 664 3291 vereor
686 3262 745 3291 ne
767 3250 927 3306 paullo
953 3250 1137 3310 longius
1152 3251 1350 3311 petitum
1372 3254 1430 3296 sit
1449 3267 1522 3296 ca·

233 3325 426 3375 reatque
461 3319 613 3376 specie
642 3320 1065 3368 verisimilitudinis.
1103 3348 1166 3356 —
1202 3325 1272 3368 De
1305 3325 1405 3384 lege
1440 3325 1524 3368 sub

232 3389 471 3444 Binothris
504 3405 612 3449 rege
641 3393 815 3436 sancita
850 3396 1077 3440 nonnulla
1111 3398 1296 3441 monuit
1325 3398 1522 3442 Bunsen.

234 3476 280 3521 p.
311 3466 417 3514 104.
453 3487 512 3495 —-
550 3463 740 3507 Famam
762 3466 1001 3524 miraculi,
1032 3468 1163 3527 quod
1195 3470 1280 3514 sub
1314 3470 1523 3529 Nepher-

236 3534 373 3578 chere
400 3531 510 3594 (sub
533 3535 747 3580 Binothri
781 3553 870 3584 see.
906 3541 1188 3585 Antiocheni
1218 3542 1520 3603 Chronicon)

234 3604 450 3650 accidisse
465 3607 628 3663 fertur,
656 3608 765 3653 inde
790 3624 938 3655 ortam
964 3622 1120 3658 censet
1143 3615 1274 3674 quod
1297 3630 1417 3674 aqua
1436 3614 1525 3659 flu-

233 3678 298 3719 vii
320 3686 467 3723 mutet
493 3680 729 3725 interdum
749 3684 958 3729 colorem
990 3696 1300 3747 gustumque,
1331 3689 1524 3734 laudato

236 3750 636 3813 Ilengstenbergio
673 3754 791 3815 (Die
807 3757 993 3802 Biicher
1028 3759 1182 3803 Moses
1216 3776 1260 3806 u.
1294 3763 1526 3821 AEgypten

235 3837 282 3881 p.
317 3822 403 3867 103
430 3824 562 3886 sqq).

1178 237 1351 285 MAN
1325 238 1592 287 ΕΤΗΟΝΙΞ
1624 239 2015 289 SEBENNYTAE

1965 361 2193 409 TERTIA
2228 362 2536 412 DYNASTIA
2545 402 2556 413 .

2230 487 2304 516 11.
2349 463 2354 468 -

1687 561 1923 620 Syncellus
1944 578 1993 623 p.
2019 562 2097 622 56,
2124 566 2159 609 B
2183 581 2193 608 :
3001 620 3003 640 ἱ

2012 736 2014 739 ,
2062 685 2447 735 ΑΦΡΙΚΑΝΟΥ.
2777 759 2779 761 ,
2869 725 2882 748 ,
2946 716 2961 762 3-
3001 664 3007 744 ’ξ

1677 797 1839 860 Τρίτη
1865 799 2158 847 δυναστεία
2195 803 2495 867 Μεμφιτῶν
2538 803 2806 867 βασιλέων
2832 808 2912 856 ἐν-
2958 851 2963 862 „

2901 877 2914 898 9

1616 866 1788 926 νέα,α’
1808 873 1866 916 ὡν
1886 871 2216 938 Νεχερώφης
2243 874 2694 940 (ΝεχοροφηςΑ)ἐ’τη
2714 878 2804 936 κη’.
2817 878 2900 944 Ἐφ
3002 859 3007 908 ἓ

1611 942 1659 985 οὗ
1683 939 1888 996 Λίὸυες’
1864 942 2111 1004 απτ-ἔστησαν
2131 945 2381 1008 Αἰγυπτίων
2403 946 2477 995 καὶ
2499 951 2574 1005 ,τῆς
2595 949 2775 1008 σελήνης
2793 951 2913 1017 παρὰ

1618 1011 1744 1074 λόγον
1765 1013 2017 1073 αὐξηθείσης
2036 1015 2106 1062 διὰ
2127 1017 2215 1071 δέος
2238 1018 2411 1072 ἑαυτους
2437 1020 2698 1084 παρέδοσαν.

1674 1083 1718 1171 β’
1759 1088 1800 1133 Ἰ
1812 1085 2157 1151 όσορθροςέτη
2188 1089 2271 1139 κθ’.
2310 1083 2447 1143 Ουτος
2483 1091 2739 1150 Ἀσκληπιὸς
2773 1094 2905 1158 Αἰγυ-
2963 1126 2965 1128 -
3005 1110 3008 1157 j

1609 1155 1746 1210 πτίοις
1772 1157 1885 1206 κατὰ
1906 1159 1982 1217 τὴν
2011 1159 2206 1225 ἰατρικὴν
2237 1161 2502 1223 νενόμισται,
2535 1163 2608 1210 καὶ
2630 1164 2706 1220 τὴν
2740 1164 2810 1212 διὰ
2838 1165 2914 1222 ξε·-
2958 1217 2966 1226 ⁴.
3005 1169 3008 1220 f

1610 1229 1720 1273 στῶν
1766 1228 1895 1278 λίθων
1941 1231 2186 1293 οἰκοδομίαν
2238 1232 2415 1298 εὕρατο·
2465 1233 2577 1281 ἀλλὰ
2626 1234 2700 1283 καὶ
2745 1255 2912 1304 γραφης
2951 1267 2956 1270 -

1610 1301 1875 1363 ἐπεμελήθη.

1674 1375 1714 1437 γ’
1740 1377 1907 1441 Τύρις
1931 1377 2176 1443 (ΤυρειςΒ
2194 1377 2251 1441 )
2227 1399 2300 1439 τη
2328 1382 2381 1436 ζ

1678 1446 1713 1493 8‘
1739 1447 1946 1514 Μέσι)χ
1961 1469 2037 1514 ρις
2058 1450 2131 1509 ἔτη
2152 1449 2219 1507 ιζ’.

1676 1520 1710 1566 ε’
1735 1519 1903 1587 Σώϋφ
1919 1539 1959 1575 ις
1984 1523 2176 1587 (Σώϊφις
2197 1525 2369 1587 Goar.)
2393 1523 2468 1582 ἔτη
2498 1526 2574 1580 ις’.

1673 1592 1714 1647 ς’
1739 1595 1811 1642 To
1826 1593 1883 1641 σέ
1898 1613 1955 1658 ρτ
1970 1614 1995 1641 α
2010 1613 2036 1641 σ
2051 1615 2091 1649 ις
2112 1595 2185 1654 ἔτη
2213 1595 2279 1643 ι6’.

1650 1666 1710 1722 ,ζ’
1737 1664 1914 1732 Ἀχης
1940 1666 2014 1726 ἔτη
2044 1668 2140 1730 μθ.

1643 1801 1647 1803 ¹
1673 1738 1716 1797 η’
1741 1739 1927 1805 Σήερου
1943 1760 2017 1806 ρις
2041 1740 2275 1807 (Σίφουρις
2291 1743 2450 1806 Goar.)
2472 1742 2528 1793 λ’.

1674 1811 1711 1858 θ’
1738 1812 2019 1878 Κερφέρης
2043 1813 2116 1872 ἔτη
2142 1813 2231 1868 κζ’.

1673 1882 1817 1946 Ὁμοῦ
1846 1883 1919 1944 ἔτη
1942 1884 2044 1935 σ,ιδ’.

1674 1955 1815 2019 Ὁμοῦ
1839 1961 1925 2004 τῶν
1955 1962 2082 2022 τριῶν
2107 1959 2366 2006 δυναστειῶν
2399 1958 2513 2007 κατὰ
2545 1961 2796 2026 Ἀφρικανὸν
2827 1962 2907 2024 ἔτη
2979 1960 2981 1962 ’

1606 2027 1698 2094 ψξο
1724 2030 1862 2092 (769
1887 2048 1948 2078 se.
1973 2030 2277 2095 555-4-214).

1674 2104 1791 2148 Cum
1826 2104 2048 2171 Africano
2082 2105 2190 2149 facit
2221 2115 2384 2150 auctor
2421 2109 2531 2153 Exc.
2563 2109 2700 2187 Barb.
2734 2127 2905 2157 novem
2968 2127 2973 2171 J
3004 2143 3006 2146 ψ

1607 2190 1739 2238 reges
1756 2184 1802 2222 et
1823 2192 1970 2223 annos
1991 2182 2082 2232 214
2104 2193 2360 2223 recensens

2221 2313 2296 2342 12.

2010 2405 2128 2452 SEC.
2157 2407 2488 2454 EUSEBIUM.

1672 2521 1871 2579 Syncell.
1919 2519 1998 2578 57,
2036 2520 2108 2566 B:
2131 2519 2311 2584 Τρίτη
2355 2520 2656 2570 δυναστεία
2679 2525 2901 2609 Μεμφι-

1605 2590 2198 2656 τῶνβασιλέωνόκτώ,

1674 2665 1716 2711 α’
1747 2664 2001 2730 Νεχέρωχις
2043 2665 2331 2731 (Ναχέρωχις
2376 2669 2432 2716 G.
2455 2669 2496 2729 )‚
2538 2669 2603 2732 ἐφ’
2646 2672 2695 2715 οὖ
2736 2669 2899 2726 Λίὸυες
2963 2666 2977 2677 ⁸

1605 2736 1856 2795 ἀπέστησαν
1889 2737 2158 2800 Αἰγυπτίων,
2193 2737 2368 2795 καὶτῆς
2406 2737 2589 2797 σελήνης
2618 2740 2739 2805 παρὰ
2774 2741 2900 2808 λόγον

1605 2809 1857 2868 αὐξηθείσης
1880 2809 1949 2856 διὰ
1969 2809 2015 2857 δέ
1996 2829 2061 2863 εος
2081 2809 2255 2864 ἑαυτους
2279 2829 2394 2875 παρε
2376 2809 2546 2861 έ.δοσαν

1672 2881 1729 2946 β’.
1748 2883 1859 2930 Μεθ’
1879 2881 1923 2929 ὃν
1943 2883 2171 2949 Σεσορθος,
2187 2881 2229 2936 ὃς
2250 2882 2505 2940 Ἀσκληπιὸς
2518 2884 2636 2949 παρὰ
2650 2886 2903 2946 Αἰγυπτίοις

1604 2957 1763 3013 ἐκλήθη
1789 2955 1859 3001 διὰ
1884 2955 1961 3012 τὴν
1998 2954 2208 3044 ἰατρικήν
2244 2958 2382 3008 Οὗτος
2411 2956 2484 3003 και
2517 2957 2593 3014 τὴν
2634 2957 2704 3005 διὰ
2743 2958 2901 3014 ξεστῶν

1602 3025 1730 3072 λίθων
1765 3024 1994 3089 οἰκοδομὴν
2037 3025 2214 3091 εὕρατο,
2258 3027 2369 3074 ἀλλὰ
2416 3027 2490 3074 καὶ
2531 3033 2698 3095 γραφῆς
2740 3033 2900 3094 ἐπεμε-

1602 3098 1728 3156 λήθη.
1862 3156 1864 3161 ,

1668 3173 1724 3219 Οἱ
1746 3169 1790 3218 δὲ
1814 3170 1956 3217 λοιποὶ
1979 3169 2022 3226 ἓξ
2043 3169 2163 3217 οὐδὲν
2190 3170 2577 3235 ἀξιομνημόνευτον
2601 3173 2806 3240 ἔπραξαν.

1668 3241 1728 3290 Οἳ
1746 3243 1820 3289 καὶ
1840 3242 2123 3290 ἐδασίλευσαν
2149 3242 2284 3290 ἔτεσιν
2308 3244 2420 3310 ρ4η’.

1669 3313 1808 3377 Ὁμοῦ
1845 3319 1928 3362 τῶν
1967 3319 2095 3380 τριῶν
2132 3317 2391 3364 δυναστειῶν
2430 3317 2542 3366 κατὰ
2577 3318 2646 3366 τὸν
2682 3321 2896 3372 Εὗσέὸιον

1602 3386 1678 3445 ἔτη
1701 3387 1806 3453 ψμζ’
1829 3388 1967 3450 (747-
1999 3405 2064 3436 ⁵0·
2088 3388 2402 3454 549÷198)·

1668 3463 1891 3507 Eusebius
1911 3462 2046 3509 Arm.
2063 3478 2114 3522 p.
2140 3463 2232 3524 96:
2260 3465 2417 3509 Tertia
2431 3466 2650 3524 dynastia
2668 3468 2896 3531 Memphi-

1618 3542 1770 3576 tarum
1829 3529 1968 3575 VIII
2022 3551 2199 3595 regum.
2923 3568 2937 3587 ι

1666 3607 1995 3662 Necherochis‚
2026 3608 2109 3652 sub
2134 3624 2221 3668 qao
2236 3609 2398 3667 Libyes
2417 3610 2478 3653 ab
2501 3612 2736 3670 AE'gyptiis
2765 3609 2895 3670 dese·
2947 3635 2949 3637 >

1601 3689 1758 3723 cerunt
1777 3694 1792 3722 :
1825 3695 1934 3724 mox
1967 3683 2229 3725 immaniter
2259 3691 2483 3726 crescente
2514 3683 2624 3726 luna
2653 3689 2799 3729 territi
2830 3687 2900 3729 ad

1601 3753 1863 3811 obsequium
1883 3756 2046 3795 reversi
2058 3762 2178 3796 sunt.

1667 3826 1846 3868 Deinde
1862 3824 2122 3879 Sosortlms,
2150 3827 2229 3883 qui
2243 3824 2299 3868 ob
2319 3826 2545 3868 medicam
2567 3836 2711 3871 artem
2735 3830 2894 3872 AEscu·

1605 3897 1763 3955 Inpius
1790 3897 1852 3939 ab
1884 3899 2119 3955 AEgyptiis
2140 3899 2364 3940 vocitatus
2388 3907 2469 3940 est.
2505 3900 2557 3941 Is
2589 3903 2730 3943 etiam
2761 3903 2894 3944 sectis
2928 3922 2946 3965 ξ

1605 3968 1834 4026 lapidibus
1870 3968 2166 4026 oedificiorwn
2207 3969 2518 4013 struendorum
2557 3980 2715 4014 auctor
2736 3970 2844 4029 suit
2875 3986 2890 4014 :

1606 4040 1735 4082 libris
1757 4049 1996 4099 proeterea
2023 4032 2275 4083 scribendis
2306 4055 2462 4084 curam
2490 4043 2730 4102 impendit.
2798 4043 2894 4088 Sex
2931 4082 2934 4085 .

1604 4112 1767 4170 reliqui
1782 4110 1910 4166 nihil
1925 4112 2368 4156 commemorandam
2384 4123 2636 4171 gesserunt.
2709 4114 2893 4172 Regna·
2932 4122 2933 4126 ’

1605 4191 1696 4226 tum
1721 4193 1788 4226 est
1809 4187 1945 4226 annis
1966 4183 2207 4228 CXCVII
2225 4183 2238 4245 (
2254 4199 2400 4244 graece
2426 4183 2563 4246 198).
2775 4190 2778 4194 ’
2815 4185 2818 4190 ’
