3016 4628
81 310 299 429 {³11proe
300 310 441 363 ἱκανὸς
464 308 575 356 κατὰ
605 307 764 373 ψυχὴν,
797 306 1029 372 εὔρωστος,
1063 307 1136 354 καὶ
1166 307 1234 355 a:03
1218 306 1336 366 ότης

111 383 216 441 ΐδὴ
239 381 407 429 πάντων
438 379 774 442 ὁμολογούμενος
807 380 880 426 καὶ
903 381 987 425 τῦν
1022 378 1243 436 Ἑλλήνων
1265 380 1339 425 καὶ

98 451 452 521 ῖ-’βαρὸάρων”
424 470 609 516 αριστος.
681 442 886 504 Οὗτος
837 469 908 497 ουν
930 454 954 497 ὁ
977 449 1222 515 ἄνθρωπος,
1242 452 1339 498 δια-

89 515 316 583 ιζόντων
339 524 510 571 πολλῶν
535 522 648 570 κατὰ
675 521 752 580 τὴν
777 521 890 585 ὁδὸν,
915 521 989 568 καὶ
1017 521 1207 585 μάντεώς
1232 541 1340 575 τινος

40 627 55 666 3*
135 594 376 660 ευομένου
393 594 467 642 καὶ
487 594 649 647 πάντας
668 593 860 658 ἐπισχεῖν
885 593 1118 653 ἀξιοῦντος,
1143 594 1341 659 ἠρώτησε

36 675 39 693 '²
87 663 130 741 (ἐξ
155 669 195 717 τί
216 668 523 734 προσμένουσι.
579 665 819 721 Δείξαντος
849 666 892 713 δὲ
916 670 989 713 τοῦ
1012 666 1203 728 μάντεως
1227 668 1342 712 αὐτῶ

93 741 298 828 ἐκκιόρνιθα
319 740 392 787 καὶ
419 738 634 806 φήσαντος
649 775 662 796 ,
685 736 759 793 ἐὰν
781 737 859 800 μὲν
890 740 1017 785 αὐτοῦ
1050 737 1180 802 μένῃ,
1207 757 1341 803 προσ·

107 830 211 863 ειν
217 810 451 878 συμφέρειν
467 818 615 868 πᾶσιν,
631 809 704 856 ἐὰν
723 809 758 856 δ’
777 809 963 863 ἀναστὰς
982 812 1039 864 εἷς
1052 808 1341 875 τοῦμπροσθεν

38 888 47 903 ‘
36 815 142 946 ³6³3*
173 903 264 943 ται,
302 883 523 949 προάγειν,
557 882 628 930 ἐὰν
654 881 698 929 δὲ
723 883 781 935 εἷς
815 880 1064 939 τοῦπισθεν,
1102 884 1339 947 ἀναχωρεῖν

85 956 202 1019 θις,
221 955 445 1014 σιωπήσας
471 973 547 1002 και
577 953 852 1021 παρελκύσας
871 953 919 1001 τὸ
943 953 1060 1008 τόξον
1086 952 1243 1012 ἔὸαλε,
1270 972 1344 1000 και

99 1026 306 1118 ι..ὄρνιθα
338 1027 581 1083 πατάξας
558 1025 819 1076 απέκτεινεν.
888 1024 1260 1088 ’Λγανακτούντων
1300 1023 1344 1071 δὲ

92 1100 345 1167 δΞ“’μάντεως
370 1098 442 1147 καί
461 1118 585 1146 τινων
610 1097 752 1146 ἄλλων
777 1097 851 1146 καὶ
871 1096 1187 1162 καταρωμένων
1211 1097 1344 1161 αὗτῳ,

88 1168 358 1237 μαινεσθε
383 1170 488 1238 ἔφη,
517 1168 962 1232 κακοδαιμονέστατον
979 1169 1123 1235 ὄρνιθα
1144 1168 1346 1221 λαὸόντες

79 1245 98 1301 j
140 1242 214 1299 τὰς
234 1250 408 1309 χεῖραςῖ,
440 1246 530 1296 πῶς
533 1243 632 1307 γὰρ
657 1246 777 1296 οὗτος
805 1242 881 1299 τὴν
907 1245 1035 1289 αὓτου
1063 1240 1295 1305 σωτηρίαν
1298 1242 1344 1286 06

86 1310 266 1386 γυνῖδων,
290 1335 399 1382 περι,
413 1320 488 1372 τῆς
518 1315 730 1381 ἡμετέρας
759 1314 933 1380 πορείας
961 1317 1064 1376 ἡμῖν
1097 1312 1147 1360 ἄν
1172 1332 1213 1360 τι
1237 1312 1348 1375 ὑγιὲς

93 1420 97 1427 ·
154 1389 357 1475 γγελλενῖ,
381 1389 418 1435 εἷ
448 1386 530 1453 γὰρ
551 1387 737 1442 ἠδύνατο
760 1385 1068 1451 προγινώσκειν
1103 1383 1152 1431 τὸ
1173 1382 1346 1448 μέλλον,

17 1473 18 1476 ’
141 1459 212 1507 τὸν
233 1459 360 1507 τόπον
380 1463 524 1507 τοῦτον
546 1461 623 1506 οὐκ
640 1457 691 1505 ἂν
713 1451 840 1516 ηλθε,
859 1456 1119 1521 φοὸούμενος
1136 1455 1196 1518 μὴ
1213 1453 1349 1509 τοξεύ-

81 1553 142 1591 ς
164 1531 290 1579 αὐτὸν
328 1530 556 1595 ἀποκτείνῃ
585 1530 873 1592 Μοσόλλαμος
908 1529 1132 1582 Ἰουδαῖος.
1167 1526 1348 1574 »Ἀλλὰ

99 1625 146 1651 ν
166 1602 244 1667 μὲν
268 1603 502 1651 Ἑκαταίου
521 1604 766 1668 μαρτυριῶν
794 1599 907 1654 ἅλις·
932 1602 1019 1654 τοῖς
1039 1599 1120 1664 γὰρ
1145 1598 1351 1662 βουλομέ-

87 1731 89 1734 ⁴
175 1675 311 1723 πλείω
348 1678 497 1738 μαθεῖν
533 1677 619 1720 τῶ
613 1672 786 1738 βιὸλίῳ
812 1671 953 1738 ῥάδιόν
987 1673 1098 1718 ἐστιν
1139 1673 1345 1734 ἐντυχεῖν.

34 1761 36 1768 ’
70 1763 116 1815 ¹2..
149 1751 263 1796 rima
281 1750 449 1794 horum
469 1749 698 1808 excerpsit
717 1747 940 1791 Eusebius
953 1748 1003 1790 P.
1020 1747 1077 1792 E.
1098 1761 1149 1806 p.
1172 1747 1264 1798 408
1281 1761 1349 1805 sq.

36 1655 94 1701 63}
64 1694 78 1698 'v

673 1875 748 1925 15.

36 1908 38 1922 ι
62 1893 97 1910 ⁸¹

36 1931 42 1958 ·.’
75 1926 85 1948 ξ’
102 1927 125 1956 Α,

66 1956 107 1989 ,ζ’ἱζ

76 2003 357 2094 Iosephus
377 2013 430 2062 C.
449 2015 623 2075 Apion.
645 2016 709 2070 II,
740 2018 805 2067 [ιε
833 2013 898 2060 06
921 2009 1005 2076 γὰρ
1025 2010 1184 2076 ἀπορίᾳ
1204 2030 1252 2074 γε
1266 2014 1349 2058 τῶν

124 2084 325 2134 σάντων
343 2083 419 2144 τὴν
437 2084 547 2149 μετὰ
561 2084 781 2143 σπουδης
766 2082 836 2130 υπ’
858 2085 988 2130 αὐτοῦ
1011 2082 1135 2130 πόλιν
1155 2083 1352 2145 κτιζομέ-

71 2152 130 2202 ³9³7*
170 2156 436 2223 Ἀλέξανδρος
450 2159 534 2204 τῶν
562 2154 781 2223 ἡμετέρων
802 2155 919 2210 τινὰς
945 2157 1031 2202 ἐκεῖ
1059 2154 1348 2221 συνήθροισεν·

43 2249 53 2292 ³,
94 2243 131 2274 ι
148 2230 178 2282 ἆ
199 2229 360 2284 πάντας
384 2228 623 2293 δοκιμάζων
645 2230 877 2291 ἐπιμελῶς,
905 2231 1057 2293 ἀρε-της
1076 2247 1148 2274 και
1169 2228 1352 2282 πίστεως

120 2317 141 2340 ι
154 2303 282 2357 οτοῖς
299 2301 574 2370 ἡμετέροις
534 2312 583 2350 το
601 2301 730 2366 γέρας
751 2301 922 2348 ἔδωκεν.
944 2301 1103 2360 Ετίμα
1123 2300 1206 2366 γὰρ
1227 2305 1350 2363 ἡμῶν

103 2356 128 2394 ³
153 2388 251 2436 ·ος,
265 2378 321 2430 ὥς
343 2375 418 2423 καί
437 2392 565 2442 φησιν
577 2373 807 2427 Ἑκαταῖος
825 2392 879 2421 πε
885 2373 1126 2439 ριὴμῶν,“
1101 2393 1165 2420 οτι
1179 2373 1248 2420 διὰ
1271 2374 1349 2431 τὴν

39 2567 42 2571 1
95 2526 133 2573 g»
152 2532 179 2551 ι
191 2515 323 2556 itione.
337 2517 404 2556 lta.
413 2526 519 2555 emm
537 2516 673 2554 narrat
688 2530 698 2554 ι
713 2530 733 2548 «
748 2518 880 2561 Quum
894 2513 1163 2564 proficiscerer
1182 2513 1231 2551 ad
1247 2523 1354 2552 mare

40 2621 46 2632 ¹
99 2574 150 2637 ζ’»ι
186 2592 260 2632 ιιι,
283 2592 363 2621 una
389 2592 483 2620 cum
499 2581 584 2620 aliis
601 2580 800 2630 equitibus
815 2578 977 2627 sudans,
995 2589 1097 2628 quos
1112 2578 1260 2617 itineris
1284 2577 1352 2616 ‹lu-

33 2638 47 2698 ,³
106 2646 408 2695 *habebamu8,
434 2656 538 2685 unus
555 2655 692 2685 eorum
723 2644 865 2694 aliquis
887 2643 1165 2690 comitabatur,
1198 2642 1356 2681 nomine

34 2708 57 2770 ,ι4
84 2706 166 2762 [ιιι
190 2710 342 2762 lamus,
370 2710 432 2749 vir
465 2717 590 2760 quum
620 2709 743 2748 animi
764 2706 1031 2757 magnitudine
1060 2707 1148 2744 tum
1181 2705 1356 2755 corporis

148 2796 154 2810 ·
192 2786 311 2816 ιιοιι
319 2775 484 2826 vulgari,
509 2774 694 2824 idemque
715 2772 936 2823 sagittarius
951 2771 1130 2810 omnium
1144 2772 1227 2810 tam
1250 2773 1357 2810 Grae—

79 2830 96 2850 *
148 2863 152 2872 ·
174 2858 193 2876 ι
221 2848 344 2892 quam
369 2840 628 2880 barbarorum
657 2838 900 2879 confessione
930 2835 1199 2887 peritissimus
1236 2838 1272 2875 ls
1290 2835 1355 2885 igi·

110 2902 294 2955 homo
329 2915 457 2955 quum
485 2905 670 2943 universa
700 2900 914 2942 multitudo
940 2901 1016 2939 iter
1053 2899 1150 2938 illud
1172 2901 1352 2949 agerent,

89 2964 233 3024 ᾖαῐοε
266 2969 475 3021 augurium
496 2971 658 3022 captans
682 2969 833 3020 peteret
859 2968 905 3007 ut
935 2967 1069 3006 cuncti
1091 2977 1268 3017 gressum
1291 2966 1350 3004 in·

110 3027 164 3068 '23
189 3035 275 3083 ···‚·t
300 3034 556 3085 interrogavit
592 3044 667 3072 cur
704 3031 977 3072 subsisterent.
1039 3034 1176 3077 Quum
1218 3031 1352 3070 autem

47 3138 50 3142 .
104 3103 107 3105 ’
135 3085 201 3102 ’
222 3099 259 3139 ei
280 3110 397 3140 avem
427 3099 680 3147 ostendisset,
700 3097 898 3147 simulque
925 3097 1113 3147 dixisset,
1134 3097 1166 3136 si
1195 3096 1355 3146 quidem

43 3156 52 3170 “’
106 3154 118 3202 ’Ϊ
135 3156 327 3203 =resideret
347 3163 453 3214 avis,
477 3162 663 3202 omnibus
682 3162 729 3201 ut
749 3171 796 3200 eo
823 3160 863 3199 in
892 3160 980 3200 loco
999 3163 1206 3200 manerent
1237 3170 1357 3209 expe·

43 3240 47 3248 ’
111 3271 121 3275 ,
152 3224 262 3273 <gain
294 3227 475 3278 protinus
493 3225 664 3266 volando
689 3223 966 3273 contenderet,
995 3235 1114 3274 porro
1150 3225 1357 3273 pergerent

39 3341 42 3345 Α
111 3284 350 3341 3³·quoque3
379 3290 440 3331 sin
471 3290 643 3340 denique
673 3291 780 3329 retro
795 3319 808 3340 ,
831 3291 936 3329 retro
955 3288 1136 3327 similiter
1162 3287 1235 3337 ipsi
1254 3287 1358 3326 redi-

33 3367 65 3407 ᾗ·
165 3355 350 3402 ,finiens
360 3355 622 3404 nihilcontm,
639 3355 709 3395 sed
721 3355 871 3394 intento
883 3365 978 3393 arcu
996 3353 1209 3404 jaculatur,
1222 3362 1358 3392 avem-

33 3443 50 3475 '.
161 3415 356 3477 confixam
368 3419 547 3471 peremit.
572 3421 647 3458 Hic
663 3420 809 3469 augure
834 3418 997 3468 aliisque
1015 3416 1214 3455 nonnullis
1228 3420 1358 3465 gravi-

47 3491 54 3545 ‚⁴
109 3482 121 3526 ’,
136 3477 448 3535 Ῐὶιίὓίςιιειιιῑίῑιιιε,
463 3485 615 3535 ipsique
645 3483 750 3524 diras
778 3481 1108 3533 imprecantibus,
1142 3480 1269 3529 Quid,
1298 3481 1358 3519 in-

46 3553 59 3587 ⁵.
87 3550 332 3603 &mh-sque
366 3546 466 3588 adeo
489 3548 633 3597 furitis,
657 3546 983 3587 infaustissimum
1008 3555 1123 3584 avem
1143 3544 1182 3582 in
1216 3554 1359 3582 manus

39 3658 50 3669 ⁷.
160 3626 212 3645 ι-ιι
275 3611 293 3649 ἲ
307 3610 508 3661 quomodo
523 3611 620 3660 ista,
637 3621 728 3661 quae
748 3611 841 3649 vitae
856 3609 942 3659 ipsa
957 3619 1040 3647 suae
1056 3607 1263 3657 providere
1279 3617 1359 3644 non

40 3690 46 3698 ’
96 3668 101 3683 ”
124 3691 129 3704 ⁴·
99 3667 538 3731 ”1;;8ιιιιὶιιιιίσιιιιαιιι
554 3676 604 3716 de
635 3677 817 3726 suscepto
834 3685 857 3714 a
873 3673 986 3713 nobis
1002 3673 1141 3712 itinere
1171 3681 1357 3721 praenun-

167 3734 345 3780 va·luiti’
359 3741 571 3781 Enimvero
585 3741 618 3781 si
634 3751 830 3791 praenosse
847 3740 1026 3779 futurum
1040 3736 1248 3788 potuisset,
1266 3746 1360 3774 nun·

107 3857 109 3860 .
182 3802 324 3851 inme
347 3805 390 3844 in
408 3805 542 3845 locum
571 3805 764 3854 venisset,
785 3814 867 3853 prae
880 3804 987 3843 metu
1002 3813 1051 3841 ne
1064 3800 1362 3841 MosollamiJu·

116 3904 130 3911 -
169 3872 176 3910 ζ
234 3873 245 3879 ··
256 3867 478 3908 iscontixa
506 3869 777 3908 moreretur.»
798 3869 949 3906 Verum
969 3864 1283 3905 testimoniorum
1311 3874 1360 3901 ex

126 3923 400 4003 gffaeosatis·
412 3942 523 3971 nam
535 3930 704 3982 quibus
694 3942 735 3970 m
751 3930 884 3970 animo
904 3931 963 3969 est
982 3929 1096 3979 plura
1114 3936 1360 3978 cognoscere,

178 3991 268 4033 eet
288 3993 461 4034 librum
450 4005 579 4045 ipsum
597 3994 720 4034 adire.

43 4115 58 4123 ³
94 4136 267 4199 eque
285 4128 506 4194 menander
534 4063 702 4183 propter3
712 4063 899 4183 5inopiam
925 4127 1193 4170 habitatorum
1221 4126 1360 4166 eivita-

45 4194 131 4236 ·-ι-ι

46 4243 98 4255 ι,

1178 202 1588 251 FRAGMENTA.

2598 223 2689 264 ³95

1415 309 1642 356 ἐπιείκειαν
1666 311 1738 357 καὶ
1760 311 1918 368 πίστιν,
1941 313 1992 370 ἢν
2014 315 2129 378 αὐτῷ
2149 316 2360 379 παρέσχον
2379 319 2587 377 Ἰουδαῖοι,
2610 321 2687 378 τὴν

1419 382 1684 445 Σαμαρεῖτιν
1701 379 1847 444 χώραν
1871 382 2131 445 προσέθηκεν
2157 385 2270 448 ἔχειν
2305 392 2443 444 αὐτοῖς
2478 392 2688 457 ἀφορολό-

1418 470 1562 514 γητον.

2023 564 2098 612 16.

1482 677 1708 735 Josephus
1731 680 1837 722 Ant.
1863 677 1972 721 Jud.
1999 679 2125 733 XII,
2153 693 2199 734 2,
2227 678 2271 722 3.
2299 681 2555 727 Demetrius
2577 685 2694 729 Plia-

1418 748 1566 791 tereus
1586 748 1633 790 in
1660 748 1852 806 epistola
1870 748 1929 792 ad
1948 749 2242 793 Ptolemaeum
2267 747 2613 808 Philadelphum
2637 754 2695 798 de

1418 818 1687 863 Judaeorum
1704 819 1832 863 libris
1854 818 2201 866 describendis.
2223 818 2315 875 Τὴν
2340 820 2584 878 νομοθεσίαν
2611 823 2694 883 (sc.

1418 891 1502 935 τῶν
1522 887 1770 953 Ἰουδαίων)
1794 889 2135 979 φιλοσοφωτέραν
2158 908 2232 936 και
2257 889 2452 979 ἀκέραιον
2470 883 2576 936 εἶναι
2599 911 2698 952 συμ-

1421 960 1625 1018 ὅέὸηκεν,
1659 980 1716 1014 ως
1753 960 1803 1007 ἂν
1842 980 1972 1009 ουσαν
2001 966 2110 1010 θεοῦ.
2181 961 2257 1010 Διὸ
2283 961 2356 1008 καὶ
2390 962 2484 1015 τοὺς
2521 962 2698 1018 ποιητὰς

1420 1051 1493 1078 και
1517 1051 1771 1098 συγγραφεις
1793 1035 1876 1079 τῶν
1913 1036 2108 1098 ἱστοριων
2133 1035 2210 1080 οὐκ
2236 1032 2549 1095 ἐπιμνησθῆναί
2575 1052 2699 1097 φησιν

1422 1104 1650 1159 Ἑκαταῖος
1673 1108 1694 1150 ὁ
1714 1104 1753 1152 Ἀ
1762 1105 1963 1170 ὅδηρίτης
1976 1143 1989 1168 ,
2009 1105 2102 1153 οὐδὲ
2128 1109 2211 1152 τῶν
2231 1105 2326 1153 κατ’
2347 1104 2479 1162 αὐτὴν
2503 1107 2696 1151 πολιτευ·

1422 1175 1619 1238 σαμένων
1652 1178 1834 1242 ἀνδρῶν,
1856 1179 1913 1231 ὡς
1939 1178 2070 1241 ἁγνῆς
2092 1177 2242 1235 οὔσης,
2272 1177 2343 1224 καὶ
2369 1175 2429 1236 μὴ
2454 1176 2544 1222 δέον
2571 1175 2701 1232 αὐτὴν

1425 1246 1620 1311 βεῧήλοις
1658 1247 1842 1309 στόμασι
1873 1248 2185 1313 διασαφεῖσθαι.
2257 1251 2365 1295 Haec
2400 1248 2626 1308 Josephus
2649 1264 2704 1292 ex

1424 1322 1603 1366 Aristea
1627 1322 1675 1364 in
1697 1322 1901 1366 Historia
1926 1319 2115 1366 LXXII
2133 1323 2439 1381 interpretum
2455 1354 2467 1375 ‚
2497 1321 2578 1364 ubi
2600 1321 2659 1364 ita
2688 1334 2701 1365 t

1427 1390 1505 1437 Διὸ
1524 1389 1673 1454 πόρρω
1700 1390 1923 1454 γεγόνασιν
1942 1389 2045 1438 οἵτε
2067 1397 2320 1455 συγγραφεῖς
2341 1391 2414 1437 καὶ
2437 1389 2612 1446 ποιηταὶ
2631 1388 2704 1435 καὶ

1424 1461 1472 1508 τὸ
1497 1464 1581 1508 τῶν
1601 1464 1826 1522 ἱστορικῶν
1845 1465 2003 1521 πλῆθος
2025 1465 2098 1520 τῆς
2117 1462 2383 1524 ἐπιμνήσεως
2402 1464 2485 1509 τῶν
2509 1479 2707 1527 προειρη-

1426 1532 1562 1594 μένων
1606 1532 1783 1597 βιὸλίων
1822 1534 1895 1581 καὶ
1936 1537 2019 1581 τῶν
2059 1533 2152 1581 κατ’
2192 1533 2302 1581 αὐτὰ
2337 1532 2704 1594 πεπολιτευμένων

1426 1606 1607 1670 ἀνδρῶν,
1631 1605 1699 1652 διὰ
1722 1606 1770 1653 τὸ
1791 1606 1924 1669 ἁγνήν
1945 1626 2039 1653 τινα
2055 1605 2129 1653 καὶ
2147 1607 2306 1668 σεμνὴν
2327 1598 2433 1652 εἶναι
2453 1605 2528 1663 τὴν
2548 1609 2588 1653 ἐν
2610 1604 2704 1652 τού·

1425 1695 1510 1730 τοις
1533 1677 1726 1742 θεωρίαν,
1750 1677 1806 1732 ὥς
1840 1697 1967 1743 φησιν
1991 1677 2220 1732 Ἑκαταῖος
2257 1681 2280 1724 ὁ
2303 1677 2571 1743 Ἀὃδηρίτης.
2639 1681 2704 1724 Ex

1425 1751 1628 1812 Josepho
1651 1768 1730 1797 sua
1754 1753 1894 1797 habet
1907 1754 2128 1798 Eusebius
2150 1755 2202 1799 P.
2225 1754 2280 1798 E.
2302 1768 2351 1812 p.
2378 1750 2463 1796 351
2483 1786 2495 1807 ,
2522 1753 2573 1797 C.

2030 1875 2047 1903 1
2060 1874 2103 1916 7.

1806 1970 1982 2032 (ΠΕΡΙ
2022 1966 2341 2029 ΑΒΡΑΜΟΥ.)

1493 2088 1718 2147 ,Iosephus
1742 2088 1850 2131 Ant.
1877 2086 1985 2132 Jud.
2010 2089 2056 2142 Ι,
2085 2103 2130 2143 7,
2167 2102 2193 2130 2
2233 2102 2244 2130 :
2273 2083 2542 2144 Μνημονεύει
2568 2081 2611 2128 δὲ
2635 2086 2707 2129 τοῦ

1427 2157 1586 2222 πατρὸς
1623 2160 1745 2219 ἡμῶν
1778 2154 1993 2221 Ἀὅράμου
2040 2155 2325 2221 Βηρωσσὸς...
2397 2155 2628 2207 Ἑκαταῖος
2664 2154 2707 2200 δὲ

1431 2228 1504 2277 καὶ
1528 2234 1601 2276 τοῦ
1629 2232 1868 2292 μνησθῆναι
1905 2227 2033 2275 πλέον
2057 2248 2099 2275 τι
2135 2228 2394 2284 πεποίηκεν·
2426 2226 2588 2290 βιὸλίον
2623 2224 2706 2291 γὰρ

1428 2302 1524 2365 περὶ
1549 2303 1678 2348 αὐτοῦ
1715 2299 2024 2363 συνταξάμενος
2051 2299 2271 2347 κατέλιπε.
2299 2302 2543 2360 Exscripsit
2563 2302 2704 2343 Euse-

1427 2377 1530 2420 bius
1548 2378 1599 2421 P.
1627 2377 1677 2420 E.
1698 2391 1746 2434 p.
1774 2380 1885 2431 417.

1429 2513 1479 2551 tis
1512 2511 1780 2560 Alexandriae,
1820 2505 1940 2560 qu'am
1981 2509 2155 2549 studiose
2197 2508 2417 2548 aediticabat
2435 2536 2446 2555 ,
2486 2509 2706 2546 nostrorum

1429 2576 1581 2625 aliquot
1598 2576 1679 2614 illic
1701 2574 1971 2624 congregavit3
1989 2573 2056 2612 sed
2083 2583 2219 2611 ornnes
2237 2571 2442 2622 probitatis
2461 2582 2552 2620 ergo
2572 2572 2611 2609 et
2628 2569 2705 2608 tide

1429 2641 1552 2691 probe
1562 2641 1786 2691 perspectos
1798 2641 1837 2678 et
1849 2639 2072 2688 exploratos
2087 2638 2248 2687 liabens,
2264 2637 2338 2675 hoc
2351 2636 2557 2686 praemium
2570 2635 2713 2674 nostris

1430 2704 1579 2744 tribuit.
1632 2696 1813 2743 Nostram
1849 2702 1954 2741 enim
1987 2703 2143 2751 gentem
2174 2699 2415 2747 honorabat,
2446 2702 2492 2738 ut
2518 2699 2636 2738 etiam
2663 2697 2712 2736 de

1430 2768 1543 2807 nobis
1554 2767 1650 2807 dicit
1662 2768 1883 2815 Hecataeus,
1900 2764 2007 2815 quod
2022 2766 2181 2815 propter
2194 2763 2427 2813 probitatem
2442 2764 2561 2811 atque
2577 2761 2710 2809 fidem,

1431 2843 1550 2882 quam
1571 2831 1605 2870 ei
1623 2831 1824 2881 praebuere
1843 2829 1992 2878 Judaei,
2020 2828 2220 2879 regionem
2240 2825 2513 2867 samaritidem
2536 2824 2587 2863 ab
2604 2825 2710 2863 omni

1430 2897 1582 2937 tributo
1597 2895 1763 2935 liberam
1779 2895 1829 2934 ab
1848 2894 1897 2934 iis
1915 2893 2039 2933 teneri
2062 2891 2245 2932 voluerit.

2035 2976 2107 3016 16.

1476 3061 1536 3099 lta
1557 3059 1784 3109 comparata
1810 3059 1869 3097 est
1892 3054 2123 3096 Judaeorum
2155 3053 2342 3104 legislatio
2358 3082 2369 3101 ,
2406 3054 2452 3091 ut
2476 3051 2624 3090 altioris
2641 3061 2713 3089 cu-

1432 3123 1589 3173 iusdam
1610 3122 1813 3172 sapientiae
1840 3122 1881 3160 et
1898 3120 2062 3159 sincerae
2089 3117 2321 3167 integritatis
2343 3116 2458 3166 plena
2480 3115 2552 3163 sit,
2576 3116 2711 3163 utpote

1433 3198 1455 3226 a
1471 3186 1545 3226 deo
1576 3186 1762 3237 prosecta.
1819 3187 1953 3230 Quare
1973 3193 2047 3221 nec
2072 3184 2199 3231 poetae
2224 3191 2297 3219 nec
2318 3179 2387 3229 qui
2414 3178 2594 3217 historias
2615 3188 2712 3216 cou-

1431 3250 1640 3301 scripsere,
1661 3251 1744 3299 ejus
1755 3248 2034 3296 meminerunt,
2049 3243 2383 3297 quemadmodum
2404 3244 2611 3282 Hecataeus
2635 3239 2712 3283 Ab·

1432 3316 1558 3355 derita
1576 3317 1757 3364 testatur,
1773 3314 1951 3362 adeoque
1970 3322 2043 3351 nee
2058 3311 2264 3350 hominum
2281 3309 2440 3348 illorum
2453 3337 2464 3355 ‚
2482 3307 2614 3357 quiex
2631 3305 2714 3353 ejus

1434 3379 1642 3429 praeceptis
1660 3378 1782 3416 vitam
1805 3376 2085 3424 instituerunt,
2106 3373 2212 3424 quod
2232 3375 2366 3413 sancta
2382 3372 2481 3410 esset
2496 3373 2535 3409 et
2552 3369 2713 3419 protano

1438 3453 1506 3482 ore
1522 3441 1664 3492 exponi
1680 3451 1758 3480 non
1774 3440 1987 3490 oporteret.

1484 3506 1586 3546 Hinc
1607 3517 1729 3556 quum
1748 3504 1813 3543 alii
1828 3504 2037 3553 scriptores
2051 3503 2091 3542 et
2110 3503 2237 3552 poetoe
2250 3531 2261 3551 ,
2285 3503 2371 3540 tum
2391 3497 2563 3538 historici
2578 3505 2713 3534 omnes

1434 3570 1706 3609 abstinuerunt
1726 3579 1749 3607 a
1776 3570 1975 3608 mentione
1995 3571 2036 3607 et
2058 3567 2247 3606 librorum
2268 3565 2431 3605 istorum
2458 3565 2499 3601 et
2517 3561 2709 3605 virorum,

1434 3636 1502 3685 qui
1518 3634 1731 3674 secundum
1750 3635 1850 3684 leges
1877 3634 1948 3673 lias
1973 3632 2246 3672 administrant
2262 3627 2543 3679 rempublicam
2562 3641 2571 3663 ε
2589 3623 2707 3673 quia,

1436 3703 1482 3739 ut
1523 3702 1729 3740 Hecataeus
1762 3699 1947 3739 Abderita
1975 3698 2134 3747 asserit,
2174 3697 2290 3747 plane
2321 3695 2494 3734 sanctam
2523 3692 2563 3729 et
2598 3697 2709 3726 vene·

1435 3763 1599 3803 rendam
1635 3763 1863 3802 contineant
1896 3762 1935 3802 in
1976 3773 2019 3802 se
2060 3760 2294 3801 sententiam
2334 3758 2375 3796 et
2414 3749 2709 3801 contemplatio·

1436 3839 1541 3868 uem.

2040 3913 2108 3953 17.

1488 3999 1654 4038 Berosus
1671 3995 1828 4036 Abrami
1841 3995 2012 4046 parentis
2033 3992 2152 4032 nostri
2170 3988 2356 4030 meminit.
2381 3985 2587 4024 Hecataeus
2613 3991 2704 4019 vero

1437 4061 1521 4110 ejus
1555 4072 1634 4100 non
1655 4060 1782 4100 obiter
1817 4061 1973 4101 tantum
1994 4055 2192 4103 meminit,
2215 4051 2282 4092 sed
2311 4050 2454 4090 tibrum
2484 4045 2535 4085 de
2552 4056 2599 4085 eo
2618 4053 2706 4084 oon·

1437 4124 1624 4177 scriptum
1645 4123 1813 4176 reliquit.
