3060 4634
816 265 1139 313 EXCERPTA
1181 266 1263 313 EX
1300 266 1598 314 HISTORIA
1639 270 1896 318 DlODORl
1938 273 2157 323 leULt.

93 360 119 418 ’ἶ-
165 375 250 424 At&
269 375 352 440 γὰρ
379 381 451 424 τοῦ
476 374 632 428 πάθους
651 373 728 430 τὴν
751 372 991 437 ὑπερὸολὴν
1008 373 1081 420 καὶ
1099 373 1176 430 τὴν
1198 376 1246 420 ἐκ
1265 377 1339 431 τῆς
1359 377 1451 420 ἐπι-

166 447 294 505 ὅολῆς
328 451 696 495 ἐπακολουθοῦσαν
732 445 956 508 αἰσχύνην,
982 446 1192 509 ἐξετράπη
1218 446 1323 510 πρὸς
1355 448 1450 493 δια-

85 517 106 525 ⁵*
165 519 393 582 λογισμοὺς
403 517 702 583 παιδαριώδεις
724 518 796 564 καὶ
815 518 975 574 πολλῆς
999 516 1236 582 ἀφροσύνης
1253 516 1451 579 μεστούς.

169 591 262 655 Πρὸ
281 592 510 655 ὀφθαλμῶν
529 588 609 652 γὰρ
626 588 862 651 λαμὸάνων
879 589 950 636 τὸν
976 589 1176 650 ἐσόμενον
1200 593 1273 646 τῆς
1293 589 1454 652 ἐρωμέ·

47 667 51 674 ’
74 656 104 707 ’ᾗ
165 682 240 720 νης
257 659 567 726 διαχωρισμὸν,
584 667 669 713 τοῖς
691 658 767 722 μὲν
793 662 1021 707 ἀπαιτοῦσι
1033 658 1110 718 τὴν
1125 660 1254 717 τιμὴν
1280 659 1453 707 ἀνέλπι-

165 753 262 781 στον
287 732 516 788 ἐπιδουλὴν
542 732 831 788 συνεστήσατο
852 733 921 794 (9).
939 733 988 758 *⁴²

229 807 404 854 XXXI.
422 803 471 829 *¹⁴
487 804 664 870 ἐφρόνει·
683 807 739 857 ὡς
755 803 799 851 δὲ
819 804 934 863 ἔνιοι,
954 802 1019 852 ὅτι
1039 804 1150 851 κατὰ
1167 804 1373 861 διαθήκην
1395 806 1454 867 τῷ

165 878 295 943 ἑτέρῳ
312 879 388 942 υἱῷ
409 875 463 922 τὰ
479 875 612 922 πλείω
629 875 830 923 κατέλιπε
846 879 922 934 τ’ἥς
941 876 1103 936 οὐσίας,
1118 883 1204 930 τοῖς
1220 875 1454 928 ὅλοιςέκιν-

165 948 358 1009 δύνευσεν
374 967 383 978 ·
411 951 434 995 6
456 946 538 1012 γὰρ
558 947 776 1002 νεανίσκος
792 947 931 1013 τόλμῃ
953 949 1026 995 καὶ
1049 947 1282 1013 προπετείᾳ
1306 946 1453 1010 διαφέ-

37 1023 39 1047 ³
104 1036 112 1044 ·
165 1041 278 1086 ρων,
320 1019 590 1084 περιθέμενος
625 1019 816 1080 διάδημα
847 1020 920 1066 καὶ
970 1019 1149 1084 βασιλέα
1192 1017 1454 1067 Μακεδόνων

163 1093 311 1142 ἑαυτὸν
336 1091 581 1150 ἀναδείξας,
601 1092 838 1156 παρεκάλει
854 1091 1036 1145 πολλοὺς
1061 1090 1322 1156 ἀφίστασθαι
1341 1089 1454 1138 Ῥω-

32 1219 35 1222 ,
132 1187 135 1190 ·
164 1164 306 1228 μαίων
345 1164 419 1211 καὶ
465 1162 544 1221 τὴν
579 1162 952 1227 προγεγενημένην
988 1161 1238 1212 Μακεδόσιν
1274 1160 1454 1226 πάτριον

59 1232 61 1235 V
111 1246 124 1249 ²
168 1235 388 1302 βασιλείαν
406 1237 691 1283 ἀνακτᾶσθαι.

763 1236 945 1283 Πολλῶν
971 1236 1015 1282 δὲ
1041 1232 1375 1298 συντρεχόντων,
1400 1236 1455 1287 ὡς

163 1308 360 1373 ἁρπαγῆς
389 1307 616 1369 ἐσομένης,
652 1310 674 1354 6
711 1307 753 1354 δὲ
790 1307 1049 1363 Ἐξήκεστος
1085 1306 1327 1370 ἀγωνιάσας
1361 1305 1454 1359 ἐξέ-

164 1381 308 1446 πεμψέ
321 1399 416 1426 τινα
437 1379 507 1426 τὸν
524 1373 845 1445 διασαφήσοντα
867 1379 1029 1443 Γεντίῳ
1049 1382 1110 1444 τῷ
1131 1380 1359 1442 στρατηγῷ
1377 1378 1452 1435 τὴν

163 1452 262 1518 περὶ
285 1451 354 1499 τὸν
376 1452 462 1499 υἱὸν
489 1451 709 1501 ἀπόνοιαν.
749 1449 1030 1514 Διεπέμψατο
1048 1448 1091 1496 δὲ
1112 1450 1224 1513 [καὶ]
1245 1450 1348 1514 πρὸς
1374 1449 1453 1498 Κό-

163 1544 236 1572 τυν
258 1525 306 1587 (ι)
329 1524 400 1571 τὸν
420 1523 599 1588 βασιλέα
618 1525 825 1588 Θρᾳκῶν,
849 1523 975 1578 ἀξιῶν
994 1522 1361 1587 μεταπέμψασθαι
1381 1523 1453 1570 τὸν

163 1595 396 1652 νεανίσκον,
418 1596 491 1642 καὶ
514 1597 661 1642 πεῖσαι
679 1599 753 1652 τῆς
773 1594 976 1652 ἐπιὸολῆς
997 1598 1256 1652 ἀποστῆναι.
1329 1593 1384 1643 Ὁ
1407 1595 1450 1641 δὲ

163 1667 274 1734 ἔχων
309 1667 451 1732 φιλίαν
490 1667 593 1730 πρὸς
635 1666 832 1731 Εὖφήνην
868 1664 1175 1731 μετεπέμψατο
1203 1665 1346 1724 αὐτὸν,
1378 1666 1451 1713 καὶ

162 1739 514 1805 παρακατασχὼν
540 1739 702 1803 ἡμέρας
725 1739 840 1792 τινὰς
864 1738 1087 1803 παρέδωκε
1112 1742 1173 1803 τῷ
1193 1737 1345 1803 πατρί·
1376 1738 1451 1785 καὶ

164 1810 354 1868 ἀπελύθη
378 1814 461 1857 τῶν
487 1810 714 1857 διαὸολῶν.
1152 1857 1156 1861 ,
1342 1874 1368 1885 ..-

227 1881 568 1933 ΧΧΧ11.“Οτιὸ
584 1882 819 1947 Σερτώριος
832 1885 997 1947 θεωρῶν
1013 1881 1308 1946 ἀκατάσχετον
1321 1886 1450 1929 οὖσαν

163 1953 238 2012 τὴν
268 1953 402 2019 ὁρμὴν
429 1957 511 2002 τῶν
547 1953 764 2018 ἐγχωρίων
786 1955 863 2017 (1),
886 1957 1048 2017 πικρῶς
1077 1955 1128 2017 (2)
1167 1953 1454 2019 προσεφέρετο

165 2031 252 2081 τοῖς
277 2026 539 2090 συμμάχοις,
560 2027 633 2073 καὶ
658 2024 754 2080 τοὺς
773 2026 849 2088 μὲν
867 2025 1230 2086 καταιτιωμένους
1255 2026 1452 2073 ἀπέκτει-

164 2118 250 2159 νεν,
273 2097 367 2152 τοὺς
394 2097 438 2145 δὲ
462 2101 518 2152 εἷς
536 2097 729 2163 φυλακὴν
749 2097 998 2161 παρεδίδου,
1026 2101 1109 2144 τῶν
1132 2098 1175 2145 δὲ
1201 2098 1454 2164 εὐπορωτά-

164 2191 246 2218 των
267 2170 447 2231 ἐδήμευε
465 2171 540 2225 τὰς
570 2170 736 2228 οὐσίας,
757 2169 890 2218 πολὺν
924 2170 967 2218 δὲ
997 2170 1177 2236 ἄργυρον
1199 2172 1271 2217 καὶ
1294 2172 1451 2236 χρυσὸν

165 2242 378 2308 ἀθροίσας,
397 2245 471 2290 οὐκ
489 2245 545 2297 εἷς
561 2242 607 2290 τὸ
627 2243 763 2290 κοινὸν
781 2247 855 2289 τοῦ
874 2243 1065 2306 πολέμου
1082 2245 1273 2306 ταμιεῖον
1289 2244 1454 2291 κατετί·

165 2319 260 2362 θετο
274 2351 286 2372 ,
327 2307 421 2362 ἀλλ’
458 2316 547 2380 ἷδίᾳ
586 2313 878 2379 ἐθησαύριζενὴ
915 2314 1011 2362 οὔτε
1046 2321 1134 2367 τοῖς
1170 2315 1454 2376 στρατιώταις

166 2386 361 2451 ἐχορήγει
385 2385 460 2439 τὰς
476 2386 776 2451 μισθοφορίας,
804 2386 898 2434 οὔτε
922 2388 1007 2440 τοῖς
1029 2386 1211 2449 ἡγεμόσι
1234 2387 1452 2448 μετεδίδου

167 2457 344 2515 τούτων,
365 2456 461 2504 οὔτε
480 2457 556 2510 τὰς
575 2457 808 2522 κεφαλικὰς
831 2457 988 2520 κρίσεις
1005 2457 1114 2519 μετὰ
1143 2457 1359 2522 συνεδρίου
1379 2459 1453 2505 καὶ

167 2527 422 2587 συμὸούλων
451 2528 500 2591 (3)
522 2531 730 2589 ἐποιεῖτο,
756 2529 962 2577 διακούων
988 2529 1032 2576 δὲ
1057 2529 1144 2595 ἰδία
1168 2528 1240 2575 καὶ
1259 2549 1452 2595 μονοκρι-

167 2599 243 2657 τὴν
269 2599 416 2647 ἑαυτὸν
438 2600 659 2656 ἀποδείξας
680 2603 860 2649 ἐποιεῖτο
882 2601 956 2655 τὰς
985 2602 1233 2666 ἀποφάσεις·
1254 2600 1311 2655 εἴς
1333 2621 1378 2648 τε
1399 2602 1453 2649 τὰ

169 2670 396 2718 σύνδειπνα
413 2671 508 2726 τοὺς
520 2671 731 2735 ἡγεμόνας
747 2674 823 2720 οὐκ
838 2672 956 2730 ἠξίου
969 2672 1344 2738 παραλαμὸάνειν,
1358 2674 1452 2721 οὐδὲ

167 2742 482 2808 φιλανθρωπίας
500 2745 699 2806 οὐδεμιᾶς
719 2744 936 2807 μετεδίδου
950 2746 1035 2798 τοῖς
1045 2745 1195 2810 φίλοις,
1212 2745 1394 2792 καθόλου
1407 2746 1450 2792 δὲ

167 2814 238 2862 διὰ
258 2813 336 2872 τὴν
357 2814 429 2862 ἐπὶ
448 2814 495 2862 τὸ
516 2819 660 2881 χεῖρον
684 2818 872 2864 ἐπίδοσιν
891 2821 967 2874 τῆς
989 2818 1087 2881 περὶ
1109 2817 1234 2864 αὐτὸν
1262 2816 1452 2872 ἐξουσίας

167 2887 470 2950 ἀποθηριωθεὶς
485 2892 744 2952 τυραννικῶς
758 2889 915 2936 ἅπασιν
932 2889 1234 2954 προσεφέρετο.
1253 2891 1342 2938 Καὶ
1356 2892 1448 2952 ἐμι-

168 2958 276 3016 σήθη
290 2957 367 3020 μὲν
383 2959 466 3006 ὑπὸ
484 2963 557 3007 τοῦ
575 2960 783 3020 πλήθους,
807 2961 1093 3019 ἐπεὸουλεύθη
1117 2961 1160 3010 δὲ
1179 2963 1261 3010 ὑπὸ
1277 2966 1362 3009 τῶν
1382 2964 1450 3028 φί-

165 3031 264 3078 λων.
289 3030 345 3079 ‘H
380 3031 424 3078 δὲ
460 3031 671 3095 ἀναίρεσις
704 3035 834 3080 αὐτοῦ
871 3034 1146 3093 συνετελέσθη
1187 3036 1335 3101 τοιῷδέ
1370 3055 1452 3082 τινι

166 3101 328 3168 τρόπῳ.
351 3105 451 3151 Τῶν
467 3103 687 3166 ἡγεμόνων
707 3108 744 3152 οἱ
763 3105 961 3169 μέγιστον
974 3106 1142 3171 ἔχοντες
1153 3107 1334 3170 ἀξίωμα,
1347 3110 1453 3172 Περ-

167 3171 318 3228 πέννας
337 3175 410 3222 καὶ
425 3175 678 3240 Ταρκύνιος,
696 3178 1070 3243 συμφρονήσαντες
1091 3181 1304 3254 ἀλλήλοις,
1325 3179 1454 3244 ἔγνω-

169 3262 247 3291 σαν
265 3249 320 3299 ὡς
336 3245 535 3311 τύραννον
549 3246 650 3295 ὄντα
663 3249 733 3296 τὸν
750 3249 988 3314 Σερτώριον
1003 3252 1183 3299 ἀνελεῖν.
1256 3252 1453 3317 Προστά·

167 3335 242 3373 της
258 3315 302 3363 δὲ
316 3321 390 3375 τῆς
409 3318 637 3378 ἐπιὸουλῆς
653 3321 830 3384 αἱρεθεὶς
847 3326 868 3369 6
890 3322 1139 3387 Περπέννας
1160 3323 1360 3371 ἐκάλεσεν
1382 3324 1452 3371 ἐπὶ

2671 298 2809 333 xxnt

1527 386 1593 414 sus
1619 379 1691 415 est.
1746 380 1845 416 Nam
1876 380 2042 419 affectus
2078 389 2351 432 exsuperantia
2376 389 2580 439 pudorque
2613 392 2810 444 inceptum

1526 467 1760 508 subsecutus
1772 469 1811 508 in
1833 470 2087 520 cogitationes
2106 476 2247 513 avertit
2265 478 2432 524 pueriles
2448 482 2661 531 multaeque
2677 486 2813 534 plenas

1527 557 1782 608 desipientiae.
1816 562 1970 601 Etenim
2011 565 2103 603 aute
2135 566 2271 604 oculos
2302 567 2374 605 sibi
2403 580 2551 618 ponens
2602 574 2811 617 instantem

1527 650 1670 698 puellae
1691 652 1834 692 amatae
1863 652 2103 703 discessum,
2131 655 2345 705 insperatas
2375 661 2542 707 pretium
2568 664 2812 714 exigentibus

1527 742 1673 780 struxit
1686 742 1907 782 insidias.**

1578 815 1720 853 XXXI.
1743 815 1785 835 **
1808 817 2026 866 cogitabam
2044 818 2159 858 sicuti
2182 830 2277 859 vero
2297 823 2473 861 nonnulli
2492 825 2689 875 referunt,
2721 841 2813 878 pro-

1529 893 1662 941 pterea
1677 893 1782 942 quod
1796 895 1909 934 alteri
1923 896 2002 935 tilio
2012 897 2199 946 majorem
2214 897 2407 939 bonorum
2418 904 2568 950 partem
2581 906 2813 947 testamento

1527 969 1747 1021 legaverat,
1764 973 1863 1012 totis
1875 975 2116 1024 periclitatus
2137 978 2209 1016 est.
2265 981 2365 1018 Nam
2378 981 2556 1030 Juvenis,
2574 984 2641 1032 qui
2659 984 2815 1035 insignis

1528 1051 1612 1089 erat
1639 1051 1815 1091 audaciae
1836 1055 1874 1093 et
1890 1055 2146 1106 temeritatis,
2166 1061 2368 1109 assumpto
2385 1060 2608 1101 diademate
2629 1075 2754 1113 regem
2775 1077 2816 1105 se

1529 1131 1771 1171 Macedoniae
1789 1132 1996 1174 declarans
2014 1136 2309 1177 multitudinem
2322 1140 2606 1181 exhortabatur
2620 1173 2631 1191 ,
2650 1147 2694 1183 ut
2707 1156 2729 1182 a
2743 1147 2816 1184 Ro·

1528 1211 1652 1250 manis
1671 1211 1904 1262 deficerent,
1924 1216 2216 1267 pristinumque
2245 1229 2409 1268 regnum
2439 1221 2634 1270 majorum
2653 1234 2813 1263 suorum

1527 1299 1758 1338 recuperare
1771 1292 1983 1331 tentarent.
2038 1294 2251 1344 Multisque
2266 1306 2334 1346 spe
2350 1298 2496 1347 rapinae
2513 1299 2814 1351 confluentibus,

1528 1365 1725 1414 trepidans
1749 1369 1960 1407 Execestus
1984 1368 2035 1407 ad
2062 1371 2250 1410 Gentium
2267 1373 2521 1421 (Genucium
2532 1376 2578 1425 κ’)
2606 1380 2813 1426 praetorem

1527 1437 1684 1487 legavit,
1701 1439 1769 1488 qui
1790 1438 1839 1478 de
1855 1439 1925 1479 filii
1941 1441 2044 1480 ausis
2063 1442 2207 1482 insanis
2227 1444 2434 1484 certiorem
2454 1445 2609 1488 faceret.
2628 1451 2749 1490 Porro
2765 1453 2815 1490 ad

1527 1515 1655 1564 Cotyn
1673 1515 1868 1556 Thracum
1887 1529 2016 1568 regem
2033 1519 2138 1559 misit
2151 1522 2286 1571 petens
2306 1525 2348 1562 ut
2365 1523 2554 1572 juvenem
2570 1527 2619 1566 ad
2631 1539 2673 1567 se
2689 1540 2816 1569 arces·

1526 1589 1644 1655 seret,
1662 1588 1777 1638 eique
1792 1590 2044 1639 persuaderet
2058 1594 2136 1631 uta
2149 1595 2288 1644 coeptis
2303 1595 2520 1637 desisteret.
2541 1602 2662 1650 Cotys
2682 1601 2814 1651 igitur,

1525 1660 1700 1700 amicitia
1717 1662 1919 1712 Euphenae
1932 1663 2095 1713 junctus
2106 1695 2116 1713 ,
2141 1668 2341 1707 arcessivit
2357 1680 2540 1720 puerum,
2554 1675 2593 1711 et
2606 1676 2813 1723 postquam

1525 1748 1592 1787 per
1612 1737 1695 1786 dies
1721 1739 1872 1789 aliquot
1888 1740 1927 1779 in
1956 1740 2075 1780 domo
2093 1753 2162 1781 sua
2183 1742 2420 1793 detinuerat,
2440 1746 2539 1795 patri
2556 1749 2733 1798 tradidit,
2747 1751 2812 1799 qui

1523 1810 1579 1848 ita
1596 1811 1869 1852 criminatione
1890 1815 2100 1863 exemptus
2116 1817 2188 1855 est.

1576 1886 1736 1925 XXXll.
1762 1885 2088 1927 Animadvertens
2106 1889 2301 1928 Sertorius
2323 1883 2512 1939 impetum
2544 1892 2812 1944 indigenarum

1527 1978 1604 2006 non
1632 1979 1744 2017 posse
1766 1968 1965 2018 cohiberi,
1997 1971 2123 2010 multa
2141 1982 2231 2010 cum
2253 1974 2464 2013 severitate
2495 1976 2621 2014 socios
2647 1979 2817 2016 tractare

1526 2051 1658 2100 coepit.
1714 2051 1953 2091 Criminibus
1969 2053 2163 2092 obnoxios
2179 2054 2275 2093 alios
2291 2055 2551 2095 interficiebat
2563 2089 2573 2107 ‚
2588 2058 2685 2097 alios
2696 2057 2818 2098 dabat

1526 2142 1564 2179 in
1582 2141 1825 2190 custodiam;
1862 2142 2144 2182 ditissimorum
2176 2144 2278 2183 bona
2300 2145 2552 2196 publicabat;
2575 2130 2729 2187 collecti
2750 2159 2815 2187 ar·

1525 2225 1629 2274 genti
1652 2227 1690 2264 et
1710 2225 1796 2264 auri
1814 2227 1893 2265 vim
1917 2237 2102 2276 magnam
2128 2238 2207 2266 non
2229 2228 2268 2266 in
2298 2229 2502 2278 publicum
2522 2229 2612 2268 belli
2632 2231 2816 2269 aerarium

1525 2310 1771 2360 deponebat,
1786 2310 1854 2350 sed
1870 2321 1960 2350 suos
1973 2311 2012 2349 in
2031 2321 2123 2350 usus
2136 2312 2416 2361 convertebat;
2435 2324 2507 2351 nec
2528 2314 2719 2354 militibus
2731 2325 2816 2354 ero·

1524 2389 1640 2438 gabat
1663 2390 1853 2440 stipendia
1869 2421 1879 2438 ‚
1905 2402 2033 2440 neque
2054 2392 2222 2432 ducibus
2242 2404 2361 2442 opum
2383 2395 2536 2443 copiam
2563 2393 2750 2443 faciebat;
2775 2395 2815 2433 in

1525 2483 1663 2511 causas
1679 2473 1866 2522 capitales
1880 2485 1959 2512 non
1979 2475 2018 2513 in
2035 2474 2216 2524 synedrio
2238 2486 2328 2514 cum
2349 2477 2619 2527 senatoribus,
2639 2479 2706 2518 sed
2734 2480 2816 2530 pri-

1523 2565 1647 2604 vatim
1667 2565 1912 2616 inquirebat,
1933 2568 1972 2604 et
1999 2567 2107 2606 solus
2130 2578 2232 2606 unus
2250 2568 2388 2607 sedens
2405 2569 2528 2617 judex
2555 2569 2709 2610 dicebat
2725 2582 2816 2610 sen-

1523 2645 1710 2694 tentiam3
1728 2623 1843 2694 porro
1870 2646 1920 2684 ad
1949 2646 2129 2685 convivia
2144 2647 2266 2687 duces
2296 2647 2482 2688 adhibere
2507 2649 2814 2699 dedignabatur,

1525 2737 1652 2776 neque
1682 2727 1808 2766 ullum
1840 2727 2096 2767 humanitatis
2133 2729 2309 2768 officium
2333 2731 2469 2770 amicis
2499 2732 2734 2781 praestabat;
2766 2744 2813 2771 ac

1524 2813 1686 2851 omnino
1707 2812 1892 2870 efferatus
1910 2823 1957 2852 eo
1980 2813 2087 2862 quod
2110 2814 2150 2852 in
2170 2814 2282 2864 pejus
2304 2826 2463 2866 vergere
2484 2828 2546 2856 res
2575 2817 2659 2867 ejus
2685 2828 2815 2869 coepe-

1524 2900 1633 2946 rant,
1650 2899 1806 2949 tyranni
1819 2899 1858 2937 in
1875 2899 2037 2938 modum
2053 2911 2142 2950 erga
2161 2911 2297 2940 omnes
2312 2912 2353 2941 se
2372 2902 2542 2952 gerebat.
2559 2906 2692 2949 Quare
2710 2906 2815 2955 apud

1524 2986 1820 3026 multitudinem
1849 2986 1890 3025 in
1917 2986 2008 3025 odio
2027 2988 2133 3034 erat,
2151 2987 2201 3026 ab
2220 2987 2356 3025 amicis
2378 2998 2472 3026 vero
2491 2987 2640 3028 insidiis
2660 2989 2817 3038 peteba-

1524 3074 1603 3111 tur.
1659 3072 1797 3112 Caedes
1809 3072 1893 3121 ejus
1908 3073 2085 3111 confecta
2102 3075 2161 3112 est
2179 3073 2285 3111 hunc
2302 3071 2340 3111 in
2357 3073 2536 3111 modum.
2593 3077 2816 3124 Perpennas

1525 3160 1563 3197 et
1587 3158 1850 3208 Tarquinius,
1872 3159 1940 3208 qui
1971 3159 2183 3208 plurimum
2214 3159 2315 3197 inter
2342 3158 2464 3198 duces
2488 3161 2684 3208 poterant,
2718 3170 2814 3199 cona

1525 3245 1716 3295 spirantes
1744 3245 1961 3284 Sertorium
1988 3245 2125 3294 utpote
2145 3246 2359 3293 tyrannum
2387 3226 2703 3284 interficiendum
2734 3256 2816 3284 esse

1525 3331 1804 3370 decreverunt.
1840 3329 2112 3379 Exsequendis
2142 3329 2315 3368 consiliis
2355 3330 2562 3379 praefectus
2595 3333 2815 3380 Perpennas

176 3454 443 3507 ἀπαιτοῦντας,
461 3459 586 3509 ἑαυτῷ
603 3459 642 3498 δὲ
656 3462 892 3511 μοναρχικήν
909 3462 1084 3506 ἐξουσίαν
1103 3463 1314 3513 περιέθηκε.
1336 3462 1550 3512 Sequentia
1562 3461 1669 3512 aput}
1694 3461 1822 3512 ipsum
1846 3461 2032 3500 Photium
2056 3461 2173 3510 legas.
2196 3484 2247 3491 —
2263 3463 2300 3499 8.
2318 3475 2346 3498 π
2357 3474 2380 3498 α
2391 3475 2410 3510 ρ
2422 3462 2538 3510 αλογ
2552 3476 2583 3499 ω
2594 3475 2613 3499 τ
2627 3460 2740 3511 άτῃ]
2760 3461 2815 3500 sic

172 3512 356 3565 l³l10tius;
374 3517 582 3567 παραλόγῳ
600 3519 720 3569 ταύτῃ
744 3519 831 3558 cod.
1757 3565 1759 3567 .

219 3573 361 3612 XXXl.
391 3573 484 3612 Fol.
507 3578 601 3623 185,
624 3579 672 3615 24
692 3586 733 3615 v.
755 3601 805 3610 -
826 3581 920 3626 186,
939 3584 961 3618 5
987 3590 1023 3618 r.
1048 3580 1332 3628 Fragmentum
1360 3579 1470 3618 initio
1493 3578 1680 3618 mutilum
1697 3577 1736 3616 in
1761 3576 1896 3616 codice
1918 3576 1969 3615 ab
1988 3575 2312 3615 antecedentibus
2331 3576 2440 3614 nullo
2458 3576 2575 3614 modo
2597 3578 2811 3640 separat-ur,

167 3627 278 3677 (lilasi
293 3628 342 3667 ad
363 3629 527 3670 eandem
544 3633 756 3680 pertineret
768 3635 989 3676 historiam.
1005 3636 1159 3676 Folium
1175 3636 1365 3676 excidisse
1384 3637 1554 3676 videtur.
1573 3639 1631 3676 De
1647 3646 1689 3675 re
1709 3634 1805 3673 mihi
1821 3645 1900 3673 non
1917 3635 2086 3673 constat.
2109 3636 2153 3672 ln
2169 3634 2285 3673 simili
2301 3636 2531 3683 argumento
2548 3644 2694 3672 versarl
2710 3633 2812 3672 vide.

167 3686 249 3724 tur.
269 3707 319 3716 —
338 3690 373 3725 1.
391 3687 571 3739 Κότυν]
589 3690 714 3736 Κὸτην
731 3691 818 3731 cod.
1908 3710 1938 3719 ”’
2445 3748 2452 3755 .

219 3746 378 3784 XXXII.
409 3746 499 3785 Fol.
520 3750 591 3787 186
606 3777 616 3796 ,
633 3754 655 3788 5
669 3771 722 3778 —
738 3754 786 3788 26
802 3760 842 3789 v.
859 3751 918 3789 De
935 3750 1043 3790 caede
1066 3750 1227 3790 Sertorii
1245 3751 1317 3798 (72
1337 3761 1373 3788 a.
1399 3751 1472 3800 C.)
1493 3751 1579 3791 vide
1600 3750 1799 3790 Plutarch.
1818 3751 1965 3789 Sertor.
1985 3748 2088 3788 extr.
2107 3749 2146 3787 et
2162 3749 2326 3798 Appian.
2343 3750 2385 3787 B.
2409 3750 2494 3815 civ.
2517 3750 2558 3795 Ι,
2579 3752 2665 3814 113...
2684 3750 2813 3812 insere

170 3799 274 3842 huuc
289 3801 419 3840 locum
431 3802 546 3843 sicuti
557 3815 724 3854 sequens
739 3807 1002 3857 fragmentum
1015 3801 1102 3858 pos't
1117 3810 1316 3855 XXXVII,
1334 3815 1396 3848 22.
1416 3833 1465 3841 -
1487 3814 1583 3855 1.τῆ
1593 3823 1609 3853 ς
1626 3810 1674 3859 ὁρ
1688 3812 1746 3858 μῆ
1760 3822 1776 3853 ς
1797 3821 1816 3845 τ
1829 3811 1888 3845 ῶν
1902 3808 1951 3855 ἐγ
1962 3820 1985 3856 χ
1996 3820 2027 3844 ω
2038 3819 2056 3856 ρ
2069 3806 2079 3844 ί
2090 3820 2122 3844 ω
2135 3805 2180 3855 ν]
2197 3817 2251 3845 sc.
2269 3807 2358 3856 πρὸς
2375 3807 2603 3873 ἀπόσταξΐῑν·
2621 3808 2811 3871 lesPffl

170 3857 328 3906 eollegoe
345 3859 506 3898 Sertorii
527 3859 719 3902 seditiosis
742 3865 954 3912 Pel'pennae
970 3865 1217 3904 sermonibus
1232 3866 1414 3913 excitati,
1431 3870 1596 3916 φανερῶς
1615 3868 1681 3916 μὲν
1701 3866 1771 3904 οὐκ
1796 3865 2000 3915 ἀφίσταντο
2014 3894 2024 3912 ,
2043 3863 2250 3907 δεδοικότες
2275 3865 2392 3901 αὐτοῦ
2413 3877 2478 3908 την
2501 3864 2812 3930 δυναμινῧκρυφα

169 3914 208 3953 δὲ
227 3915 292 3961 τάς
309 3930 350 3956 τε
365 3918 513 3968 πράξεις
529 3919 774 3970 ἐλυμαίνοντο
789 3923 855 3960 καὶ
875 3922 962 3967 τοὺς
990 3923 1199 3974 βαρὸάρους
1227 3923 1389 3963 ἐκάκουν
1410 3925 1630 3970 κολάζοντες
1649 3928 1792 3973 πικρῶς
1820 3925 1883 3961 καὶ
1913 3923 2235 3973 δασμολογοῦντες
2249 3951 2259 3969 ,
2281 3924 2330 3965 ὡς
2353 3924 2565 3986 Σερτιιψιουἱ
2579 3920 2809 3986 κελεύοντος·

169 3968 234 4015 Ἐξ
248 3972 300 4010 ὧν
320 3973 550 4020 ἀποστάσεις
570 3976 737 4026 ἐγίνοντο
760 3979 824 4017 καὶ
847 3981 1012 4029 ταραχαὶ
1035 3982 1118 4031 περὶ
1145 3981 1211 4025 τὰς
1242 3981 1382 4026 πόλεις.
1416 3985 1465 4021 Οἱ
1485 3984 1524 4022 δὲ
1543 3983 1781 4033 πεμπόμενοι
1802 3986 1923 4020 ταῦτα
1951 3981 2169 4031 θεραπεύειν
2198 3983 2262 4018 καὶ
2292 3980 2534 4044 ἐπιπραΰνειν
2551 3991 2809 4046 ἐπανήρχοντο
2855 3987 2857 3989 ·

170 4029 342 4077 πλείονας
366 4032 640 4084 ἐξειργασμένοι
657 4037 846 4086 πολέμους
862 4037 927 4074 καὶ
943 4038 1009 4081 τὰς
1026 4039 1273 4089 ὑπαρχούσας
1295 4041 1496 4086 ηὐξηκότες
1518 4040 1708 4083 ἀπειθείας
1721 4069 1730 4086 ,
1755 4041 1856 4078 ὥστε
1874 4041 1937 4078 τὸν
1955 4039 2161 4089 Σερτώριον
2179 4038 2221 4075 ἐκ
2238 4043 2302 4083 τῆς
2324 4038 2502 4101 προτέρας
2521 4047 2720 4104 ἐπιεικείας
2745 4048 2809 4104 252¹«

170 4087 378 4136 πρᾳότητος
397 4091 658 4140 μεταὸαλόντα
676 4095 760 4144 περὶ
776 4095 862 4139 τοὺς
881 4095 918 4132 ἐν
940 4095 1068 4147 Ὄσκῃ
1089 4098 1335 4147 τρεφομένους
1351 4103 1621 4149 παρανομῆσαι
1642 4099 1780 4141 παῖδας
1803 4102 1878 4135 τῶν
1895 4097 2068 4147 ’1ῧήρων,
2089 4097 2174 4141 τοὺς
2197 4097 2263 4145 μὲν
2286 4096 2463 4132 ἁνελοντα
2478 4122 2487 4158 3
2504 4106 2589 4131 *co-J:
2610 4104 2647 4130 οε
2666 4104 2808 4157 anaco-

172 4157 294 4194 μενον.
314 4149 406 4186 Haec
429 4150 521 4188 sunt
535 4160 625 4201 quae
642 4152 876 4191 Plutarchus
894 4153 948 4201 (l.
971 4154 996 4192 l.
1015 4165 1051 4195 c.
1070 4160 1140 4202 25,
1164 4160 1185 4194 3
1200 4156 1212 4203 )
1230 4154 1279 4193 de
1299 4158 1451 4195 mutata
1475 4156 1636 4203 Sertorii
1660 4159 1790 4194 mente
1809 4156 1938 4194 ast'ert.
1962 4155 2125 4194 Uberior
2151 4157 2189 4192 et
2211 4153 2380 4192 Diodoro
2395 4180 2404 4197 ‚
2430 4154 2485 4188 uti
2503 4150 2598 4188 solvi
2616 4150 2810 4213 ’.S'mmm'

171 4202 474 4252 Appianlts'ssell·.
486 4207 718 4259 civ.1‚113‚
735 4221 771 4259 p.
786 4215 858 4249 336
873 4211 935 4250 ed.
952 4210 1098 4260 Didot.‚
1114 4212 1180 4252 libi
1196 4212 1276 4262 ipse
1288 4216 1331 4252 iu
1347 4213 1489 4253 videas.
1505 4237 1554 4241 —
1567 4214 1588 4252 2
1603 4228 1629 4252 π
1641 4229 1650 4252 ι
1664 4229 1686 4251 κ
1697 4227 1715 4263 ρ
1726 4217 1756 4251 ὠ
1768 4228 1781 4257 ς
1795 4213 1807 4262 ]
1822 4214 1952 4262 πικρὸς
1969 4213 2053 4251 cod.
2068 4234 2118 4239 —
2133 4217 2152 4251 3
2167 4226 2190 4249 σ
2204 4225 2224 4248 υ
2237 4224 2261 4260 μ
2278 4211 2327 4247 60
2338 4210 2358 4247 u
2373 4210 2392 4246 λ
2403 4223 2434 4246 ω
2447 4208 2488 4257 ν]
2505 4209 2707 4257 συμῆολῶν
2721 4208 2807 4246 cod.
