3008 4542
0 1153 3 1163 Ι
63 1074 111 1162 373³
155 1121 249 1165 ,μη
267 1122 308 1161 ς,
344 1101 566 1166 Ἡρακλῆς
599 1100 803 1167 κραταιός
839 1102 1054 1168 (Buns.:

163 1172 342 1239 ,ΙἛρμῆς
364 1172 392 1231 ἢ
418 1172 640 1238 Ἡρακλῆς
663 1174 885 1239 κραταιός)
911 1173 984 1232 ἔτη
997 1173 1079 1238 νγ’.
1104 1175 1207 1223 Tou
1220 1174 1264 1222 δὲ
1299 1175 1463 1240 κόσμου

0 1237 2 1247 ’
106 1279 107 1282 ¹
131 1246 134 1247 ⁷
166 1237 226 1304 ἦν
246 1244 337 1298 ἔτος
357 1244 521 1311 ,γψζαῆ

656 366 668 376 .
784 309 858 370 3ἢι

577 419 1060 466 ERATOSTHENES

163 518 166 520 v
192 533 196 536 ’
178 528 482 604 syncellus
502 526 766 588 chronogr.
791 542 843 586 p.
876 525 984 571 123.

128 647 130 650 ,
222 600 446 646 XXXII.
503 595 714 653 Θηὸαίων
758 595 828 644 λ6’
869 595 1141 644 ἐὸασίλευσεν
1181 594 1466 662 [[Σταμμένης

122 711 127 719 .
177 665 338 739 (Buns.
382 669 744 732 Ἀμμενεμης)
782 667 857 727 ἔτη
891 668 974 723 xc'.
1010 669 1101 716 Τοῦ
1137 667 1181 715 δὲ
1214 669 1378 732 κόσμου
1412 664 1464 730 ἦν

103 747 114 801 ς
175 743 268 797 stoc
290 740 458 807 γψμὸῖ

108 811 121 866 J
195 816 470 861 ·xxxl11.
495 809 708 870 Θηὸαίων
736 810 804 874 λγ’
839 809 1115 877 ἐὸασίλεῡσε]
1149 813 1466 876 Σταμμενε-

121 904 131 953 ζ’-
170 889 274 949 ςμης
307 885 345 949 β
379 886 588 948 (Bunsst
624 882 979 959 Σεσόρτωσις
1015 883 1109 931 καὶ
1135 883 1466 949 Ἀμμενεμῆς

173 954 219 1024 β’
239 956 253 1023 )
275 955 349 1014 ἔτη
369 957 456 1020 κγ’.
478 959 568 1005 Tou
592 955 636 1003 δὲ
659 955 823 1017 κόσμου
847 960 901 1014 ἠν
918 955 1010 1011 ἔτος
1025 955 1167 1023 γψξηῖ

114 1040 124 1062 r
171 1043 176 1086 ἕ
239 1033 460 1078 XXXIV.
501 1028 710 1088 Θηὸαίων
735 1028 801 1076 λδ’
826 1028 1078 1077 ἐδασίλευσε
1112 1031 1404 1097 Σιστοσιχέ
1419 1052 1463 1096 ρ-

1096 1102 1462 1173 Σεσόρτωσις,

104 1353 106 1358 ·
175 1344 187 1379 χ
237 1321 438 1368 XXXV.
460 1317 671 1378 Θηὸαίων
693 1319 756 1367 λε’
776 1317 1028 1367 ἐὸασίλευσε
1048 1317 1303 1386 Μᾶρης·,”
1280 1338 1354 1380 ετη
1373 1321 1460 1385 μγ’.

170 1381 262 1439 Tou
283 1388 328 1437 δὲ
352 1390 516 1453 κόσμου
538 1395 592 1449 ἠν
617 1389 707 1446 ἔτος
728 1391 904 1456 γωμςᾌ

106 1459 108 1467 ⁸
236 1459 441 1510 XXXII.
465 1464 610 1510 Uncis
630 1466 806 1511 inclusa
828 1465 1016 1510 excide1
1017 1475 1118 1514 unt.
1142 1469 1326 1512 Nomen
1342 1467 1464 1528 regis

52 1535 53 1538 ’
172 1538 266 1581 esse
288 1535 650 1582 Stammenemes
669 1539 694 1583 Ι
717 1537 857 1582 docet
889 1538 971 1596 qui
1003 1536 1212 1597 sequitur
1233 1540 1462 1584 stamme-

92 1597 114 1633 ·j
171 1615 329 1653 nemes
346 1610 410 1655 11.
433 1610 687 1654 Bunsenius
708 1625 799 1670 pro
819 1610 1154 1655 Stammeneme
1172 1612 1330 1670 posuit
1349 1613 1460 1655 Am-

52 1719 54 1729 2
138 1730 140 1732 v
170 1694 456 1738 menemem‚
484 1682 706 1739 quoniam
735 1683 787 1724 in
817 1682 888 1726 sui
923 1683 1132 1739 computi
1164 1683 1359 1742 gratiam
1383 1691 1467 1727 sta-

96 1748 128 1803 ’ᾗ
170 1751 261 1802 [tuit
292 1752 447 1796 literas
473 1751 575 1798 Στ
561 1768 612 1797 1n
635 1749 957 1814 Σταμμενέμης
986 1750 1026 1814 β’
1050 1753 1262 1798 indicare
1290 1770 1467 1799 nomen

132 1862 148 1877 φ
170 1824 288 1869 alius
319 1824 441 1884 regis
454 1857 468 1880 ,
493 1824 575 1883 qui
605 1825 741 1868 simul
775 1840 883 1873 cum
904 1826 1206 1871 Ammeneme
1233 1828 1466 1886 regnarit,

141 1876 452 1945 ={sesortoshr
489 1895 630 1954 Quod
655 1896 848 1956 quidem
876 1898 1067 1943 minime
1096 1898 1343 1942 verisimile
1375 1907 1466 1956 est3

50 1976 58 2026 f
167 1970 280 2013 'diam
289 1968 520 2013 rationem
534 1982 634 2013 non
650 1968 790 2013 video
807 1978 891 2014 cur
901 1970 994 2016 hoc
1009 1986 1106 2016 uno
1120 1970 1226 2014 loco
1244 1970 1335 2014 tale
1352 1933 1469 2029 quid

134 2081 147 2095 ,.
211 2039 498 2084 ratosthenes
510 2041 770 2097 monuerit,
797 2055 943 2100 quum
959 2058 1016 2087 ex
1034 2043 1253 2087 Bunsenii
1274 2043 1469 2086 rationi-

207 2127 261 2156 us
293 2113 538 2172 saepissime
574 2113 626 2157 id
662 2111 864 2158 faciendi
898 2116 1188 2160 occasionem
1220 2114 1466 2160 habuisset.

50 2194 54 2205 ³
82 2170 103 2210 s·
171 2192 239 2219 ῑ-
264 2184 483 2229 Ceterum
517 2184 844 2230 stammenemi
869 2187 892 2231 I
921 2185 1220 2247 assigna-udos
1254 2200 1347 2230 esse
1382 2201 1470 2230 an-

346 4205 582 4243 FnAGussnTA
610 4205 704 4234 uls'r.
720 4206 783 4235 GR.
806 4218 848 4225 -
867 4209 950 4236 VOL.
972 4210 1013 4237 U·

1314 203 1720 254 FRAGMENTA.

2726 221 2812 263 561

1539 332 1624 379 nos
1645 317 1704 361 26
1724 327 1863 377 patet.
1890 321 2004 364 Nam
2029 322 2147 381 regis
2168 321 2478 366 antecedentis
2500 324 2606 366 anni
2635 322 2688 366 16
2716 334 2821 368 sunt

1494 443 1495 446 Ἴ
1539 390 1647 432 anni
1666 390 1831 434 mundi
1853 389 2167 447 3726-3741
2180 426 2190 435 .
2217 393 2364 452 Igitur
2384 394 2656 438 Stammenis
2677 410 2821 439 annus

1536 458 1716 517 primus
1736 477 1797 502 τε
1822 460 1972 518 3742;
2006 463 2192 507 ultimus
2221 463 2364 522 3769.
2390 490 2451 498 -—
2482 466 2678 511 XXXV.
2703 467 2819 511 Ma-

1538 546 1611 574 res
1645 541 1801 576 ortum
1834 541 1900 577 est
1935 548 1990 577 ex
2024 534 2212 577 nomine
2251 534 2486 594 dynastico
2524 538 2820 583 Amenenthae

1542 599 1667 663 (III)
1703 619 1715 647 ε
1753 606 2048 659 Ra-en-ma,
2086 606 2215 665 quod
2250 607 2312 651 ita
2343 607 2433 666 legi
2462 609 2642 667 potuit,
2686 620 2740 655 ut
2766 627 2821 654 m

1538 670 1680 736 (rex)
1699 675 1748 719 in
1766 674 1857 721 fine
1874 678 2073 721 nominis
2085 686 2340 737 poneretur
2359 693 2370 721 t
2398 694 2604 726 man-ra.
2620 683 2675 726 V.
2703 671 2820 728 Bun'-

1535 756 1630 799 sen.
1652 762 1704 806 p.
1730 746 1843 809 295.

1603 820 1809 880 Regibus
1831 825 2006 881 septem
2029 821 2140 881 dyn.
2165 823 2261 867 XII
2286 821 2527 867 addendus
2550 833 2737 871 octavus
2757 836 2822 871 est

1538 890 1880 948 Ammenemes,
1905 900 2039 952 pater
2065 894 2383 950 Sesonchosis,
2421 894 2549 952 cujus
2579 911 2723 942 annos
2751 914 2822 943 se·
2901 895 2904 898 ’

1539 960 1690 1006 decim
1727 974 2051 1009 annumeratos
2082 964 2283 1009 vidimus
2326 964 2544 1024 dynastiae
2583 968 2665 1011 Xl.
2704 970 2821 1014 Octo

1537 1048 1667 1094 reges
1696 1037 1924 1080 recensuit
1943 1038 2077 1080 etiam
2098 1052 2300 1096 papyrus
2318 1038 2604 1093 Turinensss,
2628 1038 2823 1084 docento

1539 1107 1732 1165 Lepsi03
1759 1123 2038 1167 quamquam
2063 1108 2158 1152 duo
2182 1117 2359 1152 tantum
2383 1117 2616 1167 postrema
2636 1114 2822 1156 nomina

1537 1188 1711 1223 servata
1723 1188 1842 1224 sunt.
1861 1178 2086 1223 Praeterea
2101 1179 2161 1223 ad
2175 1180 2294 1224 hanc
2312 1179 2568 1238 dynastiam
2579 1181 2823 1227 'referenda

1533 1250 1585 1294 ‘in
1600 1251 1716 1294 serie
1732 1251 2012 1296 Carnaciana
2025 1251 2213 1294 nomina
2237 1250 2314 1296 23.
2336 1250 2412 1296 31.
2432 1266 2510 1295 22.
2534 1267 2613 1297 21.
2636 1267 2713 1298 2ο.
2747 1269 2820 1313 19.

1544 1321 1600 1365 18
1637 1320 1764 1385 (quae
1797 1332 1904 1367 sunt
1935 1322 2136 1366 dimidiae
2167 1323 2333 1367 tabulae
2356 1320 2546 1386 ultima)
2565 1358 2577 1379 ‚
2609 1332 2746 1383 atque
2777 1327 2824 1369 in

1538 1393 1694 1438 tabula
1735 1395 1962 1454 Abydena
1999 1395 2188 1438 nomina
2225 1392 2395 1453 33-39.
2432 1396 2609 1439 Etenim
2641 1412 2826 1455 praeno-

1533 1466 1660 1509 mina
1680 1481 1842 1526 regum
1858 1467 1907 1509 in
1921 1466 1992 1510 his
2012 1465 2217 1510 exhibita
2233 1465 2516 1524 respondere
2533 1469 2820 1524 nominibus,

1532 1548 1639 1595 'quae
1649 1531 1869 1581 Manetho
1886 1537 2076 1596 praebet,
2092 1533 2263 1580 docent
2270 1547 2589 1594 monumenta,
2602 1541 2651 1583 in
2661 1541 2826 1599 quibus

1537 1607 1788 1668 utrumque
1797 1624 1970 1653 nomen
1981 1609 2115 1653 simul
2125 1623 2388 1667 expressum
2401 1618 2482 1655 est.
2496 1610 2707 1655 Ceterum
2722 1622 2825 1656 ante

1539 1682 1759 1740 Lepsium
1783 1690 1829 1725 et
1861 1682 2141 1726 Bunsenium
2166 1681 2307 1741 vulgo
2332 1681 2616 1726 statuebatur
2637 1685 2825 1730 nomina

1540 1753 1626 1797 ista
1655 1754 1822 1798 tabulae
1853 1753 2089 1813 Abydenae
2117 1768 2216 1797 non
2238 1768 2330 1797 esse
2355 1753 2571 1813 dynastiae
2599 1755 2823 1800 duodeci-

1539 1841 1624 1869 mae
1637 1859 1649 1881 ‚
1670 1826 1752 1870 sed
1771 1826 1959 1871 decimae
1979 1835 2113 1870 sextae
2130 1835 2175 1870 et
2189 1827 2390 1885 septimae
2402 1861 2413 1883 ,
2433 1829 2651 1885 quoniam
2665 1829 2825 1888 proxi·

1539 1913 1615 1942 me
1650 1913 1844 1957 sequens
1875 1913 2049 1955 nomen
2081 1897 2314 1942 Aachn'aees
2343 1908 2499 1958 aperte
2532 1900 2822 1945 referendum

1539 1971 1597 2015 sit
1616 1970 1677 2014 ad
1698 1970 1951 2029 dynastiam
1972 1965 2144 2014 XVIII.
2170 1973 2230 2015 At
2254 1980 2523 2030 comparato
2546 1966 2824 2030 Manethone

1541 2050 1588 2085 et
1599 2041 1856 2102 fragmento
1876 2043 2045 2101 papyri
2057 2042 2487 2101 Turinensiskquod
2505 2044 2695 2102 Lepsius
2714 2043 2822 2088 red-

1542 2116 1811 2176 integravit,
1829 2117 2038 2174 serieque
2068 2116 2371 2170 Carnaciana,
2406 2117 2518 2174 quin
2543 2117 2711 2160 rectius
2727 2115 2823 2174 jam

1543 2189 1784 2243 statuatur,
1806 2187 2001 2232 dubium
2020 2202 2113 2233 esse
2129 2188 2202 2232 vix
2222 2196 2391 2247 potest.
2411 2189 2529 2232 Ecce
2549 2188 2792 2232 laterculos
2811 2203 2822 2238 :
