3016 4628
42 0 62 37 5.

23 207 51 273 ,ts

32 386 54 558 6
92 405 319 469 Κλεομένη
340 406 410 454 τὸν
435 404 614 471 βασιλέα
639 403 714 452 σὺν
746 403 904 467 μείζονι
930 403 1172 470 ἐξέπεμψαν
1205 404 1344 468 στόλῳ
1360 441 1371 462 ,

54 506 58 511 ·
90 479 166 528 καὶ
183 478 360 536 νικήσας
382 478 479 532 τοὺς
501 476 745 530 Θετταλοὺς
771 478 961 534 εἰσῆλθεν
996 478 1053 530 εἷς
1075 476 1152 534 τὴν
1180 475 1375 534 Ἀττικὴν

32 567 58 635 ξ
93 551 169 599 καὶ
210 550 281 598 τὸν
326 550 504 599 Ἱππίαν
546 549 810 597 συνέκλεισεν
841 550 898 602 εἷς
935 548 984 595 τὸ
1022 550 1289 614 Πελαργικὸν
1318 550 1373 611 (l.

33 635 38 654 ⁸
93 624 383 689 Πελασγικὸν)
407 625 562 689 τεῖχος,
585 623 663 676 ἕως
685 625 723 670 οἱ
743 623 893 676 παῖδες
909 625 994 669 τῶν
1009 622 1225 686 τυράννων
1244 622 1374 678 ἐξιόν·

91 715 159 750 τες
182 695 392 744 ἑάλωσαν.
428 698 589 743 Fusius
610 711 711 740 rem
743 704 903 740 narrat
934 694 1205 740 Herodotus
1233 698 1288 752 V,
1313 694 1374 739 62

92 785 197 830 sqq.

32 839 45 881 5*
160 839 242 902 [In
262 841 449 886 Aristot.
474 837 579 885 Pol.
598 837 657 882 de
668 837 974 882 PisistratIdis
991 838 1210 897 leguntur
1241 836 1340 881 haec
1361 872 1373 892 ‚

92 987 217 1030 τοῦτο
245 981 376 1046 ἔδρων
403 979 486 1027 ὑπὸ
508 985 583 1027 τοῦ
605 979 743 1043 δήμου
770 978 1081 1033 πιστευθέντες·
1105 983 1132 1036 ἠ
1170 978 1214 1025 δὲ
1237 978 1379 1034 πίστις

32 1076 37 1110 ‚³
94 1047 146 1113 ἦν
165 1058 193 1112 ἡ
217 1053 425 1118 ἀπέχθεια
443 1056 470 1110 ἡ
500 1051 604 1118 πρὸς
623 1051 719 1107 τοὺς
736 1051 975 1105 πλουσίους·
1001 1044 1085 1099 οἷον
1107 1050 1311 1110 Ἀθήνησί
1330 1072 1377 1099 τε

96 1125 409 1191 Πεισίστρατος
433 1124 670 1178 στασιάσας
701 1123 807 1190 πρὸς
830 1123 925 1177 τοὺς
949 1122 1191 1177 πεδιακούς.
1217 1127 1257 1170 V
1273 1160 1285 1182 ,
1322 1143 1376 1187 9,

34 1199 37 1201 ’
97 1204 123 1253 4
149 1217 160 1244 :
187 1196 276 1246 Καὶ
305 1197 353 1244 τὸ
375 1197 561 1255 πένητας
580 1203 715 1245 ποιεῖν
735 1195 829 1251 τοὺς
859 1197 1142 1262 ἀρχομένους,
1183 1215 1376 1259 τυραννι-

94 1267 223 1317 κόν...
251 1268 542 1334 Παράδειγμα
567 1270 611 1316 δὲ
634 1267 840 1317 τούτου...
875 1269 949 1315 καὶ
980 1272 1053 1315 τοῦ
1082 1267 1327 1330 Ὀλυμπίου
1351 1272 1378 1326 ἡ

97 1339 369 1403 οἰκοδόμησις
410 1340 493 1388 ὕπὸ
527 1343 611 1388 τῶν
655 1341 1041 1405 Πεισιστρατιδῶν.
1074 1345 1138 1399 V,
1167 1358 1196 1402 9
1214 1376 1226 1398 ,
1265 1357 1321 1386 21
1366 1359 1377 1386 t

96 1413 222 1462 Φασὶ
257 1413 301 1460 δὲ
339 1412 413 1461 καὶ
448 1412 759 1477 Πεισίστρατον
783 1412 1012 1476 ὑπομεῖναί
1034 1430 1138 1460 ποτε
1161 1415 1380 1478 προσκλη-

14 1482 31 1545 Ἰ
97 1485 220 1533 θέντα
246 1485 368 1544 δίκην
391 1488 449 1541 εἷς
472 1485 636 1550 Ἄρειον
655 1485 809 1550 πάγον.
825 1490 889 1544 V,
913 1487 967 1544 8,
991 1503 1047 1532 21
1073 1503 1084 1531 :
1105 1484 1311 1533 Μάλιστα
1337 1482 1380 1531 δὲ

74 1557 324 1619 μσυμὸαίνει
339 1562 425 1612 τοῖς
444 1562 590 1621 θυμοῖς
615 1559 859 1605 ἀκολουθεῖν
881 1557 950 1605 διὰ
973 1557 1051 1616 τὴν
1075 1557 1222 1623 ῧὸριν,
1248 1559 1301 1604 δι’
1327 1557 1379 1615 ἣν

94 1627 236 1675 αἰτίαν
273 1627 302 1686 ἥ
331 1647 376 1675 τε
409 1632 494 1676 τῶν
531 1631 899 1695 Πεισιστρατιδῶν
937 1629 1149 1686 κατελύθη
1187 1628 1383 1695 τυραννὶς

101 1700 175 1748 καὶ
221 1699 380 1748 πολλαὶ
431 1704 517 1748 τῶν
550 1701 712 1749 ἄλλων.
752 1705 821 1761 V,
859 1705 887 1749 8
901 1739 914 1761 ,
959 1721 989 1764 9
1037 1721 1046 1748 :
1090 1704 1380 1764 Conspiratio

93 1784 258 1819 contra
295 1775 598 1820 Pisistratidas
627 1775 759 1839 facta·
779 1784 844 1821 est
878 1774 948 1821 διὰ
977 1774 1026 1822 τὸ
1056 1773 1382 1839 προπηλακίσαι

95 1844 172 1907 μὲν
195 1844 273 1903 τὴν
298 1844 524 1909 Ἁρμοδίου
550 1845 762 1911 ἀδελφὴν,
796 1846 1035 1912 ἐπηρεάσαι
1070 1848 1107 1894 δ’
1137 1846 1380 1912 Ἁρμόδιον·

33 1979 36 1981 Β
94 1919 119 1963 ὁ
135 1915 212 1979 μὲν
231 1915 312 1982 γὰρ
331 1916 550 1981 Ἁρμόδιος
569 1916 638 1964 διὰ
655 1917 732 1975 τὴν
748 1918 951 1984 ἀδελφὴν,
970 1921 992 1965 ὃ
1010 1920 1046 1966 δ’
1063 1918 1382 1984 Ἀριστογείτων

34 2051 36 2056 y
94 1987 164 2034 διὰ
183 1987 253 2035 τὸν
277 1987 518 2053 Ἁρμόδιον.
540 1990 608 2047 V,
636 2007 691 2051 9,
724 1991 783 2036 23
813 2007 825 2038 t
845 1989 983 2055 Τρίτη
1007 1989 1249 2054 (quod-ad
1266 2001 1381 2036 tem-

30 2090 39 2098 ·-
91 2076 180 2121 pus
200 2076 286 2122 per
304 2063 435 2122 quod
459 2060 659 2125 steterit)
696 2061 731 2108 δ’
761 2065 788 2119 ἠ
813 2061 1058 2127 (τυραννὶς)
1098 2054 1182 2108 τῶν
1221 2065 1384 2110 Πεισι-

31 2171 38 2175 ,
93 2134 331 2196 στρατιδῶν
355 2133 603 2191 Ἀθήνησιν·
625 2135 702 2181 οὐκ
723 2133 889 2196 ἐγένετο
915 2133 959 2181 δὲ
988 2133 1191 2197 συνεχής·
1217 2133 1278 2187 δὶς
1300 2134 1382 2198 γὰρ

94 2202 224 2268 ἔφυγε
249 2202 560 2271 Πεισίστρατος
574 2208 791 2270 τυραννῶν
805 2225 815 2234 ·
834 2204 946 2253 ὥστε
964 2207 1005 2252 ἐν
1023 2204 1136 2253 ἔτεσι
1152 2204 1383 2270 τριάκοντα

93 2274 169 2321 καὶ
183 2275 319 2341 τρισὶν
337 2277 626 2324 ἑπτακαίδεκα
647 2276 721 2335 ἔτη
738 2276 899 2325 τούτων
918 2277 1215 2342 ἐτυράννευσεν
1230 2296 1240 2306 ’
1255 2279 1384 2324 ὀκτω-

94 2346 274 2394 καίδεκα
287 2347 331 2394 δὲ
349 2350 387 2394 οἱ
411 2349 560 2402 παῖδες
574 2367 587 2382 ·
606 2347 718 2396 ὥστε
740 2348 795 2395 τὰ
815 2349 959 2396 πάντα
983 2347 1152 2412 ἐγένετο
1173 2346 1250 2407 ἔτη
1269 2347 1385 2413 τριά-

50 2456 52 2459 ,
94 2435 224 2465 κοντα
248 2417 322 2465 καὶ
338 2417 509 2482 πέντε.]
563 2419 566 2422 ’

69 2489 72 2492 ⁴
163 2492 436 2549 [Clisthenis
475 2495 744 2539 Aristoteles
775 2495 987 2539 meminit
1005 2495 1055 2537 in
1084 2495 1185 2541 Pol.
1205 2495 1302 2550 ΙΙΙ,
1334 2510 1351 2537 1
1369 2527 1381 2549 ,

101 2565 156 2608 io
185 2580 196 2609 ι
224 2562 484 2621 Κλεισθένης
505 2563 614 2626 μετὰ
636 2562 714 2622 τὴν
731 2566 814 2611 τῶν
835 2563 1050 2628 τυράννων
1073 2563 1256 2622 ἐκὸολὴν
1275 2565 1381 2610 πολ-

46 2697 51 2700 .
93 2632 193 2688 λοὺς
230 2634 483 2699 ἐφυλέτευσε
521 2634 660 2690 ξένους
707 2636 783 2683 καὶ
816 2635 990 2690 δούλους
1024 2634 1262 2698 μετοίκους.
1307 2638 1380 2683 ld.

56 2753 60 2755 Δ
93 2709 173 2763 VI,
204 2724 249 2765 2,
282 2725 300 2753 1
314 2725 354 2766 1,
375 2711 615 2755 Clisthenis
637 2711 844 2755 instituta
859 2720 1054 2770 perapta
1078 2726 1170 2756 esse
1193 2710 1306 2755 dicit
1325 2710 1386 2753 ad

95 2781 392 2826 condendam
414 2797 517 2827 eam
551 2783 912 2842 rempublicam,
937 2784 988 2826 in
1022 2794 1115 2842 qua
1138 2798 1298 2827 omnes
1321 2783 1384 2826 ci-

94 2864 173 2895 ves
191 2852 598 2898 administrationis
619 2856 869 2914 participes
884 2856 991 2901 sint.
1007 2859 1022 2910 ]

698 2978 774 3026 18.

161 3091 318 3140 Schol.
342 3094 583 3155 Aristoph.
608 3097 732 3142 Nub.
767 3096 824 3155 37
853 3114 864 3142 :
892 3095 1186 3161 Ἀριστοτέλης
1210 3093 1254 3143 δὲ
1285 3096 1384 3162 περὶ

98 3161 376 3218 Κλεισθένους
408 3165 538 3229 φησί·
565 3189 584 3207 «
620 3168 878 3227 Κατέστησε
912 3169 987 3216 καὶ
1022 3168 1270 3233 δημάρχους
1306 3169 1384 3226 τὴν

76 3233 232 3304 ναὐτὴν
257 3234 433 3300 ἔχοντας
457 3238 708 3301 ἐπιμέλειαν
738 3244 826 3294 τοῖς
862 3241 1067 3307 πρότερον
1104 3241 1384 3307 ναυκράροις·

0 3298 2 3366 l
98 3306 171 3354 καὶ
195 3306 278 3373 γὰρ
301 3306 398 3362 τοὺς
418 3309 578 3372 δήμους
604 3312 698 3359 ἀντὶ
714 3316 800 3360 τῶν
821 3317 1094 3380 ναυκραριῶν
1117 3314 1334 3373 ἐποίησεν.
1365 3336 1383 3356 ι»

0 3384 1 3425 3
94 3390 126 3401 ²²
162 3379 506 3441 Harpocration
523 3392 571 3431 ’νς
594 3384 879 3450 Ναυκραρικά
908 3402 919 3434 :
949 3385 1242 3451 Ἀριστοτέλης
1264 3385 1299 3432 δ’
1342 3388 1384 3432 ἐν

1010 295 1484 347 ATHENIENSIUM
1511 298 1894 348 RESPUBLlCA
1907 336 1917 346 .

32 900 53 980 Ξ
91 914 155 969 V,
177 917 229 972 4,
251 911 277 957 5
303 927 314 956 2
341 911 432 969 Qui
451 910 744 970 tyrannidem
765 917 1078 968 occuparunt,
1099 909 1378 968 plerumque
1397 953 1401 958 ,

2653 305 2730 350 111

1451 409 1504 469 τῇ
1542 404 1773 463 Ἀθηναίων
1807 404 2011 468 Πολιτεία
2059 406 2182 470 φησί·
2217 429 2236 448 «ι
2269 408 2552 468 Κατέστησαν
2580 411 2630 458 ,δὲ
2664 414 2738 472 δη-

1453 475 1647 541 μάρχους
1663 475 1742 532 τὴν
1767 474 1898 533 αὐτὴν
1935 475 2109 540 ἔχοντας
2142 477 2388 540 ἐπιμέλειαν
2420 483 2504 534 τοῖς
2538 483 2739 548 πρότερον

1452 548 1725 612 ναυκράροις·
1769 547 1946 610 δημίους
1990 548 2219 611 (δημαίους
2241 552 2347 596 cod.
2377 557 2430 600 A.
2458 564 2739 616 :utrumque

1451 636 1540 680 pro
1552 619 1728 682 δήμους)
1745 619 1839 666 ἀντὶ
1856 622 1940 666 τῶν
1954 620 2205 685 ναυκράρων
2227 624 2274 682 (1.
2294 626 2577 688 ναυκραριῶν)
2595 628 2741 683 ἐποίη-

1455 711 1552 740 σαν.
1582 713 1601 734 υ

1519 766 1650 810 Idem
1668 781 1716 812 v,
1745 763 1980 828 Δήμαρχος
2014 760 2225 829 ε”Αρχων
2274 786 2336 819 τις
2373 760 2424 823 ἦν
2462 770 2483 812 ὁ
2523 766 2743 833 δήμαρχος

1456 834 1660 895 (ἑκάστου
1682 834 1821 897 δήμου
1843 838 1927 882 τῶν
1953 837 1995 881 ἐν
2020 832 2213 892 Ἀθήναις
2231 839 2253 883 ὅ
2271 836 2500 911 κατάρχων
2525 838 2744 904 δήμαρχος

1455 906 1622 969 ἐλέγετο
1643 910 1784 954 codd.
1804 912 1864 955 D.
1885 910 1938 956 E.
1955 916 1999 953 et
2015 907 2180 954 Suidas
2197 924 2233 954 s.
2255 910 2325 972 v)·
2345 913 2460 956 οὗτοι
2485 909 2618 963 δὲτὰς
2638 912 2743 956 ἀπο-

1454 978 1621 1044 γραφὰς
1641 981 1859 1026 ἐποιοῦντο
1879 981 1962 1030 τῶν
1983 978 2226 1043 προσόντων
2251 982 2336 1043 (sic
2352 984 2412 1028 D.
2432 984 2508 1039 E.;
2529 983 2745 1029 ἐποιοῦντο

1456 1052 1499 1097 ἓν
1535 1052 1621 1114 Ν.)
1648 1050 1819 1115 ἑκάστῳ
1840 1050 1965 1116 δήμῳ
2002 1050 2194 1115 χωρίων·
2216 1051 2278 1099 ἔτι
2309 1050 2354 1099 δὲ
2380 1051 2454 1100 καὶ
2479 1052 2534 1100 τὰ
2564 1054 2746 1120 ληξιαρ-

1455 1122 1561 1186 χικὰ
1597 1130 1878 1187 γραμματεῖα
1911 1121 2030 1187 παρὰ
2053 1122 2217 1178 τούτοις
2238 1116 2309 1182 ἦν,
2333 1123 2407 1171 καὶ
2431 1128 2613 1189 συνῆγον
2652 1125 2748 1179 τοὺς

1457 1194 1614 1257 δήμους
1631 1195 1758 1242 ὁπότε
1782 1193 2086 1254 δεήσειεν,καὶ
2109 1198 2250 1262 ψῆφον
2270 1197 2412 1251 αὐτοῖς
2428 1197 2621 1244 ἐδίδοσαν
2644 1197 2748 1262 (καὶ
2801 1198 2805 1202 ”

1458 1267 1708 1332 ἔνεχύραζον
1734 1267 1792 1314 δὲ.
1815 1261 1930 1315 οὗτοι
1955 1269 2064 1314 add.
2091 1270 2233 1315 codd.
2270 1273 2329 1318 D.
2367 1272 2419 1316 E.
2452 1281 2498 1316 et
2524 1271 2686 1318 Suidas
2714 1269 2744 1332 ).

1457 1339 1640 1394 Τούτους
1676 1339 1720 1386 δέ
1756 1356 1882 1404 φησιν
1906 1337 2201 1402 Ἀριστοτέλης
2221 1342 2262 1387 ἐν
2298 1340 2530 1400 Ἀθηναίων
2556 1341 2748 1408 πολιτεία

1457 1413 1539 1459 ὑπὸ
1579 1412 1855 1466 Κλεισθένους
1890 1416 2241 1471 κατασταθῆναι,
2280 1411 2359 1472 τὴν
2400 1413 2536 1472 αὐτὴν
2575 1413 2751 1479 ἔχοντας

1458 1483 1705 1547 ἐπιμέλειαν
1725 1486 1810 1539 τοῖς
1823 1484 2028 1550 πρότερον
2045 1484 2313 1550 ναυκράροις·
2335 1485 2398 1532 ὅτι
2417 1485 2460 1532 δὲ
2473 1486 2751 1551 ἠνεχυρίαζον

1457 1558 1495 1603 οἳ
1520 1555 1764 1622 δήμαρχοι,
1790 1558 1914 1616 δηλοῖ
1932 1558 2240 1622 Ἀριστοφάνης
2265 1560 2306 1605 ἐν
2333 1558 2502 1617 Σκηνὰς
2523 1560 2750 1621 καταλαμ-

1458 1628 1701 1684 6ανούσαις.
1814 1642 1819 1649 ’

1525 1704 1699 1748 Eadem
1721 1692 1899 1750 Suidas.
1920 1704 1991 1749 Cf.
2018 1719 2157 1763 supra
2179 1703 2237 1750 fr.
2258 1705 2313 1760 83
2336 1704 2546 1749 Eudocia
2569 1721 2615 1764 p.
2642 1705 2746 1761 1083

1460 1779 1574 1821 Lex.
1601 1778 1740 1820 Rhet.
1768 1777 1818 1819 in
1840 1777 1985 1820 Bekk.
2010 1776 2190 1823 Anecd.
2208 1792 2258 1836 p.
2284 1776 2401 1833 237,
2425 1777 2481 1833 83
2507 1783 2598 1830 242
2618 1812 2629 1833 ,
2660 1778 2746 1837 163

1457 1848 1624 1892 Pollux
1637 1847 1770 1903 VIII,
1802 1846 1906 1893 108.
1927 1849 2125 1907 Hesych.
2151 1864 2187 1894 s.
2213 1864 2260 1892 v,
2293 1845 2540 1912 Δήμαρχοι,
2569 1847 2751 1912 Δήμαρ-

1457 1936 1555 1983 χον,
1581 1915 1849 1981 Ναύκλαροι,
1867 1919 2031 1965 Meier.
2054 1920 2123 1963 De
2139 1917 2276 1963 bonis
2292 1920 2450 1966 damn.
2471 1936 2522 1979 p.
2538 1919 2616 1976 80,
2639 1936 2748 1975 202,

1461 1997 1572 2048 204;
1596 1984 1787 2036 Boeck'h.
1804 1992 1985 2036 OEcon.
2009 1991 2181 2038 Athen.
2201 1994 2245 2047 I,
2275 1990 2366 2049 275
2386 2009 2475 2051 sq.;
2500 1994 2545 2036 II
2562 2027 2574 2048 ,
2596 2008 2644 2052 p.
2671 1998 2748 2050 473

1468 2067 1717 2111 Hermann.
1746 2062 1881 2124 599,
1909 2062 2187 2120 53111,4.

2073 2201 2148 2244 19.

1527 2308 1790 2362 PolluxIII,
1822 2323 1876 2364 17
1907 2324 1917 2351 ε
1942 2305 1998 2354 Ὁ
2021 2305 2064 2352 δὲ
2085 2305 2264 2354 πάππου
2284 2306 2312 2363 ἢ
2330 2306 2459 2364 τήθης
2474 2308 2751 2372 πατὴρ,πρό-

1460 2392 1654 2431 παππος·
1679 2375 1796 2442 τάχα
1821 2377 1865 2424 δὲ
1890 2381 2038 2424 τοῦτον
2063 2376 2196 2430 εἴποις
2219 2379 2509 2443 τριτοπάτορα
2527 2416 2539 2437 ,
2571 2383 2626 2433 ὡς
2647 2380 2752 2443 Ἀρι-

1461 2448 1676 2505 στοτέλης.
1702 2454 1755 2496 V.
1779 2452 1984 2496 Lobeck.
2015 2454 2085 2496 De
2117 2453 2324 2511 tritopat.
2351 2454 2398 2496 in
2418 2455 2548 2500 Misc.
2569 2455 2670 2498 crit.
2701 2457 2750 2507 I,

1464 2523 1506 2580 3,
1528 2539 1575 2582 p.
1599 2521 1709 2567 520.

1526 2596 1682 2640 Schol.
1712 2596 2009 2655 Aristophan.
2043 2599 2180 2655 Vesp.
2219 2595 2313 2653 578
2352 2613 2361 2640 :
2388 2594 2680 2659 Ἀριστοτέλης
2705 2595 2751 2643 δέ

1462 2684 1589 2730 φησιν
1613 2663 1677 2711 ὅτι
1701 2663 1832 2730 ψήφῳ
1853 2668 1891 2712 οἱ
1915 2663 2227 2730 ἐγγραφόμενοι
2251 2663 2556 2729 δοκιμάζονται
2585 2666 2624 2714 οἳ
2643 2668 2752 2714 νεώ-

1461 2757 1574 2803 τεροι
1601 2736 1660 2799 μὴ
1687 2740 1793 2784 ἐτῶν
1816 2737 1873 2795 ιη’
1897 2737 1973 2800 (ιε’
1995 2737 2175 2801 Aldin.)
2201 2729 2300 2784 εἷεν.

1529 2832 1548 2850 «
1567 2810 1730 2874 Ψῆφον
1740 2811 1945 2871 intellige
1957 2811 2302 2871 gentiliciorum
2319 2821 2364 2856 et
2373 2813 2618 2857 curialium
2626 2813 2756 2872 judi-

1462 2900 1591 2938 cum,
1621 2899 1718 2926 non
1736 2882 2038 2942 publicorum
2057 2884 2107 2926 in
2131 2883 2383 2928 dicasteriis
2400 2884 2661 2929 forensibus
2681 2902 2691 2929 :
2713 2886 2753 2930 οἱ

1462 2953 1770 3019 ἐγγραψάμενοι
1804 2964 1908 2999 sunt
1941 2956 1998 3009 ii,
2035 2955 2117 3014 qui
2151 2956 2263 2999 olim
2296 2956 2345 2998 in
2377 2953 2514 3001 κοινὸν
2546 2974 2754 3018 γραμμα·

1460 3034 1570 3074 τεῐον
1584 3029 1717 3073 relati
1731 3036 1876 3072 erant.
1897 3047 1914 3066 »
1931 3028 2131 3071 Roman.
2155 3029 2224 3072 De
2234 3028 2430 3087 ephebia
2445 3030 2597 3073 Attica
2610 3031 2658 3072 in
2678 3032 2755 3073 In-

1462 3101 1564 3144 dice
1581 3100 1836 3144 lectionum
1851 3099 2054 3144 univers.
2071 3099 2275 3145 Berolin.
2299 3101 2440 3144 aestiV.
2474 3100 2611 3161 1819,
2636 3117 2684 3161 p.
2705 3108 2751 3154 4.

1461 3198 1524 3204 -—
1544 3169 1628 3232 (ιε’)
1651 3171 1984 3232 Schoemannus
2001 3172 2158 3230 Antiq.
2176 3187 2228 3231 p.
2254 3171 2347 3217 208
2372 3188 2382 3216 ε
2410 3193 2428 3212 «
2450 3174 2590 3231 Quod
2603 3184 2755 3218 autem

1460 3244 1676 3287 nonnulli
1696 3259 1774 3287 eos
1794 3244 1874 3302 qui
1897 3244 2080 3302 parvuli
2097 3244 2306 3303 inscripti
2321 3254 2492 3302 essent,
2507 3255 2756 3306 postquam

1462 3315 1520 3359 ad
1535 3316 1830 3374 pubertatem
1845 3316 2174 3374 pervenissent,
2189 3317 2373 3361 circiter
2383 3319 2547 3376 quinto
2570 3318 2751 3362 decimo

1464 3389 1606 3431 aetatis
1630 3403 1752 3431 anno
1777 3389 1946 3431 iterum
1964 3385 2322 3447 producendos,
2348 3390 2678 3434 examinandos
2706 3396 2752 3434 et

55 3515 67 3574 Ἰ
93 3512 184 3553 mm
213 3515 482 3571 consulerent.
518 3518 699 3559 Tandem
733 3531 800 3560 eos
833 3521 986 3562 misisse
1015 3522 1190 3572 primum
1221 3521 1385 3573 quidem
1461 3521 1581 3561 Attici
1614 3521 1795 3571 princeps
1824 3519 2046 3560 vocabatur
2075 3521 2354 3572 demarchus.)
2379 3523 2428 3562 Hi
2451 3534 2566 3573 agros
2597 3526 2637 3563 et
2665 3525 2752 3563 loca

44 3589 47 3595 ·
96 3576 199 3616 marl
228 3576 543 3631 Anchimolium3
576 3581 742 3634 deinde,
772 3585 1021 3625 Anchimolio
1053 3586 1234 3636 repulso,
1261 3586 1386 3625 iratos
1459 3584 1509 3622 ad
1533 3584 1706 3635 singulos
1720 3595 1840 3634 pagos
1865 3583 2107 3634 pertinentes
2129 3585 2415 3636 inscribebant,
2436 3588 2591 3626 tabulas
2615 3587 2754 3627 lexiar-

98 3640 272 3682 omisisse
287 3653 379 3683 cum
404 3643 546 3695 maiori
575 3647 754 3687 exercitu
785 3659 916 3699 regem
938 3649 1209 3689 Cleomenem.
1242 3651 1377 3698 Hunc,
1463 3648 1595 3689 chicas
1610 3647 1906 3699 custodiebant,
1927 3661 2146 3701 pagosque,
2168 3662 2294 3702 quum
2317 3664 2380 3692 res
2400 3654 2639 3703 postularet,
2658 3664 2751 3692 con-

56 3704 59 3710 ’
99 3701 292 3748 Thessalis
321 3709 426 3761 (qui
462 3712 757 3753 Pisistratidis
779 3714 952 3754 auxilia
974 3714 1213 3764 ferebant)
1243 3715 1383 3765 proelio
1461 3713 1672 3753 vocabant.
1707 3715 1788 3754 Hos
1816 3714 2050 3756 Aristoteles
2078 3716 2134 3756 ait
2150 3716 2192 3755 in
2218 3717 2362 3758 Athen.
2394 3721 2491 3768 Rep.
2510 3718 2749 3757 Clisthenem

98 3766 283 3829 ficussstss
293 3769 466 3813 Atticam
482 3773 684 3825 invasisse,
698 3777 819 3827 atque
843 3777 1024 3828 Hippiam
1048 3789 1164 3817 muro
1186 3778 1384 3828 Pelasgico

48 3847 62 3890 ,ζ’
102 3828 294 3875 melusum
304 3836 500 3879 obsedisse
522 3840 747 3891 usquedum
765 3841 866 3882 filios
878 3842 1213 3883 Pisistratidarum
1233 3854 1383 3883 exeun·

101 3896 162 3938 ta
177 3899 382 3956 cepissent.

152 4031 380 4072 Aristoteles
397 4033 447 4073 de
473 4035 674 4076 Clisthene
692 3971 788 4077 digit
814 4054 825 4077 ι
855 4054 875 4072 «
910 4038 1127 4079 constituit
1148 4039 1388 4080 demarchos

95 4092 240 4135 >eadem
254 4097 390 4136 munia
408 4108 498 4148 quae
513 4100 608 4140 olim
638 4103 822 4143 nauci-ari
845 4103 1061 4155 obeuntes;
1079 4104 1226 4144 etenim
1250 4104 1387 4146 demos

52 4209 61 4214 Ξ
104 4158 398 4199 nauerariarum
416 4158 506 4200 loco
522 4162 681 4202 fecerat.
699 4179 719 4199 »

1459 3776 1677 3817 instituisse
1706 3777 1845 3818 eadem
1875 3776 2068 3819 hahentes
2090 3780 2229 3820 munia
2257 3791 2348 3831 quae
2378 3782 2495 3821 antea
2523 3781 2745 3820 habuerant

1458 3853 1652 3882 naucrari.

2080 3914 2150 3955 19.

1509 3978 1583 4019 Avi
1608 3980 1670 4019 vel
1700 3979 1800 4020 aviae
1833 3981 1966 4032 pater,
1986 3983 2047 4022 est
2082 3993 2274 4033 proavus,
2292 3992 2409 4031 quem
2427 3983 2544 4020 etiam
2571 3981 2747 4031 τριτοπόι-

1458 4057 1567 4094 τορα,
1580 4045 1755 4085 tertium
1762 4056 1819 4095 pa
1826 4048 1949 4096 trem,
1959 4046 2089 4086 dicere
2099 4047 2247 4095 liceret,
2257 4044 2474 4084 secundum
2482 4044 2743 4083 Aristotelem,

1510 4107 1744 4147 Aristoteles
1773 4108 1870 4148 dicit
1892 4120 2059 4150 examen
2078 4109 2212 4148 subire
2232 4109 2269 4147 et
2296 4106 2582 4157 gentiliciorum
2600 4107 2744 4145 suffra-

1459 4170 1532 4220 giis
1553 4172 1831 4221 approbandos
1846 4184 1930 4213 esse
1942 4173 2131 4223 juvenes,
2152 4172 2222 4222 qui
2244 4173 2385 4211 exacto
2408 4171 2501 4210 vitae
2520 4181 2624 4210 anno
2639 4171 2746 4210 duo-

155 4222 398 4262 Demarehus
426 4224 678 4299 magistratus
712 4227 875 4277 quidam
912 4231 1013 4270 erat.
1049 4226 1064 4280 ζ
1081 4229 1267 4280 cujusvis
1297 4233 1385 4282 pagi
1460 4234 1700 4276 devicesimo
1719 4237 1759 4276 in
1775 4236 1879 4283 demi
1901 4238 1960 4276 sui
1977 4238 2070 4276 albo
2083 4236 2362 4276 inscribantur.
