3016 4628
259 299 962 416 Dsstocuus
1021 300 1197 402 ET
1263 292 1598 400 BION
1673 292 2633 403 PRocoNNEsfl.

59 807 63 812 ,
183 754 438 806 Deiochus‚
476 752 557 811 qui
601 750 827 808 Dionysio
851 748 885 791 l.
912 747 945 790 l.
979 747 1054 806 (v.
1089 760 1138 803 p.
1165 742 1251 801 16)
1278 744 1400 786 Pro-

54 829 74 854 ¹*
118 827 360 872 cormesius
385 819 438 886 (*)
458 822 644 878 dicitur,
664 819 899 880 Stephano
919 817 1140 877 Byzantio
1165 813 1239 874 (fr.
1258 813 1286 858 8
1308 812 1321 873 )
1342 821 1408 856 est

53 883 93 919 μ’·
118 898 379 958 Cyzicenus,
399 893 530 954 quod
552 903 738 947 eatenus
755 900 934 936 rectum
951 904 1043 933 esse
1065 887 1268 941 videtur,
1291 899 1412 943 qua·-

48 978 53 1015 ἱ
118 978 248 1015 tenus
260 969 432 1012 bonam
447 967 554 1011 vitae
573 974 755 1024 partem
778 963 927 1022 Cyzici
951 960 1209 1006 Deiochum
1229 967 1408 1003 transe-

46 1050 60 1083 -¹
116 1041 229 1101 gisse
244 1037 488 1098 probabile
501 1045 580 1081 est.
597 1037 1083 1090 Proconnesuspostea
1101 1031 1148 1072 in
1159 1029 1412 1087 Cyziceno—

45 1115 66 1169 ’,χ
116 1125 219 1155 rum
232 1118 458 1170 potestate
471 1117 583 1153 erat.
601 1134 666 1141 —-
675 1103 1011 1151 Nomenmodo
1023 1101 1239 1146 scribitur
1251 1095 1412 1153 Δηίλο-

114 1198 214 1244 χος,
233 1181 377 1226 modo
399 1178 598 1243 Δηίοχος.
626 1178 745 1224 Huic
778 1178 901 1222 favet
934 1172 1104 1235 praetel
1134 1170 1409 1230 Dionysium

56 1311 57 1314 Ἴ
113 1255 324 1298 scholion
343 1254 500 1315 Apoll.
527 1250 809 1310 Rh.1,139‚
830 1249 912 1298 ubi
930 1261 1090 1294 omnes
1103 1244 1212 1288 libri
1228 1242 1410 1301 conspi-

55 1352 57 1359 ·
114 1335 233 1382 rant3
246 1326 610 1386 mrehquislocls
619 1324 769 1368 codex
778 1322 1006 1367 Parisinus
1016 1315 1222 1377 septies(*
1222 1313 1411 1376 *)habet

87 1445 90 1448 .
115 1395 302 1460 Διίοχος,
327 1398 458 1459 quod
477 1398 646 1443 eodem
667 1396 814 1451 redit,
835 1395 907 1438 bis
922 1407 1062 1436 vero
1052 1386 1248 1451 Διίλοχος
1276 1385 1313 1447 ·*(
1317 1385 1401 1447 *·*)
1387 1421 1403 1456 3

40 1475 46 1483 “
113 1470 287 1515 scholia
319 1471 505 1530 vulgata
531 1469 710 1527 ubique
737 1475 927 1511 tuentur
954 1464 1152 1507 formam
1173 1447 1400 1521 Δηίλοχος,

36 1543 38 1547 ’
113 1550 253 1600 atque
289 1542 353 1586 sic
379 1543 517 1586 etiam
548 1539 860 1600 Stephanusl.
883 1538 915 1580 l.
944 1536 1094 1596 Igitur
1117 1548 1261 1591 quum
1288 1531 1406 1575 scri-

113 1621 304 1672 ptorum
335 1614 608 1659 auctoritate
631 1627 705 1656 res
734 1611 893 1655 dirimi
914 1609 992 1651 vix
1026 1605 1195 1665 possit,
1220 1604 1271 1646 in
1307 1602 1403 1646 fra—

114 1686 309 1746 gmentis
329 1685 506 1744 ubique
522 1685 699 1729 servavi
718 1683 1017 1742 scripturam,
1038 1692 1178 1738 quam
1195 1657 1406 1736 praebent

113 1757 287 1801 scholia
307 1756 509 1816 vulgata.
546 1757 825 1814 Quanquam
864 1753 1063 1796 sormam
1088 1745 1273 1809 Δηίοχος
1298 1762 1401 1790 cum

30 1816 32 1819 ι
113 1828 327 1873 clintone
352 1824 432 1890 (F.
455 1829 517 1876 H.
543 1843 594 1886 p.
628 1826 715 1870 381
739 1825 752 1887 )
779 1835 825 1870 et
846 1821 1098 1869 Dindmfio
1125 1818 1224 1880 (St.
1267 1819 1400 1863 Thes.

111 1915 158 1944 v.
184 1896 380 1962 Εὗγαίων
404 1899 480 1960 )et
496 1901 854 1944 Westermanno
884 1895 897 1956 (
918 1895 977 1940 ad
1000 1891 1126 1939 Voss.
1150 1890 1208 1935 Η.
1229 1907 1279 1950 p.
1309 1891 1399 1949 22)

103 1973 345 2021 *veriorem
369 1987 462 2017 esse
483 1987 648 2016 censeo
673 1968 738 2034 Γ*

114 2045 164 2091 in
178 2045 372 2094 Homeri
394 2046 451 2089 Il.
485 2045 525 2090 O
541 2079 553 2101 ‚
581 2044 669 2094 341
691 2061 703 2100 3
730 2043 857 2089 idem
882 2040 1009 2102 apud
1028 2041 1085 2097 Q.
1114 2036 1402 2096 Smyrnaeum

113 2116 269 2163 Posth.
294 2119 341 2173 I,
363 2116 456 2177 529
473 2132 562 2177 pro
579 2125 804 2176 corrupto
826 2111 988 2176 Δήιχος
1003 2111 1278 2156 novissimus
1298 2108 1402 2153 edi-

113 2196 189 2232 tor
209 2189 423 2233 restituit.
443 2216 506 2224 —-
529 2190 721 2248 Scripsit
741 2187 977 2242 Deiochus
1000 2199 1117 2245 opus
1132 2179 1241 2244 Περὶ
1265 2178 1400 2233 Κυζί-

111 2276 212 2316 κου,
235 2276 438 2320 quorum
457 2262 576 2307 liber
589 2262 767 2321 primus
789 2259 1005 2304 laudatur
1030 2257 1195 2315 fragm.
1221 2253 1266 2298 8.

176 2332 454 2392 Fragmenta
492 2342 662 2391 praeter
694 2346 842 2376 unum
880 2329 1037 2374 omnia
1072 2327 1310 2386 pertinent
1343 2324 1403 2368 ad

0 2443 2 2469 l
63 2464 65 2466 -
112 2418 215 2447 eam
237 2404 469 2463 Cyzicenae
491 2405 696 2448 historiae
725 2412 929 2463 partem,
970 2416 1071 2459 quae
1100 2414 1207 2443 cum
1243 2399 1401 2456 Argo-

111 2484 357 2519 nautarum
386 2475 684 2535 expeditione
713 2473 962 2532 conjuncta
992 2481 1074 2515 est.
1109 2496 1173 2503 —-
1199 2468 1402 2528 Apollo-

102 2540 214 2590 'nius
234 2546 450 2591 Rhodius
473 2562 580 2590 cum
598 2546 811 2590 Deiocho
836 2544 1064 2600 consentit
1095 2541 1155 2585 fr.
1181 2546 1233 2594 4,
1261 2539 1308 2593 6,
1336 2556 1359 2595 7
1385 2555 1397 2594 ;

36 2671 40 2674 ι
111 2617 319 2663 dissentit
344 2634 362 2663 1
385 2632 398 2674 ¹,
427 2618 478 2674 3,
504 2616 556 2674 5,
578 2619 686 2662 coll.
718 2632 764 2661 2.

163 2749 216 2799 (*)
246 2750 543 2800 Προικοννήσιος
576 2749 617 2788 in
647 2747 837 2798 Dionysio
857 2748 885 2786 l.
918 2747 946 2785 l.
970 2745 1032 2786 ed.
1065 2747 1237 2794 Kriiger.
1284 2741 1402 2783 Numi

109 2807 336 2846 constanter
365 2806 645 2857 Προκόννησος.
670 2806 771 2845 Vide
791 2803 1037 2854 Marquardt.
1063 2804 1239 2852 Cyzicus
1267 2811 1306 2850 p.
1328 2803 1400 2848 183

113 2865 693 2914 Boeckh.c.1nscr..1,p.18.

162 2922 233 2973 (**)
261 2925 303 2972 1,
332 2927 423 2963 966.
446 2925 536 2962 976.
538 2894 648 2962 989.
671 2925 782 2960 1061
808 2924 925 2960 1065.
949 2919 1139 2967 1065.11‚
1158 2920 1225 2957 98

161 2952 323 3032 (***)1'‚
352 2983 581 3021 987.1037

161 3035 275 3087 (Μ)
299 3036 586 3076 Sctmeidewin.
605 3036 647 3075 in
649 3030 1400 3084 Zeitschfcf.Alterthumsw.1843,

110 3103 150 3144 p.
173 3096 248 3139 918
279 3093 370 3140 (uti
389 3093 496 3133 disco
516 3104 567 3132 ex
598 3095 796 3132 Creuzero
829 3094 941 3131 Hist.
969 3093 1110 3131 Kunst
1130 3101 1169 3140 p.
1194 3091 1264 3139 51)
1297 3089 1403 3154 apud

111 3151 338 3202 Dionysium
355 3152 548 3202 Δηίλοχον
563 3150 772 3201 legendum
784 3180 796 3200 ,
819 3152 943 3200 atque
963 3150 1073 3189 hunc
1093 3147 1403 3188 Proconnesium

111 3207 390 3259 logographum
405 3208 727 3259 distinguendum
743 3218 827 3247 esse
843 3208 894 3246 ab
907 3207 1065 3257 juniore
1088 3206 1263 3246 Deiocho
1283 3207 1401 3256 Cyzi-

111 3276 209 3306 oeno
230 3266 428 3318 opinatur,
449 3266 566 3314 Quod
581 3266 649 3306 vix
665 3266 853 3316 cuiquam
867 3264 1119 3316 persuaserit.

600 3439 901 3459 w

568 3701 654 3747 DE
689 3700 938 3748 CYZlCO.

498 3799 535 3842 E
571 3798 755 3843 LIBRO
793 3799 1001 3842 PRIMO.

219 3932 222 3933 ⁷
733 3893 774 3934 1.

162 3961 237 4002 Alii
251 3961 479 4002 Thestorem
493 3992 505 4012 ,
522 3962 721 4003 Deiochus
734 3957 854 4003 etiaim
869 3963 1151 4014 Amphiaraum
1168 3975 1261 4003 cum
1275 3969 1396 4015 Argo-

26 4037 50 4077 -‘
111 4022 241 4065 nautis
254 4025 453 4076 navigasse
467 4026 593 4067 aiunt.

207 4128 208 4131 ,
729 4095 772 4133 2.

162 4157 360 4197 Deiochus
385 4158 570 4197 Doliones
594 4169 674 4197 non
690 4158 891 4208 nominat,
911 4159 1102 4210 Cyzicum
1126 4172 1221 4201 vero
1243 4162 1319 4211 ait,
1349 4162 1399 4204 dc

113 4231 251 4269 genere
268 4221 489 4272 principum
505 4222 691 4261 edoctum
703 4253 714 4272 ,
730 4223 902 4274 hospitio
919 4229 1162 4275 Argonautas
1183 4228 1395 4278 excepisse.

292 4294 520 4328 [tuomum
548 4300 645 4329 uisr.
668 4301 732 4329 cn.
758 4303 843 4330 vot..
871 4303 908 4330 u.

741 1966 820 2032 **).
843 1969 973 2014 Idem
998 1980 1174 2014 nomen
1195 1964 1403 2008 occurrit
1433 2001 1439 2016 ,

1468 559 1523 568 Ν
1653 568 1683 573 .-.

1890 738 2044 785 ΠΕΡΙ
2082 737 2371 784 ΚΥΖΙΚΟΥ.

1854 858 1936 901 Ex
1972 856 2152 901 LIBRO
2188 856 2395 899 PRIMO.

2106 981 2145 1007 1.

1552 1054 1709 1102 schol.
1735 1059 1892 1117 Apoll.
1915 1058 2007 1101 Rh.
2031 1060 2077 1112 1,
2117 1058 2205 1116 139
2234 1074 2243 1099 :
2272 1047 2415 1102 Ἄλλοι
2455 1056 2558 1120 φασὶ
2586 1058 2658 1103 καὶ
2688 1061 2773 1106 Θέ-

1485 1148 1616 1193 στορα
1648 1130 1921 1191 συμπλεῦσαι
1952 1128 2038 1180 τοῖς
2065 1127 2389 1192 Ἀργοναύταις·
2422 1127 2607 1191 Δηίοχος
2635 1131 2676 1176 δὲ
2700 1135 2771 1179 καὶ

1484 1206 1764 1271 Αμφιάραον.

2106 1287 2149 1314 2.

1548 1379 1680 1424 Idem
1703 1381 1747 1435 Ι,
1771 1380 1860 1439 961
1895 1395 1904 1422 :
1934 1380 2224 1437 Argonautas
2245 1380 2458 1437 Cyzicum
2492 1381 2773 1438 appellentes

1490 1454 1679 1512 Cyzicus
1703 1467 1787 1496 rex
1821 1460 1868 1495 et
1885 1451 2111 1496 Doliones
2136 1447 2331 1514 φιλότητι
2364 1449 2675 1507 ἀντήσαντες...
2705 1452 2771 1496 εὖ·

1482 1511 1625 1576 ξείνως
1641 1521 1863 1586 ἀρέσαντο.
1892 1525 1961 1567 Ita
1978 1522 2273 1580 Apollonius.
2294 1527 2308 1578 ]
2335 1520 2549 1585 Δηίλοχος
2578 1521 2673 1575 τοὺς
2696 1522 2770 1582 μὲν

1480 1593 1772 1645 Δολίοναςοῦκ
1785 1591 2010 1655 ὀνομάζει,
2035 1590 2106 1637 τὸν
2126 1590 2170 1638 δὲ
2201 1591 2384 1647 Κύζικον
2410 1594 2515 1657 φησὶ
2535 1593 2771 1654 πυθόμενον

1479 1665 1556 1722 τὴν
1581 1668 1667 1712 τῶν
1687 1661 1896 1730 ἀριστέῳν
1930 1663 2081 1727 γενεὰν
2112 1662 2287 1718 ξενίσαι.
2311 1682 2363 1690 -·
2384 1669 2642 1712 Dolionum
2676 1684 2772 1710 non

1478 1740 1690 1783 meminit
1712 1739 1975 1794 Deiochus‚
2013 1747 2177 1797 utpote
2196 1740 2363 1798 populi
2395 1741 2629 1799 Cyzicenis
2659 1740 2771 1783 sub—

1474 1811 1601 1869 jecti.
1626 1812 1683 1856 V.
1713 1810 2005 1868 Marquardt.
2036 1811 2220 1868 Cyzicus
2243 1828 2286 1855 u.
2314 1817 2413 1856 sein
2438 1813 2599 1855 Gebiet
2621 1811 2635 1872 (
2656 1814 2770 1856 Ber-

1480 1886 1543 1926 lin
1575 1883 1696 1927 1836
1723 1881 1735 1945 )
1761 1899 1811 1942 p.
1836 1887 1914 1934 42.
1996 1889 1999 1891 ’

1550 2046 1683 2092 Idem
1706 2049 1748 2109 Ι,
1770 2046 1867 2106 966
1894 2063 1904 2090 ε
1933 2042 2056 2093 ’Ἔνθ’
2081 2043 2122 2092 οῗ
2144 2044 2182 2107 γ’
2221 2042 2449 2111 Έκῧασίῳ
2468 2045 2615 2110 βωμὸν
2642 2045 2767 2092 Θέσαν

1478 2117 1738 2175 Ἀπόλλωνι,
1756 2114 1998 2177 Εἷσάμενοι
2027 2114 2148 2179 παρὰ
2172 2118 2264 2162 θῖνα
2286 2121 2303 2179 J
2331 2117 2436 2164 Ἀπὸ
2460 2122 2534 2175 τῆς
2549 2116 2765 2169 ἐκὸἄσεως

1476 2194 1553 2247 τῆς
1571 2188 1675 2242 νεὼς
1693 2187 1764 2235 ἐπὶ
1784 2187 1862 2244 τὴν
1885 2185 2124 2234 Δολιονίαν.
2193 2187 2406 2251 Δηίλοχος
2424 2187 2467 2234 δὲ
2490 2189 2537 2234 τὸ
2557 2190 2666 2252 ἱερὸν
2693 2189 2769 2234 οὐκ

1477 2260 1712 2326 Ἐκὸασῖου
1751 2258 2021 2312 ’Λπόλλωνος
2056 2259 2185 2318 φησὶν
2225 2251 2332 2306 εἶναι
2347 2297 2360 2318 ,
2410 2262 2506 2307 ἀλλ’
2556 2260 2766 2308 Ἰασονίου

1477 2333 1758 2386 Ἀπόλλωνος.
1784 2329 2030 2394 Σωκράτης
2055 2329 2100 2377 δὲ
2136 2333 2178 2377 ἐν
2205 2332 2298 2384 ταῖς
2323 2332 2608 2390 Ἔπικλήσεσι
2640 2335 2770 2386 Κυζι-

1477 2410 1605 2463 κηνοῦ
1627 2404 1890 2455 Ἀπόλλωνος
1910 2403 2014 2466 φησὶ
2034 2403 2278 2450 καλεῖσθαι.

1543 2478 1613 2523 Cf.
1634 2476 1923 2536 Marquardt.
1950 2477 1981 2519 l.
2007 2477 2037 2520 l.
2054 2491 2103 2534 p.
2134 2475 2239 2519 130.

2102 2580 2147 2626 4.

1482 2698 1486 2703 ·
1544 2675 1677 2720 Idem
1701 2677 1742 2730 Ι,
1770 2675 1865 2734 976
1894 2690 1906 2716 ἰ
1934 2669 2123 2730 Κλείτη,
2167 2671 2358 2735 θυγάτηρ
2393 2671 2620 2735 Μέροπος,
2651 2674 2769 2736 Περ-

1477 2743 1634 2792 κωσίου
1649 2742 1697 2790 τὸ
1712 2742 1846 2806 γένος,
1861 2742 2066 2804 μάντεως,
2086 2742 2139 2800 ἣν
2161 2741 2342 2797 Κύζικος
2363 2743 2538 2806 ἔγημεν,
2558 2745 2617 2795 ὡς
2640 2745 2757 2790 ἱστο-

1480 2824 1543 2883 ρεῖ
1565 2815 1779 2880 Δηίλοχος
1802 2815 1877 2862 καὶ
1898 2813 2100 2880 Ἔφορος.

1483 2915 1486 2919 ·
1543 2891 1611 2936 Cf.
1637 2891 1789 2936 Valer.
1819 2890 1890 2934 Fl.
1915 2891 2009 2945 111,
2042 2905 2127 2945 103
2173 2890 2339 2934 Conon
2365 2895 2452 2944 413
2499 2889 2770 2934 Parthenius

1477 2966 1608 3010 Erot.
1636 2963 1715 3007 26.
1742 2963 1894 3007 Aliam
1918 2962 2220 3006 traditionem
2254 2962 2466 3020 sequitui
2496 2964 2764 3021 Eupholio

1476 3051 1568 3081 sec.
1611 3051 1751 3095 quam
1779 3034 1967 3094 Cyzicus
1989 3035 2191 3078 moritu1
2221 3031 2511 3095 μελλόγαμος,
2535 3051 2620 3083 nec
2645 3036 2745 3080 Clit
2746 3054 2769 3077 e

1477 3123 1670 3168 sponsus
1691 3117 1783 3162 est,
1806 3107 1888 3151 sed
1907 3100 2090 3152 Larissae
2116 3107 2234 3150 Piasi
2254 3105 2375 3150 filiae.
2401 3106 2518 3151 Vide
2549 3109 2764 3150 Parthen.

1477 3180 1510 3223 l.
1542 3180 1575 3224 1.
1597 3188 1643 3223 et
1676 3164 1823 3223 schol.
1846 3179 2004 3237 Apoll.
2031 3176 2081 3235 Ι,
2122 3177 2242 3222 1063
2267 3178 2563 3222 emendatum
2590 3194 2615 3223 a
2648 3181 2764 3221 Mei—

1477 3252 1621 3296 nekio
1645 3251 1705 3296 ad
1724 3251 1938 3310 Euphor.
1978 3266 2027 3310 p.
2055 3211 2116 3293 60
2143 3248 2285 3309 (0011.
2309 3266 2357 3309 p.
2390 3250 2528 3309 180).
2554 3251 2622 3294 Cf.
2648 3249 2703 3293 M
2697 3267 2766 3294 u

1479 3339 1597 3382 quar
1600 3323 1667 3367 dt.
1695 3339 1744 3381 p.
1777 3328 1857 3375 41.

2103 3394 2147 3438 5.

1542 3492 1674 3537 idem
1701 3496 1746 3547 Ι,
1783 3493 1874 3553 987
1901 3509 1913 3536 :
1947 3491 2084 3544 Χυτὸς
2105 3492 2236 3552 λιμὴν
2269 3494 2311 3538 ἐν
2343 3492 2516 3556 Κυζίκῳ
2550 3493 2659 3539 οὕτω
2689 3514 2765 3539 κα-

1477 3562 1697 3626 λούμενος.
1723 3562 2042 3628 Ἐπεχείρησαν
2061 3562 2145 3628 γὰρ
2164 3565 2202 3609 οἱ
2227 3565 2442 3626 Πελασγοὶ
2462 3567 2602 3627 χῶσαι
2624 3567 2765 3622 αὐτὸν,

1526 3771 1723 3810 Deioclius
1742 3771 1878 3810 sanum
1906 3770 2042 3821 (quod
2064 3771 2102 3810 in
2136 3771 2359 3810 Dolioniam
2389 3773 2624 3821 appellentes
2649 3777 2763 3819 Arpo-

1474 3836 1606 3874 nautae
1622 3834 1958 3883 dedicarunt)non
1968 3834 2156 3885 Apollinis
2168 3834 2335 3883 Ecbsssii,
2349 3834 2415 3871 sed
2429 3835 2613 3883 Apollinis
2626 3837 2763 3874 lampii

1476 3898 1593 3937 fuisse
1612 3898 1745 3937 tradit.

2104 3969 2143 4012 4.

1526 4031 1649 4080 Clite,
1668 4032 1836 4081 Meropis
1852 4032 1932 4070 filia
1947 4063 1957 4079 ‚
1984 4031 2150 4071 Percosii
2167 4040 2329 4079 genere,
2353 4031 2472 4078 vatis3
2494 4042 2578 4067 eam
2599 4042 2760 4068 uxos-vm

1474 4094 1589 4134 duxit
1609 4095 1775 4144 Cyzicus
1790 4125 1800 4143 ‚
1819 4095 1875 4133 uti
1896 4095 2060 4134 tradunt
2084 4093 2275 4133 Deioclius
2291 4094 2329 4129 et
2350 4093 2538 4140 Epium-ns.

2096 4164 2139 4202 5.

1525 4232 1647 4276 Χυτὸς
1663 4233 1790 4282 λιμήν,
1810 4234 2005 4280 aqqeseus
2019 4233 2236 4281 portusffld
2258 4231 2458 4278 Cyzicum.
2481 4233 2512 4269 Η
2520 4242 2593 4268 unc·
2615 4231 2757 4278 Pelasgi
