3016 4628
258 293 348 332 3⁴⁶3

254 381 447 447 εἷρῆσθαί
473 398 598 447 φησιν
620 382 642 426 6
666 377 951 439 Θεόπομπος·
969 374 1017 422 τό
1038 393 1082 422 τε
1107 393 1203 439 περι
1222 374 1270 420 τὸ
1290 374 1436 420 πλοῖον
1461 373 1536 418 οὐκ

255 455 342 501 ἀπὸ
363 454 579 518 Μεγάρων
601 455 677 509 τῆς
704 450 926 506 Σικελίας,
950 447 1036 494 ἀπὸ
1065 446 1109 494 δὲ
1128 445 1278 509 Σάμου
1304 443 1470 510 φησὶθε
1473 462 1533 490 ω-

256 531 455 592 ρηθ7ναι·
475 525 548 572 καὶ
568 523 647 581 τὴν
678 522 909 587 Συὸάρεως
928 520 1086 567 ἅλωσιν
1112 517 1180 566 ἐπὶ
1200 517 1276 576 τὴν
1300 515 1535 573 Μεσσήνης

258 597 570 660 μετατέθεικεν·
587 595 659 644 ἵνα
677 594 722 643 δέ
734 615 774 642 τι
791 596 896 659 δοκῇ
913 591 1051 656 λέγειν
1065 589 1274 656 περιττὸν,
1295 588 1368 637 καὶ
1383 591 1457 634 τοῦ
1477 586 1538 642 ξέ-

255 691 327 718 νου
365 669 607 735 προτέθεικε
642 668 852 730 τοῦνομα,
895 665 1107 729 Περίλαον
1154 664 1232 709 αὐτ
1235 661 1279 708 ὸν
1314 661 1537 707 κα)εἷσθαι

254 742 410 807 λέγων.
437 748 491 791 V.
498 742 806 802 Theopompi
831 740 885 785 fr.
912 739 990 785 66.
1016 738 1371 796 Theopompum
1395 733 1539 777 secuti

253 819 416 863 Cicero
440 819 508 862 De
532 816 676 862 divin.
703 816 741 869 Ι,
768 829 811 868 2,
830 812 1002 856 Plinius
1020 811 1076 855 H.
1099 811 1155 854 N.
1179 810 1248 863 ΙΙ,
1279 823 1355 865 79,
1385 805 1533 862 Apol-

252 891 348 936 lon.
378 890 494 935 nist.
519 889 622 932 Mir.
649 902 687 932 c.
713 884 756 931 5.

866 972 888 985 Π

872 989 906 1011 Ι.

244 1102 247 1108 ,
321 1058 498 1104 Suidas.
543 1054 763 1116 Σαμίων
799 1054 820 1096 6
855 1051 1026 1111 δῆμος
1058 1049 1122 1100 ὡς
1146 1042 1534 1107 πολυγράμμα·

253 1148 378 1183 τος..
384 1127 487 1176 ,ὅτι
510 1126 630 1191 παρὰ
652 1122 829 1186 Σαμίοις
855 1120 1003 1186 εὑρέθη
1024 1117 1204 1182 πρώτοις
1224 1115 1278 1163 τὰ
1299 1116 1362 1162 κδ’
1387 1114 1534 1178 γράμυ

248 1219 375 1263 ,ματα
392 1199 474 1247 ὑπὸ
492 1194 831 1260 Καλλιστράτου,
857 1196 912 1246 ὡς
933 1191 1154 1256 Ἄνδρων’
1136 1209 1179 1236 εν
1200 1188 1397 1254 Ἰρίποδι.
1421 1186 1535 1240 Τους

257 1272 302 1319 δὲ
326 1271 568 1330 Ἀθηναίους
596 1269 738 1317 ἔπεισε
762 1269 949 1332 χρησθαι
971 1283 1057 1317 τοις
1091 1265 1176 1310 τῶν
1208 1260 1363 1310 Ἰώνων
1388 1260 1533 1325 γράμ-

258 1363 389 1407 μασιν
415 1344 604 1408 Ἀρχῖνος
633 1346 654 1388 6
690 1341 906 1397 Αθηναῖος
942 1338 1008 1384 ἐπ’
1042 1335 1245 1400 ἄρχοντος
1275 1332 1530 1382 Εὐκλείδου

254 1414 350 1470 τοὺς
375 1414 417 1462 δὲ
443 1413 739 1464 Βαὸυλωνίους
770 1408 930 1464 ἐδίδαξε
956 1407 1024 1455 διὰ
1066 1405 1389 1471 Καλλιστράτου
1420 1404 1531 1469 Ἀρι·

256 1486 465 1553 στοφάνης
495 1487 606 1533 ἔτεσι
636 1483 717 1549 πρὸ
740 1501 811 1529 του
848 1479 1081 1529 Εὐκλείδου
1105 1478 1168 1525 κδ’
1192 1478 1261 1524 ἐπὶ
1296 1475 1528 1530 Εὐκλέους.

256 1560 366 1624 Περὶ
391 1559 434 1606 δὲ
454 1578 527 1606 του
551 1556 772 1608 πείσαντος
795 1555 954 1616 ιστορεῖ
979 1550 1239 1612 Θεόπομπος
1269 1551 1355 1612 (fr.
1386 1550 1475 1611 169
1496 1546 1528 1612 )

320 1632 538 1696 Ἀρχῖνοςὸ
551 1629 860 1687 Ἀθηναῖος]5ἰο
873 1627 1054 1686 Taylor.
1071 1626 1219 1671 inVit.
1236 1627 1339 1684 Lys.
1353 1639 1403 1684 p.
1428 1628 1531 1676 142.

253 1703 462 1767 Ἀρχῶνος
492 1706 514 1749 6
538 1699 756 1759 Ἀθηναίου
795 1699 1004 1759 Apostol.
1036 1698 1193 1753 XVII,
1223 1696 1310 1754 25,
1335 1692 1533 1758 Ἀρχίνου

254 1777 276 1820 6
309 1773 529 1832 Ἀθηναίου
565 1774 705 1821 codd.
738 1776 791 1819 A.
821 1773 872 1818 B.
897 1773 950 1817 V.
973 1771 1024 1816 E.
1055 1769 1129 1814 ed.
1156 1769 1282 1817 Med.
1318 1766 1533 1831 Ἀρχίνους

253 1849 275 1892 6
308 1846 525 1904 Ἀθηναίου
562 1847 635 1893 ed.
679 1848 798 1901 Bas.;
828 1843 1121 1902 corruptiora
1167 1843 1302 1886 etiam
1343 1841 1535 1886 Photius

251 1935 288 1966 5.
315 1920 363 1966 1ι.
387 1936 430 1965 ν.
454 1951 514 1960 -.
535 1917 599 1963 κδ’
626 1916 724 1978 ἐπὶ]
750 1933 822 1961 και
850 1912 919 1960 ἐπὶ
944 1913 1084 1960 codd.
1107 1923 1152 1958 et
1176 1913 1308 1957 editt.
1337 1913 1460 1960 Med.
1489 1923 1535 1958 et

252 1991 378 2048 A-ld.;
399 1989 467 2036 κα’
488 1985 701 2049 εᾱ.’Βει5.;
724 1987 796 2033 καὶ
810 1984 1066 2037 Ἐπικλέους
1076 1987 1310 2045 Apostol.;
1324 1984 1389 2031 κδ’
1408 2001 1533 2033 corr.

252 2064 429 2108 Corsin.
458 2065 508 2109 F.
536 2066 591 2108 A.
611 2064 708 2121 ΙΙΙ,
732 2060 822 2105 255
839 2096 850 2117 ,
874 2061 1075 2106 Clinton.
1099 2061 1150 2104 F.
1177 2061 1235 2106 H.
1258 2059 1331 2104 ad.
1353 2075 1397 2106 a.
1423 2059 1533 2111 426.

249 2136 460 2180 Ceterum
485 2136 543 2180 cf.
570 2135 746 2194 Ephori
773 2135 829 2180 fr.
858 2132 974 2191 128,
998 2131 1189 2179 Duridis
1208 2132 1263 2177 fr.
1289 2132 1368 2179 60.

314 2209 381 2251 Ex
391 2207 555 2252 eodem
565 2206 799 2251 Andronis
811 2207 916 2250 loco
925 2205 1069 2264 petita
1080 2203 1253 2249 fuerint
1265 2221 1366 2265 quae
1379 2205 1538 2267 leg-un-

248 2289 324 2324 tur
338 2281 385 2324 in
401 2280 544 2324 Bekk.
565 2279 740 2324 Anecd.
759 2294 808 2338 p.
832 2278 940 2335 782,
963 2294 1019 2338 19
1041 2294 1051 2322 ε
1071 2275 1306 2334 Φοινικήϊα
1321 2275 1375 2324 τὰ
1392 2276 1536 2342 γράμ-

250 2369 366 2411 ματα
397 2349 615 2412 ἐλέγοντο,
648 2346 704 2402 ὥς
729 2367 911 2414 φησιν...
936 2346 1124 2413 Ἄνδρων
1161 2348 1235 2395 καὶ
1258 2348 1536 2414 Μενεκράτης

248 2426 271 2469 6
296 2422 515 2476 Ὀλύνθιος
535 2421 620 2468 ἀπὸ
651 2420 857 2479 Φοινίκης
877 2425 952 2479 τῆς
973 2419 1213 2475 Ἀκταίονος
1232 2422 1453 2485 θυγατρός.

647 2581 901 2626 ANDRON
937 2582 1133 2626 TEJUS.

696 2690 734 2735 11
743 2688 1079 2736 ΕΡΙΠΛΟΥΣ.

870 2801 910 2828 1.

318 2877 472 2921 Schol.
499 2878 650 2936 Apoll.
688 2878 841 2924 Rhod.
866 2881 940 2935 11,
984 2878 1074 2932 354

253 2944 538 3010 Ἡράκλειαν,
583 2947 635 3005 ἣν

1114 2895 1123 2922 :
1160 2875 1300 2941 Ἄκρα
1325 2876 1438 2925 κατὰ
1457 2878 1535 2936 τὴν

674 2948 938 3013 Ἀχερούσιον
974 2952 1177 2997 καλοῦσιν
1218 2953 1257 2998 οἵ
1306 2949 1525 3016 ἐγχώριοι.

254 3093 333 3122 non
352 3082 402 3122 ab
418 3084 601 3134 Megaris,
624 3085 765 3126 Siciliae
794 3087 908 3137 urbe,
929 3088 995 3127 sed
1021 3089 1071 3128 ab
1089 3091 1208 3129 Samo
1243 3089 1376 3129 visum
1403 3090 1534 3130 fuisse.

256 3148 457 3186 Postremo
473 3148 629 3197 sybaris
644 3150 884 3190 eversionem
899 3152 950 3190 ad
976 3154 1166 3192 Messanae
1186 3153 1341 3194 cladem
1356 3155 1534 3194 transtu-

256 3209 313 3248 lit.
336 3212 388 3250 Ut
414 3221 507 3249 vero
523 3212 640 3251 etiam
672 3214 762 3252 novi
792 3214 939 3264 aliquid
972 3216 1104 3255 afferri
1131 3216 1347 3269 videretur,
1371 3218 1537 3270 hospitis

255 3283 413 3375 ἶὲιοιιιιο
435 3285 577 3314 nomen
594 3275 787 3327 adjunxit,
809 3279 1004 3318 Perilaum
1039 3281 1167 3330 ipsum
1197 3283 1419 3333 nuncupari
1439 3282 1536 3322 scri·

307 3346 364 3376 ns.

862 3412 903 3449 7.

306 3471 531 3512 Samiorum
554 3475 719 3523 populus
735 3477 747 3524 (
763 3476 812 3514 ab
842 3477 1097 3528 Aristophane
1121 3480 1159 3519 in
1179 3482 1401 3533 Babyloniis
1421 3483 1434 3533 )
1451 3496 1523 3522 πο-

256 3535 522 3587 λυγράμματος
552 3536 695 3576 dieitur
724 3541 929 3590 propterea
947 3542 1055 3592 quod
1076 3544 1180 3594 apud
1209 3547 1360 3585 Samios
1397 3545 1537 3596 viginti

258 3601 447 3649 quattuor
464 3599 586 3639 literoe
609 3601 777 3650 primum
797 3603 966 3643 inventae
991 3606 1121 3646 sunta
1134 3609 1359 3650 Callistrato
1370 3639 1381 3659 ,
1398 3611 1443 3649 ut
1455 3613 1536 3650 An-

258 3663 357 3701 dron
374 3663 412 3701 in
428 3663 597 3713 Tripode
612 3667 759 3704 narrat.
783 3667 971 3707 Archinus
985 3680 1078 3708 vero
1092 3672 1334 3713 Atheniensis
1348 3674 1538 3715 archonte

258 3725 418 3765 Euclide
433 3726 730 3766 Atheniensibus
747 3730 950 3778 persuasit,
962 3734 1007 3771 ut
1023 3735 1160 3774 Ionum
1175 3736 1298 3776 literis
1315 3739 1534 3777 uterentur.

257 3791 534 3841 Aristophanes
573 3794 706 3831 autem
738 3793 971 3843 Babylonios
996 3797 1131 3838 docuit
1155 3811 1223 3850 per
1266 3803 1537 3844 Callistratum

257 3854 369 3893 annis
392 3855 526 3905 viginti
543 3857 733 3905 quattuor
756 3859 847 3896 ante
867 3859 1069 3899 Euclidem
1092 3863 1165 3901 sub
1192 3865 1311 3904 Eucle
1331 3866 1535 3908 archonte.

310 3920 519 3959 Phoenicioe
539 3920 662 3960 literae
685 3920 802 3961 dictae
829 3924 942 3972 sunt,
962 3925 1019 3963 uti
1043 3926 1200 3966 Andron
1221 3933 1259 3968 et
1292 3932 1538 3972 Menecrates

257 3983 467 4032 Olynthius
487 3986 671 4034 narrant,
686 3984 736 4024 ab
753 3985 934 4026 Phoenice
950 3989 1144 4028 Actaeonis
1165 3991 1255 4032 filia.

729 4062 1045 4113 PERlPLUS.

311 4222 630 4261 promontorium
646 4221 695 4261 ad
725 4223 954 4263 Heracleam
972 4226 1052 4274 est,
1075 4226 1181 4276 quod
1200 4228 1456 4270 Acherusium
1481 4232 1533 4271 in-

1328 272 1407 320 AN
1416 270 1588 320 DRON
1626 266 1832 316 TEJUS.

1610 367 1852 434 Ἡρόδωρος
1865 363 1910 412 δὲ
1930 364 2015 424 (fr.
2032 325 2114 423 25)
2129 358 2203 407 καὶ
2222 357 2447 424 Εὐφορίων
2465 357 2508 405 ἐν
2525 359 2586 424 τῷ
2603 356 2745 423 Ξενίῳ
2761 351 2953 422 {mim-:³

1610 440 1715 530 φασὶ
1742 438 1812 486 τὸν
1838 435 2084 509 Κέρὸερον
2087 435 2275 497 ἀν’ῆχθαι
2301 430 2384 478 ὑπὸ
2408 449 2484 478 του
2515 406 2809 496 Ἡρακλέους,
2829 409 2948 489 κοί1[”

1611 512 1763 575 ἐμέσαι
1794 508 1950 574 χολήν
1984 506 2026 561 ἕξ
2054 511 2104 563 ἧς
2142 508 2299 571 φυῆναῑ
2333 502 2381 550 τὸ
2415 502 2680 566 καλούμενον
2710 503 2954 566 induentem
3006 526 3007 554 γ

1611 583 1853 673 φάρμακον.
1880 579 2070 645 Ἄνδρων
2097 577 2141 625 δὲ
2177 580 2200 623 6
2223 575 2398 634 Τήϊος’
2379 595 2423 623 εν
2447 578 2509 642 τῷ
2546 574 2754 650 Περίπλῳ
2772 570 2957 642 φησὶῃῖ
3006 623 3007 634 5

1611 654 1839 720 Ἀχέροντα
1865 651 1959 700 τινὰ
2000 652 2255 715 βασιλεῦσαι
2287 650 2372 695 τῶν
2410 647 2579 708 τόπων,
2606 640 2656 696 οῧ
2691 637 2951 713 θυγατὲρᾳῖ

1609 726 1805 789 γενέσθαι
1828 724 2092 790 Δαρδανίδα.
2113 721 2268 786 Ταύτῃ
2291 722 2336 769 δὲ
2357 720 2582 786 Ἡρακλέα
2598 711 2930 780 emendemur*
2955 719 2957 734 ³
2997 711 3001 769 ᾗ

1611 798 1842 864 εσχηκέναι
1874 796 1963 844 υἱὸν
1990 793 2189 858 Ποιμένα
2225 793 2473 858 λεγόμενον.
2503 792 2821 842 Ἀποθανόντων
2858 792 2955 847 δὴ·
2997 819 3001 822 -

1610 870 1723 919 κατὰ
1742 871 1813 918 τὸν
1836 868 1964 916 αὐτὸν
1987 867 2140 932 χρόνον
2164 870 2241 925 τῆς
2263 885 2310 913 τε
2330 864 2595 930 Δαρδανίδος
2615 863 2691 913 καὶ
2710 883 2786 914 του
2810 865 2927 944 υἱοῢξ
2996 877 3001 919 j

1610 946 1741 1000 αὐτῆς
1763 941 2002 1004 Ποιμένος,
2023 939 2118 994 τοὺς
2133 939 2288 993 τόπους
2305 939 2380 986 ἀπ’
2401 939 2542 986 αὐτῶν
2559 939 2772 996 κληθῆναι
2791 918 2927 1021 κατᾷίῗ
2931 939 2959 987 ³:
2999 987 3002 989 Α

1609 1014 1686 1073 τὴν
1713 1013 1974 1080 Ἡράκλειαν
2001 1010 2248 1076 Δαρδανίδα
2270 1029 2317 1058 τε
2341 1010 2415 1058 καὶ
2436 1010 2579 1074 Ποιμέ
2582 1029 2650 1060 να.
2923 999 2937 1007 ’

2235 1124 2278 1153 2.

1675 1206 1807 1251 Idem
1824 1207 1892 1263 II,
1914 1205 2035 1292 946
2039 1220 2049 1250 :
2083 1200 2215 1255 Πόλις
2233 1205 2308 1249 τοῦ
2326 1173 2495 1251 Πόντου
2515 1203 2544 1259 ἡ
2566 1199 2746 1260 Σινώπη
2759 1235 2774 1263 ,
2795 1179 2934 1253 ιῗιινοοῖι

1594 1276 1813 1341 μμασμένη
1854 1275 1940 1323 ἀπὸ
1981 1295 2057 1334 της
2099 1274 2296 1323 Ἀσωπου
2338 1272 2546 1339 θυγατρὸς
2587 1271 2818 1331 Σινώπης·
2851 1270 2927 1339 {vs}
2958 1290 2959 1293 ¹
2998 1288 3001 1290 ·

1610 1349 1812 1442 ἁρπάσας
1834 1353 1855 1397 6
1880 1347 2127 1410 Ἀπόλλων,
2148 1346 2262 1396 κατὰ
2280 1346 2628 1413 Φιλοστέφανον,
2652 1344 2740 1394 ἀπὸ
2761 1346 2907 1396 Βοιω-
2999 1355 3002 1357 ’

1607 1424 1701 1477 τίας
1739 1421 1951 1514 ἐκόμισεν
1971 1423 2030 1476 εἷς
2063 1420 2135 1469 τὸν
2165 1420 2354 1483 Πόντον,
2385 1419 2459 1468 καὶ
2491 1418 2628 1484 μιγεὶς
2653 1420 2762 1485 αὐτῇ
2805 1413 2935 1484 ἔσχεΓ
2998 1446 3001 1447 ’

1610 1495 1774 1562 Σύρον,
1802 1495 1873 1561 ἀφ’
1903 1498 1951 1543 οὖ
1977 1497 2016 1543 οι
2043 1493 2191 1559 Σύροι.
2218 1493 2312 1551 Ἰὴν
2333 1491 2379 1542 δὲ
2397 1495 2480 1541 τῶν
2503 1491 2737 1558 Ἀσσυρίων
2757 1483 2945 1559 χώραν,

1609 1568 1893 1634 Λευκοσύρων
1907 1587 2011 1634 φησι
2028 1567 2254 1615 καλεῖσθαι
2264 1564 2487 1633 ΗΑνδρων
2468 1585 2511 1614 εν
2522 1585 2584 1632 τῳ
2551 1564 2707 1632 ωΠερὶ
2719 1565 2921 1628 Πόντου,Γ

1608 1640 1721 1688 κατὰ
1760 1640 2015 1707 ἀντίφρασιν
2050 1641 2134 1686 τῶν
2176 1639 2220 1686 ἐν
2250 1642 2324 1725 τῇω
2335 1637 2524 1704 Φοινίκῃ
2563 1636 2735 1703 Σύρων.
2770 1636 2829 1688 Ὃ
2862 1629 2938 1687 δὶ-Δ

1609 1713 1745 1771 Τήϊος
1774 1711 1967 1779 Ἄνδρων
1996 1711 2102 1779 φησὶ
2130 1711 2232 1775 μίαν
2266 1713 2351 1759 τῢν
2384 1709 2630 1775 Ἀμαζόνων
2664 1709 2933 1778 φεύγουσαν.Ὶ

1609 1789 1667 1840 εἷς
1698 1786 1863 1835 Πόντον
1897 1786 2121 1852 γήμασθαι
2150 1787 2213 1849 τῷ
2236 1787 2320 1833 τῶν
2341 1783 2483 1832 τόπων
2513 1783 2686 1832 ἐκείνων
2711 1783 2909 1850 βασιλεῖ,
2935 1827 2937 1830 Α

1609 1859 1815 1907 πίνουσάν
1856 1879 1903 1907 τε
1941 1858 2142 1909 πλεῖστον
2177 1833 2309 1921 όίνον,
2351 1860 2645 1922 ὀνομασθηναι
2679 1857 2946 1919 Σανᾶπην,’[’

1608 1932 1755 1991 ἐπειδὴ
1778 1932 2156 1999 μεταφραζόμενον
2182 1936 2308 2006 τοῦτο
2334 1931 2536 1994 σημαίνει
2567 1930 2646 1990 τὴν
2669 1931 2812 1980 πολλὰ
2829 1930 2910 1979 πί-
2937 1978 2951 2001 5

1610 2025 1781 2056 νουσαν.
2930 2018 2935 2024 ’

1677 2080 1744 2128 Cf.
1780 2081 1898 2126 ibid.
1929 2097 1940 2125 ε
1977 2078 2105 2127 Ἐπεὶ
2143 2077 2188 2125 δὲ
2211 2079 2249 2126 οἱ
2274 2077 2449 2141 μέθυσοι
2474 2076 2681 2126 Σανάπαι
2711 2073 2951 2139 λέγονται

1610 2150 1732 2216 παρὰ
1758 2149 1922 2217 Θραξὶν
1963 2143 2019 2215 (ᾗ
2056 2149 2268 2215 διαλέκτῳ
2306 2152 2499 2216 χρῶνται
2528 2149 2604 2198 καὶ
2627 2147 2934 2218 Ἀμαζόνες),

1610 2225 1822 2283 κληθηναι
1862 2222 1940 2281 τὴν
1985 2222 2131 2271 πόλιν·
2170 2221 2320 2270 ἔπειτα
2355 2221 2470 2270 κατὰ
2505 2220 2664 2289 φθορὰν
2711 2219 2929 2283 Σινώπη.

1612 2296 1669 2345 ‘H
1690 2296 1733 2344 δὲ
1755 2296 1934 2358 μέθυσος
1959 2295 2196 2359 Ἀμαζὼν’
2178 2315 2226 2344 εκ
2243 2298 2320 2353 τ’ἧς
2340 2294 2506 2349 πόλεως
2524 2292 2787 2360 παρεγένετο
2803 2292 2927 2360 πρὸς

1611 2368 1824 2429 Λυτίδαν,
1836 2366 1893 2423 ὥς
1909 2387 2013 2432 φησι
2030 2367 2363 2432 Ἑκαταιοςῌίκ
2385 2368 2495 2428 351,
2511 2370 2621 2415 coll.
2644 2367 2736 2415 352
2745 2366 2918 2433 ,353‘5‘
2919 2379 2959 2434 5321

1611 2444 1960 2505 Philostephani
1990 2445 2150 2490 locum
2173 2443 2343 2489 eodem
2362 2443 2510 2489 modo
2531 2442 2722 2489 exhibet
2747 2443 2917 2507 Εῐγωρξ·
2952 2435 2965 2504 Ξ

1612 2520 1676 2563 Μ.
1719 2534 1768 2578 p.
1818 2516 1937 2575 736,
1988 2534 2027 2562 1.
2069 2518 2237 2562 Paullo
2273 2517 2409 2562 aliter
2449 2531 2551 2561 rem
2587 2522 2748 2560 narrat
2786 2513 2927 2573 idemj‘v

1617 2607 1671 2651 p.
1709 2589 1830 2648 713,
1869 2589 1978 2636 51:
2003 2587 2186 2647 Σινώπη
2225 2587 2348 2642 πόλις
2383 2586 2523 2635 ἐστίν·
2555 2585 2725 2651 εἴρηται
2747 2583 2794 2633 δὲ
2824 2577 2965 2635 ἀπὸ

1611 2662 1818 2720 Σινώπης
1834 2682 1910 2720 της
1931 2661 2129 2710 Ἀσωποῦ
2154 2659 2388 2725 θυγατρός·
2414 2659 2468 2718 ἣν
2493 2658 2670 2722 ἐκόμισε
2689 2655 2800 2712 Ζεὺς
2821 2655 2942 2705 ἀπὸ
2956 2665 2957 2668 ’

1609 2734 1837 2800 Ἀσσυρίας
1861 2754 1921 2789 εις
1940 2734 2011 2783 τὸν
2038 2735 2204 2783 Πόντον
2221 2770 2232 2792 ,
2263 2731 2519 2798 βουλόμενος
2555 2728 2690 2788 αὐτὴν
2710 2731 2905 2798 διαφθεῖ-

1612 2826 1707 2871 ραι,
1733 2806 1897 2870 ὀμόσας
1921 2805 2073 2854 δώσειν
2101 2808 2210 2870 αὐτῇ
2235 2804 2258 2852 ὃ
2284 2804 2508 2870 βούλεται·
2529 2807 2557 2861 ἡ
2580 2802 2626 2851 δὲ
2649 2802 2729 2862 τὴν
2748 2805 2912 2869 παρθε-

1610 2878 1704 2926 νίαν
1724 2878 1931 2945 ᾐτήσατο.
1958 2878 2013 2929 Ὁ
2034 2879 2078 2926 δὲ
2102 2874 2292 2942 Ἄνδρων
2317 2875 2469 2942 φησὶν,
2497 2875 2602 2938 μίαν
2621 2877 2707 2923 τῶν
2723 2872 2909 2938 Ἀμαζό·
2929 2868 2934 2872 ”

1612 2970 1695 2998 νων
1717 2955 1936 3018 φυγοῦσαν
1955 2953 2012 3006 εἷς
2039 2950 2202 3000 Πόντον
2217 2948 2339 3015 παρὰ
2356 2948 2428 2996 τὸν
2455 2946 2638 3014 βασιλέα
2655 2950 2730 2995 τοῦ
2749 2937 2933 3010 edamus

1613 3090 1766 3142 digenae
1779 3092 1971 3131 vocant...
2000 3090 2162 3131 Andron
2182 3083 2305 3139 Tejus
2331 3088 2373 3128 in
2390 3087 2546 3138 Pei-ipio
2575 3086 2672 3127 dicit
2704 3085 2910 3127 Acheron-

1612 3156 1696 3196 tem
1715 3155 1917 3206 quendam
1942 3154 2064 3205 hujus
2077 3154 2232 3194 tractus
2250 3162 2382 3204 regem
2401 3151 2543 3201 fuisse,
2575 3159 2752 3201 eumque
2786 3148 2911 3204 filiai}

1613 3219 1798 3260 habuisse
1816 3218 2086 3260 Dardanidem
2097 3247 2109 3268 ,
2126 3226 2304 3268 quacum
2322 3215 2514 3256 Hercules
2533 3223 2765 3265 congressus
2782 3211 2911 3256 filium

1612 3295 1664 3324 ex
1687 3294 1733 3324 ea
1744 3283 1978 3334 suscepisset
1997 3285 2229 3323 Poemenem
2243 3279 2420 3321 nomine.
2447 3277 2602 3320 Deinde
2623 3287 2750 3329 quum
2770 3276 2910 3321 eodm

1613 3349 1695 3389 fere
1710 3349 1891 3402 tempore
1913 3345 2109 3388 Dardanis
2132 3346 2172 3386 et
2191 3347 2355 3386 Poemen
2373 3343 2478 3383 filius
2507 3340 2596 3392 ejus
2620 3341 2706 3382 vita
2733 3339 2909 3382 demunt}

1614 3413 1766 3462 essent,
1787 3412 1896 3452 locos
1908 3411 1979 3462 qui
1995 3409 2043 3450 ad
2062 3409 2295 3450 Heracleam
2310 3408 2402 3448 sunt
2416 3405 2686 3448 Dardanidem
2700 3405 2742 3445 et
2754 3406 2910 3445 Poeme-

1613 3487 1704 3516 nem
1732 3475 1784 3515 ab
1810 3476 1885 3517 illis
1908 3475 2135 3529 nominatos
2155 3484 2254 3514 esse.

2238 3555 2279 3596 2.

1664 3653 1824 3704 Sinope,
1842 3652 1958 3693 Ponti
1973 3652 2085 3702 urbs,
2106 3628 2599 3699 nominataaiJAsopifilia
2614 3645 2774 3698 Sinope,
2787 3656 2909 3698 quam

1614 3719 1770 3769 rapiens
1786 3718 1953 3770 Apollo,
1969 3717 2278 3768 Philostephano
2296 3715 2424 3763 teste,
2448 3724 2471 3754 e
2492 3711 2644 3754 Boetia
2671 3711 2713 3752 in
2733 3713 2908 3754 Pontum

1612 3781 1842 3833 transtulit,
1861 3781 1931 3822 ubi
1948 3791 2043 3821 cum
2058 3791 2104 3820 ea
2129 3788 2362 3830 congressus
2391 3776 2519 3817 silium
2547 3774 2720 3826 suscepit
2738 3772 2884 3825 Syrum

1613 3858 1637 3886 a
1660 3858 1740 3897 quo
1757 3846 1845 3898 Syri
1874 3855 2021 3886 nomen
2044 3843 2205 3884 habent.
2245 3842 2435 3884 ceterum
2454 3839 2623 3890 Assyriae
2639 3839 2689 3890 (Ρ)
2705 3838 2824 3879 term
2849 3836 2892 3879 in

1614 3911 1724 3952 colas
1751 3913 1997 3960 Leucosyros
2032 3907 2231 3948 nominari
2266 3906 2363 3946 dicit
2401 3904 2564 3946 Andron
2591 3900 2879 3954 (Ayathonss

1614 3977 1730 4018 Ponti
1751 3975 1930 4027 Periplo,
1955 3974 2013 4015 uti
2028 3974 2086 4015 sic
2112 3971 2363 4024 opponantur
2393 3969 2500 4022 Syris
2525 3966 2751 4009 Phoeuicioe.
2780 3963 2853 4015 >Tei
2893 4022 2898 4027 η

1614 4052 1708 4082 vero
1730 4039 1891 4082 Andron
1909 4038 1966 4079 ait
1982 4049 2034 4078 ex
2056 4035 2325 4078 Amazonibus
2356 4044 2481 4075 unam
2501 4032 2543 4072 in
2563 4032 2734 4072 Pontum
2764 4029 2884 4092 conss

1613 4106 1736 4155 gisse,
1765 4105 1887 4154 atque
1920 4101 2001 4152 regi
2019 4101 2172 4142 tractus
2201 4098 2316 4140 istius
2342 4097 2534 4150 nupsisse.
2555 4093 2756 4143 Eandem,
2777 4101 2878 4143 quu

1613 4169 1831 4220 plurimum
1854 4166 2021 4216 biberet,
2031 4163 2276 4205 nominatam
2290 4172 2375 4203 esse
2389 4163 2591 4212 sanapen,
2612 4155 2719 4209 quod
2737 4165 2855 4196 nome
2863 4207 2870 4214 .,
2901 4190 2902 4193 ,

1613 4233 1645 4273 si
1662 4230 1952 4283 interpreteris,
1968 4227 2161 4280 significet
2177 4226 2385 4277 mulierem
2402 4224 2575 4265 multum
2588 4219 2806 4262 bibentem.
2860 4230 2874 4247 ³
