<?xml version="1.0" encoding="UTF-8"?>
<!DOCTYPE html PUBLIC "-//W3C//DTD XHTML 1.0 Transitional//EN"
    "http://www.w3.org/TR/xhtml1/DTD/xhtml1-transitional.dtd">
<html xmlns="http://www.w3.org/1999/xhtml" xml:lang="en" lang="en">
 <head>
  <title>
</title>
<meta http-equiv="Content-Type" content="text/html;charset=utf-8" />
  <meta name='ocr-system' content='tesseract 3.04.00' />
  <meta name='ocr-capabilities' content='ocr_page ocr_carea ocr_par ocr_line ocrx_word'/>
</head>
<body>
  <div class='ocr_page' id='page_1' title='image "./fragmentahistori02mueluoft_0258.png"; bbox 0 0 3016 4628; ppageno 0'>
   <div class='ocr_carea' id='block_1_1' title="bbox 283 247 376 288">
    <p class='ocr_par' dir='ltr' id='par_1_1' title="bbox 283 247 376 288">
     <span class='ocr_line' id='line_1_1' title="bbox 283 247 376 288; baseline -0.011 0"><span class='ocrx_word' id='word_1_1' title='bbox 283 247 376 288; x_wconf 75' lang='lat'><strong>206</strong></span> 
     </span>
    </p>
   </div>
   <div class='ocr_carea' id='block_1_2' title="bbox 241 343 1578 4080">
    <p class='ocr_par' dir='ltr' id='par_1_2' title="bbox 241 343 1578 1542">
     <span class='ocr_line' id='line_1_2' title="bbox 279 343 1575 403; baseline -0.005 -11"><span class='ocrx_word' id='word_1_2' title='bbox 279 349 456 392; x_wconf 88' lang='lat' dir='ltr'><strong>Politiis</strong></span> <span class='ocrx_word' id='word_1_3' title='bbox 480 346 704 390; x_wconf 85' lang='lat' dir='ltr'>momenti</span> <span class='ocrx_word' id='word_1_4' title='bbox 726 343 917 403; x_wconf 85' lang='lat' dir='ltr'><strong>alicujus</strong></span> <span class='ocrx_word' id='word_1_5' title='bbox 940 353 1071 388; x_wconf 88' lang='lat' dir='ltr'><strong>erant</strong></span> <span class='ocrx_word' id='word_1_6' title='bbox 1087 377 1099 399; x_wconf 92' lang='lat'>‚</span> <span class='ocrx_word' id='word_1_7' title='bbox 1122 359 1219 387; x_wconf 89' lang='lat' dir='ltr'><strong>non</strong></span> <span class='ocrx_word' id='word_1_8' title='bbox 1242 351 1457 403; x_wconf 90' lang='lat' dir='ltr'><strong>poterant</strong></span> <span class='ocrx_word' id='word_1_9' title='bbox 1479 351 1575 385; x_wconf 82' lang='lat' dir='ltr'><strong>non</strong></span> 
     </span>
     <span class='ocr_line' id='line_1_3' title="bbox 275 414 1577 479; baseline -0.005 -17"><span class='ocrx_word' id='word_1_10' title='bbox 275 419 501 479; x_wconf 86' lang='lat' dir='ltr'><strong>componi</strong></span> <span class='ocrx_word' id='word_1_11' title='bbox 525 416 601 479; x_wconf 62' lang='grc' dir='ltr'><strong>(Ἴ.</strong></span> <span class='ocrx_word' id='word_1_12' title='bbox 628 419 764 462; x_wconf 91' lang='lat' dir='ltr'><strong>Nunc</strong></span> <span class='ocrx_word' id='word_1_13' title='bbox 782 431 896 461; x_wconf 87' lang='lat' dir='ltr'><strong>vero</strong></span> <span class='ocrx_word' id='word_1_14' title='bbox 916 424 1134 476; x_wconf 86' lang='lat' dir='ltr'><strong>excerpta</strong></span> <span class='ocrx_word' id='word_1_15' title='bbox 1159 423 1317 459; x_wconf 90' lang='lat' dir='ltr'><strong>nostra</strong></span> <span class='ocrx_word' id='word_1_16' title='bbox 1346 416 1457 459; x_wconf 86' lang='lat' dir='ltr'>nihil</span> <span class='ocrx_word' id='word_1_17' title='bbox 1490 414 1577 458; x_wconf 88' lang='lat' dir='ltr'><strong>nisi</strong></span> 
     </span>
     <span class='ocr_line' id='line_1_4' title="bbox 278 488 1575 552; baseline -0.005 -18"><span class='ocrx_word' id='word_1_18' title='bbox 278 492 553 552; x_wconf 86' lang='lat' dir='ltr'><strong>indigestam</strong></span> <span class='ocrx_word' id='word_1_19' title='bbox 593 489 871 550; x_wconf 86' lang='lat' dir='ltr'><strong>farraginem</strong></span> <span class='ocrx_word' id='word_1_20' title='bbox 907 488 1135 548; x_wconf 83' lang='lat' dir='ltr'><strong>praebent.</strong></span> <span class='ocrx_word' id='word_1_21' title='bbox 1182 489 1246 532; x_wconf 92' lang='lat' dir='ltr'><strong>Ut</strong></span> <span class='ocrx_word' id='word_1_22' title='bbox 1283 501 1431 547; x_wconf 90' lang='lat' dir='ltr'><strong>pauca</strong></span> <span class='ocrx_word' id='word_1_23' title='bbox 1468 494 1575 529; x_wconf 88' lang='lat' dir='ltr'><strong>tan—</strong></span> 
     </span>
     <span class='ocr_line' id='line_1_5' title="bbox 273 559 1578 624; baseline -0.007 -16"><span class='ocrx_word' id='word_1_24' title='bbox 273 579 383 624; x_wconf 81' lang='lat' dir='ltr'><strong>-gam</strong></span> <span class='ocrx_word' id='word_1_25' title='bbox 398 597 410 619; x_wconf 93' lang='lat'><strong>,</strong></span> <span class='ocrx_word' id='word_1_26' title='bbox 434 561 550 622; x_wconf 91' lang='lat' dir='ltr'><strong>quid</strong></span> <span class='ocrx_word' id='word_1_27' title='bbox 579 562 777 606; x_wconf 91' lang='lat' dir='ltr'><strong>Thraces</strong></span> <span class='ocrx_word' id='word_1_28' title='bbox 795 561 884 606; x_wconf 91' lang='lat' dir='ltr'><strong>sibi</strong></span> <span class='ocrx_word' id='word_1_29' title='bbox 904 561 1073 604; x_wconf 86' lang='lat' dir='ltr'><strong>volunt</strong></span> <span class='ocrx_word' id='word_1_30' title='bbox 1092 561 1213 603; x_wconf 88' lang='lat' dir='ltr'><strong>inter</strong></span> <span class='ocrx_word' id='word_1_31' title='bbox 1236 559 1508 603; x_wconf 89' lang='lat' dir='ltr'><strong>Tarentinos</strong></span> <span class='ocrx_word' id='word_1_32' title='bbox 1531 565 1578 600; x_wconf 90' lang='lat' dir='ltr'><strong>et</strong></span> 
     </span>
     <span class='ocr_line' id='line_1_6' title="bbox 278 630 1577 690; baseline -0.007 -11"><span class='ocrx_word' id='word_1_33' title='bbox 278 635 486 679; x_wconf 80' lang='lat' dir='ltr'><strong>Locros?</strong></span> <span class='ocrx_word' id='word_1_34' title='bbox 521 650 605 680; x_wconf 88' lang='lat' dir='ltr'><strong>cur</strong></span> <span class='ocrx_word' id='word_1_35' title='bbox 637 634 778 678; x_wconf 90' lang='lat' dir='ltr'><strong>Locri</strong></span> <span class='ocrx_word' id='word_1_36' title='bbox 811 648 837 677; x_wconf 89' lang='lat' dir='ltr'><strong>a</strong></span> <span class='ocrx_word' id='word_1_37' title='bbox 869 632 1149 678; x_wconf 85' lang='lat' dir='ltr'><strong>Crotoniatis</strong></span> <span class='ocrx_word' id='word_1_38' title='bbox 1181 638 1454 690; x_wconf 74' lang='lat' dir='ltr'><strong>separantur</strong></span> <span class='ocrx_word' id='word_1_39' title='bbox 1488 630 1577 672; x_wconf 89' lang='lat' dir='ltr'><strong>Po-</strong></span> 
     </span>
     <span class='ocr_line' id='line_1_7' title="bbox 279 697 1577 766; baseline -0.008 -16"><span class='ocrx_word' id='word_1_40' title='bbox 279 707 387 751; x_wconf 87' lang='lat' dir='ltr'><strong>litiis</strong></span> <span class='ocrx_word' id='word_1_41' title='bbox 403 707 733 766; x_wconf 86' lang='lat' dir='ltr'>Cephallenum</span> <span class='ocrx_word' id='word_1_42' title='bbox 750 739 762 761; x_wconf 90' lang='lat'>‚</span> <span class='ocrx_word' id='word_1_43' title='bbox 785 704 1081 749; x_wconf 88' lang='lat' dir='ltr'><strong>Rhodiorum</strong></span> <span class='ocrx_word' id='word_1_44' title='bbox 1098 737 1109 758; x_wconf 90' lang='lat'><strong>,</strong></span> <span class='ocrx_word' id='word_1_45' title='bbox 1129 703 1436 762; x_wconf 86' lang='lat' dir='ltr'>Ephesiorum</span> <span class='ocrx_word' id='word_1_46' title='bbox 1458 708 1542 742; x_wconf 90' lang='lat' dir='ltr'><strong>etc.</strong></span> <span class='ocrx_word' id='word_1_47' title='bbox 1559 697 1577 740; x_wconf 72' lang='grc' dir='ltr'><strong>Ξ)</strong></span> 
     </span>
     <span class='ocr_line' id='line_1_8' title="bbox 272 770 1574 835; baseline -0.008 -12"><span class='ocrx_word' id='word_1_48' title='bbox 272 794 363 822; x_wconf 76' lang='lat' dir='ltr'><strong>cur</strong></span> <span class='ocrx_word' id='word_1_49' title='bbox 381 787 475 822; x_wconf 91' lang='lat' dir='ltr'><strong>tam</strong></span> <span class='ocrx_word' id='word_1_50' title='bbox 495 779 612 822; x_wconf 92' lang='lat' dir='ltr'><strong>mire</strong></span> <span class='ocrx_word' id='word_1_51' title='bbox 637 776 931 835; x_wconf 88' lang='lat' dir='ltr'><strong>disjiciuntur</strong></span> <span class='ocrx_word' id='word_1_52' title='bbox 947 776 1123 820; x_wconf 87' lang='lat' dir='ltr'><strong>Politiae</strong></span> <span class='ocrx_word' id='word_1_53' title='bbox 1139 773 1447 818; x_wconf 88' lang='lat' dir='ltr'><strong>Ithacensium</strong></span> <span class='ocrx_word' id='word_1_54' title='bbox 1462 804 1473 826; x_wconf 90' lang='lat'><strong>,</strong></span> <span class='ocrx_word' id='word_1_55' title='bbox 1498 770 1574 814; x_wconf 91' lang='lat' dir='ltr'><strong>Ce</strong></span> 
     </span>
     <span class='ocr_line' id='line_1_9' title="bbox 274 844 1573 910; baseline -0.009 -15"><span class='ocrx_word' id='word_1_56' title='bbox 274 852 572 910; x_wconf 84' lang='lat' dir='ltr'><strong>phallenum,</strong></span> <span class='ocrx_word' id='word_1_57' title='bbox 611 848 952 894; x_wconf 81' lang='lat' dir='ltr'>Molossorum?</span> <span class='ocrx_word' id='word_1_58' title='bbox 997 861 1080 891; x_wconf 88' lang='lat' dir='ltr'><strong>cur</strong></span> <span class='ocrx_word' id='word_1_59' title='bbox 1112 846 1281 892; x_wconf 85' lang='lat' dir='ltr'><strong>Graecis</strong></span> <span class='ocrx_word' id='word_1_60' title='bbox 1318 844 1573 886; x_wconf 85' lang='lat' dir='ltr'><strong>miscentur</strong></span> 
     </span>
     <span class='ocr_line' id='line_1_10' title="bbox 276 912 1574 981; baseline -0.009 -14"><span class='ocrx_word' id='word_1_61' title='bbox 276 921 470 968; x_wconf 89' lang='lat' dir='ltr'><strong>Barbari</strong></span> <span class='ocrx_word' id='word_1_62' title='bbox 493 922 748 981; x_wconf 80' lang='lat' dir='ltr'><strong>Tyrrheni,</strong></span> <span class='ocrx_word' id='word_1_63' title='bbox 774 921 1007 975; x_wconf 90' lang='lat' dir='ltr'><strong>Phasiani,</strong></span> <span class='ocrx_word' id='word_1_64' title='bbox 1030 919 1330 971; x_wconf 87' lang='lat' dir='ltr'><strong>Athamanes,</strong></span> <span class='ocrx_word' id='word_1_65' title='bbox 1348 912 1574 958; x_wconf 79' lang='lat' dir='ltr'><strong>Thraces?</strong></span> 
     </span>
     <span class='ocr_line' id='line_1_11' title="bbox 275 984 1574 1040; baseline -0.01 -1"><span class='ocrx_word' id='word_1_66' title='bbox 275 994 444 1040; x_wconf 79' lang='lat' dir='ltr'><strong>Nomie</strong></span> <span class='ocrx_word' id='word_1_67' title='bbox 482 1003 659 1039; x_wconf 85' lang='lat' dir='ltr'><strong>veteres</strong></span> <span class='ocrx_word' id='word_1_68' title='bbox 689 1001 913 1037; x_wconf 81' lang='lat' dir='ltr'><strong>testantur</strong></span> <span class='ocrx_word' id='word_1_69' title='bbox 944 990 1240 1034; x_wconf 86' lang='lat' dir='ltr'><strong>Aristotelem</strong></span> <span class='ocrx_word' id='word_1_70' title='bbox 1274 1000 1479 1030; x_wconf 89' lang='lat' dir='ltr'><strong>seorsum</strong></span> <span class='ocrx_word' id='word_1_71' title='bbox 1516 984 1574 1027; x_wconf 92' lang='lat' dir='ltr'><strong>de</strong></span> 
     </span>
     <span class='ocr_line' id='line_1_12' title="bbox 276 1055 1574 1126; baseline -0.008 -15"><span class='ocrx_word' id='word_1_72' title='bbox 276 1066 351 1111; x_wconf 88' lang='lat' dir='ltr'><strong>his</strong></span> <span class='ocrx_word' id='word_1_73' title='bbox 384 1067 646 1126; x_wconf 85' lang='lat' dir='ltr'><strong>exposuisse</strong></span> <span class='ocrx_word' id='word_1_74' title='bbox 671 1067 720 1109; x_wconf 92' lang='lat' dir='ltr'><strong>in</strong></span> <span class='ocrx_word' id='word_1_75' title='bbox 756 1061 966 1122; x_wconf 88' lang='grc' dir='ltr'>Νομίμοις</span> <span class='ocrx_word' id='word_1_76' title='bbox 1004 1057 1311 1122; x_wconf 70' lang='grc' dir='ltr'>βαρὸαρικοῖςὶ)</span> <span class='ocrx_word' id='word_1_77' title='bbox 1347 1060 1422 1101; x_wconf 89' lang='lat' dir='ltr'><strong>An</strong></span> <span class='ocrx_word' id='word_1_78' title='bbox 1453 1055 1574 1100; x_wconf 87' lang='lat' dir='ltr'><strong>forte</strong></span> 
     </span>
     <span class='ocr_line' id='line_1_13' title="bbox 272 1128 1567 1194; baseline -0.012 -10"><span class='ocrx_word' id='word_1_79' title='bbox 272 1155 383 1183; x_wconf 72' lang='lat' dir='ltr'><strong>curn</strong></span> <span class='ocrx_word' id='word_1_80' title='bbox 420 1138 777 1183; x_wconf 86' lang='lat' dir='ltr'><strong>Schneidewino</strong></span> <span class='ocrx_word' id='word_1_81' title='bbox 802 1144 1018 1194; x_wconf 88' lang='lat' dir='ltr'><strong>putemus</strong></span> <span class='ocrx_word' id='word_1_82' title='bbox 1050 1130 1191 1175; x_wconf 89' lang='lat' dir='ltr'><strong>fidem</strong></span> <span class='ocrx_word' id='word_1_83' title='bbox 1223 1130 1413 1172; x_wconf 89' lang='lat' dir='ltr'><strong>illorum</strong></span> <span class='ocrx_word' id='word_1_84' title='bbox 1438 1128 1567 1172; x_wconf 84' lang='lat' dir='ltr'><strong>testi·-</strong></span> 
     </span>
     <span class='ocr_line' id='line_1_14' title="bbox 276 1200 1574 1267; baseline -0.009 -12"><span class='ocrx_word' id='word_1_85' title='bbox 276 1212 552 1254; x_wconf 86' lang='lat' dir='ltr'><strong>moniorum</strong></span> <span class='ocrx_word' id='word_1_86' title='bbox 574 1209 815 1267; x_wconf 87' lang='lat' dir='ltr'><strong>Excerptis</strong></span> <span class='ocrx_word' id='word_1_87' title='bbox 838 1206 1007 1249; x_wconf 87' lang='lat' dir='ltr'><strong>nostris</strong></span> <span class='ocrx_word' id='word_1_88' title='bbox 1031 1203 1296 1247; x_wconf 88' lang='lat' dir='ltr'><strong>labefactari</strong></span> <span class='ocrx_word' id='word_1_89' title='bbox 1327 1209 1371 1245; x_wconf 92' lang='lat' dir='ltr'><strong>et</strong></span> <span class='ocrx_word' id='word_1_90' title='bbox 1397 1200 1574 1244; x_wconf 81' lang='lat' dir='ltr'><strong>everti?</strong></span> 
     </span>
     <span class='ocr_line' id='line_1_15' title="bbox 277 1270 1571 1332; baseline -0.009 -5"><span class='ocrx_word' id='word_1_91' title='bbox 277 1281 416 1327; x_wconf 87' lang='lat' dir='ltr'><strong>Haud</strong></span> <span class='ocrx_word' id='word_1_92' title='bbox 432 1292 480 1326; x_wconf 82' lang='lat' dir='ltr'><strong>tu</strong></span> <span class='ocrx_word' id='word_1_93' title='bbox 498 1281 670 1326; x_wconf 90' lang='lat' dir='ltr'><strong>credes.</strong></span> <span class='ocrx_word' id='word_1_94' title='bbox 692 1278 785 1323; x_wconf 88' lang='lat' dir='ltr'><strong>Sed</strong></span> <span class='ocrx_word' id='word_1_95' title='bbox 806 1278 875 1321; x_wconf 90' lang='lat' dir='ltr'><strong>fac</strong></span> <span class='ocrx_word' id='word_1_96' title='bbox 892 1277 1205 1320; x_wconf 89' lang='lat' dir='ltr'><strong>barbarorum</strong></span> <span class='ocrx_word' id='word_1_97' title='bbox 1223 1270 1407 1332; x_wconf 84' lang='grc' dir='ltr'>Νόμιμα</span> <span class='ocrx_word' id='word_1_98' title='bbox 1423 1274 1571 1316; x_wconf 89' lang='lat' dir='ltr'><strong>mixta</strong></span> 
     </span>
     <span class='ocr_line' id='line_1_16' title="bbox 274 1346 1574 1414; baseline -0.008 -15"><span class='ocrx_word' id='word_1_99' title='bbox 274 1363 323 1398; x_wconf 83' lang='lat' dir='ltr'><strong>et</strong></span> <span class='ocrx_word' id='word_1_100' title='bbox 341 1355 609 1414; x_wconf 90' lang='lat' dir='ltr'><strong>interposita</strong></span> <span class='ocrx_word' id='word_1_101' title='bbox 632 1352 808 1396; x_wconf 89' lang='lat' dir='ltr'><strong>Politiis</strong></span> <span class='ocrx_word' id='word_1_102' title='bbox 825 1349 958 1392; x_wconf 88' lang='lat' dir='ltr'><strong>fuisse</strong></span> <span class='ocrx_word' id='word_1_103' title='bbox 980 1364 989 1391; x_wconf 93' lang='lat'><strong>:</strong></span> <span class='ocrx_word' id='word_1_104' title='bbox 1017 1362 1175 1391; x_wconf 92' lang='lat' dir='ltr'><strong>nonne</strong></span> <span class='ocrx_word' id='word_1_105' title='bbox 1198 1347 1271 1390; x_wconf 88' lang='lat' dir='ltr'><strong>vel</strong></span> <span class='ocrx_word' id='word_1_106' title='bbox 1295 1347 1358 1390; x_wconf 91' lang='lat' dir='ltr'><strong>sic</strong></span> <span class='ocrx_word' id='word_1_107' title='bbox 1382 1347 1432 1389; x_wconf 92' lang='lat' dir='ltr'><strong>in</strong></span> <span class='ocrx_word' id='word_1_108' title='bbox 1454 1346 1574 1390; x_wconf 88' lang='lat' dir='ltr'><strong>serie</strong></span> 
     </span>
     <span class='ocr_line' id='line_1_17' title="bbox 241 1418 1574 1485; baseline -0.007 -15"><span class='ocrx_word' id='word_1_109' title='bbox 241 1450 245 1453; x_wconf 76' lang='lat'><em>,</em></span> <span class='ocrx_word' id='word_1_110' title='bbox 274 1426 642 1485; x_wconf 78' lang='lat' dir='ltr'><strong>&#39;fragmentorum</strong></span> <span class='ocrx_word' id='word_1_111' title='bbox 678 1423 797 1467; x_wconf 87' lang='lat' dir='ltr'><strong>ordo</strong></span> <span class='ocrx_word' id='word_1_112' title='bbox 834 1420 1027 1480; x_wconf 90' lang='lat' dir='ltr'><strong>quidam</strong></span> <span class='ocrx_word' id='word_1_113' title='bbox 1058 1428 1103 1463; x_wconf 89' lang='lat' dir='ltr'><strong>et</strong></span> <span class='ocrx_word' id='word_1_114' title='bbox 1136 1427 1261 1463; x_wconf 89' lang='lat' dir='ltr'><strong>certa</strong></span> <span class='ocrx_word' id='word_1_115' title='bbox 1296 1419 1415 1463; x_wconf 90' lang='lat' dir='ltr'><strong>ratio</strong></span> <span class='ocrx_word' id='word_1_116' title='bbox 1451 1418 1574 1462; x_wconf 88' lang='lat' dir='ltr'><strong>desi-</strong></span> 
     </span>
     <span class='ocr_line' id='line_1_18' title="bbox 277 1497 499 1542; baseline 0 -2"><span class='ocrx_word' id='word_1_117' title='bbox 277 1497 467 1542; x_wconf 87' lang='lat' dir='ltr'><strong>deratur</strong></span> <span class='ocrx_word' id='word_1_118' title='bbox 481 1497 499 1540; x_wconf 76' lang='grc' dir='ltr'><strong>Ξ)</strong></span> 
     </span>
    </p>

    <p class='ocr_par' dir='ltr' id='par_1_3' title="bbox 271 1563 1577 4080">
     <span class='ocr_line' id='line_1_19' title="bbox 346 1563 1574 1629; baseline -0.005 -17"><span class='ocrx_word' id='word_1_119' title='bbox 346 1570 497 1629; x_wconf 83' lang='lat' dir='ltr'><strong>Igitur</strong></span> <span class='ocrx_word' id='word_1_120' title='bbox 530 1582 675 1626; x_wconf 88' lang='lat' dir='ltr'><strong>quum</strong></span> <span class='ocrx_word' id='word_1_121' title='bbox 705 1566 841 1609; x_wconf 92' lang='lat' dir='ltr'><strong>series</strong></span> <span class='ocrx_word' id='word_1_122' title='bbox 864 1563 1233 1623; x_wconf 84' lang='lat' dir='ltr'><strong>fragmentorum</strong></span> <span class='ocrx_word' id='word_1_123' title='bbox 1265 1563 1457 1620; x_wconf 90' lang='lat' dir='ltr'><strong>antiqua</strong></span> <span class='ocrx_word' id='word_1_124' title='bbox 1480 1576 1574 1606; x_wconf 91' lang='lat' dir='ltr'><strong>esse</strong></span> 
     </span>
     <span class='ocr_line' id='line_1_20' title="bbox 274 1635 1574 1699; baseline -0.004 -16"><span class='ocrx_word' id='word_1_125' title='bbox 274 1650 499 1699; x_wconf 81' lang='lat' dir='ltr'><strong>nequeat,</strong></span> <span class='ocrx_word' id='word_1_126' title='bbox 525 1654 676 1697; x_wconf 89' lang='lat' dir='ltr'><strong>neque</strong></span> <span class='ocrx_word' id='word_1_127' title='bbox 705 1638 804 1681; x_wconf 91' lang='lat' dir='ltr'><strong>ullo</strong></span> <span class='ocrx_word' id='word_1_128' title='bbox 831 1636 976 1680; x_wconf 89' lang='lat' dir='ltr'><strong>modo</strong></span> <span class='ocrx_word' id='word_1_129' title='bbox 1000 1635 1251 1695; x_wconf 89' lang='lat' dir='ltr'><strong>probabile</strong></span> <span class='ocrx_word' id='word_1_130' title='bbox 1272 1636 1330 1679; x_wconf 92' lang='lat' dir='ltr'><strong>sit</strong></span> <span class='ocrx_word' id='word_1_131' title='bbox 1355 1635 1574 1678; x_wconf 86' lang='lat' dir='ltr'><strong>exstitisse</strong></span> 
     </span>
     <span class='ocr_line' id='line_1_21' title="bbox 277 1708 1574 1771; baseline -0.004 -15"><span class='ocrx_word' id='word_1_132' title='bbox 277 1727 484 1771; x_wconf 90' lang='lat' dir='ltr'><strong>unquam</strong></span> <span class='ocrx_word' id='word_1_133' title='bbox 521 1710 775 1755; x_wconf 88' lang='lat' dir='ltr'><strong>Aristotelii</strong></span> <span class='ocrx_word' id='word_1_134' title='bbox 811 1709 965 1767; x_wconf 90' lang='lat' dir='ltr'><strong>operis</strong></span> <span class='ocrx_word' id='word_1_135' title='bbox 1001 1708 1256 1767; x_wconf 90' lang='lat' dir='ltr'><strong>exemplar,</strong></span> <span class='ocrx_word' id='word_1_136' title='bbox 1299 1708 1350 1750; x_wconf 94' lang='lat' dir='ltr'><strong>in</strong></span> <span class='ocrx_word' id='word_1_137' title='bbox 1387 1722 1484 1765; x_wconf 91' lang='lat' dir='ltr'><strong>quo</strong></span> <span class='ocrx_word' id='word_1_138' title='bbox 1510 1708 1574 1751; x_wconf 87' lang='lat' dir='ltr'><strong>sic</strong></span> 
     </span>
     <span class='ocr_line' id='line_1_22' title="bbox 274 1779 1576 1841; baseline -0.004 -16"><span class='ocrx_word' id='word_1_139' title='bbox 274 1784 433 1827; x_wconf 84' lang='lat' dir='ltr'><strong>omnia</strong></span> <span class='ocrx_word' id='word_1_140' title='bbox 455 1797 620 1841; x_wconf 92' lang='lat' dir='ltr'><strong>susque</strong></span> <span class='ocrx_word' id='word_1_141' title='bbox 657 1781 810 1839; x_wconf 90' lang='lat' dir='ltr'><strong>deque</strong></span> <span class='ocrx_word' id='word_1_142' title='bbox 844 1781 988 1823; x_wconf 90' lang='lat' dir='ltr'><strong>mixta</strong></span> <span class='ocrx_word' id='word_1_143' title='bbox 1014 1779 1190 1823; x_wconf 89' lang='lat' dir='ltr'><strong>fuerint</strong></span> <span class='ocrx_word' id='word_1_144' title='bbox 1217 1794 1226 1822; x_wconf 92' lang='lat'>:</span> <span class='ocrx_word' id='word_1_145' title='bbox 1255 1786 1422 1837; x_wconf 91' lang='lat' dir='ltr'><strong>sponte</strong></span> <span class='ocrx_word' id='word_1_146' title='bbox 1446 1779 1576 1823; x_wconf 88' lang='lat' dir='ltr'><strong>venit</strong></span> 
     </span>
     <span class='ocr_line' id='line_1_23' title="bbox 276 1851 1574 1914; baseline -0.005 -15"><span class='ocrx_word' id='word_1_147' title='bbox 276 1857 475 1914; x_wconf 90' lang='lat' dir='ltr'><strong>suspicio</strong></span> <span class='ocrx_word' id='word_1_148' title='bbox 502 1855 660 1899; x_wconf 86' lang='lat' dir='ltr'><strong>turbas</strong></span> <span class='ocrx_word' id='word_1_149' title='bbox 695 1854 798 1897; x_wconf 84' lang='lat' dir='ltr'><strong>istas</strong></span> <span class='ocrx_word' id='word_1_150' title='bbox 828 1867 922 1897; x_wconf 89' lang='lat' dir='ltr'><strong>esse</strong></span> <span class='ocrx_word' id='word_1_151' title='bbox 955 1853 1323 1912; x_wconf 88' lang='lat' dir='ltr'><strong>eclogariorum,</strong></span> <span class='ocrx_word' id='word_1_152' title='bbox 1359 1851 1440 1909; x_wconf 91' lang='lat' dir='ltr'><strong>qui</strong></span> <span class='ocrx_word' id='word_1_153' title='bbox 1472 1852 1574 1894; x_wconf 89' lang='lat' dir='ltr'><strong>He—</strong></span> 
     </span>
     <span class='ocr_line' id='line_1_24' title="bbox 275 1923 1575 1985; baseline -0.002 -14"><span class='ocrx_word' id='word_1_154' title='bbox 275 1927 588 1971; x_wconf 84' lang='lat' dir='ltr'><strong>raclideorum</strong></span> <span class='ocrx_word' id='word_1_155' title='bbox 603 1926 970 1985; x_wconf 82' lang='lat' dir='ltr'><strong>fragmentorum</strong></span> <span class='ocrx_word' id='word_1_156' title='bbox 987 1923 1136 1968; x_wconf 88' lang='lat' dir='ltr'><strong>fundo</strong></span> <span class='ocrx_word' id='word_1_157' title='bbox 1151 1924 1416 1968; x_wconf 90' lang='lat' dir='ltr'><strong>Aristotelia</strong></span> <span class='ocrx_word' id='word_1_158' title='bbox 1429 1924 1575 1968; x_wconf 91' lang='lat' dir='ltr'><strong>multa</strong></span> 
     </span>
     <span class='ocr_line' id='line_1_25' title="bbox 278 1994 1574 2043; baseline -0.003 -1"><span class='ocrx_word' id='word_1_159' title='bbox 278 2008 451 2043; x_wconf 90' lang='lat' dir='ltr'><strong>temere</strong></span> <span class='ocrx_word' id='word_1_160' title='bbox 494 1998 839 2043; x_wconf 85' lang='lat' dir='ltr'><strong>admiscuerint.</strong></span> <span class='ocrx_word' id='word_1_161' title='bbox 893 1994 990 2041; x_wconf 86' lang='lat' dir='ltr'><strong>Nec</strong></span> <span class='ocrx_word' id='word_1_162' title='bbox 1050 1996 1218 2040; x_wconf 91' lang='lat' dir='ltr'><strong>desunt</strong></span> <span class='ocrx_word' id='word_1_163' title='bbox 1258 1996 1450 2040; x_wconf 87' lang='lat' dir='ltr'><strong>indicia.</strong></span> <span class='ocrx_word' id='word_1_164' title='bbox 1499 1996 1574 2039; x_wconf 91' lang='lat' dir='ltr'><strong>Sic</strong></span> 
     </span>
     <span class='ocr_line' id='line_1_26' title="bbox 274 2060 1575 2132; baseline -0.003 -18"><span class='ocrx_word' id='word_1_165' title='bbox 274 2071 361 2132; x_wconf 69' lang='lat' dir='ltr'><strong>(fr.</strong></span> <span class='ocrx_word' id='word_1_166' title='bbox 384 2070 467 2132; x_wconf 85' lang='lat'><strong>20)</strong></span> <span class='ocrx_word' id='word_1_167' title='bbox 485 2071 742 2115; x_wconf 87' lang='lat' dir='ltr'><strong>Locrorum</strong></span> <span class='ocrx_word' id='word_1_168' title='bbox 755 2070 930 2128; x_wconf 87' lang='lat' dir='ltr'><strong>politiae</strong></span> <span class='ocrx_word' id='word_1_169' title='bbox 946 2060 1103 2126; x_wconf 74' lang='lat' dir='ltr'><strong>inepte</strong></span> <span class='ocrx_word' id='word_1_170' title='bbox 1117 2066 1430 2125; x_wconf 87' lang='lat' dir='ltr'><strong>subjiciuntur</strong></span> <span class='ocrx_word' id='word_1_171' title='bbox 1446 2067 1575 2111; x_wconf 89' lang='lat' dir='ltr'><strong>Chal·</strong></span> 
     </span>
     <span class='ocr_line' id='line_1_27' title="bbox 272 2138 1575 2188; baseline -0.004 -1"><span class='ocrx_word' id='word_1_172' title='bbox 272 2143 496 2188; x_wconf 79' lang='lat' dir='ltr'><strong>cidenseS.</strong></span> <span class='ocrx_word' id='word_1_173' title='bbox 515 2143 747 2187; x_wconf 85' lang='lat' dir='ltr'><strong>Nimirum</strong></span> <span class='ocrx_word' id='word_1_174' title='bbox 770 2142 820 2184; x_wconf 91' lang='lat' dir='ltr'><strong>in</strong></span> <span class='ocrx_word' id='word_1_175' title='bbox 837 2140 896 2184; x_wconf 90' lang='lat' dir='ltr'><strong>fr.</strong></span> <span class='ocrx_word' id='word_1_176' title='bbox 922 2155 983 2184; x_wconf 86' lang='lat'><strong>20</strong></span> <span class='ocrx_word' id='word_1_177' title='bbox 1009 2147 1128 2186; x_wconf 83' lang='lat' dir='ltr'><strong>extr.</strong></span> <span class='ocrx_word' id='word_1_178' title='bbox 1150 2153 1303 2182; x_wconf 90' lang='lat' dir='ltr'><strong>sermo</strong></span> <span class='ocrx_word' id='word_1_179' title='bbox 1322 2147 1388 2181; x_wconf 90' lang='lat' dir='ltr'><strong>est</strong></span> <span class='ocrx_word' id='word_1_180' title='bbox 1404 2138 1463 2182; x_wconf 92' lang='lat' dir='ltr'><strong>de</strong></span> <span class='ocrx_word' id='word_1_181' title='bbox 1478 2140 1575 2182; x_wconf 92' lang='lat' dir='ltr'><strong>Lo—</strong></span> 
     </span>
     <span class='ocr_line' id='line_1_28' title="bbox 271 2210 1574 2274; baseline -0.005 -14"><span class='ocrx_word' id='word_1_182' title='bbox 271 2231 357 2260; x_wconf 80' lang='lat' dir='ltr'><strong>cro</strong></span> <span class='ocrx_word' id='word_1_183' title='bbox 377 2215 580 2274; x_wconf 90' lang='lat' dir='ltr'><strong>quodam</strong></span> <span class='ocrx_word' id='word_1_184' title='bbox 599 2230 737 2273; x_wconf 92' lang='lat' dir='ltr'><strong>quem</strong></span> <span class='ocrx_word' id='word_1_185' title='bbox 754 2214 1057 2257; x_wconf 84' lang='lat' dir='ltr'><strong>mustelarum</strong></span> <span class='ocrx_word' id='word_1_186' title='bbox 1069 2226 1253 2257; x_wconf 89' lang='lat' dir='ltr'><strong>morsus</strong></span> <span class='ocrx_word' id='word_1_187' title='bbox 1272 2210 1332 2255; x_wconf 92' lang='lat' dir='ltr'><strong>ad</strong></span> <span class='ocrx_word' id='word_1_188' title='bbox 1351 2211 1574 2255; x_wconf 89' lang='lat' dir='ltr'><strong>insaniam</strong></span> 
     </span>
     <span class='ocr_line' id='line_1_29' title="bbox 272 2283 1574 2347; baseline -0.003 -16"><span class='ocrx_word' id='word_1_189' title='bbox 272 2298 566 2347; x_wconf 86' lang='lat' dir='ltr'><strong>mortemque</strong></span> <span class='ocrx_word' id='word_1_190' title='bbox 603 2288 855 2330; x_wconf 87' lang='lat' dir='ltr'><strong>violentam</strong></span> <span class='ocrx_word' id='word_1_191' title='bbox 879 2285 1139 2345; x_wconf 85' lang='lat' dir='ltr'><strong>adegerint.</strong></span> <span class='ocrx_word' id='word_1_192' title='bbox 1193 2285 1277 2329; x_wconf 90' lang='lat' dir='ltr'><strong>His</strong></span> <span class='ocrx_word' id='word_1_193' title='bbox 1317 2283 1574 2327; x_wconf 87' lang='lat' dir='ltr'><strong>homuncio</strong></span> 
     </span>
     <span class='ocr_line' id='line_1_30' title="bbox 275 2356 1576 2417; baseline -0.003 -14"><span class='ocrx_word' id='word_1_194' title='bbox 275 2370 431 2405; x_wconf 90' lang='lat' dir='ltr'><strong>noster</strong></span> <span class='ocrx_word' id='word_1_195' title='bbox 449 2361 642 2404; x_wconf 90' lang='lat' dir='ltr'><strong>similem</strong></span> <span class='ocrx_word' id='word_1_196' title='bbox 667 2360 910 2403; x_wconf 87' lang='lat' dir='ltr'><strong>historiam</strong></span> <span class='ocrx_word' id='word_1_197' title='bbox 924 2359 1138 2417; x_wconf 85' lang='lat' dir='ltr'><strong>appinxit</strong></span> <span class='ocrx_word' id='word_1_198' title='bbox 1159 2356 1218 2401; x_wconf 91' lang='lat' dir='ltr'><strong>de</strong></span> <span class='ocrx_word' id='word_1_199' title='bbox 1233 2357 1446 2400; x_wconf 74' lang='lat' dir='ltr'><strong>muribus</strong></span> <span class='ocrx_word' id='word_1_200' title='bbox 1461 2389 1474 2412; x_wconf 89' lang='lat'>‚</span> <span class='ocrx_word' id='word_1_201' title='bbox 1493 2358 1576 2415; x_wconf 83' lang='lat' dir='ltr'><strong>qui</strong></span> 
     </span>
     <span class='ocr_line' id='line_1_31' title="bbox 272 2430 1577 2490; baseline -0.003 -14"><span class='ocrx_word' id='word_1_202' title='bbox 272 2433 592 2476; x_wconf 83' lang='lat' dir='ltr'><strong>Chalcidenses</strong></span> <span class='ocrx_word' id='word_1_203' title='bbox 611 2432 730 2477; x_wconf 92' lang='lat' dir='ltr'><strong>adeo</strong></span> <span class='ocrx_word' id='word_1_204' title='bbox 754 2439 984 2475; x_wconf 86' lang='lat' dir='ltr'><strong>vexarunt</strong></span> <span class='ocrx_word' id='word_1_205' title='bbox 999 2464 1013 2490; x_wconf 88' lang='lat'><strong>,</strong></span> <span class='ocrx_word' id='word_1_206' title='bbox 1041 2438 1095 2475; x_wconf 93' lang='lat' dir='ltr'><strong>ut</strong></span> <span class='ocrx_word' id='word_1_207' title='bbox 1113 2430 1315 2490; x_wconf 90' lang='lat' dir='ltr'><strong>patriam</strong></span> <span class='ocrx_word' id='word_1_208' title='bbox 1336 2430 1577 2488; x_wconf 90' lang='lat' dir='ltr'><strong>relinque-</strong></span> 
     </span>
     <span class='ocr_line' id='line_1_32' title="bbox 275 2503 1575 2564; baseline -0.002 -16"><span class='ocrx_word' id='word_1_209' title='bbox 275 2515 395 2549; x_wconf 80' lang='lat' dir='ltr'><strong>rent.</strong></span> <span class='ocrx_word' id='word_1_210' title='bbox 419 2507 487 2550; x_wconf 89' lang='lat' dir='ltr'><strong>Ne</strong></span> <span class='ocrx_word' id='word_1_211' title='bbox 509 2520 623 2549; x_wconf 85' lang='lat' dir='ltr'><strong>vero</strong></span> <span class='ocrx_word' id='word_1_212' title='bbox 647 2515 863 2564; x_wconf 91' lang='lat' dir='ltr'><strong>putemus</strong></span> <span class='ocrx_word' id='word_1_213' title='bbox 885 2504 1178 2548; x_wconf 88' lang='lat' dir='ltr'><strong>historiolam</strong></span> <span class='ocrx_word' id='word_1_214' title='bbox 1197 2518 1297 2547; x_wconf 91' lang='lat' dir='ltr'><strong>non</strong></span> <span class='ocrx_word' id='word_1_215' title='bbox 1320 2517 1378 2549; x_wconf 85' lang='lat' dir='ltr'><strong>ex</strong></span> <span class='ocrx_word' id='word_1_216' title='bbox 1407 2503 1575 2547; x_wconf 87' lang='lat' dir='ltr'><strong>Politia</strong></span> 
     </span>
     <span class='ocr_line' id='line_1_33' title="bbox 275 2577 1571 2636; baseline -0.001 -17"><span class='ocrx_word' id='word_1_217' title='bbox 275 2578 452 2636; x_wconf 89' lang='lat' dir='ltr'><strong>aliqua,</strong></span> <span class='ocrx_word' id='word_1_218' title='bbox 476 2577 557 2621; x_wconf 91' lang='lat' dir='ltr'><strong>sed</strong></span> <span class='ocrx_word' id='word_1_219' title='bbox 576 2593 634 2622; x_wconf 90' lang='lat' dir='ltr'><strong>ex</strong></span> <span class='ocrx_word' id='word_1_220' title='bbox 654 2578 745 2621; x_wconf 91' lang='lat' dir='ltr'><strong>alio</strong></span> <span class='ocrx_word' id='word_1_221' title='bbox 777 2578 942 2636; x_wconf 89' lang='lat' dir='ltr'><strong>quovis</strong></span> <span class='ocrx_word' id='word_1_222' title='bbox 964 2577 1193 2636; x_wconf 87' lang='lat' dir='ltr'><strong>scriptore</strong></span> <span class='ocrx_word' id='word_1_223' title='bbox 1221 2583 1418 2620; x_wconf 89' lang='lat' dir='ltr'><strong>assutam</strong></span> <span class='ocrx_word' id='word_1_224' title='bbox 1452 2589 1571 2631; x_wconf 91' lang='lat' dir='ltr'><strong>esse,</strong></span> 
     </span>
     <span class='ocr_line' id='line_1_34' title="bbox 277 2643 1574 2708; baseline -0.002 -16"><span class='ocrx_word' id='word_1_225' title='bbox 277 2649 394 2693; x_wconf 87' lang='lat' dir='ltr'><strong>illud</strong></span> <span class='ocrx_word' id='word_1_226' title='bbox 421 2649 594 2704; x_wconf 84' lang='lat' dir='ltr'><strong>obstat,</strong></span> <span class='ocrx_word' id='word_1_227' title='bbox 629 2650 760 2708; x_wconf 92' lang='lat' dir='ltr'><strong>quod</strong></span> <span class='ocrx_word' id='word_1_228' title='bbox 791 2649 920 2694; x_wconf 90' lang='lat' dir='ltr'><strong>aliud</strong></span> <span class='ocrx_word' id='word_1_229' title='bbox 950 2648 1010 2694; x_wconf 88' lang='lat' dir='ltr'><strong>de</strong></span> <span class='ocrx_word' id='word_1_230' title='bbox 1035 2664 1170 2693; x_wconf 90' lang='lat' dir='ltr'><strong>more</strong></span> <span class='ocrx_word' id='word_1_231' title='bbox 1194 2643 1402 2707; x_wconf 79' lang='lat' dir='ltr'><strong>quodam</strong></span> <span class='ocrx_word' id='word_1_232' title='bbox 1432 2647 1574 2692; x_wconf 90' lang='lat' dir='ltr'><strong>Chal-</strong></span> 
     </span>
     <span class='ocr_line' id='line_1_35' title="bbox 278 2721 1575 2780; baseline 0 -17"><span class='ocrx_word' id='word_1_233' title='bbox 278 2721 530 2764; x_wconf 90' lang='lat' dir='ltr'><strong>cidensium</strong></span> <span class='ocrx_word' id='word_1_234' title='bbox 551 2722 757 2767; x_wconf 88' lang='lat' dir='ltr'><strong>additur.</strong></span> <span class='ocrx_word' id='word_1_235' title='bbox 795 2749 855 2756; x_wconf 88' lang='lat'>—</span> <span class='ocrx_word' id='word_1_236' title='bbox 894 2721 1306 2780; x_wconf 88' lang='lat' dir='ltr'><strong>Quemadmodum</strong></span> <span class='ocrx_word' id='word_1_237' title='bbox 1326 2722 1505 2764; x_wconf 91' lang='lat' dir='ltr'><strong>Locros</strong></span> <span class='ocrx_word' id='word_1_238' title='bbox 1529 2728 1575 2763; x_wconf 93' lang='lat' dir='ltr'><strong>et</strong></span> 
     </span>
     <span class='ocr_line' id='line_1_36' title="bbox 276 2792 1573 2854; baseline -0.002 -17"><span class='ocrx_word' id='word_1_239' title='bbox 276 2793 595 2837; x_wconf 90' lang='lat' dir='ltr'><strong>Chalcidenses</strong></span> <span class='ocrx_word' id='word_1_240' title='bbox 612 2794 733 2839; x_wconf 86' lang='lat' dir='ltr'><strong>futili</strong></span> <span class='ocrx_word' id='word_1_241' title='bbox 761 2794 821 2839; x_wconf 91' lang='lat' dir='ltr'><strong>de</strong></span> <span class='ocrx_word' id='word_1_242' title='bbox 846 2810 980 2839; x_wconf 90' lang='lat' dir='ltr'><strong>causa</strong></span> <span class='ocrx_word' id='word_1_243' title='bbox 1001 2794 1225 2854; x_wconf 88' lang='lat' dir='ltr'><strong>conjungi</strong></span> <span class='ocrx_word' id='word_1_244' title='bbox 1244 2792 1479 2847; x_wconf 89' lang='lat' dir='ltr'><strong>videmus,</strong></span> <span class='ocrx_word' id='word_1_245' title='bbox 1508 2793 1573 2836; x_wconf 85' lang='lat' dir='ltr'><strong>sic</strong></span> 
     </span>
     <span class='ocr_line' id='line_1_37' title="bbox 277 2864 1572 2929; baseline 0.001 -21"><span class='ocrx_word' id='word_1_246' title='bbox 277 2865 584 2909; x_wconf 89' lang='lat' dir='ltr'><strong>Molossorum</strong></span> <span class='ocrx_word' id='word_1_247' title='bbox 608 2866 688 2926; x_wconf 87' lang='lat' dir='ltr'><strong>(fr.</strong></span> <span class='ocrx_word' id='word_1_248' title='bbox 719 2864 798 2929; x_wconf 93' lang='lat'><strong>17)</strong></span> <span class='ocrx_word' id='word_1_249' title='bbox 825 2877 871 2912; x_wconf 90' lang='lat' dir='ltr'><strong>et</strong></span> <span class='ocrx_word' id='word_1_250' title='bbox 893 2868 1225 2927; x_wconf 89' lang='lat' dir='ltr'><strong>Cephallenum</strong></span> <span class='ocrx_word' id='word_1_251' title='bbox 1254 2864 1335 2926; x_wconf 90' lang='lat' dir='ltr'><strong>(fr.</strong></span> <span class='ocrx_word' id='word_1_252' title='bbox 1367 2864 1454 2926; x_wconf 76' lang='lat'><strong>38)</strong></span> <span class='ocrx_word' id='word_1_253' title='bbox 1477 2867 1572 2909; x_wconf 89' lang='lat' dir='ltr'><strong>Po-</strong></span> 
     </span>
     <span class='ocr_line' id='line_1_38' title="bbox 278 2938 1569 3000; baseline 0.001 -20"><span class='ocrx_word' id='word_1_254' title='bbox 278 2938 416 2992; x_wconf 88' lang='lat' dir='ltr'><strong>litias‚</strong></span> <span class='ocrx_word' id='word_1_255' title='bbox 441 2953 541 2996; x_wconf 82' lang='lat' dir='ltr'><strong>quae</strong></span> <span class='ocrx_word' id='word_1_256' title='bbox 562 2954 684 2982; x_wconf 90' lang='lat' dir='ltr'><strong>nunc</strong></span> <span class='ocrx_word' id='word_1_257' title='bbox 705 2940 844 3000; x_wconf 88' lang='lat' dir='ltr'><strong>longe</strong></span> <span class='ocrx_word' id='word_1_258' title='bbox 863 2949 1153 2999; x_wconf 83' lang='lat' dir='ltr'><strong>separantur,</strong></span> <span class='ocrx_word' id='word_1_259' title='bbox 1180 2940 1229 2982; x_wconf 90' lang='lat' dir='ltr'><strong>in</strong></span> <span class='ocrx_word' id='word_1_260' title='bbox 1254 2939 1406 2993; x_wconf 83' lang='lat' dir='ltr'><strong>fonte,</strong></span> <span class='ocrx_word' id='word_1_261' title='bbox 1427 2953 1569 2996; x_wconf 89' lang='lat' dir='ltr'><strong>quem</strong></span> 
     </span>
     <span class='ocr_line' id='line_1_39' title="bbox 278 3008 1575 3072; baseline 0.002 -20"><span class='ocrx_word' id='word_1_262' title='bbox 278 3008 534 3069; x_wconf 87' lang='lat' dir='ltr'><strong>eclogarius</strong></span> <span class='ocrx_word' id='word_1_263' title='bbox 557 3010 793 3067; x_wconf 85' lang='lat' dir='ltr'><strong>adhibuit,</strong></span> <span class='ocrx_word' id='word_1_264' title='bbox 823 3021 928 3072; x_wconf 87' lang='lat' dir='ltr'><strong>apte</strong></span> <span class='ocrx_word' id='word_1_265' title='bbox 950 3027 1182 3057; x_wconf 83' lang='lat' dir='ltr'><strong>connexas</strong></span> <span class='ocrx_word' id='word_1_266' title='bbox 1210 3011 1348 3055; x_wconf 90' lang='lat' dir='ltr'><strong>fuisse</strong></span> <span class='ocrx_word' id='word_1_267' title='bbox 1382 3026 1438 3055; x_wconf 88' lang='lat' dir='ltr'><strong>ex</strong></span> <span class='ocrx_word' id='word_1_268' title='bbox 1461 3026 1575 3055; x_wconf 87' lang='lat' dir='ltr'><strong>cen—</strong></span> 
     </span>
     <span class='ocr_line' id='line_1_40' title="bbox 278 3081 1574 3145; baseline 0.002 -21"><span class='ocrx_word' id='word_1_269' title='bbox 278 3090 388 3125; x_wconf 89' lang='lat' dir='ltr'><strong>tone</strong></span> <span class='ocrx_word' id='word_1_270' title='bbox 412 3081 575 3141; x_wconf 84' lang='lat' dir='ltr'><strong>fragm.</strong></span> <span class='ocrx_word' id='word_1_271' title='bbox 605 3098 656 3139; x_wconf 88' lang='lat'><strong>17</strong></span> <span class='ocrx_word' id='word_1_272' title='bbox 691 3084 953 3129; x_wconf 89' lang='lat' dir='ltr'><strong>adhaerente</strong></span> <span class='ocrx_word' id='word_1_273' title='bbox 979 3086 1232 3145; x_wconf 86' lang='lat' dir='ltr'><strong>colligitur.</strong></span> <span class='ocrx_word' id='word_1_274' title='bbox 1253 3110 1318 3118; x_wconf 90' lang='lat'>—</span> <span class='ocrx_word' id='word_1_275' title='bbox 1338 3085 1492 3128; x_wconf 89' lang='lat' dir='ltr'><strong>Porro</strong></span> <span class='ocrx_word' id='word_1_276' title='bbox 1523 3084 1574 3127; x_wconf 91' lang='lat' dir='ltr'><strong>in</strong></span> 
     </span>
     <span class='ocr_line' id='line_1_41' title="bbox 278 3153 1573 3216; baseline 0.004 -22"><span class='ocrx_word' id='word_1_277' title='bbox 278 3153 590 3196; x_wconf 90' lang='lat' dir='ltr'><strong>Ithacensium</strong></span> <span class='ocrx_word' id='word_1_278' title='bbox 623 3169 723 3213; x_wconf 86' lang='lat' dir='ltr'><strong>rep.</strong></span> <span class='ocrx_word' id='word_1_279' title='bbox 762 3155 1070 3216; x_wconf 84' lang='lat' dir='ltr'><strong>fragmentum</strong></span> <span class='ocrx_word' id='word_1_280' title='bbox 1100 3156 1159 3200; x_wconf 92' lang='lat' dir='ltr'><strong>de</strong></span> <span class='ocrx_word' id='word_1_281' title='bbox 1182 3156 1413 3214; x_wconf 86' lang='lat' dir='ltr'><strong>Cephalo,</strong></span> <span class='ocrx_word' id='word_1_282' title='bbox 1441 3155 1573 3214; x_wconf 90' lang='lat' dir='ltr'><strong>quod</strong></span> 
     </span>
     <span class='ocr_line' id='line_1_42' title="bbox 279 3227 1566 3288; baseline 0.005 -21"><span class='ocrx_word' id='word_1_283' title='bbox 279 3233 438 3283; x_wconf 87' lang='lat' dir='ltr'><strong>aperte</strong></span> <span class='ocrx_word' id='word_1_284' title='bbox 455 3241 510 3269; x_wconf 92' lang='lat' dir='ltr'><strong>ex</strong></span> <span class='ocrx_word' id='word_1_285' title='bbox 528 3227 775 3272; x_wconf 90' lang='lat' dir='ltr'><strong>Aristotele</strong></span> <span class='ocrx_word' id='word_1_286' title='bbox 794 3231 993 3288; x_wconf 89' lang='lat' dir='ltr'><strong>petitum</strong></span> <span class='ocrx_word' id='word_1_287' title='bbox 1013 3238 1100 3285; x_wconf 88' lang='lat' dir='ltr'><strong>est,</strong></span> <span class='ocrx_word' id='word_1_288' title='bbox 1128 3229 1177 3272; x_wconf 88' lang='lat' dir='ltr'><strong>in</strong></span> <span class='ocrx_word' id='word_1_289' title='bbox 1194 3229 1411 3273; x_wconf 90' lang='lat' dir='ltr'><strong>omnibus</strong></span> <span class='ocrx_word' id='word_1_290' title='bbox 1424 3228 1566 3273; x_wconf 85' lang='lat' dir='ltr'><strong>codd.</strong></span> 
     </span>
     <span class='ocr_line' id='line_1_43' title="bbox 280 3297 1570 3360; baseline 0.005 -21"><span class='ocrx_word' id='word_1_291' title='bbox 280 3297 342 3346; x_wconf 83' lang='lat' dir='ltr'><strong>ita</strong></span> <span class='ocrx_word' id='word_1_292' title='bbox 367 3298 629 3355; x_wconf 87' lang='lat' dir='ltr'><strong>exhibetur,</strong></span> <span class='ocrx_word' id='word_1_293' title='bbox 644 3309 696 3342; x_wconf 90' lang='lat' dir='ltr'><strong>ut</strong></span> <span class='ocrx_word' id='word_1_294' title='bbox 712 3301 951 3359; x_wconf 86' lang='lat' dir='ltr'><strong>inscriptio</strong></span> <span class='ocrx_word' id='word_1_295' title='bbox 971 3299 1228 3357; x_wconf 79' lang='grc' dir='ltr'>Ἰθακησίων</span> <span class='ocrx_word' id='word_1_296' title='bbox 1246 3302 1457 3360; x_wconf 89' lang='lat' dir='ltr'><strong>sequenti</strong></span> <span class='ocrx_word' id='word_1_297' title='bbox 1483 3301 1570 3346; x_wconf 91' lang='lat' dir='ltr'><strong>de-</strong></span> 
     </span>
     <span class='ocr_line' id='line_1_44' title="bbox 279 3371 1572 3434; baseline 0.005 -23"><span class='ocrx_word' id='word_1_298' title='bbox 279 3384 405 3412; x_wconf 89' lang='lat' dir='ltr'><strong>mum</strong></span> <span class='ocrx_word' id='word_1_299' title='bbox 429 3371 620 3430; x_wconf 90' lang='lat' dir='ltr'><strong>segmini</strong></span> <span class='ocrx_word' id='word_1_300' title='bbox 650 3371 927 3433; x_wconf 84' lang='lat' dir='ltr'><strong>praefigatur.</strong></span> <span class='ocrx_word' id='word_1_301' title='bbox 951 3374 1092 3419; x_wconf 89' lang='lat' dir='ltr'><strong>Unde</strong></span> <span class='ocrx_word' id='word_1_302' title='bbox 1122 3375 1313 3434; x_wconf 88' lang='lat' dir='ltr'><strong>colligas</strong></span> <span class='ocrx_word' id='word_1_303' title='bbox 1335 3374 1572 3434; x_wconf 89' lang='lat' dir='ltr'><strong>fragmen-</strong></span> 
     </span>
     <span class='ocr_line' id='line_1_45' title="bbox 280 3443 1571 3502; baseline 0.005 -18"><span class='ocrx_word' id='word_1_304' title='bbox 280 3451 376 3485; x_wconf 89' lang='lat' dir='ltr'><strong>tum</strong></span> <span class='ocrx_word' id='word_1_305' title='bbox 417 3443 761 3488; x_wconf 83' lang='lat' dir='ltr'><strong>Aristotelicum</strong></span> <span class='ocrx_word' id='word_1_306' title='bbox 794 3447 936 3491; x_wconf 88' lang='lat' dir='ltr'><strong>serius</strong></span> <span class='ocrx_word' id='word_1_307' title='bbox 971 3447 1160 3491; x_wconf 89' lang='lat' dir='ltr'><strong>demum</strong></span> <span class='ocrx_word' id='word_1_308' title='bbox 1184 3448 1363 3491; x_wconf 89' lang='lat' dir='ltr'><strong>illatum</strong></span> <span class='ocrx_word' id='word_1_309' title='bbox 1401 3456 1470 3502; x_wconf 90' lang='lat' dir='ltr'><strong>et,</strong></span> <span class='ocrx_word' id='word_1_310' title='bbox 1502 3448 1571 3490; x_wconf 88' lang='lat' dir='ltr'><strong>uti</strong></span> 
     </span>
     <span class='ocr_line' id='line_1_46' title="bbox 282 3513 1573 3579; baseline 0.005 -22"><span class='ocrx_word' id='word_1_311' title='bbox 282 3513 384 3558; x_wconf 73' lang='lat' dir='ltr'><strong>lieri</strong></span> <span class='ocrx_word' id='word_1_312' title='bbox 420 3515 558 3571; x_wconf 92' lang='lat' dir='ltr'><strong>solet,</strong></span> <span class='ocrx_word' id='word_1_313' title='bbox 592 3532 690 3560; x_wconf 92' lang='lat' dir='ltr'><strong>non</strong></span> <span class='ocrx_word' id='word_1_314' title='bbox 723 3533 805 3561; x_wconf 92' lang='lat' dir='ltr'><strong>suo</strong></span> <span class='ocrx_word' id='word_1_315' title='bbox 846 3534 938 3563; x_wconf 90' lang='lat' dir='ltr'><strong>esse</strong></span> <span class='ocrx_word' id='word_1_316' title='bbox 961 3520 1067 3563; x_wconf 91' lang='lat' dir='ltr'><strong>loco</strong></span> <span class='ocrx_word' id='word_1_317' title='bbox 1102 3520 1324 3579; x_wconf 90' lang='lat' dir='ltr'><strong>positum.</strong></span> <span class='ocrx_word' id='word_1_318' title='bbox 1353 3520 1573 3564; x_wconf 90' lang='lat' dir='ltr'><strong>Similiter</strong></span> 
     </span>
     <span class='ocr_line' id='line_1_47' title="bbox 279 3586 1572 3647; baseline 0.005 -19"><span class='ocrx_word' id='word_1_319' title='bbox 279 3586 444 3647; x_wconf 86' lang='lat' dir='ltr'><strong>fragm.</strong></span> <span class='ocrx_word' id='word_1_320' title='bbox 476 3603 527 3644; x_wconf 93' lang='lat'><strong>7,</strong></span> <span class='ocrx_word' id='word_1_321' title='bbox 554 3586 579 3631; x_wconf 85' lang='lat'>3</span> <span class='ocrx_word' id='word_1_322' title='bbox 602 3589 894 3634; x_wconf 84' lang='lat' dir='ltr'><strong>Aristotelica</strong></span> <span class='ocrx_word' id='word_1_323' title='bbox 927 3591 1262 3636; x_wconf 88' lang='lat' dir='ltr'><strong>historiuncula</strong></span> <span class='ocrx_word' id='word_1_324' title='bbox 1295 3600 1443 3635; x_wconf 87' lang='lat' dir='ltr'><strong>assuta</strong></span> <span class='ocrx_word' id='word_1_325' title='bbox 1478 3606 1572 3636; x_wconf 90' lang='lat' dir='ltr'><strong>esse</strong></span> 
     </span>
     <span class='ocr_line' id='line_1_48' title="bbox 279 3657 1570 3725; baseline 0.005 -24"><span class='ocrx_word' id='word_1_326' title='bbox 279 3657 483 3703; x_wconf 89' lang='lat' dir='ltr'><strong>videtur.</strong></span> <span class='ocrx_word' id='word_1_327' title='bbox 508 3661 657 3704; x_wconf 88' lang='lat' dir='ltr'><strong>Porro</strong></span> <span class='ocrx_word' id='word_1_328' title='bbox 683 3675 784 3718; x_wconf 86' lang='lat' dir='ltr'><strong>quae</strong></span> <span class='ocrx_word' id='word_1_329' title='bbox 814 3676 869 3705; x_wconf 90' lang='lat' dir='ltr'><strong>ex</strong></span> <span class='ocrx_word' id='word_1_330' title='bbox 886 3662 1238 3722; x_wconf 81' lang='lat' dir='ltr'><strong>Corcyraeorum</strong></span> <span class='ocrx_word' id='word_1_331' title='bbox 1258 3679 1359 3723; x_wconf 90' lang='lat' dir='ltr'><strong>rep.</strong></span> <span class='ocrx_word' id='word_1_332' title='bbox 1387 3663 1462 3722; x_wconf 90' lang='lat' dir='ltr'><strong>(fr.</strong></span> <span class='ocrx_word' id='word_1_333' title='bbox 1484 3660 1570 3725; x_wconf 84' lang='lat'><strong>27)</strong></span> 
     </span>
     <span class='ocr_line' id='line_1_49' title="bbox 280 3730 1572 3791; baseline 0.007 -20"><span class='ocrx_word' id='word_1_334' title='bbox 280 3730 500 3790; x_wconf 86' lang='lat' dir='ltr'><strong>leguntur</strong></span> <span class='ocrx_word' id='word_1_335' title='bbox 522 3733 571 3775; x_wconf 93' lang='lat' dir='ltr'><strong>in</strong></span> <span class='ocrx_word' id='word_1_336' title='bbox 594 3732 804 3791; x_wconf 88' lang='lat' dir='ltr'><strong>plurimis</strong></span> <span class='ocrx_word' id='word_1_337' title='bbox 825 3734 965 3777; x_wconf 89' lang='lat' dir='ltr'><strong>codd.</strong></span> <span class='ocrx_word' id='word_1_338' title='bbox 991 3737 1284 3791; x_wconf 87' lang='lat' dir='ltr'><strong>omittuntur;</strong></span> <span class='ocrx_word' id='word_1_339' title='bbox 1310 3738 1357 3780; x_wconf 90' lang='lat' dir='ltr'><strong>in</strong></span> <span class='ocrx_word' id='word_1_340' title='bbox 1386 3736 1572 3780; x_wconf 92' lang='lat' dir='ltr'><strong>duobus</strong></span> 
     </span>
     <span class='ocr_line' id='line_1_50' title="bbox 281 3803 1572 3867; baseline 0.007 -23"><span class='ocrx_word' id='word_1_341' title='bbox 281 3812 436 3847; x_wconf 86' lang='lat' dir='ltr'><strong>autem</strong></span> <span class='ocrx_word' id='word_1_342' title='bbox 463 3803 528 3863; x_wconf 84' lang='lat' dir='ltr'><strong>(A</strong></span> <span class='ocrx_word' id='word_1_343' title='bbox 550 3804 641 3864; x_wconf 91' lang='lat' dir='ltr'><strong>C),</strong></span> <span class='ocrx_word' id='word_1_344' title='bbox 673 3805 753 3863; x_wconf 89' lang='lat' dir='ltr'><strong>qui</strong></span> <span class='ocrx_word' id='word_1_345' title='bbox 777 3820 830 3849; x_wconf 90' lang='lat' dir='ltr'><strong>ea</strong></span> <span class='ocrx_word' id='word_1_346' title='bbox 851 3806 1069 3850; x_wconf 89' lang='lat' dir='ltr'><strong>exhibent</strong></span> <span class='ocrx_word' id='word_1_347' title='bbox 1085 3841 1097 3861; x_wconf 97' lang='lat'><strong>,</strong></span> <span class='ocrx_word' id='word_1_348' title='bbox 1121 3808 1310 3852; x_wconf 89' lang='lat' dir='ltr'><strong>diversis</strong></span> <span class='ocrx_word' id='word_1_349' title='bbox 1342 3809 1456 3852; x_wconf 90' lang='lat' dir='ltr'><strong>locis</strong></span> <span class='ocrx_word' id='word_1_350' title='bbox 1484 3823 1572 3867; x_wconf 91' lang='lat' dir='ltr'><strong>po-</strong></span> 
     </span>
     <span class='ocr_line' id='line_1_51' title="bbox 283 3875 1572 3936; baseline 0.006 -20"><span class='ocrx_word' id='word_1_351' title='bbox 283 3881 471 3920; x_wconf 87' lang='lat' dir='ltr'><strong>nuntur.</strong></span> <span class='ocrx_word' id='word_1_352' title='bbox 495 3875 635 3934; x_wconf 91' lang='lat' dir='ltr'><strong>Quod</strong></span> <span class='ocrx_word' id='word_1_353' title='bbox 667 3877 777 3919; x_wconf 89' lang='lat' dir='ltr'><strong>item</strong></span> <span class='ocrx_word' id='word_1_354' title='bbox 802 3877 976 3920; x_wconf 89' lang='lat' dir='ltr'><strong>indicio</strong></span> <span class='ocrx_word' id='word_1_355' title='bbox 1002 3887 1067 3922; x_wconf 89' lang='lat' dir='ltr'><strong>est</strong></span> <span class='ocrx_word' id='word_1_356' title='bbox 1090 3880 1201 3922; x_wconf 88' lang='lat' dir='ltr'><strong>olim</strong></span> <span class='ocrx_word' id='word_1_357' title='bbox 1229 3880 1326 3924; x_wconf 76' lang='lat' dir='ltr'><strong>haec</strong></span> <span class='ocrx_word' id='word_1_358' title='bbox 1362 3896 1418 3923; x_wconf 89' lang='lat' dir='ltr'><strong>eo</strong></span> <span class='ocrx_word' id='word_1_359' title='bbox 1444 3881 1572 3936; x_wconf 80' lang='lat' dir='ltr'><strong>loen,</strong></span> 
     </span>
     <span class='ocr_line' id='line_1_52' title="bbox 288 3947 1572 4010; baseline 0.006 -23"><span class='ocrx_word' id='word_1_360' title='bbox 288 3947 365 3990; x_wconf 88' lang='lat' dir='ltr'><strong>ubi</strong></span> <span class='ocrx_word' id='word_1_361' title='bbox 394 3947 454 3991; x_wconf 90' lang='lat' dir='ltr'><strong>de</strong></span> <span class='ocrx_word' id='word_1_362' title='bbox 473 3948 643 3992; x_wconf 88' lang='lat' dir='ltr'><strong>Italicis</strong></span> <span class='ocrx_word' id='word_1_363' title='bbox 673 3947 851 3991; x_wconf 88' lang='lat' dir='ltr'><strong>Politiis</strong></span> <span class='ocrx_word' id='word_1_364' title='bbox 871 3963 1024 3992; x_wconf 89' lang='lat' dir='ltr'><strong>sermo</strong></span> <span class='ocrx_word' id='word_1_365' title='bbox 1055 3959 1178 4009; x_wconf 81' lang='lat' dir='ltr'><strong>erat,</strong></span> <span class='ocrx_word' id='word_1_366' title='bbox 1220 3951 1278 3994; x_wconf 88' lang='lat' dir='ltr'><strong>ad</strong></span> <span class='ocrx_word' id='word_1_367' title='bbox 1312 3953 1572 4010; x_wconf 85' lang='lat' dir='ltr'><strong>marginem</strong></span> 
     </span>
     <span class='ocr_line' id='line_1_53' title="bbox 284 4019 1570 4080; baseline 0.005 -18"><span class='ocrx_word' id='word_1_368' title='bbox 284 4020 486 4076; x_wconf 87' lang='lat' dir='ltr'><strong>primum</strong></span> <span class='ocrx_word' id='word_1_369' title='bbox 510 4019 740 4078; x_wconf 86' lang='lat' dir='ltr'><strong>adscripta</strong></span> <span class='ocrx_word' id='word_1_370' title='bbox 767 4020 904 4063; x_wconf 82' lang='lat' dir='ltr'><strong>fuisse</strong></span> <span class='ocrx_word' id='word_1_371' title='bbox 920 4054 931 4076; x_wconf 93' lang='lat'><strong>,</strong></span> <span class='ocrx_word' id='word_1_372' title='bbox 954 4020 1125 4064; x_wconf 87' lang='lat' dir='ltr'><strong>deinde</strong></span> <span class='ocrx_word' id='word_1_373' title='bbox 1153 4023 1366 4080; x_wconf 85' lang='lat' dir='ltr'><strong>migrasse</strong></span> <span class='ocrx_word' id='word_1_374' title='bbox 1384 4025 1431 4067; x_wconf 92' lang='lat' dir='ltr'><strong>in</strong></span> <span class='ocrx_word' id='word_1_375' title='bbox 1457 4039 1570 4068; x_wconf 90' lang='lat' dir='ltr'><strong>con·</strong></span> 
     </span>
    </p>
   </div>
   <div class='ocr_carea' id='block_1_3' title="bbox 283 4135 1572 4245">
    <p class='ocr_par' dir='ltr' id='par_1_4' title="bbox 283 4135 1572 4245">
     <span class='ocr_line' id='line_1_54' title="bbox 334 4135 1572 4187; baseline 0.002 -11"><span class='ocrx_word' id='word_1_376' title='bbox 334 4135 384 4184; x_wconf 61' lang='lat'><strong>(⁸⁴)</strong></span> <span class='ocrx_word' id='word_1_377' title='bbox 413 4137 654 4186; x_wconf 81' lang='lat' dir='ltr'><strong>Conjunctas</strong></span> <span class='ocrx_word' id='word_1_378' title='bbox 682 4147 766 4176; x_wconf 80' lang='lat' dir='ltr'><strong>esse</strong></span> <span class='ocrx_word' id='word_1_379' title='bbox 785 4148 876 4187; x_wconf 59' lang='lat' dir='ltr'><strong>quae</strong></span> <span class='ocrx_word' id='word_1_380' title='bbox 903 4138 940 4176; x_wconf 85' lang='lat' dir='ltr'><strong>in</strong></span> <span class='ocrx_word' id='word_1_381' title='bbox 962 4137 1098 4177; x_wconf 74' lang='lat' dir='ltr'><strong>eadem</strong></span> <span class='ocrx_word' id='word_1_382' title='bbox 1123 4138 1278 4186; x_wconf 65' lang='lat' dir='ltr'><strong>regione</strong></span> <span class='ocrx_word' id='word_1_383' title='bbox 1310 4142 1437 4178; x_wconf 79' lang='lat' dir='ltr'><strong>essent</strong></span> <span class='ocrx_word' id='word_1_384' title='bbox 1463 4139 1572 4179; x_wconf 86' lang='grc'><strong>511111-</strong></span> 
     </span>
     <span class='ocr_line' id='line_1_55' title="bbox 283 4193 1417 4245; baseline 0.001 -14"><span class='ocrx_word' id='word_1_385' title='bbox 283 4193 361 4241; x_wconf 82' lang='lat' dir='ltr'><strong>les,</strong></span> <span class='ocrx_word' id='word_1_386' title='bbox 384 4194 444 4232; x_wconf 87' lang='lat' dir='ltr'><strong>vel</strong></span> <span class='ocrx_word' id='word_1_387' title='bbox 462 4205 509 4232; x_wconf 80' lang='lat' dir='ltr'><strong>ex</strong></span> <span class='ocrx_word' id='word_1_388' title='bbox 530 4194 653 4233; x_wconf 79' lang='lat' dir='ltr'><strong>titulis</strong></span> <span class='ocrx_word' id='word_1_389' title='bbox 668 4194 846 4245; x_wconf 85' lang='grc' dir='ltr'>Ἀχαιῶν,</span> <span class='ocrx_word' id='word_1_390' title='bbox 866 4197 1076 4234; x_wconf 80' lang='grc' dir='ltr'>Θεσσαλῶν</span> <span class='ocrx_word' id='word_1_391' title='bbox 1093 4197 1178 4234; x_wconf 78' lang='grc' dir='ltr'>πολ.</span> <span class='ocrx_word' id='word_1_392' title='bbox 1201 4198 1274 4233; x_wconf 70' lang='lat' dir='ltr'><strong>ele.</strong></span> <span class='ocrx_word' id='word_1_393' title='bbox 1299 4199 1417 4244; x_wconf 67' lang='lat' dir='ltr'><strong>palei.</strong></span> 
     </span>
    </p>
   </div>
   <div class='ocr_carea' id='block_1_4' title="bbox 1237 227 1992 283">
    <p class='ocr_par' dir='ltr' id='par_1_5' title="bbox 1237 227 1992 283">
     <span class='ocr_line' id='line_1_56' title="bbox 1237 227 1992 283; baseline -0.009 0"><span class='ocrx_word' id='word_1_394' title='bbox 1237 232 1634 283; x_wconf 82' lang='lat' dir='ltr'><strong>HERACLIDES</strong></span> <span class='ocrx_word' id='word_1_395' title='bbox 1673 227 1992 279; x_wconf 80' lang='lat' dir='ltr'><strong>PONTlCUS.</strong></span> 
     </span>
    </p>
   </div>
   <div class='ocr_carea' id='block_1_5' title="bbox 2832 300 3012 4628">
    <p class='ocr_par' dir='ltr' id='par_1_6' title="bbox 2832 300 3012 4628">
     <span class='ocr_line' id='line_1_57' title="bbox 2950 300 3012 560; baseline 0 -61"><span class='ocrx_word' id='word_1_396' title='bbox 2950 300 3012 560; x_wconf 95' lang='lat' dir='ltr'><strong>   </strong></span> 
     </span>
     <span class='ocr_line' id='line_1_58' title="bbox 2953 587 3012 722; baseline 0.186 -9"><span class='ocrx_word' id='word_1_397' title='bbox 2953 587 3012 722; x_wconf 95' lang='lat' dir='ltr'><strong>   </strong></span> 
     </span>
     <span class='ocr_line' id='line_1_59' title="bbox 2955 722 3012 790; baseline 0 0"><span class='ocrx_word' id='word_1_398' title='bbox 2955 722 3012 790; x_wconf 95' lang='lat' dir='ltr'><strong>  </strong></span> 
     </span>
     <span class='ocr_line' id='line_1_60' title="bbox 2955 859 3012 1072; baseline 0 0"><span class='ocrx_word' id='word_1_399' title='bbox 2955 859 3012 1072; x_wconf 95' lang='lat' dir='ltr'><strong>   </strong></span> 
     </span>
     <span class='ocr_line' id='line_1_61' title="bbox 2966 1088 3012 1145; baseline 0 3483"><span class='ocrx_word' id='word_1_400' title='bbox 2966 1088 3012 1145; x_wconf 95' lang='lat' dir='ltr'><strong> </strong></span> 
     </span>
     <span class='ocr_line' id='line_1_62' title="bbox 2940 1145 3012 1311; baseline 0 -79"><span class='ocrx_word' id='word_1_401' title='bbox 2940 1145 3012 1311; x_wconf 95' lang='lat' dir='ltr'><strong>   </strong></span> 
     </span>
     <span class='ocr_line' id='line_1_63' title="bbox 3008 1311 3012 1364; baseline 0 3264"><span class='ocrx_word' id='word_1_402' title='bbox 3008 1311 3012 1364; x_wconf 95' lang='lat' dir='ltr'><strong> </strong></span> 
     </span>
     <span class='ocr_line' id='line_1_64' title="bbox 2940 1364 3012 1558; baseline 0 -97"><span class='ocrx_word' id='word_1_403' title='bbox 2940 1364 3012 1558; x_wconf 95' lang='lat' dir='ltr'><strong>    </strong></span> 
     </span>
     <span class='ocr_line' id='line_1_65' title="bbox 2950 1558 3012 1747; baseline 0 -19"><span class='ocrx_word' id='word_1_404' title='bbox 2950 1558 3012 1747; x_wconf 95' lang='lat' dir='ltr'><strong>   </strong></span> 
     </span>
     <span class='ocr_line' id='line_1_66' title="bbox 2947 1747 3012 1961; baseline 0 0"><span class='ocrx_word' id='word_1_405' title='bbox 2947 1747 3012 1961; x_wconf 95' lang='lat' dir='ltr'><strong>   </strong></span> 
     </span>
     <span class='ocr_line' id='line_1_67' title="bbox 2948 1961 3012 2090; baseline 0 -69"><span class='ocrx_word' id='word_1_406' title='bbox 2948 1961 3012 2090; x_wconf 95' lang='lat' dir='ltr'><strong>  </strong></span> 
     </span>
     <span class='ocr_line' id='line_1_68' title="bbox 2950 2090 3012 2159; baseline 0 2469"><span class='ocrx_word' id='word_1_407' title='bbox 2950 2090 3012 2159; x_wconf 95' lang='lat' dir='ltr'><strong> </strong></span> 
     </span>
     <span class='ocr_line' id='line_1_69' title="bbox 2949 2159 3012 2322; baseline 0.302 -15"><span class='ocrx_word' id='word_1_408' title='bbox 2949 2159 3012 2322; x_wconf 95' lang='lat' dir='ltr'><strong>   </strong></span> 
     </span>
     <span class='ocr_line' id='line_1_70' title="bbox 2951 2322 3012 2468; baseline 0 -89"><span class='ocrx_word' id='word_1_409' title='bbox 2951 2322 3012 2468; x_wconf 95' lang='lat' dir='ltr'><strong>    </strong></span> 
     </span>
     <span class='ocr_line' id='line_1_71' title="bbox 2958 2468 3012 2596; baseline 0 -68"><span class='ocrx_word' id='word_1_410' title='bbox 2958 2468 3012 2596; x_wconf 95' lang='lat' dir='ltr'><strong>  </strong></span> 
     </span>
     <span class='ocr_line' id='line_1_72' title="bbox 2950 2596 3012 2744; baseline 0 -83"><span class='ocrx_word' id='word_1_411' title='bbox 2950 2596 3012 2744; x_wconf 95' lang='lat' dir='ltr'><strong>  </strong></span> 
     </span>
     <span class='ocr_line' id='line_1_73' title="bbox 2948 2744 3012 2900; baseline 0 -18"><span class='ocrx_word' id='word_1_412' title='bbox 2948 2744 3012 2900; x_wconf 95' lang='lat' dir='ltr'><strong>   </strong></span> 
     </span>
     <span class='ocr_line' id='line_1_74' title="bbox 2947 2900 3012 2965; baseline 0 1663"><span class='ocrx_word' id='word_1_413' title='bbox 2947 2900 3012 2965; x_wconf 95' lang='lat' dir='ltr'><strong> </strong></span> 
     </span>
     <span class='ocr_line' id='line_1_75' title="bbox 2947 2965 3012 3110; baseline 0.154 -80"><span class='ocrx_word' id='word_1_414' title='bbox 2947 2965 3012 3110; x_wconf 95' lang='lat' dir='ltr'><strong>   </strong></span> 
     </span>
     <span class='ocr_line' id='line_1_76' title="bbox 2945 3110 3008 3258; baseline 0 -75"><span class='ocrx_word' id='word_1_415' title='bbox 2945 3110 3008 3258; x_wconf 95' lang='lat' dir='ltr'><strong>  </strong></span> 
     </span>
     <span class='ocr_line' id='line_1_77' title="bbox 2865 3258 3008 3409; baseline -0.014 -78"><span class='ocrx_word' id='word_1_416' title='bbox 2865 3258 3008 3409; x_wconf 95' lang='lat' dir='ltr'><strong>    </strong></span> 
     </span>
     <span class='ocr_line' id='line_1_78' title="bbox 2832 3409 3012 3554; baseline -0.044 0"><span class='ocrx_word' id='word_1_417' title='bbox 2832 3409 3012 3554; x_wconf 95' lang='lat' dir='ltr'><strong>   </strong></span> 
     </span>
     <span class='ocr_line' id='line_1_79' title="bbox 2912 3554 3012 3686; baseline 0 -64"><span class='ocrx_word' id='word_1_418' title='bbox 2912 3554 3012 3686; x_wconf 95' lang='lat' dir='ltr'><strong>  </strong></span> 
     </span>
     <span class='ocr_line' id='line_1_80' title="bbox 2846 3686 3012 3837; baseline -0.018 -69"><span class='ocrx_word' id='word_1_419' title='bbox 2846 3686 3012 3837; x_wconf 95' lang='lat' dir='ltr'><strong>   </strong></span> 
     </span>
     <span class='ocr_line' id='line_1_81' title="bbox 2861 3837 3008 3984; baseline 0 -72"><span class='ocrx_word' id='word_1_420' title='bbox 2861 3837 3008 3984; x_wconf 95' lang='lat' dir='ltr'><strong>  </strong></span> 
     </span>
     <span class='ocr_line' id='line_1_82' title="bbox 2859 3984 3012 4131; baseline 0.039 -4"><span class='ocrx_word' id='word_1_421' title='bbox 2859 3984 3012 4131; x_wconf 95' lang='lat' dir='ltr'><strong>   </strong></span> 
     </span>
     <span class='ocr_line' id='line_1_83' title="bbox 2861 4131 3012 4628; baseline 0 -362"><span class='ocrx_word' id='word_1_422' title='bbox 2861 4131 3012 4628; x_wconf 95' lang='lat' dir='ltr'><strong>   </strong></span> 
     </span>
    </p>
   </div>
   <div class='ocr_carea' id='block_1_6' title="bbox 1644 330 3011 4232">
    <p class='ocr_par' dir='ltr' id='par_1_7' title="bbox 1644 321 3012 4232">
     <span class='ocr_line' id='line_1_84' title="bbox 1653 330 2960 391; baseline -0.002 -10"><span class='ocrx_word' id='word_1_423' title='bbox 1653 348 1846 383; x_wconf 87' lang='lat' dir='ltr'><strong>textum.</strong></span> <span class='ocrx_word' id='word_1_424' title='bbox 1901 338 1969 380; x_wconf 92' lang='lat' dir='ltr'><strong>Ex</strong></span> <span class='ocrx_word' id='word_1_425' title='bbox 2008 333 2350 379; x_wconf 80' lang='lat' dir='ltr'><strong>Schneidewini</strong></span> <span class='ocrx_word' id='word_1_426' title='bbox 2395 331 2586 391; x_wconf 89' lang='lat' dir='ltr'><strong>quidem</strong></span> <span class='ocrx_word' id='word_1_427' title='bbox 2629 331 2854 375; x_wconf 89' lang='lat' dir='ltr'><strong>sententia</strong></span> <span class='ocrx_word' id='word_1_428' title='bbox 2886 330 2960 378; x_wconf 48' lang='lat' dir='ltr'><strong>ea?</strong></span> 
     </span>
     <span class='ocr_line' id='line_1_85' title="bbox 1653 403 2943 467; baseline -0.006 -13"><span class='ocrx_word' id='word_1_429' title='bbox 1653 411 1810 454; x_wconf 87' lang='lat' dir='ltr'><strong>omnia</strong></span> <span class='ocrx_word' id='word_1_430' title='bbox 1834 424 1935 467; x_wconf 88' lang='lat' dir='ltr'><strong>quae</strong></span> <span class='ocrx_word' id='word_1_431' title='bbox 1959 409 2008 450; x_wconf 90' lang='lat' dir='ltr'><strong>in</strong></span> <span class='ocrx_word' id='word_1_432' title='bbox 2037 405 2177 449; x_wconf 90' lang='lat' dir='ltr'><strong>codd.</strong></span> <span class='ocrx_word' id='word_1_433' title='bbox 2201 406 2245 448; x_wconf 89' lang='lat' dir='ltr'><em>A</em></span> <span class='ocrx_word' id='word_1_434' title='bbox 2273 406 2317 448; x_wconf 91' lang='lat' dir='ltr'><em>B</em></span> <span class='ocrx_word' id='word_1_435' title='bbox 2347 405 2387 450; x_wconf 90' lang='lat' dir='ltr'><strong>C</strong></span> <span class='ocrx_word' id='word_1_436' title='bbox 2410 405 2645 464; x_wconf 84' lang='lat' dir='ltr'><strong>leguntur,</strong></span> <span class='ocrx_word' id='word_1_437' title='bbox 2669 404 2719 447; x_wconf 91' lang='lat' dir='ltr'><strong>in</strong></span> <span class='ocrx_word' id='word_1_438' title='bbox 2747 403 2943 462; x_wconf 69' lang='lat' dir='ltr'><strong>reliqu‘u</strong></span> 
     </span>
     <span class='ocr_line' id='line_1_86' title="bbox 1652 475 2943 532; baseline -0.004 -6"><span class='ocrx_word' id='word_1_439' title='bbox 1652 491 1807 526; x_wconf 89' lang='lat' dir='ltr'><strong>autem</strong></span> <span class='ocrx_word' id='word_1_440' title='bbox 1835 479 2077 524; x_wconf 89' lang='lat' dir='ltr'><strong>codicibus</strong></span> <span class='ocrx_word' id='word_1_441' title='bbox 2108 476 2450 532; x_wconf 77' lang='lat' dir='ltr'><strong>desiderantur,</strong></span> <span class='ocrx_word' id='word_1_442' title='bbox 2488 491 2515 520; x_wconf 89' lang='lat' dir='ltr'><strong>a</strong></span> <span class='ocrx_word' id='word_1_443' title='bbox 2547 475 2748 520; x_wconf 87' lang='lat' dir='ltr'><strong>librariis</strong></span> <span class='ocrx_word' id='word_1_444' title='bbox 2769 475 2943 521; x_wconf 70' lang='lat' dir='ltr'><strong>horum</strong></span> 
     </span>
     <span class='ocr_line' id='line_1_87' title="bbox 1653 543 3011 607; baseline -0.004 -11"><span class='ocrx_word' id='word_1_445' title='bbox 1653 554 1956 596; x_wconf 81' lang='lat' dir='ltr'><strong>omissa-sunt.</strong></span> <span class='ocrx_word' id='word_1_446' title='bbox 1980 548 2123 606; x_wconf 87' lang='lat' dir='ltr'><strong>Quod</strong></span> <span class='ocrx_word' id='word_1_447' title='bbox 2139 548 2263 592; x_wconf 87' lang='lat' dir='ltr'><strong>ut-de</strong></span> <span class='ocrx_word' id='word_1_448' title='bbox 2287 548 2522 606; x_wconf 89' lang='lat' dir='ltr'><strong>corruptis</strong></span> <span class='ocrx_word' id='word_1_449' title='bbox 2537 546 2815 606; x_wconf 84' lang='lat' dir='ltr'><strong>quibusdam</strong></span> <span class='ocrx_word' id='word_1_450' title='bbox 2829 543 2956 602; x_wconf 50' lang='lat' dir='ltr'><strong>loeis</strong></span> <span class='ocrx_word' id='word_1_451' title='bbox 3002 588 3011 607; x_wconf 22' lang='grc' dir='ltr'><strong>ἓ,</strong></span> 
     </span>
     <span class='ocr_line' id='line_1_88' title="bbox 1651 617 2954 683; baseline -0.004 -16"><span class='ocrx_word' id='word_1_452' title='bbox 1651 623 1960 683; x_wconf 89' lang='lat' dir='ltr'><strong>probabiliter</strong></span> <span class='ocrx_word' id='word_1_453' title='bbox 1975 620 2111 664; x_wconf 77' lang='lat' dir='ltr'><strong>statui</strong></span> <span class='ocrx_word' id='word_1_454' title='bbox 2125 627 2292 679; x_wconf 90' lang='lat' dir='ltr'><strong>potest</strong></span> <span class='ocrx_word' id='word_1_455' title='bbox 2318 620 2382 663; x_wconf 90' lang='lat' dir='ltr'><strong>sic</strong></span> <span class='ocrx_word' id='word_1_456' title='bbox 2396 619 2629 663; x_wconf 90' lang='lat' dir='ltr'><strong>deceteris</strong></span> <span class='ocrx_word' id='word_1_457' title='bbox 2640 633 2809 678; x_wconf 85' lang='lat' dir='ltr'><strong>parum</strong></span> <span class='ocrx_word' id='word_1_458' title='bbox 2819 617 2954 663; x_wconf 59' lang='lat' dir='ltr'><strong>veri-22*</strong></span> 
     </span>
     <span class='ocr_line' id='line_1_89' title="bbox 1650 680 3010 739; baseline -0.004 0"><span class='ocrx_word' id='word_1_459' title='bbox 1650 696 1797 739; x_wconf 90' lang='lat' dir='ltr'><strong>simile</strong></span> <span class='ocrx_word' id='word_1_460' title='bbox 1817 703 1899 738; x_wconf 91' lang='lat' dir='ltr'><strong>est.</strong></span> <span class='ocrx_word' id='word_1_461' title='bbox 1926 695 2028 736; x_wconf 90' lang='lat' dir='ltr'><strong>Imo</strong></span> <span class='ocrx_word' id='word_1_462' title='bbox 2065 690 2250 736; x_wconf 90' lang='lat' dir='ltr'><strong>codices</strong></span> <span class='ocrx_word' id='word_1_463' title='bbox 2272 707 2303 735; x_wconf 86' lang='lat' dir='ltr'><strong>a</strong></span> <span class='ocrx_word' id='word_1_464' title='bbox 2334 692 2363 735; x_wconf 81' lang='lat' dir='ltr'><em>b</em></span> <span class='ocrx_word' id='word_1_465' title='bbox 2381 707 2409 736; x_wconf 79' lang='lat' dir='ltr'><strong>e</strong></span> <span class='ocrx_word' id='word_1_466' title='bbox 2442 700 2532 737; x_wconf 89' lang='lat' dir='ltr'><strong>etc.</strong></span> <span class='ocrx_word' id='word_1_467' title='bbox 2559 705 2617 736; x_wconf 87' lang='lat' dir='ltr'><strong>ex</strong></span> <span class='ocrx_word' id='word_1_468' title='bbox 2642 691 2772 735; x_wconf 85' lang='lat' dir='ltr'><strong>fonte</strong></span> <span class='ocrx_word' id='word_1_469' title='bbox 2790 686 2958 737; x_wconf 57' lang='grc' dir='ltr'><strong>ΗιιιεεωιΙ</strong></span> <span class='ocrx_word' id='word_1_470' title='bbox 2999 680 3010 733; x_wconf 68' lang='grc' dir='ltr'><strong><em>ἶ</em></strong></span> 
     </span>
     <span class='ocr_line' id='line_1_90' title="bbox 1650 756 3008 825; baseline 0 -14"><span class='ocrx_word' id='word_1_471' title='bbox 1650 769 1769 822; x_wconf 81' lang='lat' dir='ltr'><strong>rint,</strong></span> <span class='ocrx_word' id='word_1_472' title='bbox 1817 767 1899 825; x_wconf 89' lang='lat' dir='ltr'><strong>qui</strong></span> <span class='ocrx_word' id='word_1_473' title='bbox 1935 766 2166 810; x_wconf 90' lang='lat' dir='ltr'><strong>nonnulla</strong></span> <span class='ocrx_word' id='word_1_474' title='bbox 2205 779 2370 810; x_wconf 82' lang='lat' dir='ltr'><strong>colum</strong></span> <span class='ocrx_word' id='word_1_475' title='bbox 2408 779 2511 824; x_wconf 85' lang='lat' dir='ltr'><strong>quae</strong></span> <span class='ocrx_word' id='word_1_476' title='bbox 2547 763 2645 822; x_wconf 85' lang='lat' dir='ltr'><strong>jam</strong></span> <span class='ocrx_word' id='word_1_477' title='bbox 2674 764 2726 808; x_wconf 89' lang='lat' dir='ltr'><strong>in</strong></span> <span class='ocrx_word' id='word_1_478' title='bbox 2759 766 2807 808; x_wconf 79' lang='lat' dir='ltr'><em>A</em></span> <span class='ocrx_word' id='word_1_479' title='bbox 2834 764 2879 808; x_wconf 90' lang='lat' dir='ltr'><em>B</em></span> <span class='ocrx_word' id='word_1_480' title='bbox 2908 756 3008 811; x_wconf 62' lang='lat' dir='ltr'><strong>ff}</strong></span> 
     </span>
     <span class='ocr_line' id='line_1_91' title="bbox 1651 829 3011 905; baseline -0.002 -22"><span class='ocrx_word' id='word_1_481' title='bbox 1651 846 1856 894; x_wconf 86' lang='lat' dir='ltr'><strong>exstant,</strong></span> <span class='ocrx_word' id='word_1_482' title='bbox 1877 837 2093 882; x_wconf 90' lang='lat' dir='ltr'><strong>nondum</strong></span> <span class='ocrx_word' id='word_1_483' title='bbox 2115 837 2262 880; x_wconf 89' lang='lat' dir='ltr'><strong>novit.</strong></span> <span class='ocrx_word' id='word_1_484' title='bbox 2283 838 2358 882; x_wconf 86' lang='lat' dir='ltr'><strong>Sic</strong></span> <span class='ocrx_word' id='word_1_485' title='bbox 2391 853 2491 881; x_wconf 90' lang='lat' dir='ltr'><strong>non</strong></span> <span class='ocrx_word' id='word_1_486' title='bbox 2510 837 2695 881; x_wconf 87' lang='lat' dir='ltr'><strong>noverit</strong></span> <span class='ocrx_word' id='word_1_487' title='bbox 2717 839 2882 896; x_wconf 79' lang='lat' dir='ltr'><strong>quaeA</strong></span> <span class='ocrx_word' id='word_1_488' title='bbox 2918 829 2964 905; x_wconf 52' lang='grc' dir='ltr'><strong>ἕξ</strong></span> <span class='ocrx_word' id='word_1_489' title='bbox 3000 829 3011 900; x_wconf 65' lang='grc' dir='ltr'>ξ</span> 
     </span>
     <span class='ocr_line' id='line_1_92' title="bbox 1654 908 3011 971; baseline -0.004 -17"><span class='ocrx_word' id='word_1_490' title='bbox 1654 910 1726 971; x_wconf 87' lang='grc'><strong>(111</strong></span> <span class='ocrx_word' id='word_1_491' title='bbox 1764 911 1929 970; x_wconf 87' lang='lat' dir='ltr'><strong>fragm.</strong></span> <span class='ocrx_word' id='word_1_492' title='bbox 1963 926 2015 953; x_wconf 92' lang='lat'><strong>11</strong></span> <span class='ocrx_word' id='word_1_493' title='bbox 2055 908 2206 970; x_wconf 87' lang='lat' dir='ltr'><strong>extr.)</strong></span> <span class='ocrx_word' id='word_1_494' title='bbox 2249 909 2308 953; x_wconf 91' lang='lat' dir='ltr'><strong>de</strong></span> <span class='ocrx_word' id='word_1_495' title='bbox 2343 909 2556 954; x_wconf 84' lang='lat' dir='ltr'><strong>Phidone</strong></span> <span class='ocrx_word' id='word_1_496' title='bbox 2580 917 2628 952; x_wconf 92' lang='lat' dir='ltr'><strong>et</strong></span> <span class='ocrx_word' id='word_1_497' title='bbox 2664 909 2835 952; x_wconf 88' lang='lat' dir='ltr'><strong>Prome</strong></span> <span class='ocrx_word' id='word_1_498' title='bbox 2999 910 3011 969; x_wconf 69' lang='grc' dir='ltr'><strong><em>ξ</em></strong></span> 
     </span>
     <span class='ocr_line' id='line_1_93' title="bbox 1651 975 3007 1044; baseline -0.001 -18"><span class='ocrx_word' id='word_1_499' title='bbox 1651 983 1873 1026; x_wconf 83' lang='lat' dir='ltr'><strong>exhibent</strong></span> <span class='ocrx_word' id='word_1_500' title='bbox 1886 1016 1898 1038; x_wconf 90' lang='lat'>‚</span> <span class='ocrx_word' id='word_1_501' title='bbox 1922 997 2024 1041; x_wconf 91' lang='lat' dir='ltr'><strong>quae</strong></span> <span class='ocrx_word' id='word_1_502' title='bbox 2045 997 2159 1026; x_wconf 91' lang='lat' dir='ltr'><strong>num</strong></span> <span class='ocrx_word' id='word_1_503' title='bbox 2182 983 2292 1026; x_wconf 92' lang='lat' dir='ltr'><strong>loco</strong></span> <span class='ocrx_word' id='word_1_504' title='bbox 2311 997 2396 1026; x_wconf 88' lang='lat' dir='ltr'><strong>suo</strong></span> <span class='ocrx_word' id='word_1_505' title='bbox 2414 982 2566 1040; x_wconf 88' lang='lat' dir='ltr'><strong>posita</strong></span> <span class='ocrx_word' id='word_1_506' title='bbox 2588 981 2680 1025; x_wconf 89' lang='lat' dir='ltr'><strong>sint</strong></span> <span class='ocrx_word' id='word_1_507' title='bbox 2701 989 2749 1025; x_wconf 89' lang='lat' dir='ltr'><strong>et</strong></span> <span class='ocrx_word' id='word_1_508' title='bbox 2771 979 2832 1025; x_wconf 89' lang='lat' dir='ltr'><strong>ad</strong></span> <span class='ocrx_word' id='word_1_509' title='bbox 2853 979 2961 1038; x_wconf 56' lang='lat' dir='ltr'><strong>Cui}</strong></span> <span class='ocrx_word' id='word_1_510' title='bbox 3000 975 3007 1044; x_wconf 60' lang='grc' dir='ltr'><strong><em>ζ</em></strong></span> 
     </span>
     <span class='ocr_line' id='line_1_94' title="bbox 1650 1050 2966 1114; baseline -0.002 -16"><span class='ocrx_word' id='word_1_511' title='bbox 1650 1071 1874 1099; x_wconf 89' lang='lat' dir='ltr'><strong>maeorum</strong></span> <span class='ocrx_word' id='word_1_512' title='bbox 1895 1070 2046 1114; x_wconf 86' lang='lat' dir='ltr'><strong>remp.</strong></span> <span class='ocrx_word' id='word_1_513' title='bbox 2072 1055 2364 1114; x_wconf 85' lang='lat' dir='ltr'><strong>pertineant,</strong></span> <span class='ocrx_word' id='word_1_514' title='bbox 2391 1069 2450 1096; x_wconf 88' lang='lat' dir='ltr'><strong>an</strong></span> <span class='ocrx_word' id='word_1_515' title='bbox 2469 1052 2658 1097; x_wconf 88' lang='lat' dir='ltr'><strong>aliunde</strong></span> <span class='ocrx_word' id='word_1_516' title='bbox 2682 1053 2776 1096; x_wconf 85' lang='lat' dir='ltr'><strong>huc</strong></span> <span class='ocrx_word' id='word_1_517' title='bbox 2794 1051 2845 1097; x_wconf 90' lang='lat' dir='ltr'><strong>d</strong></span> <span class='ocrx_word' id='word_1_518' title='bbox 2920 1050 2966 1102; x_wconf 64' lang='lat' dir='ltr'><strong>»i</strong></span> 
     </span>
     <span class='ocr_line' id='line_1_95' title="bbox 1649 1085 3011 1196; baseline -0.004 -27"><span class='ocrx_word' id='word_1_519' title='bbox 1649 1128 1763 1182; x_wconf 89' lang='lat' dir='ltr'><strong>sint,</strong></span> <span class='ocrx_word' id='word_1_520' title='bbox 1786 1126 1890 1185; x_wconf 89' lang='lat' dir='ltr'><strong>jure</strong></span> <span class='ocrx_word' id='word_1_521' title='bbox 1912 1127 2171 1172; x_wconf 88' lang='lat' dir='ltr'><strong>dubitatur.</strong></span> <span class='ocrx_word' id='word_1_522' title='bbox 2196 1128 2346 1171; x_wconf 86' lang='lat' dir='ltr'><strong>Porro</strong></span> <span class='ocrx_word' id='word_1_523' title='bbox 2365 1126 2458 1169; x_wconf 91' lang='lat' dir='ltr'><strong>huc</strong></span> <span class='ocrx_word' id='word_1_524' title='bbox 2472 1126 2710 1184; x_wconf 88' lang='lat' dir='ltr'><strong>pertinere</strong></span> <span class='ocrx_word' id='word_1_525' title='bbox 2727 1085 3006 1196; x_wconf 46' lang='lat' dir='ltr'><strong>viden-114</strong></span> <span class='ocrx_word' id='word_1_526' title='bbox 3000 1110 3011 1139; x_wconf 65' lang='lat'><strong>⁵³</strong></span> 
     </span>
     <span class='ocr_line' id='line_1_96' title="bbox 1651 1187 2937 1259; baseline -0.001 -17"><span class='ocrx_word' id='word_1_527' title='bbox 1651 1214 1753 1257; x_wconf 88' lang='lat' dir='ltr'><strong>quae</strong></span> <span class='ocrx_word' id='word_1_528' title='bbox 1770 1199 1831 1243; x_wconf 90' lang='lat' dir='ltr'><strong>ad</strong></span> <span class='ocrx_word' id='word_1_529' title='bbox 1847 1199 1989 1244; x_wconf 91' lang='lat' dir='ltr'><strong>finem</strong></span> <span class='ocrx_word' id='word_1_530' title='bbox 2008 1201 2127 1259; x_wconf 91' lang='lat' dir='ltr'><strong>reip.</strong></span> <span class='ocrx_word' id='word_1_531' title='bbox 2149 1187 2461 1258; x_wconf 76' lang='lat' dir='ltr'><strong>Rheginorum</strong></span> <span class='ocrx_word' id='word_1_532' title='bbox 2482 1197 2565 1258; x_wconf 79' lang='lat' dir='ltr'><strong>(fr.</strong></span> <span class='ocrx_word' id='word_1_533' title='bbox 2585 1195 2644 1241; x_wconf 84' lang='lat'><strong>25</strong></span> <span class='ocrx_word' id='word_1_534' title='bbox 2659 1195 2742 1257; x_wconf 78' lang='lat' dir='ltr'><strong>)1n</strong></span> <span class='ocrx_word' id='word_1_535' title='bbox 2762 1195 2937 1242; x_wconf 86' lang='lat' dir='ltr'><strong>duob</strong></span> 
     </span>
     <span class='ocr_line' id='line_1_97' title="bbox 1651 1259 3008 1332; baseline 0.001 -19"><span class='ocrx_word' id='word_1_536' title='bbox 1651 1280 1831 1314; x_wconf 88' lang='lat' dir='ltr'><strong>tantum</strong></span> <span class='ocrx_word' id='word_1_537' title='bbox 1855 1272 1998 1316; x_wconf 91' lang='lat' dir='ltr'><strong>codd.</strong></span> <span class='ocrx_word' id='word_1_538' title='bbox 2029 1273 2249 1332; x_wconf 86' lang='lat' dir='ltr'><strong>leguntur</strong></span> <span class='ocrx_word' id='word_1_539' title='bbox 2284 1287 2295 1314; x_wconf 76' lang='lat' dir='ltr'><strong>t</strong></span> <span class='ocrx_word' id='word_1_540' title='bbox 2334 1267 2579 1331; x_wconf 87' lang='grc' dir='ltr'>Ἐγένοντο.</span> <span class='ocrx_word' id='word_1_541' title='bbox 2609 1259 2756 1315; x_wconf 80' lang='grc' dir='ltr'>Ἦσαν</span> <span class='ocrx_word' id='word_1_542' title='bbox 2792 1264 2839 1314; x_wconf 77' lang='grc' dir='ltr'><strong>δὲ</strong></span> <span class='ocrx_word' id='word_1_543' title='bbox 2871 1286 2913 1315; x_wconf 69' lang='lat' dir='ltr'><strong>x</strong></span> <span class='ocrx_word' id='word_1_544' title='bbox 3000 1317 3008 1325; x_wconf 65' lang='lat'><em>‚</em></span> 
     </span>
     <span class='ocr_line' id='line_1_98' title="bbox 1652 1339 3008 1407; baseline -0.001 -20"><span class='ocrx_word' id='word_1_545' title='bbox 1652 1341 1775 1388; x_wconf 85' lang='grc' dir='ltr'>ἄλλοι</span> <span class='ocrx_word' id='word_1_546' title='bbox 1806 1342 2126 1390; x_wconf 85' lang='grc' dir='ltr'>δυναστευτικοι</span> <span class='ocrx_word' id='word_1_547' title='bbox 2146 1340 2267 1407; x_wconf 85' lang='grc' dir='ltr'>παρὰ</span> <span class='ocrx_word' id='word_1_548' title='bbox 2285 1341 2374 1395; x_wconf 75' lang='grc' dir='ltr'>τοῖς</span> <span class='ocrx_word' id='word_1_549' title='bbox 2397 1339 2633 1404; x_wconf 83' lang='grc' dir='ltr'>Ρηγίνοις.</span> <span class='ocrx_word' id='word_1_550' title='bbox 2657 1343 2769 1400; x_wconf 80' lang='lat' dir='ltr'><strong>Quae</strong></span> <span class='ocrx_word' id='word_1_551' title='bbox 2789 1342 2960 1398; x_wconf 67' lang='lat' dir='ltr'><strong>uesciq-</strong></span> <span class='ocrx_word' id='word_1_552' title='bbox 3000 1356 3008 1399; x_wconf 64' lang='grc' dir='ltr'>ξ</span> 
     </span>
     <span class='ocr_line' id='line_1_99' title="bbox 1650 1405 2957 1477; baseline 0.002 -18"><span class='ocrx_word' id='word_1_553' title='bbox 1650 1431 1709 1460; x_wconf 86' lang='grc'><strong>311</strong></span> <span class='ocrx_word' id='word_1_554' title='bbox 1730 1417 1851 1462; x_wconf 87' lang='lat' dir='ltr'><strong>forte</strong></span> <span class='ocrx_word' id='word_1_555' title='bbox 1885 1419 1948 1462; x_wconf 89' lang='lat' dir='ltr'><strong>ita</strong></span> <span class='ocrx_word' id='word_1_556' title='bbox 1983 1417 2259 1477; x_wconf 87' lang='lat' dir='ltr'><strong>explicanda</strong></span> <span class='ocrx_word' id='word_1_557' title='bbox 2276 1418 2390 1471; x_wconf 87' lang='lat' dir='ltr'><strong>sint,</strong></span> <span class='ocrx_word' id='word_1_558' title='bbox 2420 1424 2475 1459; x_wconf 89' lang='lat' dir='ltr'><strong>ut</strong></span> <span class='ocrx_word' id='word_1_559' title='bbox 2507 1416 2585 1460; x_wconf 88' lang='lat' dir='ltr'><strong>illa</strong></span> <span class='ocrx_word' id='word_1_560' title='bbox 2604 1405 2754 1460; x_wconf 86' lang='grc' dir='ltr'>Ἦσαν</span> <span class='ocrx_word' id='word_1_561' title='bbox 2780 1410 2825 1459; x_wconf 75' lang='grc' dir='ltr'><strong>δὲ</strong></span> <span class='ocrx_word' id='word_1_562' title='bbox 2845 1410 2957 1463; x_wconf 75' lang='grc' dir='ltr'><strong>κτλ.ι</strong></span> 
     </span>
     <span class='ocr_line' id='line_1_100' title="bbox 1649 1483 3006 1542; baseline 0.001 -10"><span class='ocrx_word' id='word_1_563' title='bbox 1649 1491 1836 1534; x_wconf 90' lang='lat' dir='ltr'><strong>serioris</strong></span> <span class='ocrx_word' id='word_1_564' title='bbox 1871 1490 2074 1534; x_wconf 86' lang='lat' dir='ltr'><strong>hominis</strong></span> <span class='ocrx_word' id='word_1_565' title='bbox 2101 1489 2474 1533; x_wconf 86' lang='lat' dir='ltr'><strong>additamentum</strong></span> <span class='ocrx_word' id='word_1_566' title='bbox 2514 1486 2714 1542; x_wconf 84' lang='lat' dir='ltr'><strong>suerint3</strong></span> <span class='ocrx_word' id='word_1_567' title='bbox 2749 1485 2959 1533; x_wconf 70' lang='lat' dir='ltr'><strong>verbum</strong></span> <span class='ocrx_word' id='word_1_568' title='bbox 2999 1483 3006 1539; x_wconf 67' lang='grc' dir='ltr'><em>ζ</em></span> 
     </span>
     <span class='ocr_line' id='line_1_101' title="bbox 1652 1541 3004 1623; baseline -0.002 -15.964"><span class='ocrx_word' id='word_1_569' title='bbox 1652 1558 1880 1623; x_wconf 83' lang='grc' dir='ltr'>Ἐγένοντο</span> <span class='ocrx_word' id='word_1_570' title='bbox 1904 1566 2059 1607; x_wconf 88' lang='lat' dir='ltr'><strong>autem</strong></span> <span class='ocrx_word' id='word_1_571' title='bbox 2081 1563 2317 1621; x_wconf 86' lang='lat' dir='ltr'><strong>pertineat</strong></span> <span class='ocrx_word' id='word_1_572' title='bbox 2335 1561 2395 1605; x_wconf 89' lang='lat' dir='ltr'><strong>ad</strong></span> <span class='ocrx_word' id='word_1_573' title='bbox 2414 1560 2599 1604; x_wconf 89' lang='lat' dir='ltr'><strong>initium</strong></span> <span class='ocrx_word' id='word_1_574' title='bbox 2618 1559 2738 1618; x_wconf 86' lang='lat' dir='ltr'><strong>reip.</strong></span> <span class='ocrx_word' id='word_1_575' title='bbox 2762 1559 2948 1604; x_wconf 82' lang='lat' dir='ltr'><strong>Locro-</strong></span> <span class='ocrx_word' id='word_1_576' title='bbox 3000 1541 3004 1614; x_wconf 57' lang='lat' dir='ltr'><strong>i</strong></span> 
     </span>
     <span class='ocr_line' id='line_1_102' title="bbox 1650 1629 2948 1696; baseline 0 -18"><span class='ocrx_word' id='word_1_577' title='bbox 1650 1651 1756 1679; x_wconf 91' lang='lat' dir='ltr'><strong>rum</strong></span> <span class='ocrx_word' id='word_1_578' title='bbox 1767 1671 1780 1693; x_wconf 88' lang='lat'><em>‚</em></span> <span class='ocrx_word' id='word_1_579' title='bbox 1799 1651 1900 1695; x_wconf 87' lang='lat' dir='ltr'><strong>quae</strong></span> <span class='ocrx_word' id='word_1_580' title='bbox 1917 1637 2082 1695; x_wconf 88' lang='lat' dir='ltr'><strong>incipit</strong></span> <span class='ocrx_word' id='word_1_581' title='bbox 2096 1634 2253 1679; x_wconf 86' lang='lat' dir='ltr'><strong>verbis</strong></span> <span class='ocrx_word' id='word_1_582' title='bbox 2262 1630 2460 1696; x_wconf 82' lang='grc' dir='ltr'>Ἐγένετο</span> <span class='ocrx_word' id='word_1_583' title='bbox 2473 1629 2660 1696; x_wconf 79' lang='grc' dir='ltr'>Λοκρός,</span> <span class='ocrx_word' id='word_1_584' title='bbox 2673 1646 2762 1692; x_wconf 85' lang='lat' dir='ltr'><strong>pro</strong></span> <span class='ocrx_word' id='word_1_585' title='bbox 2778 1632 2948 1691; x_wconf 84' lang='lat' dir='ltr'><strong>quihus</strong></span> 
     </span>
     <span class='ocr_line' id='line_1_103' title="bbox 1649 1697 3003 1768; baseline 0 -16"><span class='ocrx_word' id='word_1_586' title='bbox 1649 1709 1774 1753; x_wconf 91' lang='lat' dir='ltr'><strong>salva</strong></span> <span class='ocrx_word' id='word_1_587' title='bbox 1796 1709 2023 1753; x_wconf 91' lang='lat' dir='ltr'><strong>sententia</strong></span> <span class='ocrx_word' id='word_1_588' title='bbox 2045 1709 2137 1768; x_wconf 85' lang='lat' dir='ltr'><strong>legi</strong></span> <span class='ocrx_word' id='word_1_589' title='bbox 2161 1707 2301 1751; x_wconf 89' lang='lat' dir='ltr'><strong>etiam</strong></span> <span class='ocrx_word' id='word_1_590' title='bbox 2330 1715 2485 1767; x_wconf 89' lang='lat' dir='ltr'><strong>potest</strong></span> <span class='ocrx_word' id='word_1_591' title='bbox 2508 1721 2519 1749; x_wconf 87' lang='lat'>:</span> <span class='ocrx_word' id='word_1_592' title='bbox 2545 1701 2736 1767; x_wconf 80' lang='grc' dir='ltr'>ἐγένοντο</span> <span class='ocrx_word' id='word_1_593' title='bbox 2764 1701 2944 1768; x_wconf 71' lang='grc' dir='ltr'>Λοκροί.</span> <span class='ocrx_word' id='word_1_594' title='bbox 2999 1697 3003 1723; x_wconf 54' lang='lat'><em>³</em></span> 
     </span>
     <span class='ocr_line' id='line_1_104' title="bbox 1650 1778 2945 1840; baseline -0.002 -15"><span class='ocrx_word' id='word_1_595' title='bbox 1650 1782 1724 1825; x_wconf 92' lang='lat' dir='ltr'><strong>Sic</strong></span> <span class='ocrx_word' id='word_1_596' title='bbox 1759 1789 1864 1840; x_wconf 88' lang='lat' dir='ltr'><strong>apte</strong></span> <span class='ocrx_word' id='word_1_597' title='bbox 1901 1781 2077 1824; x_wconf 86' lang='lat' dir='ltr'><strong>Politiae</strong></span> <span class='ocrx_word' id='word_1_598' title='bbox 2109 1781 2223 1823; x_wconf 87' lang='lat' dir='ltr'><strong>olim</strong></span> <span class='ocrx_word' id='word_1_599' title='bbox 2245 1793 2292 1822; x_wconf 88' lang='lat' dir='ltr'><strong>se</strong></span> <span class='ocrx_word' id='word_1_600' title='bbox 2329 1779 2633 1837; x_wconf 87' lang='lat' dir='ltr'><strong>excepissent.</strong></span> <span class='ocrx_word' id='word_1_601' title='bbox 2659 1778 2795 1822; x_wconf 79' lang='lat' dir='ltr'><strong>Nunc</strong></span> <span class='ocrx_word' id='word_1_602' title='bbox 2817 1778 2945 1823; x_wconf 76' lang='lat' dir='ltr'><strong>inter</strong></span> 
     </span>
     <span class='ocr_line' id='line_1_105' title="bbox 1650 1849 2945 1912; baseline -0.002 -14"><span class='ocrx_word' id='word_1_603' title='bbox 1650 1853 1825 1898; x_wconf 90' lang='lat' dir='ltr'><strong>Locros</strong></span> <span class='ocrx_word' id='word_1_604' title='bbox 1848 1862 1895 1898; x_wconf 90' lang='lat' dir='ltr'><strong>et</strong></span> <span class='ocrx_word' id='word_1_605' title='bbox 1913 1853 2152 1912; x_wconf 86' lang='lat' dir='ltr'><strong>Rheginos</strong></span> <span class='ocrx_word' id='word_1_606' title='bbox 2171 1850 2519 1909; x_wconf 85' lang='lat' dir='ltr'><strong>interjiciuntur</strong></span> <span class='ocrx_word' id='word_1_607' title='bbox 2534 1850 2710 1904; x_wconf 89' lang='lat' dir='ltr'><strong>Minoi,</strong></span> <span class='ocrx_word' id='word_1_608' title='bbox 2723 1849 2945 1904; x_wconf 79' lang='lat' dir='ltr'><strong>Thraces,</strong></span> 
     </span>
     <span class='ocr_line' id='line_1_106' title="bbox 1650 1921 2947 1988; baseline -0.004 -16"><span class='ocrx_word' id='word_1_609' title='bbox 1650 1928 1882 1988; x_wconf 82' lang='lat' dir='ltr'><strong>Corcyraei</strong></span> <span class='ocrx_word' id='word_1_610' title='bbox 1902 1925 1974 1987; x_wconf 89' lang='lat' dir='ltr'><strong>(in</strong></span> <span class='ocrx_word' id='word_1_611' title='bbox 1987 1941 2013 1970; x_wconf 78' lang='lat'><em>2</em></span> <span class='ocrx_word' id='word_1_612' title='bbox 2032 1925 2207 1988; x_wconf 69' lang='lat' dir='ltr'><strong>codd),</strong></span> <span class='ocrx_word' id='word_1_613' title='bbox 2221 1923 2474 1971; x_wconf 88' lang='lat' dir='ltr'><strong>Tarentini.</strong></span> <span class='ocrx_word' id='word_1_614' title='bbox 2495 1923 2733 1967; x_wconf 84' lang='lat' dir='ltr'><strong>Tarentini</strong></span> <span class='ocrx_word' id='word_1_615' title='bbox 2756 1921 2947 1980; x_wconf 74' lang='lat' dir='ltr'><strong>quidem</strong></span> 
     </span>
     <span class='ocr_line' id='line_1_107' title="bbox 1650 1993 2948 2058; baseline -0.003 -16"><span class='ocrx_word' id='word_1_616' title='bbox 1650 2000 1756 2044; x_wconf 87' lang='lat' dir='ltr'><strong>loco</strong></span> <span class='ocrx_word' id='word_1_617' title='bbox 1776 2016 1875 2044; x_wconf 90' lang='lat' dir='ltr'><strong>non</strong></span> <span class='ocrx_word' id='word_1_618' title='bbox 1897 2001 2058 2058; x_wconf 87' lang='lat' dir='ltr'><strong>inepto</strong></span> <span class='ocrx_word' id='word_1_619' title='bbox 2076 2006 2339 2058; x_wconf 89' lang='lat' dir='ltr'><strong>ponuntur,</strong></span> <span class='ocrx_word' id='word_1_620' title='bbox 2363 1996 2447 2040; x_wconf 89' lang='lat' dir='ltr'><strong>sed</strong></span> <span class='ocrx_word' id='word_1_621' title='bbox 2466 2011 2568 2055; x_wconf 83' lang='lat' dir='ltr'><strong>quae</strong></span> <span class='ocrx_word' id='word_1_622' title='bbox 2587 1994 2648 2039; x_wconf 88' lang='lat' dir='ltr'><strong>de</strong></span> <span class='ocrx_word' id='word_1_623' title='bbox 2669 1995 2725 2043; x_wconf 82' lang='lat' dir='ltr'><strong>iis</strong></span> <span class='ocrx_word' id='word_1_624' title='bbox 2742 1993 2948 2039; x_wconf 78' lang='lat' dir='ltr'><strong>afferun-</strong></span> 
     </span>
     <span class='ocr_line' id='line_1_108' title="bbox 1651 2066 2947 2128; baseline -0.003 -11"><span class='ocrx_word' id='word_1_625' title='bbox 1651 2082 1743 2128; x_wconf 89' lang='lat' dir='ltr'><strong>tur,</strong></span> <span class='ocrx_word' id='word_1_626' title='bbox 1767 2073 1921 2117; x_wconf 91' lang='lat' dir='ltr'><strong>lacero</strong></span> <span class='ocrx_word' id='word_1_627' title='bbox 1946 2087 2030 2116; x_wconf 89' lang='lat' dir='ltr'><strong>suo</strong></span> <span class='ocrx_word' id='word_1_628' title='bbox 2063 2071 2227 2115; x_wconf 89' lang='lat' dir='ltr'><strong>habitu</strong></span> <span class='ocrx_word' id='word_1_629' title='bbox 2248 2069 2480 2114; x_wconf 89' lang='lat' dir='ltr'><strong>simillima</strong></span> <span class='ocrx_word' id='word_1_630' title='bbox 2498 2075 2604 2112; x_wconf 90' lang='lat' dir='ltr'><strong>sunt</strong></span> <span class='ocrx_word' id='word_1_631' title='bbox 2625 2066 2800 2111; x_wconf 87' lang='lat' dir='ltr'><strong>notulae</strong></span> <span class='ocrx_word' id='word_1_632' title='bbox 2819 2081 2947 2113; x_wconf 84' lang='lat' dir='ltr'><strong>mar-</strong></span> 
     </span>
     <span class='ocr_line' id='line_1_109' title="bbox 1650 2138 2944 2204; baseline -0.004 -16"><span class='ocrx_word' id='word_1_633' title='bbox 1650 2146 1817 2204; x_wconf 86' lang='lat' dir='ltr'><strong>ginali,</strong></span> <span class='ocrx_word' id='word_1_634' title='bbox 1856 2161 1959 2204; x_wconf 84' lang='lat' dir='ltr'><strong>quae</strong></span> <span class='ocrx_word' id='word_1_635' title='bbox 1981 2146 2033 2188; x_wconf 92' lang='lat' dir='ltr'><strong>in</strong></span> <span class='ocrx_word' id='word_1_636' title='bbox 2055 2151 2328 2188; x_wconf 80' lang='lat' dir='ltr'><strong>contextum</strong></span> <span class='ocrx_word' id='word_1_637' title='bbox 2349 2140 2607 2184; x_wconf 85' lang='lat' dir='ltr'><strong>verborum</strong></span> <span class='ocrx_word' id='word_1_638' title='bbox 2643 2138 2846 2198; x_wconf 85' lang='lat' dir='ltr'><strong>irrepsit.</strong></span> <span class='ocrx_word' id='word_1_639' title='bbox 2885 2164 2944 2175; x_wconf 89' lang='lat'><strong>-·-</strong></span> 
     </span>
     <span class='ocr_line' id='line_1_110' title="bbox 1650 2208 2949 2277; baseline -0.003 -16"><span class='ocrx_word' id='word_1_640' title='bbox 1650 2218 1830 2261; x_wconf 88' lang='lat' dir='ltr'><strong>Locros</strong></span> <span class='ocrx_word' id='word_1_641' title='bbox 1853 2218 2067 2277; x_wconf 86' lang='lat' dir='ltr'><strong>excipere</strong></span> <span class='ocrx_word' id='word_1_642' title='bbox 2087 2215 2322 2260; x_wconf 86' lang='lat' dir='ltr'><strong>debebant</strong></span> <span class='ocrx_word' id='word_1_643' title='bbox 2337 2213 2620 2258; x_wconf 79' lang='lat' dir='ltr'><strong>Crotoniatae</strong></span> <span class='ocrx_word' id='word_1_644' title='bbox 2639 2210 2724 2270; x_wconf 82' lang='lat' dir='ltr'><strong>(fr.</strong></span> <span class='ocrx_word' id='word_1_645' title='bbox 2750 2209 2869 2272; x_wconf 83' lang='lat'><strong>36),</strong></span> <span class='ocrx_word' id='word_1_646' title='bbox 2887 2208 2949 2259; x_wconf 57' lang='lat' dir='ltr'><strong>dd</strong></span> 
     </span>
     <span class='ocr_line' id='line_1_111' title="bbox 1651 2283 2954 2347; baseline -0.003 -14"><span class='ocrx_word' id='word_1_647' title='bbox 1651 2289 1822 2347; x_wconf 90' lang='lat' dir='ltr'><strong>quibus</strong></span> <span class='ocrx_word' id='word_1_648' title='bbox 1858 2289 1976 2332; x_wconf 89' lang='lat' dir='ltr'><strong>nihil</strong></span> <span class='ocrx_word' id='word_1_649' title='bbox 1998 2288 2087 2333; x_wconf 89' lang='lat' dir='ltr'><strong>nisi</strong></span> <span class='ocrx_word' id='word_1_650' title='bbox 2119 2286 2325 2331; x_wconf 87' lang='lat' dir='ltr'><strong>nominis</strong></span> <span class='ocrx_word' id='word_1_651' title='bbox 2351 2286 2488 2346; x_wconf 87' lang='lat' dir='ltr'><strong>origo</strong></span> <span class='ocrx_word' id='word_1_652' title='bbox 2517 2283 2755 2344; x_wconf 86' lang='lat' dir='ltr'><strong>proditur.</strong></span> <span class='ocrx_word' id='word_1_653' title='bbox 2777 2283 2954 2342; x_wconf 73' lang='lat' dir='ltr'><strong>Apum·</strong></span> 
     </span>
     <span class='ocr_line' id='line_1_112' title="bbox 1649 2354 2951 2419; baseline -0.002 -15"><span class='ocrx_word' id='word_1_654' title='bbox 1649 2361 1776 2406; x_wconf 88' lang='lat' dir='ltr'><strong>hunc</strong></span> <span class='ocrx_word' id='word_1_655' title='bbox 1813 2362 1972 2406; x_wconf 87' lang='lat' dir='ltr'><strong>locum</strong></span> <span class='ocrx_word' id='word_1_656' title='bbox 2004 2360 2174 2405; x_wconf 87' lang='lat' dir='ltr'><strong>sciolus</strong></span> <span class='ocrx_word' id='word_1_657' title='bbox 2204 2359 2412 2419; x_wconf 84' lang='lat' dir='ltr'><strong>putavit,</strong></span> <span class='ocrx_word' id='word_1_658' title='bbox 2446 2372 2543 2416; x_wconf 89' lang='lat' dir='ltr'><strong>quo</strong></span> <span class='ocrx_word' id='word_1_659' title='bbox 2570 2357 2661 2402; x_wconf 81' lang='grc'><strong>3113</strong></span> <span class='ocrx_word' id='word_1_660' title='bbox 2685 2356 2856 2402; x_wconf 76' lang='lat' dir='ltr'><strong>similia</strong></span> <span class='ocrx_word' id='word_1_661' title='bbox 2887 2354 2951 2409; x_wconf 54' lang='grc' dir='ltr'><strong>ἡ</strong></span> 
     </span>
     <span class='ocr_line' id='line_1_113' title="bbox 1652 2426 2955 2494; baseline -0.002 -17"><span class='ocrx_word' id='word_1_662' title='bbox 1652 2435 1834 2494; x_wconf 86' lang='lat' dir='ltr'><strong>origine</strong></span> <span class='ocrx_word' id='word_1_663' title='bbox 1855 2434 2060 2478; x_wconf 87' lang='lat' dir='ltr'><strong>nominis</strong></span> <span class='ocrx_word' id='word_1_664' title='bbox 2094 2432 2433 2492; x_wconf 86' lang='lat' dir='ltr'><strong>Ephesiorum,</strong></span> <span class='ocrx_word' id='word_1_665' title='bbox 2469 2430 2777 2475; x_wconf 77' lang='lat' dir='ltr'><strong>Phocaeomm</strong></span> <span class='ocrx_word' id='word_1_666' title='bbox 2808 2437 2859 2475; x_wconf 66' lang='lat' dir='ltr'><strong>et</strong></span> <span class='ocrx_word' id='word_1_667' title='bbox 2887 2426 2955 2478; x_wconf 59' lang='grc' dir='ltr'><strong>ἁ</strong></span> 
     </span>
     <span class='ocr_line' id='line_1_114' title="bbox 1649 2500 2963 2564; baseline -0.002 -13"><span class='ocrx_word' id='word_1_668' title='bbox 1649 2507 1812 2551; x_wconf 89' lang='lat' dir='ltr'><strong>Rhodi</strong></span> <span class='ocrx_word' id='word_1_669' title='bbox 1835 2507 2028 2551; x_wconf 88' lang='lat' dir='ltr'><strong>nomine</strong></span> <span class='ocrx_word' id='word_1_670' title='bbox 2052 2506 2249 2564; x_wconf 89' lang='lat' dir='ltr'><strong>antiquo</strong></span> <span class='ocrx_word' id='word_1_671' title='bbox 2281 2504 2571 2563; x_wconf 86' lang='lat' dir='ltr'><strong>appingeret.</strong></span> <span class='ocrx_word' id='word_1_672' title='bbox 2594 2501 2776 2560; x_wconf 81' lang='lat' dir='ltr'><strong>Quibus</strong></span> <span class='ocrx_word' id='word_1_673' title='bbox 2795 2500 2963 2550; x_wconf 62' lang='lat' dir='ltr'><strong>olum-²</strong></span> 
     </span>
     <span class='ocr_line' id='line_1_115' title="bbox 1649 2563 2961 2635; baseline -0.002 -12"><span class='ocrx_word' id='word_1_674' title='bbox 1649 2580 1792 2635; x_wconf 89' lang='lat' dir='ltr'><strong>natis,</strong></span> <span class='ocrx_word' id='word_1_675' title='bbox 1829 2579 1888 2623; x_wconf 86' lang='lat' dir='ltr'><strong>ab</strong></span> <span class='ocrx_word' id='word_1_676' title='bbox 1909 2578 2104 2622; x_wconf 89' lang='lat' dir='ltr'><strong>historia</strong></span> <span class='ocrx_word' id='word_1_677' title='bbox 2136 2577 2195 2622; x_wconf 90' lang='lat' dir='ltr'><strong>de</strong></span> <span class='ocrx_word' id='word_1_678' title='bbox 2219 2574 2476 2621; x_wconf 78' lang='lat' dir='ltr'><strong>Phalaiidis</strong></span> <span class='ocrx_word' id='word_1_679' title='bbox 2511 2573 2723 2632; x_wconf 85' lang='lat' dir='ltr'><strong>nequitia</strong></span> <span class='ocrx_word' id='word_1_680' title='bbox 2754 2580 2801 2617; x_wconf 85' lang='lat' dir='ltr'><strong>et</strong></span> <span class='ocrx_word' id='word_1_681' title='bbox 2833 2563 2961 2620; x_wconf 53' lang='lat' dir='ltr'><strong>nemvg</strong></span> 
     </span>
     <span class='ocr_line' id='line_1_116' title="bbox 1649 2645 2946 2711; baseline -0.004 -15"><span class='ocrx_word' id='word_1_682' title='bbox 1649 2653 1865 2710; x_wconf 88' lang='lat' dir='ltr'><strong>proxime</strong></span> <span class='ocrx_word' id='word_1_683' title='bbox 1890 2651 2058 2695; x_wconf 90' lang='lat' dir='ltr'><strong>absunt</strong></span> <span class='ocrx_word' id='word_1_684' title='bbox 2085 2651 2269 2711; x_wconf 88' lang='lat' dir='ltr'><strong>gemina</strong></span> <span class='ocrx_word' id='word_1_685' title='bbox 2291 2649 2370 2692; x_wconf 92' lang='lat' dir='ltr'><strong>illa</strong></span> <span class='ocrx_word' id='word_1_686' title='bbox 2405 2663 2509 2707; x_wconf 84' lang='lat' dir='ltr'><strong>quae</strong></span> <span class='ocrx_word' id='word_1_687' title='bbox 2534 2646 2594 2691; x_wconf 89' lang='lat' dir='ltr'><strong>de</strong></span> <span class='ocrx_word' id='word_1_688' title='bbox 2614 2645 2946 2705; x_wconf 65' lang='lat' dir='ltr'><strong>Cephallenum</strong></span> 
     </span>
     <span class='ocr_line' id='line_1_117' title="bbox 1652 2719 2947 2784; baseline -0.005 -16"><span class='ocrx_word' id='word_1_689' title='bbox 1652 2734 1850 2784; x_wconf 82' lang='lat' dir='ltr'><strong>tyranno</strong></span> <span class='ocrx_word' id='word_1_690' title='bbox 1870 2724 2060 2783; x_wconf 87' lang='lat' dir='ltr'><strong>ejusque</strong></span> <span class='ocrx_word' id='word_1_691' title='bbox 2085 2738 2226 2783; x_wconf 89' lang='lat' dir='ltr'><strong>poena</strong></span> <span class='ocrx_word' id='word_1_692' title='bbox 2243 2721 2506 2767; x_wconf 82' lang='lat' dir='ltr'><strong>traduntur.</strong></span> <span class='ocrx_word' id='word_1_693' title='bbox 2525 2721 2634 2764; x_wconf 84' lang='lat' dir='ltr'><strong>Haec</strong></span> <span class='ocrx_word' id='word_1_694' title='bbox 2649 2719 2947 2763; x_wconf 78' lang='lat' dir='ltr'><strong>historiarum</strong></span> 
     </span>
     <span class='ocr_line' id='line_1_118' title="bbox 1649 2792 2946 2852; baseline -0.004 -10"><span class='ocrx_word' id='word_1_695' title='bbox 1649 2797 1906 2842; x_wconf 88' lang='lat' dir='ltr'><strong>similitudo</strong></span> <span class='ocrx_word' id='word_1_696' title='bbox 1930 2799 1979 2840; x_wconf 92' lang='lat' dir='ltr'><strong>in</strong></span> <span class='ocrx_word' id='word_1_697' title='bbox 2005 2811 2139 2840; x_wconf 89' lang='lat' dir='ltr'><strong>causa</strong></span> <span class='ocrx_word' id='word_1_698' title='bbox 2161 2795 2249 2839; x_wconf 87' lang='lat' dir='ltr'><strong>fuit</strong></span> <span class='ocrx_word' id='word_1_699' title='bbox 2264 2828 2277 2850; x_wconf 89' lang='lat'>‚</span> <span class='ocrx_word' id='word_1_700' title='bbox 2303 2802 2357 2836; x_wconf 89' lang='lat' dir='ltr'><strong>ut</strong></span> <span class='ocrx_word' id='word_1_701' title='bbox 2375 2792 2708 2852; x_wconf 86' lang='lat' dir='ltr'><strong>Cephallenum</strong></span> <span class='ocrx_word' id='word_1_702' title='bbox 2726 2805 2847 2850; x_wconf 82' lang='lat' dir='ltr'><strong>resp.</strong></span> <span class='ocrx_word' id='word_1_703' title='bbox 2869 2803 2946 2837; x_wconf 76' lang='lat' dir='ltr'><strong>se·</strong></span> 
     </span>
     <span class='ocr_line' id='line_1_119' title="bbox 1644 2861 2940 2931; baseline -0.006 -16"><span class='ocrx_word' id='word_1_704' title='bbox 1644 2870 1920 2931; x_wconf 84' lang='lat' dir='ltr'><strong>jungeretur</strong></span> <span class='ocrx_word' id='word_1_705' title='bbox 1948 2885 1975 2913; x_wconf 88' lang='lat' dir='ltr'><strong>a</strong></span> <span class='ocrx_word' id='word_1_706' title='bbox 1995 2870 2306 2914; x_wconf 90' lang='lat' dir='ltr'><strong>Molossorum</strong></span> <span class='ocrx_word' id='word_1_707' title='bbox 2333 2865 2526 2922; x_wconf 86' lang='lat' dir='ltr'><strong>Politia,</strong></span> <span class='ocrx_word' id='word_1_708' title='bbox 2551 2861 2626 2907; x_wconf 87' lang='lat' dir='ltr'><strong>cui</strong></span> <span class='ocrx_word' id='word_1_709' title='bbox 2645 2861 2808 2920; x_wconf 86' lang='lat' dir='ltr'><strong>juncta</strong></span> <span class='ocrx_word' id='word_1_710' title='bbox 2827 2862 2940 2907; x_wconf 86' lang='lat' dir='ltr'><strong>olim</strong></span> 
     </span>
     <span class='ocr_line' id='line_1_120' title="bbox 1649 2933 2947 3000; baseline -0.006 -14"><span class='ocrx_word' id='word_1_711' title='bbox 1649 2942 1816 2989; x_wconf 90' lang='lat' dir='ltr'><strong>fuerat.</strong></span> <span class='ocrx_word' id='word_1_712' title='bbox 1865 2940 2110 3000; x_wconf 88' lang='lat' dir='ltr'><strong>Ejusmodi</strong></span> <span class='ocrx_word' id='word_1_713' title='bbox 2146 2937 2470 2985; x_wconf 88' lang='lat' dir='ltr'><strong>similitudines</strong></span> <span class='ocrx_word' id='word_1_714' title='bbox 2514 2936 2654 2980; x_wconf 88' lang='lat' dir='ltr'><strong>etiam</strong></span> <span class='ocrx_word' id='word_1_715' title='bbox 2694 2934 2797 2979; x_wconf 84' lang='lat' dir='ltr'><strong>aliis</strong></span> <span class='ocrx_word' id='word_1_716' title='bbox 2831 2933 2947 2978; x_wconf 87' lang='lat' dir='ltr'><strong>locis</strong></span> 
     </span>
     <span class='ocr_line' id='line_1_121' title="bbox 1650 3005 2944 3075; baseline -0.01 -14"><span class='ocrx_word' id='word_1_717' title='bbox 1650 3025 1852 3075; x_wconf 80' lang='lat' dir='ltr'><strong>captasse</strong></span> <span class='ocrx_word' id='word_1_718' title='bbox 1873 3023 2038 3059; x_wconf 86' lang='lat' dir='ltr'><strong>auctor</strong></span> <span class='ocrx_word' id='word_1_719' title='bbox 2056 3021 2214 3057; x_wconf 89' lang='lat' dir='ltr'><strong>noster</strong></span> <span class='ocrx_word' id='word_1_720' title='bbox 2236 3010 2439 3055; x_wconf 88' lang='lat' dir='ltr'><strong>videtur.</strong></span> <span class='ocrx_word' id='word_1_721' title='bbox 2462 3008 2539 3053; x_wconf 88' lang='lat' dir='ltr'><strong>Sic</strong></span> <span class='ocrx_word' id='word_1_722' title='bbox 2557 3005 2748 3052; x_wconf 87' lang='lat' dir='ltr'><strong>barbari</strong></span> <span class='ocrx_word' id='word_1_723' title='bbox 2768 3005 2835 3050; x_wconf 91' lang='lat' dir='ltr'><strong>illi</strong></span> <span class='ocrx_word' id='word_1_724' title='bbox 2863 3007 2944 3065; x_wconf 87' lang='lat' dir='ltr'><strong>qui</strong></span> 
     </span>
     <span class='ocr_line' id='line_1_122' title="bbox 1649 3074 2947 3147; baseline -0.008 -13"><span class='ocrx_word' id='word_1_725' title='bbox 1649 3089 1818 3133; x_wconf 86' lang='lat' dir='ltr'><strong>Graeeis</strong></span> <span class='ocrx_word' id='word_1_726' title='bbox 1851 3089 2235 3147; x_wconf 86' lang='lat' dir='ltr'><strong>interponuntur,</strong></span> <span class='ocrx_word' id='word_1_727' title='bbox 2283 3082 2513 3142; x_wconf 89' lang='lat' dir='ltr'><strong>Tyrrheni</strong></span> <span class='ocrx_word' id='word_1_728' title='bbox 2548 3079 2632 3140; x_wconf 84' lang='lat' dir='ltr'><strong>(fr.</strong></span> <span class='ocrx_word' id='word_1_729' title='bbox 2682 3074 2794 3140; x_wconf 87' lang='lat'><strong>16),</strong></span> <span class='ocrx_word' id='word_1_730' title='bbox 2833 3078 2947 3125; x_wconf 82' lang='lat' dir='ltr'><strong>Pha-</strong></span> 
     </span>
     <span class='ocr_line' id='line_1_123' title="bbox 1647 3150 2945 3222; baseline -0.007 -17"><span class='ocrx_word' id='word_1_731' title='bbox 1647 3162 1764 3205; x_wconf 88' lang='lat' dir='ltr'><strong>siani</strong></span> <span class='ocrx_word' id='word_1_732' title='bbox 1790 3159 1876 3222; x_wconf 90' lang='lat' dir='ltr'><strong>(fr.</strong></span> <span class='ocrx_word' id='word_1_733' title='bbox 1921 3157 2003 3222; x_wconf 90' lang='lat'><strong>18)</strong></span> <span class='ocrx_word' id='word_1_734' title='bbox 2035 3167 2081 3204; x_wconf 88' lang='lat' dir='ltr'><strong>et</strong></span> <span class='ocrx_word' id='word_1_735' title='bbox 2118 3157 2298 3204; x_wconf 89' lang='lat' dir='ltr'><strong>Lucani</strong></span> <span class='ocrx_word' id='word_1_736' title='bbox 2335 3155 2420 3216; x_wconf 89' lang='lat' dir='ltr'><strong>(fr.</strong></span> <span class='ocrx_word' id='word_1_737' title='bbox 2462 3151 2547 3214; x_wconf 80' lang='lat'><strong>20)</strong></span> <span class='ocrx_word' id='word_1_738' title='bbox 2575 3167 2632 3199; x_wconf 87' lang='lat' dir='ltr'><strong>eo</strong></span> <span class='ocrx_word' id='word_1_739' title='bbox 2654 3150 2742 3196; x_wconf 90' lang='lat' dir='ltr'><strong>sibi</strong></span> <span class='ocrx_word' id='word_1_740' title='bbox 2778 3151 2945 3197; x_wconf 80' lang='lat' dir='ltr'><strong>similes</strong></span> 
     </span>
     <span class='ocr_line' id='line_1_124' title="bbox 1648 3223 2925 3294; baseline -0.009 -15"><span class='ocrx_word' id='word_1_741' title='bbox 1648 3243 1775 3291; x_wconf 88' lang='lat' dir='ltr'><strong>sunt,</strong></span> <span class='ocrx_word' id='word_1_742' title='bbox 1816 3226 1947 3294; x_wconf 88' lang='lat' dir='ltr'><strong>quod</strong></span> <span class='ocrx_word' id='word_1_743' title='bbox 1981 3247 2141 3277; x_wconf 88' lang='lat' dir='ltr'><strong>omnes</strong></span> <span class='ocrx_word' id='word_1_744' title='bbox 2166 3226 2372 3293; x_wconf 79' lang='grc' dir='ltr'>φιλόξενοι</span> <span class='ocrx_word' id='word_1_745' title='bbox 2405 3227 2542 3272; x_wconf 85' lang='lat' dir='ltr'><strong>fuisse</strong></span> <span class='ocrx_word' id='word_1_746' title='bbox 2577 3225 2814 3271; x_wconf 85' lang='lat' dir='ltr'><strong>dicuntur.</strong></span> <span class='ocrx_word' id='word_1_747' title='bbox 2835 3223 2925 3269; x_wconf 84' lang='lat' dir='ltr'><strong>Pos</strong></span> 
     </span>
     <span class='ocr_line' id='line_1_125' title="bbox 1649 3295 2904 3362; baseline -0.01 -10"><span class='ocrx_word' id='word_1_748' title='bbox 1649 3307 1943 3352; x_wconf 84' lang='lat' dir='ltr'><strong>Cumaeorum</strong></span> <span class='ocrx_word' id='word_1_749' title='bbox 1977 3305 2191 3350; x_wconf 85' lang='lat' dir='ltr'><strong>Politiam</strong></span> <span class='ocrx_word' id='word_1_750' title='bbox 2209 3337 2221 3357; x_wconf 93' lang='lat'><strong>,</strong></span> <span class='ocrx_word' id='word_1_751' title='bbox 2258 3302 2419 3362; x_wconf 86' lang='lat' dir='ltr'><strong>paucis</strong></span> <span class='ocrx_word' id='word_1_752' title='bbox 2455 3297 2737 3356; x_wconf 86' lang='lat' dir='ltr'><strong>interjectis,</strong></span> <span class='ocrx_word' id='word_1_753' title='bbox 2774 3295 2865 3356; x_wconf 84' lang='lat' dir='ltr'><strong>legi</strong></span> <span class='ocrx_word' id='word_1_754' title='bbox 2898 3316 2904 3333; x_wconf 79' lang='grc' dir='ltr'><strong>ι</strong></span> 
     </span>
     <span class='ocr_line' id='line_1_126' title="bbox 1650 3367 2929 3439; baseline -0.007 -16"><span class='ocrx_word' id='word_1_755' title='bbox 1650 3379 1894 3439; x_wconf 90' lang='lat' dir='ltr'><strong>quomodo</strong></span> <span class='ocrx_word' id='word_1_756' title='bbox 1915 3377 2151 3423; x_wconf 90' lang='lat' dir='ltr'><strong>adulteros</strong></span> <span class='ocrx_word' id='word_1_757' title='bbox 2173 3376 2408 3436; x_wconf 87' lang='lat' dir='ltr'><strong>Lepreatae</strong></span> <span class='ocrx_word' id='word_1_758' title='bbox 2426 3370 2712 3432; x_wconf 78' lang='lat' dir='ltr'><strong>puniverint.</strong></span> <span class='ocrx_word' id='word_1_759' title='bbox 2734 3367 2897 3415; x_wconf 76' lang='lat' dir='ltr'><strong>Eand</strong></span> <span class='ocrx_word' id='word_1_760' title='bbox 2923 3390 2929 3407; x_wconf 69' lang='grc' dir='ltr'>ι</span> 
     </span>
     <span class='ocr_line' id='line_1_127' title="bbox 1648 3441 2927 3512; baseline -0.009 -16"><span class='ocrx_word' id='word_1_761' title='bbox 1648 3453 1746 3498; x_wconf 87' lang='lat' dir='ltr'><strong>fere</strong></span> <span class='ocrx_word' id='word_1_762' title='bbox 1765 3467 1953 3512; x_wconf 90' lang='lat' dir='ltr'><strong>poenam</strong></span> <span class='ocrx_word' id='word_1_763' title='bbox 1976 3451 2187 3495; x_wconf 89' lang='lat' dir='ltr'><strong>Cumaeos</strong></span> <span class='ocrx_word' id='word_1_764' title='bbox 2222 3448 2419 3493; x_wconf 87' lang='lat' dir='ltr'><strong>sanxisse</strong></span> <span class='ocrx_word' id='word_1_765' title='bbox 2454 3451 2650 3490; x_wconf 79' lang='lat' dir='ltr'><strong>constat.</strong></span> <span class='ocrx_word' id='word_1_766' title='bbox 2687 3441 2927 3501; x_wconf 79' lang='lat' dir='ltr'><strong>Suspioeri</strong></span> 
     </span>
     <span class='ocr_line' id='line_1_128' title="bbox 1648 3513 2872 3586; baseline -0.009 -18"><span class='ocrx_word' id='word_1_767' title='bbox 1648 3526 1792 3586; x_wconf 83' lang='lat' dir='ltr'><strong>igitur</strong></span> <span class='ocrx_word' id='word_1_768' title='bbox 1813 3526 1941 3569; x_wconf 81' lang='lat' dir='ltr'><strong>hanc¹</strong></span> <span class='ocrx_word' id='word_1_769' title='bbox 1953 3524 2097 3583; x_wconf 87' lang='lat' dir='ltr'><strong>ipsam</strong></span> <span class='ocrx_word' id='word_1_770' title='bbox 2124 3523 2238 3571; x_wconf 89' lang='lat' dir='ltr'><strong>olim</strong></span> <span class='ocrx_word' id='word_1_771' title='bbox 2260 3521 2310 3565; x_wconf 89' lang='lat' dir='ltr'><strong>in</strong></span> <span class='ocrx_word' id='word_1_772' title='bbox 2332 3520 2626 3564; x_wconf 69' lang='lat' dir='ltr'><strong>Cumanorum</strong></span> <span class='ocrx_word' id='word_1_773' title='bbox 2651 3513 2818 3559; x_wconf 87' lang='lat' dir='ltr'><strong>Politia</strong></span> <span class='ocrx_word' id='word_1_774' title='bbox 2850 3534 2872 3551; x_wconf 80' lang='grc' dir='ltr'><strong>ιι</strong></span> 
     </span>
     <span class='ocr_line' id='line_1_129' title="bbox 1648 3587 2912 3653; baseline -0.008 -9"><span class='ocrx_word' id='word_1_775' title='bbox 1648 3607 1878 3644; x_wconf 87' lang='lat' dir='ltr'><strong>moratam</strong></span> <span class='ocrx_word' id='word_1_776' title='bbox 1899 3597 2059 3652; x_wconf 87' lang='lat' dir='ltr'><strong>fuisse,</strong></span> <span class='ocrx_word' id='word_1_777' title='bbox 2084 3607 2280 3653; x_wconf 87' lang='lat' dir='ltr'><strong>eamque</strong></span> <span class='ocrx_word' id='word_1_778' title='bbox 2308 3592 2366 3635; x_wconf 85' lang='lat' dir='ltr'><strong>ab</strong></span> <span class='ocrx_word' id='word_1_779' title='bbox 2389 3591 2481 3635; x_wconf 86' lang='lat' dir='ltr'><strong>alio</strong></span> <span class='ocrx_word' id='word_1_780' title='bbox 2502 3587 2710 3648; x_wconf 81' lang='lat' dir='ltr'><strong>quodam</strong></span> <span class='ocrx_word' id='word_1_781' title='bbox 2731 3587 2912 3645; x_wconf 78' lang='lat' dir='ltr'><strong>Leprea</strong></span> 
     </span>
     <span class='ocr_line' id='line_1_130' title="bbox 1649 3657 2904 3729; baseline -0.011 -13"><span class='ocrx_word' id='word_1_782' title='bbox 1649 3681 1801 3716; x_wconf 90' lang='lat' dir='ltr'><strong>tarum</strong></span> <span class='ocrx_word' id='word_1_783' title='bbox 1825 3670 2040 3729; x_wconf 89' lang='lat' dir='ltr'><strong>exemplo</strong></span> <span class='ocrx_word' id='word_1_784' title='bbox 2063 3668 2337 3712; x_wconf 87' lang='lat' dir='ltr'><strong>illustratam</strong></span> <span class='ocrx_word' id='word_1_785' title='bbox 2360 3662 2510 3707; x_wconf 70' lang='lat' dir='ltr'><strong>fuisse.</strong></span> <span class='ocrx_word' id='word_1_786' title='bbox 2539 3659 2630 3706; x_wconf 87' lang='lat' dir='ltr'><strong>Sed</strong></span> <span class='ocrx_word' id='word_1_787' title='bbox 2660 3659 2757 3705; x_wconf 81' lang='lat' dir='ltr'><strong>haee</strong></span> <span class='ocrx_word' id='word_1_788' title='bbox 2781 3657 2904 3703; x_wconf 80' lang='lat' dir='ltr'><strong>haet</strong></span> 
     </span>
     <span class='ocr_line' id='line_1_131' title="bbox 1648 3728 2861 3818; baseline -0.013 -28"><span class='ocrx_word' id='word_1_789' title='bbox 1648 3761 1758 3801; x_wconf 90' lang='lat' dir='ltr'><strong>nus;</strong></span> <span class='ocrx_word' id='word_1_790' title='bbox 1795 3759 1903 3788; x_wconf 89' lang='lat' dir='ltr'><strong>nam</strong></span> <span class='ocrx_word' id='word_1_791' title='bbox 1933 3742 1992 3786; x_wconf 91' lang='lat' dir='ltr'><strong>de</strong></span> <span class='ocrx_word' id='word_1_792' title='bbox 2021 3739 2212 3800; x_wconf 87' lang='lat' dir='ltr'><strong>singulis</strong></span> <span class='ocrx_word' id='word_1_793' title='bbox 2243 3736 2506 3818; x_wconf 79' lang='lat' dir='ltr'><strong>quibusque</strong></span> <span class='ocrx_word' id='word_1_794' title='bbox 2530 3733 2651 3779; x_wconf 85' lang='lat' dir='ltr'><strong>ratio</strong></span> <span class='ocrx_word' id='word_1_795' title='bbox 2676 3728 2861 3776; x_wconf 86' lang='lat' dir='ltr'><strong>reddi</strong></span> 
     </span>
     <span class='ocr_line' id='line_1_132' title="bbox 1650 3804 2900 3876; baseline -0.012 -14"><span class='ocrx_word' id='word_1_796' title='bbox 1650 3833 1748 3862; x_wconf 89' lang='lat' dir='ltr'><strong>non</strong></span> <span class='ocrx_word' id='word_1_797' title='bbox 1777 3823 1945 3876; x_wconf 89' lang='lat' dir='ltr'><strong>potest.</strong></span> <span class='ocrx_word' id='word_1_798' title='bbox 1967 3815 2070 3858; x_wconf 87' lang='lat' dir='ltr'><strong>Jam</strong></span> <span class='ocrx_word' id='word_1_799' title='bbox 2092 3812 2130 3856; x_wconf 93' lang='lat' dir='ltr'><strong>si</strong></span> <span class='ocrx_word' id='word_1_800' title='bbox 2153 3809 2321 3870; x_wconf 86' lang='lat' dir='ltr'><strong>quaeris</strong></span> <span class='ocrx_word' id='word_1_801' title='bbox 2343 3821 2552 3867; x_wconf 75' lang='lat' dir='ltr'><strong>quaenam</strong></span> <span class='ocrx_word' id='word_1_802' title='bbox 2573 3804 2830 3864; x_wconf 77' lang='lat' dir='ltr'><strong>fragmenta</strong></span> <span class='ocrx_word' id='word_1_803' title='bbox 2855 3816 2900 3847; x_wconf 94' lang='grc'><strong>3</strong></span> 
     </span>
     <span class='ocr_line' id='line_1_133' title="bbox 1650 3874 2879 3949; baseline -0.013 -15"><span class='ocrx_word' id='word_1_804' title='bbox 1650 3892 1834 3949; x_wconf 89' lang='lat' dir='ltr'><strong>tiquum</strong></span> <span class='ocrx_word' id='word_1_805' title='bbox 1867 3885 2012 3930; x_wconf 89' lang='lat' dir='ltr'><strong>libelli</strong></span> <span class='ocrx_word' id='word_1_806' title='bbox 2046 3881 2311 3928; x_wconf 89' lang='lat' dir='ltr'><strong>Heraclidei</strong></span> <span class='ocrx_word' id='word_1_807' title='bbox 2344 3879 2543 3924; x_wconf 84' lang='lat' dir='ltr'><strong>fundum</strong></span> <span class='ocrx_word' id='word_1_808' title='bbox 2588 3874 2879 3922; x_wconf 81' lang='lat' dir='ltr'><strong>constituer&#39;·</strong></span> 
     </span>
     <span class='ocr_line' id='line_1_134' title="bbox 1650 3946 2893 4022; baseline -0.014 -15"><span class='ocrx_word' id='word_1_809' title='bbox 1650 3975 1861 4022; x_wconf 89' lang='lat' dir='ltr'><strong>quaenam</strong></span> <span class='ocrx_word' id='word_1_810' title='bbox 1880 3956 2132 4003; x_wconf 89' lang='lat' dir='ltr'><strong>adventitia</strong></span> <span class='ocrx_word' id='word_1_811' title='bbox 2144 3955 2235 3999; x_wconf 89' lang='lat' dir='ltr'><strong>sint</strong></span> <span class='ocrx_word' id='word_1_812' title='bbox 2253 3968 2311 3997; x_wconf 88' lang='lat' dir='ltr'><strong>ex</strong></span> <span class='ocrx_word' id='word_1_813' title='bbox 2328 3951 2573 3996; x_wconf 72' lang='grc' dir='ltr'><strong>Αιὶεῑοῑείο</strong></span> <span class='ocrx_word' id='word_1_814' title='bbox 2593 3949 2666 3993; x_wconf 84' lang='lat' dir='ltr'><strong>vel</strong></span> <span class='ocrx_word' id='word_1_815' title='bbox 2685 3947 2784 3993; x_wconf 77' lang='lat' dir='ltr'><strong>aliis</strong></span> <span class='ocrx_word' id='word_1_816' title='bbox 2800 3946 2893 3991; x_wconf 80' lang='lat' dir='ltr'><strong>eti</strong></span> 
     </span>
     <span class='ocr_line' id='line_1_135' title="bbox 1648 4020 2921 4094; baseline -0.013 -14"><span class='ocrx_word' id='word_1_817' title='bbox 1648 4031 1993 4094; x_wconf 89' lang='lat' dir='ltr'><strong>scriptoribus:</strong></span> <span class='ocrx_word' id='word_1_818' title='bbox 2027 4026 2154 4072; x_wconf 89' lang='lat' dir='ltr'><strong>haud</strong></span> <span class='ocrx_word' id='word_1_819' title='bbox 2187 4027 2250 4070; x_wconf 82' lang='lat' dir='ltr'><strong>ita</strong></span> <span class='ocrx_word' id='word_1_820' title='bbox 2284 4025 2482 4069; x_wconf 86' lang='lat' dir='ltr'><strong>multum</strong></span> <span class='ocrx_word' id='word_1_821' title='bbox 2517 4039 2541 4067; x_wconf 91' lang='grc'><strong>3</strong></span> <span class='ocrx_word' id='word_1_822' title='bbox 2574 4036 2688 4067; x_wconf 84' lang='lat' dir='ltr'><strong>vero</strong></span> <span class='ocrx_word' id='word_1_823' title='bbox 2721 4020 2906 4065; x_wconf 81' lang='lat' dir='ltr'><strong>aben·</strong></span> <span class='ocrx_word' id='word_1_824' title='bbox 2916 4068 2921 4072; x_wconf 49' lang='grc'>,</span> 
     </span>
     <span class='ocr_line' id='line_1_136' title="bbox 1649 4093 2910 4153; baseline -0.015 -1"><span class='ocrx_word' id='word_1_825' title='bbox 1649 4108 1763 4153; x_wconf 88' lang='lat' dir='ltr'><strong>mihi</strong></span> <span class='ocrx_word' id='word_1_826' title='bbox 1783 4104 1951 4150; x_wconf 84' lang='lat' dir='ltr'><strong>videor</strong></span> <span class='ocrx_word' id='word_1_827' title='bbox 1970 4110 2170 4146; x_wconf 86' lang='lat' dir='ltr'><strong>statuens</strong></span> <span class='ocrx_word' id='word_1_828' title='bbox 2184 4097 2481 4144; x_wconf 88' lang='lat' dir='ltr'><strong>Heraclideas</strong></span> <span class='ocrx_word' id='word_1_829' title='bbox 2500 4110 2593 4142; x_wconf 82' lang='lat' dir='ltr'><strong>esse</strong></span> <span class='ocrx_word' id='word_1_830' title='bbox 2612 4093 2800 4141; x_wconf 73' lang='lat' dir='ltr'><strong>Pontias</strong></span> <span class='ocrx_word' id='word_1_831' title='bbox 2812 4106 2845 4150; x_wconf 87' lang='lat' dir='ltr'><strong>p</strong></span> <span class='ocrx_word' id='word_1_832' title='bbox 2907 4150 2910 4151; x_wconf 16' lang='lat'><em>⁷</em></span> 
     </span>
     <span class='ocr_line' id='line_1_137' title="bbox 1651 4161 2900 4232; baseline -0.016 -6"><span class='ocrx_word' id='word_1_833' title='bbox 1651 4197 1723 4226; x_wconf 87' lang='lat' dir='ltr'><strong>res</strong></span> <span class='ocrx_word' id='word_1_834' title='bbox 1773 4178 1972 4223; x_wconf 86' lang='lat' dir='ltr'><strong>maxime</strong></span> <span class='ocrx_word' id='word_1_835' title='bbox 2026 4183 2165 4232; x_wconf 84' lang='lat' dir='ltr'><strong>atque</strong></span> <span class='ocrx_word' id='word_1_836' title='bbox 2200 4172 2465 4222; x_wconf 78' lang='lat' dir='ltr'><strong>uberioies,</strong></span> <span class='ocrx_word' id='word_1_837' title='bbox 2519 4174 2709 4224; x_wconf 79' lang='lat' dir='ltr'><strong>excepta</strong></span> <span class='ocrx_word' id='word_1_838' title='bbox 2755 4161 2900 4207; x_wconf 77' lang='lat' dir='ltr'><strong>Sam&#39;³</strong></span> 
     </span>
    </p>
   </div>
   <div class='ocr_carea' id='block_1_7' title="bbox 2940 928 2950 946">
    <p class='ocr_par' dir='ltr' id='par_1_8' title="bbox 2940 928 2950 946">
     <span class='ocr_line' id='line_1_138' title="bbox 2940 928 2950 946; baseline 0 3682"><span class='ocrx_word' id='word_1_839' title='bbox 2940 928 2950 946; x_wconf 95' lang='lat' dir='ltr'><strong> </strong></span> 
     </span>
    </p>
   </div>
  </div>
 </body>
</html>
