3008 4542
216 267 311 306 5266

213 365 364 427 ὄνομα.
400 366 616 411 Ceterum
653 379 800 424 quum
824 364 1017 408 Phuoro
1047 363 1144 407 sive
1173 362 1305 407 Nilus
1336 375 1421 406 rex
1441 375 1514 405 se-

214 440 421 484 cundum
435 437 765 484 Manethonem
787 445 833 482 et
849 436 1171 482 Dicaearchum
1186 436 1224 480 is
1242 436 1299 480 sit
1319 434 1404 478 sub
1418 448 1513 492 quo

214 512 354 570 Troja
396 520 658 572 expugnata
697 519 785 566 est,
820 509 1009 568 ejusque
1048 516 1304 553 antecessor
1343 507 1400 551 sit
1433 506 1514 550 Se-

214 587 320 630 thos
346 584 401 646 (i.
427 600 468 632 e.
489 584 611 629 filius
629 584 786 628 Thoth
809 599 844 629 S.
864 580 1136 642 Mercurii),
1156 595 1296 639 quem
1317 593 1424 622 cum
1440 578 1515 623 Si-

213 659 340 718 phoa
369 658 428 720 τῷ
457 655 531 702 καὶ
564 654 708 720 Ἑρμῇ
751 665 858 715 apte
886 668 1170 714 componere
1200 654 1327 707 licet,
1358 650 1515 695 nescio

216 747 277 775 an
299 730 628 774 Eratosthenes
650 729 877 774 Sesostrin
900 728 1032 771 illum
1063 740 1203 784 quem
1227 723 1517 768 duodecimae

216 802 434 862 dynastiae
449 803 672 847 Mane-tho
697 802 893 861 assignat
907 834 919 856 ,
938 814 1085 843 unum
1102 795 1398 855 eundemque
1425 809 1518 839 esse

216 876 428 920 statuerit
461 891 567 920 cum
595 875 678 919 illo
699 875 970 920 Graecorum
986 906 1000 932 ,
1033 870 1246 928 adeoque
1274 868 1403 912 mille
1421 867 1519 912 fere

219 964 452 993 annorum
486 949 709 1008 spatium,
735 945 867 1006 quod
900 961 990 989 sec.
1024 943 1357 988 Manethonem
1396 941 1520 984 inter

221 1029 477 1080 utrumque
508 1021 736 1066 Sesostrin
770 1017 1064 1075 interjectum
1085 1025 1175 1071 est,
1204 1013 1399 1060 omnino
1423 1028 1521 1056 non

218 1095 476 1154 agnoverit.
513 1095 676 1152 Itaque
704 1092 742 1136 οἱ
767 1087 930 1141 τούτοις
968 1085 1115 1152 ἐφεξῆς
1152 1084 1275 1132 ἄλλοι
1297 1083 1361 1148 νγ’
1389 1087 1521 1148 βασι-

217 1165 330 1222 λεῖς,
378 1181 498 1225 quos
557 1163 879 1225 Apollodorus
931 1171 1040 1222 post
1081 1159 1405 1205 antecedentes
1438 1160 1520 1204 tri·

219 1239 346 1299 ginta
382 1248 491 1284 octo
524 1237 804 1283 recensuisse
836 1235 1007 1280 dicitur
1044 1232 1273 1295 (Syncell.
1297 1233 1327 1276 l.
1368 1231 1458 1294 1.),
1485 1233 1522 1276 si

219 1310 353 1356 addis
377 1312 430 1355 iis
450 1312 646 1359 Phuorae
667 1302 975 1354 successorem
998 1306 1395 1352 Amumarthaeum
1411 1340 1424 1365 ,
1439 1320 1517 1350 re-

220 1384 454 1443 spondent
477 1383 667 1444 regibus
684 1382 744 1436 54
758 1418 769 1438 ,
796 1398 914 1442 quos
939 1379 1164 1425 Eusebius
1183 1387 1398 1423 numerat
1413 1377 1523 1423 inde

220 1456 279 1500 ab
304 1457 438 1500 initio
465 1456 681 1516 dynastiae
703 1456 799 1499 XX
817 1469 963 1513 usque
984 1454 1044 1497 ad
1063 1451 1204 1496 finem
1222 1452 1355 1512 regni
1374 1451 1522 1510 AEgy-

221 1530 381 1588 ptiaci.
410 1530 483 1574 Sic
501 1538 715 1588 tempora
730 1528 861 1588 regni
878 1528 983 1587 AEg.
1006 1526 1203 1586 propius
1219 1523 1448 1569 accedunt
1464 1523 1524 1567 ad

218 1604 396 1649 Veteris
425 1603 646 1648 Chronici
671 1611 718 1647 et
741 1602 882 1661 ipsius
912 1601 1112 1660 Syncelli
1143 1607 1401 1658 computos.
1440 1598 1525 1643 Vel

218 1676 329 1720 hinc
345 1677 545 1736 suspicio
566 1677 770 1724 nascitur
781 1675 1058 1718 laterculum
1075 1674 1209 1716 illum
1227 1687 1327 1716 non
1349 1673 1523 1715 Erato—

220 1748 416 1806 sthenis,
448 1749 531 1793 sed
557 1749 776 1793 monachi
808 1747 1049 1806 cujusdam
1077 1746 1285 1806 AEgyptii
1316 1759 1433 1801 esse,
1469 1759 1525 1788 ex

221 1835 316 1879 quo
337 1821 632 1876 Panodorus‚
650 1831 696 1865 et
715 1836 739 1865 e
759 1819 1014 1864 Panodoro
1033 1818 1273 1878 Syncellus
1294 1832 1401 1861 eum
1420 1832 1524 1860 mu-

221 1901 374 1938 tuatus
399 1895 469 1938 sit.
497 1897 710 1954 Augetur
731 1894 829 1937 haec
860 1892 1060 1951 suspicio
1087 1892 1142 1935 iis
1166 1906 1268 1949 quae
1292 1889 1351 1934 de
1376 1890 1524 1935 Chro-

220 1966 335 2010 nicis
349 1966 630 2025 Apollodori
649 1981 673 2009 e
691 1966 891 2024 Scymno
905 1964 1020 2008 Chio
1035 1970 1276 2021 comperta
1289 1961 1524 2007 habemus.

220 2038 333 2096 Quae
354 2047 407 2082 ut
424 2054 528 2082 cum
549 2038 849 2097 Syncellianis
866 2036 1087 2095 componi
1106 2042 1318 2094 possent,
1341 2035 1391 2077 in
1409 2035 1525 2078 Pro-

220 2111 340 2171 legg.
367 2111 426 2155 ad
449 2112 564 2156 Hist.
595 2127 644 2171 p.
670 2111 829 2154 XLIII
858 2124 917 2159 eo,
946 2107 1159 2168 confugi,
1181 2116 1234 2151 ut
1257 2106 1526 2166 Apollodo-

221 2199 326 2227 rum
337 2192 507 2243 praeter
520 2182 854 2243 compendium
868 2181 1259 2241 chronologicum
1276 2195 1303 2224 a
1314 2178 1525 2238 Trojanis

220 2256 330 2301 inde
364 2266 541 2317 tempp.
574 2258 828 2316 incipiens,
866 2257 1065 2300 alterum
1090 2270 1208 2314 opus
1239 2268 1382 2313 prosa
1413 2269 1523 2300 ora-

222 2331 346 2374 tione
366 2332 596 2390 scripsisse
618 2339 885 2375 statuerem.
910 2328 1050 2388 Quod
1065 2343 1125 2373 ne
1144 2328 1347 2388 probem
1368 2327 1525 2370 etiam-

221 2417 370 2459 nunc,
418 2404 644 2447 interiore
696 2403 1100 2462 Syncellianorum
1150 2400 1526 2451 testimoniorum

220 2476 401 2520 ratione
422 2475 673 2535 impedior.
703 2501 767 2509 —
792 2476 1027 2523 Bunsenio
1051 2488 1186 2535 reges
1207 2474 1276 2518 illi
1308 2471 1370 2517 53-
1393 2473 1426 2516 ii
1452 2473 1521 2516 vi-

222 2546 394 2599 dentur
423 2548 587 2605 fuisse„
613 2549 694 2608 qui
726 2563 814 2608 per
850 2550 1097 2597 Pastorum
1130 2555 1342 2606 tempora
1374 2547 1521 2590 victo-

223 2621 351 2664 ribus
385 2621 619 2665 tributarii
652 2621 703 2664 in
735 2621 938 2681 AEgypto
984 2620 1308 2681 regnaverint,
1353 2633 1523 2677 eosque

224 2694 514 2753 respondere
537 2702 673 2754 putat
708 2694 1000 2739 Manethonis
1022 2693 1216 2755 regibus.
1240 2691 1303 2737 60
1340 2691 1520 2752 dynas-

224 2768 297 2812 tiae
315 2767 448 2814 XIII.

430 2874 662 2920 DECIMA
705 2875 959 2932 QUARTA
992 2873 1323 2926 DYNASTIA.

835 2997 861 3044 4
872 3008 912 3038 1.

605 3107 728 3152 SEC.
765 3107 1145 3154 AFRICANUM.

290 3227 532 3285 Syncellus
552 3242 599 3286 p.
621 3228 698 3284 61,
715 3229 756 3271 A
777 3242 789 3273 τ
810 3225 1273 3290 Τεσσαρεσκαιδεκάτη
1297 3224 1524 3273 δυναστεία

225 3298 440 3344 Ξοϊτῶν
467 3295 679 3360 βασιλέων
705 3296 787 3356 ος·’,
813 3296 853 3345 οἳ
877 3298 1161 3346 ἐὸασίλευσαν
1190 3299 1263 3357 ἔτη
1292 3298 1408 3363 ρπδ’.

291 3374 400 3416 Haec
424 3373 474 3415 in
503 3374 604 3416 solo
627 3372 735 3416 cod.
763 3374 798 3416 B
829 3374 1062 3433 leguntur.
1089 3374 1206 3419 Cod.
1241 3377 1282 3419 A
1312 3374 1524 3418 lacunam

225 3444 380 3490 habet.

829 3587 903 3627 42.

277 3698 464 3737 Manetho
497 3708 640 3748 genere
668 3698 743 3737 fuit
771 3700 997 3750 AEgyptius,
1034 3700 1095 3739 vir
1125 3703 1306 3741 Graecam
1338 3701 1526 3741 eruditio-

226 3773 318 3802 nem
349 3764 610 3814 assequutus,
637 3763 697 3803 uti
725 3774 771 3803 ex
802 3766 1113 3816 cointelligitur,
1143 3767 1250 3816 quod
1285 3769 1424 3807 Graece
1456 3778 1525 3818 pa-

226 3827 346 3866 triam
377 3828 581 3867 historiam
600 3828 824 3879 scripserit,
856 3840 970 3879 eam,
990 3833 1036 3871 ut
1067 3833 1147 3882 ipse
1166 3833 1387 3883 profitetur,
1411 3845 1434 3873 e
1467 3845 1524 3873 sa·

228 3891 304 3930 cris
339 3892 620 3942 interpretatus
640 3893 776 3942 libris;
805 3894 872 3944 qui
900 3895 1019 3934 etiam
1050 3897 1294 3936 Herodotum
1318 3898 1359 3936 in
1393 3898 1528 3938 multis

228 3956 431 3995 convincit
451 3957 500 3996 de
520 3956 636 3997 rebus
656 3957 892 4008 AEgyptiacis
921 3969 990 4008 per
1009 3959 1271 4009 ignorantiam
1297 3962 1524 4001 mentitum.

229 4019 301 4058 Ille
322 4023 429 4059 certe
450 4023 634 4061 Manetho
658 4022 911 4062 historiarum
930 4025 1199 4073 AEgyptiarum
1216 4025 1391 4065 secundo
1408 4026 1463 4066 ita
1479 4027 1529 4066 de

230 4083 343 4122 nobis
358 4084 492 4124 scribit
508 4085 617 4135 (ejus
633 4083 912 4137 quippe‘verba
929 4088 1104 4137 proferre
1120 4088 1230 4137 libet,
1249 4091 1294 4129 ut
1310 4091 1378 4140 qui
1398 4091 1528 4141 ipsum

234 4158 305 4205 pro
322 4149 422 4187 teste
439 4149 696 4200 producam).

286 4227 303 4243 «
328 4214 411 4251 Rex
439 4213 714 4263 erat,'1'imaus
754 4214 1151 4266 (Amyntimaeusfl)
1183 4217 1297 4266 cujus
1325 4218 1528 4270 tempore,

1127 251 1396 302 ΜΑΝἘΤΗ
1403 250 1551 299 0le
1587 250 1986 300 SEBENNYTAE

1993 360 2115 407 SEC.
2158 359 2485 406 EUSEBIUM.

1655 473 1788 518 Idem
1824 489 1871 534 p.
1908 473 1964 518 61
1985 508 1998 531 ,
2034 474 2069 519 C
2105 489 2116 518 t
2160 469 2628 535 Τεσσαρεσκαιδεκάτη
2665 472 2895 523 δυναστεία

1594 541 1812 589 Ξοῖτῶν
1851 542 2064 606 βασιλέων
2095 543 2180 603 σις’,
2206 541 2248 590 οἳ
2271 540 2557 590 ἐὸασίλευσαν
2594 541 2669 603 ἔτη
2700 542 2812 609 ρπδ’·
2844 547 2888 594 ἐν
2995 528 2997 530 ¹

1596 613 1716 678 ἄλλῳ
1739 633 1764 661 υ
1778 634 1812 662 π
1826 615 1881 662 δ’.
2978 621 2982 629 ’

1660 689 1884 734 Eusebius
1906 690 2082 736 Chron.
2100 705 2149 750 p.
2171 704 2235 750 99
2255 703 2266 734 ε
2291 690 2650 748 Quartadecima
2677 691 2897 750 dynastia
2997 696 2999 699 ’

1594 762 1791 807 LXXVI
1802 777 1974 823 regum,
1987 765 2468 823 quiregnaruntannis
2479 762 2889 812 CCCCLXXXIV.
2964 757 2967 764 ’
2997 811 2999 814 .

1672 834 1742 879 Cf.
1785 836 1898 880 Exc.
1940 835 2130 882 Barbar.
2169 849 2181 882 τ
2223 835 2433 880 Potestas
2472 835 2737 880 Tanitorum
2781 851 2894 882 ann.
2958 879 2959 882 ,
3001 884 3002 887 ,

1599 907 1899 955 CLXXXVI.
1925 908 2029 953 Tais
2061 916 2109 952 et
2135 907 2255 952 Xois
2282 908 2424 952 urbes
2451 907 2632 952 vicinae.
2659 934 2726 944 --
2758 909 2897 953 Boec-

1598 979 1736 1024 khius
1758 980 2014 1040 genuinum
2044 995 2294 1024 numerum
2317 979 2614 1025 Manethonis
2643 980 2786 1024 habet
2816 995 2894 1025 an.
2964 1025 2966 1027 ,

1604 1050 1691 1105 184
1706 1088 1719 1109 ,
1739 1067 1839 1096 non
1864 1051 1957 1106 484
1976 1086 1990 1113 ,
2016 1067 2303 1112 quamquam
2327 1053 2454 1096 hunc
2478 1052 2776 1098 commendat
2802 1068 2896 1096 nu-
2964 1051 2966 1054 ’
2993 1054 2998 1064 ’

1597 1140 1751 1169 merus
1779 1139 1944 1186 regum
1978 1125 2036 1182 76
2063 1123 2320 1186 (siquidem
2348 1133 2475 1169 reete
2505 1140 2552 1169 se
2583 1121 2781 1185 habet);
2814 1124 2897 1170 sed

1597 1197 1808 1242 Boeckhii
1827 1198 2100 1242 sententiam
2114 1195 2269 1241 firmat
2285 1211 2509 1241 numerus
2531 1211 2762 1241 annorum
2779 1211 2899 1258 quos

1597 1270 1804 1316 secundo
1825 1279 1956 1315 tomo
1979 1270 2200 1315 Manetho
2223 1270 2502 1315 recensuisse
2523 1268 2710 1318 dicitur.

1597 1386 1959 1458 rAsroRUM
1995 1411 2303 1457 TEMPonA.
2346 1411 2502 1459 DYN.
2538 1411 2846 1463 Xv—xvn.

2213 1526 2291 1574 42.

1666 1622 1896 1683 Josephus
1929 1622 1981 1667 C.
2016 1622 2191 1682 Apion.
2221 1623 2276 1682 I,
2313 1625 2406 1674 14:
2446 1618 2662 1668 Μανεθὼν
2695 1618 2735 1667 δ’
2768 1611 2822 1679 ἦν
2849 1619 2904 1671 τὸ
2962 1631 2973 1650 ³
3000 1661 3003 1682 ξ

1600 1691 1718 1757 γένος
1756 1691 1865 1758 ἀνὴρ
1901 1690 2160 1755 Αἰγύπτιος,
2199 1695 2278 1750 τῆς
2313 1689 2576 1750 Ἑλληνικῆς
2621 1691 2903 1758 μετεσχηκὼς
2962 1699 2968 1705 ‘

1602 1765 1823 1825 παιδείας,
1846 1767 1903 1820 ὣς
1927 1763 2053 1822 δῆλός
2088 1767 2205 1812 ἐστι·
2231 1764 2418 1830 γέγραφε
2439 1762 2523 1829 γὰρ
2558 1763 2742 1814 Ἑλλάδι
2779 1769 2900 1831 φωνῇ
2961 1818 2964 1821 .

1603 1836 1680 1897 τὴν
1696 1837 1878 1903 πάτριον
1896 1837 2109 1902 ἱστορίαν,
2129 1835 2178 1885 ἔκ
2196 1856 2244 1884 τε
2260 1839 2345 1884 τῶν
2364 1839 2505 1902 ἱερῶν,
2521 1836 2578 1890 ὥς
2597 1856 2725 1903 φησιν
2747 1837 2874 1893 αὐτὸς
2887 1875 2900 1897 ,
2967 1841 2973 1866 ”
3002 1839 3004 1858 ‘

1605 1911 1884 1978 μεταφράσας
1907 1910 1983 1958 καὶ
2003 1909 2145 1958 πολλὰ
2164 1909 2235 1958 τὸν
2261 1909 2492 1975 Ἡρόδοτον
2518 1909 2686 1976 ἐλέγχει
2709 1913 2794 1958 τῶν
2818 1913 2902 1963 Αἶ-

1603 1988 1851 2049 γυπτιακῶν
1885 1983 1955 2031 ὕπ’
1978 1984 2151 2048 ἀγνοίας
2176 1983 2455 2049 ἐψευσμένον.

1600 2061 1622 2105 ὁ
1660 2055 1870 2106 Μανεθὼν
1912 2058 1966 2103 ἓν
2006 2060 2071 2120 τῇ
2110 2055 2329 2121 δευτέρᾳ
2375 2059 2475 2104 τῶν
2499 2059 2903 2120 Αἰγυπτιακῶν
2966 2068 2971 2086 ³

1602 2135 1739 2178 ταῦτα
1770 2129 1871 2195 περὶ
1899 2131 2025 2192 ἡμῶν
2047 2127 2203 2195 γράφει
2238 2128 2578 2195 (παραθήσομαι
2608 2128 2651 2177 δὲ
2677 2129 2756 2188 τὴν
2785 2129 2898 2186 λέξιν

1604 2205 1735 2251 αὑτοῦ
1749 2243 1761 2263 ,
1780 2201 1976 2268 καθάπερ
1997 2201 2124 2248 αὐτὸν
2150 2202 2309 2250 ἐκεῖνον
2331 2200 2595 2268 παραγαγὼν
2614 2202 2837 2269 μάρτυρα)
2854 2219 2865 2230 ·
2971 2203 2974 2206 ’

1667 2298 1689 2321 α
1725 2276 1929 2341 Ἐγένετο
1973 2273 2174 2340 βασιλεὺς
2220 2278 2324 2338 ἡμῖν
2361 2273 2532 2338 Τίμαος
2570 2274 2902 2340 (Ἀμυντίμαιος

1600 2354 1775 2409 BunS.;
1803 2348 2070 2413 Ἂμενέμαος
2093 2352 2276 2408 Fruin„
2308 2348 2519 2409 Τίμαιος,
2551 2348 2729 2412 Τίμιος,
2758 2351 2900 2415 Emi.)
2947 2342 2951 2346 ’

1599 2423 1734 2487 ὄνομα
1748 2442 1758 2453 ·
1781 2423 1851 2471 ἐπὶ
1874 2421 2028 2477 τούτου
2041 2423 2119 2470 οὐκ
2134 2415 2214 2470 οἷδ’
2231 2420 2348 2477 ὅπως
2366 2426 2388 2470 ὃ
2405 2421 2496 2477 θεὸς
2510 2422 2807 2483 ἄντέπνευσεν,
2826 2421 2903 2472 καὶ

1599 2495 1850 2563 παραδόξως
1884 2498 1933 2544 ἐκ
1954 2498 2039 2543 τῶν
2073 2494 2179 2561 πρὸς
2209 2494 2423 2554 ἀνατολὴν
2444 2498 2586 2562 μερῶν
2610 2496 2824 2562 ἄνθρωποι
2851 2495 2904 2546 τὸ

1598 2570 1718 2636 γένος·
1738 2569 1899 2632 ἄσημοι
1914 2606 1927 2629 ,
1945 2567 2354 2634 καταθαρσῆσαντες
2382 2568 2455 2616 ἐπὶ
2485 2566 2563 2627 τὴν
2582 2567 2730 2635 χώραν
2751 2567 2905 2633 ε’στρᾶ-

1598 2662 1769 2703 τευσαν,
1789 2641 1864 2690 καὶ
1885 2641 2040 2710 ῥᾳδίως
2057 2640 2256 2706 ἀμαχητὶ
2280 2641 2442 2699 ταύτην
2462 2641 2575 2690 κατὰ
2594 2641 2748 2707 κράτος
2772 2633 2901 2692 εἶλον.
2975 2635 2977 2637 ’

1605 2717 1692 2766 Καὶ
1728 2716 1825 2771 τοὺς
1859 2714 2234 2780 ἡγεμονεύσαντας
2267 2715 2311 2762 ἓν
2348 2716 2456 2780 αὐτῇ
2499 2714 2817 2781 χειρωσάμενοι
2851 2714 2900 2763 τὸ

1601 2789 1750 2839 λοιπὸν
1773 2788 1848 2843 τάς
1864 2809 1911 2836 τε
1934 2788 2079 2844 πόλεις
2108 2789 2238 2850 ὠμῶς
2265 2786 2505 2854 ἐνέπρησαν
2534 2787 2609 2836 καὶ
2629 2786 2683 2835 τὰ
2701 2786 2796 2852 ἱερὰ
2817 2789 2902 2835 τῶν

1603 2866 1708 2911 θεῶν
1738 2861 2040 2927 κατέσκαψαν·
2074 2869 2182 2931 πᾶσι
2205 2860 2249 2908 δὲ
2277 2867 2364 2914 τοῖς
2381 2861 2625 2927 ἐπιχωρίοις
2659 2859 2902 2927 ἐχθρότατοί

1603 2956 1694 2990 πως
1715 2934 1986 3001 ἐχρήσαντο,
2018 2932 2115 2987 τοὺς
2151 2933 2229 2997 μὲν
2260 2931 2512 2998 σφάζοντες,
2541 2936 2627 2980 τῶν
2655 2931 2700 2979 δὲ
2737 2932 2812 2979 καὶ
2848 2931 2903 2978 τὰ
2974 2960 2975 2963 =

1601 3007 1731 3056 τέκνα
1762 3007 1837 3055 καὶ
1868 3010 2076 3070 γυναῖκας
2107 3007 2164 3060 εἷς
2191 3004 2382 3053 δουλείαν
2418 3003 2609 3068 ἄγοντες.
2682 3005 2827 3070 Πέρας
2857 3004 2902 3052 δὲ

1602 3078 1676 3127 καὶ
1718 3077 1900 3144 βασιλέα
1948 3077 2022 3125 ἕνα
2061 3076 2104 3133 ’ἐξ
2154 3079 2294 3125 αὐτῶν
2329 3075 2556 3140 ἐποίησαν,
2598 3069 2635 3144 ᾧ
2669 3075 2804 3139 ὄνομα
2849 3069 2903 3135 ἦν

1604 3154 1642 3201 Σ
1656 3151 1683 3199 ά
1697 3153 1758 3199 λα
1776 3171 1800 3198 τ
1815 3171 1856 3205 ις
1881 3150 2073 3216 (Σάλτις
2091 3169 2137 3197 v.
2162 3154 2221 3209 l.;
2243 3153 2403 3197 Silices
2422 3154 2529 3200 Eus.
2557 3154 2715 3210 Arm-3
2740 3147 2904 3210 Σαΐτης

1604 3225 1761 3288 Asta).
1835 3223 1925 3272 Καὶ
1955 3216 2075 3278 οὗτος
2097 3226 2138 3270 ἐν
2167 3227 2220 3288 τῇ
2243 3222 2441 3288 Μέμφιδι
2459 3222 2733 3287 κατεγίνετο,
2753 3221 2832 3280 τήν
2853 3240 2903 3270 τε

1606 3297 1695 3345 ἄνω
1719 3297 1794 3345 καὶ
1816 3296 1936 3347 κάτω
1960 3295 2109 3362 χώραν
2143 3297 2424 3360 δασμολογῶν
2447 3295 2522 3345 καὶ
2541 3294 2726 3362 φρουρὰν
2748 3297 2790 3343 ἐν
2815 3301 2904 3348 τοῖς

1603 3369 1957 3429 ἐπιτηδειοτάτοις
1980 3368 2259 3430 καταλείπων,
2283 3367 2443 3423 τόποις.
2517 3369 2724 3417 Μάλιστα
2749 3367 2794 3415 δὲ
2824 3366 2899 3415 καὶ

1603 3443 1658 3491 τὰ
1677 3443 1781 3508 πρὸς
1802 3442 2014 3499 ἀνατολὴν
2033 3442 2307 3508 ἠσφαλίσατο
2327 3441 2436 3505 μέρη
2452 3478 2464 3500 ,
2488 3438 2784 3506 προορώμενος
2804 3439 2901 3488 Ἀσ-
2963 3502 2966 3511 Ι

1557 3587 1565 3596 ’
1598 3594 1724 3634 quum
1742 3583 1854 3622 nobis
1870 3585 1974 3627 Deus
1988 3582 2120 3622 nescio
2136 3590 2216 3632 quo
2234 3583 2349 3632 pacto
2368 3582 2469 3621 esset
2485 3581 2635 3629 iratior,
2652 3591 2704 3620 ex
2723 3579 2900 3631 partibus

1600 3647 1778 3690 homines
1790 3646 1950 3697 ignobili
1966 3656 2122 3697 genere,
2135 3645 2297 3694 audacia
2312 3646 2469 3695 sumpta
2482 3645 2729 3695 repentinum
2743 3644 2845 3683 lianc
2860 3644 2900 3683 in
2962 3651 2963 3654 ’

1601 3712 1802 3762 regionem
1829 3712 2023 3763 impetum
2043 3711 2250 3760 fecerunt,
2276 3720 2444 3760 eamque
2470 3709 2583 3749 facile
2598 3719 2646 3750 ac
2664 3710 2748 3750 sine
2767 3719 2900 3760 pugna
2966 3707 2970 3710 ’

1601 3776 1842 3826 subegerunt
1860 3792 1871 3816 ε
1892 3778 2013 3826 atque
2031 3774 2273 3826 principibus
2290 3773 2376 3823 ejus
2390 3773 2430 3813 in
2446 3784 2558 3813 suam
2579 3775 2815 3824 potestatem
2834 3783 2899 3813 re·
2960 3795 2970 3818 ,-

1602 3838 1754 3889 dactis,
1775 3838 1826 3879 de
1855 3841 1988 3878 cetero
2022 3839 2064 3878 et
2095 3837 2278 3877 civitates
2306 3836 2517 3876 crudeliter
2544 3837 2828 3886 incenderunt,
2859 3839 2901 3878 et

1602 3903 1769 3942 deorum
1799 3902 1948 3953 templa
1975 3902 2228 3949 everterunt;
2259 3910 2457 3951 porroque
2475 3900 2513 3940 in
2535 3912 2672 3942 omnes
2699 3901 2900 3952 indigenas
2965 3953 2969 3958 Δ

1602 3966 1868 4006 inimicissime
1883 3976 1925 4005 se
1939 3965 2158 4016 gesserunt,
2176 3963 2272 4004 alios
2287 3963 2449 4014 quidem
2465 3965 2714 4015 perimentes,
2728 3965 2897 4004 aliorum

1602 4041 1697 4070 vero
1713 4032 1754 4070 et
1771 4030 1914 4070 liberos
1930 4031 1969 4069 et
1988 4029 2173 4078 conjuges
2191 4027 2232 4067 in
2247 4027 2480 4068 servitutem
2493 4031 2667 4079 agentes.
2721 4028 2896 4068 Tandem

1604 4104 1700 4133 vero
1727 4105 1853 4133 unum
1889 4103 1940 4132 ex
1971 4091 2047 4131 illis
2069 4102 2199 4142 regem
2226 4093 2433 4142 crearunt,
2466 4093 2531 4131 cui
2565 4102 2710 4131 nomen
2739 4092 2894 4133 salutis.
2952 4127 2954 4129 .

1606 4157 1736 4206 Atque
1750 4155 1815 4194 hic
1829 4155 1871 4193 in
1893 4153 2117 4204 Memphide
2131 4153 2379 4203 versabatur,
2396 4154 2638 4205 provinciam
2654 4153 2899 4204 superiorem
2956 4147 2958 4182 ἶ

1604 4222 1644 4260 et
1663 4219 1889 4264 inferiorem
1903 4217 2154 4259 tributariam
2177 4217 2324 4259 faciens
2337 4248 2348 4268 ‚
2368 4217 2627 4269 praesidiaque
2641 4217 2683 4258 in
2700 4217 2797 4258 locis
2823 4228 2896 4268 op·
2956 4239 2957 4243 =

2524 1984 2664 2040 Αὐτὸς
2687 1983 2739 2042 δὴ
2762 1983 2901 2032 τοίνυν
2967 2012 2970 2013 ’
3004 1995 3006 1998 ’
