3016 4628
75 417 278 475 σωζειν
304 421 503 479 πρᾶγμα
537 415 637 461 Δεῖν
659 403 732 457 ουν
765 409 826 456 ἔτι
853 409 1010 461 παῖδαςΙ
1044 408 1178 462 οὕτως
1215 406 1393 471 ἄγεσθαι

83 489 183 541 -Ὸιὺ
199 507 284 536 των
310 485 577 546 ἀσκήματων
597 481 832 546 ἀσχόλους,
854 477 966 528 ὥστε
984 478 1045 543 μὴ
1067 478 1193 543 μόνον
1229 479 1290 543 μὴ
1312 483 1392 537 ζη-

70 568 244 632 τεῖνγ
251 560 348 607 ἀλλ’
368 560 404 606 εἰ
422 555 598 604 δυνατὸν
615 554 726 617 μηδὲ
745 551 903 601 εἰδέναι
922 550 1000 610 τὴν
1023 551 1224 610 τοιαύτην
1247 571 1393 599 συνου-

141 650 211 680 αν
238 629 352 683 ἐντὸς
375 631 460 675 τῶν
492 627 650 675 εἴκοσιν
684 627 805 675 ἐτῶν.
849 621 994 672 εὈταν
1023 622 1068 670 δὲ
1091 623 1166 671 καὶ
1189 625 1246 678 εἷς
1269 628 1393 672 τοῦτο

143 702 344 771 ·ίκηται,
379 699 574 752 σπανίοις
607 689 716 747 εἶναι
754 695 963 762 χρηστέον
993 701 1080 748 τοῖς
1108 694 1392 760 ἀφροδισίοις·

155 779 234 822 ’το
260 772 344 838 γὰρ
376 770 480 838 πρός
511 790 558 819 τε
593 769 671 828 τὴν
704 788 788 815 των
826 766 1067 831 γεννώντων
1091 766 1165 815 καὶ
1189 786 1393 830 γεννησα-

88 845 249 911 μένων
274 843 434 898 εὐεξίαν
452 841 561 890 πολυ
580 841 922 925 συμὸάλλεσθαι.
945 838 1101 902 Ἔλεγε
1124 838 1169 886 δὲ
1189 839 1261 886 καὶ
1285 840 1394 901 μήτε

76 983 292 1053 ’,ὃμιλεῖν-
314 989 361 1035 οὗ
385 988 469 1052 γὰρ
489 985 692 1033 οἴεσθαι’
674 1004 720 1031 εκ
745 982 910 1049 φαύλης
935 982 1010 1029 καὶ
1035 981 1298 1047 ἀσυμφώνου
1319 983 1393 1030 καὶ

97 1034 384 1126 ’ταραχώδους
425 1057 618 1124 κράσεως
655 1056 844 1123 εὔρυθμα
883 1055 957 1102 καὶ
997 1053 1112 1101 καλὰ
1129 1092 1142 1115 ,
1182 1055 1279 1101 ἀλλ’
1303 1054 1396 1102 οὐδὲ

28 1177 29 1180 ,
64 1115 252 1204 stiffi&
273 1129 352 1188 τὴν
373 1130 510 1195 ἀρχὴν
533 1129 769 1192 γίγνεσθαι.

711 1258 789 1288 21.

173 1353 380 1399 Stobaeus
395 1353 492 1397 Ecl.
515 1352 651 1411 Phys.
678 1354 726 1409 Ι,
753 1368 805 1409 7,
831 1350 886 1394 18
910 1351 985 1396 ed.
1012 1353 1211 1396 Heeren.
1244 1366 1253 1394 :
1290 1348 1398 1412 Περὶ

30 1442 31 1446 ’
54 1436 61 1479 ’,
108 1422 154 1471 δὲ
189 1421 326 1488 τύχης
347 1421 443 1469 τάδ’
479 1420 689 1488 ἔφασκον,
724 1413 832 1468 εἶναι
857 1420 999 1484 μέντοι
1028 1419 1133 1484 (μέν
1158 1438 1200 1467 τι
1226 1423 1398 1466 mavult

59 1498 72 1553 ζ
107 1499 351 1559 WVyttenb.
369 1496 383 1561 J
409 1495 483 1543 καὶ
514 1495 730 1557 δαιμόνιον
757 1494 882 1560 μέρος
906 1495 1058 1552 αὖτης’
1067 1492 1293 1581 ’,γενέσθαι
1315 1491 1397 1558 γὰρ

52 1579 58 1614 “.
109 1567 331 1616 ἐπίπνοιαν
372 1586 468 1615 τινα
507 1565 627 1632 παρὰ
668 1571 740 1614 τοῦ
781 1565 1003 1628 δαιμονίου
1038 1569 1122 1613 τῶν
1162 1563 1398 1629 ἀνθρώπων

108 1639 231 1695 ἐνίοις
255 1639 326 1688 ἐπι
350 1639 398 1686 τὸ
430 1638 595 1703 βέλτιον
617 1637 644 1696 ἢ
668 1637 739 1686 ἐπὶ
769 1637 818 1685 τὸ
847 1641 1015 1702 χεῖρον,
1041 1637 1114 1685 καὶ
1139 1630 1247 1683 εἶναι
1269 1655 1397 1702 φανε-

108 1715 190 1777 ρῶς
207 1711 304 1759 κατ’
327 1710 431 1758 αὐτὸ
453 1715 577 1758 τοῦτο
591 1730 691 1764 τους
712 1709 762 1772 μὲ
767 1730 788 1756 ν
805 1711 1018 1774 εὐτυχεῖς,
1037 1708 1134 1763 τους
1151 1709 1186 1755 δ’
1209 1709 1396 1773 ἀτυχεῖς.

110 1781 506 1844 Καταφανέστατον
533 1781 577 1828 δὲ
598 1775 707 1828 εἰναι
723 1800 872 1838 τουτο,
895 1801 991 1835 τους
1013 1780 1089 1844 μὲν
1112 1781 1398 1844 ἀπροὸουλεύ-

31 1865 66 1908 .,’.
81 1873 189 1915 ι,τως
211 1854 287 1903 καὶ
310 1856 404 1911 εἷκη
426 1873 467 1900 τι
489 1851 754 1918 πράττοντας
776 1852 983 1908 πολλάκις
1001 1872 1283 1918 κατατυχειν·
1303 1852 1399 1908 τους

46 1925 153 1978 2³33
183 1925 596 1992 προὸουλευομένους
613 1925 686 1972 καὶ
675 1925 1035 2002 προνοουμένους
1054 1928 1187 1990 ὀρθως
1204 1945 1244 1972 τι
1264 1925 1397 1989 πράτ-

56 2008 217 2071 ‘stum
259 1996 591 2063 ἀποτυγγάνειν.
641 1990 768 2046 Εἶναι
815 1999 852 2045 δ’
892 1997 1036 2064 ἕτερον
1083 1998 1220 2063 τύχης
1260 1991 1368 2052 εἶδος
1384 2036 1397 2085 .’

39 2067 202 2131 ’ῘιιαΨ
229 2070 253 2119 ὃ
274 2073 327 2119 οἳ·
334 2070 411 2133 μὲν
435 2073 600 2137 εὐφυεῖς
623 2070 696 2117 καὶ
718 2068 939 2135 εὔστοχοι,
961 2073 999 2118 οἱ
1021 2069 1064 2117 δὲ
1091 2072 1238 2135 ἀφυεῖς
1261 2090 1305 2117 τε
1326 2071 1400 2117 καὶ

61 2150 78 2179 -⁶
80 2140 300 2194 ἀναντίαν
322 2142 494 2208 ἔχοντες
513 2142 639 2209 φύσιν
656 2141 908 2261 {toto-rom,
934 2147 992 2190 ὢν
1013 2146 1050 2190 οἱ
1078 2142 1156 2204 μὲν
1182 2142 1399 2190 εὗθύὸολοι

51 2204 219 2340 ἰριῦῖἶεν,
256 2215 320 2278 ἔφ’
356 2213 383 2262 ὅ
417 2234 458 2262 τι
495 2213 547 2261 ἃν
582 2216 653 2261 ἐπι
685 2213 930 2275 άλλωνται,
959 2217 999 2261 οἱ
1032 2214 1077 2261 δὲ
1117 2214 1399 2261 ἀποπίπτοιεν

75 2291 184 2335 τοῦ
210 2292 399 2347 σκοποῦ,
427 2286 643 2349 μηδέποτε
666 2290 742 2344 τῆς
777 2286 963 2340 διανοίας
999 2288 1142 2333 αὐτων
1183 2285 1400 2349 εὐστόχως

40 2356 44 2359 ’
90 2369 96 2375 “
90 2357 365 2424 .-ερομε’νης,
393 2359 505 2406 ἀλλὰ
544 2359 617 2407 καὶ
647 2359 987 2424 ταρασσομένης.
1026 2357 1204 2417 Ταύτην
1241 2357 1286 2405 δὲ
1324 2357 1400 2415 τὴν

87 2431 293 2496 [ἀτυχίαν
318 2433 537 2497 σύμφυτον
554 2423 691 2493 εἶναι,
716 2430 791 2478 καὶ
812 2433 888 2478 οὐκ
912 2430 1185 2478 ἐπείσακτον.

94 2575 219 2622 ere,
236 2580 328 2620 quoe
355 2569 480 2610 serius
502 2569 651 2608 discere
669 2570 853 2619 praestet.
880 2569 982 2608 inter
1016 2579 1107 2619 quae
1130 2568 1181 2608 sit
1204 2568 1323 2608 etiam
1351 2567 1406 2607 rei

107 2643 289 2682 venerem
323 2643 431 2672 usus.
467 2634 660 2683 oportere
690 2632 826 2682 itaque
870 2642 1012 2682 pueros
1046 2631 1206 2671 educari
1250 2632 1332 2679 sic,
1362 2633 1408 2671 ut

102 2696 230 2744 &ariis
255 2695 455 2737 exercitiis
480 2695 664 2746 occupati
700 2695 803 2744 sint,
831 2700 951 2744 atque
973 2705 1158 2733 venerem
1186 2706 1266 2734 non
1290 2694 1408 2733 niodo

32 2760 33 2763 ’
88 2791 93 2811 r
124 2770 190 2799 on
196 2760 418 2810 quaerant,
443 2758 535 2808 sed,
552 2760 583 2798 si
608 2759 691 2798 fieri
712 2758 856 2808 possit,
873 2759 977 2797 intra
1001 2759 1232 2797 vicesimum
1259 2769 1407 2797 annum

32 2875 34 2877 ‚
88 2815 94 2826 ³
127 2822 488 2872 -rorsusignorent3
506 2823 716 2872 postquam
738 2832 834 2861 vero
861 2821 912 2860 ad
930 2821 969 2860 id
984 2821 1114 2860 aetatis
1129 2821 1407 2871 pervenerint,

39 2910 51 2934 ι,
126 2879 129 2881 ’
142 2901 146 2920 2
159 2897 202 2926 ro
220 2886 255 2926 ei
273 2885 327 2925 rei
340 2887 473 2925 tamen
489 2895 652 2935 operam
668 2885 774 2924 dent.
795 2886 894 2924 Nam
912 2884 950 2923 id
967 2895 1092 2934 quum
1109 2884 1157 2923 ad
1175 2887 1382 2934 parentum
1394 2915 1407 2935 ‚

127 2948 259 2990 umad
271 2948 478 2999 generanda
479 2959 503 2987 ι»
513 2948 635 2999 prolis
644 2948 792 2987 bonum
804 2947 982 2987 habitum
994 2948 1207 2997 plurimum
1220 2948 1408 2986 conferre.

30 3039 54 3060 s
96 3015 308 3063 Ξιιιιίειοιι
324 3014 514 3064 jubebat,
515 3025 582 3053 ne
597 3014 687 3064 quis
702 3014 844 3064 plenus
860 3013 1010 3052 deliciis
1026 3015 1096 3052 aut
1114 3012 1303 3052 ebrietate
1314 3023 1408 3062 ope·

96 3080 201 3141 tam
216 3077 474 3128 procreationi
492 3078 706 3117 liberorum
724 3077 859 3124 daret;
888 3077 1034 3127 quippe
1059 3077 1168 3127 quod
1194 3088 1244 3116 ex
1265 3087 1407 3126 prava,

130 3141 350 3182 ·ιοοιιοίιιιιιι
361 3143 402 3181 et
412 3141 645 3181 turbulenta
657 3140 870 3190 mixtione,
884 3151 965 3179 non
980 3139 1098 3179 modo
1112 3151 1190 3178 non
1207 3139 1357 3189 egregia
1371 3141 1411 3178 et

38 3209 91 3250 ·,
114 3205 316 3248 ἰοοιιοίιιιιιι
322 3204 491 3254 soboles,
505 3204 574 3245 sed
588 3215 639 3244 ne
653 3215 677 3243 a
692 3204 885 3256 principio
897 3203 1058 3254 quidem
1075 3204 1155 3244 ullo
1171 3207 1287 3257 pacto
1306 3203 1411 3242 bona

158 3269 244 3312 et.
344 3284 346 3286 ·

751 3335 823 3379 21..

46 3407 57 3425 ’-
100 3415 102 3418 ·
170 3386 229 3444 De
255 3403 414 3448 fortuna
434 3404 661 3443 statuerunt
681 3402 934 3452 Pythagorei,
955 3404 1109 3452 partem
1135 3401 1296 3451 quidem
1324 3401 1409 3450 ejirs

130 3463 292 3520 ιιιιιιιιι
308 3468 600 3508 essedivinam:
619 3467 742 3506 afflari
756 3469 889 3506 autem
903 3478 927 3506 a
943 3467 1017 3506 deo
1034 3466 1226 3516 quosdam
1241 3465 1303 3504 vel
1318 3465 1411 3504 boni

38 3552 42 3560 ·
106 3535 121 3552 ”
211 3531 304 3572 mali
334 3541 495 3580 caussa,
515 3541 683 3580 eamque
702 3530 754 3569 ob
784 3540 963 3569 caussam
990 3529 1088 3568 alios
1121 3529 1277 3577 felices,
1314 3528 1411 3567 alios

179 3593 295 3659 ἰίωε
313 3604 410 3637 esse.
433 3593 795 3634 manifestissimum
817 3594 922 3636 enim
940 3593 1014 3632 hoc
1043 3603 1148 3640 esse,
1166 3593 1263 3631 ulios.
1291 3592 1411 3630 nimi·

49 3660 53 3674 ³
183 3661 376 3701 -te'mere
405 3657 554 3708 aliquid
576 3660 617 3698 et
635 3657 718 3698 sine
733 3658 895 3698 consilio
919 3660 1078 3708 agentes
1097 3659 1280 3707 optatum
1296 3667 1413 3707 smpe

34 3756 55 3767 ι.
166 3745 233 3756 ιιιιιι
230 3722 472 3772 eonsequ53
487 3720 587 3761 alios
602 3732 764 3761 rursum
779 3722 942 3762 consilio
957 3722 997 3761 et
1017 3719 1224 3770 prudentia
1241 3722 1411 3768 utentes,

32 3769 92 3842 ζ
90 3791 143 3862 ‘3
151 3788 295 3830 mete
309 3786 406 3838 quid
422 3786 491 3827 liat
509 3786 655 3827 frustra
676 3787 871 3827 laborare.
895 3790 989 3827 Esse
1004 3788 1199 3857 praeterea
1222 3784 1329 3823 aliud
1349 3795 1412 3834 ge·

42 3851 50 3858 ”
182 3849 389 3893 mutuum
401 3879 414 3899 ‚
430 3860 510 3900 quo
527 3850 591 3890 alii
615 3850 696 3900 apti
721 3852 762 3890 et
781 3851 932 3890 alacres
947 3849 997 3890 ad
1017 3860 1125 3888 οιιιη·
1116 3848 1174 3893 ’,ιι
1192 3848 1256 3887 alii
1275 3852 1414 3887 contra

46 3942 53 3963 c
106 3910 131 3946 ⁷¹
166 3912 171 3918 ’
261 3915 508 3964 ,mutum
534 3923 704 3962 qnorum
732 3913 814 3954 illis
839 3914 941 3953 bene
960 3912 1190 3962 procederet
1220 3911 1413 3961 quidquid

38 3969 48 3998 ''
210 3993 251 4035 'ſs
271 3979 397 4027 rent,
428 3977 501 4018 hos
526 3977 712 4018 aberrare
728 3988 752 4018 a
773 3988 915 4028 scopo,
938 3978 1144 4017 intellectu
1169 3987 1306 4015 eorum
1330 3986 1414 4025 per·

123 4051 152 4075 ἐ-
173 4067 192 4099 ‚¹
211 4056 215 4073 ι
247 4065 251 4073 ι
274 4051 369 4090 ‚ne
378 4043 486 4083 recto
499 4051 678 4092 unquam
689 4051 810 4081 cursu
827 4041 990 4081 teratur.
1010 4043 1122 4080 Hanc
1144 4050 1239 4079 vero
1255 4038 1412 4078 infelici-

169 4102 220 4120 “
226 4106 479 4155 &gneum
499 4115 605 4152 esse,
621 4115 701 4144 ιιοιι
714 4104 968 4144 extrinsecus
983 4104 1162 4144 allatam.

33 4238 38 4254 l

483 4330 512 4347 J

1060 302 1166 350 VlT
1169 303 1347 353 Auum
1388 304 1768 356 FRAGMENTA
1781 342 1792 354 .

79 956 84 974 5
107 919 270 984 τρυφῆς
293 915 402 975 μήτε
428 913 558 977 μέθης
581 912 724 977 πλήρη
748 914 842 965 ταῖς
865 909 1051 974 γυναιξὶν
1074 912 1138 973 εἷς
1161 909 1208 957 τὸ
1242 919 1392 973 γεννᾶν
1414 965 1418 969 ¹

143 4198 376 4288 &mg
411 4249 505 4278 vero
539 4238 659 4278 etiam
692 4249 828 4277 omnes
869 4237 1097 4287 disciplinas
1132 4235 1417 4285 cnjiiseumque
1447 4248 1450 4251 ·

2655 321 2749 361 2720

2070 433 2146 462 ²2.

1533 517 1702 562 Joann.
1728 519 1993 562 Damascius
2019 521 2065 563 in
2087 522 2304 579 Append.
2330 525 2387 567 ad
2413 526 2543 568 Stob.
2585 528 2748 570 Floril.

1469 587 1542 633 ed.
1562 588 1690 635 Gsfd.
1710 604 1756 648 p.
1775 589 1867 642 46·
1892 584 2115 653 Ἔφασκον
2135 590 2176 635 33
2198 591 2363 644 καὶτὰς
2386 593 2589 653 μαθήσεις
2614 594 2753 646 πάσας

1467 659 1551 704 τῶν
1575 676 1622 718 τε
1648 659 1900 718 ἐπιστημῶν
1923 658 1997 705 καὶ
2025 662 2106 706 τῶν
2131 680 2174 706 τε
2158 680 2317 723 χνων,
2339 662 2414 716 τὰς
2438 666 2512 724 μὲν
2542 666 2752 719 ἑκουσίους

1469 729 1594 816 ὀρθάς
1615 748 1662 776 τε
1685 733 1792 777 εἰναι
1819 749 1893 777 και
1919 731 1977 783 εἷς
2000 729 2117 784 τέλος
2139 734 2428 796 ἀφικνεῖσθαι,
2461 755 2535 788 τας
2555 736 2598 782 δὲ
2621 739 2749 783 ‹imu-

1469 800 1604 933 ξίοιὲς3
1620 800 1805 866 φαύλους
1838 821 1882 849 τε
1918 821 1992 849 και
2026 804 2188 857 ἀτελεῖς
2225 804 2311 867 γίνε
2297 809 2427 854 ε.σοαι
2474 809 2750 856 Cf.1amb1.

1517 889 1535 917 1
1609 911 1620 920 .

2074 967 2152 1012 23.

1537 1065 1759 1125 Theolog.
1780 1066 1966 1110 arithm.
1985 1082 2035 1126 p.
2058 1072 2117 1119 4ο
2135 1070 2258 1112 Ast.:
2279 1063 2757 1129 ἈνδροκύδηςτεὸῙΙυ·

1471 1138 1523 1181 θα
1526 1135 1690 1199 γορικὸς
1710 1138 1732 1182 ὃ
1751 1135 1850 1201 περὶ
1865 1139 1949 1183 τῶν
1971 1136 2199 1198 συμὸόλων
2226 1136 2397 1202 γράψας
2411 1173 2423 1194 ,
2448 1156 2522 1183 και
2549 1137 2755 1185 Ιίυὸουλί-

1473 1207 1547 1262 δης
1581 1210 1602 1252 ὃ
1636 1206 1951 1271 Πυθαγορικὸς,
1980 1207 2055 1254 καὶ
2083 1206 2366 1271 Ἀριστόξενος
2401 1208 2475 1255 καὶ
2502 1207 2758 1262 ‘lunden-co<

1472 1278 1546 1324 καὶ
1580 1278 1800 1336 Νεάνθης,
1835 1280 1874 1326 οἳ
1911 1278 1965 1326 τὰ
1999 1277 2111 1326 κατὰ
2145 1279 2216 1325 τὸν
2243 1279 2376 1345 ἄνδρα
2413 1280 2759 1343 ἀναγράψαντες,

1472 1351 1559 1404 σις’
1575 1350 1687 1398 ἔτεσι
1702 1350 1775 1399 τὰς
1794 1350 2147 1416 μετεμψυχιιίσεις
2166 1351 2240 1405 τὰς
2257 1351 2581 1413 συμὸεὸηκυίας
2599 1351 2759 1416 ἔφασαν

1471 1421 1705 1485 γεγονέναι.
1737 1422 1864 1471 Μετὰ
1897 1426 2087 1470 τοσαῦτα
2111 1427 2211 1485 γοῦν
2250 1422 2325 1482 ἔτη
2350 1426 2409 1477 εἷς
2432 1423 2761 1486 παλιγγενεσίαν

1471 1497 1604 1542 ἐλθεῖν
1645 1494 1924 1556 Πυθαγόραν,
1957 1495 2032 1542 καὶ
2068 1497 2308 1553 ἀναζῆσαι,
2346 1495 2503 1543 ὡσανεὶ
2543 1494 2652 1556 μετὰ
2685 1496 2762 1551 τὴν

1471 1565 1648 1631 πρώτην
1666 1566 1964 1614 ἀνακύκλωσιν
1989 1566 2063 1613 καὶ
2088 1564 2294 1614 ἐπάνοδον
2313 1572 2388 1613 τοῦ
2413 1566 2499 1614 ἀπὸ
2522 1566 2563 1622 ἓξ
2580 1570 2762 1632 ψυχογο-

1472 1643 1587 1686 νικοῧ
1615 1637 1772 1697 anison,
1795 1644 1869 1686 τοῦ
1905 1638 1949 1686 33
1985 1641 2115 1686 αὐτου
2154 1639 2228 1686 καὶ
2262 1642 2669 1687 ἀποκαταστατικοῧ
2694 1640 2761 1686 διὰ

1471 1710 1520 1758 τὸ
1541 1714 1784 1777 σφαιρικόν·
1804 1715 1860 1765 ὡς
1880 1710 1923 1758 δὲ
1941 1716 2013 1758 καὶ
2033 1711 2140 1759 ἄλλο
2163 1710 2301 1804 (ςῶστε
2324 1714 2466 1766 καλῶς
2489 1714 2728 1774 WVyttenb.
2747 1715 2759 1774 )

1474 1782 1543 1830 διὰ
1566 1783 1726 1831 τούτων
1753 1785 1956 1841 ἀνάζησιν
1990 1783 2119 1847 ἔσχε·
2158 1787 2194 1849 ᾧ
2234 1804 2305 1832 και
2346 1790 2564 1848 συμφωνεῖ
2596 1783 2644 1830 τὸ
2679 1785 2763 1832 Εὐ-

1473 1855 1633 1920 φόρὸου
1663 1854 1740 1912 τὴν
1766 1855 1951 1920 ψυγὴν’
1935 1857 2194 1921 εσχηκέναι,
2226 1855 2338 1902 κατά
2374 1875 2423 1920 γε
2449 1874 2544 1909 τους
2566 1854 2764 1919 χρόνους

1473 1928 1515 1993 φ’
1535 1927 1618 1992 γὰρ
1636 1927 1710 1975 καὶ
1732 1928 1784 1974 ιδ’
1803 1927 1877 1986 ἔτη
1904 1927 2082 1991 ἔγγιστα
2100 1929 2185 1974 ἀπὸ
2201 1932 2285 1975 τῶν
2307 1931 2348 1977 Τ
2352 1930 2517 1992 ρωϊκῶν
2533 1930 2766 1990 ἱστορεῖται

1474 2000 1604 2063 μέχρι
1629 2000 1899 2065 Ξενοφάνους
1934 2005 2011 2047 τοῦ
2044 2019 2223 2061 φυσικου
2248 2019 2322 2046 και
2355 2002 2440 2046 τῶν
2473 1998 2767 2062 Ἀνακρέοντός

1473 2093 1518 2119 τε
1542 2092 1616 2120 και
1642 2072 1944 2138 Πολυκράτους
1963 2073 2127 2137 χρόνων
2149 2073 2222 2120 καὶ
2243 2092 2317 2131 της
2341 2072 2423 2119 ὑπὸ
2453 2071 2667 2134 Ἁρπάγου
2691 2077 2778 2118 τοῦ·

1476 2145 1549 2191 Μ’
1525 2146 1628 2199 ηδου
1644 2141 1803 2190 Ἰώνων
1821 2144 2065 2208 πολιορκίας
2085 2163 2159 2190 και
2178 2143 2451 2198 ἀναστάσεως
2466 2181 2479 2206 ,
2494 2144 2547 2201 ἣν
2566 2144 2766 2195 Φωκαεῖς

1475 2214 1673 2280 φυγόντες
1705 2215 2018 2264 Μασσαλίαν”
1989 2235 2196 2280 ῳκησαν·
2227 2224 2335 2263 πᾶσι
2363 2214 2445 2280 γὰρ
2477 2214 2641 2269 τούτοις
2663 2214 2764 2276 ὁμό-

1474 2306 1624 2350 χρονος
1645 2290 1668 2334 ὃ
1690 2287 1962 2351 Πυθαγόρας.
1993 2286 2108 2336 Ἱ“πὸ
2132 2286 2377 2349 Καμὸύσου
2409 2291 2508 2348 γοῦν
2534 2288 2766 2351 ἱστορεῖται

1476 2358 1694 2421 Αἴγυπτον
1715 2358 1882 2414 ἑλόντος
1909 2359 2321 2423 συνηχμαλωτίσθαι
2341 2360 2430 2406 ἐκεῖ
2452 2357 2762 2422 συνδιατρίὸων

1475 2438 1561 2484 τοῖς
1584 2434 1744 2494 ἱερεῦσι
1761 2469 1774 2492 ,
1799 2431 1874 2478 καὶ
1900 2433 1957 2485 εἷς
1983 2431 2223 2479 Βαὸυλῶνα
2250 2430 2463 2492 μετελθὼν
2486 2429 2562 2482 τὰς
2593 2429 2766 2493 βαρὸα-

1480 2569 1656 2608 scientiae
1690 2571 1729 2608 et
1748 2569 1870 2619 artis.
1900 2571 2137 2620 spontaneas
2166 2569 2327 2619 quidem
2353 2571 2480 2608 rectas
2512 2568 2670 2617 suisque
2690 2579 2775 2606 nu«

1480 2632 1600 2670 meris
1621 2632 1704 2671 fieri
1734 2632 1954 2682 absolutas;
1990 2633 2137 2673 invitas
2167 2634 2327 2682 autem,
2348 2633 2447 2671 viles
2475 2634 2595 2681 atque
2624 2633 2769 2681 imper·

1481 2697 1614 2737 sectas.

2084 2766 2155 2806 23.

1534 2833 1786 2883 Androcydes
1826 2834 2131 2884 Pythagoricus,
2159 2835 2230 2883 qui
2271 2832 2320 2871 de
2345 2834 2490 2871 horum
2522 2831 2711 2881 symbolis
2734 2842 2767 2870 s.

1480 2897 1766 2936 sententiarum
1793 2897 1974 2936 formulis
1995 2896 2173 2947 scripsit,
2194 2896 2288 2935 item
2310 2895 2526 2935 Eubulides
2547 2894 2769 2944 Pythagori-

1483 2971 1554 3000 cus
1569 2992 1578 3007 ‚
1597 2961 1856 3000 Aristoxenus
1872 2991 1882 3007 ‚
1911 2960 2159 3010 Hippobotus
2174 2990 2185 3008 ,
2211 2959 2409 2999 Neanthes
2425 2988 2435 3006 ‚
2459 2959 2528 3009 qui
2546 2970 2608 2998 res
2627 2958 2766 3008 Pytha·

1482 3035 1588 3074 gorat³
1603 3023 1728 3063 literis
1741 3022 2006 3063 mandarunt
2027 3023 2120 3071 hiis„
2110 3023 2202 3062 itur
2217 3022 2499 3073 prodiderunt,
2520 3021 2772 3071 migrationes

1484 3087 1522 3126 in
1542 3087 1618 3126 alia
1645 3087 1829 3136 deinceps
1863 3097 2027 3137 corpora
2058 3086 2191 3125 animo
2229 3086 2464 3136 Pythagorae
2489 3085 2673 3135 obtigisse
2701 3094 2772 3134 per

1482 3151 1675 3190 ducentos
1698 3153 1738 3190 et
1754 3149 1926 3189 sedecim
1949 3160 2103 3189 annos:
2124 3150 2214 3200 post
2229 3150 2290 3188 tot
2303 3159 2497 3188 annorum
2518 3147 2771 3187 intervallum

1484 3214 1636 3254 eumin
1663 3214 1953 3264 generationem
1972 3212 2133 3252 rediisse
2149 3223 2196 3251 ac
2224 3213 2434 3262 revixisse,
2452 3214 2658 3261 tamquam
2685 3214 2772 3261 post

1486 3279 1654 3328 primam
1676 3277 1975 3317 conversionem
1999 3287 2045 3315 ac
2073 3275 2247 3315 reditum
2267 3276 2358 3315 cubi
2383 3286 2406 3315 e
2427 3276 2581 3314 senario
2605 3285 2773 3313 numero

1486 3341 1577 3382 facti
1595 3372 1605 3389 ‚
1635 3344 1674 3381 et
1698 3341 1737 3381 in
1758 3342 1983 3381 animorum
2013 3340 2264 3390 generatione
2290 3339 2497 3387 celebrati,
2517 3337 2770 3387 ejusdemque

1484 3405 1534 3444 ad
1555 3405 1881 3444 instaurationem
1909 3403 2081 3443 efficacis
2112 3404 2271 3454 propter
2301 3404 2485 3441 naturam
2508 3402 2738 3451 sphaericam
2759 3417 2766 3438 :

1486 3479 1609 3517 quare
1632 3470 1739 3507 recte
1764 3467 1802 3506 id
1827 3468 1863 3507 ei
1894 3466 2078 3516 obtigisse
2097 3467 2143 3506 ut
2171 3477 2241 3516 per
2270 3468 2330 3504 tot
2351 3475 2545 3504 annorum
2566 3464 2769 3503 intervalla

1485 3533 1750 3572 revivisceret.
1771 3531 1954 3572 Ostendit
1972 3531 2048 3569 hoc
2064 3531 2183 3570 etiam
2201 3541 2292 3569 cum
2313 3532 2536 3578 temporum
2554 3528 2769 3567 rationibus

1486 3597 1755 3645 congruentia,
1769 3594 1877 3645 quod
1892 3593 2090 3644 Euphorbi
2105 3595 2277 3633 animam
2293 3593 2442 3632 habuit.
2460 3595 2555 3632 Nam
2568 3592 2766 3641 quingenti

1485 3660 1525 3697 et
1547 3658 1864 3707 qumtuordecim
1887 3657 2042 3696 circiter
2057 3657 2148 3696 anni
2169 3658 2428 3696 numerantur
2443 3665 2465 3694 a
2482 3654 2650 3702 Trojano
2667 3653 2768 3691 bello

1485 3722 1535 3761 ad
1551 3722 1804 3772 Xenophanis
1823 3720 1994 3771 physici,
2019 3720 2272 3760 Anacreontis
2287 3721 2327 3758 et
2353 3718 2565 3768 Polycratis
2576 3718 2732 3755 oetatem
2757 3731 2766 3752 ;

1486 3795 1567 3835 quo
1600 3788 1777 3835 tempore
1814 3787 1928 3823 lones
1959 3783 2086 3824 Persis
2123 3783 2289 3832 subjecti
2322 3784 2415 3821 sunt
2444 3780 2494 3819 ab
2523 3782 2698 3827 llarpago
2727 3780 2767 3815 et

1489 3850 1605 3889 Phoc:
1606 3861 1629 3887 ι
1631 3859 1743 3888 enses
1761 3848 1913 3900 profugi
1929 3848 2140 3887 Massiliam
2151 3846 2373 3907 condidere.
2389 3844 2458 3884 His
2470 3843 2572 3882 enim
2585 3839 2769 3880 omnibus

1488 3914 1608 3954 rebus
1641 3915 1806 3964 aequalis
1841 3915 1916 3954 suit
1948 3913 2203 3964 Pythagoras.
2245 3912 2386 3950 Fertur
2419 3908 2522 3947 enim
2557 3905 2701 3954 degens
2726 3905 2766 3942 in

1488 3981 1655 4029 Egypto
1677 3989 1772 4019 cum
1797 3979 2068 4019 sacerdotibus
2085 3975 2202 4015 simul
2234 3975 2272 4013 in
2293 3971 2561 4023 captivitatem
2585 3967 2767 4007 redactus

1487 4054 1511 4082 a
1537 4042 1752 4092 cambyse,
1784 4044 1824 4082 et
1860 4042 2105 4092 Babylonem
2133 4038 2328 4078 abductus
2362 4033 2616 4073 barbarorum
2649 4029 2768 4068 sacris

1489 4106 1666 4146 initiatus
1695 4115 1792 4145 esse.
1831 4108 1880 4145 At
1908 4104 2126 4152 Cambyses
2147 4100 2221 4140 suit
2246 4101 2363 4137 aetate
2390 4093 2623 4143 Polycratis,
2653 4091 2767 4140 cujus

1489 4168 1739 4220 tyrannidem
1758 4168 1913 4219 fugiens
1940 4167 2201 4217 Pythagoras,
2228 4162 2364 4201 relicta
2390 4161 2528 4205 Sarno
2561 4157 2765 4205 AEgyptum

1491 4232 1613 4282 petiit.
1619 4233 1797 4281 Dempto
1809 4230 1926 4279 igitur
1938 4230 1997 4268 bis
2008 4229 2076 4267 illo
2090 4226 2251 4264 circuitu
2274 4220 2391 4259 animi
2407 4218 2627 4268 migr-artis,
2641 4216 2679 4254 id
2692 4220 2770 4258 est,
