3016 4628
1196 258 1605 309 FRAGMENTA.
2070 318 2074 323 Ι
2707 259 2761 300 ¹5

570 366 953 441 [ΣιΚΕΛιΚΑΓ]

735 497 779 536 7.

181 610 388 658 Athenaei
403 609 525 667 Epit.
543 621 592 665 p.
617 603 694 659 31,
715 604 751 647 B
775 598 961 651 εἽππυς
987 597 1122 660 (libri
1148 594 1346 654 Ἱππίας)
1362 592 1407 664 δὲ

117 686 140 732 ὃ
169 681 368 744 Ῥηγῖνος
406 676 484 734 τὴν
523 673 655 722 εἰλεὸν
685 670 956 733 καλουμένην
998 668 1194 731 ἄμπελον
1238 666 1408 731 βιὸλίαν

117 754 221 820 φησὶ
244 746 554 805 καλεῖσθαι·ἣν
579 743 744 795 Πόλλιν
764 742 836 791 τὸν
856 741 1067 806 Ἀργεῖον,
1086 738 1130 793 ὃς
1153 737 1408 788 &amoenas

120 821 421 890 Συρακοσίων,
443 820 612 881 πρῶτον
647 817 704 869 εἷς
728 810 1010 878 Συρακούσας
1029 811 1207 873 κομίσαι
1231 809 1272 864 ἐξ
1294 809 1408 856 Ἰτα-

42 919 58 943 .-.·
118 897 229 950 λίας.
270 892 354 951 Εἴη
379 890 430 939 ἂν
455 883 526 938 οῧν
550 891 573 936 ὃ
603 885 725 953 παρὰ
757 882 1038 938 Σικελιώταις
1070 880 1228 947 γλυκὺς
1251 881 1409 930 καλού-

120 986 241 1033 μενος
258 964 441 1017 Πόλλιος
464 965 487 1009 ὃ
510 959 708 1014 Βίὸλινος
727 950 850 1011 οἶνος.
965 959 978 971 ‘

184 1035 391 1104 Χρησμός
415 1036 522 1099 [pro
544 1036 616 1080 his
634 1035 718 1082 lib.
743 1031 797 1080 C.
826 1048 837 1078 τ
861 1031 903 1079 ἓν
927 1030 990 1093 τῷ
1012 1028 1224 1094 χρησμῷ,
1254 1024 1408 1092 φησὶν,

121 1116 144 1163 ὃ
163 1110 253 1165 θεὸς
275 1106 578 1170 ηὗτομάτισε]·
621 1103 624 1107 ’

220 1222 308 1263 Πῖν’
324 1221 424 1261 οἶνον
439 1218 593 1271 τρυγίαν
607 1245 617 1264 ,
639 1214 720 1255 ἐπεὶ
742 1213 813 1253 οὐκ
830 1213 1029 1260 Ἀνθηδόνα
1041 1212 1157 1258 ναίεις
1168 1241 1180 1262 ,

223 1279 303 1320 οὐδ’
319 1279 422 1330 ἱερὰν
437 1277 600 1327 Ὑπέραν
613 1304 625 1325 ,
641 1274 699 1313 ὅθι
717 1273 752 1323 γ’
775 1272 939 1323 ἄτρυγον
962 1272 1064 1311 οἶνον
1089 1271 1226 1316 ἔπινες.

189 1385 526 1443 Excerptorem
540 1379 679 1440 plura
696 1377 898 1422 omisisse
917 1383 1061 1436 patet.
1085 1371 1279 1434 Ἵππυς]
1298 1372 1410 1417 libri

125 1451 302 1506 Ἱππίας
317 1488 330 1511 ,
355 1454 419 1498 sic
438 1454 608 1512 Hippis
628 1459 674 1494 et
689 1449 950 1509 HIppiasin
961 1447 1090 1492 libris
1107 1446 1246 1492 Plinii
1269 1447 1330 1490 H.
1355 1446 1415 1492 N.

126 1515 333 1582 XXXV,
363 1530 423 1579 40
438 1558 451 1581 ,
474 1523 559 1580 353
581 1522 640 1567 cf.
661 1522 904 1566 Polemon.
927 1519 986 1564 fr.
1012 1519 1091 1564 63.
1119 1519 1319 1579 Argivus
1339 1518 1417 1562 ille

127 1616 210 1651 rex
234 1601 561 1663 Syracusarum
575 1594 840 1652 excerptori
863 1593 1025 1638 deberi
1047 1591 1284 1647 videatur,
1298 1606 1418 1650 quo-

128 1673 251 1728 niam
274 1671 336 1713 ita
372 1666 542 1717 Pollux
564 1667 652 1711 On.
685 1667 770 1721 VI,
811 1679 865 1722 17
897 1680 908 1708 :
935 1661 1025 1711 Καί
1049 1680 1131 1708 που
1155 1660 1230 1708 καὶ
1264 1658 1421 1724 γλυκὺς

129 1741 203 1792 καὶ
223 1740 438 1791 Πολλαῖος
456 1729 609 1800 (οἶνος)
627 1754 638 1765 ·
660 1733 752 1782 ἔστι
772 1733 817 1782 δὲ
842 1736 890 1782 ἐκ
921 1735 1232 1799 Συρακουσῶν,
1259 1732 1422 1784 Πόλλις

132 1806 168 1855 δ’
188 1803 312 1853 αὐτὸν
329 1807 351 1850 ὃ
367 1802 551 1866 Ἀργεῖος
569 1803 735 1866 πρῶτος
759 1798 1015 1862 ἐσκεύασεν,
1038 1800 1110 1864 ἀφ’
1143 1791 1191 1844 οῧ
1225 1799 1300 1844 καὶ
1323 1795 1422 1844 τοῦ-

131 1895 266 1940 νομα·
289 1875 317 1934 ἢ
343 1874 428 1922 ἀπὸ
452 1878 528 1922 τοῦ
550 1872 857 1937 Συρακουσίων
893 1870 1103 1936 βασιλέως
1122 1870 1334 1928 Πόλλιος,
1367 1871 1425 1923 ὡς

92 1995 94 1997 ,
138 1947 439 2015 Ἀριστοτέλης
455 1946 586 2023 λέγει.
597 1948 666 1994 Cf.
677 1947 847 1996 AElian.
861 1948 914 1994 V.
930 1947 985 1992 H.
1001 1947 1112 2002 XII,
1135 1945 1160 1990 3
1171 1961 1189 1989 1
1209 1961 1219 1989 z
1233 1941 1424 2000 Ἐκλήθη

59 2035 62 2038 ”
113 2052 119 2054 ’-
135 2023 180 2072 δὲ
203 2024 240 2087 (δ
260 2021 447 2074 Πόλλιος
465 2020 594 2082 οἶνος)
620 2017 706 2065 ἀπό
725 2037 836 2071 τινος
856 2015 1067 2082 ἐγχωρίου
1088 2013 1312 2080 βασιλέως.
1335 2017 1428 2062 Sed

134 2099 255 2144 bene
277 2112 324 2141 se
353 2095 526 2140 habere
557 2094 702 2140 verba
723 2093 957 2148 Athenaei,
986 2091 1230 2138 oraculum
1250 2089 1427 2134 indicio

137 2180 225 2226 est,
248 2167 380 2228 quod
398 2167 618 2212 Calauriae
641 2165 930 2210 mentionem
949 2163 1119 2207 faciens
1133 2196 1145 2218 ‚
1170 2178 1278 2206 cum
1298 2171 1431 2206 ante-

58 2283 69 2295 .
139 2241 409 2288 cedentibus
432 2239 664 2282 cohaerere
688 2238 846 2296 aliquo
870 2235 1018 2280 modo
1040 2235 1194 2279 debet.
1221 2235 1317 2278 Nec
1342 2235 1430 2278 ali-

140 2324 210 2358 ter
226 2312 492 2360 Aristoteles
503 2309 727 2364 statuerit,
745 2309 826 2367 qui
840 2307 898 2352 de
918 2307 1086 2351 eodem
1105 2307 1298 2350 oraculo
1311 2315 1357 2350 et
1374 2305 1432 2349 de

139 2387 251 2431 vino
281 2382 582 2429 Anthedonio
626 2382 678 2424 in
713 2381 1060 2425 Troezeniorum
1089 2378 1295 2438 Republ.
1332 2377 1344 2439 (
1360 2394 1432 2437 ap.

64 2479 67 2482 ⁴
142 2459 416 2503 Athenaeum
435 2455 468 2498 l.
492 2455 526 2498 l.
550 2462 595 2498 et
610 2454 846 2498 Plutarch.
870 2454 960 2510 Qu.
984 2453 1063 2498 Gr.
1086 2467 1128 2496 c.
1143 2450 1231 2512 ·19)
1252 2452 1436 2496 locutus

104 2555 106 2557 ·
143 2526 562 2575 est.—Secundum
578 2535 818 2570 auctorem
832 2526 984 2583 Etym.
1005 2522 1069 2568 Μ.
1088 2524 1192 2567 vitis
1207 2538 1264 2568 ex
1282 2523 1434 2567 Thra—

145 2606 222 2646 cia
249 2602 299 2645 in
320 2600 521 2649 Siciliam
550 2598 881 2657 transplantata
912 2606 978 2641 est
1005 2593 1089 2641 ὑπὸ
1125 2590 1337 2648 Πόλλιδος
1359 2598 1434 2640 τοῦ

146 2668 383 2720 Σικυωνίου
415 2668 645 2733 τυράννου,
681 2669 811 2729 quod
835 2667 1018 2712 Miiller.
1047 2667 1183 2727 (Dor.
1208 2669 1255 2711 ΙΙ
1270 2700 1283 2722 ,
1315 2663 1433 2730 109)

145 2746 313 2790 mutari
333 2744 468 2802 jubet
488 2744 539 2786 in
557 2745 630 2787 τοῦ
652 2738 948 2803 Συρακουσίου
967 2758 1009 2785 τ.
1033 2739 1235 2785 Aliunde
1253 2740 1311 2784 de
1326 2741 1437 2784 Pol-

146 2818 240 2864 lide
253 2818 345 2862 hoc
363 2831 463 2861 non
478 2823 679 2871 constat3
704 2823 951 2873 antequam
967 2815 1018 2856 in
1037 2813 1238 2857 Siciliam
1254 2812 1438 2870 trajice-

147 2900 242 2948 ret,
266 2891 316 2933 in
339 2888 548 2933 Calauria
569 2888 663 2931 sive
683 2884 962 2931 Anthedone
984 2885 1210 2930 habitasse
1231 2885 1436 2941 videtur,

674 3023 906 3069 SICULA.

774 3119 819 3157 7.

203 3187 350 3238 Hippys
368 3185 564 3236 Rheginus
574 3185 713 3235 vitem,
728 3196 848 3236 quam
865 3186 998 3235 εἰλεὸν,
1015 3187 1265 3235 tortuosam,
1281 3187 1443 3236 vocant,

154 3250 318 3291 eandem
348 3251 534 3290 Bibliam
565 3251 761 3290 nominari
786 3249 936 3299 tradit,
959 3251 1081 3299 atque
1096 3260 1120 3288 a
1143 3249 1241 3288 Polli
1271 3250 1417 3300 Argivo
1432 3280 1444 3300 ,

155 3318 224 3366 qui
238 3314 440 3364 Syracusis
462 3314 658 3364 regnavit,
676 3315 851 3366 primum
871 3325 923 3353 ex
943 3313 1056 3353 ltalia
1068 3316 1282 3363 Syracusas
1297 3324 1445 3364 appor-

156 3379 278 3420 taum
290 3389 387 3419 esse.
407 3379 544 3419 Fuerit
559 3379 678 3429 igitur
697 3379 814 3419 dulce
832 3379 932 3418 illud
946 3379 1086 3418 vinum
1098 3409 1109 3430 ,
1126 3379 1239 3430 quod
1253 3381 1444 3421 Polliam

157 3441 275 3483 Siculi
291 3443 489 3494 appellant
502 3473 514 3494 ,
537 3442 643 3483 idem
662 3447 783 3493 atque
803 3442 1017 3484 Biblinum.

637 3587 959 3634 ARGOLICA.

779 3671 806 3710 8

141 3775 143 3779 Α
212 3735 269 3775 Ad
281 3735 354 3776 hoc
361 3735 676 3787 persuadendum
687 3701 967 3787 etiamllippys
973 3735 1140 3787 scriptor
1148 3735 1312 3777 idoneus
1321 3737 1450 3777 suerit.

164 3798 318 3840 Etenim
338 3802 472 3840 narrat
491 3800 688 3892 Rhegin
710 3799 922 3843 historicus
943 3800 1064 3840 hocce
1087 3816 1097 3840 ε
1115 3801 1273 3851 Mulier,
1294 3801 1423 3852 inquit
1435 3830 1447 3850 ,

1481 368 1669 411 fortasse
1703 381 1823 409 unus
1857 380 1912 409 ex
1944 374 2079 424 gente
2110 362 2492 419 Temenidarum‚
2534 362 2594 408 ad
2627 380 2766 423 quani

1482 438 1747 483 Bacchiadae
1777 437 2089 496 pertinebant.
2118 437 2271 479 Pollin
2293 438 2538 493 Argivum,
2563 438 2645 494 qui
2678 452 2771 480 una

1482 526 1589 554 cum
1609 510 1770 570 legatis
1793 509 2145 554 Corinthiorum
2167 516 2214 550 et
2231 508 2692 551 Lacedaemoniorum
2712 508 2773 552 ad

1481 585 1724 626 Persarum
1743 596 1902 641 regem
1925 579 2165 639 profectus
2187 578 2244 621 sit
2259 611 2271 633 ,
2294 588 2523 622 memorat
2538 580 2775 638 Thucydi-

1483 654 1564 699 des
1586 655 1656 709 ΙΙ,
1681 654 1761 710 67.
1786 654 1943 697 Alium
1963 653 2017 698 P.
2042 650 2336 709 Spartiatam,
2354 649 2565 708 Dionysii
2591 651 2775 708 tyranni

1483 726 1701 781 amicum,
1729 724 1864 769 affert
1885 722 2120 768 Plutarch.
2140 722 2283 766 Dion.
2311 735 2352 767 c.
2380 718 2425 767 5.
2446 745 2511 754 —
2526 722 2779 780 Fragmen-

1484 805 1585 841 tum
1607 812 1722 841 num
1744 804 1870 841 recte
1909 795 2153 840 tribuerim
2194 791 2436 844 Σικελικοῖς
2467 793 2648 848 nesci03
2689 792 2780 851 legi

1482 870 1640 931 potuit
1663 877 1760 914 tum
1783 869 1833 912 in
1855 867 2102 931 Χρονικοῖς,
2125 874 2225 910 tum
2251 865 2303 909 in
2321 861 2597 927 Ἀργολικοῖς.

1961 1110 2329 1176 [ΑΡΓοΛΙΚΑ.]

2063 1281 2065 1283 ,
2114 1234 2162 1282 8.

1554 1366 1722 1412 AElian.
1747 1365 1802 1410 N.
1827 1365 1886 1410 A.
1912 1364 2007 1420 IX,
2028 1362 2105 1408 33
2132 1378 2143 1407 :
2170 1362 2264 1422 Qui
2290 1361 2524 1407 lumbrico
2549 1362 2787 1421 laborant,

1491 1439 1614 1483 malo
1652 1437 1871 1482 laborant
1894 1451 1985 1495 ope
2018 1436 2206 1480 mortali
2237 1435 2369 1494 quod
2393 1435 2547 1479 curari
2571 1446 2786 1494 nequeat.

1492 1508 1806 1571 Τεκμηριῶσαι
1814 1511 1938 1554 τοῦτο
1946 1503 2190 1559 καὶἽππυς
2203 1503 2615 1569 (Ἵππευς,“Ἰππους
2623 1524 2723 1555 var.
2735 1507 2787 1570 l.)

1493 1579 1654 1634 ἱκανός.
1676 1578 1739 1629 ιῸ
1775 1578 1820 1627 δὲ
1841 1577 2000 1642 λέγειδ
2032 1578 2300 1644 συγγραφεὺς
2328 1581 2350 1625 ὃ
2382 1578 2598 1643 Ῥηγῖνος,
2630 1580 2791 1628 τοιόνδε

1495 1651 1633 1700 ἐστίν·
1656 1651 1762 1716 γυνὴ
1785 1644 1898 1716 εἶχεν
1923 1650 2130 1714 ἔλμινθα,
2155 1652 2229 1699 καὶ
2264 1650 2470 1699 ἰάσασθαι
2503 1650 2637 1710 αὐτὴν
2667 1655 2792 1700 ἀπεῖ-

1495 1745 1575 1773 πον
1599 1726 1638 1772 οἳ
1658 1727 1742 1772 τῶν
1760 1726 1919 1788 ἰατρῶν
1937 1724 2088 1771 δεινοί·
2111 1727 2261 1772 οὐκοῦν
2279 1726 2336 1779 εἷς
2360 1724 2625 1790 Ἐπίδαυρον
2641 1720 2767 1784 ἦλθεν
2779 1763 2793 1785 ,

1497 1797 1573 1846 καὶ
1605 1798 1742 1846 ἐδεῖτο
1778 1800 1864 1844 τῶν
1902 1799 2007 1844 θεῶν
2042 1796 2218 1855 ἐξάντης
2254 1796 2451 1860 γενέσθαι
2484 1802 2559 1845 τοῦ
2599 1798 2794 1846 συνοίκου

1499 1870 1674 1925 πάθους.
1702 1870 1769 1918 O&
1795 1873 1938 1934 παρῆν
1963 1871 1985 1916 ὃ
2020 1868 2134 1923 θεός·
2156 1872 2194 1916 οἱ
2219 1869 2364 1932 μέντοι
2389 1869 2560 1936 ζάκοροι
2584 1871 2795 1918 κατακλί-

1500 1962 1618 1991 νουσι
1656 1940 1734 2000 τὴν
1770 1940 1993 2007 ἄνθρωπον
2030 1940 2130 1989 ἔνθα
2169 1943 2317 1989 ἰᾶσθαι
2344 1945 2366 1989 ὃ
2403 1942 2493 1996 θεὸς
2531 1942 2668 1990 εἰώθει
2702 1943 2798 1998 τοὺς

1502 2014 1746 2079 δεομένους·
1764 2013 1837 2062 καὶ
1854 2018 1881 2072 ἡ
1896 2013 1973 2077 μὲν
1986 2013 2209 2079 ἄνθρωπος
2224 2014 2434 2079 ἡσυχάζει
2451 2020 2772 2080 προσταχθεῖσα
2783 2053 2797 2075 ,

1506 2088 1618 2154 [καὶ]
1646 2087 1754 2151 οἵγε
1783 2085 1870 2150 μὴν
1894 2088 2160 2153 ὑποδρῶντες
2197 2091 2258 2152 τῷ
2293 2091 2374 2154 θεῷ
2404 2086 2459 2135 τὰ
2494 2090 2536 2142 ἐς
2573 2087 2649 2146 τὴν
2682 2087 2797 2135 ἴασιν

1505 2163 1616 2226 αὐτῇ
1656 2160 1846 2208 ἐποίουν·
1876 2159 1950 2207 καὶ
1989 2159 2068 2218 τὴν
2095 2159 2289 2226 κεφαλὴν
2327 2158 2404 2223 μὲν
2441 2159 2539 2210 ἀπὸ,
2565 2163 2641 2218 τῆς
2677 2159 2801 2224 δέρης

1507 2236 1761 2300 ἀφαιροῦσι,
1787 2231 1964 2290 καθίησι
1989 2231 2035 2279 δὲ
2058 2253 2084 2279 τ
2104 2253 2136 2290 ,ν
2161 2238 2290 2297 χεῖρα
2312 2234 2334 2279 ὃ
2358 2230 2522 2297 ἔτερος,
2547 2231 2621 2278 καὶ
2641 2231 2803 2298 ἐξαιρεῖ

1506 2305 1583 2363 τὴν
1608 2304 1813 2367 ἕλμινθα,
1840 2303 1986 2368 θηρίου
2019 2302 2131 2367 μέγα
2162 2323 2204 2350 τι
2236 2307 2414 2369 χρῆμα·
2449 2303 2719 2367 συναρμόσαι
2755 2303 2801 2351 δὲ

1507 2378 1582 2426 καὶ
1603 2379 1837 2424 ἀποδοῦναι
1864 2374 1944 2434 τὴν
1979 2375 2171 2442 κεφαλὴν
2202 2378 2243 2430 ἐς
2276 2375 2354 2434 τὴν
2379 2375 2567 2441 ἀρχαίαν
2590 2375 2800 2441 ἁρμονίαν

1509 2452 1587 2497 οὐκ
1609 2448 1784 2496 ἐδύνατο
1805 2446 1963 2495 οὐκέτι.
1986 2446 2043 2495 ‘O
2063 2446 2203 2495 τοίνυν
2223 2446 2313 2501 θεὸς
2335 2449 2602 2514 ἀφικνεῖται,
2625 2448 2698 2495 καὶ
2716 2451 2804 2502 τοῖς

1512 2521 1589 2584 μὲν
1609 2520 1873 2585 ἐχαλέπηνεν
1888 2556 1902 2582 ,
1917 2519 1981 2566 ὅτι
1999 2519 2082 2585 ἄρα
2098 2519 2296 2567 ἐπέθεντο
2309 2519 2421 2586 ἔργῳ
2435 2520 2715 2585 δυνατωτέρῳ
2727 2524 2804 2579 τῆς

1511 2596 1674 2640 ἑαυτῶν
1701 2591 1879 2655 σοφίας·
1901 2591 2027 2645 αὐτὸς
2052 2591 2096 2638 δὲ
2119 2591 2281 2657 ἀμάχῳ
2306 2591 2389 2639 τινὶ
2413 2592 2488 2639 καὶ
2510 2591 2602 2658 θείᾳ
2626 2592 2805 2655 δυνάμει

1511 2664 1708 2713 ἀπέδωκε
1745 2667 1807 2730 τῷ
1836 2663 1984 2722 σκήνει
2012 2663 2090 2722 τὴν
2111 2662 2328 2730 κεφαλὴν,
2356 2664 2432 2712 καὶ
2455 2663 2533 2723 τὴν
2560 2663 2678 2724 ξένην
2706 2664 2804 2711 ἀνέ-

1512 2756 1685 2795 στησεν.

1576 2814 1646 2857 Ex
1669 2812 1897 2872 Argolicis
1928 2811 2026 2855 haec
2051 2812 2197 2871 petita
2235 2825 2329 2856 esse
2371 2826 2445 2855 res
2481 2820 2670 2858 narrata
2703 2812 2808 2856 satis

1513 2886 1681 2946 arguit.

1517 3031 1569 3060 ex
1588 3022 1784 3061 lumbrico
1807 3021 2015 3061 laborabat
2044 3021 2144 3060 adeo
2162 3020 2208 3059 ut
2227 3019 2278 3059 de
2300 3019 2506 3059 curatione
2527 3018 2611 3068 ejus
2624 3019 2811 3070 despera-

1516 3087 1605 3125 rent
1628 3086 1772 3126 medici
1797 3085 2036 3137 peritissimi.
2056 3085 2180 3135 Igitur
2202 3084 2452 3135 Epidaurum
2478 3084 2677 3134 profecta,
2701 3084 2777 3122 diis
2792 3113 2805 3133 ,

1515 3150 1566 3190 ab
1600 3151 1677 3190 hoc
1705 3151 1811 3190 malo
1847 3151 1894 3190 ut
1919 3149 2171 3198 liberaretur,
2202 3149 2463 3200 supplicabat.
2506 3149 2563 3188 At
2593 3148 2690 3188 deus
2729 3148 2812 3199 ipse

1519 3215 1532 3264 (
1552 3214 1819 3265 AEsculapius)
1841 3215 1929 3253 tum
1951 3212 2197 3263 non,aderat
2226 3223 2236 3251 z
2258 3212 2484 3252 sacerdotes
2504 3213 2638 3251 tamen
2660 3223 2746 3251 eam
2763 3223 2812 3252 eo

1517 3279 1558 3319 in
1583 3280 1695 3329 loco,
1723 3279 1792 3319 ubi
1826 3279 1924 3319 deus
1959 3278 2110 3318 mederi
2142 3277 2383 3328 supplicibus
2414 3277 2590 3326 solebat,
2608 3278 2813 3327 quiescere

1518 3346 1692 3396 primum
1711 3346 1940 3396 jusserunt;
1962 3347 2002 3385 et
2024 3345 2121 3384 dum
2151 3344 2296 3384 mulier
2311 3344 2555 3395 quiesceret,
2575 3343 2633 3383 illi
2651 3343 2813 3394 quidem

1519 3410 1865 3450 subministrantes
1879 3410 1954 3449 deo
1970 3420 2016 3449 ea
2027 3439 2038 3459 ‚
2056 3419 2148 3459 quae
2170 3406 2416 3447 sanationem
2432 3407 2604 3446 allatura
2622 3407 2812 3446 videban-

1519 3475 1601 3524 tur,
1630 3474 1825 3513 fecerunt.
1844 3474 1896 3513 Et
1925 3473 2054 3523 capite
2083 3474 2257 3521 resecto,
2278 3482 2382 3511 unus
2406 3482 2571 3510 manum
2597 3470 2814 3510 immittens

1520 3540 1781 3589 lumbricum,
1807 3539 1937 3578 teram
1964 3549 2057 3596 sane
2086 3539 2310 3589 ingentem,
2345 3537 2509 3577 exemit.
2543 3538 2595 3576 At
2619 3538 2739 3587 caput
2771 3535 2812 3574 in

1521 3604 1656 3644 locum
1672 3614 1788 3643 suum
1803 3607 1844 3642 et
1858 3602 2066 3653 pristinam
2093 3612 2325 3652 compagem
2349 3611 2541 3652 reponere
2567 3611 2647 3639 non
2663 3598 2811 3650 potuit.

1521 3669 1686 3710 Interim
1702 3669 1798 3708 deus
1813 3668 2042 3717 revertitur,
2062 3667 2218 3718 illisque
2233 3666 2458 3716 increpatis,
2475 3665 2583 3716 quod
2599 3676 2681 3704 rem
2694 3674 2814 3714 supra
2833 3694 2834 3697 ,

1525 3735 1653 3774 artem
1682 3743 1794 3772 suam
1814 3731 1980 3782 aggressi
2007 3731 2199 3781 fuissent,
2231 3731 2314 3782 ipse
2339 3730 2380 3769 vi
2405 3729 2540 3770 divina
2560 3730 2600 3768 et
2624 3726 2813 3769 ineffabili

1525 3801 1645 3851 caput
1659 3811 1730 3840 suo
1747 3799 2111 3852 corporirestituit,
2129 3801 2170 3841 et
2188 3800 2397 3841 mulierem
2419 3798 2594 3840 sanavit.
