3016 4628
215 305 307 344 ‘420

213 403 331 466 τερόν
370 420 413 447 τε
456 398 917 463 ΔιόνυσονξΗρακλέος
960 400 1064 449 δέκα
1101 402 1174 448 καὶ
1205 400 1330 448 πέντε
1364 405 1506 465 γενεῇ-

213 495 277 521 σιν
311 474 437 522 Ἰνδοὶ
472 473 666 536 λέγουσιν
682 491 693 503 ·
718 472 848 520 ἄλλον
874 473 918 520 δὲ
939 473 1086 521 οὐδένα
1112 472 1317 535 ἐμὸαλεῒν
1354 475 1501 534 ἐςιγῆν

211 548 289 604 τὴν
307 546 451 594 Ἰνδῶν
468 545 538 593 ἐπὶ
551 545 748 611 πολέμῳ,
765 544 860 593 οὐδὲ
881 547 1019 610 Κῦρον
1039 546 1109 593 τὸν
1124 546 1389 608 Καμὸύσεω,
1408 544 1504 591 καί-

213 638 275 666 τοι
295 619 365 666 tart
379 617 550 673 Σκύθας
573 618 788 666 ἐλάσαντα
809 618 883 665 καὶ
899 617 1040 665 τᾶλλα
1060 617 1500 682 πολυπραγμονέστα·

211 710 282 740 τον
319 690 370 749 δὴ
405 693 489 738 τῶν
508 689 622 738 κατὰ
657 689 735 748 τὴν
759 690 903 747 Ἀσίην
931 689 1143 755 βασιλέων
1167 689 1391 754 γενόμενον
1429 688 1500 735 τὸν

214 767 371 828 Κῦρον·
401 762 513 811 ἀλλὰ
544 762 815 828 Ἀλέξανδρον
839 763 921 827 γὰρ
947 764 1082 810 ἐλθεῖν
1109 781 1157 809 τε
1184 761 1258 808 καὶ
1286 765 1501 825 κρατῆσαι

213 836 385 883 πάντων
406 842 494 890 τοῖς
514 835 684 895 ὅπλοις,
709 834 831 889 ὅσους
853 854 901 899 γε
935 835 987 892 δὴ
1021 835 1201 891 ἐπῆλθε·
1237 832 1310 879 καὶ
1345 831 1397 878 ἂν
1426 830 1500 878 καὶ

213 909 385 956 πάντων
417 912 659 973 κρατῆσαι,
700 910 736 955 εἷ
760 912 787 966 ἡ
821 905 1000 972 στρατιὴ
1043 906 1207 964 ἤθελεν.
1245 906 1310 952 Οὐ
1339 903 1414 965 μὲν
1447 903 1497 960 δὴ

208 982 305 1028 ὀὐδὲ
329 981 474 1029 Ἰνδῶν
497 1000 591 1028 τινα
613 980 691 1035 ἔξω
708 984 783 1038 τῆς
808 979 971 1037 οἰκηίης
989 981 1200 1035 σταλῆναι
1225 976 1295 1023 ἐπὶ
1319 975 1499 1040 πολέμῳ

195 1053 282 1099 4ἰδιᾶι
301 1053 566 1110 δικαιότητα.

276 1128 344 1174 Cf.
370 1128 426 1173 fr.
456 1144 500 1184 2,
532 1129 558 1187 §
583 1143 643 1171 2ο
675 1142 777 1186 sqq.
807 1126 1192 1171 Schwanbeckius
1235 1123 1294 1166 de
1318 1123 1496 1166 Baccho

208 1210 256 1244 et
283 1201 481 1244 Hercule
512 1200 813 1259 Megasthenis
843 1198 983 1242 docet
1000 1198 1097 1241 haec
1122 1212 1171 1256 p.
1202 1199 1259 1247 44
1288 1210 1297 1237 :
1335 1215 1352 1234 «
1390 1195 1498 1238 Evi—

211 1272 473 1317 dentissime
523 1272 732 1316 Cris-nam
772 1270 990 1314 describit
1027 1269 1238 1314 Herculis
1282 1267 1496 1327 nomine⁷

210 1360 375 1404 quem,
406 1346 480 1390 cui
503 1343 825 1404 responderet,
843 1358 900 1387 ex
920 1341 1174 1386 Alexandri
1191 1340 1496 1398 scriptoribus

209 1418 285 1462 vix
311 1427 439 1462 certo
457 1426 642 1476 poteras
666 1414 875 1461 definire.
903 1416 1020 1458 Eum
1041 1415 1130 1458 coli
1164 1414 1226 1456 ait
1250 1412 1307 1455 ab
1334 1412 1497 1455 incolis

211 1490 439 1549 planitiei,
464 1490 755 1548 Pataliputrae
776 1488 912 1532 etiam
953 1495 1005 1531 ut
1037 1486 1166 1530 urbis
1200 1484 1495 1528 conditorem

211 1560 296 1621 (cf.
327 1562 381 1606 fr.
410 1562 492 1622 1,§
514 1561 620 1622 26),
651 1561 848 1604 maxime
869 1561 1099 1604 Illetlzoroe
1117 1566 1162 1603 et
1187 1558 1481 1606 Carisoboroe‚

209 1635 257 1677 in
284 1634 469 1693 oppidis
506 1634 841 1692 Curasenarum
875 1632 936 1676 ad
978 1633 1221 1676 Jamunam
1252 1630 1347 1674 sitis
1390 1645 1399 1672 :
1443 1645 1495 1674 re

206 1720 336 1759 vera,
362 1715 414 1749 ut
452 1707 572 1750 inter
614 1721 772 1749 omnes
801 1712 999 1760 constat,
1043 1702 1150 1747 Indi
1188 1701 1341 1746 adhuc
1382 1702 1494 1745 Ma-

208 1778 353 1821 tlmroe
373 1779 578 1823 Crisnam
596 1786 755 1822 natum
781 1793 872 1821 esse
893 1776 1117 1831 credunt,
1141 1783 1187 1819 et
1204 1774 1348 1818 hodie
1372 1789 1495 1835 quo—

208 1866 299 1909 que
319 1851 483 1895 urbem
507 1852 548 1895 ei
582 1866 757 1895 sacram
786 1850 983 1908 habent,
1024 1850 1166 1893 altera
1206 1855 1361 1891 autem
1381 1848 1495 1892 urbs

207 1923 479 1967 Carisobora
498 1938 552 1966 ex
573 1924 671 1982 ipso
690 1924 855 1967 Crisnae
877 1923 1065 1967 nomine
1075 1929 1341 1980 nuncupata
1362 1919 1495 1964 vide-

205 2005 282 2039 tur
317 1994 686 2055 (Clima-pura).
715 1996 1027 2056 Megasthenes
1042 2028 1054 2049 ,
1081 1994 1195 2038 dum
1220 1989 1404 2055 γηγενέα
1429 1994 1490 2036 il-

205 2067 300 2110 lum
325 2067 551 2126 appellat,
571 2082 626 2111 ex
647 2077 778 2127 parte
798 2067 987 2126 quidem
1007 2065 1104 2125 jam
1127 2067 1318 2126 reliquit
1337 2067 1495 2111 Mace-

203 2135 379 2181 donum
404 2138 698 2197 opinionem,
727 2139 808 2183 sed
831 2141 881 2183 in
914 2140 1145 2199 reliquam
1169 2138 1495 2198 descriptionis

203 2199 381 2267 partem
404 2212 614 2255 Herculis
634 2212 778 2257 Graeci
805 2221 1040 2272 respectus
1058 2213 1154 2256 vim
1178 2227 1393 2273 magnam
1407 2212 1493 2256 ha-

199 2281 315 2329 buit.
346 2283 558 2342 Aliquam
578 2294 757 2343 partein
778 2285 1056 2330 narrationis
1085 2284 1225 2330 docte
1242 2284 1493 2345 explicavit

201 2353 432 2399 Lassenius
462 2355 729 2416 Zeitsclerzft
744 2356 839 2416 fiir
867 2359 917 2405 d.
950 2359 1116 2403 Kande
1145 2359 1227 2403 des
1259 2359 1491 2417 Morgen—

202 2427 375 2472 lamles.
413 2454 477 2461 —
505 2429 718 2474 Alterum
741 2430 881 2475 deum
906 2447 1044 2492 quem
1065 2432 1326 2491 Dionysum
1344 2431 1493 2477 Graeci

198 2507 383 2554 vocant,
400 2500 599 2545 eundem
617 2511 756 2562 atque
780 2504 936 2561 Civam
959 2519 1053 2550 esse
1066 2538 1079 2562 ‚
1104 2520 1162 2550 ex
1179 2504 1492 2564 descriptione

161 2568 171 2580 “
200 2571 420 2614 comitum
439 2573 692 2619 Alexandri
705 2575 799 2633 jam
820 2578 929 2622 satis
950 2586 1171 2638 apparet;
1195 2592 1302 2622 eum
1333 2577 1492 2636 Mega-

199 2640 376 2686 sthenes
396 2645 538 2704 magis
566 2647 623 2690 ad
647 2649 995 2694 similitudinem
1026 2650 1173 2696 Graeci
1211 2649 1287 2694 dei
1320 2649 1491 2694 descri-

199 2714 303 2771 psit.
339 2736 355 2751 >ι

798 2793 876 2840 24.

267 2872 472 2933 Phlegon
517 2876 681 2922 Mirab.
709 2895 752 2926 c.
799 2881 856 2925 33
889 2899 897 2924 :
941 2881 1219 2944 Μεγασθένης
1258 2880 1307 2928 δέ
1343 2899 1512 2947 φησιν,.

200 2942 274 2996 τὰς
300 2945 341 2990 ἐν
384 2946 558 3011 Παλαίᾳ
593 2950 683 3009 (sc,
708 2952 930 3017 Πανδαίᾳ)
971 2953 1253 3008 κατοικούσας
1282 2957 1488 3017 γυναῖκας

195 3014 380 3069 ἑξαετεῖς
407 3019 647 3078 (ἑπταετεῖς
667 3026 848 3069 Arrian.
876 3027 933 3073 fr.
953 3027 1039 3088 23)
1062 3026 1290 3089 γινομένας
1308 3025 1483 3073 τίκτειν.

266 3090 335 3135 Cf.
366 3090 424 3135 de
444 3093 636 3138 Pandaea
660 3097 860 3156 Polyaen.
891 3100 1085 3161 Strateg.
1107 3103 1155 3156 I,
1185 3100 1211 3144 3
1227 3135 1239 3157 ,
1262 3106 1287 3154 4
1315 3115 1325 3144 :
1347 3099 1483 3164 Ἥρα·

202 3160 305 3215 κλῆς
326 3162 367 3206 ἐν
397 3160 555 3227 Ἰνδικῇ
581 3165 788 3231 θυγατέρα
810 3168 1058 3228 ἐποιήσατο,
1075 3170 1125 3228 ἢν
1142 3170 1322 3218 ἐκάλεσε
1350 3173 1483 3218 Παν-

203 3231 340 3288 δαίην.
382 3233 532 3298 Ταύτῃ
573 3237 719 3298 νείμας
764 3241 915 3304 μοῖραν
946 3246 1021 3300 τῆς
1055 3242 1237 3301 Ἰνδικῆς
1278 3243 1383 3310 πρὸς
1413 3263 1492 3306 με-

202 3303 416 3367 σημῧρίαν
460 3307 731 3365 Γκαθήκουσαν
778 3314 835 3366 εἷς
868 3314 1103 3374 θάλασσαν,
1155 3316 1338 3380 διένειμε
1385 3315 1481 3370 τοὺς

215 3399 1116 3421 Ἣ

197 3451 270 3490 per
299 3452 423 3482 annos
439 3454 532 3484 cxx.
559 3447 756 3488 Bacchum
790 3453 875 3491 ludi
907 3456 1075 3495 Hercule
1102 3457 1365 3507 antiquiorem
1397 3468 1482 3498 esse

196 3506 339 3547 ‹licunt
357 3519 411 3548 xv
432 3510 615 3550 aetatibus
633 3516 888 3568 :nullumque
903 3520 1024 3559 alium
1041 3521 1133 3562 belli
1156 3523 1347 3564 inferendi
1363 3535 1480 3564 causa

200 3571 298 3610 lines
312 3581 405 3612 suos
423 3572 636 3623 ingressum
649 3607 659 3626 ,
685 3589 733 3618 nc
749 3582 897 3630 Cyrum
913 3584 1073 3634 quidem
1099 3587 1302 3638 cambysis
1335 3588 1479 3639 filium,

198 3634 384 3682 quamvis
409 3635 441 3676 is
466 3637 652 3680 adversus
673 3644 836 3692 Scythas
861 3648 1074 3688 exercitum
1095 3649 1253 3691 duxerit
1268 3653 1308 3692 et
1335 3652 1482 3704 alioqui

201 3696 371 3766 plurima
403 3700 564 3742 molitus
589 3703 639 3743 sit
670 3702 770 3745 inter
801 3719 907 3758 reges
938 3712 1053 3753 Asiae.
1086 3712 1356 3757 Alexandrum
1386 3728 1482 3758 vero

200 3770 239 3799 in
260 3770 326 3801 eas
347 3762 524 3814 regiones
539 3768 712 3817 venisse,
736 3780 950 3823 omnesque
966 3776 1085 3817 armis
1103 3778 1300 3830 subegisse
1312 3781 1361 3820 ad
1385 3793 1484 3832 quas

198 3827 448 3873 pervenerit:
471 3839 518 3869 ac
530 3832 682 3872 ceteros
697 3844 835 3874 omnes
849 3837 1105 3879 subacturum
1127 3842 1266 3893 fuisse,
1284 3845 1358 3885 nisi
1374 3857 1482 3886 exer·

200 3887 301 3927 citus
337 3890 503 3934 ulterius
536 3895 716 3946 progredi
753 3903 980 3942 recusasset.
1018 3904 1096 3943 Sed
1138 3916 1266 3957 neque
1294 3909 1483 3950 Indorum

198 3961 440 4005 quemquam
463 3958 576 3998 extra
591 3960 758 4010 patriam
782 3963 1001 4013 profectum
1018 3976 1100 4007 esse
1119 3967 1171 4007 ad
1187 3969 1334 4010 bellum
1351 4002 1361 4020 ,
1390 3983 1482 4023 pro-

199 4018 288 4071 pter
306 4017 515 4068 justitiam.

253 4152 517 4203 Megasthenes
544 4159 598 4199 ait
629 4159 668 4201 in
701 4162 868 4203 Pandaea
900 4166 1055 4216 regione
1083 4170 1267 4211 mulieres
1297 4183 1485 4214 sexenws

198 4224 350 4263 parere.

1285 294 1333 341 M
1341 292 1580 341 EGASTH
1590 292 1726 342 13le

1579 399 1843 465 ἀρχομένους
1883 402 1943 454 εἷς
1990 400 2139 463 κώμας
2183 399 2432 465 τριακοσίας
2477 399 2681 458 ἑξήκοντα
2722 403 2866 459 πέντε,
2986 461 2990 466 Ὶ

1577 471 1820 537 προστάξας
1838 474 1934 520 καθ’
1958 471 2145 528 ἑκάστην
2166 472 2332 536 ἡμέραν
2348 471 2453 533 μίαν
2475 473 2629 535 κώμην
2645 475 2872 541 ἀναφέρειν
2946 523 2947 526 ,

1576 543 1649 590 τὸν
1671 544 1889 608 βασίλειον
1913 543 2061 608 φόρον,
2083 541 2154 590 ἵνα
2178 540 2275 596 τοὺς
2295 542 2490 598 διδόντας
2510 542 2601 609 ἔχοι
2616 546 2874 611 συμμάχους
2923 572 2926 576 ’
2987 564 2997 579 ¹

1576 619 1603 671 ἡ
1631 615 1941 679 βασιλεύουσα,
1965 618 2271 662 καταπονοῑὴα
2312 614 2380 680 ἀεὶ
2411 615 2509 670 τοὺς
2550 617 2697 664 δοῦναι
2741 618 2873 684 ὄφεί-
2932 637 2940 665 .·
2986 658 2994 675 ,

1575 687 1740 740 λοντας.
2771 730 2776 735 .
2859 714 2864 719 ·
2930 721 2933 725 ,
2985 715 2996 748 i·

1640 759 1777 804 Adde
1802 758 1861 803 de
1876 757 2142 803 Pandarum
2169 768 2306 818 gente
2330 760 2451 806 Plin.
2470 761 2560 818 VI,
2587 777 2676 818 22,
2703 762 2732 806 6
2756 775 2770 809 ε
2797 763 2876 807 Ab
2928 755 2943 798 f:
2985 778 2993 822 ξ

1576 836 1635 876 iis
1654 846 1768 892 gens
1785 831 1992 885 Pandoe,
2033 833 2138 875 sola
2171 833 2394 876 Indorum
2431 844 2634 891 regnata
2651 832 2870 892 feminis.
2986 831 2991 886 ἶ

1579 905 1731 950 Unam
1762 904 1947 947 Herculi
1959 918 2097 947 sexus
2114 908 2215 961 ejus
2231 908 2435 965 genitam
2439 903 2631 963 serant,
2655 905 2714 952 ob
2739 909 2875 968 idque
2934 922 2942 928 “
2985 914 2995 968 ζ

1572 980 1820 1036 gratiorem
1849 980 2093 1034 proecipuo
2113 991 2254 1034 regno
2275 977 2513 1025 donatam.
2538 979 2616 1022 Ab
2644 993 2703 1022 ea
2731 979 2876 1024 dedu·
2927 1028 2930 1034 ,
2986 971 2995 1018 ἶ

1573 1047 1971 1110 centes'orz’ginem
1997 1053 2263 1110 imperitant
2294 1050 2416 1096 CCC
2438 1052 2623 1112 oppidis
2628 1084 2644 1106 ,
2662 1053 2872 1112 peditum
2930 1042 2947 1059 ’

1574 1122 1654 1165 CL
1671 1123 1807 1174 mill„
1843 1121 2106 1181 elephantis
2115 1115 2393 1184 quingentis,
2414 1123 2485 1170 Cf.
2506 1125 2666 1184 Stepli.
2690 1126 2799 1185 Byz-
2823 1141 2870 1173 v,
2931 1127 2948 1173 τ’4
2993 1130 2996 1135 ’

1576 1191 1795 1250 Πανδαίη.
1845 1214 1863 1234 «
1907 1196 2075 1239 Utram
2117 1205 2304 1255 gentem
2333 1196 2436 1240 'hac
2477 1212 2594 1241 voce
2627 1179 2871 1258 signfficet,
2941 1194 2947 1221 ³
2985 1186 2991 1222 *³

1571 1264 1799 1323 PandJ'as
1820 1267 1869 1310 in
1905 1268 2091 1312 australi
2128 1267 2274 1312 Indiae
2292 1276 2433 1328 parto
2449 1269 2710 1314 habitantes
2733 1278 2783 1315 et
2822 1270 2873 1315 in

1571 1338 1855 1382 carminibus
1878 1339 2019 1398 epicis
2025 1339 2123 1398 j‘am
2152 1349 2543 1385 commemoratos
2565 1339 2663 1402 (ex.
2690 1357 2732 1387 c.
2759 1357 2872 1386 uxa—
2927 1330 2948 1361 7
2993 1356 2995 1361 ’

1568 1409 1696 1454 hab’.
1716 1412 1773 1456 V.
1804 1409 1915 1468 578,
1939 1413 2004 1470 II,
2031 1409 2202 1475 2222.)
2225 1421 2304 1457 aut
2321 1409 2734 1472 Pandavasepicis
2755 1428 2870 1458 car—
2935 1411 2944 1473 ,ᾗ
2985 1431 2992 1450 ι

1568 1483 1773 1528 minibus
1809 1485 2082 1542 illustratos,
2125 1494 2254 1530 certo
2284 1486 2504 1530 constitui
2537 1500 2638 1530 non
2667 1493 2823 1545 potest
2855 1501 2868 1533 ε
2907 1484 2943 1516 ”·’

1568 1556 1697 1601 illam
1724 1557 2040 1616 conjecturam
2060 1574 2238 1603 nomen
2259 1554 2458 1615 Πανδαίη
2485 1557 2653 1603 Indico
2676 1559 2870 1605 nomine
2986 1556 2991 1570 '

1568 1627 1760 1686 Pand'ja
1780 1630 2119 1674 accuratissime
2135 1631 2434 1687 convenienS,
2453 1639 2500 1675 et
2514 1631 2871 1692 margaritarum

1567 1702 1748 1746 mentio
1764 1735 1776 1756 ,
1801 1710 1848 1747 et
1869 1711 2062 1748 maturae
2081 1703 2341 1764 pubertatis
2369 1703 2652 1748 feminarum
2682 1703 2868 1749 descri-

1567 1775 1694 1834 ptio,
1722 1775 1843 1820 hanc
1873 1777 1974 1821 aliae
2015 1777 2298 1823 narrationis
2334 1785 2490 1837 partes
2524 1778 2589 1822 ita
2604 1774 2795 1836 juvant,
2816 1787 2871 1823 ut

1568 1849 1808 1892 Lassenius
1854 1849 1976 1894 hanc
2015 1850 2164 1896 malit.
2210 1849 2434 1896 Zeitschr.
2475 1852 2537 1907 V,
2569 1864 2622 1910 p.
2672 1848 2789 1896 252.
2838 1869 2862 1892 »»

1569 1918 1893 1969 Schwanbeek.
1917 1936 1964 1982 p.
1986 1920 2062 1968 38.

2174 1993 2259 2060 25.>

1633 2080 1800 2126 Strabo
1823 2082 1927 2139 XV,
1959 2097 2009 2143 p.
2050 2097 2144 2140 7⁰2
2174 2095 2186 2128 :
2209 2079 2314 2129 Ἐπὶ
2335 2080 2380 2128 δὲ
2404 2083 2458 2147 τῇ
2482 2079 2683 2146 συμὸολῇ
2714 2080 2867 2131 τούτου
2913 2131 2918 2138 ,
2944 2122 2945 2125 ¹

1571 2152 1667 2214 (τοῦ
1689 2151 1886 2218 Γάγγου)
1906 2172 1953 2200 τε
1974 2151 2141 2202 καὶτοῦ
2166 2152 2299 2202 ἄλλου
2321 2158 2519 2213 ποταμοῦ
2537 2151 2593 2201 τὰ
2610 2153 2866 2220 Παλίὸοθρα
2982 2207 2986 2211 Β

1566 2223 1762 2288 ἵδρύσθαι
1791 2225 1874 2288 (sc.
1916 2224 2200 2291 Μεγασθένης
2225 2224 2359 2292 φησὶ)
2391 2224 2576 2274 σταδίων
2602 2223 2866 2289 ὀγδοήκοντα
2926 2260 2929 2262 -

1567 2295 1615 2344 τὸ
1651 2300 1810 2360 μῆκος,
1848 2298 2010 2353 πλάτος
2047 2298 2093 2347 δὲ
2128 2297 2458 2358 πεντεκαίδεκα,
2500 2299 2544 2346 ἓν
2579 2298 2864 2365 παραλληλο-

1567 2369 1760 2436 γράμμῳ
1780 2369 2000 2436 σχήματι,
2031 2369 2194 2428 ξύλινον
2217 2370 2446 2437 περίὸολον
2469 2369 2659 2436 ἔχουσαν
2675 2389 2867 2420 κατατε-
2925 2399 2932 2406 -

1567 2442 1799 2507 τρημένον,
1825 2443 1939 2492 ὥστε
1973 2443 2044 2492 διὰ
2066 2447 2152 2493 τῶν
2171 2446 2288 2493 ὀπῶν
2309 2442 2515 2500 τοξεύειν·
2541 2446 2796 2509 προκεῖσθαι
2819 2442 2867 2495 δὲ
2913 2490 2931 2504 ἦ,
2982 2456 2985 2457 ’

1565 2515 1640 2562 καὶ
1665 2516 1826 2582 τάφρον
1849 2518 2043 2582 φυλακῆς
2068 2537 2115 2565 τε
2131 2517 2258 2582 χάριν
2277 2516 2354 2565 καὶ
2377 2517 2592 2581 ὑποδοχῆς
2609 2519 2694 2564 τῶν
2720 2518 2770 2565 ἐκ
2790 2520 2868 2576 τῆς

1566 2587 1730 2643 πόλεως
1760 2591 2016 2655 ἀπορροιῶν.
2085 2591 2152 2639 Τὸ
2177 2592 2214 2637 δ’
2239 2589 2379 2652 ἔθνος,
2407 2591 2449 2638 ἐν
2470 2582 2506 2656 ᾧ
2525 2593 2553 2648 ἡ
2582 2589 2706 2652 πόλις
2729 2588 2864 2652 αὕτη,
2934 2587 2942 2590 ,‚

1567 2661 1794 2709 καλεῖσθαι
1815 2662 2060 2728 Πρασίους,
2092 2662 2411 2730 διαφορώτατον
2443 2664 2529 2709 τῶν
2563 2661 2760 2710 πάντων·
2789 2662 2865 2726 τὸν

1566 2732 1609 2782 δὲ
1635 2734 1921 2800 βασιλεύοντα
1943 2736 2167 2799 ἐπώνυμον
2192 2736 2257 2783 δεῖ
2289 2739 2365 2793 τῆς
2395 2734 2560 2789 πόλεως
2582 2726 2692 2783 εἶναι
2718 2735 2864 2786 Παλίν-

1566 2807 1715 2873 ὅοθρον
1739 2807 2023 2872 καλούμενον,
2045 2808 2150 2874 πρὸς
2183 2811 2245 2873 τῷ
2278 2807 2373 2873 ἰδίῳ
2396 2811 2459 2873 τῷ
2489 2809 2538 2855 ἐκ
2565 2810 2735 2872 γενετῆς
2751 2807 2863 2858 Δὀνόφ

1564 2899 1697 2942 ματι,
1724 2879 1918 2945 καθάπερ
1943 2881 2014 2928 τὸν
2041 2879 2379 2946 Σανδράκοττον,
2399 2880 2505 2945 πρὸς
2525 2879 2570 2927 ὃν
2589 2873 2693 2938 ἧκεν
2712 2883 2736 2928 ὁ
2760 2883 2857 2929 Με-

1561 2953 1772 3015 γασθένης
1789 2953 2013 3020 πεμφθείς.

1630 3028 1965 3073 Antecedentia
1981 3027 2090 3072 vide
2105 3027 2163 3072 fr.
2188 3027 2263 3075 18.
2288 3025 2608 3085 Subjiciuntur
2621 3026 2861 3086 hae0,quae

1561 3100 1674 3144 item
1715 3101 1776 3145 ad
1809 3100 2153 3162 Megasthenem
2184 3101 2420 3161 pertinent
2451 3115 2462 3144 ε
2490 3095 2662 3162 Ἀρίστη
2699 3097 2860 3160 (regio

1561 3171 1734 3235 Indiae)
1780 3170 1816 3218 δ’
1847 3172 2120 3233 ὁμολογεῖται
2154 3178 2277 3217 πᾶσα
2306 3173 2335 3228 ἡ
2365 3173 2438 3217 τοῦ
2465 3168 2673 3223 εΥπάνιος
2696 3168 2859 3234 πέραν·

1559 3245 1636 3291 οὐκ
1661 3242 1915 3310 ἀκριὸοῦται
1938 3243 2005 3303 δὲ,
2031 3241 2143 3292 ἀλλὰ
2164 3242 2233 3291 διὰ
2251 3241 2329 3301 τὴν
2348 3241 2524 3308 γἄγνοιαν
2543 3241 2618 3290 καὶ
2639 3241 2711 3290 τὸν
2733 3244 2858 3292 ἕκτο-

1557 3316 1718 3378 πισμὸν
1741 3316 1913 3379 λέγεται
1934 3316 2060 3364 πάντ’
2086 3315 2158 3364 ἐπὶ
2180 3315 2228 3364 τὸ
2252 3319 2396 3379 μεῖζον
2421 3314 2449 3373 ἢ
2475 3314 2525 3362 τὸ
2545 3313 2858 3380 τερατωδέστε·

1613 3531 1659 3569 ln
1695 3530 1842 3580 Gangis
1870 3529 2034 3570 etalius
2059 3462 2386 3569 fluviiziincursu
2417 3527 2687 3578 Megasthenes
2706 3526 2764 3568 ait
2781 3526 2860 3569 sita

1558 3604 1642 3634 esse
1659 3594 1902 3645 Palibothra,
1920 3595 2120 3646 octoginta
2130 3594 2351 3649 stadiorum
2362 3593 2626 3651 longitudine,
2643 3591 2859 3637 latitudine,

1557 3665 1773 3706 stadiorum
1802 3666 2029 3717 quindecim
2042 3697 2053 3716 ,
2070 3666 2196 3717 figura
2214 3664 2504 3716 quadrangula,
2522 3663 2712 3704 lateribus
2725 3674 2852 3716 oppo-

1560 3729 1644 3769 sitis
1659 3730 1826 3770 eandem
1860 3730 2010 3781 ubique
2036 3729 2284 3770 servantibus
2308 3728 2560 3778 distantiam,
2580 3727 2777 3769 moenibus
2805 3726 2856 3768 lt-

1559 3793 1668 3843 gneis
1684 3795 1725 3834 et
1739 3794 1948 3844 perforatis
1958 3793 2243 3834 circumdatam
2255 3822 2266 3842 ,
2286 3792 2342 3832 ita
2367 3793 2412 3832 ut
2438 3803 2508 3843 per
2522 3792 2716 3832 foramina
2733 3791 2859 3843 sagit'-

1559 3859 1661 3898 tent.
1685 3859 1790 3898 Ante
1804 3867 1966 3897 murum
1981 3858 2102 3898 etiam
2119 3857 2264 3898 fossam
2283 3866 2368 3897 esse
2384 3856 2522 3897 tuteloe
2536 3855 2661 3907 gratia
2687 3856 2731 3896 et
2758 3855 2854 3897 reci·

1562 3921 1796 3972 piendorum
1814 3923 2167 3973 purgamentorum
2185 3931 2238 3962 ex
2260 3922 2360 3962 urbe
2379 3921 2639 3962 effluentium.
2659 3923 2853 3973 Gentem,
2876 3952 2883 3978 3

1558 3986 1600 4025 in
1613 3985 1727 4035 cujus
1753 3987 1860 4026 terra
1875 3985 1971 4026 urbs
1989 3987 2072 4036 est,
2101 3985 2254 4026 Prasios
2279 3985 2436 4036 vocari,
2465 3985 2569 4026 inter
2582 3995 2722 4026 omnes
2745 3995 2851 4036 prm·

1558 4049 1854 4090 stantissimam.
1890 4049 1987 4100 Ejus
2013 4059 2145 4103 regem
2181 4050 2327 4100 praeter
2353 4049 2556 4100 proprium
2581 4059 2728 4090 nomen
2742 4060 2816 4101 qu·
2834 4046 2881 4086 „f

1559 4123 1583 4152 a
1597 4114 1795 4154 natalibus
1811 4113 1930 4153 habet
1941 4143 1952 4163 ,
1969 4112 2020 4153 de
2031 4112 2193 4152 nomine
2211 4111 2322 4152 urbis
2345 4112 2617 4153 Palibothrum
2636 4114 2826 4164 appellari
2849 4118 2860 4132 '

1558 4177 1675 4218 sicuti
1690 4177 2014 4227 sandrocottum,
2039 4178 2089 4218 ad
2117 4188 2237 4228 quem
2264 4177 2408 4218 missus
2422 4179 2690 4230 Megasthenes
2708 4179 2798 4219 mit.
2846 4175 2878 4223 ’,

1611 4245 1711 4288 Quae
1730 4243 1840 4281 trans
1853 4241 2046 4291 Hypanim
2066 4242 2170 4291 regio
2181 4243 2266 4288 est,
2286 4252 2374 4281 eam
2391 4244 2582 4293 optimam
2598 4252 2681 4282 esse
2701 4241 2740 4281 in
2753 4248 2854 4281 con&

1559 4304 1660 4344 sesso
1681 4304 1859 4345 habetur.
1890 4308 2037 4345 Verum
2057 4304 2107 4344 de
2134 4304 2193 4345 his
2210 4305 2303 4344 nihil
2325 4308 2508 4346 accurate
2537 4309 2575 4347 ct
2596 4307 2704 4346 certo
2726 4305 2869 4345 tradi·'
2894 4343 2898 4362 ἶ
