3016 4628
467 309 1051 377 SYRACUSANORUM,
1084 318 1540 374 RHEGINORUM,
1577 317 1924 366 LOCRORUM
1961 319 2380 370 RESPUBLICAE.

23 485 26 492 ,
170 440 222 496 V,
250 436 292 494 8,
319 442 344 490 l.
375 451 384 480 ι
414 430 644 484 Παναίτιος
672 429 707 476 δ’
731 430 772 476 ἐν
798 425 1076 476 Λεοντίνοις..
1101 427 1149 473 ἐκ
1174 426 1381 487 δημαγω-

39 480 57 532 l
104 507 198 574 γίας
217 509 275 555 ad
296 505 585 568 tyrannidem
609 504 762 549 evasit.
787 500 805 563 ]

512 599 926 666 [ΚΑΤΑΝΑΙΩΝ.
951 596 969 659 ]

670 696 798 752 [226.
804 698 819 751 ]

171 794 395 856 [Aristot.
419 790 521 836 Pol.
542 791 620 843 IV,
647 803 702 848 9,
735 802 832 831 10.
860 784 1156 840 Charondas‚
1177 783 1385 828 similiter

56 923 59 926 ι
105 877 241 926 atque
256 866 401 912 Solon
423 871 468 907 et
488 861 815 920 Lycurgus,·71v
835 859 918 903 τῶν
946 854 1086 915 μέσων
1107 856 1305 901 πολιτῶν.

172 940 232 994 ΙΙ,
255 954 301 997 9,
329 934 397 979 5:
423 929 659 996 Χαρώνδας
687 932 708 976 ὁ
730 927 977 982 Καταναῖος
996 927 1083 980 τοῖς
1107 930 1237 973 αὑτου
1262 925 1399 973 πολί*’

63 997 70 1004 ’
102 1025 195 1060 ταις
225 1005 298 1052 καὶ
330 1011 423 1057 ταῖς
459 1003 745 1055 Χαλκιδικαῖς
773 999 924 1047 πόλεσι
949 1007 1044 1054 ταῖς
1073 998 1172 1064 περὶ
1197 997 1386 1046 Ἰταλίαν

103 1077 176 1125 καὶ
205 1075 404 1125 Σικελίαν
433 1074 527 1138 (sc.
554 1071 786 1136 νομοθέτης
817 1065 914 1135 ἠν).
943 1074 1016 1119 Ib.
1038 1075 1101 1118 ait
1134 1073 1385 1117 nonnullos

102 1164 288 1196 narrare
308 1148 602 1195 Charondam
624 1147 903 1206 discipulum
923 1147 1108 1190 Zaleuci
1133 1145 1284 1193 fuisse.

125 1276 128 1277 ⁷
169 1224 239 1277 ΙΙ,
266 1239 313 1283 9,
337 1221 364 1266 8
393 1237 404 1265 :
432 1217 667 1284 Χαρώνδου
700 1216 736 1263 δ’
766 1215 871 1264 ἴδιον
898 1214 974 1278 μὲν
1007 1214 1126 1263 οὐδέν
1160 1216 1251 1262 ἐστι
1275 1214 1388 1272 πλὴν

103 1294 149 1339 αἱ
178 1291 294 1340 δίκαι
329 1294 415 1338 τῶν
453 1291 832 1354 ψευδομαρτυριῶν
867 1289 1064 1354 (πρῶτος
1096 1286 1180 1352 γὰρ
1215 1286 1389 1345 ἐποίησε

19 1408 20 1411 ,
102 1362 180 1421 τὴν
203 1363 479 1428 ἐπίσκηψιν),
498 1365 552 1427 τῇ
578 1362 613 1408 δ’
636 1359 834 1426 ἀκριὸείᾳ
853 1363 938 1407 τῶν
955 1358 1098 1422 νόμων
1115 1358 1204 1406 ε’στὶ
1225 1360 1389 1424 γλαφυ-

105 1434 283 1500 ρώτερος
306 1436 380 1483 καὶ
413 1437 497 1482 τῶν
523 1439 595 1481 ν’ῦν
620 1435 875 1496 νομοθετῶν.
902 1435 1120 1479 Ceterum
1152 1434 1229 1476 hic
1260 1434 1391 1477 locus

102 1509 228 1553 haud
251 1509 394 1554 dubie
409 1509 591 1568 spurius
609 1517 690 1554 est.
710 1509 766 1551 V.
791 1507 1025 1566 Goettling.
1047 1506 1196 1551 Stahr.
1211 1505 1271 1549 ad
1284 1505 1331 1548 h.
1356 1505 1386 1550 l.

169 1576 217 1634 I,
243 1595 284 1634 1,
309 1579 337 1623 6
363 1595 373 1623 τ
398 1576 454 1625 Ἡ
473 1577 550 1636 μὲν
571 1569 643 1624 οῧν
669 1578 728 1630 εἷς
750 1583 896 1622 πᾶσαν
921 1574 1087 1640 ἡμέραν
1105 1576 1389 1631 συνεστηκυῖα

102 1647 303 1696 κοινωνία
343 1648 456 1695 κατὰ
489 1648 614 1714 φύσιν
646 1641 757 1702 οἶκός
791 1649 926 1709 ἔστιν,
949 1646 1018 1701 οὒς
1042 1646 1282 1711 Χαρώνδας
1313 1644 1390 1707 μὲν

101 1721 228 1767 καλεῖ
250 1719 521 1782 ὁμοσιπύους,
544 1719 825 1782 Ἐπιμενίδης
842 1718 887 1765 δὲ
903 1721 926 1765 ὃ
947 1718 1066 1784 Κρὴς
1086 1717 1369 1780 ὁμοκάπνους.

168 1795 364 1851 νΙ,,ιο,
391 1795 419 1838 6
455 1811 466 1838 :
492 1790 595 1840 ‘'Ei-t
617 1791 652 1838 δ’
685 1790 765 1838 ὅσα
796 1790 1050 1856 προφάσεως
1074 1790 1202 1856 χάριν
1233 1792 1275 1837 ἐν
1299 1797 1392 1843 ταῖς

101 1863 334 1918 πολιτείαις
351 1863 591 1930 σοφίζονται
604 1862 708 1928 πρὸς
726 1862 791 1910 τὸν
809 1863 945 1925 δῆμον
965 1862 1093 1910 πέντε
1108 1861 1180 1910 τὸν
1199 1861 1391 1926 ἀριθμὸν,

103 1935 200 2001 περὶ
236 1935 484 1995 ἐκκλησίαν,
519 1934 619 2001 περὶ
652 1934 733 1991 τὰς
774 1935 934 2000 ἀρχὰς,
969 1934 1069 2000 περὶ
1103 1933 1389 1999 δικαστήρια,

46 2027 53 2030 ·
104 2007 203 2072 περὶ
235 2006 420 2077 ὅπλισιν,
445 2007 545 2073 περὶ
577 2006 874 2071 γυμνασίαν...
910 2009 975 2055 Πε
959 2027 1023 2070 epi.
1057 2006 1112 2054 τὰ
1133 2006 1390 2072 δικαστηρια

107 2086 194 2132 τοῖς
223 2078 299 2141 μὲν
336 2080 532 2163 εὐπόροις
567 2085 674 2127 εἶναι
695 2078 906 2142 ζημίαν
886 2100 938 2127 αν
964 2078 1024 2141 μὴ
1054 2078 1287 2140 δικάζωσι,
1309 2086 1394 2132 τοῖς

95 2144 148 2190 ’δ’
166 2143 339 2234 ἀπόροις
369 2144 571 2204 ἄδειαν,
547 2165 576 2203 η
597 2151 683 2199 τοῖς
704 2143 781 2207 μὲν
803 2144 1013 2209 μεγάλην,
1033 2151 1118 2198 τοῖς
1139 2144 1182 2192 δὲ
1209 2163 1388 2208 μικραν,

102 2213 248 2281 ὥσπερ
267 2218 310 2263 ἐν
330 2219 416 2271 τοῖς
430 2214 665 2282 Χαρώνδου
687 2216 845 2279 νόμοις.
851 2218 872 2280 ]

526 2315 973 2379 [ΖΑΓΚΛΑΙΩΝ.]

666 2405 819 2469 [227.]

109 2559 112 2561 v
173 2497 333 2560 [Idem
351 2497 414 2542 ib.
432 2499 551 2558 V,2‚
581 2513 633 2542 11
664 2513 674 2541 ε
702 2497 941 2559 Ζαγκλαῖοι
962 2496 1006 2543 δὲ
1018 2495 1210 2558 Σαμίους
1233 2498 1390 2544 ὑποδε-

105 2566 494 2652 ξάμενοιέξέπεσον
511 2567 584 2614 καὶ
609 2567 746 2616 αὐτοί.
772 2572 826 2616 V.
847 2571 1080 2617 Herodot.
1105 2573 1185 2626 VI,
1215 2571 1294 2618 23.
1308 2571 1324 2632 ]

158 2707 357 2770 Panaetius
373 2706 476 2757 apud
501 2707 717 2746 Leontinos
738 2718 789 2746 ex
812 2707 1027 2758 demagogo
1045 2708 1241 2757 tyrannus
1264 2709 1393 2748 sactus

107 2771 179 2809 est.
183 2769 198 2821 ]

492 2866 1004 2932 [CATANAEORUM.]

681 2982 819 3036 [226.]

69 3090 77 3102 ³
160 3084 404 3136 [Charondae
423 3084 602 3125 similiter
621 3086 740 3136 atque
761 3086 881 3126 Solon
897 3088 937 3126 et
956 3087 1162 3137 Lycurgus
1179 3086 1228 3127 de
1242 3087 1395 3128 medio-

110 3148 239 3187 crium
260 3142 406 3188 civium
422 3155 536 3199 grege
552 3149 641 3188 fuit.

161 3212 392 3253 Charondas
420 3214 634 3252 Gatanaeus
649 3214 730 3254 suis
745 3213 900 3254 civibus
919 3215 958 3254 et
973 3215 1060 3256 aliis
1075 3215 1312 3257 Chalcidicis
1326 3224 1397 3268 per

57 3265 76 3310 .‘-
116 3275 272 3316 ltaliam
289 3277 330 3315 et
347 3275 520 3316 Siciliam
539 3276 766 3317 civitatibus
783 3277 915 3327 legum
931 3279 1033 3318 lator
1048 3280 1138 3320 fuit.

163 3340 382 3380 Charondae
406 3340 537 3391 legum
552 3341 650 3380 nihil
665 3343 870 3392 proprium
886 3346 970 3393 est,
987 3346 1256 3395 praeterquam
1276 3344 1397 3386 falso-

39 3434 54 3442 ..
88 3448 89 3452 Ἰ
116 3415 209 3443 rum
230 3403 548 3444 testimoniorum
569 3404 730 3454 judicia.
758 3406 916 3446 Primus
935 3407 1041 3446 enim
1059 3408 1144 3447 taisi
1173 3409 1395 3448 testimonii

62 3475 76 3491 *
114 3467 311 3507 actionem
337 3466 523 3508 instituit.
554 3467 782 3508 Subtilitate
813 3471 949 3509 autem
973 3473 1013 3509 et
1038 3470 1239 3521 diligentia
1262 3472 1394 3522 legum

57 3546 66 3557 «
84 3539 98 3574 -,·
115 3530 414 3571 scribendarum
435 3531 628 3572 latoribus
647 3533 780 3584 legum
798 3534 869 3585 iis,
884 3535 955 3585 qui
970 3535 1087 3575 hodie
1105 3537 1225 3586 sunt,
1252 3538 1398 3577 cultior

101 3606 168 3636 ·ac
178 3595 334 3647 politior
354 3596 443 3637 fuit.

84 3655 113 3721 ¹7
163 3659 334 3702 Societas
348 3661 493 3712 igitur
482 3672 524 3702 in
542 3673 680 3702 omnes
695 3663 788 3704 vitae
803 3663 885 3704 dies
905 3665 1118 3705 constituta
1132 3667 1286 3706 naturae
1301 3677 1399 3706 con-

113 3725 277 3766 veniens
291 3726 332 3766 et
355 3727 640 3776 consentanea,
657 3727 800 3767 domus
819 3730 900 3778 est,
924 3731 1039 3779 cujus
1053 3730 1253 3770 societatis
1274 3732 1398 3781 parti-

55 3791 72 3810 *
115 3787 219 3838 cipes
246 3789 480 3838 ὁμοσιπύους
509 3789 742 3830 cliarondas
769 3757 965 3842 appellat,
994 3791 1242 3842 Epimenides
1267 3794 1400 3832 autem

42 3856 43 3860 ’
115 3851 312 3891 cretensis
326 3851 582 3902 ὀμοκάπνους.

54 3967 58 3970 ι
101 3955 106 3959 ,
167 3907 354 3966 Quinque
369 3917 506 3956 autem
522 3927 585 3957 res
603 3927 772 3958 numero
787 3919 901 3968 sunt,
921 3929 1021 3968 quas
1036 3919 1076 3958 in
1089 3919 1313 3969 reipublicae
1327 3920 1398 3960 ad-

69 4026 73 4033 l
118 3977 468 4020 ministrationibus
493 3991 562 4031 per
589 3981 761 4031 speciem
794 3981 996 4031 quandam
1024 3981 1230 4022 honestam
1261 3984 1402 4023 callide

44 4060 97 4093 τ.
118 4041 342 4091 excogitant
374 4043 415 4082 in
440 4044 656 4093 populum,
687 4055 813 4094 eaque
830 4047 1040 4084 versantur
1062 4045 1103 4083 in
1127 4046 1337 4095 concione,
1363 4047 1402 4085 in

118 4104 433 4156 magistratibus,
455 4106 495 4145 in
521 4106 704 4157 judiciis,
728 4108 770 4146 in
788 4108 991 4147 armandis
1017 4107 1192 4158 civibus,
1224 4109 1265 4147 in
1285 4120 1401 4149 exer-

55 4179 65 4189 ’
80 4166 84 4174 ’
119 4169 266 4208 cendis.
275 4200 284 4208 .
292 4200 300 4210 .
308 4200 317 4209 .
331 4172 375 4209 In
389 4170 546 4219 iudiciis
557 4171 749 4210 mulctam
761 4182 844 4211 esse
853 4172 1111 4212 constitutam
1120 4173 1161 4211 in
1172 4172 1401 4223 locupletes,

58 4258 67 4267 «
120 4233 192 4272 nisi
202 4232 400 4282 judicandi
412 4244 577 4275 munere
592 4234 818 4285 fungantur,
835 4236 904 4275 aut
915 4234 956 4274 in
972 4235 1059 4275 illos
1070 4235 1230 4286 quidem
1243 4246 1402 4286 gravem

2654 332 2741 371 173

1923 438 2248 498 (ΡΗΓΙΝΩΝ.
2273 443 2284 500 )

2019 545 2192 607 [228.]

1530 652 1691 708 [Idem
1713 653 1780 698 ib.
1810 654 1868 709 V,
1903 669 1959 697 10
1976 687 1988 709 ‚
2018 658 2043 705 4
2071 669 2081 696 :
2109 651 2184 698 Ἐν
2219 650 2382 716 Ῥηγίῳ
2408 656 2463 706 εἷς
2486 654 2563 712 τὴν
2585 655 2744 712 Ἀναξι-

1463 721 1569 768 λάου
1591 723 1845 789 (τυραννίδα
1860 726 1888 780 ἡ
1906 722 2135 786 ὀλιγαρχία
2153 722 2364 785 μετέὸαλε
2381 726 2414 786 ).
2435 726 2451 786 ]

1530 798 1600 841 De
1635 797 2018 842 Androdamante
2042 797 2257 856 Rhegino
2283 797 2652 844 Chalcidensium
2701 804 2746 845 in

1464 869 1658 914 Thracia
1681 870 1941 930 legislatore
1963 885 2010 915 V.
2034 869 2090 914 fr.
2119 867 2225 927 159.

2030 958 2124 1004 228
2150 974 2190 1003 a.

1530 1053 1696 1114 Pollux
1727 1054 1784 1109 V,
1816 1052 1872 1110 73
1910 1069 1920 1096 :
1951 1049 2171 1104 Ἀναξίλας
2205 1051 2227 1095 ὃ
2259 1047 2477 1112 Ῥηγῖνος,
2507 1050 2633 1109 οὔσης
2667 1054 2751 1115 (ὡς

1466 1122 1761 1187 Ἀριστοτέλης
1779 1121 1921 1187 φησίν)
1946 1125 2022 1179 τῆς
2046 1120 2250 1173 Σικελίας
2272 1120 2376 1174 τέως
2401 1121 2552 1184 ἀγόνου
2586 1125 2749 1188 λαγῶν,
2837 1113 2853 1126 “

1465 1198 1487 1242 ὃ
1525 1193 1569 1241 δὲ
1595 1193 1837 1257 εἰσαγαγών
1859 1213 1906 1240 τε
1934 1193 2014 1240 καὶ.
2033 1192 2212 1258 θρέψας,
2234 1195 2340 1255 ὁμοῦ
2362 1192 2406 1239 δὲ
2428 1193 2501 1241 καὶ
2528 1194 2750 1258 Ὀλύμπια

1465 1265 1650 1324 νικήσας
1672 1266 1843 1330 ἀπήνῃ,
1863 1269 1923 1330 τῷ
1945 1264 2178 1327 νομίσματι
2202 1268 2286 1312 τῶν
2310 1264 2518 1328 Ῥηγίνων
2542 1267 2752 1315 ἐνετύπω-

1466 1357 1537 1385 σεν
1564 1337 1736 1396 ἀπήνην
1758 1337 1833 1385 καὶ
1857 1337 2019 1401 λαγών.

1963 1439 2246 1488 ΛΟΚΡΩΝ.

2057 1558 2170 1602 229.

1531 1635 1697 1694 Polyb.
1721 1636 1847 1691 XII,
1891 1635 1948 1691 8,
1975 1650 2001 1679 2
2039 1633 2199 1691 τΦησὶ
2223 1632 2304 1699 γὰρ
2344 1632 2557 1697 (Τίμαιος
2579 1637 2636 1684 fr.
2664 1639 2752 1698 70)

1468 1706 1596 1753 αυτὸν
1614 1706 1699 1771 (τὸν
1718 1669 2325 1771 Ἀριστοτέλη)εἰναιθρασυν,
2342 1726 2386 1754 ευ
2389 1727 2520 1772 χερη,
2545 1713 2754 1771 προπετῆ·

1467 1777 1571 1842 πρὸς
1589 1776 1634 1824 δὲ
1649 1777 1812 1831 τούτοις
1834 1778 2259 1840 κατατετολμηκέναι
2282 1782 2358 1836 τῆς
2380 1783 2465 1826 τῶν
2483 1783 2660 1844 Λοκρῶν
2678 1783 2757 1829 πό-

1467 1851 1588 1908 λεως,
1601 1849 1777 1897 εἰπόντα
1797 1850 1916 1907 τὴν
1893 1850 2093 1898 αποικίαν
2119 1853 2258 1898 αὐτῶν
2278 1856 2386 1898 εἶναι
2400 1852 2622 1917 δραπετῶν
2645 1856 2757 1902 οἰκε-

1468 1925 1566 1980 τῶν,
1591 1940 1770 1985 μοιχων,
1796 1924 2161 1988 ἀνδραποδιστῶν.

1533 1998 1718 2042 Falsum
1734 2012 1827 2041 esse
1847 1999 2144 2042 Aristotelem
2172 1999 2368 2042 Timaeus
2382 1999 2586 2057 probare
2605 2000 2758 2045 studet

1469 2078 1569 2112 tum
1589 2084 1647 2112 ex
1666 2070 1720 2112 iis
1748 2085 1849 2128 quae
1866 2070 2116 2114 Locrenses
2138 2070 2324 2115 Graeciae
2355 2072 2440 2130 ipsi
2466 2071 2751 2117 documenta

1470 2150 1798 2185 monstrassent
1825 2141 1838 2204 (
1859 2143 2026 2201 Polyb.
2049 2143 2161 2198 XII,
2186 2158 2233 2202 9,
2263 2142 2288 2186 3
2310 2158 2378 2201 sq.
2407 2143 2515 2189 add.
2538 2159 2636 2203 cap.
2657 2145 2702 2200 5,
2731 2164 2754 2203 7

1471 2229 1529 2258 ex
1548 2215 1771 2259 Athenaeo
1792 2211 1823 2277 )‚
1846 2224 1947 2259 tum
1965 2231 2021 2259 ex
2041 2216 2095 2258 iis
2112 2230 2214 2274 quae
2231 2218 2484 2259 Locrenses
2503 2218 2646 2260 Italiae
2669 2219 2757 2277 ipsi

1472 2295 1733 2330 narrassent
1763 2285 1776 2346 (
1794 2302 1841 2346 9,
1881 2285 1926 2333 5.
1963 2302 2037 2343 10,
2066 2302 2089 2343 7
2124 2285 2159 2348 ).
2214 2286 2391 2344 Quibus
2423 2288 2511 2330 alia
2547 2289 2757 2346 quaedam

1473 2355 1727 2414 adduntur,
1755 2358 1882 2402 unde
1904 2368 2124 2418 appareat
2141 2392 2153 2414 ,
2184 2373 2325 2418 quam
2347 2359 2446 2401 veri
2468 2358 2685 2404 absimilis
2703 2363 2760 2405 sit

1475 2429 1736 2474 Aristotelis
1777 2433 2004 2475 sententia
2030 2430 2100 2490 (e.
2126 2430 2154 2474 6
2176 2429 2210 2490 ).
2251 2432 2312 2475 At
2339 2431 2436 2474 haec
2466 2431 2637 2476 nullius
2666 2448 2759 2478 esse

1473 2493 1701 2546 momenti
1720 2536 1732 2558 ,
1759 2504 1809 2546 in
1827 2505 2018 2562 reliquis
2038 2513 2192 2547 autem
2211 2502 2355 2547 fidem
2386 2513 2431 2547 et
2451 2504 2758 2550 sinceritatem

1475 2574 1631 2616 Timaei
1648 2583 1905 2632 suspectam
1922 2589 2014 2618 esse
2035 2574 2237 2618 ostendit
2262 2575 2486 2633 Polybius
2509 2575 2556 2617 ll.
2578 2575 2648 2631 11.,
2676 2581 2758 2635 qui

1469 2710 1661 2754 mulctam
1678 2721 1762 2750 esse
1779 2711 2060 2761 constitutam,
2083 2712 2124 2750 in
2151 2712 2222 2751 lios
2248 2711 2399 2760 levem,
2423 2711 2758 2762 quemadmodum

1472 2776 1512 2815 in
1531 2776 1751 2817 Charondae
1763 2775 1948 2828 legibus]

1868 2862 2366 2925 [ZANCLAEORUM.]

2042 2967 2183 3020 [227]

1526 3047 1725 3098 [zanclaei
1740 3077 1751 3097 ‚
1767 3059 1894 3098 quum
1916 3049 2071 3089 Samios
2086 3049 2127 3088 in
2145 3049 2347 3089 civitatem
2366 3061 2479 3090 suam
2503 3051 2759 3102 recepissent,

1472 3112 1545 3164 ipsi
1560 3113 1611 3153 ab
1624 3113 1680 3153 eis
1696 3113 1791 3153 victi
1807 3116 1847 3154 et
1863 3115 2017 3164 expulsi
2039 3116 2145 3158 sunt.
2160 3114 2175 3165 ]

1869 3210 2364 3274 meretricem]

2047 3311 2185 3368 [228.1

1523 3402 1687 3455 [Rhegii
1705 3402 1745 3444 in
1765 3405 1944 3445 Anaxilai
1963 3405 2214 3455 tyrannidem
2230 3406 2381 3446 mutata
2397 3407 2455 3445 cst
2469 3405 2710 3455 eligarchia.]

2042 3503 2128 3543 228
2148 3511 2188 3544 a.

1529 3593 1663 3637 Quum
1682 3586 1836 3640 Sicilia,
1861 3591 2070 3632 Aristotele
2089 3593 2190 3632 teste
2205 3594 2336 3641 ,·ante
2354 3592 2587 3632 Anaxilaum
2610 3591 2761 3641 lepores

1474 3665 1555 3694 non
1571 3654 1843 3706 produxisset,
1866 3656 1930 3695 iiic
1948 3657 2138 3696 invehens
2153 3657 2431 3707 nutriensque,
2449 3656 2567 3696 simul
2585 3655 2703 3694 rheda
2719 3655 2758 3693 in

1475 3717 1656 3768 Olympia
1672 3719 1858 3770 vincens,
1880 3721 2148 3771 Rheginorum
2174 3723 2346 3761 monetae
2370 3720 2532 3760 rhedam
2556 3718 2759 3768 insculpsit

1475 3784 1515 3822 et
1530 3783 1718 3833 leporem.

1934 3865 2310 3914 LOCRORUM.

2061 3972 2161 4012 229.

1528 4050 1593 4090 Ait
1603 4051 1776 4091 Timaeus
1791 4053 2039 4092 Aristotelem
2048 4053 2238 4092 audacem
2253 4062 2299 4090 ac
2312 4052 2437 4090 levem
2454 4050 2492 4088 et
2508 4047 2758 4087 temerarium

1479 4112 1597 4153 fuisse
1617 4125 1663 4152 ac
1685 4115 1736 4154 de
1764 4116 1925 4154 civitate
1943 4118 2159 4155 Locrorum
2181 4114 2359 4164 gnaviter
2381 4111 2591 4155 mentitum
2604 4141 2615 4159 ,
2632 4122 2758 4160 quum

1477 4176 1673 4215 coloniam
1691 4187 1829 4216 eorum
1848 4188 1870 4216 e
1890 4177 2062 4228 fugitivis
2077 4177 2302 4226 mancipiis,
2319 4173 2483 4214 moechis
2502 4183 2548 4212 ac
2567 4172 2760 4223 plagiariis

1479 4239 1687 4279 collectam
1706 4251 1790 4281 esse
1805 4240 1918 4280 dixit.
