3016 4628
248 289 335 329 120

232 385 388 450 ἀγορὰν
404 383 508 431 ὤνια
532 385 782 437 διοικοῦντες
807 382 1067 449 ἄρχοντες...
1090 380 1386 448 Ἀριστοτέλης
1406 382 1441 428 δ’
1465 381 1507 427 ἐν

230 456 460 515 Ἀθηναίων
476 455 670 521 πολιτείᾳ
685 454 949 519 κληροῦσθαί
965 473 1069 521 φησι
1087 455 1117 502 ε’
1142 454 1220 516 μὲν
1241 456 1297 507 εἷς
1313 456 1512 517 Πειραιᾶ,

230 529 262 576 ε’
289 529 333 576 δὲ
358 530 415 582 εἰς
442 528 567 576 ἄστυ.
590 532 645 575 In
669 529 914 575 Blancardi
942 529 1148 574 editione
1170 543 1417 588 perperam
1438 528 1506 570 le-

231 604 355 662 gitur
388 618 399 646 :
433 598 480 647 ιε’
508 598 553 647 δὲ
578 601 636 654 εἰς
661 599 795 659 ἄστυ,
815 617 916 661 quae
948 602 1087 645 lectio
1111 615 1263 659 neque
1295 601 1345 642 in
1365 597 1507 642 codd.

229 675 426 719 Bekkeri
461 675 708 729 invenitur,
738 688 889 732 neque
923 672 1110 716 aliunde
1141 687 1186 715 se
1207 668 1514 715 commendat.

229 747 284 793 V.
311 745 500 790 Boeckh.
524 745 574 791 C.
598 747 744 789 Inscr.
773 746 818 799 1,
840 760 889 804 p.
920 743 1007 800 337
1034 746 1087 790 B.
1132 742 1202 786 Cf.
1230 741 1373 786 schol.
1409 739 1513 783 Ari·

230 818 384 877 stoph.
403 819 489 862 Av.
514 816 623 874 723,
637 817 934 875 Theophrast.
952 815 1250 874 ap.Photium
1271 811 1514 856 etSuidam

231 905 277 933 v.
302 886 426 935 Κατὰ
449 887 525 943 τὴν
540 885 714 951 ἀγοράν,
738 890 992 933 Hermann.
1024 885 1129 944 150,
1148 901 1194 944 9,
1216 883 1508 928 Schoemann.

231 974 281 1019 p.
309 959 420 1011 246.

832 1062 912 1108 lili·

297 1185 638 1244 Harpocration
660 1196 670 1229 :
689 1178 883 1243 Σιτοφύ
898 1181 995 1225 λακ
1009 1196 1027 1223 ε
1042 1191 1075 1231 ς·
1100 1174 1211 1240 ἀρχή
1230 1195 1304 1228 τις
1323 1169 1372 1232 ἦν
1392 1172 1514 1230 Ἀθή-

232 1273 352 1312 νησιν
373 1254 464 1311 ἥτις
485 1251 764 1314 ἐπεμελειτο“’
740 1270 851 1304 οπως
872 1253 893 1296 ὁ
915 1257 1026 1303 σῖτος
1054 1249 1226 1300 δικαίως
1243 1246 1414 1311 πραθησ
1421 1264 1513 1292 εται

232 1324 306 1372 καὶ
320 1324 371 1372 τὰ
389 1328 548 1414 ἄὶνφιτα
565 1324 637 1371 καὶ
651 1326 688 1371 οἱ
705 1323 840 1388 ἄρτοι.
863 1325 1002 1369 Ησαν
1019 1319 1061 1367 δ
1045 1339 1145 1367 τον
1164 1317 1339 1384 ἀριθμὸν
1356 1317 1422 1375 ιε’,
1444 1315 1510 1379 [ι’]

233 1397 310 1458 μὲν
348 1392 422 1443 ἐν
424 1397 571 1455 ἄστει,
603 1396 635 1443 ε’
661 1397 697 1443 δ’
723 1397 764 1442 ἐν
804 1394 1023 1458 Πειραιει,
1055 1396 1111 1446 ὡς
1150 1389 1439 1455 Ἀριστοτέλης
1469 1390 1512 1435 ἐν

232 1467 462 1526 Ἀθηναίων
486 1467 695 1516 πολιτεία.

298 1538 367 1606 [ι’]
392 1543 571 1587 addidit
599 1518 813 1586 Valesius.
866 1539 1006 1599 Apud
1039 1538 1255 1582 Photium
1281 1544 1512 1595 postrema

232 1616 508 1658 exhibentm
535 1616 593 1657 ita
624 1630 633 1657 :
664 1615 771 1668 ἦσαν
793 1609 835 1655 δὲ
860 1609 928 1655 τὸν
954 1607 1128 1672 ἀριθμὸν
1148 1607 1284 1652 πάλαι
1312 1626 1365 1668 με
1367 1626 1388 1651 ν
1420 1606 1469 1652 ιε’
1489 1643 1502 1668 ⁷

234 1683 300 1750 [ι’]
337 1687 379 1731 ἐν
406 1684 541 1741 ἄστει,
580 1684 611 1729 ε’
635 1682 720 1729 δὲέ
703 1702 742 1728 εν
771 1684 987 1744 Πειραιεῖ,
1019 1678 1189 1743 ύστερον
1215 1676 1259 1725 δὲ
1282 1678 1321 1724 λ’
1347 1677 1424 1740 μὲν
1466 1680 1509 1725 ἐν

232 1756 367 1813 ἄστει,
389 1755 421 1802 ε’
439 1757 481 1802 δὲ
504 1759 544 1802 ἐν
567 1755 775 1817 Πειραιεῖ,
802 1754 857 1806 ὡς
881 1752 971 1816 Ἀρ.
1001 1753 1042 1797 ἐν
1068 1750 1154 1798 Ἀθ.
1186 1751 1285 1798 πολ.
1308 1752 1377 1800 Cf.
1403 1754 1510 1797 Pol—

231 1831 323 1874 lue.
359 1832 443 1883 Vl,
477 1830 533 1873 36
569 1838 613 1872 et
647 1827 785 1872 Bekk.
823 1826 998 1872 Anecd.
1021 1827 1070 1880 Ι,
1096 1841 1145 1884 p.
1183 1825 1292 1871 300.
1319 1825 1510 1872 Boeekh.

233 1904 415 1947 OEeon.
451 1902 613 1945 Athen.
641 1902 687 1955 Ι,
709 1915 787 1958 91,
815 1901 1066 1943 Hermann.
1098 1895 1201 1953 150,
1234 1913 1304 1942 11.

829 2010 905 2064 45.

294 2124 420 2167 Idem
452 2139 461 2166 ε
496 2119 846 2184 Μετρονόμοι.
868 2119 1001 2184 Ἀρχή
1022 2138 1084 2173 τις
1107 2119 1332 2178 Ἀθήνησίν
1374 2123 1488 2168 ἔστιν

228 2197 253 2250 ἡ
293 2196 376 2238 τῶν
402 2192 687 2255 μετρονόμων,
722 2194 777 2244 ὡς
812 2192 886 2238 Δε’
851 2210 1039 2254 ειναρχος
1075 2193 1116 2237 ἐν
1147 2212 1209 2257 τῳ
1235 2191 1348 2239 κατὰ
1380 2193 1509 2240 Καλ-

228 2264 344 2312 λισθέ
327 2284 451 2318 -νους,
494 2268 633 2312 Ἦσαν
663 2265 706 2310 δὲ
727 2263 797 2311 τὸν
831 2263 1007 2328 ἀριθμὸν
1030 2263 1095 2322 ιε’,
1124 2266 1181 2317 εἷς
1202 2264 1254 2326 μὲ
1237 2285 1278 2311 ν
1311 2284 1382 2312 τον
1403 2268 1509 2314 Πει-

229 2344 327 2399 ραιᾶ
361 2337 406 2398 ι’,
438 2337 470 2383 ε’
498 2336 533 2383 δ’
559 2339 616 2389 εἷς
641 2336 771 2394 ἄστυ,
808 2341 923 2400 εἶχον
954 2335 1103 2394 δὲτὴν
1128 2339 1254 2398 ἐπιμε
1238 2337 1422 2384 έυλειαν
1397 2357 1510 2392 οπως

226 2407 368 2454 δίκαια
406 2407 470 2465 εἴη
502 2407 553 2454 τὰ
582 2427 635 2468 με
617 2408 716 2472 ’τρα
750 2411 832 2455 τῶν
877 2407 1161 2467 πωλούντων,
1185 2413 1241 2463 ὡς
1276 2410 1350 2456 καὶ
1393 2410 1510 2475 Ἀρι-

226 2480 424 2538 στοτέλης
448 2483 488 2527 ἐν
512 2481 743 2539 Ἀθηναίων
766 2481 960 2545 πολιτείᾳ
986 2482 1124 2539 δηλοῖ.
1471 2535 1479 2540 ,

293 2553 339 2598 ιε’
360 2552 434 2615 μὲν
452 2555 507 2606 εἷς
529 2555 729 2616 Πειραιᾶ,
746 2553 782 2600 θ’
806 2553 945 2617 (ἐννέα
959 2590 970 2612 ,
991 2556 1122 2615 quod
1137 2565 1299 2600 natum
1313 2572 1367 2601 ex
1387 2553 1510 2617 ε’).δὲ

228 2628 282 2677 εἷς
303 2626 405 2671 ἄστυ
430 2627 532 2673 cod.
552 2629 608 2672 D.
627 2630 766 2676 Paris.
787 2630 856 2672 Ita
873 2629 1006 2672 etiam
1026 2628 1188 2672 Suidas
1207 2644 1243 2672 s.
1268 2629 1318 2675 h.
1341 2643 1410 2685 V„
1427 2629 1510 2673 ubi

228 2709 377 2743 tamen
400 2715 518 2743 unus
540 2697 658 2745 liber
691 2717 779 2759 Ρ10
804 2699 840 2745 θ’
867 2699 1056 2745 habet'
1031 2718 1075 2748 ι.
1144 2701 1337 2745 Photius
1359 2717 1394 2746 s.
1419 2717 1461 2747 v,
1494 2716 1505 2748 :

227 2761 336 2825 ἦσαν
358 2767 399 2813 δὲ
433 2769 502 2814 τὸν
534 2768 707 2832 ἀριθμον
733 2769 960 2816 δεκαπέντε
993 2769 1069 2831 μὲν
1093 2773 1151 2824 εἷς
1165 2773 1426 2859 Πειραιᾶ,
1443 2772 1510 2817 ἐν·

227 2858 267 2884 νε
259 2839 298 2885 ἀ
335 2839 376 2885 δὲ
410 2842 465 2892 εἷς
500 2840 623 2898 ἄστυ,
662 2852 705 2885 et
747 2844 886 2887 altem
910 2844 1055 2903 glossa
1102 2861 1112 2887 :
1157 2841 1360 2906 ἄρχοντες
1398 2846 1508 2900 ἠσαν

229 2909 332 2956 δέκα
357 2930 426 2956 τον
452 2913 642 2975 ἀριθμὸν,
669 2916 725 2958 ὡν
751 2912 873 2959 πέντε
900 2912 975 2974 μὲν
999 2915 1040 2959 ἐν
1069 2913 1212 2972 ἄστει,
1246 2913 1372 2961 πέντε
1391 2912 1436 2963 δὲ
1465 2934 1508 2961 εν

230 2984 437 3045 Πειραιεῖ.
465 2987 564 3029 Hoc
589 2988 724 3029 etiam
749 2988 795 3029 in
818 2989 930 3034 Lex.
959 2986 1062 3048 Seg.
1090 3005 1164 3048 ap.
1188 2989 1333 3033 Bekk.
1358 2989 1506 3034 Aned.

228 3073 275 3115 p.
321 3058 438 3114 278,
456 3056 531 3103 25.
564 3085 626 3091 -
654 3060 861 3103 Ceterum
889 3060 1089 3104 dubitari
1119 3062 1197 3105 vix
1223 3071 1377 3121 potest
1403 3077 1509 3120 cum

228 3130 464 3183 Boeekhio‚
489 3132 664 3174 OEeon.
685 3132 780 3174 Civ.
814 3131 918 3177 Ath.
951 3134 996 3187 Ι,
1022 3148 1070 3191 p.
1106 3131 1183 3189 52,
1208 3133 1508 3177 scribendum

228 3216 321 3245 esse
345 3217 417 3259 ap.
446 3204 714 3261 llarpoerat.
738 3204 793 3254 εἰς
825 3201 900 3261 μὲν
924 3201 994 3248 τὸν
1013 3205 1196 3268 Πειραιᾶ
1218 3203 1342 3250 πέντε
1358 3238 1369 3260 ,
1395 3203 1497 3250 δέκα

229 3270 265 3317 δ’
285 3273 342 3323 εἷς
360 3270 483 3317 ἄστυ.
508 3275 574 3320 Cf.
599 3277 845 3337 Hermann.
868 3277 898 3321 1.
928 3277 957 3320 1.
994 3275 1098 3333 152,
1125 3294 1199 3324 12.

818 3417 893 3456 43.

285 3480 543 3528 Agoranomi,
574 3479 823 3529 magistratus
842 3483 909 3531 qui
933 3484 1052 3522 resin
1085 3485 1169 3524 foro
1193 3486 1350 3525 venales
1376 3484 1503 3524 admi-

229 3541 409 3580 nistrant.
437 3542 663 3581 Aristoteles
679 3543 716 3581 in
734 3546 826 3593 Rep.
847 3545 1137 3586 Atheniensium
1161 3550 1266 3588 sorte
1288 3548 1376 3599 eligi
1393 3547 1503 3598 dicit,

229 3605 403 3655 quinque
422 3606 461 3644 in
479 3606 669 3645 Piraeeum
683 3636 693 3654 ,
712 3608 749 3644 et
769 3606 942 3656 quinque
955 3609 991 3647 in
1006 3610 1157 3650 urbem.

827 3676 897 3715 44.

277 3738 569 3789 Sitophylaces,
591 3740 842 3789 magistratus
856 3743 939 3780 erat
962 3744 1146 3794 Athenis,
1164 3746 1233 3795 qui
1269 3745 1437 3785 curabat
1460 3748 1506 3786 ut

228 3804 493 3851 frumentum,
532 3803 665 3841 farinae
695 3806 733 3842 et
764 3814 882 3853 panes
915 3806 1022 3854 justo
1057 3808 1181 3856 pretio
1211 3809 1479 3848 venderentur
1490 3823 1502 3860 3

226 3878 444 3918 eorumque
470 3867 696 3918 quindecim
728 3871 864 3917 erant,
893 3870 1028 3910 decem
1050 3872 1087 3910 in
1116 3874 1234 3922 urbe,
1259 3875 1436 3933 quinque
1464 3876 1505 3914 in

229 3933 396 3983 Pii-mec,
415 3933 471 3972 uti
490 3933 712 3973 Aristoteles
729 3934 766 3972 in
789 3936 868 3984 [1ορ
906 3937 1044 3976 Athen.
1067 3942 1213 3979 monet.

829 4004 900 4043 45.

279 4068 535 4116 Meu-onom,
556 4068 805 4118 magistratus
823 4070 996 4119 Anneius,
1012 4072 1078 4120 qui
1097 4074 1288 4113 mensuris
1314 4076 1502 4124 prarfecti,

228 4131 328 4168 teste
360 4131 559 4169 ninam-ho
584 4131 622 4169 in
649 4132 827 4170 oratioue
860 4132 1046 4171 adversus
1066 4135 1356 4177 Callisthenem.
1387 4141 1506 4178 Erant

228 4196 359 4238 autem
376 4195 620 4248 quindecim,
639 4196 774 4235 decenn
802 4198 1018 4247 (quinque
1040 4200 1051 4245 )
1074 4199 1111 4237 iu
1133 4200 1303 4249 viram-0,
1331 4203 1505 4254 quinque

1159 273 1568 324 ,15151010115
1605 249 2027 322 FRAGMENTA.
2057 342 2065 346 ἱ

1654 466 2035 525 Harpocration:
2072 460 2362 523 Ἀστυνόμο
2375 480 2413 515 ς.
2449 461 2728 525 Δημοσθένης
2764 445 2879 517 πατὰ

1588 534 1885 598 Τιμοκράτους
1910 534 1968 595 (ξ
1997 550 2105 590 112,
2138 550 2187 593 p.
2223 533 2340 591 735,
2372 535 2483 597 10).
2509 533 2629 582 Δέκα
2659 535 2790 602 φησὶν
2815 530 2876 585 εἶ·
2940 552 2946 557 ’

1587 605 1761 658 ναιτοὺς
1777 605 2041 665 ἀστυνόμους
2060 603 2395 668 Ἀριστοτέλης’
2376 624 2420 652 εν
2432 609 2485 669 τῇ
2505 605 2737 664 Ἀθηναίων
2753 611 2880 658 πολι·

1588 678 1708 741 τεία,
1729 677 1762 722 ε’
1783 676 1859 738 μὲν
1877 678 1919 723 ἐν
1937 677 2155 740 Πειραιεῖ,
2175 674 2208 721 ε’
2229 676 2264 722 δ’
2287 676 2330 722 ἐν
2353 674 2489 725 ἄστει.
2513 678 2694 734 Ἰούτοις
2711 679 2758 727 δέ
2774 699 2880 747 φησι
2943 679 2947 682 ’

1593 749 1734 811 μέλειν
1756 746 1853 811 περί
1887 766 1934 794 τε
1954 749 2038 793 τῶν
2070 746 2338 811 αὐλητρίδων
2360 747 2436 795 και
2458 751 2679 815 ψαλτριῶν
2702 770 2778 798 και
2790 755 2882 800 τῶν
2899 746 2913 760 ⁰

1588 818 1861 883 κοπρολόγων
1885 837 1959 865 και
1974 836 2058 864 των
2078 817 2297 866 τοιούτων.
2318 821 2388 881 Cf.
2405 824 2597 867 Aristot.
2618 825 2757 871 Polit.
2777 825 2875 882 VI,

1592 899 1636 949 4,
1660 893 1714 949 6,
1736 892 1926 939 Boeckh.
1954 893 2002 937 C.
2026 894 2063 936 Ι.
2088 893 2140 948 Ι,
2165 907 2217 952 p.
2224 878 2366 955 337·
2356 928 2369 950 ,
2391 893 2639 944 Schubart.
2663 898 2734 946 De
2748 896 2874 946 sedit.

1589 981 1637 1024 p.
1659 927 1744 1019 88,
1767 964 2020 1009 Hermann.
2050 962 2158 1020 150,
2185 980 2236 1021 7,
2260 965 2554 1014 Schoemann.
2575 983 2626 1028 p.
2654 967 2771 1022 246.

2197 1061 2290 1118 472

1656 1148 1792 1193 Phot.
1819 1148 1933 1193 Lex.
1962 1161 1972 1190 :
2001 1143 2174 1198 Πεζὰς
2195 1143 2448 1210 μόσχους·
2469 1145 2563 1194 ἀντὶ
2581 1150 2657 1195 τοῦ
2687 1141 2883 1214 ἑταίρας·

1589 1215 1784 1281 ἐλέγοντο
1803 1215 2013 1282 γάρ’τινες
2028 1214 2162 1270 οὕτως
2173 1252 2186 1276 ,
2206 1220 2262 1270 ὡς
2278 1216 2576 1281 Ἀριστοτέλης
2597 1219 2647 1267 ἓν
2664 1219 2885 1287 πολιτείᾳ·

1587 1290 1664 1343 τὰς
1678 1288 1810 1353 χωρὶς
1830 1287 2039 1352 ὀργάνων.
2065 1287 2288 1355 Κάνθαρος
2301 1290 2567 1356 Συμμαχίᾳ·
2586 1313 2606 1336 ιι
2629 1290 2878 1359 Αὖλητρίδα

1588 1362 1720 1418 πεζήν
1752 1380 1793 1404 »·
1820 1361 1895 1408 καὶ
1926 1360 2116 1414 Εὔπολις
2151 1360 2329 1416 Κόλαξι.
2356 1365 2460 1409 Η110
2480 1366 2685 1425 pertinet
2709 1368 2884 1426 quaein

1587 1435 1886 1495 sequentibus
1906 1451 1956 1494 p.
1987 1433 2095 1491 405,
2119 1443 2139 1480 1'
2163 1436 2317 1480 alieno
2340 1436 2447 1480 loco
2462 1451 2496 1482 s.
2513 1452 2558 1481 v.
2581 1434 2700 1493 Πεζή
2721 1439 2882 1500 legun·
2938 1471 2947 1476 -

1588 1517 1665 1552 tur
1691 1524 1702 1552 :
1725 1505 1817 1558 Τὰς
1843 1505 2016 1569 ἑταίρας
2040 1503 2118 1560 τὰς
2152 1504 2212 1568 μὴ
2243 1506 2478 1567 μουσικὰς,
2507 1508 2603 1555 ἀλλ’
2630 1507 2730 1556 ἄνευ
2750 1509 2882 1575 ὀργά-

1588 1584 1671 1626 νων
1697 1578 1771 1626 καὶ
1794 1577 1947 1644 ψιλὰς,
1977 1577 2108 1633 πεζὰς
2131 1580 2352 1626 καλοῦσιν.
2372 1581 2442 1627 Cf.
2474 1583 2673 1642 Hesych.
2703 1599 2715 1628 t
2741 1580 2884 1638 Πεζὰς

1590 1650 1800 1715 μόσχους·
1846 1650 1980 1705 οὕτως
2018 1651 2200 1699 ἐκάλουν
2240 1651 2316 1706 τὰς
2358 1651 2673 1718 μισθαρνούσας
2713 1653 2885 1721 ἑταίρας

1587 1743 1729 1789 χωρις
1746 1723 1949 1789 ὀργάνου.
1980 1725 2133 1785 Etym.
2165 1724 2227 1770 Μ.
2256 1743 2305 1787 p.
2340 1725 2460 1783 658,
2485 1727 2587 1773 36·
2609 1726 2748 1782 Πεζαὶ
2766 1728 2882 1775 ἑταῖ-

1590 1816 1660 1861 ραι
1685 1797 1729 1843 αἱ
1752 1816 1887 1862 χωρις
1912 1798 1960 1861 ὀρ
1963 1796 2105 1860 γάνων
2139 1799 2198 1851 εἷς
2221 1796 2275 1844 τὰ
2297 1797 2519 1860 συμπόσια
2547 1801 2771 1864 φοιτῶσαι.
2792 1803 2877 1849 Cf.

1586 1872 1731 1916 schol.
1753 1873 1866 1916 Eur.
1889 1871 1990 1917 Alc.
2014 1871 2125 1925 460.

2161 1956 2220 2009 ί17
2257 1967 2300 1999 a·

1653 2046 1804 2105 Etym.
1821 2045 1888 2090 M.
1910 2041 2189 2109 Ἱεροποιοί
2206 2042 2341 2105 (0011.
2364 2047 2478 2090 Lex.
2499 2045 2638 2093 Rhet.
2665 2047 2715 2090 in
2729 2047 2879 2094 Bekk.

1586 2119 1676 2165 An.
1704 2134 1756 2178 p.
1793 2115 1887 2162 265
1922 2126 1971 2162 et
1997 2118 2192 2162 Photius
2214 2133 2251 2161 s.
2287 2133 2336 2160 v.
2360 2114 2405 2179 )‚
2431 2116 2647 2180 κληρωτοὶ
2677 2116 2882 2182 ἄρχοντες

1587 2187 1669 2235 εἰσὶ
1710 2187 1815 2234 δέκα
1839 2186 1912 2234 τὸν
1937 2188 2134 2252 ἀριθμὸν,
2166 2185 2207 2233 οἳ
2228 2186 2284 2233 τά
2317 2206 2363 2233 τε
2401 2187 2686 2249 μαντεύματα
2720 2192 2880 2254 ἱεροθε-

1586 2265 1706 2308 τοῧσι
1729 2261 2033 2324 (ἱεροθυτοῦσι,
2052 2264 2165 2308 Lex.
2185 2262 2326 2308 Rhet.
2351 2271 2395 2306 et
2409 2264 2544 2308 Phot.
2558 2260 2588 2323 ),
2607 2260 2688 2308 κᾶν
2708 2281 2749 2308 τι
2770 2264 2878 2325 καλ,-

1570 2336 1782 2398 ·λιερησαι
1828 2331 1936 2396 δέῃ,
1979 2333 2253 2396 καλλιερουσι
2300 2331 2408 2394 μετὰ
2446 2352 2531 2382 των
2563 2332 2777 2394 μάντεων,
2802 2353 2878 2382 και

1587 2406 1735 2460 θυσίας
1753 2405 1829 2460 τὰς
1853 2425 1976 2468 νομι
1955 2407 2058 2468 ομε
2048 2404 2135 2459 ’νας
2159 2406 2400 2452 ἐπιτελουσι
2417 2404 2490 2452 καὶ
2512 2404 2589 2460 τὰς
2611 2408 2884 2474 πενταετηρί-

1588 2479 1711 2533 δαςε
1689 2478 1885 2537 απάσας,
1911 2476 2024 2535 πλὴν
2052 2477 2901 2543 Παναθηναίων.’1αυταἈριστοτέλης’

1585 2554 1748 2617 ἱστορεῖ
1768 2553 1812 2598 ἐν
1833 2554 1887 2615 τῇ
1906 2550 2139 2609 Ἀθηναίων
2164 2551 2386 2614 πολιτείᾳ.μ
2407 2553 2592 2597 Deinde
2626 2554 2767 2600 citato
2784 2556 2880 2600 De-

1583 2627 1827 2671 mosthene
1843 2642 1892 2686 p.
1914 2631 1992 2683 47,
2018 2624 2072 2669 13
2086 2658 2100 2683 ,
2125 2625 2288 2670 addit:
2313 2622 2392 2680 Μὴ
2415 2624 2642 2687 ιῖιγνοῶμιενὓ
2652 2623 2697 2671 δὲ
2715 2622 2782 2672 δ’τι
2805 2625 2879 2673 καὶ

1587 2697 1710 2744 ἄλλοι
1730 2696 1836 2743 εἰσὶν
1856 2696 2062 2760 ἱεροποιοὶ
2083 2699 2166 2742 τῶν
2186 2699 2354 2757 σεμνῶν
2375 2698 2480 2742 θεῶν
2494 2694 2565 2743 τὸν
2580 2695 2758 2761 ἀριθμὸν
2774 2698 2880 2747 δέκα

1586 2768 1653 2836 (οἱ
1677 2768 1748 2816 τὸν
1775 2768 1951 2833 ἀριθμόν
1980 2771 2084 2815 εἰσιν
2106 2767 2296 2832 ἀόριστοι
2320 2771 2454 2814 Phot.
2471 2769 2504 2830 ).
2525 2770 2677 2830 quue
2706 2764 2879 2817 confir:

1585 2853 1680 2888 mat
1718 2844 1857 2888 citato
1885 2843 2199 2887 Dem‘osthene
2231 2858 2282 2901 p.
2312 2840 2432 2898 552,
2474 2842 2504 2886 6
2549 2851 2596 2886 et
2622 2844 2876 2891 Dinarcho.

1585 2916 1653 2962 Cf.
1667 2917 1841 2963 Pollux
1859 2917 1992 2971 VIII,
2029 2931 2113 2972 107
2142 2931 2153 2958 t
2177 2913 2293 2960 Δέκα
2318 2912 2434 2966 ὅντες
2459 2912 2472 2977 (
2493 2930 2552 2960 50.
2579 2915 2618 2960 ot
2640 2915 2873 2978 ἱεροποιοὶ)

1584 2981 1701 3034 οὗτοι
1733 2985 1852 3033 ἔθυον
1877 2985 2025 3043 θυσίας
2051 2985 2126 3039 τὰς
2151 2984 2508 3049 πενταετηρίδας,
2535 2984 2615 3042 τὴν
2626 2987 2684 3039 εἷς
2714 2988 2874 3044 Δῆλον,

1585 3057 1662 3115 τὴν
1682 3059 1724 3103 ἐν
1743 3060 1988 3122 Βραυρῶνι,
2001 3054 2077 3114 τὴν
2095 3059 2178 3103 τῶν
2197 3056 2492 3121 Ἡρακλειδῶν
2511 3055 2585 3120 (Ἤ
2595 3057 2875 3121 ρακλείο1νΡ),

1582 3128 1660 3188 τὴν
1678 3128 1971 3178 Ἐλευσίναδε.
1997 3131 2516 3176 Hermann.Staatsalt.
2550 3130 2641 3175 150
2657 3163 2669 3186 ,
2693 3146 2736 3188 1,
2766 3133 2879 3177 Got-

1585 3203 1923 3248 tesdienstliclze
1953 3202 2156 3247 Alter-th.»
2197 3218 2248 3247 11
2267 3236 2279 3258 ‚
2320 3217 2391 3248 10.
2429 3202 2517 3259 62,
2550 3218 2601 3247 11
2632 3212 2679 3247 et
2707 3206 2782 3251 13.
2806 3205 2878 3250 De

1584 3274 1818 3322 Διονυσίων
1843 3275 2116 3335 ἐπιμελητῶν
2140 3291 2185 3321 V.
2203 3275 2259 3320 fr.
2281 3290 2338 3332 27
2362 3276 2412 3319 b.

1582 3415 1596 3463 (
1617 3382 1788 3462 decem.)
1807 3413 1849 3451 in
1878 3411 2005 3462 urhe;
2029 3411 2304 3462 curabantque
2319 3415 2366 3452 ut
2391 3422 2591 3452 mensurae
2619 3384 2876 3452 vendentium
2918 3460 2920 3462 Ι

1577 3475 1697 3527 justae
1713 3477 1859 3527 essent,
1873 3475 1979 3527 quod
1992 3476 2222 3516 Aristoteles
2233 3485 2395 3527 quoque
2410 3475 2452 3517 in
2463 3476 2561 3526 Rep.
2577 3475 2721 3517 Athen.
2738 3474 2874 3517 docet·

1630 3614 1778 3652 Decem
1801 3621 1886 3652 esse
1910 3612 2141 3661 astynomus
2161 3544 2402 3670 Aiiistotelae
2408 3609 2533 3650 dicit·
2523 3621 2563 3649 111
2583 3609 2731 3650 Athen.
2754 3611 2853 3661 Rep.
2843 3639 2874 3660 .,
2912 3588 2922 3662 J

1580 3677 1757 3728 quinque
1778 3677 1819 3717 in
1839 3679 2026 3727 Pyrenaeo,
2057 3675 2236 3726 quinque
2256 3675 2297 3714 in
2325 3649 2450 3725 11180,
2479 3685 2590 3714 curm
2603 3674 2653 3715 iis
2667 3682 2752 3715 esse
2774 3674 2875 3719 dicit
2920 3700 2923 3701 ν

1579 3741 1783 3792 tibicinas,
1804 3739 1988 3791 psaltrias
2001 3770 2013 3790 ,
2032 3738 2308 3789 stercorilegos
2325 3739 2365 3778 et
2389 3738 2534 3778 horum
2555 3738 2718 3785 similes.
2867 3752 2870 3753 ⁷

2181 3805 2256 3846 4⁷.

1637 3875 1760 3921 Πεζὰς
1777 3875 1948 3925 μόσχους
1964 3874 2193 3914 meretrices
2211 3872 2404 3924 quasdam
2435 3872 2709 3924 appellabant,
2726 3873 2772 3913 ut
2786 3853 2878 3919 A‘ri-‚

1581 3939 1796 3979 stotelesin
1816 3937 2017 3987 (Athen.)
2046 3940 2142 3988 Rep.
2173 3936 2295 3985 dicit,
2324 3947 2390 3975 eas
2411 3936 2584 3986 scilieet,
2605 3947 2706 3988 quae⁴
2722 3936 2877 3987 absque
2910 3947 2918 3974 ,τ

1527 3993 1529 3996 ’
1582 4004 1741 4043 musicis
1759 4000 2035 4042 instrumentis
2044 4002 2173 4040 artem
2184 4009 2298 4040 suam
2318 3999 2431 4051 quasi
2447 3999 2596 4039 nudam
2613 3992 2870 4041 exercebant.
2911 3995 2914 3998 ’

2161 4069 2216 4109 47
2246 4077 2285 4108 a.

1633 4137 1832 4187 sacrifici,
1868 4136 2122 4187 magistratus
2148 4137 2255 4174 sorte
2292 4135 2384 4174 lecti
2409 4134 2547 4174 decem
2583 4145 2774 4185 numero,
2801 4134 2915 4186 quis,

1584 4202 1863 4243 vaticiniorum
1888 4203 2007 4240 eausa
2033 4210 2143 4241 sacra
2162 4198 2404 4248 instituunt,
2421 4200 2462 4241 et
2488 4200 2520 4238 si
2539 4198 2651 4243 litare
2664 4196 2872 4255 oport-ean
2911 4225 2914 4227 -
