3016 4628
254 310 343 351 ³12

250 405 575 471 ἀφρονεστάτας.
596 406 832 468 Τοιγαροῦν
846 395 972 449 αὗται
986 400 1079 464 μὲν,
1104 402 1151 448 ἐκ
1166 402 1250 447 τῶν
1273 401 1369 447 λίαν
1384 402 1531 462 μαλα-

252 483 337 526 κῶν
354 477 434 524 ὑπὸ
454 481 529 534 τῆς
549 476 681 541 τύχης
700 474 1085 538 μεταὸιὸασθεῒσαι
1101 510 1114 535 ,
1127 474 1323 536 σκληρῶς
1345 470 1531 518 ἐὸίωσαν

250 551 320 598 ἐπὶ
343 550 505 614 γήρως,
531 551 575 596 αἱ
600 548 644 596 δὲ
670 551 754 595 τῶν
777 547 879 611 παρ’
902 551 1006 608 ἡμῖν
1039 549 1175 592 ταῦτα
1203 542 1500 604 διαδεξάμεναι
1517 577 1530 601 ,

251 626 509 670 ἐκπεσοῦσαι
529 625 604 679 τῆς
624 619 837 678 ἐξουσίας,
863 623 1052 683 κατῆραν
1072 620 1130 670 εἷς
1150 614 1434 672 Μακεδονίαν,
1459 611 1532 660 καὶ

249 695 325 749 τὰς
346 697 429 740 τῶν
458 696 543 741 ἐκεῖ
578 692 725 759 κυρίας
748 711 794 738 τε
827 692 901 738 καὶ
928 688 1148 754 βασιλίδας
1170 688 1214 734 ὃν
1248 686 1402 750 τρόπον
1438 687 1531 738 ταῖς

250 766 437 829 ὁμιλίαις
450 764 655 823 διέθεσαν,
666 763 759 811 οὐδὲ
779 763 917 828 λέγειν
931 759 1197 818 καλὸν,πλὴν
1211 757 1274 805 ὅτι
1298 757 1533 831 μαγευόμε-

248 838 403 885 ναικαὶ
423 835 708 899 μαγεύουσαι,
738 834 990 898 ταυροπόλοι
1008 832 1081 879 καὶ
1104 830 1260 896 τρίοδοί
1277 848 1384 882 τινες
1405 832 1531 875 αὗται

250 909 357 973 πρὸς
395 908 596 966 ἀλήθειαν
636 906 847 969 ἐγένοντο,
879 904 1054 967 πλήρεις
1084 903 1253 949 πάντων
1285 902 1529 962 ἀποκαθαρ-

255 982 421 1043 μάτων.
437 979 666 1028 Τοσούτων
685 978 792 1025 ἔοικε
809 976 882 1024 καὶ
904 975 1102 1022 τοιούτων
1119 977 1145 1030 ἡ
1164 972 1364 1020 κολακεία
1385 974 1529 1018 κακῶν

252 1053 369 1100 αἰτία
389 1052 584 1115 γενέσθαι
614 1055 699 1104 τοῖς
724 1049 790 1097 διὰ
811 1054 884 1096 τοῦ
909 1049 1213 1095 κολακεύεσθαι
1237 1042 1528 1109 προσδεξαμέ-

251 1142 335 1178 νοις
356 1123 503 1182 αὗτήν.
530 1145 548 1165 ι

318 1195 545 1260 Προελθὼν
586 1196 630 1241 δὲ
667 1193 795 1241 πάλιν
829 1195 851 1238 ὁ
886 1190 1108 1254 Κλέαρχος
1142 1188 1216 1236 καὶ
1246 1187 1348 1235 τάδε
1387 1186 1527 1252 φησίν·

252 1293 270 1308 ι
295 1268 408 1317 Ἀλλ’
433 1268 514 1326 ἤδη
539 1266 612 1314 καὶ
649 1270 700 1328 τῇ
737 1265 892 1312 τούτων
916 1264 1040 1328 χρεία
1077 1261 1285 1327 μέμψαιτ’
1312 1260 1364 1307 ἄν
1394 1279 1456 1313 τις
1481 1259 1530 1305 τὸ

252 1339 488 1404 μειράκιον,
516 1338 659 1402 ὥσπερ
694 1330 824 1384 εἷπον.
869 1338 926 1384 Οἱ
958 1334 1034 1398 μὲν
1069 1333 1152 1399 γὰρ
1189 1334 1336 1386 παῖδες
1378 1329 1527 1395 μικρὸν

251 1412 418 1459 ἄπωθεν
456 1415 529 1468 τῆς
569 1411 712 1467 κλίνης
761 1411 803 1456 ἐν
851 1408 1115 1472 χιτωνίσκοις
1162 1405 1347 1453 ἔστασαν
1364 1419 1374 1430 ·
1400 1405 1527 1468 τριῶν

253 1486 290 1531 δ’
321 1484 451 1531 ὄντων
477 1485 658 1546 ἀνδρῶν,
678 1482 731 1528 δι’
755 1480 824 1535 οὓς
847 1480 897 1538 δὴ
918 1485 989 1526 νῦν
1010 1483 1032 1526 ὁ
1051 1486 1134 1533 πᾶς
1161 1478 1283 1541 λόγος
1306 1475 1527 1534 ἐνέστηκε,

253 1555 325 1602 καὶ
349 1556 508 1602 τούτων
533 1555 662 1602 ὄντων
686 1552 919 1615 ἐπωνύμων
948 1554 1050 1617 παρ’
1077 1552 1196 1613 ἡμῖν,
1229 1553 1251 1596 ὃ
1281 1548 1357 1611 μὲν
1379 1542 1435 1602 εἷς
1460 1547 1530 1594 ἐπὶ

248 1630 323 1683 τῆς
355 1626 496 1683 κλίνης
530 1626 631 1692 πρὸς
667 1627 806 1672 ποδῶν
832 1627 1042 1682 καθῆστο,
1067 1622 1162 1676 τοὺς
1199 1627 1270 1668 τοῦ
1307 1619 1529 1685 μειρακίου

248 1698 381 1751 πόδας
398 1700 468 1761 ἐπὶ
486 1705 569 1751 τοῖς
589 1700 716 1744 αὑτοῦ
733 1696 880 1760 γόνασι
896 1698 1039 1760 λεπτῷ
1053 1695 1187 1761 λῃδίῳ
1208 1693 1528 1759 συνημφιακώς.

247 1769 309 1818 Ὃ
345 1770 387 1817 δὲ
422 1769 579 1831 ἐποίει,
613 1770 747 1827 δήπου
787 1769 859 1816 καὶ
899 1768 958 1831 μὴ
1001 1767 1192 1832 λέγοντος
1237 1769 1312 1813 οὐκ
1355 1766 1527 1823 ἄδηλον.

251 1844 459 1890 Καλεῖται
483 1844 519 1889 δ’
544 1837 661 1895 οὗτος
682 1841 760 1888 ὑπὸ
784 1844 865 1888 τῶν
892 1840 1108 1905 ἐγχωρίων
1131 1838 1437 1902 Παράὸυστος,
1459 1837 1528 1885 διὰ

250 1914 297 1960 τὸ
320 1914 392 1960 καὶ
418 1917 500 1961 τῶν
523 1913 582 1975 μὴ
607 1912 967 1978 παραδεχομένων
991 1911 1105 1974 ὅμως
1127 1911 1419 1975 τεχνικώτατα
1450 1929 1528 1958 κο-

251 1984 441 2031 λακεύων
475 1984 791 2049 παρεμπίπτειν
823 1987 862 2038 ἐς
894 1984 967 2037 τὰς
1001 1982 1183 2045 ὁμιλίας.
1209 1980 1379 2047 ςἈτερος
1403 1984 1439 2029 δ’
1477 1976 1529 2041 ἦν

253 2055 323 2101 ἐπί
342 2074 451 2108 τινος
478 2056 625 2121 δίφρου
652 2055 846 2117 κειμένου
869 2055 971 2120 παρ’
994 2053 1123 2112 αὐτὴν
1160 2054 1238 2113 τὴν
1273 2054 1436 2115 κλίνην,
1455 2055 1529 2102 καὶ

251 2132 324 2173 τοῦ
362 2128 580 2175 νεανίσκου
614 2126 692 2185 τὴν
728 2134 852 2191 χεῖρα
891 2126 1143 2192 παρεικότος
1181 2126 1527 2192 ἐκκρεμάμενος,

246 2196 380 2261 ταύτῃ
424 2199 494 2244 καὶ
524 2198 869 2262 προσπεπτωκὼς
898 2196 1116 2263 κατέψηχέ
1139 2217 1184 2244 τε
1218 2198 1291 2245 καὶ
1319 2202 1402 2246 τῶν
1446 2201 1522 2246 δα-

245 2268 406 2316 κτύλων
442 2270 618 2318 ἕκαστον
650 2272 691 2317 ἐν
723 2270 841 2335 μέρει
873 2269 1202 2332 διαλαμὸάνων,
1228 2263 1343 2318 εἷλκέ
1374 2291 1420 2318 τε
1454 2271 1529 2318 καὶ

246 2339 441 2394 ἐξέτεινεν
456 2360 466 2370 ·
483 2340 592 2388 ὥστε
609 2341 679 2388 τὸν
699 2346 865 2406 πρῶτον
884 2342 1010 2389 αὐτὸν
1028 2343 1356 2405 ἐπονομάσαντα
1367 2343 1530 2392 Σικύαν

244 2480 284 2516 et
312 2479 563 2518 ascenderent
596 2482 636 2519 et
661 2480 955 2521 descenderent.
979 2485 1036 2521 Eo
1062 2482 1255 2532 luxuriae,
1283 2494 1333 2522 ne
1356 2483 1525 2523 miseriae

245 2542 370 2581 dicam
383 2573 393 2592 ,
417 2555 486 2583 sua
501 2547 584 2584 arte
599 2545 847 2585 stultissimas
862 2547 950 2585 illas
969 2547 1186 2586 adduxere.
1206 2550 1344 2598 Itaque
1370 2549 1456 2598 hae,
1477 2560 1524 2588 ex

249 2607 473 2647 mollissima
490 2610 569 2648 vita
586 2621 656 2659 per
672 2612 870 2650 fortunam
890 2612 1076 2662 dejectae,
1098 2613 1240 2652 duram
1264 2614 1304 2652 in
1326 2616 1528 2654 senectute

247 2674 369 2712 vitam
387 2675 572 2715 vixerunt
589 2692 599 2716 ⁰.
618 2677 696 2716 illae
713 2689 804 2717 vero
819 2709 830 2728 ,
851 2689 944 2727 quae
960 2678 1010 2717 ab
1027 2679 1088 2719 his
1103 2680 1247 2719 nostris
1273 2680 1346 2719 ista
1366 2691 1528 2730 accepe-

250 2739 358 2786 rant,
382 2741 586 2790 postquam
608 2743 799 2791 potestate
827 2743 1078 2792 exciderunt,
1094 2744 1134 2783 in
1163 2745 1435 2784 Macedoniam
1461 2745 1526 2785 de-

250 2800 339 2839 lata:
354 2803 466 2851 sunt,
483 2803 550 2842 ubi
573 2816 699 2843 rerum
726 2805 901 2846 dominas
929 2808 1156 2858 reginasque
1182 2809 1322 2859 quales
1346 2821 1417 2849 sua
1436 2820 1527 2850 con·

250 2864 456 2904 suetudine
499 2867 754 2916 reddiderint,
789 2880 839 2909 ne
867 2871 998 2921 eloqui
1025 2871 1185 2921 quidem
1219 2873 1431 2912 honestum
1453 2875 1525 2914 est.

251 2927 380 2968 Verbo
400 2929 527 2969 dicam
541 2960 552 2978 ,
579 2934 746 2982 magicas
761 2936 864 2974 artes
883 2938 922 2974 et
940 2937 977 2974 in
997 2947 1038 2976 se
1056 2938 1151 2976 etin
1174 2938 1260 2977 aliis
1275 2941 1526 2990 exercentes,

251 2994 463 3043 tauropoloe
481 3004 527 3032 ac
542 3005 631 3034 vere
645 2996 807 3035 dixerim
827 2998 954 3038 triviae
976 3001 1159 3050 quaedam
1173 3001 1288 3041 factae
1309 3004 1402 3042 sunt
1420 3003 1528 3042 omni

251 3068 387 3103 genere
404 3058 739 3099 immunditiarum
761 3063 896 3111 plenae.
920 3066 1076 3104 Talium
1104 3068 1388 3119 tantorumque
1406 3069 1528 3109 malo-

254 3132 340 3159 rum
361 3131 479 3160 causa
498 3122 671 3163 adulatio
687 3124 747 3164 liis
766 3128 823 3165 est
835 3157 845 3176 ,
862 3128 929 3178 qui
942 3128 1025 3178 ejus
1041 3130 1234 3171 lenocinio
1250 3131 1419 3173 demulsi
1440 3143 1528 3173 eam

252 3186 478 3226 admittunt.
511 3204 529 3222 ι»

307 3252 350 3289 ln
370 3261 567 3300 progressu
588 3265 680 3293 vero
698 3258 885 3296 sermonis
909 3270 1041 3298 rursus
1058 3260 1142 3300 haec
1162 3261 1258 3302 dicit
1278 3264 1491 3304 Clearchus
1509 3280 1519 3304 z

257 3328 276 3346 ιι
298 3315 387 3352 ,lam
408 3325 500 3353 vero
516 3315 567 3354 ob
583 3316 744 3357 istarum
775 3330 905 3359 rerum
929 3332 1041 3361 usum
1068 3326 1210 3365 merito
1235 3326 1377 3377 aliquis
1398 3339 1526 3378 repre·

257 3375 433 3416 henderit
449 3378 558 3417 illum
570 3410 580 3428 ‚
598 3391 714 3429 quem
734 3382 829 3432 dixi,
847 3384 1194 3428 adolescentulum.
1220 3391 1337 3430 Pueri
1357 3392 1463 3431 enim
1476 3403 1535 3432 ex·

261 3439 415 3479 modico
435 3442 636 3481 intervallo
652 3445 700 3484 ab
721 3446 862 3486 lectulo
878 3449 1030 3490 stabant
1046 3453 1188 3493 tunicis
1203 3455 1347 3495 vestiti.
1394 3459 1529 3503 Quum

258 3514 352 3542 vero
373 3506 451 3543 tres
472 3505 550 3544 sint
572 3507 667 3555 viri,
695 3520 863 3558 quorum
884 3523 998 3552 causa
1017 3526 1121 3554 nunc
1151 3517 1332 3558 instituta
1362 3523 1421 3560 est
1447 3522 1530 3561 tota

259 3566 343 3605 liaec
357 3566 590 3616 disputatio,
607 3580 777 3619 quorum
809 3576 926 3613 etiam
944 3577 1086 3627 cuique
1102 3581 1205 3629 apud
1230 3593 1300 3622 nos
1327 3585 1529 3634 proprium

257 3643 280 3670 a
298 3643 339 3670 re
360 3633 440 3682 ipsa
456 3644 673 3681 cognomen
691 3638 749 3675 est
775 3654 783 3676 ι
806 3650 940 3679 eorum
960 3653 1060 3681 unus
1080 3644 1224 3685 lectulo
1245 3659 1268 3686 a
1288 3648 1454 3698 pedibus
1473 3661 1530 3690 as-

257 3694 431 3744 sidebat,
466 3697 534 3745 qui
570 3698 685 3747 pedes
719 3700 995 3743 adolescentuli
1027 3706 1107 3745 suis
1136 3710 1296 3757 genibus
1329 3712 1532 3763 impositos

257 3760 363 3798 tenui
387 3762 491 3799 veste
521 3763 775 3812 coniugatum
803 3766 870 3815 qui
896 3768 987 3816 quid
1010 3781 1124 3820 porro
1145 3774 1300 3825 fecerit,
1330 3778 1447 3817 etiam
1468 3790 1532 3819 me

257 3833 335 3861 non
351 3823 503 3863 dicente
521 3825 624 3863 haud
646 3827 860 3867 obscurum
881 3833 953 3869 est.
972 3834 1143 3873 Vocatur
1159 3839 1292 3877 autem
1320 3840 1383 3879 liic
1402 3842 1452 3880 ab
1469 3842 1529 3881 in-

256 3884 404 3934 digenis
425 3887 660 3937 l’arabystus
693 3890 743 3938 (i.
766 3901 801 3929 e.
835 3892 1052 3945 intrusus),
1075 3898 1166 3947 quia
1198 3901 1235 3938 in
1257 3913 1393 3942 eorum
1413 3905 1531 3945 etiam

257 3949 604 4001 wusueludinem,
632 3954 699 4002 qul
728 3964 804 3992 non
822 3959 958 4004 sponte
978 3970 1066 3997 eum
1088 3961 1277 4011 recipiunt
1292 3995 1302 4013 ,
1323 3967 1533 4008 artificiosa

258 4022 327 4049 sua
356 4012 582 4053 acliilalione
609 4025 693 4054 sese
714 4016 864 4065 ingerit.
887 4020 993 4060 Alter
1014 4021 1051 4060 in
1070 4023 1163 4062 sella
1184 4027 1356 4075 quadam
1373 4031 1533 4071 sedebat

256 4075 367 4121 Juxta
386 4075 509 4125 ipsum
534 4077 724 4119 lectulum
749 4081 872 4130 posita
889 4112 900 4132 ,
918 4085 956 4122 et
982 4083 1032 4122 ab
1049 4086 1294 4129 adolescente
1312 4095 1419 4132 totus
1436 4106 1532 4144 pen-

258 4137 374 4186 dens,
392 4150 514 4190 quum
540 4153 700 4183 manum
721 4144 786 4185 ille
817 4145 998 4194 languide
1017 4150 1261 4202 deinittoret,
1282 4157 1421 4204 cupide
1448 4170 1533 4198 eam

260 4201 499 4247 prehendens
518 4204 787 4256 ‹lc-unulcebat,
811 4210 850 4248 et
881 4209 1021 4259 digitos
1048 4213 1218 4262 singulos
1244 4217 1413 4258 vicissim
1445 4233 1532 4270 pre-

261 4264 398 4303 hensos
417 4268 590 4309 trahebat
608 4274 644 4311 et
664 4273 921 4325 extendebat,
948 4278 987 4315 ul
1009 4280 1097 4327 apte
1119 4282 1369 4334 appositeque
1391 4285 1532 4328 dixisse

1265 293 1577 342 CLEARCHl
1612 290 1900 342 SOLENSIS

1596 3900 1742 3940 cubito
1762 3900 1945 3950 propellit
1961 3898 2060 3939 alios
2075 3898 2354 3948 dimovetque,
2372 3894 2492 3936 modo
2511 3893 2682 3935 involvit
2695 3903 2738 3934 se
2758 3886 2913 3944 pann''

1606 398 1816 462 εὐστόχως
1835 395 2050 460 εἰρηκέναι
2071 395 2223 442 δοκεῖν.
2249 392 2306 442 ‘0
2325 391 2487 457 τρίτος,
2509 395 2532 440 ὁ
2547 391 2647 458 Θὴρ
2669 395 2692 440 ὁ
2711 392 2896 456 γενναιό·
2935 370 2960 429 Ψ

1605 490 1750 528 τατος,
1777 469 1910 534 ὅσπερ
1931 463 1983 527 ἦν
2006 472 2082 526 τῆς
2105 466 2339 532 ὑπηρεσίας
2355 465 2734 530 πρωταγωνιστὴς,
2750 484 2894 532 προσι-
2947 517 2959 531 ὓ,

1606 542 1797 602 εστηκὼς
1825 543 1941 607 αὐτῷ
1973 540 2085 588 κατὰ
2116 537 2329 604 κεφαλὴν,
2359 538 2532 602 μετεῖχε
2559 541 2646 585 τῶν
2685 538 2896 604 βυσσίνων

1605 612 1978 679 προσκεφαλαίων,
1998 609 2333 674 ἀποκεκλιμένος
2355 611 2415 664 εἷς
2437 608 2549 657 αὐτὰ
2565 610 2678 659 πάνυ
2701 612 2910 677 φιλικιίἷ.ἰ<.·.Υ
2936 619 2959 654 ί(

1607 686 1696 733 Καὶ
1733 691 1787 750 τῇ
1824 684 1899 747 μὲν
1925 687 2130 750 ἀριστερᾷ
2162 682 2211 730 τὸ
2245 686 2318 729 τοῦ
2355 682 2578 748 μειρακίου
2607 684 2911 748 τριχωμάτιον,
2940 702 2963 747 g

1606 760 1866 819 ἐπικοσμῶν,
1890 760 1944 819 τῇ
1970 754 2086 821 δεξιᾷ
2113 754 2157 802 δὲ
2181 753 2419 804 Φωκαϊκὸν
2438 754 2590 819 ψῦγμά
2613 775 2655 802 τι
2681 757 2909 816 διακινῶν,’

1605 833 1661 883 ὡς
1684 831 1850 894 αἰωρῶν
1873 829 1976 886 ἡδὺς
1994 821 2062 886 ἦν,
2085 827 2182 874 ἀλλ’
2206 829 2284 875 οὐκ
2307 827 2554 877 ἀποσοὸῶν.
2584 827 2665 877 Διό
2685 847 2760 891 μοι
2783 830 2900 877 δοκεῖ
3007 827 3009 829 ’

1606 901 1657 948 ἂν
1683 903 1799 963 αὐτῷ
1825 901 1990 963 δαίμων
2013 919 2077 953 τις
2105 898 2338 964 ἐλευθέριος
2368 899 2609 963 νεμεσήσας
2644 903 2807 967 ἐφεῖναι
2836 904 2900 968 τῷ
3006 920 3010 951 ζ

1606 973 1815 1039 μειρακίῳ
1840 975 1985 1035 μυῖαν,
2011 975 2088 1020 οὐκ
2107 972 2244 1031 ἄλλην
2263 971 2292 1030 ἢ
2311 972 2470 1033 κείνην,
2499 967 2550 1032 ἧς
2569 970 2643 1021 καὶ
2671 971 2748 1033 τὴν
2773 974 2909 1033 Ἀθηωι
2942 971 2969 1027 ⁴..
3008 994 3010 996 ’

1604 1055 1679 1095 νᾶν
1713 1065 1841 1112 φησιν
1875 1044 2075 1110 ’Όμηρος
2110 1047 2264 1091 ἐνεῖναι
2299 1049 2360 1111 τῷ
2393 1046 2604 1109 Μενελάῳ
2632 1045 2682 1094 τὸ
2718 1045 2899 1112 θάρσος,
3007 1048 3010 1050 ’

1605 1121 1736 1173 οὕτως
1756 1113 1808 1177 ἧν
1831 1117 2051 1182 ἐρρωμένη
2076 1117 2150 1164 καὶ
2175 1116 2334 1182 ἄφοδος
2353 1117 2435 1182 ,τὴν
2460 1118 2623 1184 ψυχήν.
2657 1118 2919 1184 ΔηχθὲντοςἼ
2944 1148 2969 1185 ³³,

1605 1192 1647 1240 δὲ
1668 1197 1740 1239 τοῦ
1766 1190 1987 1255 μειρακίου
2007 1192 2258 1250 τηλικοῦτον
2284 1191 2518 1256 ἀνέκραγεν
2544 1191 2764 1258 ἅνθρωπος
2789 1190 2900 1258 ὑπὲρ

1604 1265 1787 1323 ἐκείνου,
1812 1264 1886 1311 καὶ
1919 1263 2051 1318 οὕτως
2083 1264 2402 1327 ἠγανάκτησεν,
2422 1263 2536 1311 ὥστε
2570 1262 2640 1311 διὰ
2679 1262 2759 1322 τὴν
2792 1262 2915 1330 πρὸς,
2959 1270 2965 1311 ’ἲ
3006 1295 3009 1300 -

1605 1337 1708 1401 μίαν
1737 1336 1894 1401 ἔχθραν
1919 1335 2093 1389 ἁπάσας
2117 1337 2166 1383 ἐκ
2190 1339 2267 1395 τ’ῆς
2291 1335 2426 1390 οἰκίας
2449 1336 2648 1395 ἤλαυνεν.
2669 1334 2804 1386 Ὅθεν
2824 1334 2900 1384 καὶ

1604 1409 1780 1475 φανερὸς
1799 1410 1965 1473 ἐγένετο
1985 1407 2090 1474 πρὸς
2109 1408 2248 1474 τούτῳ
2270 1410 2464 1475 τεταχὼς
2483 1408 2648 1460 ἑαυτόν.
2675 1400 2699 1452 ’ν

2210 1518 2290 1563 26.

1668 1615 1917 1659 Athenaeus
1933 1615 2014 1670 VI,
2026 1630 2076 1674 p.
2095 1612 2258 1671 258,A
2278 1629 2290 1661 t
2313 1611 2397 1671 Εἴη
2420 1605 2491 1660 οῧν
2505 1604 2556 1660 ἂν
2569 1614 2591 1659 ὅ
2608 1615 2683 1660 τοῦ
2698 1630 2900 1678 προειρη·

1605 1685 1733 1748 με’νου
1749 1684 1970 1750 μειρακίου
1986 1684 2117 1740 κόλαξ
2135 1684 2466 1747 μαλακοκόλαξ,
2478 1684 2535 1740 ὥς
2546 1703 2675 1751 φησιν
2688 1687 2711 1732 ὃ
2730 1685 2901 1751 Κλέαρ-

1603 1777 1693 1822 χος.
1719 1759 1836 1820 Πρὸς
1867 1756 1952 1823 γὰρ
1976 1759 2038 1823 τῷ
2071 1757 2252 1823 τοιούτῳ
2275 1757 2523 1822 κολακεύειν
2561 1757 2636 1806 καὶ
2672 1757 2722 1806 τὸ
2745 1757 2908 1825 σχῆμα

1604 1834 1688 1878 τῶν
1716 1830 2069 1894 κολακευομένων
2101 1833 2416 1879 ἐπακολουθοῦν
2441 1829 2790 1890 ἀποπλάττεται,
2809 1850 2900 1879 πα-

1607 1904 1878 1969 ραγκωνίζων
1901 1903 1976 1952 καὶ
1998 1908 2261 1970 σπαργανῶν
2284 1904 2437 1959 ἑαυτὸν
2465 1911 2553 1958 τοῖς
2579 1902 2901 1971 τριὸωναρίοις·

1604 1977 1697 2025 ὅθεν
1717 1979 1844 2025 αὐτὸν
1866 1981 1903 2026 οἱ
1923 1977 2000 2040 μὲν
2022 1977 2402 2045 παραγκωνιστὴν,
2416 1980 2455 2026 οἱ
2473 1976 2518 2025 δὲ
2538 1976 2900 2043 σχηματοθήκην,

1603 2051 1804 2098 καλοῦσι.
1844 2050 1958 2098 Κατ’
1982 2050 2186 2109 ἀλήθειαν
2213 2050 2297 2116 γὰρ
2322 2053 2344 2097 ὁ
2369 2050 2502 2106 κόλαξ
2536 2050 2672 2098 ἔοικεν
2701 2041 2811 2099 εἶναι
2836 2051 2902 2116 τῷ

1605 2124 1782 2187 Πρωτεῖ
1810 2127 1833 2170 ὃ
1865 2122 2004 2178 αὐτός.
2035 2123 2237 2187 Γίγνεται
2262 2127 2363 2184 γοῦν
2390 2121 2665 2176 παντοδαπός
2694 2124 2743 2170 οὗ
2770 2120 2909 2184 μόνον’

1603 2195 1717 2243 κατὰ
1742 2195 1820 2253 τὴν
1851 2195 2034 2262 μορφὴν,
2064 2195 2178 2244 ἀλλὰ
2205 2196 2280 2244 καὶ
2312 2195 2427 2243 κατὰ
2452 2194 2548 2250 τοὺς
2575 2193 2749 2258 λόγους·
2786 2193 2902 2242 οὕτω
2932 2218 2948 2243 2

1603 2268 1912 2334 ποικιλόφωνός
1934 2288 1996 2324 τις
2020 2268 2148 2317 ἐστίν.
2834 2302 2851 2319 x

1601 2484 1787 2524 videatur
1803 2485 1836 2525 is
1854 2485 1924 2536 qui
1948 2485 2102 2535 primus
2130 2484 2288 2534 Sicyam
2318 2484 2370 2534 (i.
2395 2495 2432 2524 e.
2454 2483 2773 2535 cucurbitulam)
2793 2483 2902 2524 hunc
2937 2514 2949 2523 .,

1602 2548 1828 2599 appellavit.
1847 2549 2005 2589 'l‘ertius
2019 2560 2136 2597 vero,
2154 2548 2445 2598 nobilissimus,
2468 2548 2574 2588 Ther
2598 2546 2902 2598 coffiominatus
2940 2539 2963 2586 ”.

1601 2613 1643 2663 (ἰ.
1661 2624 1699 2653 e.
1713 2613 1810 2664 fera,
1827 2613 1911 2653 sive
1924 2611 2027 2664 leo),
2043 2613 2114 2664 qui
2128 2610 2256 2653 totius
2270 2612 2478 2653 ministerii
2489 2612 2770 2662 antesignanus
2787 2611 2874 2651 erat
2885 2640 2900 2662 ,
2958 2606 2961 2610 ’

1601 2679 1652 2719 ad
1683 2681 1804 2730 caput
1833 2679 1919 2729 eJus
1951 2681 2084 2720 astans
2128 2679 2378 2730 byssinorum
2421 2677 2680 2718 cervicalium
2720 2675 2899 2728 ejusdem

1601 2744 1799 2794 particeps
1821 2745 1930 2792 erat,
1962 2743 2208 2783 familiariter
2223 2742 2442 2782 admodum
2466 2742 2572 2782 iniis
2591 2741 2818 2781 reclinatus.
2847 2741 2900 2781 Et

1601 2808 1702 2847 laeva
1732 2807 1893 2857 quidem
1925 2818 2047 2846 manu
2077 2807 2376 2847 molliusculum
2406 2804 2691 2845 adolescentuli
2709 2803 2899 2855 capillum

1601 2871 1846 2922 adornabat,
1863 2872 2002 2912 d'extra
2013 2882 2108 2911 vero
2125 2871 2364 2911 Phocaicum
2380 2869 2579 2910 flabellum
2595 2868 2704 2908 ultro
2718 2869 2899 2920 citroque

1601 2948 1789 2985 movens,
1823 2937 1947 2977 veluti
1974 2937 2158 2976 oscillans
2183 2936 2277 2986 (vel
2309 2935 2435 2975 veluti
2464 2934 2674 2984 oscillam)
2696 2933 2900 2984 jucundus

1602 3003 1711 3051 erat3
1729 3001 1796 3041 sed
1816 3002 1873 3041 ita
1891 3001 2033 3041 leniter
2044 3000 2086 3040 id
2104 2999 2295 3050 faciebat,
2309 3001 2357 3039 ut
2371 3010 2453 3039 non
2465 2998 2611 3038 idcirco
2624 3005 2774 3037 muscae
2789 3008 2899 3048 pror·

1602 3078 1670 3107 sus
1688 3067 1932 3107 arcerentur.
1951 3069 2084 3115 Quare
2113 3065 2237 3106 iratus
2266 3065 2302 3105 ei
2317 3065 2459 3115 aliquis
2477 3063 2575 3104 deus
2597 3058 2792 3114 ingenuus
2806 3073 2898 3103 mu-

1602 3142 1713 3171 scam
1743 3130 2037 3171 adolescentulo
2057 3130 2245 3180 immisit,
2265 3140 2348 3169 non
2371 3129 2490 3168 aliam
2510 3129 2631 3181 atque
2654 3127 2764 3167 illam
2783 3126 2901 3177 cuju·

1603 3195 1811 3235 audaciam
1826 3205 1851 3234 a
1867 3195 2043 3236 Minerva
2059 3194 2280 3234 immissam
2293 3193 2474 3233 Menelao
2493 3203 2576 3232 esse
2594 3194 2792 3232 Homerus
2805 3190 2895 3232 ait':

1603 3261 1658 3300 ita
1675 3260 1805 3300 valida
1820 3262 1905 3300 erat
1929 3262 1970 3299 et
1991 3260 2125 3302 animo
2141 3259 2336 3299 interrito.
2355 3262 2490 3307 Quum
2505 3257 2625 3308 igitur
2649 3256 2898 3299 morderetur

1603 3324 1855 3373 adolescens,
1876 3325 1960 3364 tam
1986 3323 2213 3364 immaniter
2229 3314 2468 3362 exclamarit
2492 3321 2558 3361 hic
2576 3321 2698 3361 homo
2724 3331 2798 3372 pro
2813 3319 2898 3368 illo,

1604 3390 1725 3439 atque
1745 3389 1800 3428 ita
1834 3389 1958 3429 iratus
1988 3390 2070 3438 est,
2102 3388 2148 3427 ut
2181 3387 2299 3426 unius
2329 3386 2435 3426 illius
2465 3395 2620 3426 muscae
2648 3383 2741 3424 odio
2762 3393 2900 3424 omues

1603 3452 1756 3492 aedibus
1773 3453 2002 3503 expelleret.
2021 3455 2083 3492 Ex
2102 3462 2183 3502 quo
2199 3451 2320 3491 etiam
2335 3449 2544 3502 apparuit,
2562 3448 2614 3489 ad
2630 3448 2709 3488 hoc
2727 3446 2899 3488 ministe-

1605 3518 1709 3557 rium
1732 3518 1845 3557 illum
1872 3527 1916 3557 se
1933 3516 2195 3561 constituisse.
2222 3531 2242 3550 »

1660 3657 1678 3676 α
1700 3642 1836 3682 Fuerit
1862 3641 1980 3692 igitur
1998 3641 2176 3692 praedicti
2198 3579 2483 3680 {glescentuli
2505 3637 2688 3678 adulator
2706 3635 2906 3677 malaco·'

1605 3709 1731 3748 colam
1745 3737 1757 3758 ,
1781 3710 1828 3748 ut
1846 3709 1903 3748 ait
1922 3707 2160 3756 Clearchus,
2193 3706 2238 3746 id·
2261 3707 2321 3746 est
2339 3706 2536 3747 mollitiei
2555 3702 2775 3744 adulator.
2796 3702 2915 3742 Nam

1604 3774 1872 3823 praeterquam
1890 3771 2000 3822 quod
2014 3771 2085 3811 tali
2109 3769 2260 3810 homini
2282 3769 2482 3817 adulatur,
2508 3763 2689 3808 habitum
2715 3769 2802 3816 ejus
2816 3763 2879 3826 tor
2904 3766 2922 3785 ⁵

1605 3847 1792 3887 mamque
1805 3834 2116 3875 consentientem
2131 3832 2191 3873 his
2205 3832 2353 3883 quibus
2363 3833 2550 3873 adulatur
2561 3830 2674 3881 fingit
2692 3845 2703 3870 ε
2722 3829 2764 3870 et
2777 3826 2889 3869 mod·
2899 3878 2913 3889 Ι,

1606 3965 1720 4005 culis.
1739 3969 1870 4013 Quare
1878 3964 1999 4004 etiam
2011 3963 2075 4003 alii
2093 3973 2187 4002 eum
2199 3962 2535 4012 paranconisten
2545 3958 2761 4010 appellant,
2772 3955 2814 3999 id
2823 3967 2864 3998 es
2879 3977 2894 4015 'ss
2902 3961 2915 4008 ζ’

1606 4029 1746 4070 cubico
1771 4028 2060 4080 depulsorem,
2081 4027 2147 4067 alii
2165 4025 2571 4074 schematotlzecam,
2603 4022 2644 4062 id
2662 4023 2723 4063 est
2752 4019 2890 4062 vari

1608 4105 1707 4134 rum
1733 4093 1985 4143 formarum
2017 4091 2381 4143 promptuarium.
2410 4093 2514 4130 Vere
2541 4089 2647 4128 enim
2681 4084 2906 4134 assentat‘

1607 4158 1712 4198 idem
1742 4159 1862 4208 atque
1896 4160 2077 4198 Proteus
2107 4168 2191 4199 esse
2212 4155 2386 4195 videtur.
2411 4154 2475 4195 Fit
2494 4153 2600 4193 enim
2631 4142 2911 4203 multiplexff

1608 4223 1863 4272 omnifarius,
1901 4232 1979 4261 non
2015 4221 2134 4261 modo
2165 4221 2275 4272 quod
2303 4220 2353 4260 ad
2383 4221 2552 4260 sormam
2575 4214 2739 4265 attinet,
2766 4212 2837 4254 sed·
2868 4241 2890 4275 ¹,

1609 4287 1715 4339 quod
1734 4288 1782 4328 ad
1799 4299 2025 4329 sermonem
2048 4303 2056 4327 :
2078 4287 2133 4328 ita
2150 4287 2300 4328 variare
2321 4295 2459 4326 vocem
2477 4283 2603 4326 novit.-
2621 4299 2640 4318 »
