3016 4628
731 312 1481 442 DIONYSIUS
1553 316 2238 424 MILESIUS.

1157 545 1788 574 ——aeoffi—-m

218 720 381 767 Suidas
401 738 412 769 :
433 720 652 775 Διονύσιος
674 705 885 777 Μιλήσιος
902 719 981 782 (Ἶ,
997 717 1222 782 ἱστορικός.
1240 716 1311 765 Τὰ
1327 717 1436 779 μετὰ

68 795 76 804 ’
151 793 329 856 Δαρεῖον
346 794 388 840 ἐν
408 793 584 857 βιὸλίοις
597 793 646 841 ε’.
662 793 926 858 Περιήγησιν
941 789 1206 852 οἰκουμένης.
1228 789 1437 855 Περσικὰ,

153 864 262 912 Ἰάδι
291 865 516 930 διαλέκτῳ.
548 868 760 929 Τρωικῶν
799 863 946 929 βιὸλία
967 864 1022 927 γ’.
1044 862 1236 912 Μυθικά.
1264 861 1437 911 Κύκλον

152 937 362 1001 ἱστορικὸν
387 939 428 984 ἐν
458 938 637 1003 βιὸλίοις
659 939 693 994 ζ’
719 937 796 1002 (ἕξ
815 940 1024 984 Eudocia
1041 939 1072 998 ).

218 1011 350 1055 Idem
389 1028 433 1058 v,
476 1010 756 1063 Ἑκαταῖος...
796 1009 941 1073 γέγονε
964 1007 1084 1056 ,κατὰ
1125 1006 1220 1062 τοὺς
1255 1006 1437 1072 Δαρείου

153 1079 352 1144 χρόνους,
377 1085 452 1128 τοῦ
478 1081 588 1143 μετὰ
617 1079 864 1143 Καμὸύσην
890 1080 1240 1145 βασιλεύσαντος,
1263 1075 1332 1124 ὅτε
1363 1076 1438 1124 καὶ

155 1152 370 1206 Διονύσιος
402 1146 453 1211 ἦν
480 1156 501 1199 ὃ
524 1152 768 1210 Μιλήσιος,
795 1151 865 1199 ἐπὶ
889 1155 963 1209 τῆς
979 1150 1181 1213 πέμπτης
1197 1149 1271 1197 καὶ
1292 1148 1438 1206 ἑξηκο-

154 1227 258 1281 στῆς
290 1224 581 1286 Ὀλυμπιάδος
604 1227 702 1287 (Ol.
730 1225 811 1282 65,
842 1243 862 1271 1
886 1246 953 1266 Ξ
975 1224 1067 1270 520
1093 1240 1139 1269 a.
1167 1225 1238 1278 C.‚
1269 1225 1351 1282 qui
1374 1231 1440 1267 est

154 1314 299 1343 annus
321 1299 548 1343 secundus
565 1300 686 1359 regis
701 1297 880 1359 Darii).

221 1371 560 1428 Quodsiverba
578 1368 633 1414 τὰ
663 1368 772 1430 μετὰ
795 1368 976 1427 Δαρεῖον
1005 1378 1131 1414 recte
1153 1383 1246 1412 sese
1267 1367 1442 1411 habent

157 1452 203 1487 et
239 1443 299 1486 ad
329 1442 560 1503 Hystaspis
593 1442 741 1487 filium
771 1441 1015 1487 referenda
1047 1451 1173 1496 sunt,
1194 1440 1442 1498 Dionysius

162 1513 356 1558 Hecataei
379 1531 560 1559 coaevus
588 1514 724 1559 fuisse
752 1514 940 1558 videtur
969 1523 1196 1572 quatenus
1221 1526 1441 1569 Juvenem

157 1587 242 1630 viri
256 1591 277 1641 ,'
294 1587 447 1630 virum
483 1588 601 1631 senis
621 1586 842 1644 aequalem
863 1585 1018 1629 dicere
1038 1585 1161 1628 licet.
1195 1585 1314 1627 Nam
1341 1581 1442 1626 He—

155 1667 347 1704 cataeum
382 1660 540 1717 paullo
579 1667 686 1718 post
709 1659 889 1701 Persica
912 1656 1316 1716 septuagenarium
1345 1654 1442 1698 fere

156 1730 281 1774 diem
291 1729 385 1787 jam
403 1731 567 1775 obiisse
597 1738 890 1789 compertum
912 1729 1136 1773 habemus
1163 1726 1242 1789 (v.
1281 1727 1444 1771 Suidas

158 1818 201 1846 v.
228 1798 526 1864 Ἑλλάνικος).

223 1875 511 1934 Scriptorum
544 1875 834 1935 catalogum,
859 1887 996 1932 quem
1032 1871 1194 1916 Suidas
1228 1871 1441 1927 exhibet,

160 1946 402 1989 titulorum
443 1946 652 2005 undique
692 1956 864 1991 temere
888 1954 1215 2004 congestorum
1252 1943 1444 2002 farragi-

159 2019 266 2061 nei'n
295 2033 388 2062 esse
403 2018 548 2062 hodie
572 2033 711 2062 nemo
732 2018 902 2073 nescit,
930 2017 1138 2075 quamvis
1157 2017 1207 2059 in
1230 2015 1445 2059 ordinem

161 2086 322 2134 omnia*
336 2090 548 2150 redigere
571 2099 617 2134 et
633 2106 767 2134 suum
784 2091 952 2148 cuique
976 2089 1182 2132 tribuere
1196 2089 1446 2132 etiamnum

161 2177 232 2206 res
258 2164 315 2206 sit
330 2161 618 2207 difficillima.
643 2162 744 2208 Hoc
767 2172 923 2207 tamen
943 2161 1038 2207 fere
1070 2170 1248 2205 constat
1273 2160 1335 2204 ad
1357 2161 1447 2204 Mi-

162 2225 323 2278 lesium
357 2235 633 2294 Dionysium
654 2251 712 2279 ex
733 2236 864 2279 libris
902 2235 1138 2278 recensitis
1159 2234 1276 2276 nihil
1303 2234 1447 2292 perti-

161 2322 271 2351 nere
292 2317 460 2366 praeter
493 2304 548 2350 τὰ
569 2304 764 2370 Περσικὰ
793 2304 904 2352 Ἰάδι
930 2303 1141 2367 διαλέκτῳ
1171 2314 1217 2349 et
1251 2302 1305 2349 τὰ
1336 2301 1445 2364 μετὰ

162 2381 342 2441 Δαρεῖον
385 2378 427 2423 ἐν
470 2376 646 2440 βιὸλίοις
677 2377 728 2423 ε’.
764 2380 976 2437 Uterque
1016 2379 1173 2421 titulus
1206 2377 1266 2421 ad
1302 2393 1448 2420 unum

163 2451 383 2510 idemque
407 2466 524 2509 opus
548 2450 820 2494 referendus
846 2459 938 2506 est,
963 2450 1032 2493 uti
1050 2458 1339 2493 monuerunt
1363 2451 1448 2493 Fa-

67 2497 70 2500 *
107 2572 109 2574 ¹
163 2523 336 2567 bricius
375 2523 533 2583 (Bibl.
563 2523 644 2568 Gr.
667 2525 794 2584 II‚p.
843 2538 935 2581 799
960 2521 1036 2565 ed.
1080 2521 1203 2581 pn),
1247 2521 1450 2580 Heynius

164 2591 271 2655 (De
294 2595 412 2638 font.
440 2604 486 2639 et
514 2596 731 2639 auctorit.
756 2594 956 2638 Diodor.
1001 2609 1050 2652 p.
1088 2593 1148 2638 68
1174 2593 1249 2637 ed.
1286 2590 1447 2655 Bip.)‚

89 2701 100 2708 .
164 2667 258 2710 alii.
295 2658 466 2713 Verum
495 2683 607 2710 num
631 2683 684 2711 ea
715 2676 893 2710 tantum
923 2666 1170 2724 Dionysius
1214 2666 1449 2724 exposuit,

166 2752 267 2795 quae
288 2749 395 2796 post
411 2740 591 2783 obitum
608 2739 737 2783 Darii
758 2737 770 2798 (
789 2739 863 2782 Ol.
885 2737 960 2794 73,
981 2743 1026 2792 4,
1050 2752 1091 2780 a.
1110 2738 1161 2781 C.
1188 2736 1279 2789 485
1303 2733 1452 2797 )gesta

156 2809 296 2852 sunt?
314 2811 488 2853 Mirum
508 2811 600 2854 hoc
629 2819 674 2854 et
701 2810 902 2853 alienum
923 2824 1114 2867 prorsus
1137 2809 1194 2852 ab
1208 2808 1345 2865 hujus
1369 2809 1452 2850 aevi

165 2882 482 2940 scriptoribus.
518 2884 679 2941 Neque
720 2882 870 2940 aptius
909 2888 1234 2940 argumentum
1262 2879 1454 2923 habebis

166 2952 247 2996 ubi
262 2954 532 3012 probaveris
555 2953 682 2998 haud
718 2953 1013 3012 probandam
1034 2953 1236 2996 Fabricii
1273 2961 1453 2995 senten-

167 3026 275 3070 tiam
290 3059 302 3082 ,
330 3027 411 3084 qui
434 3023 487 3071 τὰ
513 3022 623 3086 μετὰ
639 3027 692 3072 Δ.
717 3016 1051 3084 interpretatur
1067 3025 1138 3067 De
1159 3024 1292 3067 rebus
1306 3025 1454 3067 Dario

170 3101 420 3157 imperante
463 3102 605 3157 gestis
614 3132 624 3152 ‚
680 3097 878 3156 perinde
917 3111 970 3140 ac
1012 3096 1049 3139 si
1094 3105 1207 3139 esset
1240 3091 1294 3139 τὰ
1340 3092 1454 3140 κατὰ

169 3170 221 3215 Δ.
240 3167 335 3234 (”*).
358 3169 652 3215 Probabilius
665 3171 914 3216 Creuzerus
935 3168 1121 3229 (Histor.
1143 3169 1294 3211 Kunst
1307 3183 1356 3227 p.
1379 3163 1453 3231 72)

221 3303 272 3355 (*)
299 3304 374 3344 Alii
396 3304 571 3354 Dionysii
590 3304 731 3344 Milesii
743 3305 925 3344 auctores
944 3305 1217 3343 memorantur
1232 3303 1337 3352 duo,
1358 3304 1457 3344 alter

171 3361 346 3402 medicus
363 3374 427 3413 ap.
453 3364 558 3403 Plin.
582 3365 631 3402 H.
650 3365 698 3403 N.
718 3365 812 3402 Xlll
831 3363 871 3401 et
897 3364 990 3401 XlV
1017 3362 1125 3409 ind.,
1147 3362 1288 3401 Galen.
1311 3364 1387 3411 lv,
1406 3366 1426 3402 7
1443 3392 1455 3412 ,

170 3419 338 3459 Coelium
364 3421 589 3470 Aurelium,
606 3421 692 3469 etc;
708 3421 806 3459 alter
825 3419 999 3469 sophista
1010 3419 1083 3458 sub
1096 3419 1296 3458 Hadriano
1311 3420 1456 3459 clarus.

171 3478 218 3515 V.
237 3477 495 3518 Philostratus
511 3481 567 3518 De
591 3478 756 3528 sophist.
772 3481 803 3526 Ι,
822 3483 868 3517 22
883 3488 918 3527 p.
935 3481 1006 3516 513
1019 3507 1030 3526 ‚
1049 3482 1143 3526 522;
1163 3478 1236 3516 Dio
1249 3479 1368 3517 LXlX
1381 3507 1393 3526 ,
1414 3489 1454 3527 p.

172 3538 245 3578 789
268 3536 419 3586 Reim.;
437 3537 577 3577 suidas
595 3548 637 3576 v.
661 3536 885 3584 Διονύσιος;
906 3535 1054 3574 Eudoc.
1087 3545 1127 3585 p.
1161 3540 1246 3575 130.
1271 3536 1333 3576 cs.
1356 3538 1457 3576 We-

171 3593 384 3633 stermann.
411 3594 556 3635 Gesch.
575 3594 616 3634 d.
636 3605 700 3644 qr.
719 3593 890 3634 BeredS.
907 3592 992 3643 §94
1005 3621 1015 3636 ‚
1033 3599 1071 3632 6.

223 3649 294 3700 (**)
319 3651 465 3691 Nititur
487 3652 687 3692 Fabricius
711 3653 798 3691 loco
813 3651 1015 3691 Plutarchi
1035 3653 1092 3690 De
1108 3661 1194 3690 sera
1210 3662 1320 3690 num.
1347 3651 1456 3692 vind.

174 3715 210 3755 p.
236 3712 309 3748 563
334 3724 344 3748 ε
370 3710 504 3755 Σολεὺς
525 3711 738 3755 Θεσπέσιος
758 3710 851 3760 ἀνὴρ
871 3709 1016 3748 ἐκείνου
1049 3712 1117 3747 τοῦ
1143 3709 1346 3759 γενομένου
1376 3710 1456 3760 μεθ’

173 3770 272 3819 ἡμᾶς
314 3772 475 3812 ἐνταῦθα
490 3774 775 3824 Πρωτογένους.
792 3773 852 3812 Ibi
867 3772 951 3822 Jam
967 3783 1014 3812 ex
1035 3771 1151 3811 codd.
1174 3773 1389 3822 repositum
1402 3774 1461 3812 est

174 3828 254 3875 μεθ’
274 3830 400 3879 ἡμῶν.

227 4019 431 4061 Phoenices
467 4022 579 4062 aiunt
615 4021 811 4062 invenisse
851 4022 987 4062 literas
1001 4052 1012 4072 ,
1049 4021 1245 4062 Cadmum
1288 4033 1384 4062 vero
1425 4023 1465 4062 in

179 4083 372 4124 Graeciam
395 4087 586 4126 attulisse.
616 4087 866 4137 pythodorus
880 4087 1034 4126 veroin
1054 4086 1157 4125 libro
1176 4089 1235 4126 De
1261 4087 1466 4127 elementis

180 4146 397 4197 literarum,
414 4151 455 4188 et
469 4150 602 4191 l‘hillis
614 4149 749 4190 Delius
759 4150 798 4188 in
811 4152 992 4200 opereDe
1004 4149 1152 4199 choris,
1167 4151 1260 4189 ante
1270 4150 1465 4190 cadmum

180 4219 247 4248 eas
272 4209 352 4258 jain
382 4214 567 4252 Danaum
597 4214 817 4262 asportasse
846 4212 1030 4252 tradunt.
1088 4214 1371 4252 Assentiuntur
1406 4214 1466 4254 his

182 4271 321 4312 Milesii
341 4273 553 4325 scriptores
570 4275 860 4316 Anaximander
880 4277 920 4315 et
937 4275 1148 4326 Dionysius
1170 4279 1210 4315 ct
1227 4278 1433 4316 Hecataeus
1448 4307 1459 4325 ‚

1515 720 1699 763 titulum
1729 721 1788 766 de
1811 731 1943 781 parte
1964 720 2260 766 Persicorum
2288 722 2518 780 intelligit.
2549 725 2798 766 Nitzschius

1517 789 1661 850 (Hist.
1695 789 1835 836 Hom.
1872 795 1918 848 Ι,
1943 809 1992 852 p.
2038 791 2136 853 88)
2176 794 2340 851 quinto
2371 792 2658 836 Persicorum
2680 794 2799 836 libro

1512 878 1584 907 res
1607 864 1735 908 Darii
1757 866 1984 924 expositas
2006 880 2098 909 esse
2119 874 2287 916 censet.
2331 865 2606 922 Quanquam
2628 866 2798 908 nullam

1514 935 1733 994 equidem
1745 938 1973 981 rationem
1984 937 2124 981 video
2139 952 2223 980 cur
2235 938 2325 980 hoc
2337 936 2625 995 potissimum
2642 938 2803 995 aliquis

1514 1007 1799 1051 enotandum
1827 1010 2075 1068 putaverit.
2113 1010 2333 1068 Suspicor
2366 1009 2561 1052 Darium
2595 1019 2802 1052 nostrum

1514 1095 1611 1123 non
1631 1095 1723 1124 esse
1748 1079 1979 1140 Hystaspis
2000 1079 2147 1124 filium
2163 1115 2175 1136 ‚
2215 1080 2296 1124 sed
2323 1077 2393 1124 τὸν
2421 1082 2599 1142 Δαρεῖον
2638 1079 2691 1142 (4)
2733 1079 2802 1125 τὸν

1514 1148 1588 1195 καὶ
1609 1149 1820 1214 Ἀστυάγη
1835 1189 1848 1214 ,
1873 1151 1917 1199 ὃν
1942 1155 2084 1216 Κῦρος
2099 1149 2290 1198 καθελὼν
2314 1152 2372 1203 εἷς
2396 1150 2568 1214 Πέρσας
2586 1150 2663 1207 τὴν
2688 1154 2807 1214 βασι-

1514 1221 1632 1268 λείαν
1649 1223 1881 1283 μετήνεγκε
1906 1224 2165 1285 (Syncellus
2177 1241 2225 1285 p.
2246 1223 2336 1269 205
2349 1227 2408 1268 D.
2430 1225 2504 1269 ed.
2520 1227 2623 1268 Par.
2638 1241 2686 1284 p.
2715 1226 2803 1282 387

1516 1295 1592 1339 ed.
1615 1297 1818 1358 Dindf.).
1841 1296 1941 1342 Hoc
1965 1299 2000 1341 si
2019 1312 2183 1341 verum
2207 1306 2298 1352 est,
2323 1297 2515 1340 historia
2538 1298 2670 1356 regni
2694 1295 2808 1340 Per-

1515 1383 1696 1426 sarum,
1737 1372 1818 1429 qui
1840 1370 2035 1430 proprie
2070 1371 2133 1414 sic
2167 1370 2405 1423 dicuntur,
2432 1369 2564 1412 libris
2599 1370 2807 1427 quinque

1517 1443 1851 1500 comprehensa
1874 1439 2000 1497 erat3
2024 1441 2351 1495 antecedebat,
2378 1442 2566 1499 opinor,
2596 1457 2703 1500 pars
2740 1443 2808 1484 al-

1517 1521 1615 1557 tera
1638 1513 1697 1558 de
1723 1530 1868 1575 regno
1893 1515 2187 1573 Assyriorum
2211 1522 2257 1557 et
2275 1512 2548 1567 Medorum,
2563 1514 2676 1556 utin
2696 1514 2807 1556 Per-

1517 1584 1619 1628 sicis
1643 1582 1870 1630 Hellanici
1893 1594 1940 1629 et
1951 1586 2107 1630 Ctesiae
2127 1593 2172 1628 et
2187 1584 2408 1638 Dinonis,
2432 1584 2559 1641 cujus
2579 1586 2807 1642 posterio-

1517 1657 1580 1700 ris
1600 1672 1714 1716 opus
1729 1659 1837 1702 item
1853 1659 1902 1701 in
1913 1658 2071 1716 plures
2088 1653 2301 1710 συντάξεις
2316 1657 2565 1715 pluresque
2582 1657 2811 1700 librorum

1521 1729 1708 1774 ordines
1730 1730 2029 1775 distributum
2047 1739 2160 1776 erat.

1585 1803 1860 1862 Fragmenta
1874 1819 1975 1862 quae
1989 1802 2048 1846 ad
2068 1802 2249 1846 Persica
2265 1802 2475 1860 Dionysii
2493 1811 2619 1845 certo
2630 1801 2809 1858 judicio

1520 1873 1686 1917 referri
1722 1876 1899 1932 possint
1944 1890 2042 1917 non
2073 1875 2244 1918 habeo.
2278 1876 2367 1917 Hic
2393 1883 2545 1918 tamen
2580 1888 2811 1932 apponam

1520 1944 1679 1989 locum
1699 1946 1747 1988 in
1767 1945 1911 1989 Bekk.
1933 1949 2019 1990 An.
2041 1946 2121 1991 Gr.
2148 1961 2196 2005 p.
2229 1944 2341 2002 783.

2154 2075 2193 2102 1.

1591 2159 1714 2208 Φασὶ
1737 2159 1820 2224 γὰρ
1838 2158 1903 2206 ὅτι
1926 2159 2127 2213 Φοίνικες
2155 2159 2231 2222 μὲν
2259 2151 2380 2222 εὗρον
2402 2158 2459 2207 τὰ
2474 2166 2664 2223 στοιχεῖα
2681 2196 2694 2222 ,
2718 2161 2815 2208 Κά-

1526 2233 1629 2295 δμος
1652 2232 1696 2279 δὲ
1723 2233 1884 2295 ἤγαγεν
1925 2231 2035 2279 αὐτὰ
2060 2235 2117 2286 εἷς
2137 2232 2213 2290 τὴν
2235 2231 2446 2280 Ἑλλάδα.
2485 2233 2739 2298 Πυθόδωρος
2770 2234 2813 2280 δὲ

1527 2306 1629 2367 (ὡς)
1653 2307 1695 2351 ἐν
1719 2307 1780 2368 τῷ
1802 2305 1912 2370 Περὶ
1934 2304 2170 2368 στοιχείων,
2195 2304 2269 2351 καὶ
2292 2304 2448 2358 Φίλλις
2467 2308 2490 2351 ὁ
2509 2305 2668 2363 Δήλιος
2690 2307 2731 2351 ἐν
2752 2308 2814 2369 τῷ

1528 2376 1637 2442 Περὶ
1656 2380 1796 2441 χορῶν
1818 2377 1901 2441 πρὸ
1919 2377 2101 2438 Κάδμου
2118 2375 2286 2424 Δαναὸν
2307 2376 2595 2438 μετακομίσαι
2609 2375 2719 2422 αὐτά
2740 2395 2818 2440 φα-

1526 2467 1609 2496 σιν.
1635 2448 2008 2512 Ἐπιμαρτυροῦσι
2022 2447 2184 2501 τούτοις
2200 2448 2274 2494 καὶ
2289 2450 2326 2494 οἱ
2349 2447 2613 2505 Μιλησιακοὶ
2628 2467 2816 2512 συγγρα-

1527 2521 1642 2585 φεῖς,
1680 2520 2014 2584 Ἀναξίμανδρος
2033 2519 2107 2567 καὶ
2128 2519 2346 2574 Διονύσιος
2379 2521 2452 2568 καὶ
2465 2521 2716 2580 Ἑκαταῖος,
2749 2521 2819 2574 οὒς

1526 2592 1601 2639 καὶ
1615 2592 1928 2657 Ἀπολλόδωρος
1943 2594 1986 2638 ἐν
2005 2594 2128 2640 Νεῶν
2141 2594 2367 2657 καταλόγῳ
2381 2593 2680 2657 παρατίθεται.

1593 2669 1677 2723 ὡς]
1704 2685 1766 2719 τις
1787 2669 2014 2726 proponit
2039 2668 2238 2714 Nitzsch.
2268 2669 2316 2710 in
2341 2669 2458 2712 Hist.
2486 2670 2626 2712 Hom.
2654 2683 2702 2726 p.
2729 2684 2818 2726 79,

1526 2740 1614 2783 nisi
1647 2739 1872 2783 exciderit
1900 2754 2074 2782 nomen
2113 2740 2400 2798 grammatici
2445 2740 2651 2797 alicujus.
2683 2742 2821 2784 Hunc

1527 2811 1802 2870 Dionysium
1823 2810 2054 2854 diversum
2077 2826 2169 2855 esse
2193 2811 2251 2855 ab
2274 2812 2356 2855 illo
2371 2846 2382 2867 ,
2411 2827 2555 2870 quem
2582 2812 2704 2855 libro
2728 2822 2821 2856 ter—

1531 2884 1595 2927 tio
1620 2881 1834 2941 sequitur
1851 2882 2112 2936 Diodorus,
2145 2892 2273 2942 patet
2290 2899 2347 2927 ex
2364 2899 2467 2943 cap.
2491 2883 2577 2939 66,
2600 2885 2679 2927 ubi
2703 2886 2820 2928 Cad-

1531 2971 1629 2999 mus
1645 2956 1798 2999 literas
1822 2964 2073 3014 asportasse
2094 2956 2143 2998 in
2166 2957 2390 3001 Graeciam
2412 2957 2598 3000 dicitur.
2626 2955 2822 3000 Hecataei

1529 3028 1650 3071 hanc
1681 3037 1728 3071 et
1748 3028 1959 3085 Dionysii
1993 3029 2266 3071 sententiam
2291 3030 2504 3088 respicit,
2537 3039 2589 3072 ut
2616 3030 2817 3082 videtur,

1533 3098 1800 3144 Herodotus
1817 3101 1873 3154 V,
1894 3098 1970 3154 58,
1998 3100 2079 3143 ubi
2105 3116 2150 3144 v.
2174 3101 2323 3144 Baehr.
2351 3111 2396 3145 et
2419 3117 2536 3160 quos
2556 3102 2726 3146 laudat.
2751 3102 2818 3146 Cf.

1500 3224 1509 3236 ⁸
1531 3173 1730 3216 Nitzsch.
1759 3173 1791 3216 l.
1815 3171 1847 3215 l.
1866 3187 1917 3230 p.
1943 3170 2021 3230 89.
2042 3171 2226 3230 Adjicio
2245 3174 2385 3217 alium
2410 3174 2566 3218 locum
2589 3190 2644 3218 ex
2663 3174 2825 3218 iisdem

1532 3245 1678 3289 Bekk.
1706 3246 1796 3291 An.
1823 3244 1905 3290 Gr.
1928 3259 1977 3303 p.
2008 3243 2328 3301 362,ubihaec
2353 3262 2363 3289 :

2153 3359 2197 3386 2.

1980 3409 1991 3436 1

1605 3433 1742 3502 Αἶμον
1765 3440 1814 3487 τὸ
1842 3441 1936 3505 ὅρος
1963 3439 2192 3505 οὐδετέρως
2217 3440 2449 3494 Ἑκαταῖος
2482 3443 2551 3489 διὰ
2577 3443 2836 3497 παντὸςᾼκαὶ,

1536 3512 1824 3566 Διονύσιος
1843 3512 1916 3559 καὶ
1939 3511 2195 3566 Ἑλλάνικος
2215 3514 2289 3560 καὶ
2313 3513 2511 3568 Εὔδοξος.

1587 3656 1637 3706 (*)
1667 3658 1724 3695 De
1739 3656 1899 3695 nomine
1915 3659 2072 3705 Δαρεῖος
2088 3665 2155 3694 vv,
2185 3656 2252 3695 dd.
2281 3658 2495 3697 sententias
2511 3658 2665 3706 collegit
2697 3657 2822 3695 [ἐπι-1η.

1535 3713 1585 3752 ad
1603 3714 1792 3753 Herodot.
1816 3717 1870 3753 VI
1883 3743 1894 3763 ,
1913 3719 1975 3754 69.
1993 3714 2101 3753 ldem
2121 3714 2216 3754 ibid.
2240 3716 2340 3754 tom.
2363 3718 2416 3755 lV
2435 3727 2472 3764 p.
2491 3718 2566 3754 486
2586 3717 2662 3752 not.
2686 3714 2734 3751 dv
2754 3717 2827 3751 Da-

1535 3773 1594 3810 rio
1610 3770 1726 3811 Medo
1745 3772 1880 3811 laudat
1906 3775 1949 3811 F.
1978 3774 2073 3812 Keil
2098 3773 2264 3823 Apoloq.
2304 3774 2488 3812 Versnch
2519 3773 2624 3812 ‘e'c'ber
2645 3772 2712 3810 (lie
2744 3773 2827 3810 Bet·

1535 3830 1635 3869 cher
1651 3830 1694 3869 d.
1714 3830 1899 3869 Chronilv
1914 3841 1958 3870 u.
1982 3834 2095 3870 Esra
2113 3830 2311 3879 (Berolin.
2336 3832 2478 3879 1833),
2499 3841 2537 3879 p.
2567 3834 2602 3867 11
2628 3840 2712 3878 sqq.

1533 3970 1705 4008 quorum
1728 3959 1966 3998 testimoniis
1987 3959 2254 4010 Apollodorus
2280 3970 2439 4009 quoquc
2462 3959 2499 3996 in
2520 3957 2689 3996 Navium
2714 3959 2823 3995 cata—

1535 4023 1623 4073 logo
1639 4033 1734 4080 usus
1752 4024 1824 4062 est.

2155 4091 2197 4129 2.

1587 4161 1770 4198 Haemum
1791 4159 1970 4197 montem
1993 4158 2115 4207 Αἶμον
2133 4158 2275 4195 neutro
2293 4167 2433 4206 genere
2452 4158 2659 4194 llecatoeus
2677 4155 2839 4205 ubique-

1535 4227 1576 4265 et
1597 4212 1806 4275 Dionysius
1824 4226 1864 4264 et
1884 4224 2107 4264 Hellanicus
2126 4224 2166 4262 et
2185 4221 2372 4261 Eudoxus
2385 4221 2536 4259 dicunt.
