3002 4646
361 378 395 409 Η
745 416 752 421 ,
1320 350 1399 396 PR
1413 349 1669 397 AEFATio.

340 461 430 533 gia
458 479 589 513 mox
617 458 711 514 alii
746 478 882 512 suos
911 457 1020 512 sibi
1042 458 1294 533 quisque
1327 457 1658 526 historicos,
1683 473 1939 533 quorum
1966 452 2242 528 reliquias
2264 468 2646 530 congererent

344 558 844 635 illustrarentque,
891 557 1238 632 selegerunt.
1267 556 1521 613 Plurima
1555 558 1772 612 horum
1803 554 2186 631 repetivimus
2213 567 2270 610 et·
2312 559 2645 613 retractavi-

342 679 469 714 mus
503 659 562 713 in
614 661 969 734 Fragmentis
1011 655 1417 711 historicorum
1470 661 1803 712 Groecorum
1823 700 1837 722 ‚
1886 676 2016 731 quae
2072 655 2423 731 prodierunt
2486 679 2648 715 anno

341 761 726 815 MDCCCXLI.
758 755 985 812 Deinde
1009 755 1261 812 Ctesiam
1287 755 1467 810 Musis
1490 754 1807 824 Herodoti,
1831 774 2030 809 rerum
2054 752 2367 810 Alexandri
2402 757 2650 833 scripto-

342 880 428 915 res
458 859 720 915 historiis
748 857 1001 925 Arriani,
1042 867 1526 931 argumentorum
1555 854 1719 918 ducti
1749 853 2168 925 similitudine,
2199 855 2644 932 subjunximus,

341 961 607 1017 Restabat
642 948 704 1015 ut
753 958 962 1034 reliqui
996 968 1291 1025 auctores,
1339 956 1441 1032 qui
1478 956 1842 1033 populorum
1894 956 2322 1035 civitatumque
2366 957 2646 1014 historias

339 1061 765 1129 condiderunt,
805 1055 1221 1135 quadringenti
1260 1074 1513 1112 numero
1549 1068 1607 1112 et
1640 1056 1930 1134 ampliuS,
1976 1057 2156 1113 simili
2194 1058 2378 1114 modo
2409 1059 2644 1135 collige-

340 1176 559 1218 rentur.
615 1165 782 1238 Opus
824 1158 940 1214 hoc
972 1156 1323 1212 Herculeum
1367 1167 1423 1210 et
1457 1155 1635 1210 unius
1672 1155 1898 1211 viribus
1937 1153 2053 1211 fere
2100 1157 2533 1234 imparnescio
2568 1179 2640 1214 an

339 1284 460 1320 non
489 1261 870 1318 debuerimus
907 1257 1231 1334 suscipere,
1270 1269 1612 1334 susceptum
1646 1256 1824 1313 semel
1846 1277 1956 1335 pro
1980 1257 2214 1314 roboris
2252 1259 2500 1316 modulo
2526 1281 2648 1316 sus—

338 1365 523 1420 tinere
548 1362 746 1418 annixi
775 1378 996 1415 sumus.
1395 1381 1416 1396 =

417 1466 611 1541 igitur,
631 1463 704 1518 ah
729 1459 1102 1517 incunabulis
1129 1458 1267 1513 artis
1285 1442 1579 1514 historicae
1605 1458 2067 1536 proficiscenteS,
2092 1459 2303 1516 ordine
2321 1460 2643 1522 chronolo—

333 1568 465 1644 gico
502 1583 875 1621 recensemus
921 1560 1234 1616 historicos
1278 1580 1383 1637 per
1415 1572 1550 1616 octo
1585 1560 2000 1639 secula“usque
2022 1560 2097 1618 ad
2125 1582 2315 1618 aevum
2351 1565 2643 1619 Constan-

336 1668 442 1723 tini
475 1666 689 1742 Magni.
719 1664 1016 1740 Deinceps
1045 1682 1112 1716 ex
1147 1661 1294 1716 serie
1315 1661 1616 1717 literarum
1644 1664 1960 1740 'scriptores
1993 1663 2363 1720 collocantur
2383 1683 2640 1742 quorum

333 1780 467 1822 :etas
509 1779 594 1822 est
640 1763 932 1820 incertior.
975 1765 1186 1818 Totum
1233 1761 1347 1817 hoc
1381 1763 1443 1818 in
1494 1777 1710 1820 novem
1744 1764 2129 1820 distinximus
2163 1764 2368 1821 libros.
2412 1765 2642 1821 Priores

333 1881 628 1945 quattuor,
653 1885 839 1942 usque
861 1863 935 1919 ad
967 1862 1264 1920 Ptolemaei
1291 1861 1663 1942 Philadelphi
1691 1877 1957 1943 tempora
1975 1867 2361 1944 pertinenteS,
2387 1887 2458 1922 eo
2477 1866 2640 1944 quod

334 1989 491 2024 nunc
527 1968 849 2024 emittimus
877 1964 1180 2020 volumine
1207 1965 1613 2022 continentur.
1659 1967 1906 2044 Reliqua
1938 1987 2059 2023 una
2094 1988 2230 2023 cum
2271 1967 2492 2023 tabulis
2538 1988 2645 2023 no—

334 2070 594 2139 minum,
633 2087 859 2138 rerum,
901 2078 1242 2135 auctorum,
1283 2066 1623 2138 titulorum,
1658 2081 2028 2147 temporum,
2066 2068 2321 2125 alterum
2347 2069 2513 2126 dabit
2543 2090 2643 2130 vo,-

330 2171 557 2240 lumen,
590 2190 724 2224 mox
754 2167 926 2238 illud,
959 2167 1188 2223 favente
1220 2170 1374 2238 DeO,
1405 2167 1859 2226 absolvendum.

412 2272 607 2327 Primo
649 2269 900 2326 consilio
942 2286 1127 2346 quum
1160 2268 1275 2326 hoc
1305 2281 1538 2325 tantum
1579 2291 1911 2348 ageremus,
1964 2284 2028 2328 ut
2063 2290 2271 2328 eorum
2319 2273 2641 2350 fragmenta

326 2393 572 2450 operum
589 2416 602 2443 ,
626 2393 754 2449 quae
773 2370 845 2427 ad
869 2370 1103 2426 civilem
1117 2370 1483 2448 populorum
1509 2369 1817 2426 historiam
1840 2371 2168 2449 pertinent,
2198 2371 2641 2443 exhiberentur,

327 2475 384 2529 in
406 2475 534 2551 ipso
559 2472 758 2529 labore
786 2472 1031 2528 ulterius
1047 2471 1341 2549 progressi
1363 2491 1570 2527 sumus
1602 2492 1669 2528 ac
1686 2484 1895 2549 praeter
1915 2472 2198 2528 historica
2223 2474 2397 2529 etiam
2417 2473 2642 2551 reliqua
2715 2522 2718 2523 γ

326 2588 634 2631 auctorum
669 2586 1009 2630 nostrorum
1041 2573 1258 2651 scripta
1284 2593 1410 2629 non
1441 2571 1637 2630 solum
1667 2573 2062 2630 indicavimus
2081 2617 2096 2646 ,
2137 2574 2269 2645 sed,
2302 2574 2407 2631 ubi
2427 2595 2643 2653 oppor-

329 2690 538 2732 tunum
589 2689 736 2746 erat,
785 2676 957 2731 etiam
1002 2675 1438 2753 exscripsimus.
1475 2674 1654 2743 Quod
1693 2687 1986 2752 quantum
2038 2675 2225 2731 valeat
2257 2675 2332 2732 ad
2372 2675 2640 2731 indolem

331 2773 796 2851 uniuscujusque
836 2773 1138 2851 scriptoris
1192 2774 1454 2851 penitius
1481 2776 1986 2853 perspiciendam,
2019 2777 2214 2833 dicere
2238 2776 2518 2854 putidum
2546 2777 2638 2832 sit.

411 2874 734 2931 Aristotelis
766 2874 1047 2930 historica
1083 2875 1157 2931 ab
1188 2874 1302 2932 hoc
1332 2876 1638 2933 volumine
1682 2878 2136 2948 secluseramus,
2175 2879 2459 2955 quoniam
2500 2897 2633 2955 per-

328 2977 589 3033 ditorum
616 2975 905 3032 librorum
930 2976 1216 3053 fragmina
1257 2978 1678 3055 superstitibus
1716 2979 2000 3056 operibus
2030 2978 2388 3055 subjungere
2422 2979 2642 3034 consti-

331 3089 522 3133 tutum
567 3089 704 3132 erat.
749 3079 965 3132 Verum
1004 3098 1190 3155 quum
1229 3079 1499 3155 Stagirita
1538 3093 1603 3136 ut
1647 3081 1709 3136 in
1752 3080 1996 3158 reliquis
2035 3080 2251 3151 literis,
2287 3080 2371 3135 sic
2406 3080 2467 3135 in
2516 3091 2641 3135 arte

333 3168 585 3234 historia}
615 3178 939 3234 scribendae
970 3181 1135 3257 quasi
1174 3179 1352 3237 cardo
1387 3180 1630 3258 quidam
1667 3182 1770 3252 sit,
1803 3181 2052 3238 lectores
2085 3201 2233 3258 aegre
2263 3181 2637 3237 mentionem

329 3282 453 3357 ejus
476 3281 909 3337 desideraturos
940 3302 1065 3338 esse
1091 3284 1227 3353 rati,
1251 3282 1624 3360 postliminio
1649 3303 1780 3361 quae
1808 3281 1883 3338 ad
1905 3294 2170 3338 nostram
2203 3301 2326 3338 rem
2354 3281 2638 3350 facerent,
2704 3280 2707 3282 ’

330 3383 809 3459 interposuimus.
877 3383 1147 3439 Eundem
1193 3383 1485 3440 honorem
1556 3385 1733 3441 etiam
1778 3383 2086 3462 discipulis
2139 3383 2266 3459 ejus
2321 3383 2639 3461 praecipuis

331 3486 679 3556 habuimus,
727 3498 969 3563 excepto
1019 3487 1452 3565 Theophrasto,
1497 3489 1592 3544 eui
1638 3506 1813 3542 suum
1859 3484 2171 3563 separatim
2214 3483 2496 3540 volumen
2548 3503 2639 3539 re·-

1471 3588 1590 3644 cesi
1623 3572 1983 3665 antiquaria,
2016 3584 2314 3641 Pausaniae
2342 3585 2507 3661 operi
2541 3583 2640 3639 ad-

1469 3631 1501 3665 υ

330 3685 523 3741 (lenda
548 3686 808 3740 fuissent.
836 3687 1011 3755 Quod
1045 3709 1230 3765 quum
1262 3689 1594 3765 neglectum
1621 3690 1725 3758 sit,
1752 3709 1819 3745 ac
1853 3687 1927 3744 de
1951 3686 2154 3743 multis
2190 3685 2359 3742 libris
2385 3685 2637 3742 omnino

330 3598 603 3640 servatur.
630 3588 853 3662 Scripta
886 3607 1013 3664 quac
1037 3600 1175 3643 sunt
1204 3586 1277 3643 de
1304 3588 1464 3666 perie

334 3808 452 3843 non
480 3787 666 3863 possit
701 3787 980 3858 discerni,
1010 3809 1152 3843 num
1179 3789 1600 3846 historicorum
1620 3811 1693 3847 an
1714 3789 2139 3868 periegetarum
2179 3807 2341 3842 more
2367 3798 2638 3842 auctores

332 3912 421 3946 res
468 3891 769 3945 civitatum
827 3894 1228 3964 tractaverint,
1268 3915 1342 3949 an
1387 3907 1707 3971 utrumque
1745 3909 1964 3946 munus
2005 3887 2375 3964 conjunctim
2414 3886 2637 3964 praesti-

334 3992 527 4058 terint,
543 3992 740 4046 omnia
764 4012 891 4068 qua}
908 3993 1024 4047 huc
1048 3995 1348 4070 pertinent
1361 3995 1447 4052 vel
1466 3995 1763 4072 pertinere
1782 4002 2034 4069 possunt
2055 3988 2261 4058 videri,
2282 3987 2633 4064 recepimus.

416 4096 685 4169 Superest
731 4104 785 4147 ut
821 4094 961 4166 grati
998 4076 1381 4170 profiteamur
1405 4096 1730 4172 plurimum
1758 4113 1867 4149 nos
1896 4093 1955 4147 in
1980 4089 2402 4168 operosissimo
2430 4100 2635 4143 nostro

334 4194 530 4249 labore
566 4193 857 4268 adjuvisse
887 4195 1039 4248 viros
1068 4194 1474 4265 doctissimos,
1513 4196 1613 4273 qui
1643 4194 1728 4250 vel
1761 4205 1953 4249 totum
1979 4190 2144 4246 hunc
2180 4189 2276 4266 qui
2313 4188 2387 4243 (le
2437 4189 2635 4263 gra‘cis

331 4293 624 4348 historicis
654 4305 733 4346 est
765 4292 956 4347 locum
986 4292 1342 4368 explicarunt
1366 4337 1379 4362 ,
1408 4294 1493 4348 vel
1521 4295 1838 4370 fragmenta
1863 4292 2209 4348 selectorum
2237 4289 2632 4366 quomindam
