3016 4628
28 446 124 502 im.
140 448 208 502 Ex
229 443 432 490 editione
455 440 668 500 principe
690 437 864 497 pendet
891 436 1140 496 Cragiana,
1172 450 1230 480 ex
1262 436 1350 478 hac

30 579 224 652 Qus.
246 588 406 645 Neque
426 585 502 628 hic
514 598 666 642 neque
682 582 898 626 Koelerus
919 595 1071 638 neque
1088 580 1278 638 Cragius
1293 578 1352 621 li-

50 649 187 735 iim
196 657 530 715 manuscriptos
542 654 873 707 adhibuerunt,
891 652 978 695 nisi
996 650 1126 709 quod
1142 651 1358 694 Koelerus

28 778 30 780 ,
62 725 139 782 nd
153 731 316 792 priora
335 728 496 773 decem
517 726 771 786 fragmenta
785 725 1053 768 varietatem
1071 722 1281 767 lectionis
1301 737 1358 766 ex

44 794 262 853 ‘Tduobus
274 798 414 846 codd.
431 797 770 844 Leidensibusa
788 797 1032 840 Perizonio
1046 799 1280 839 enotatam
1300 795 1357 839 ab

45 934 49 938 .
79 876 275 936 Heynio.
298 879 554 931 acceperat.
599 870 817 914 Camillus
850 870 1073 912 Peruscus
1111 867 1238 911 unde
1279 882 1359 911 sua

78 1015 330 1066 Heraclidis
372 1015 487 1059 nihil
524 1013 620 1059 sere
661 1012 901 1057 constabat
942 1011 1002 1055 ad
1042 1011 1166 1055 hunc
1211 1023 1359 1069 usque

34 1079 270 1143 'animun
295 1103 389 1146 quo
417 1086 795 1132 Schneidewinus
826 1085 971 1128 libros
995 1084 1356 1142 manuscriptos,

29 1167 32 1194 ἱ
72 1166 306 1221 quotquot
336 1173 498 1202 eorum
524 1158 575 1200 in
597 1157 993 1201 Bibliotheearum
1027 1156 1256 1214 Catalogis
1284 1170 1354 1198 re-

47 1238 334 1291 ·wgnsentur,
358 1228 660 1273 excutiendos
687 1229 881 1271 curavit.
908 1229 1114 1271 Numero
1140 1235 1246 1270 sunt
1277 1242 1360 1269 un-

39 1298 249 1357 idecim,
282 1316 400 1359 quos
424 1300 801 1355 Schneidewinus
825 1299 839 1361 (
856 1300 1131 1343 Heraclides
1155 1300 1359 1343 Politia-

39 1355 171 1431 ξηαπ
197 1387 301 1432 quae
316 1381 514 1417 exstant.
547 1373 807 1429 Goettingoe.
843 1371 982 1428 1847,
1009 1387 1058 1430 p.
1086 1371 1196 1414 LIX
1222 1385 1322 1428 sqq.
1343 1369 1356 1429 )

44 1444 328 1490 *accuratius
350 1443 597 1499 describit,
626 1458 711 1487 nos
728 1444 886 1502 paucis
913 1443 1133 1486 indicasse
1162 1442 1356 1486 habebi-

26 1505 173 1560 mus
189 1516 307 1562 satis-

137 1590 200 1634 Α.
230 1588 384 1632 Codex
405 1589 660 1643 Parisinus,
684 1589 746 1631 N⁰
765 1586 901 1644 1657,
915 1588 1089 1642 in-fol.‚
1108 1602 1209 1631 saec.
1225 1588 1355 1632 XVI.

49 1663 58 1671 ”
71 1659 287 1706 Continet
300 1669 469 1718 praeter
487 1661 573 1704 alia
585 1661 754 1718 scripta
766 1661 1018 1703 Historiam
1032 1662 1141 1704 Var.
1166 1657 1356 1714 AEliani,

7 1769 9 1776 s
51 1732 148 1790 seui
173 1731 431 1789 subjicitur:
455 1728 549 1776 Ἐκ
569 1732 666 1775 τῶν
688 1727 747 1776 ‘H
764 1728 1064 1793 ρακλείδων
1086 1730 1200 1789 (sic).
1229 1728 1358 1792 Περὶ

47 1801 361 1855 Μτολιτειῶν
388 1800 428 1848 'A
445 1800 687 1858 θηναίων
717 1801 846 1863 (sic).
870 1804 1145 1863 Fragmenta
1166 1803 1359 1861 politia-

39 1884 175 1930 ·[i'rum
198 1875 260 1919 ita
279 1875 428 1919 codex
454 1875 668 1930 exhibet,
687 1885 740 1919 ut
766 1891 875 1934 pars
897 1877 986 1919 sint
1012 1877 1119 1921 Var.
1147 1876 1359 1919 Historiae

43 1947 256 1992 ³=,AEliaui.
287 1949 406 1992 Nam
428 1948 589 1992 titulus
619 1948 766 1992 modo
799 1950 1036 2007 appositus
1059 1948 1173 1991 nihil
1202 1947 1360 1991 dissert

41 2011 133 2077 &ab
166 2019 544 2079 inscriptionibus
575 2035 676 2078 quae
707 2021 900 2079 reliquis
929 2021 1098 2064 AEliani
1134 2019 1360 2078 capitibus

36 2081 236 2155 ξ’τχρειεείῐῐι
265 2084 593 2151 praefiguntur3
621 2090 704 2135 fini
733 2102 887 2136 autem
912 2093 1220 2150 subscriptum
1241 2092 1359 2150 legi—

31 2159 149 2221 *ἔων
171 2178 183 2208 2
209 2160 345 2216 Τέλος
373 2166 448 2219 τῆς
475 2163 680 2209 Αἰλιανοῧ
709 2164 908 2220 ποικίλης
930 2161 1136 2226 ἱστορίας.
1164 2165 1362 2221 Singulis

38 2227 240 2297 ssgpolitiis
262 2236 384 2279 tituli
413 2250 512 2279 non
538 2237 900 2294 praemittuntur,
926 2237 1014 2280 nisi
1036 2235 1167 2294 quod
1196 2235 1359 2293 primae

51 2307 228 2368 'U'tulus
254 2309 304 2351 in
328 2309 468 2352 totius
490 2307 636 2351 libelli
663 2309 967 2367 inscriptione
997 2298 1362 2366 comprehendi-

35 2407 46 2437 χ
153 2413 164 2423 .
193 2380 408 2424 Ceterum
430 2379 579 2424 codex
602 2389 668 2423 est
687 2381 873 2439 optimae
897 2389 1019 2423 notae
1050 2378 1126 2440 (*).

75 2452 105 2514 ’μ’
136 2452 196 2496 Β.
222 2451 379 2495 Codex·
403 2451 653 2503 Leidensis,
680 2451 728 2492 in
748 2465 843 2508 quo
866 2451 1133 2494 Heraclides
1150 2449 1362 2508 jungitur

36 2542 45 2582 3,
79 2520 280 2579 diano,
325 2522 488 2568 Codici
514 2525 555 2566 A
577 2522 860 2577 simillimus3
892 2537 1000 2566 raro
1030 2522 1087 2564 ab
1119 2536 1174 2564 eo
1201 2522 1362 2564 leviter

9 2609 11 2613 ’
35 2586 246 2650 &issem

6 2687 11 2709 ι
37 2658 82 2714 ,ἵ
139 2665 191 2712 C.
217 2666 372 2710 Codex
397 2656 675 2719 Vaticanus,
706 2666 766 2710 N⁰
786 2665 903 2725 998,
934 2666 1080 2719 iri-4⁰,
1117 2680 1217 2708 saec.
1253 2665 1355 2707 XV.

0 2756 2 2784 ;
39 2721 340 2798 {Heraclides
363 2738 535 2795 excipit
569 2735 815 2783 AElianum.
839 2739 980 2781 Liber
1005 2738 1214 2795 omnium
1238 2737 1360 2795 opti-

0 2786 5 2864 }
38 2812 188 2877 φῶ.
215 2807 432 2865 Ejusdem
456 2808 644 2862 familiae¹
662 2825 767 2853 cum
792 2811 836 2853 A
860 2818 905 2853 et
925 2811 984 2854 B.

53 2884 102 2933 ξ
137 2896 186 2926 α.
224 2879 381 2924 coclear
406 2881 654 2934 Parisinus,
688 2883 746 2925 N⁰
779 2881 919 2940 1693,
957 2881 1131 2937 in-fol.,
1159 2881 1357 2925 membr.

34 2955 174 3010 ffic-
221 2953 350 2997 XIV.
399 2949 564 2996 AEliani
602 2954 788 2997 Variam
833 2954 1083 2998 Historiam
1126 2954 1362 3011 excipiunt

0 3035 3 3070 ζ
35 3015 308 3086 ’.ς’ᾦρυκιανοῧ
322 3022 379 3074 εἷς
391 3020 462 3068 τὸν
484 3019 688 3087 υΟμηρον
707 3021 878 3086 δίστιχα
907 3025 1022 3081 duo,
1048 3016 1195 3071 Ἆθλοι
1219 3025 1362 3087 ‘Hpot-

53 3091 412 3159 Qucstersus
427 3097 804 3155 quattuordecim
816 3132 828 3153 ‚
851 3113 903 3141 ac
922 3097 1140 3156 deinceps
1159 3098 1240 3142 fol.
1264 3097 1324 3142 56
1346 3114 1357 3142 ε

0 3202 1 3206 ,
53 3157 258 3226 fflxriiiv
289 3163 598 3230 Ἣρακλείδους
622 3166 738 3231 (sic)
761 3167 858 3231 περὶ
887 3168 1130 3216 πολιτειῶν.
1156 3171 1363 3229 Scriptus

42 3235 94 3298 ἰ
136 3284 139 3285 ⁷
175 3247 318 3284 anter.
337 3241 538 3285 Alterius
547 3240 763 3285 codicum
778 3242 959 3285 familiae
976 3241 1108 3286 facile
1123 3243 1359 3301 princeps,

35 3351 40 3373 3
102 3308 182 3370 jib.
210 3310 366 3355 Codeae
390 3311 640 3366 Parisinus,
662 3314 724 3357 No
744 3313 884 3373 1‘694,
906 3314 1078 3369 in-fol.,
1098 3314 1364 3358 chartaceus

36 3413 43 3420 ·
88 3388 91 3390 ’
157 3415 170 3428 .
186 3382 312 3429 XVI.
337 3385 524 3428 Insunt:
545 3383 714 3430 AEliani
735 3387 842 3431 Var.
858 3386 1002 3440 Hist„
1021 3382 1104 3431 Ἐκ
1123 3385 1207 3428 τῶν
1225 3382 1361 3446 Ἥρα-

215 3471 239 3499 υ
262 3452 360 3518 περὶ
383 3455 628 3511 πολιτειῶν,
657 3454 822 3501 AEliani
844 3459 947 3502 Nat.
978 3459 1134 3501 Anim.
1166 3456 1258 3517 (Cf.
1286 3459 1361 3501 Ja-

0 3578 1 3583 ,
45 3550 54 3565 —-
128 3571 130 3573 ,
207 3527 396 3585 Ρτεεΐᾶῐ.,
411 3529 462 3575 in
483 3529 654 3572 AElian.
677 3530 784 3574 Ναὶ,
805 3533 894 3573 An.
917 3545 964 3588 p.
994 3529 1052 3572 83
1073 3529 1107 3589 ).

57 3596 185 3662 &1³:4⁶⁶
214 3598 371 3645 Codex
385 3601 659 3644 Basiliensis
681 3599 759 3662 (F.
781 3602 868 3655 VI,
894 3597 1011 3662 29),
1038 3599 1187 3655 ἑτι-80,
1226 3601 1363 3644 char-

53 3663 243 3734 Quas,
258 3679 469 3716 constans
491 3673 672 3732 paginis
689 3687 768 3728 22,
797 3688 998 3731 quorum
1022 3673 1076 3716 16
1104 3682 1149 3716 et
1166 3673 1362 3717 dimidia

54 3740 312 3807 *influent
340 3744 650 3788 Heraclidem.

43 3807 187 3885 gad.
217 3813 372 3880 Codex
402 3815 743 3870 Laurentianus,
784 3818 904 3876 plut.
938 3818 1051 3872 LX,
1097 3816 1362 3876 19,·in-80,

47 3920 56 3931 .,
232 3900 331 3933 ran.
346 3902 447 3934 saec.
469 3889 598 3947 XIV,
618 3890 686 3932 uti
700 3889 880 3935 dieunt.
898 3888 1162 3933 Heraclides
1175 3890 1362 3932 AEliano

44 3961 67 3987 ’Ὗ
119 3959 123 3962 ’
192 3955 296 4001 ’tur-

92 4093 97 4122 ἰ
112 4104 125 4120 w
145 4082 188 4133 Ἰ)
214 4085 327 4143 Hunc
345 4083 492 4126 librum
511 4087 613 4127 sicut
638 4089 814 4139 reliquos
837 4089 938 4128 duos
960 4089 1155 4129 Parisinos
1177 4090 1189 4138 (
1209 4100 1236 4128 a
1252 4090 1292 4127 et
1312 4089 1362 4137 b)

123 4142 127 4146 ’
179 4142 552 4191 quoqueadhibui.f
570 4145 689 4192 Quod
711 4149 918 4196 propterea
933 4157 1099 4191 menen,
1117 4157 1167 4184 ne
1182 4146 1270 4195 quis
1292 4145 1366 4185 11ιί-

167 4197 255 4246 .r,'si
267 4197 307 4239 in
322 4200 443 4239 variae
457 4201 638 4242 lectionis
651 4205 854 4243 notatione
876 4204 1086 4254 aliquoties
1099 4203 1366 4253 discrepamus

146 4252 315 4309 editione
330 4258 630 4308 Schneidewini.

1070 327 1153 375 DE
1189 326 1388 375 REBUS
1424 325 1720 374 PUBLICIS.

76 946 337 1007 sumpserit,
356 945 451 1003 ipse
473 957 572 986 non
594 941 828 986 indicavit.
854 942 1017 999 Itaque
1039 940 1097 984 de
1122 930 1382 983 codicibus'

2615 341 2705 382 201

1500 450 1538 478 e.
1577 434 1734 478 Codex·
1758 438 2114 492 Laurentianus,
2142 440 2259 496 plut.
2280 441 2408 484 LXX
2422 475 2432 495 ‚
2462 442 2521 485 26
2535 477 2547 497 ,
2570 442 2716 499 iii-4⁰,

27 485 186 593 &fitero
200 516 461 562 Koeleriana
473 513 617 557 editio
632 547 644 568 ‚
660 525 750 569 qua
766 524 862 569 prae
880 508 1043 552 ceteris
1060 523 1166 551 usus
1179 517 1245 552 est
1258 507 1352 554 Co·
1435 507 1691 552 membran.
1715 522 1813 552 saec.
1839 509 1938 552 XV.
1967 510 2232 553 Heraclides
2250 510 2434 566 junctus
2461 516 2659 558 AElfiano,

1486 577 1537 634 f.
1579 578 1735 622 Codex
1779 580 2065 631 Sluisc'anus,
2129 600 2146 618 «
2192 596 2332 638 quem
2367 585 2629 629 Perizonius
2670 588 2717 629 in

1435 647 1621 694 AEliano
1643 648 1827 692 edendo
1850 659 2101 707 occupatus
2119 661 2360 709 acceperat
2383 669 2407 696 a
2432 655 2557 698 Frid.
2578 658 2720 700 Sluis-

1432 720 1601 774 kenio,
1636 721 1772 763 euriae
1813 720 2075 763 Hollandiae
2116 721 2338 779 praeside,
2381 725 2716 782 antiquiorem,

1433 802 1485 835 ut
1499 793 1577 846 ait,
1592 792 1807 836 Leidensi
1828 792 1923 836 illo.
1944 792 2252 836 collationem
2280 809 2335 836 10
2357 809 2486 853 capp.
2509 798 2720 854 priorum

1433 864 1604 922 sumpsi
1630 877 1655 907 e
1679 863 1858 906 schedis
1884 864 2130 906 Perizonii.
2159 883 2177 902 »
2207 864 2490 911 Sclmeidew.

1498 950 1545 993 g.
1580 935 1733 979 Codex
1753 935 2094 987 Ambrosianus,
2129 935 2177 978 C.
2204 940 2227 987 l.
2247 970 2258 991 ,
2284 935 2438 989 in—80,
2461 937 2717 980 membran.

1434 1022 1536 1053 saee.
1569 1009 1671 1062 XV,
1702 1016 1754 1051 ut
1788 1007 1990 1054 videtur..
2034 1007 2250 1050 Continet
2287 1007 2453 1052 AEliani
2496 1010 2601 1052 Var.
2643 1008 2720 1064 11„

1434 1079 1627 1123 Luciani
1649 1078 1843 1122 disticha
1865 1079 1914 1121 in
1930 1080 2206 1132 Homerum,
2232 1095 2388 1123 versus
2406 1080 2463 1123 de
2489 1081 2724 1124 laboribus

1435 1149 1672 1206 Here'ulis,
1707 1152 2031 1207 Heraclidem,
2056 1151 2350 1195 Aristotelem
2389 1149 2495 1214 Περὶ
2526 1151 2723 1214 παραδό-

1436 1218 1517 1273 ξων
1551 1219 1853 1282 ἀκουσμάτων,
1878 1223 1982 1266 alia.

1495 1310 1546 1352 p.
1571 1295 1731 1338 Codex
1751 1296 2017 1350 Vaticanus,
2033 1295 2095 1339 N⁰
2119 1285 2258 1351 1375,
2282 1296 2423 1350 ixi-4⁰,
2443 1296 2723 1355 chartaceus,

1435 1381 1537 1411 saec.
1563 1367 1649 1411 XV
1673 1368 1885 1410 exeuntis
1908 1367 1982 1410 vel
2007 1382 2107 1413 saec,
2141 1368 2270 1413 XVI.
2299 1369 2423 1410 Inest
2447 1368 2655 1413 AElianus
2681 1379 2726 1413 et

1435 1437 1718 1482 Heraclides.
1743 1457 1761 1476 «
1779 1437 1938 1482 Codex
1952 1439 2065 1480 mihi
2082 1439 2216 1482 valde
2228 1440 2541 1482 memorabilis
2553 1474 2563 1494 ,
2581 1455 2725 1498 quum

1435 1510 1677 1553 Camillum
1702 1511 1950 1553 Peruscum
1982 1525 2038 1554 ex
2070 1511 2161 1554 hoc
2194 1512 2292 1569 ipso
2318 1511 2570 1554 editionem
2598 1528 2725 1556 suam

1435 1584 1788 1643 exprimendam
1817 1580 2043 1628 curavisse
2065 1587 2324 1629 certissimis
2347 1585 2529 1629 indiciis
2550 1588 2726 1631 evinca-

1436 1665 1528 1702 tur.
1555 1657 1679 1714 Quid
1705 1657 1835 1715 quod
1857 1673 1998 1701 manu
2017 1658 2158 1716 ipsius
2178 1658 2363 1701 Perusci
2387 1659 2584 1717 scriptus
2607 1659 2725 1702 liber

1433 1729 1637 1783 videtur,
1679 1730 1911 1788 siquidem
1936 1737 2047 1773 teste
2081 1731 2290 1774 Brunnio
2328 1745 2381 1773 ea
2412 1745 2513 1788 quae
2547 1746 2602 1774 ex
2634 1732 2724 1774 alio

1434 1801 1557 1845 libro
1578 1803 1792 1860 pleniore
1809 1803 1857 1845 in
1871 1803 1960 1848 hoc
1977 1810 2081 1846 sunt
2097 1811 2257 1860 postea
2277 1803 2486 1861 suppleta
2500 1836 2511 1858 ,
2531 1804 2725 1847 eandem

1434 1888 1623 1917 manum
1651 1873 1875 1932 produnt.
1907 1894 1926 1914 »
1955 1874 2238 1919 Scleneidew.

1501 1947 1608 1989 Post
1619 1947 2023 1990 recensitoslibros
2039 1980 2051 2002 ,
2075 1946 2133 1990 de
2153 1947 2334 1989 ratione
2351 1960 2516 1989 eorum
2538 1947 2725 1991 Schnei-

1436 2017 1646 2062 dewinus
1674 2018 1858 2075 subjicit
1878 2019 1976 2062 haec'
2003 2033 2013 2064 τ
2046 2038 2064 2058 «
2093 2019 2320 2063 Convenit
2356 2019 2550 2078 intelligi
2581 2018 2726 2061 libros

1434 2091 1629 2149 scriptos
1652 2091 1700 2133 in
1723 2106 1902 2134 summa
1932 2106 1984 2134 re
2007 2092 2128 2133 inter
2151 2105 2197 2134 se
2222 2091 2513 2149 conspirare,
2539 2098 2590 2133 ut
2620 2091 2726 2133 licet

1435 2177 1632 2207 numero
1669 2178 1767 2206 non
1799 2163 1938 2220 pauci
1977 2163 2096 2215 sint,
2130 2177 2181 2204 re
2216 2170 2371 2205 tamen
2407 2177 2496 2219 pro
2541 2161 2727 2204 duobus

1435 2235 1639 2278 tribusve
1661 2235 1871 2278 aestimari
1896 2233 2112 2279 debeant.
2134 2234 2313 2276 Etenim
2338 2233 2468 2291 quod
2492 2234 2541 2275 in
2565 2234 2723 2292 graecis

1435 2308 1728 2365 potissimum
1765 2305 2070 2364 scriptoribus
2117 2305 2311 2358 accidit,
2356 2320 2502 2347 unum
2545 2314 2720 2348 tantum

1436 2380 1673 2437 exemplar
1693 2393 1987 2422 communem
2012 2386 2211 2436 stragem
2236 2377 2465 2420 librorum
2492 2386 2693 2420 evaserat
2708 2412 2721 2431 ,

1436 2467 1490 2494 ex
1517 2466 1611 2509 quo
1631 2451 1835 2493 universi
1860 2450 2044 2494 codices
2072 2458 2278 2493 recentes
2305 2447 2432 2511 (non
2454 2449 2575 2492 enim
2604 2450 2725 2492 ultra

1436 2539 1535 2569 sace.
1558 2524 1669 2567 XIV
1689 2521 1830 2565 finem
1849 2521 2095 2580 recedunt)
2123 2522 2349 2581 originem
2369 2522 2553 2564 habent.
2586 2522 2723 2563 Illum

1437 2596 1612 2638 librum
1657 2602 1976 2653 pervetustum
2024 2593 2158 2637 fuisse
2198 2602 2242 2636 et
2286 2593 2545 2636 uncialibus
2583 2593 2726 2636 literis

1435 2668 1658 2726 seriptum
1699 2675 1805 2709 sunt
1840 2682 1941 2724 quae
1976 2665 2201 2709 indicium
2239 2664 2431 2720 saciant3
2470 2665 2533 2708 sic
2568 2663 2625 2707 fr.
2668 2662 2722 2718 5,

1443 2755 1461 2782 1
1497 2740 1685 2790 Βακαῖος
1710 2754 1767 2782 ex
1795 2735 1984 2800 Βάκχιος
2006 2746 2166 2781 natum
2198 2746 2290 2792 est,
2317 2737 2375 2782 fr.
2404 2752 2459 2794 9,
2492 2751 2518 2779 2
2552 2733 2723 2781 Δείπειν

1437 2826 1462 2854 e
1487 2807 1678 2864 Λείπειν,
1717 2809 1775 2853 fr.
1816 2808 1904 2865 25,
1937 2825 1955 2853 1
1986 2805 2152 2855 Διώλου
2183 2809 2259 2852 vel
2282 2805 2437 2853 Διόλου
2471 2823 2527 2851 ex
2553 2806 2724 2852 Αἰόλου.

1436 2884 1637 2940 Fuitque
1661 2882 1781 2925 liber
1805 2883 1879 2925 vel
1903 2881 2096 2925 madore
2121 2890 2370 2939 corruptus
2392 2882 2558 2939 passim
2584 2881 2724 2923 aliave

1436 2955 1605 3013 injuria
1627 2955 1864 2998 vetustatis
1885 2987 1896 3008 ,
1920 2954 1994 2997 vel
2012 2968 2038 2997 a
2055 2954 2189 2996 tineis
2212 2967 2419 3007 arrosus;
2438 2952 2564 2995 unde
2588 2950 2727 2995 fiebat

1436 3037 1488 3071 ut
1514 3027 1741 3087 fugientes
1761 3025 1926 3069 ductus
1952 3041 2051 3069 non
2077 3026 2172 3086 sine
2195 3025 2404 3068 molestia
2425 3025 2599 3082 assequi
2619 3039 2727 3082 pos-

1436 3109 1537 3144 sent
1567 3101 1646 3158 qui
1678 3098 2004 3142 describebant
2023 3132 2035 3152 ,
2059 3107 2105 3142 et
2126 3097 2360 3140 interdum
2387 3096 2679 3154 desperantes
2701 3111 2726 3139 a

1438 3180 1608 3217 conatu
1641 3170 1925 3215 desisterent.
1947 3171 2350 3228 Transcripserunt
2377 3177 2529 3212 autem
2556 3168 2726 3211 librum

1438 3244 1742 3302 archetypum
1768 3242 2016 3285 minimum
2042 3242 2136 3285 duo
2171 3242 2347 3284 librarii
2382 3240 2455 3284 vel
2490 3240 2725 3300 diligentia

1436 3317 1510 3359 vel
1545 3316 1791 3358 oculorum
1815 3315 1913 3358 acie
1937 3313 2105 3356 diversi
2130 3329 2140 3356 t
2169 3328 2263 3371 quo
2288 3312 2459 3355 factum
2494 3320 2559 3354 est
2594 3320 2642 3353 ut
2671 3327 2726 3354 ex

1437 3403 1530 3431 una
1555 3388 1683 3446 quasi
1706 3387 1864 3430 radice
1889 3385 1984 3429 duo
2005 3401 2100 3429 sese
2117 3385 2366 3429 extulerint
2389 3384 2574 3428 surculi.
2593 3385 2725 3426 lN'unc

1439 3468 1591 3503 autem
1610 3474 1763 3516 neque
1779 3459 2056 3516 archetypus
2077 3458 2155 3500 ille
2169 3457 2287 3500 liber
2302 3465 2521 3515 superest,
2549 3471 2699 3513 neque
2712 3490 2723 3509 ‚

1440 3540 1492 3573 ut
1518 3530 1661 3574 credo
1687 3529 1907 3587 equidem
1923 3564 1936 3589 ,
1963 3530 2043 3587 qui
2066 3528 2241 3572 directa
2262 3529 2334 3571 via
2366 3543 2423 3571 ex
2448 3528 2528 3570 illo
2562 3526 2725 3569 ductus

1439 3605 1518 3656 sit,
1545 3602 1624 3646 sed
1651 3617 1810 3645 omnes
1839 3616 1925 3660 per
1960 3600 2216 3644 traducem.
2250 3602 2361 3658 Quae
2394 3609 2545 3644 autem
2577 3600 2625 3641 in
2650 3614 2723 3641 ar-

1441 3675 1638 3732 chetypo
1671 3674 1821 3717 labem
1847 3680 2104 3728 traxerant,
2136 3673 2183 3715 in
2213 3672 2427 3715 omnibus
2449 3671 2621 3729 pariter
2644 3669 2723 3712 de-

1439 3754 1628 3804 pravata
1651 3754 1779 3798 sunt,
1808 3744 2019 3803 quaedam
2042 3744 2218 3787 lacunae
2236 3753 2343 3787 sunt
2363 3742 2576 3785 omnibus
2596 3741 2723 3783 libris

1442 3831 1736 3870 communes3
1763 3832 1872 3859 nam
1897 3816 1978 3859 ubi
1996 3817 2046 3858 in
2065 3816 2218 3859 media
2245 3815 2467 3859 sententia
2491 3810 2718 3864 deficitur,

1440 3904 1538 3931 non
1563 3897 1717 3946 potest
1734 3896 1984 3946 excerptor
2007 3888 2225 3946 vapulare
2241 3921 2254 3945 ,
2274 3886 2354 3931 sed
2378 3885 2495 3928 male
2514 3882 2720 3925 habitum

1441 3962 1676 4019 exemplar
1702 3962 1750 4003 in
1778 3974 1911 4004 causa
1937 3969 2018 4003 est.
2041 3962 2332 4017 Quamquam
2357 3954 2587 3999 interdum
2609 3952 2717 3994 mihi

1440 4048 1538 4075 non
1567 4041 1767 4086 constat,
1789 4045 2032 4089 quousque
2054 4032 2191 4074 liceat
2214 4031 2261 4072 in
2283 4025 2551 4084 castigandis
2569 4023 2721 4066 verbis

1442 4119 1539 4146 non
1579 4105 1698 4147 sanis
1735 4114 1781 4147 et
1814 4104 2040 4147 lacunosis
2077 4100 2324 4160 progredi,
2351 4112 2492 4155 quum
2531 4095 2720 4137 obtusus

1442 4176 1610 4229 homo,
1637 4177 1717 4232 qui
1744 4174 2015 4219 Heracliden
2045 4174 2216 4215 ultimis
2240 4171 2359 4213 foliis
2382 4167 2546 4210 AEliani
2582 4166 2719 4208 illusit

1440 4248 1634 4306 primus,
1654 4249 1796 4291 multa
1811 4248 1905 4305 ipse.
1919 4243 2275 4304 pessumdedisse
2290 4240 2511 4282 videatur.
2529 4261 2588 4269 —-
2602 4239 2719 4280 Tum
