3016 4628
211 300 417 336 xxxvm

209 415 294 441 των
325 395 388 441 ἔτι
413 396 665 448 ἐνδοιαστῶς
690 397 976 461 ἀκροωμένων
1002 401 1199 447 Λατίνων
1225 403 1507 463 στησόμεθα·

208 467 553 530 ἠναγκασμένοις
577 467 614 515 δ’
640 469 876 533 ἀνθρώποις
902 471 975 518 κα).
1000 472 1071 519 τὸν
1092 472 1275 538 ἔσχατον
1299 476 1398 536 περὶ
1418 479 1502 542 ψυ-

206 544 290 605 χῆς
315 540 513 606 τρέχουσι
551 541 707 605 δρόμον
745 541 833 589 οὔτ’
870 542 1029 632 ἄπορον
1057 546 1174 592 οὐδὲν
1209 547 1295 593 οὔτ’
1326 548 1508 595 ἀντίπα-

206 615 299 663 λον.
342 635 360 655 »-
397 615 592 662 Τοιαῦτα
630 616 924 678 διαλεγόμενοι
954 617 1058 681 πρὸς
1097 619 1334 678 ἀλλήλους,
1368 622 1503 684 ὀλίγοι

208 685 286 749 μὲν
307 684 362 732 τὰ
383 688 562 751 πρῶτα,
583 686 732 734 ἔπειτα
752 688 968 742 πλείους”
946 709 1135 752 εγνωσαν
1157 694 1386 757 ἐπιχειρεῖν
1408 701 1502 748 ταῖς

207 757 382 816 πόλεσι,
422 757 497 804 καὶ
525 760 579 805 δι’
616 758 754 823 ὅρκων
793 761 985 807 ἐδίδοσαν
1023 763 1225 820 ἀλληλοις
1262 764 1310 811 τὸ
1334 766 1501 815 πιστόν.

206 828 404 897 Ἔφθασε
440 830 485 878 δὲ
520 830 598 889 τὴν
630 832 897 906 ἐπιχείρησιν
923 836 1063 881 αὐτων
1098 838 1156 888 εἷς
1180 838 1365 901 ἐμφανὲς
1391 840 1502 900 ἁγα-

213 907 352 965 γοῦσα
374 903 574 964 μήνυσις,
591 904 644 962 ἣν
660 924 743 951 των
762 906 1105 967 συνωμοσάντων
1123 908 1229 960 τινὲς
1249 910 1508 967 ἐποιησαντο

209 973 312 1038 πρὸς
350 974 422 1021 τὸν
459 974 598 1040 ἕτερον
638 980 722 1023 τῶν
756 978 927 1025 ὑπάτων
965 979 1183 1044 Μάρκιον,
1219 986 1254 1046 ᾡ
1282 982 1352 1029 τὸν
1390 982 1502 1030 κατὰ

209 1048 430 1095 Σαυνιτῶν
458 1049 645 1111 πόλεμον
670 1053 691 1096 ὃ
724 1052 879 1116 κληρος
904 1051 1156 1115 ἀπένειμεν,
1183 1054 1266 1112 ἤδη
1295 1058 1501 1120 παρειλη-

207 1118 304 1183 φότι
328 1119 377 1184 (8)
404 1119 479 1174 τὰς
499 1123 540 1167 ἐν
562 1141 614 1185 τῃ
637 1120 792 1210 Ῥώμῃ
814 1125 1167 1189 καταγραφείσας
1188 1126 1410 1189 δυνάμεις,
1434 1128 1508 1175 καὶ

206 1191 298 1238 ὄντι
331 1194 375 1238 ἐν
411 1194 510 1257 ὁδῷ.
549 1191 606 1241 ‘O
643 1194 686 1240 δὲ
722 1193 882 1247 ὕπατος
914 1196 1237 1259 ἀπροσδοκήτου
1265 1198 1339 1244 καὶ
1373 1200 1506 1246 δεινοῦ

206 1261 459 1326 πράγματος
485 1265 671 1318 ἀκούσαις
695 1264 830 1328 ἔκρινε
861 1265 920 1326 μὴ
942 1266 1074 1322 λέξειν
1107 1269 1155 1315 τὸ
1189 1278 1296 1333 πρᾶ
1281 1290 1371 1330 κμα
1408 1271 1507 1334 μητ’

208 1336 369 1383 εἰδέναι
391 1338 553 1395 δοκειν,
580 1337 694 1384 ἀλὶὰ
725 1339 778 1385 δι’
803 1339 973 1397 ἀπάτης
999 1340 1110 1395 τινὸς
1136 1342 1211 1389 καὶ
1246 1343 1506 1407 στρατηγίας

208 1411 405 1456 κωλῦσαι
427 1409 481 1457 τὰ
503 1410 816 1473 συμὸησόμενα
838 1416 931 1466 ταῖς
947 1413 1139 1464 πόλεσιν.
1162 1414 1437 1470 Ἀποστείλας
1455 1417 1506 1474 δή

208 1501 327 1536 τινας
353 1481 444 1543 ἅμα
465 1484 551 1535 τοῖς
572 1491 778 1544 μηνυταῖς
804 1485 1180 1540 κατασκευαστοὺς
1201 1489 1258 1541 εἷς
1274 1487 1348 1541 τὰς
1365 1488 1508 1543 πόλεις

210 1555 308 1618 πρὶν
334 1554 461 1601 αὐτὸν
489 1555 538 1620 (9)
558 1557 709 1614 ἐλθεῖν,
734 1558 1054 1621 προσεσκεύασε
1067 1557 1266 1619 λέγεσθαι
1290 1549 1395 1624 πρὸς
1415 1561 1510 1615 τοὺς

210 1629 254 1673 ἐν
275 1634 367 1680 ταῖς
390 1628 760 1692 παραχειμασίαις
775 1668 787 1689 ,
814 1628 880 1676 ὅτι
901 1628 976 1684 τὰς
1001 1629 1077 1692 μὲν
1101 1630 1284 1696 φρουρὰς
1305 1633 1414 1693 ἔγνω
1434 1653 1506 1680 κα-

207 1702 402 1747 ταλιπεῖν
422 1702 463 1746 ἐν
482 1705 574 1755 ταῖς
595 1701 744 1748 πόλεσι
765 1701 839 1755 τὰς
859 1701 953 1749 τότε
976 1703 1120 1764 οὔσας,
1141 1705 1232 1750 ἐπεί
1249 1725 1295 1766 γε
1313 1706 1384 1767 (ιο)
1415 1709 1509 1768 βου-

168 1794 171 1798 ·
209 1771 403 1834 λομένοις
439 1772 552 1819 ἐστὶν
593 1779 679 1826 τοῖς
718 1776 976 1834 Καμπανοῒς
1009 1774 1142 1828 αὐτὰς
1175 1774 1337 1836 μένειν,
1374 1780 1427 1841 τῇ
1463 1778 1507 1823 δὲ

210 1844 372 1892 οἴκοθεν
417 1846 632 1909 ἀφιγμένη
676 1843 750 1890 σὺν
787 1847 905 1910 αὐτῷ
943 1846 1122 1908 δυνάμει
1161 1849 1367 1909 πολεμεῖν
1409 1849 1511 1913 πρὸς

212 1917 428 1971 Σαυνίτας
475 1915 872 1981 παρασκευάζεται.
962 1917 1048 1965 Καὶ
1098 1918 1268 1966 ἔπεισεν
1317 1919 1512 1975 ἅπαντας

673 1989 946 2054 Ἀφικόμενος
973 1990 1017 2036 δὲ
1044 1993 1103 2044 εἷς
1129 1993 1204 2048 τὴν
1244 1992 1510 2055 Καμπανίαν

212 2062 321 2123 μετὰ
351 2065 425 2118 τῆς
450 2069 651 2125 στρατιᾶς
675 2061 849 2118 ἁπάσης
874 2065 932 2115 εἰς
957 2062 1144 2119 ἑκάστην
1171 2063 1334 2128 παρῄει
1362 2065 1511 2123 πόλιν,

212 2134 286 2181 καὶ
321 2134 416 2189 τοὺς
454 2136 497 2181 ἐν
537 2135 630 2188 ταῖς
672 2138 874 2199 φρουραῖς
913 2134 1261 2197 ἀνακαλούμενος
1308 2136 1512 2200 διέκρινεν

212 2208 426 2272 ἁπάντων.
450 2206 546 2261 τοὺς
585 2207 883 2270 μετασχόντας
913 2211 990 2264 τῆς
1028 2208 1325 2269 συνωμοσίας,
1363 2209 1512 2256 ἔπειτα

210 1993 347 2035 ταῦτα
375 1989 608 2036 ὑπολαὸεἱν
617 2027 628 2037 .

210 2279 520 2344 φιλανθρώπως
545 2280 742 2333 ἑκάστοις
775 2279 1096 2343 διαλεγόμενος,
1123 2279 1194 2333 οὒς
1218 2281 1295 2341 μὲν
1323 2281 1512 2329 ἀπέλυσε

210 2373 293 2398 των
319 2351 536 2445 σημείων,
562 2354 618 2405 ὡς
637 2350 689 2398 ἂν
711 2351 991 2414 χαριζόμενος
1016 2351 1094 2409 τὴν
1117 2351 1266 2417 ἄφεσιν
1293 2373 1368 2409 της
1389 2373 1515 2418 στρα-

211 2425 353 2483 τείας,
379 2424 449 2478 ους
475 2422 519 2471 δε
539 2428 600 2471 τῶ
617 2423 862 2488 πρεσὸευτῗι
891 2444 964 2470 και
983 2427 1045 2470 τῶ
1065 2426 1515 2515 χιλιάρχωπαραδους

211 2519 270 2552 ως
295 2497 366 2544 επὶ
388 2497 541 2562 χρείας
573 2496 624 2554 δη
656 2516 774 2551 τινας
811 2496 1127 2562 στρατιωτικὰς
1154 2492 1514 2562 ἀπέ)υσε·(ουτοι

215 2572 254 2617 δ’
278 2575 387 2628 ἠσαν
412 2574 450 2618 οἱ
475 2569 758 2633 πονηρότατοι
783 2589 857 2616 και
886 2571 967 2634 οὐχ
1006 2570 1289 2631 ὑπομένοντες
1314 2573 1513 2637 ἀφεῖσθαι

213 2646 289 2698 τ’ἧς
326 2641 600 2705 στρατείας),
625 2641 919 2704 ἐντειλάμενος
944 2644 1030 2697 τοῖς
1059 2642 1236 2690 ἄκουσιν
1276 2643 1428 2698 αὐτους
1458 2647 1515 2699 εἷς

216 2712 399 2773 Ῥώμην
418 2715 666 2774 διακομίσαι
686 2714 761 2761 καὶ
778 2714 1006 2778 φυλάττειν
1025 2717 1066 2762 ἐν
1089 2693 1261 2773 ἀδήλοις
1278 2719 1515 2780 φυλακαῖς,

215 2787 502 2852 χωρήσαντας
526 2785 679 2839 ἄλλους
714 2789 789 2831 ἀπ’
817 2786 983 2844 ἄλλων,
1012 2786 1093 2840 ἕως
1118 2787 1168 2834 ἂν
1201 2788 1328 2842 αὐτὸς
1352 2788 1513 2853 ἀφίκη-

217 2879 303 2909 ται.
339 2862 442 2911 Τοῖς
465 2858 509 2904 δὲ
535 2858 737 2923 ἀνδράσιν
764 2859 1091 2922 ἐνθυμουμένοις
1111 2860 1176 2907 ὅτι
1198 2860 1353 2914 πάντες
1377 2864 1415 2908 οἱ
1437 2881 1512 2909 κο-

218 2929 492 2996 ρυφαιότατοι
530 2933 606 2986 τ’ῆς
631 2930 899 2991 συνωμοσίας
937 2933 975 2977 οἱ
1013 2930 1089 2992 μὲν
1130 2933 1393 2979 ἀπολύονται
1430 2935 1514 2977 τῶν

219 3002 432 3064 σημείων,
459 3004 497 3048 οἳ
537 3001 571 3047 δ’
595 3002 933 3049 ἀποστέλλονται
969 3002 1070 3067 δίχα
1097 3008 1181 3051 τῶν
1218 3004 1363 3052 ἄλλων
1389 3008 1514 3051 ὁποι-

220 3074 404 3133 δήποτε,
436 3073 640 3135 λογισμὸς
681 3075 847 3131 εἰσῆλθε
889 3080 1102 3141 περιφανῆ
1143 3078 1359 3141 γεγονέναι
1402 3081 1518 3143 σφῶν

219 3145 297 3203 τὴν
319 3147 617 3208 συνωμοσίαν,
639 3148 712 3192 καὶ
739 3146 849 3206 μετὰ
875 3153 1000 3195 τοῦτο
1023 3149 1133 3206 δέος,
1158 3151 1194 3195 εἷ
1213 3149 1346 3215 χωρὶς
1371 3149 1512 3207 ἀλλή·

219 3221 306 3267 λων
338 3217 527 3281 γένοιντο
551 3219 623 3265 καὶ
649 3218 702 3264 τὰ
733 3219 846 3265 δ’πλα
872 3224 1003 3278 θεῖεν,
1031 3221 1090 3282 μὴ
1118 3222 1237 3276 δίκας
1263 3222 1516 3287 ὑπόσχωσιν

221 3293 280 3346 εἷς
309 3289 491 3351 *Ρώμην
546 3291 830 3354 ἀπαχθέντες.
877 3292 1100 3346 Συνιόντες
1136 3294 1179 3340 δὲ
1220 3295 1314 3341 κατ’
1352 3294 1519 3355 ὀλίγους

221 3362 430 3411 ἐσκόπουν
456 3362 497 3409 τί
516 3362 600 3427 χρὴ
629 3363 849 3426 πράττειν.
873 3361 1062 3412 Ἔπειτα
1081 3365 1258 3430 γνώμην
1277 3367 1386 3420 τινὸς
1403 3369 1523 3423 εἰση-

222 3434 474 3498 γησαμένου
515 3438 584 3495 (11)
625 3435 724 3497 περὶ
766 3437 1070 3496 ἀποστάσεως,
1125 3438 1427 3492 ἐπαινέσαντες
1473 3439 1521 3485 τὸ

223 3506 459 3571 βούλευμα,
481 3506 554 3553 καὶ
574 3509 739 3562 πίστεις
766 3509 1029 3573 ἀπορρήτους
1051 3514 1093 3557 ἐν
1115 3510 1316 3569 ἀλλήλοις
1331 3510 1524 3568 ποιησά-

222 3598 358 3639 μενοι,
376 3583 451 3637 τῆς
470 3587 670 3643 στρατιᾶς
689 3580 907 3645 ἀφειμένοι
929 3582 1026 3645 περὶ
1040 3584 1293 3648 Ταρρακινὰ
1305 3583 1428 3631 πόλιν
1449 3584 1520 3648 (12)

223 3653 266 3699 ἐν
313 3651 566 3709 ἐπιτηδείοις
610 3651 782 3715 χωρίοις
828 3655 928 3718 παρ’
958 3654 1090 3711 αὐτὴν
1132 3655 1209 3712 τὴν
1249 3654 1344 3702 ὁδὸν
1388 3675 1521 3720 στρα-

223 3724 537 3771 τοπεδεύονται.
584 3722 754 3772 Ἔπειθ’
790 3728 827 3772 οἱ
877 3725 986 3785 μετὰ
1025 3731 1096 3773 τοῦ
1145 3727 1407 3791 πρεσὸευτοῧ
1450 3728 1523 3774 καὶ

224 3798 308 3842 τῶν
349 3795 588 3859 χιλιάρχων
624 3796 988 3884 ἀποστελλόμενοι
1015 3795 1109 3849 τοὺς
1137 3798 1350 3860 ἡγεμόνας
1385 3819 1506 3846 κατα·

225 3866 434 3924 λιπόντες,
474 3866 586 3913 ἔστιν
627 3867 662 3913 δ’
686 3866 754 3920 οὒς
786 3887 859 3914 και
895 3871 980 3914 τῶν
1018 3869 1206 3956 ἀγόντων
1232 3871 1350 3959 σφὰς
1387 3891 1522 3934 στρα-

226 3959 391 3985 τιωτι)ν
429 3959 481 3985 πε
465 3938 652 3992 είσαντες
677 3943 940 3998 ἀποστῆναι,
970 3960 1067 4004 περι
1103 3961 1172 3988 τον
1199 3942 1326 3988 αὐτὸν
1361 3943 1522 4007 ἱδρύον-

226 4029 296 4059 ται
321 4011 465 4058 τόπον.
505 4009 581 4064 Ὡς
612 4010 654 4057 δὲ
687 4010 802 4065 ἅπαξ
832 4015 947 4058 ουτοι
984 4012 1060 4066 τὰς
1098 4015 1307 4077 παρόδους
1341 4015 1521 4061 κατελά-

228 4082 376 4144 Εοντο,
402 4083 554 4131 πολλοὶ
575 4083 820 4147 προσῄεσαν
846 4086 988 4137 αὐτοῖς
1016 4084 1240 4149 ὁσημεραι.
1264 4085 1352 4133 Και
1372 4085 1496 4151 γὰρ*ι

755 288 837 338 ΕΚ
874 287 1000 340 ΤΗΣ
1038 291 1338 344 ΙΣΤΟΡΙΑΣ
1374 298 1720 348 ΔΙΟΝΥΣΙΟΥ
1759 302 2315 376 ΑΛΙΚΑΡΝΑΣΣΙΞΩΣ.

1583 412 1685 452 inter
1731 417 1943 465 utramque
1989 417 2141 465 partem
2189 417 2382 456 fluctuant
2395 446 2406 466 ‚
2448 417 2661 466 jungemus
2708 417 2878 458 societa-

1584 505 1678 543 tem.
1703 505 1882 554 Denique
1905 505 2022 554 viris,
2039 517 2141 556 quos
2158 506 2197 544 in
2214 510 2394 546 extremo
2422 507 2516 546 vitae
2533 507 2708 557 periculo
2726 508 2878 559 positos

1583 596 1799 635 Necessitas
1815 596 1956 646 agitat,
1979 596 2075 635 nihil
2092 608 2171 636 non
2187 597 2368 647 pervium
2384 627 2394 646 ,
2414 598 2509 637 nihil
2534 609 2614 637 non
2633 601 2692 638 est
2714 610 2876 650 supera·

1582 686 1673 725 bile.
1698 702 1715 720 υ
1738 686 1973 735 Hujusmodi
1991 688 2146 726 utentes
2161 688 2411 727 sermonibus
2427 689 2600 738 primum
2623 690 2765 740 pauci,
2782 700 2878 730 mox

1583 776 1807 826 complures
1829 776 1992 815 urbibus
2010 777 2050 815 vi
2074 777 2311 827 potiundum
2339 790 2423 819 esse
2451 779 2669 821 decernunt
2691 793 2738 821 ac
2757 782 2876 822 fidem

1582 878 1697 907 suam
1715 868 1974 906 sacramentis
1990 868 2160 907 invicem
2179 868 2366 919 obligant.
2385 872 2434 909 At
2449 871 2603 911 exitum
2624 862 2888 914 consiliorum*

1584 958 1786 1007 praevertit
1823 957 1970 997 delatio
2002 958 2302 1007 conjuratorum
2332 963 2583 1011 quorundam
2597 993 2608 1013 ,
2643 965 2712 1014 qui
2748 966 2878 1020 totum

1584 1051 1784 1099 negotium
1814 1051 1960 1090 Marcio
1987 1052 2142 1092 consuli
2162 1055 2446 1104 patefecerunt.
2483 1056 2586 1095 Huic
2606 1057 2711 1096 enim
2731 1057 2880 1098 bellum

1583 1140 1842 1180 Samniticum
1860 1142 1965 1180 sorte
1978 1145 2177 1190 evenerat,
2197 1153 2242 1182 ac
2254 1145 2339 1183 tum
2353 1155 2444 1183 cum
2458 1145 2580 1196 copiis
2596 1147 2733 1186 Romae
2747 1158 2882 1188 reeens

1583 1229 1814 1279 conscriptis
1826 1229 1910 1278 jam
1931 1234 2014 1269 erat
2029 1230 2070 1269 in
2088 1230 2241 1271 itinere.
2263 1216 2411 1273 Consul
2425 1237 2652 1286 ,comperta
2673 1247 2714 1275 re
2728 1237 2880 1287 gravis-

1582 1317 1681 1356 sima
1699 1320 1738 1356 et
1751 1318 1952 1368 inopinata
1965 1348 1976 1368 ,
1996 1330 2075 1357 non
2093 1320 2356 1370 evulgandarn
2374 1322 2439 1362 sed
2457 1322 2782 1362 dissimulandam
2799 1334 2882 1363 esse

1583 1407 1783 1455 censebat,
1806 1409 1849 1446 ut
1868 1407 2008 1447 fraude
2022 1409 2196 1458 quadam
2213 1412 2253 1450 et
2271 1411 2438 1451 artificio
2453 1412 2706 1463 imperatorio
2735 1413 2881 1465 impen-

1584 1496 1744 1536 dentem
1762 1498 1927 1537 urbibus
1952 1502 2229 1549 tempestatem
2248 1501 2468 1551 dissiparet.
2498 1505 2636 1554 ltaque
2654 1504 2884 1545 subornavit

1585 1589 1797 1629 nonnullos
1810 1620 1821 1639 ‚
1838 1593 1905 1641 qui
1923 1593 1964 1632 in
1987 1594 2106 1634 urbes
2123 1595 2271 1635 dimissi
2287 1597 2380 1634 ante
2405 1595 2528 1645 ipsius
2543 1595 2760 1636 adventurn
2782 1597 2884 1636 inter

1585 1679 1837 1722 liibernantes
1850 1683 1903 1722 ibi
1915 1686 2061 1727 milites
2073 1699 2273 1727 rumorem
2287 1690 2527 1738 spargerent,
2541 1688 2762 1729 decrevisse
2783 1700 2881 1729 con·

1584 1778 1726 1827 sulem,
1742 1780 1786 1818 ut
1797 1780 2027 1829 praesidiarii
2043 1779 2083 1818 in
2093 1779 2230 1819 iisdem
2242 1778 2391 1829 quique
2405 1779 2570 1819 urbibus
2581 1790 2686 1819 anno
2705 1781 2884 1831 sequenti

1588 1873 1814 1921 manerent,
1838 1871 2032 1921 siquidem
2057 1871 2248 1921 Campani
2268 1881 2429 1910 manere
2455 1882 2522 1910 eos
2539 1871 2711 1919 vellent,
2734 1870 2881 1910 bellum

1588 1974 1689 2002 vero
1717 1964 1855 2001 contra
1871 1961 2066 2002 Samnites
2085 1972 2177 2001 eum
2195 1972 2286 2000 cum
2303 1961 2425 2011 copiis
2440 1962 2644 2010 gesturum
2661 1972 2744 2000 esse
2757 1991 2768 2010 ,
2786 1971 2886 2010 quas

1586 2054 1711 2091 Roma
1725 2061 1859 2090 secum
1873 2050 1948 2090 edu
1956 2051 2088 2090 xisset.
2100 2051 2151 2090 Es
2151 2047 2318 2101 fecitque
2330 2054 2376 2090 ut
2387 2051 2573 2090 omnibus
2586 2051 2623 2091 id
2635 2049 2885 2102 persuadere·

1587 2145 1667 2181 tur.
1681 2140 1830 2180 Deinde
1837 2140 1904 2179 ubi
1915 2140 1996 2190 ipse
2009 2140 2263 2190 Campaniam
2278 2141 2385 2180 venit
2395 2152 2487 2180 cum
2500 2143 2585 2181 toto
2597 2142 2794 2205 exercitu,
2807 2143 2884 2183 sin·

1588 2235 1700 2285 gulas
1718 2232 1837 2272 urbes
1857 2232 2115 2282 circumibat,
2137 2239 2176 2272 et
2189 2233 2423 2272 nominatim
2438 2234 2698 2283 praesidiarios
2713 2245 2886 2274 evocans

1589 2324 1855 2374 distinguebat
1874 2324 1976 2363 inter
1992 2334 2060 2363 eos
2074 2354 2086 2374 ,
2113 2323 2182 2374 qui
2203 2324 2487 2374 conjurationis
2518 2326 2730 2377 participes
2747 2330 2860 2366 erant
2871 2341 2884 2377 3

1589 2416 1823 2466 blandisque
1850 2426 2179 2465 unumquemque
2209 2416 2340 2456 verbis
2360 2418 2592 2468 alloquens,
2624 2418 2724 2458 alios
2752 2429 2885 2457 sacra·
2912 2411 2915 2414 ’

1590 2504 1726 2542 mento
1756 2503 2006 2553 exsolvebat,
2036 2503 2149 2553 quasi
2168 2504 2390 2554 gratificans
2415 2516 2484 2544 eos
2499 2506 2638 2545 militia
2668 2506 2885 2554 eximeret,

1589 2593 1686 2633 alios
1697 2594 1821 2644 legato
1834 2596 1873 2633 et
1891 2594 2050 2633 tribuno
2063 2595 2220 2634 tradens
2234 2607 2303 2646 per
2312 2596 2482 2646 speciem
2495 2596 2724 2636 militarium
2741 2608 2886 2637 usuum

1589 2685 1796 2735 ablegabat
1814 2684 1874 2735 (et
1895 2684 1934 2723 hi
1962 2685 2124 2734 quidem
2151 2686 2331 2724 omnium
2351 2687 2638 2726 sceleratissimi
2658 2688 2793 2736 erant,
2813 2698 2888 2726 nec

1590 2774 1843 2813 exauctorari
1876 2772 2110 2824 volebant);
2141 2774 2313 2824 jusserat
2335 2778 2471 2814 autem
2494 2777 2540 2815 ut
2568 2778 2737 2815 Romam
2763 2777 2887 2816 duce·

1592 2869 1744 2915 rentur,
1763 2865 1899 2915 ibique
1923 2865 1988 2904 alii
2019 2865 2069 2904 ab
2094 2865 2180 2904 aliis
2206 2865 2394 2915 segregati
2425 2865 2678 2907 clandestinis
2698 2868 2889 2909 custodiis

1593 2960 1913 3008 observarentur,
1935 2969 2062 3008 usque
2077 2958 2176 2997 dum
2197 2959 2278 3008 ipse
2293 2958 2528 2998 advenisset.
2552 2961 2739 2999 Ceterum
2757 2961 2889 3011 conJu-

1594 3050 1667 3088 rati
1691 3051 1919 3100 reputantes
1934 3048 2130 3099 principes
2148 3048 2324 3098 ipsorum
2341 3060 2477 3088 omnes
2496 3050 2641 3099 partim
2661 3049 2800 3089 militia
2816 3061 2887 3088 ex-

1594 3137 1714 3186 solvi,
1742 3138 1888 3188 partim
1907 3137 1986 3176 buc
2011 3137 2107 3176 illuc
2125 3127 2296 3186 dimitti,
2323 3138 2609 3187 perspexerunt
2637 3137 2799 3176 consilia
2817 3148 2890 3176 sua

1594 3233 1823 3271 emanasse,
1846 3222 2047 3272 timorque
2070 3221 2224 3261 animos
2243 3222 2422 3270 incessit,
2447 3233 2519 3272 ne,
2547 3222 2580 3262 si
2602 3222 2679 3261 boc
2695 3223 2810 3272 pacto
2825 3233 2888 3262 se·

1594 3310 1722 3360 parati
1740 3311 1868 3350 essent
1887 3322 2076 3361 armaque
2102 3311 2346 3361 posuissent,
2369 3313 2535 3350 Romam
2555 3310 2717 3351 abducti
2742 3311 2890 3361 J‘udicia

1596 3400 1635 3437 et
1650 3409 1787 3448 poenas
1806 3400 1935 3438 essent
1955 3398 2136 3437 subituri.
2163 3398 2415 3448 coeuntesig,
2405 3398 2496 3438 itur
2515 3398 2692 3438 nonnulli
2709 3397 2889 3448 dispicie-

1598 3484 1692 3523 bant
1719 3484 1817 3535 quid
1844 3481 2066 3523 faciendum
2095 3485 2209 3523 esset.
2239 3485 2340 3523 Tum
2378 3484 2620 3532 proponente
2638 3481 2812 3533 quodam
2839 3483 2889 3523 de

1597 3570 1813 3609 desectione
1828 3569 2087 3618 sententiam,
2113 3569 2387 3608 collaudantes
2405 3568 2444 3608 id
2473 3559 2683 3608 consilium
2702 3569 2742 3607 et
2771 3565 2889 3607 tidem

1598 3657 1738 3696 mutuo
1767 3655 1841 3695 sibi
1867 3654 1908 3694 in
1927 3655 2084 3694 occulto
2111 3654 2419 3704 obstringentes,
2447 3652 2594 3692 relictis
2622 3652 2761 3692 castris
2782 3652 2887 3691 hand

1597 3746 1770 3796 procula
1786 3745 1995 3785 Tarracina
2013 3744 2108 3783 urbe
2123 3743 2163 3783 in
2180 3744 2276 3783 locis
2290 3743 2441 3782 idoneis
2455 3731 2504 3782 ad
2522 3742 2645 3792 ipsam
2666 3742 2770 3781 viam
2791 3753 2888 3780 con·

1597 3832 1745 3871 sidunt.
1765 3830 1916 3871 Deinde
1930 3829 1956 3868 ii
1972 3830 2039 3880 qui
2061 3840 2153 3868 cum
2173 3827 2307 3879 legatis
2325 3829 2366 3867 et
2379 3826 2552 3866 tribunis
2569 3825 2738 3876 ablegati
2759 3829 2886 3875 erant,

1598 3919 1717 3957 duces
1735 3927 1827 3956 suos
1855 3915 2077 3955 deserentes
2109 3915 2148 3953 et
2176 3925 2226 3952 ex
2257 3911 2349 3963 ipsis
2374 3911 2542 3951 ducibus
2564 3911 2774 3950 nonnullos
2792 3922 2887 3950 sua-

1598 4005 1727 4044 dendo
1753 4004 1802 4043 ad
1822 4003 2082 4043 desectionem
2109 4001 2400 4051 pertrahentes,
2428 3998 2599 4039 eundem
2623 3999 2726 4037 eirea
2754 3998 2886 4037 locum

1599 4094 1729 4131 castra
1753 4091 1966 4130 metantur.
1998 4087 2075 4135 Qui
2099 4090 2223 4137 quum
2251 4070 2372 4125 semel
2400 4085 2588 4124 transitus
2605 4086 2885 4134 occupassent,

287 4223 325 4258 8.
349 4220 579 4270 παρείληφεν
615 4219 671 4257 ὅτι
691 4218 778 4257 cod.
799 4241 845 4246 —-
865 4223 901 4258 9.
922 4219 1059 4263 αὐτοὺς
1081 4219 1238 4258 ε()(1.-
1266 4225 1322 4258 10.
1342 4220 1422 4258 ἐπεὶ
1444 4219 1586 4258 ctu-011.
1620 4221 1711 4258 Mox
1733 4217 1868 4256 malim
1912 4216 2083 4254 ἔπεισαν.
2109 4236 2158 4242 -
2185 4219 2241 4252 11.
2263 4213 2365 4256 τινὰς
2388 4213 2704 4261 εἰσηγησαμένων
2733 4211 2882 4250 cod.-

240 4282 295 4315 12.
309 4276 699 4326 Ταρακινάπο)ινευ(1
725 4276 871 4315 Α(11ι.1.
889 4276 1186 4326 spectitsupi»
1202 4278 1320 4326 1³3⁷..

1333 4278 1617 4326 sappo-ammi.
1637 4276 1886 4326 Ἰαρρακινα),
1898 4275 2003 4319 πόὶις
2020 4274 2196 4316 Ἰταλιας.
2211 4272 2408 4316 Διονύσιος
2426 4270 2753 4319 πεντεκαιδεκατῳ
2767 4269 2893 4318 Ρωμ.
