3008 4542
1247 207 1473 256 SOSlBlI

177 313 416 372 Vulgarem
450 309 678 354 rationem
703 310 910 355 Sosibius
942 311 988 354 in
1023 327 1076 354 eo
1111 311 1320 369 sequitur
1340 310 1471 368 quod

174 400 268 439 res,
296 401 398 443 quae
422 384 708 442 epocharum
729 384 870 426 instar
902 393 1046 439 sunt,.
1067 384 1124 428 ab
1159 399 1247 426 aera
1272 381 1474 440 'I'rojana

170 455 470 516 proficiscens
489 463 705 515 exputat,
736 457 803 499 uti
830 465 959 515 patet
982 472 1038 501 ex
1064 457 1254 516 epochis
1281 456 1474 499 Homeri

171 519 217 573 et
234 529 457 573 ludorum
469 529 771 573 Carneorum.
791 529 883 573 Sed
899 530 949 572 in
965 531 1062 589 ipsa
1079 530 1258 589 epocha
1275 527 1474 586 Trojana

172 600 496 646 constituenda
530 601 589 644 ab
619 615 672 645 ea
700 602 801 656 via,
835 616 977 660 quam
1005 602 1220 660 plerique
1244 601 1471 655 inierunt,

154 673 364 734 recedit.
391 672 572 716 Etenim
589 682 839 731 postquam
861 674 1063 732 spatium
1081 674 1202 717 inter
1218 672 1405 731 Trojam
1430 681 1476 716 et

172 744 444 790 Heraclidas
464 744 797 788 intermedium
812 778 824 801 ‚
849 744 981 803 quod
999 746 1049 788 in
1070 753 1182 791 vett.
1205 745 1474 809 ἀναγραφαῖς

173 827 271 862 erat
287 832 519 862 annorum
545 833 562 861 1
574 817 633 861 26
650 851 663 873 ,
686 818 746 862 ad
763 833 907 862 annos
922 833 984 878 90
1006 817 1198 876 quidam
1219 833 1474 862 revocave-

171 898 302 946 rant,
327 890 546 949 plurimi,
566 891 648 949 qui
670 890 720 934 id
743 890 1034 949 probarunt,
1065 891 1126 933 ita
1153 890 1395 944 fecerunt,
1423 898 1475 934 ut

172 963 223 1006 in
242 963 422 1022 epocha
441 962 643 1020 Trojana
663 972 865 1007 veterem
887 978 1135 1006 numerum
1157 964 1384 1022 cyclicum
1403 978 1475 1007 re-

173 1037 391 1092 tinerent,
407 1045 547 1095 atque
566 1036 624 1080 ab
637 1037 728 1080 hoc
744 1035 1091 1095 proficiscentes
1108 1052 1279 1080 annum
1295 1037 1477 1081 reditus

174 1107 528 1154 Heraclidarum
549 1118 841 1168 exputarent.
858 1109 932 1153 Sic
947 1124 992 1153 v.
1017 1125 1058 1152 c.
1075 1109 1236 1153 Castor
1248 1110 1477 1169 epocham

172 1180 418 1240 Trojanam
445 1182 582 1240 ponit
600 1196 677 1226 an.
717 1195 835 1237 1217
869 1180 1127 1241 (=7><63
1164 1191 1270 1226 ante
1295 1182 1368 1227 Ol.
1402 1179 1473 1243 1),

172 1261 219 1298 et
242 1254 351 1299 hinc
374 1269 520 1298 annos
543 1269 605 1314 90
631 1253 869 1317 deducens
905 1255 1259 1300 Heraclidarum
1279 1255 1476 1300 descen-

172 1342 274 1371 sum
301 1328 497 1387 assignat
524 1341 648 1370 anno
690 1342 830 1383 1127.
872 1327 1044 1372 Contra
1069 1330 1196 1373 Laco
1233 1338 1392 1373 noster
1417 1329 1475 1373 ab

171 1400 352 1459 epocha
369 1433 380 1453 ‚
408 1414 547 1458 quam
575 1398 929 1443 Heraclidarum
964 1401 1135 1444 reditui
1171 1410 1350 1445 veteres
1373 1401 1478 1445 ἀνα-

171 1471 334 1536 γραφαὶ
351 1473 621 1516 tribuebant
644 1472 747 1533 (an.
780 1488 893 1533 1091
911 1491 972 1516 z
989 1473 1014 1519 5
1047 1484 1088 1524 ><
1119 1473 1178 1518 63
1201 1483 1306 1519 ante
1321 1475 1394 1519 01.
1418 1474 1476 1535 1),

171 1544 500 1605 proficiscitur,
541 1553 594 1588 ut
617 1544 788 1589 additis
822 1547 952 1590 annis
976 1562 1037 1607 90
1063 1547 1291 1606 epocham
1315 1547 1480 1606 Troja-

170 1634 280 1662 nam
301 1619 567 1662 constituat.
591 1618 801 1662 Eandem
825 1620 1056 1664 rationem
1077 1621 1216 1664 etiam
1235 1622 1273 1664 is
1292 1630 1475 1665 secutus

170 1700 254 1746 est,
275 1705 331 1734 ex
354 1706 449 1749 quo
469 1690 695 1734 Eusebius
717 1706 853 1734 suum
871 1691 1195 1737 Proclidarum
1217 1693 1479 1754 catalogum

170 1771 407 1808 mutuatus
431 1772 520 1819 est,
553 1764 641 1807 nisi
677 1763 809 1823 quod
843 1765 1201 1810 Heraclidarum
1234 1767 1366 1826 regni
1391 1767 1479 1810 ini-

173 1838 290 1880 tium
318 1852 414 1880 uno
437 1836 569 1896 cyclo
598 1836 871 1881 inferiorem
903 1848 1049 1897 ponat
1072 1838 1228 1900 (1028
1260 1855 1303 1884 a.
1333 1839 1385 1886 C.
1415 1860 1480 1880 =

174 1915 201 1964 4
226 1918 269 1960 ><
293 1909 353 1954 63
386 1925 428 1954 a.
462 1910 537 1956 Ol.
579 1925 597 1952 1
616 1908 655 1969 ),
691 1909 894 1971 ideoque
928 1926 1074 1970 usque
1113 1913 1174 1957 ad
1213 1913 1479 1958 Charilaum

170 1998 270 2027 11011
293 1998 395 2038 sex,
421 1982 503 2026 sed
527 1991 619 2026 tres
641 1991 823 2026 tantum
845 1998 977 2044 reges
1000 1995 1226 2031 recenset.
1249 1985 1382 2029 Idem
1415 1987 1478 2030 ita

171 2055 299 2111 fecit,
318 2063 371 2099 ut
392 2056 448 2099 ab
467 2071 542 2115 ep.
560 2054 761 2114 Trojana
776 2071 924 2115 usque
942 2057 1002 2100 ad
1021 2056 1163 2102 finem
1183 2059 1478 2118 Theopompi

171 2130 262 2172 sint
285 2129 393 2172 anni
420 2127 512 2172 368
536 2128 630 2172 sive
653 2142 730 2171 sex
753 2129 884 2187 cycli.
907 2129 1087 2187 Quodsi
1110 2131 1323 2175 similiter
1348 2132 1474 2176 Sosi-

171 2201 278 2245 bius
290 2216 482 2260 quoque
495 2217 589 2246 rem
613 2201 878 2262 adornavit,
895 2203 1106 2262 sequitur
1118 2204 1480 2263 Theopompum

173 2273 300 2333 apud
334 2289 440 2317 eum
475 2289 688 2334 regnasse
722 2274 853 2318 annis
890 2273 945 2318 31
984 2271 1002 2336 (
1014 2271 1320 2335 770—740),
1359 2275 1478 2320 adeo

171 2356 223 2391 ut
236 2361 262 2391 a
275 2347 413 2405 Troja
426 2346 486 2390 ad
503 2345 643 2391 finem
656 2346 951 2406 Theopompi
963 2355 1139 2407 septem
1151 2348 1242 2392 sint
1262 2349 1398 2407 cycli.
1415 2375 1480 2382 —

171 2420 368 2464 Homeri
403 2420 585 2479 epocha
615 2420 751 2463 simul
787 2421 925 2464 etiam
962 2420 1163 2480 Lyrurgi
1197 2435 1292 2464 esse
1317 2420 1472 2468 debet.

171 2494 284 2550 Quae
309 2508 456 2552 quum
487 2493 688 2537 Charilai
717 2508 841 2537 anno
869 2501 1035 2538 octavo
1060 2492 1366 2549 adscribatur,
1390 2509 1476 2554 pa—

173 2573 238 2609 tet
261 2580 363 2610 eam
396 2565 455 2610 de
495 2581 642 2622 anno,
668 2582 763 2626 quo
793 2567 915 2627 leges
948 2568 1189 2626 Lycurgus
1214 2567 1473 2626 scripserit,

170 2639 522 2699 intelligendam
542 2654 650 2686 esse.
667 2639 758 2683 Alii
775 2654 949 2683 annum
966 2654 1062 2698 quo
1086 2639 1277 2684 tutelam
1295 2641 1478 2699 Lycur-

171 2725 256 2770 gus
280 2712 503 2770 suscepit,
527 2727 618 2771 pro
640 2711 820 2771 epocha
843 2711 1096 2755 habebant.
1126 2712 1199 2755 Sic
1221 2712 1359 2756 etiam
1383 2713 1474 2756 Eu·

172 2784 285 2828 sebii
314 2793 479 2829 auctor
506 2785 640 2841 fecit,
671 2784 799 2844 apud
831 2800 973 2844 quem
1007 2784 1245 2830 Charilaus
1277 2801 1475 2847 regnum

172 2858 362 2918 suscipit
384 2875 458 2906 an.
486 2857 597 2911 884.
623 2860 776 2916 Quare
798 2859 875 2902 ille
900 2859 962 2902 ita
981 2873 1149 2919 regum
1169 2874 1316 2904 annos
1340 2859 1476 2904 ador·

172 2930 317 2987 navit,
338 2940 390 2976 ut
407 2947 432 2976 a
447 2931 583 2989 Troja
605 2946 751 2990 usque
771 2931 831 2975 ad
853 2931 1118 2978 Charilaum
1140 2932 1231 2975 sint
1248 2933 1357 2976 anni
1379 2931 1470 2977 252

172 3005 266 3048 sive
289 3009 315 3057 4
333 3014 372 3055 ><
388 3005 447 3049 63
470 3003 678 3066 (Fragm.
699 3004 877 3049 Chron.
903 3020 950 3063 p.
983 3004 1111 3064 186).
1126 3007 1196 3049 De
1215 3005 1401 3050 Carneis
1423 3022 1469 3049 v,

172 3078 431 3122 Hermann.
456 3079 487 3121 1.
514 3079 546 3121 l.
578 3077 603 3137 ξ
629 3075 687 3122 53
706 3111 717 3132 ‚
747 3093 808 3136 29
830 3093 929 3136 sqq.

239 3151 419 3195 Primus
446 3151 495 3194 in
517 3150 703 3195 Carneis
726 3149 847 3193 ludis
877 3150 989 3193 vicit
1017 3149 1309 3209 Terpander,
1335 3150 1473 3195 Midae

171 3223 293 3282 regis
308 3223 509 3282 aequalis,
531 3229 644 3266 teste
662 3223 904 3266 Hellanico
927 3220 1007 3282 (fr.
1034 3237 1141 3277 122,
1163 3221 1277 3282 123)
1301 3223 1350 3266 111
1366 3224 1473 3269 Car·

172 3297 391 3342 neonicis.
426 3297 529 3339 Jam
564 3310 710 3353 quum
740 3295 888 3338 Midas
921 3296 1080 3354 paullo
1109 3297 1349 3355 antiquior
1380 3312 1473 3342 esse

173 3366 343 3413 debeat
367 3367 622 3430 (Herodot.
644 3369 689 3422 I,
724 3372 776 3419 14
794 3367 806 3427 )
827 3368 954 3428 Gyge
974 3365 1294 3430 (713—678),
1313 3370 1472 3429 Lydo·

183 218 278 269 510

1516 209 1722 259 LACON
1730 210 1784 259 IS

1550 327 1643 356 esse
1678 315 1974 373 suspicantur,
2003 313 2095 377 (uti
2126 319 2382 365 Hermann.
2419 320 2451 366 1.
2480 320 2567 381 1.),
2595 322 2672 366 alii
2694 324 2906 371 011111111ὲ

1551 386 1834 444 testimonia,
1862 404 1919 432 ex
1951 391 2119 448 quibus
2150 392 2422 451 Terpander
2454 393 2549 452 jam
2577 395 2716 456 longe
2748 405 2856 442 ante
2879 390 2905 417 '²
2951 383 2953 418 1

1550 458 1623 504 Ol.
1655 459 1715 503 26
1741 458 1992 518 floruisset,
2017 473 2216 523 propter
2237 465 2406 509 Sosibii
2425 466 2581 510 locum
2602 467 2856 526 iejicienda
2880 467 2897 474 ”

1547 541 1717 590 putant
1744 531 1819 595 (v.
1845 536 2050 582 Fischer
2080 538 2208 584 tabb.
2246 539 2418 586 chron.
2450 539 2511 584 ad
2548 541 2622 585 01.
2663 540 2771 602 26).
2797 545 2858 588 At
2906 588 2907 593 ,
3000 525 3002 537 ¹

1550 605 1760 664 pendent
1778 607 1876 652 haec
1900 611 2058 654 omnia
2082 625 2139 655 ex
2163 611 2355 656 diversis
2377 614 2632 672 systematis
2658 614 2858 660 chrono-
2906 662 2910 668 ,

1551 677 1742 738 logicis,
1753 680 1924 739 quibus
1938 682 2134 741 quisque
2147 698 2194 727 se
2215 692 2382 727 auctor
2394 683 2659 731 addixerat.
2676 685 2859 744 Quodsi
2950 678 2955 716 ἶ

1551 750 1719 820 ι50511111
1739 762 2014 813 computum
2034 755 2095 798 ad
2115 764 2328 800 veterum
2350 755 2610 821 ἀναγραφῶν
2634 759 2868 816 rationes,
3004 749 3006 757 Ι

1551 837 1610 866 ex
1630 824 1798 882 quibus
1809 825 2010 884 Trojana
2031 829 2213 887 epocha
2230 844 2353 873 anno
2382 845 2502 887 1217
2522 845 2564 877 a.
2585 831 2636 876 C.
2657 831 2859 892 assigna·
2896 846 2899 849 “
3006 891 3007 894 ¹

1551 903 1643 959 tur,
1658 900 1966 956 revocaveris,
1981 901 2191 959 sequitur
2204 901 2492 947 Carneorum
2512 904 2854 949 institutionem
2899 891 2912 906 ἠ
2955 894 2959 931 5

1552 970 1871 1029 assignandam
1907 987 2000 1016 esse
2027 988 2151 1017 anno
2187 973 2278 1030 713
2305 989 2348 1020 a.
2373 975 2426 1020 C.
2456 972 2556 1038 (Ol.
2593 975 2707 1036 16),
2739 974 2860 1022 adeo
2892 970 2913 982 '⁴
2957 978 2962 1030 ’ξ

1552 1051 1605 1085 111
1649 1042 1924 1102 Terpander
1961 1046 2301 1104 percommode
2332 1046 2477 1092 Midae
2519 1048 2641 1108 regis
2675 1049 2862 1107 aequalis
2903 1078 2925 1102 2
2959 1061 2964 1113 ᾗ

1553 1128 1645 1158 0550
1660 1125 1836 1174 posset,
1861 1117 2030 1162 eodem
2049 1118 2220 1174 modo,
2245 1134 2343 1178 quo
2360 1119 2637 1176 Sosibiu5,·si
2651 1117 2710 1164 de
2732 1118 2862 1166 Mida
2888 1171 2890 1173 ,

1553 1193 1598 1228 et
1621 1186 1749 1247 Gyge
1769 1188 1953 1232 locutus
1978 1188 2124 1244 foret,
2147 1197 2363 1250 tempora
2395 1206 2559 1235 eorum
2587 1190 2648 1236 ad
2671 1192 2860 1252 Olymp.

1555 1257 1614 1302 26
1645 1258 1893 1304 detulisset.

1602 1386 1750 1433 ΠΕΡΙ
1789 1387 1919 1434 ΤΩΝ
1960 1389 2038 1434 EN
2077 1389 2517 1437 ΑΑΚΕΔΑΙΜΟΝΙ
2548 1390 2809 1439 ΘΥΣΙΩΝ.

2189 1511 2233 1558 ί..

1620 1628 1866 1674 Athenaeus
1874 1629 1974 1685 XV,
1986 1645 2033 1689 Ρ.
2046 1631 2073 1676 6
2083 1635 2158 1687 74,
2171 1632 2212 1675 Α
2226 1647 2235 1674 :
2251 1629 2339 1677 Καὶ
2349 1629 2431 1694 γὰρ
2442 1631 2515 1677 καὶ
2528 1631 2862 1694 Λακεδαιμόνιοι

1558 1698 1746 1764 καλάμῳ
1766 1703 2076 1760 στεφανοῦνται
2101 1703 2143 1748 ἐν
2165 1705 2219 1765 τῇ
2236 1705 2320 1749 τῶν
2343 1702 2612 1768 Προμαχίων
2633 1706 2785 1768 ἑορτῇ,
2805 1701 2864 1759 ὥς

1561 1790 1665 1838 φησι
1683 1771 1894 1826 Σωσίὸιος
1911 1774 1954 1819 ἐν
1973 1773 2060 1828 τοῖς
2074 1772 2186 1839 Περὶ
2203 1777 2287 1821 τῶν
2308 1776 2351 1821 ἓν
2370 1774 2668 1838 Λακεδαίμονι
2689 1779 2862 1836 θυσιῶν,

1560 1843 1736 1911 γράφων
1761 1843 1921 1899 οὕτως·
1955 1867 1973 1887 «
2001 1845 2078 1895 Ἐν
2104 1845 2240 1912 ταύτῃ
2271 1846 2526 1910 συμὸαίνει,
2551 1847 2648 1903 τοὺς
2673 1847 2750 1910 μὲν
2777 1851 2864 1897 ἀπὸ

1562 1921 1639 1976 τῆς
1672 1917 1820 1983 χώρας
1858 1917 2072 1981 καλάμοις
2104 1924 2420 1986 στεφανοῦσθαι
2442 1920 2471 1980 ἢ
2497 1921 2739 1986 στλεγγίδι,
2767 1920 2864 1978 τοὺς

1555 1989 1593 2035 δ’
1633 1990 1681 2036 ἐκ
1715 1993 1792 2047 τῆς
1826 1991 1998 2054 ἀγωγῆς
2031 1992 2190 2046 παῖδας
2232 1992 2557 2058 ἀστεφανώτους
2595 1995 2858 2043 ἀκολουθεῖν.

1565 2085 1582 2103 α
1602 2063 1674 2111 Cf.
1700 2066 1888 2110 Miiller.
1912 2067 2021 2108 Dor.
2045 2066 2118 2126 ΙΙ,
2143 2082 2193 2126 p.
2223 2064 2297 2110 25.

2189 2159 2235 2204 5.

1623 2273 1696 2319 Id.
1713 2275 1817 2328 XV,
1841 2288 1890 2332 p.
1910 2271 2023 2330 678,
2043 2274 2103 2319 Β;
2123 2270 2464 2337 Θυρεατικοί.
2482 2269 2613 2321 Οὕτω
2628 2271 2862 2319 καλοῦνται

1555 2343 1758 2410 στέφανοί
1774 2363 1885 2398 τινες
1907 2342 2030 2408 παρὰ
2046 2343 2430 2407 Λακεδαιμονίοις,
2451 2342 2509 2399 ὥς
2524 2362 2629 2411 φησι
2646 2342 2862 2398 Σωσίὸιος

1554 2419 1598 2464 ἓν
1621 2420 1708 2471 τοῖς
1733 2416 1843 2483 Περὶ
1870 2419 2042 2477 θυσιῶν,
2068 2418 2259 2481 ψιλίνους
2277 2415 2432 2472 αὐτοὺς
2453 2417 2634 2484 φάσκων
2658 2421 2732 2464 νῦν
2765 2418 2861 2465 ὀνο-

1556 2492 1795 2554 μάζεσθαι,
1835 2488 1961 2544 ὄντας
1992 2492 2040 2538 ἐκ
2064 2488 2282 2555 φοινίκων.
2311 2489 2470 2556 Φέρειν
2509 2489 2546 2537 δ’
2571 2489 2724 2544 αὐτοὺς
2751 2489 2863 2538 fimi-

1554 2584 1707 2628 μνημα
1727 2567 1806 2623 τῆς
1839 2565 1882 2610 ἐν
1903 2561 2054 2629 Θυρέᾳ
2074 2561 2306 2627 γενομένης
2333 2563 2454 2622 νίκης
2487 2562 2584 2618 τοὺς
2614 2562 2862 2629 προστάτας
2904 2595 2918 2607 .

1551 2640 1638 2684 τῶν
1667 2636 1890 2701 ἀγομένων
1919 2638 2061 2702 χορῶν
2094 2639 2136 2684 ἐν
2160 2639 2214 2701 τῇ
2247 2638 2374 2702 ἑορτῇ
2401 2634 2564 2702 ταύτῃ,
2590 2633 2660 2684 ὅτε
2690 2635 2862 2690 καὶτὰς

1553 2709 1874 2774 Γυμνοπαιδιὰς
1894 2711 2155 2758 ἐπιτελοῦσι.
2179 2709 2310 2774 Χοροὶ
2333 2708 2369 2756 δ’
2395 2707 2478 2756 εἶσὶ
2506 2707 2556 2756 τὸ
2581 2706 2659 2771 μὲν
2677 2709 2859 2773 εὖπροσ·

1551 2783 1679 2831 ώπων
1718 2782 1893 2848 (πρόσω
1918 2784 2049 2846 libri)
2083 2782 2269 2842 παίδων,
2297 2781 2346 2830 τὸ
2383 2781 2419 2828 δ’
2444 2780 2487 2836 ἐξ
2519 2781 2704 2847 ἀρίστων
2741 2782 2861 2846 (ἀρί-

1551 2876 1652 2904 στου
1683 2859 1818 2921 libri)
1859 2857 2039 2922 ἀνδρῶν,
2072 2858 2247 2920 γυμνῶν
2275 2852 2548 2920 ὀρχουμένων
2569 2853 2643 2900 καὶ
2669 2853 2857 2920 ᾀδόντων

1550 2929 1758 2987 Θαλήτου
1775 2929 1848 2977 καὶ
1875 2929 2113 2991 Ἀλκμᾶνος
2134 2927 2312 2994 ᾅσματα
2340 2927 2414 2974 καὶ
2438 2925 2536 2980 τοὺς
2552 2924 2858 2974 Διονυσοδότου

1549 3009 1623 3051 τοῦ
1645 3004 1850 3055 Λάκωνος
1875 3009 2078 3055 παιᾶνας.
2103 3003 2172 3048 Cf.
2199 3003 2384 3048 Miiller.
2417 3003 2524 3048 Dor.
2549 3001 2619 3056 ΙΙ,
2648 3016 2698 3060 p.
2732 2998 2822 3056 373
2841 3034 2854 3055 ,

1551 3081 1804 3125 Hermann.
1825 3077 1858 3122 l.
1879 3076 1911 3124 1.
1932 3076 1958 3138 §
1977 3074 2053 3135 53,
2080 3073 2157 3121 28.
2186 3101 2250 3111 --
2272 3071 2511 3138 Ψιλίνους]
2532 3075 2741 3119 Fortasse
2762 3073 2857 3118 huc

1547 3153 1751 3212 pertinet
1767 3152 1914 3212 glossa
1931 3151 2181 3210 Hesychii:
2202 3146 2348 3201 Ψιλὸς
2370 3147 2584 3212 (ψίλινοςΡ
2592 3148 2627 3209 ),
2649 3142 2857 3212 στέφανος

1548 3221 1756 3287 πτερινός.
1777 3223 1894 3270 Vide
1911 3225 2063 3283 Toup
2080 3223 2227 3281 Epist.
2249 3223 2355 3268 crit.
2376 3237 2427 3280 p.
2454 3221 2532 3278 76.
2558 3221 2692 3266 Idem
2709 3221 2855 3278 Hesy-

1550 3299 1715 3343 chius:
1739 3294 1919 3352 Ψιλίον,
1949 3292 2158 3358 πτερόν...
2149 3290 2214 3348 ,ἢ
2242 3283 2353 3344 εἶδος
2379 3288 2550 3344 ἄνθους.

1615 3370 1886 3429 Sequuntur
1902 3368 1990 3412 alia
2006 3367 2219 3426 quaedam
2232 3400 2244 3422 ,
2266 3381 2369 3425 quae
2390 3364 2450 3410 ad
2467 3363 2852 3410 Lacedaemonio-

172 3454 278 3484 rum
300 3455 410 3502 rege
420 3458 434 3498 3
466 3441 542 3485 alii
578 3441 752 3485 Carnea
775 3440 871 3499 jam
910 3450 1015 3485 ante
1039 3442 1112 3488 Ol.
1151 3442 1211 3487 26
1239 3442 1473 3488 celebrata
1547 3459 1655 3488 rum
1677 3443 1975 3502 antiquitates
1997 3442 2228 3500 spectant.

318 3591 400 3638 DE
435 3586 1053 3638 LACEDAEMONIORUM
1091 3590 1323 3639 SACRlS.

800 3695 823 3732 4
834 3723 843 3731 .

222 3784 513 3824 Lacedaemonii
530 3785 652 3825 etiam
677 3786 829 3825 calamo
846 3787 1087 3825 coronantur
1110 3787 1209 3826 sesto
1224 3786 1472 3826 promachio-

171 3860 261 3889 rum
281 3849 367 3898 die,
384 3852 429 3889 ut
452 3851 507 3890 ait
527 3850 700 3891 Sosibius
716 3851 757 3890 in
779 3851 889 3891 libris
907 3854 963 3891 De
997 3852 1386 3892 Lacedaemoniorum
1413 3863 1474 3892 sa-

171 3914 270 3964 cris,
284 3913 352 3953 ubi
375 3914 429 3954 ita
450 3915 587 3955 scribit
618 3928 627 3955 ε
648 3931 664 3948 «
692 3917 735 3955 ln
752 3916 829 3955 hoc
849 3916 948 3956 sesto
968 3916 1104 3955 rustici
1125 3916 1285 3967 quidem
1307 3920 1474 3966 juvenes

172 3979 333 4018 calamis
356 3981 599 4020 coronantur
618 3982 688 4020 aut
708 3980 857 4031 strigile
875 3981 958 4021 sive
990 3980 1177 4030 bractea3
1199 3980 1267 4031 qui
1292 3991 1386 4019 vero
1403 3992 1472 4031 pu-

172 4042 273 4081 blica
290 4042 461 4083 civitatis
488 4043 693 4097 disciplina
714 4045 895 4085 innutriti
923 4046 1039 4093 sunt,
1066 4045 1216 4094 absque
1237 4055 1382 4083 corona
1409 4056 1471 4084 se·

171 4109 362 4154 quantur.
380 4124 397 4141 ι,

1606 3648 1884 3700 Tam-eatam.
1909 3647 1973 3688 Sic
1991 3646 2239 3686 vocabantur
2260 3653 2420 3683 coronae
2439 3641 2623 3693 quaedam
2648 3639 2757 3691 apud
2772 3641 2853 3679 La-

1549 3712 1812 3753 cedaemonios
1827 3743 1838 3763 ,
1856 3713 1902 3752 ut
1925 3711 1981 3751 ait
1995 3710 2170 3751 Sosibius
2184 3709 2227 3748 in
2245 3706 2356 3748 libris
2372 3709 2430 3746 De
2451 3703 2652 3745 sacrificiis
2677 3702 2850 3744 solenni-

1548 3776 1624 3817 bus
1650 3793 1661 3818 :
1672 3776 1848 3828 psilina
1868 3775 1978 3815 aiens
2009 3782 2117 3812 nunc
2131 3770 2351 3820 nominari,
2383 3777 2545 3819 esseque
2563 3777 2586 3807 e
2606 3766 2754 3818 palma.
2771 3766 2850 3805 Ge-

1548 3843 1652 3882 stare
1667 3842 1802 3881 autem
1823 3851 1906 3888 eas,
1928 3839 1967 3878 in
1984 3837 2161 3878 victorioe
2175 3835 2225 3876 ad
2245 3835 2442 3885 Thyream
2466 3832 2680 3883 reportatae
2692 3841 2847 3871 memo-

1547 3906 1670 3955 riam,
1698 3905 1820 3944 duces
1835 3903 2050 3943 chororum
2068 3900 2137 3951 qui
2156 3899 2198 3938 in
2229 3898 2299 3938 illo
2321 3898 2421 3938 festo
2439 3896 2657 3945 ducuntur,
2689 3893 2850 3946 quando

1547 3969 1666 4010 etiam
1698 3965 2006 4019 Gymnopaedias
2035 3963 2253 4004 celebrant.
2287 3962 2388 4002 Sunt
2418 3961 2553 4000 autem
2591 3958 2726 4007 chori,
2758 3957 2851 3998 hinc

1547 4036 1812 4075 formosorum
1839 4041 2075 4082 puerorum,
2102 4028 2210 4068 illinc
2228 4026 2532 4067 fortissimorum
2562 4026 2760 4072 virorum;
2780 4023 2850 4074 qui

1547 4098 1643 4138 nudi
1661 4097 1829 4144 saltant,
1855 4097 1895 4135 et
1918 4093 2092 4134 carmina
2119 4092 2268 4131 canunt
2288 4090 2466 4131 Thaletae
2493 4090 2533 4128 et
2562 4087 2784 4136 Alemannis,
2810 4090 2848 4126 et

1551 4163 1805 4216 Dionysodoti
1830 4160 2115 4202 Lacedaemonii
2138 4169 2305 4210 paeanas.
