3016 4628
1226 314 1638 366 FRAGMENTA.
2687 334 2743 372 32⁴1

106 431 290 477 videtur
314 428 609 484 Herodorus,
635 435 685 471 ut
707 423 995 483 Pherecydes
1016 423 1070 470 sr.
1100 422 1282 480 34‚ubi
1302 439 1391 505 pro
1425 451 1433 505 γ
1466 425 1525 478 (l.
1553 425 1741 489 φησὶν),
1783 429 1839 479 ὡς
1868 427 1943 478 ,καὶ
1986 426 2237 490 Ἑλλάνικος
2275 429 2356 490 (fr.
2395 431 2482 493 88)
2526 439 2748 498 μαρτυρεῖ,

18 519 21 567 ζ
47 520 49 525 ·
105 500 268 565 Ἴφιτος
301 500 344 547 δὲ
372 499 520 565 ἔφυγεν
553 499 610 551 εἷς
635 495 824 545 Εὔὸοιαν
849 511 906 540 ex
929 504 1087 539 nostro
1121 497 1227 539 loco
1252 511 1396 539 corri-
1466 495 1598 550 Ἰνοῦς
1618 498 1662 544 δὲ
1683 498 1757 544 καὶ
1781 498 2042 560 Ἀθάμαντος
2068 498 2260 564 Λέαρχος
2279 502 2351 547 καὶ
2371 504 2651 568 Μελικέρτης,

105 574 307 635 gendum
335 582 400 618 est
429 567 616 633 Εὔρυτος
646 578 734 614 etc·
776 570 832 612 In
863 568 1040 612 Euboea
1071 570 1272 626 Eurytus
1302 582 1392 613 sec.
1532 572 1649 616 Cod.
1668 573 1809 617 Paris.
1831 570 2009 624 εοῦςδιὰ
2023 569 2099 627 τὴν
2114 571 2346 629 ἐπιδουλὴν
2361 574 2753 639 τῆςἸνοῖςφυγεῖν,

105 645 401 691 Herodorum
414 657 583 687 novam
598 640 868 687 OEchaliam
879 639 1156 683 condiderit.
1173 639 1396 684 Hercules
1467 640 1541 687 καὶ
1565 643 1819 700 τελευτῆσαι
1843 640 1918 700 τὴν
1934 640 2103 701 ’Ἕλλην
2129 642 2242 689 κατὰ
2262 642 2339 702 τὴν
2364 645 2587 703 Πακτύην,
2609 650 2663 700 ὡς
2680 647 2755 693 καὶ

105 732 181 777 ap.
199 715 454 775 Pherecyd.
479 716 529 759 in
551 712 798 759 Arcadiam
822 711 882 755 ad
896 713 1122 770 Eurytum
1138 712 1267 755 venit
1283 707 1395 771 μετὰ
1465 712 1563 763 Ἑλ.
1597 717 1818 778 μαρτυρεῖ.
1851 743 1916 750 -
1940 716 2094 780 Πτῷον
2132 718 2292 776 scripsi
2317 733 2407 777 pro
2445 718 2594 774 Ποῖον,
2628 721 2757 778 quod

103 786 176 834 τὸν
211 786 378 848 ἀγῶνα,
417 787 449 830 i.
492 801 545 841 e,
580 792 722 844 puto,
757 789 864 842 post
902 782 1162 826 institutum
1196 797 1394 843 agonem
1464 788 1574 832 libri
1608 789 1852 845 exhibent3
1890 804 1966 847 ap.
2005 788 2287 848 Apollodor.
2324 790 2373 845 I,
2401 789 2455 844 6,
2492 789 2546 845 3,
2577 806 2603 834 2
2647 792 2755 835 libri

44 912 56 926 ..
105 860 413 919 Olympicum.
431 859 495 903 Cf.
516 859 668 916 Heyn.
690 855 750 900 ad
768 854 924 914 Apoll.
941 854 973 898 l.
998 855 1053 914 l.;
1069 855 1249 899 Miiller.
1276 856 1388 899 Dor.

76 933 172 989 ,11‚
196 937 283 985 411
313 946 435 990 sqq.;
456 929 691 975 Welcker.
714 929 742 973 l.
766 928 777 971 l

714 1055 790 1108 34.

169 1176 402 1222 Plutarch.
437 1175 570 1220 Thes.
597 1191 638 1219 0.
669 1174 730 1219 30
763 1190 773 1218 :
802 1174 838 1220 Γ
841 1174 962 1235 αμῶν
985 1175 1007 1219 ὁ
1029 1172 1254 1237 Πειρίθους
1278 1176 1387 1230 Δηι·

105 1246 283 1310 δάμειαν
301 1244 452 1304 ἐδεήθη
462 1249 534 1292 τοῦ
552 1243 731 1302 Θησέως
755 1246 890 1292 ἐλθεῖν
907 1243 983 1291 καὶ
1006 1243 1083 1301 τὴν
1099 1243 1246 1309 χώραν
1267 1247 1384 1292 ἱστο-

106 1322 234 1385 ρῆσαι
253 1318 328 1366 καὶ
352 1316 627 1381 συγγενέσθαι
651 1323 738 1371 τοῖς
757 1316 988 1370 Λαπίθαις.
1079 1316 1320 1381 Ἐτύγχανε
1346 1316 1390 1363 δὲ

104 1391 178 1439 καὶ
205 1390 302 1445 τοὺς
332 1388 603 1454 Κενταύρους
626 1388 847 1448 κεκληκὼς
872 1389 942 1437 ἐπὶ
963 1388 1011 1436 τὸ
1036 1389 1219 1437 δεῖπνον.
1247 1389 1327 1443 <Ως
1350 1388 1394 1436 δὲ

103 1463 355 1526 ἠσέλγαινον
372 1461 493 1528 ὕὸρει
506 1499 518 1522 ,
539 1462 613 1510 καὶ
631 1461 856 1524 μεθύοντες
875 1463 950 1509 οὐκ
970 1461 1198 1526 ἀπείχοντο
1216 1465 1300 1509 τῶν
1318 1482 1393 1526 γυ·

104 1539 278 1595 ναικῶν,
310 1534 545 1600 ἐτράποντο
578 1534 683 1599 πρὸς
706 1534 874 1597 ἄμυναν
899 1537 937 1582 οἳ
962 1533 1173 1582 Λαπίθαι·
1195 1534 1269 1582 καὶ
1300 1533 1395 1590 τοὺς

106 1609 182 1672 μὲν
200 1607 389 1656 ἔκτειναν
408 1607 564 1666 αὐτῶν,
583 1605 679 1660 τοὺς
696 1605 740 1653 δὲ
760 1605 938 1672 πολέμῳ
961 1605 1253 1671 κρατήσαντες
1271 1605 1394 1654 ὕστε-

106 1699 176 1747 ρον
196 1679 395 1736 ἐξέὸαλον
416 1681 466 1726 ἐκ
489 1682 562 1737 τῆς
586 1677 731 1743 χώρας
753 1683 826 1725 τοῦ
849 1677 1032 1737 Θησέως
1051 1680 1193 1733 αὐτοῖς
1217 1697 1394 1741 συμμα-

104 1751 288 1817 χομένου
322 1750 396 1799 καὶ
432 1752 828 1813 συμπολεμοῦντος.
916 1749 1160 1815 ιΗρόδωρος
1190 1750 1396 1797 δὲταῦτα

104 1827 351 1891 πραχθῆναι
375 1822 501 1888 φησὶν
530 1825 611 1887 οὐχ
641 1821 796 1880 οὕτως,
819 1821 932 1869 ἀλλὰ
954 1826 1028 1869 τοῦ
1050 1821 1241 1885 πολέμου
1267 1841 1396 1870 συνε-

106 1900 262 1951 στῶτος
282 1896 366 1955 ἤδη
386 1895 457 1943 τὸν
480 1895 633 1954 Θησέα
656 1897 893 1958 βοηθοῦντα
912 1901 997 1949 τοῖς
1013 1894 1229 1949 Λαπίθαις
1252 1914 1397 1959 παρα-

5 1981 7 1988 ’
59 1972 62 1978 ’
105 1968 419 2034 γενέσθαι,’καὶ
438 1967 533 2015 τότε
556 1970 725 2032 πρῶτον
741 1966 838 2032 ὄψει
855 1967 1062 2034 γνωρίσαι
1078 1966 1149 2014 τὸν
1171 1966 1394 2033 εΗρακλέα

106 2040 393 2104 ποιησάμενον
425 2039 547 2106 ἔργον
585 2041 773 2104 ἐντυχεῖν
809 2041 927 2104 αὐτῷ
961 2038 1059 2105 περὶ
1082 2043 1284 2105 Τραχῖνα
1318 2059 1397 2086 πε-

105 2112 313 2179 παυμένῳ
324 2111 492 2170 πλάνης
504 2111 588 2170 ἤδη
603 2110 677 2158 καὶ
694 2111 850 2158 ἄθλων·
867 2110 1063 2174 γενέσθαι
1080 2109 1125 2157 δὲ
1143 2109 1254 2173 μετὰ
1270 2114 1398 2172 τιμῆς

106 2185 181 2232 καὶ
202 2183 514 2251 φιλοφροσύνης
537 2183 611 2231 καὶ
629 2184 800 2231 πολλῶν
826 2182 1011 2230 ἐπαίνων
1042 2182 1297 2248 ἀμφοτέροις
1320 2181 1397 2240 τὴν

104 2255 304 2311 ἔντευξιν.
327 2257 392 2304 Οὔ
414 2253 499 2318 μὴν
524 2253 637 2302 ἀλλὰ
658 2255 822 2316 μᾶλλον
844 2254 895 2301 ἄν
910 2274 971 2308 τις
986 2254 1166 2319 πρόσχοι
1186 2255 1272 2308 τοῖς
1291 2255 1396 2301 πολ-

105 2326 229 2381 λάκις
241 2328 431 2392 ἐντυχεῖν
454 2326 608 2380 αὐτοὺς
624 2325 824 2383 ἀλλήλοις
843 2327 1076 2390 ἱστοροῦσι·
1094 2325 1170 2373 καὶ
1189 2325 1266 2383 τὴν
1286 2325 1399 2387 μύη-

108 2418 174 2446 σιν
209 2398 421 2464 Ἧρακλεῒ
451 2397 647 2462 γενέσθαι
682 2396 864 2464 Θησέως
888 2396 1206 2451 σπουδάσαντος
1228 2397 1303 2444 καὶ
1327 2397 1398 2444 τὸν

0 2480 5 2488 ’
65 2481 67 2484 ’
107 2470 280 2535 πρὸτῆς
301 2470 497 2534 μυήσεως
512 2469 754 2536 καθαρμὸν,
776 2472 833 2523 ὡς
855 2468 1041 2534 δεομένῳ
1061 2469 1131 2516 διά
1150 2488 1267 2524 τινας
1284 2469 1400 2535 πρά-

103 2541 191 2597 ’ξεις
211 2541 493 2600 ἀδουλήτους.

174 2616 244 2666 Cf.
272 2606 433 2676 fragm.
461 2631 535 2672 17.
560 2616 686 2660 Nihil
709 2616 851 2676 igitur
870 2615 996 2674 apud
1014 2614 1315 2659 Herodorum
1340 2615 1399 2661 de

0 2675 3 2694 ²
41 2689 44 2692 ⁴
110 2688 285 2734 Theseo
309 2703 366 2732 ex
380 2689 533 2732 inseris
548 2687 606 2731 ab
628 2688 828 2732 Hercule
851 2687 1073 2742 liberato,
1101 2702 1153 2730 ac
1174 2687 1400 2746 probabi-

110 2760 214 2802 liter
227 2760 363 2803 etiam
380 2760 579 2818 reliquas
603 2759 661 2803 de
678 2761 878 2803 Hercule
896 2759 1095 2814 fabulas,
1115 2774 1216 2817 quae
1237 2760 1399 2803 Atticis
1429 2757 1431 2761 ’

113 2832 256 2891 poetis
280 2831 526 2887 debentur,
563 2831 842 2894 repudiavit.
876 2834 931 2877 V.
970 2832 1149 2875 Miiller.
1179 2833 1291 2876 Dor.
1334 2834 1397 2890 II,

110 2917 158 2962 p.
191 2902 302 2960 467.

602 3003 869 3024 -οκοο-

519 3148 982 3198 ΑΡΓΟΝΑΥΤΙΚΑ.

715 3292 791 3338 35.

178 3428 331 3475 Schol.
352 3429 507 3489 Apoll.
527 3430 619 3474 Rh.
644 3432 715 3486 ΙΙ,
744 3447 763 3476 1
778 3435 865 3484 144
891 3447 902 3474 2
931 3427 1172 3494 Ἡρόδωρος
1192 3429 1236 3477 δέ
1256 3449 1400 3495 φησιν,

114 3494 158 3550 ἐξ
179 3495 439 3565 Ἀθάμαντος
456 3499 534 3567 καὶ
562 3501 808 3562 Θεμιστοῦς
831 3499 1029 3564 γενέσθαι
1051 3503 1234 3559 παῖδας,
1261 3503 1399 3566 Σχοι-

113 3566 211 3628 νέα,
238 3568 480 3635 Ἐρύθριον,
500 3571 737 3634 Λεύκωνα,
763 3575 934 3638 Πτῷον·
955 3573 1190 3628 νεωτάτους
1217 3573 1261 3621 δὲ
1285 3574 1399 3639 Φρί·

115 3637 181 3695 ξον
200 3641 274 3688 καὶ
292 3640 478 3700 εἘλλην·
501 3643 572 3698 οὒς
594 3643 664 3692 διὰ
688 3643 766 3703 τὴν
791 3645 926 3699 Ἰνοῦς
947 3645 1178 3703 ἐπιδουλὴν
1205 3648 1400 3712 ἐκχωρῆ-

115 3729 203 3760 σαι.
238 3714 506 3773 Τελευτῆσαι
530 3717 574 3763 δὲ
596 3715 674 3775 τὴν
695 3716 862 3775 Ἕλλην
889 3715 1002 3765 κατὰ
1025 3717 1235 3777 Πακτύην
1271 3719 1399 3785 φασὶν

167 3919 396 3962 Herodorus
423 3922 480 3962 ait
510 3923 758 3964 Athamantis
787 3926 827 3964 et
859 3925 1086 3966 Themistus
1114 3926 1260 3966 liberos
1281 3926 1400 3966 fuisse

114 3982 372 4036 Sehoeneum,
408 3988 661 4039 Erythrium,
697 3992 936 4040 Leuconem,
970 3991 1137 4041 Ptoum,
1169 3992 1210 4031 et
1257 3993 1402 4042 praeter

115 4043 188 4087 hos
210 4050 307 4090 natu
333 4050 517 4096 minimos
539 4053 732 4093 Phrixum
762 4056 807 4108 et
826 4055 988 4104 Hellen,
1019 4055 1089 4105 qui
1119 4056 1279 4105 propter
1308 4058 1403 4096 Inus

116 4106 273 4153 insidias
287 4115 411 4163 patria
426 4117 695 4156 excessissent.
722 4118 873 4158 Obiisse
892 4130 987 4159 vero
1016 4120 1155 4159 Hellen
1174 4131 1296 4170 prope
1324 4121 1399 4160 Pa-

117 4175 232 4224 ctyen
256 4175 375 4226 dicit,
395 4178 502 4228 quod
530 4179 634 4219 idem
650 4180 770 4220 etiam
788 4182 1013 4222 Hellanicus
1038 4184 1222 4222 testatur.
1245 4186 1307 4223 Ex
1330 4187 1401 4224 1110

115 4237 302 4286 ,Athamas
317 4244 540 4300 susceperat
560 4245 779 4285 Learchum
796 4247 835 4285 et
855 4246 1095 4287 Melicerten.

1467 857 1627 915 Πτύον,
1670 861 1830 919 .AEgius
1878 856 2036 920 Πτόον,
2081 861 2289 919 Heynius
2329 875 2386 904 ex
2426 862 2620 907 Pausan.
2663 864 2756 916 lx,

1467 929 1527 973 28
1553 938 1598 974 et
1622 930 1777 989 Steph.
1802 932 1910 990 Byz.
1930 947 1974 978 v,
1994 928 2224 995 Ἀκραιφία
2245 932 2318 977 ed.
2345 932 2515 988 Πτῶον,
2536 933 2618 975 ubi
2647 931 2757 986 item

1425 979 1432 1060 Ι
1465 1002 1602 1047 scrib.
1623 1003 1792 1065 Πτῷον.
1810 1005 1866 1047 V.
1890 1004 2071 1048 Miiller.
2088 1005 2285 1070 Mimp.
2313 1019 2421 1060 170.
2440 1030 2506 1037 —
2522 1001 2758 1066 Ἐρύθριον]

1468 1079 1586 1118 sorte
1608 1083 1792 1134 praestat
1814 1068 2054 1139 ”Ερυθρον,
2081 1084 2133 1119 ut
2157 1091 2233 1136 ap.
2258 1077 2407 1120 schol.
2446 1077 2684 1135 Lycophr.
2716 1086 2762 1119 ct

1467 1148 1661 1191 Pausan.
1677 1149 1740 1192 VI
1753 1181 1764 1203 ‚
1790 1162 1816 1191 2
1828 1164 1868 1204 1,
1886 1149 1971 1192 nisi
1986 1148 2116 1207 quod
2127 1148 2203 1192 hic
2221 1149 2475 1209 Erythrum
2486 1164 2583 1192 non
2596 1148 2758 1203 filiuni,

1466 1217 1548 1261 sed
1580 1227 1801 1277 nepotem
1836 1220 2126 1263 Athamantis
2162 1219 2291 1263 dicit.
2326 1213 2536 1283 Ἔρυθρον
2568 1222 2617 1263 in
2653 1220 2764 1280 Πορ-

1468 1285 1619 1352 φύρεον
1635 1290 1832 1344 mutavit
1847 1292 2041 1335 Nonnus
2058 1292 2200 1336 Dion.
2217 1293 2326 1338 VIII
2342 1290 2420 1337 fin.
2430 1326 2443 1348 ‚
2464 1300 2762 1352 praepostere.

1466 1363 1523 1407 V.
1547 1363 1731 1407 Miiller.
1767 1364 1799 1409 l.
1825 1364 1855 1407 l.
1888 1379 1935 1423 p.
1972 1362 2082 1408 215.
2111 1364 2328 1409 Ceterum
2352 1380 2497 1424 quum
2524 1366 2759 1409 Themisto

1467 1435 1603 1479 simul
1623 1436 1760 1480 etiam
1784 1444 1933 1481 mater
1956 1437 2115 1480 Phrixi
2143 1443 2188 1480 et
2211 1437 2367 1482 Helles
2390 1438 2469 1492 sit,
2495 1445 2623 1496 patet
2647 1453 2761 1482 ean-

1469 1505 1576 1550 dem
1596 1521 1689 1552 esse
1715 1524 1821 1552 cum
1843 1508 2072 1569 Nephele,
2095 1523 2187 1567 qua
2209 1508 2503 1568 repudianda
2525 1505 2601 1563 τὴν
2622 1505 2762 1567 Θέμιν

1466 1579 1659 1623 violavit
1688 1578 1925 1625 Athamas.
1949 1604 2015 1615 —-
2039 1581 2187 1626 Aliter
2225 1595 2278 1624 ac
2307 1581 2461 1624 minus
2494 1581 2765 1639 simpliciter

1469 1650 1695 1696 adornata
1730 1662 1837 1697 sunt
1861 1668 1964 1712 quae
1988 1652 2307 1712 Apollodorus
2335 1661 2493 1697 narrat
2517 1661 2562 1696 et
2590 1653 2765 1696 Phere-

1470 1722 1608 1781 cydes
1618 1727 1675 1767 sr.
1695 1722 1773 1780 52,
1787 1724 1871 1768 ubi
1887 1740 1975 1784 pro
1993 1734 2184 1768 matrem
2201 1724 2315 1769 Phr.
2333 1725 2483 1769 scribe
2499 1740 2735 1768 novercam
2747 1759 2756 1777 ,

1470 1794 1632 1839 deletis
1651 1797 1700 1839 in
1717 1797 1773 1844 sr.
1795 1795 1854 1841 53
1879 1798 2034 1842 verbis
2054 1813 2064 1841 :
2079 1794 2403 1856 fragmento...
2417 1802 2661 1857 perte'nere..
2695 1799 2765 1841 De

1470 1868 1604 1911 Helle
1635 1868 1695 1912 ad
1718 1871 1922 1928 Pactyen
1959 1879 2144 1914 mortua
2180 1875 2234 1916 cf.
2264 1870 2497 1914 Herodot.
2536 1871 2621 1914 VII
2636 1903 2647 1923 ,
2682 1867 2765 1923 583

1470 1941 1674 1985 Eustath.
1694 1941 1756 1985 ad
1771 1943 1964 2001 Dionys.
1987 1944 2167 2002 Perieg.
2191 1940 2302 1999 5383
2324 1943 2694 1986 Hemsterhusius
2706 1942 2766 1985 ad

1470 2012 1663 2056 Lucian.
1682 2014 1802 2059 Dial.
1817 2023 1956 2060 mort.
1976 2030 2021 2074 9.
2034 2030 2081 2074 p.
2100 2014 2213 2076 3763
2230 2016 2459 2059 Mannert.
2480 2015 2643 2072 Geogr.
2659 2015 2764 2067 vlf,

1470 2099 1519 2142 p.
1543 2087 1917 2140 2023Mu11e1·.l.
1942 2087 1973 2130 l.
1996 2102 2041 2146 p.
2064 2085 2174 2143 287.

2083 2216 2160 2263 36.

1538 2340 1670 2384 Idem
1693 2343 1763 2396 II,
1792 2357 1810 2384 1
1825 2341 1912 2385 123
1939 2357 1949 2384 :
1974 2338 2162 2393 Τούτους
2182 2336 2225 2385 δὲ
2249 2337 2338 2404 (50.
2367 2336 2463 2390 τοὺς
2485 2335 2646 2402 Φρίξου
2664 2337 2764 2382 παῖ·

1473 2410 1569 2498 δας)
1597 2409 1839 2475 Ἥρόδωρός
1859 2430 1986 2476 φησιν
2009 2413 2057 2459 ἐκ
2076 2408 2336 2468 Χαλκιόπης
2356 2413 2431 2467 τῆς
2448 2409 2614 2466 Αἰήτου
2636 2413 2763 2471 θυγα-

1471 2501 1496 2528 τ
1523 2501 1544 2529 ο
1569 2519 1579 2529 .

1499 2501 1807 2616 ρΙςοΡῘιοεεειῐῃ
1844 2566 2039 2622 matrem
2075 2557 2237 2602 dicunt
2273 2556 2513 2601 Acusilaus
2552 2555 2610 2599 fr.
2650 2556 2678 2599 ὅ
2719 2564 2765 2600 et

1471 2629 1760 2688 Pherecydes
1780 2629 1837 2672 fr.
1862 2629 1940 2682 54.
1967 2632 2022 2673 V.
2045 2630 2231 2673 Miiller.
2256 2629 2288 2672 l.
2315 2629 2345 2673 l.
2370 2644 2418 2687 p.
2450 2643 2563 2684 172,
2586 2626 2630 2671 5.

1538 2707 1670 2751 Idem
1690 2707 1736 2762 I,
1767 2707 1826 2760 46
1849 2723 1858 2750 :
1888 2704 2131 2771 Ἱίρόδωρος
2154 2705 2198 2752 δὲ
2218 2702 2492 2769 Πολυφήμην
2510 2702 2639 2769 φησὶν
2659 2697 2768 2750 εἶναι

1471 2775 1547 2834 τὴν
1574 2776 1764 2829 Ἰάσονος
1789 2776 1978 2842 μήτερα,
2003 2775 2080 2834 τὴν
2102 2776 2368 2825 Αὐτολύκου.

1537 2853 1775 2894 Alcimede
1793 2865 1882 2897 sec,
1900 2850 2154 2909 Pherecyd.
2169 2850 2228 2894 fr.
2247 2849 2305 2897 59
2322 2867 2334 2906 3
2353 2849 2554 2893 Laodice
2567 2849 2766 2893 Andron

1473 2922 1516 2967 ἐν
1533 2923 1787 2985 συγγενειῶν
1813 2922 2015 2984 ἐπιτομῇ.
2039 2923 2518 2981 ΡοζγηιειῖεΛιιῐοῖγεί
2538 2921 2595 2965 fr.
2613 2922 2765 2980 Apol·—

1472 2994 1627 3041 lodor.
1646 2996 1691 3050 Ι,
1718 3011 1772 3054 9,
1803 2995 1884 3049 16,
1914 3011 1955 3038 1.
1984 2995 2221 3052 Polymele
2242 3010 2333 3039 sec.
2361 2993 2561 3040 Hesiod„
2580 2993 2637 3036 fr.
2680 2992 2762 3036 181

1473 3082 1548 3126 ap.
1573 3067 1669 3111 sch.
1692 3069 1830 3114 Hom.
1857 3067 1947 3113 Od.
1976 3067 2093 3122 ΧΠ,
2121 3066 2207 3122 68,
2230 3067 2313 3111 ubi
2337 3066 2590 3111 Ruhnken.
2618 3067 2764 3124 Epist.

1473 3140 1621 3183 critic.
1647 3155 1696 3199 p.
1728 3138 1815 3183 105
1842 3140 2122 3197 Polymeden
2149 3148 2194 3185 et
2216 3155 2305 3199 pro
2323 3138 2532 3192 Hesiodo
2555 3139 2762 3182 Hemdo-

1474 3228 1572 3256 rum
1589 3213 1919 3273 reponendum
1944 3213 2143 3272 putavit.

2090 3337 2166 3383 38.

1542 3465 1675 3510 Idem
1699 3465 1746 3521 I,
1786 3480 1907 3525 1299
1932 3481 1942 3508 ε
1978 3461 2222 3527 Ἡρόδωρός
2246 3481 2373 3527 φησιν
2396 3460 2458 3523 μὴ
2483 3463 2766 3523 συμπεπλευ-

1476 3533 1597 3581 κέναι
1617 3533 1745 3582 αὐτόν
1779 3536 2074 3599 (Herculem)
2105 3554 2151 3582 τε
2178 3534 2254 3582 καί
2272 3553 2390 3588 τινας
2410 3533 2580 3588 ἄλλους.
2606 3536 2673 3582 Cf.
2706 3535 2765 3580 fr.

1479 3623 1559 3665 27.

2096 3863 2169 3904 36.

1529 3929 1658 3969 Phrixi
1678 3929 1748 3969 filii
1762 3931 1930 3971 matrem
1949 3930 2124 3971 habuere
2146 3931 2385 3981 Chalciopen
2403 3931 2515 3970 AEete
2538 3931 2685 3968 natam.

1527 4065 1653 4105 Mater
1664 4066 1813 4107 Iasonis
1828 4067 1912 4106 erat
1925 4001 2163 4117 Poly-pinge
2174 4096 2184 4115 ‚
2205 4065 2385 4114 Autolyci
2403 4064 2495 4102 filia.

2089 4134 2159 4173 38.

1531 4199 1757 4238 Herodorus
1783 4201 1822 4238 et
1846 4201 2058 4239 Herculem
2080 4201 2119 4238 ct
2145 4198 2241 4236 alios
2268 4197 2477 4236 nonnullos
2504 4194 2764 4246 expeditionis

1486 4263 1795 4310 Argonautarum
1817 4262 2026 4311 participes
2045 4261 2162 4300 fnisse
2181 4260 2308 4308 negat.
