3016 4628
213 280 309 320 ⁴10

210 379 299 439 (sc.
325 395 348 421 a
368 378 530 422 Prasiis
552 377 645 420 sive
670 373 967 435 Palibothris)
990 378 1035 418 in
1058 378 1271 418 interiore
1288 377 1375 417 situ
1397 374 1500 417 Mo·

206 453 343 495 aedes
358 461 403 494 et
417 451 566 502 Suari,
592 464 779 508 quorum
798 463 925 492 mons
942 449 1145 503 Maleus,
1163 451 1210 490 in
1227 462 1313 508 quo
1329 446 1502 488 umbroe

205 525 272 567 ad
286 526 648 582 septemtrionem
662 521 838 564 cadunt
854 521 1017 574 Mente,
1043 529 1205 563 aestctte
1219 523 1265 562 in
1279 534 1359 562 aus
1367 528 1497 573 trum,

200 610 289 653 per
306 609 438 637 senos
456 608 647 639 menses:
668 592 1022 652 Septemtriones
1046 607 1099 635 eo
1132 600 1279 634 tractu
1294 591 1439 634 semel
1453 594 1500 632 in

205 683 328 711 (ιηηο
346 680 594 726 apparere,
625 680 710 709 nec
736 669 829 708 nisi
851 666 1110 724 quindecim
1128 664 1305 717 diebus,
1337 663 1500 704 Boeton

210 738 296 797 (fr.
335 738 386 798 ί.)
409 748 569 781 auctor
591 747 662 782 est
685 754 700 781 .·
719 738 805 782 hoc
825 739 945 781 Idem
961 737 1169 796 pluribus
1201 736 1311 778 locis
1342 734 1500 777 Indiae

199 811 318 866 fieri,
354 810 698 870 Megasthenes.
740 810 910 854 Eadem
933 825 957 853 e
974 807 1126 852 Plinio
1143 802 1328 852 Solinus
1352 821 1391 850 c.
1418 803 1495 859 52,

205 897 302 925 non
316 883 556 926 nominato
569 889 721 925 tamen
738 883 779 925 M
787 882 1043 941 egasthene.
1058 877 1267 923 Conferri
1281 877 1476 921 Schwan
1486 901 1497 909 ·

205 954 396 997 beckius
413 969 462 1012 p.
482 968 543 1012 29
557 952 689 1011 jubet
704 954 883 997 Lassen.
903 952 1101 995 Institut.
1129 949 1296 1008 linguae
1317 947 1498 1006 praeri-

203 1025 291 1078 tiae,
318 1025 536 1084 Append.
558 1040 607 1083 p.
639 1040 683 1067 2.

268 1098 484 1141 Ceterum
526 1098 663 1156 longe
694 1096 895 1154 plurima
931 1109 1032 1151 quae
1083 1092 1254 1135 Plinius
1288 1091 1374 1145 VI,
1415 1105 1493 1146 21,

204 1167 233 1211 8
246 1195 307 1203 —
327 1168 407 1223 23,
437 1185 452 1213 1
469 1185 486 1213 1
509 1169 567 1212 de
588 1168 800 1227 gentibus
815 1199 827 1220 ‚
872 1165 1004 1208 terris
1034 1162 1398 1220 fluminibusque
1418 1162 1494 1204 in-

203 1241 385 1284 terioris
404 1241 547 1285 Indiae
566 1247 783 1293 recenset,
810 1253 834 1281 e
859 1236 1153 1296 Megasthene
1176 1232 1360 1277 fluxisse
1378 1248 1496 1292 pro-

202 1312 367 1356 babilis
405 1311 754 1357 Schwanbeekii
783 1308 1047 1366 conjectura
1088 1315 1180 1361 est,
1214 1321 1494 1364 quamquam

199 1385 412 1443 pluribus
424 1385 688 1429 auctoribus
706 1398 835 1427 usum
852 1396 943 1426 esse
966 1389 1093 1440 patet
1115 1379 1300 1423 evei-bis
1317 1393 1326 1420 :
1343 1381 1492 1438 pleri-

201 1475 287 1518 que
301 1461 529 1517 adjiciunt
555 1459 567 1518 (
588 1474 640 1502 21
656 1493 668 1513 ,
689 1454 758 1518 8);
781 1457 927 1500 alii...
945 1456 1030 1497 alii
1049 1467 1126 1508 22,
1157 1468 1174 1495 1
1197 1469 1209 1507 3
1233 1453 1494 1496 Artemido-

200 1548 278 1575 rus
303 1533 400 1592 (22,
429 1532 502 1592 6).
525 1534 732 1585 Fortasse
768 1529 940 1574 Plinius
977 1543 1035 1571 ne
1060 1527 1261 1585 inspexit
1300 1526 1491 1586 quidem

201 1607 350 1664 ipsum
376 1606 738 1665 Megasthenem,
774 1602 853 1646 sed
874 1602 1074 1660 plurima
1095 1615 1175 1644 sua
1202 1599 1332 1643 dedit
1356 1615 1381 1644 e
1411 1600 1494 1644 Se·-

202 1693 325 1722 necae
344 1678 465 1721 libro
483 1680 551 1722 De
569 1677 717 1730 India,
739 1675 818 1733 qui
837 1689 981 1732 quum
997 1673 1230 1732 sexaginta
1245 1671 1391 1716 Indiae
1401 1670 1493 1716 flu-

200 1750 321 1805 vios,
367 1751 523 1809 gentes
562 1743 749 1793 centum
768 1755 813 1791 et
846 1745 1166 1805 duodeviginti
1204 1759 1492 1789 enumerasse

200 1837 226 1865 a
246 1822 394 1865 Plinio
417 1824 494 1876 VI,
520 1837 597 1876 21,
615 1820 640 1865 5
669 1821 864 1874 dicatur,
883 1819 1050 1877 procul
1076 1817 1222 1860 dubio
1240 1818 1491 1876 exscripse-

199 1904 271 1938 rat
300 1896 662 1954 Megastlienem,
689 1908 824 1952 quem
856 1891 1048 1935 totidem
1069 1888 1492 1936 fluvios-totidem-

201 1982 291 2025 que
315 1977 473 2026 gentes
493 1967 772 2012 recensuisse
793 1973 1082 2024 compertum
1101 1963 1341 2009 habemus.

831 2095 876 2139 9.

264 2194 428 2240 Strabo
457 2196 561 2253 XV,
593 2210 643 2254 p.
673 2194 763 2255 693
799 2211 808 2237 :
838 2192 1120 2256 Μεγασθένης
1155 2193 1198 2240 δὲ
1230 2193 1309 2251 τὴν
1350 2195 1492 2242 εὐδαι-

200 2263 348 2326 μονίαν
385 2268 461 2322 τῆς
481 2265 661 2321 Ἰνδικῆς
693 2266 1026 2327 ἐπισημαίνεται
1055 2268 1116 2332 τῷ
1140 2266 1346 2332 δίκαρπον
1380 2260 1488 2315 εἶναι

197 2337 271 2382 καὶ
305 2336 490 2401 διφόρον,
521 2337 716 2401 καθάπερ
748 2339 821 2385 καὶ
851 2338 1161 2403 Ἐρατοσθένης
1181 2338 1286 2404 ἔφη,
1310 2339 1381 2386 τὸν
1413 2339 1490 2401 μὲν

197 2408 328 2455 εἰπὼν
343 2411 497 2474 σπόρον
518 2411 757 2475 χειμερινὸν
774 2449 786 2472 ,
814 2411 884 2458 τὸν
929 2412 971 2458 δὲ
1009 2410 1188 2476 θερινὸν,
1214 2413 1288 2460 καὶ
1320 2412 1484 2478 ὄμὸρον

195 2482 364 2542 ὁμοίως·
380 2481 495 2528 οὐδὲν
512 2483 594 2547 γὰρ
610 2483 697 2536 ἔτος
709 2483 976 2548 εὑρίσκεσθαί
990 2484 1210 2549 φησιπρὸς
1224 2485 1489 2552 ἀμφοτέρους

197 2554 367 2617 καιροὺς
378 2554 603 2620 ἄνομὸριψ
621 2554 730 2601 ὥστε
745 2556 965 2620 εὐετηρίαν
982 2558 1028 2603 ἐκ
1048 2556 1196 2604 τούτου
1214 2558 1487 2622 συμὸαίνειν,

199 2627 358 2690 ἀφόρου
385 2627 598 2688 μηδέποτε
617 2631 691 2683 τῆς
712 2630 790 2690 γῆς
807 2627 959 2686 οὔσης·
982 2629 1079 2682 τούς
1099 2648 1144 2676 τε
1170 2628 1354 2684 ξυλίνους
1377 2649 1490 2695 καρ-

200 2697 303 2750 ποὺς
327 2703 549 2760 γεννᾶσθαι
574 2698 778 2758 πολλούς,
802 2720 875 2747 και
892 2700 966 2755 τὰς
986 2700 1102 2766 ρίζας
1124 2722 1208 2749 των
1234 2706 1391 2768 φυτῶν,
1416 2702 1490 2751 καὶ

203 2771 392 2830 μάλιστα
423 2790 504 2817 των
530 2771 727 2833 μεγάλων
763 2771 989 2834 καλάμων,
1025 2773 1227 2837 γλυκείας
1253 2795 1326 2822 και
1367 2773 1491 2840 φύσει

202 2841 275 2887 καὶ
310 2842 478 2907 glaries,
444 2861 456 2888 ι
501 2843 798 2906 γλιαινομένου
834 2850 906 2892 τοῦ
935 2845 1086 2900 ύδατος
1119 2849 1204 2902 τοῖς
1229 2848 1388 2909 ἡλίοις,
1416 2867 1489 2894 του

202 2914 239 2960 τ’
264 2914 535 2968 ἐκπίπτοντος
561 2918 607 2962 ἐκ
638 2917 760 2975 Διὸς,
787 2917 861 2965 καὶ
885 2924 958 2967 τοῦ
982 2920 1216 2982 ποταμίου,
1243 2920 1418 2985 Τρόπον
1438 2920 1489 2978 δη

256 3124 521 3170 Megasthenes
545 3124 663 3164 lndiae
681 3127 975 3168 soeeunditatem
1006 3141 1058 3169 ex
1085 3142 1132 3170 eo
1159 3132 1335 3171 maxime
1357 3131 1490 3171 decla·

205 3188 288 3235 rat,
306 3187 412 3235 quod
435 3199 480 3226 ea
499 3188 558 3227 bis
578 3190 751 3230 fructum
772 3193 871 3232 serat
901 3206 1057 3245 quoque
1076 3207 1179 3236 anno
1194 3226 1204 3244 ‚
1229 3198 1344 3237 sicuti
1368 3198 1489 3237 etiam

207 3250 484 3294 Eratosthenes
509 3251 627 3301 dicit,
648 3254 813 3294 alteram
837 3257 1042 3298 hibernam
1069 3262 1310 3311 sementem,
1324 3261 1490 3301 alteram

207 3313 386 3356 mstivam
410 3314 638 3365 nominans,
662 3318 774 3357 sicuti
801 3320 967 3360 imbrem
998 3334 1168 3373 quoque.
1196 3325 1359 3364 Nullum
1384 3325 1488 3365 enim

206 3387 353 3419 annum
386 3377 548 3416 inveniri
574 3379 669 3419 dicit
691 3383 860 3432 utroque
893 3386 1070 3436 tempore
1092 3387 1174 3427 sine
1193 3389 1346 3439 pluvia,
1387 3401 1490 3440 qua—

207 3442 365 3496 propter
394 3452 573 3490 magnam
598 3454 681 3483 esse
714 3446 959 3498 ubertatem,
987 3460 1114 3499 quum
1134 3462 1288 3502 semper
1306 3454 1412 3494 terra
1442 3452 1493 3492 sit

210 3506 407 3548 necanda.
442 3507 540 3545 Pru(
543 3509 606 3546 tus
638 3511 770 3548 autem
787 3512 968 3552 arboreos
998 3516 1143 3555 multos
1180 3518 1311 3572 gigni,
1345 3517 1494 3556 radices

206 3570 405 3620 stirpium,
425 3573 638 3620 praescitim
659 3586 708 3612 m
700 3587 884 3625 ignarum
904 3579 1157 3629 arundinum,
1168 3583 1208 3620 et
1225 3590 1365 3620 nitura
1380 3582 1493 3621 etde-

208 3634 385 3673 auctione
402 3634 537 3674 dultes
552 3647 773 3687 csse,a‹1ui
793 3641 873 3679 sole
895 3643 1085 3690 tepefacta
1103 3646 1184 3682 tam
1205 3645 1351 3684 coelesti
1367 3657 1488 3696 quam

210 3697 384 3746 pluviali.
409 3698 709 3744 Quodammodo
735 3703 850 3750 igitur
878 3705 913 3742 id
935 3705 1086 3744 videtur
1106 3707 1258 3757 (licere,
1279 3720 1386 3752 eam,
1404 3721 1495 3759 quac

210 3762 313 3811 apud
330 3763 427 3819 alios
453 3765 654 3803 fructuum
678 3768 720 3805 et·
746 3778 952 3806 succorum
978 3771 1182 3810 maturitas
1208 3772 1373 3823 dieitur,
1391 3774 1495 3823 apud

211 3824 298 3864 illos
312 3828 607 3866 concoctionem
625 3839 707 3868 esse
719 3860 728 3878 ,
747 3841 837 3879 qum
855 3833 1008 3870 tantum
1029 3834 1078 3871 ad
1098 3835 1331 3875 suavitatem
1348 3838 1497 3886 saporis

214 3888 437 3938 conducat,
457 3893 652 3940 quantum
684 3904 731 3931 ea
754 3905 843 3943 qum
867 3905 933 3943 per
959 3895 1086 3944 ignem
1115 3898 1170 3936 tit.
1203 3899 1351 3938 ldcirca
1377 3900 1494 3939 etiam

212 3963 342 3996 ramos
364 3954 552 3993 arborum
577 3955 725 3995 flexiles
740 3967 822 3995 esne
841 3957 962 4004 dicit,
984 3971 1005 3995 e
1021 3959 1165 4008 quibus
1185 3965 1282 4001 rotae
1303 3964 1401 4003 fiant
1417 3979 1427 4014 ;
1445 3965 1496 4004 01)

212 4015 455 4067 eandemque
474 4019 687 4058 causamini
715 4020 947 4070 quibusdam
966 4022 1091 4061 lanam
1114 4025 1275 4064 innasci.

265 4152 532 4201 Megasthenes
554 4157 692 4193 auctor
709 4157 766 4206 est
798 4156 914 4204 tigres
934 4157 1035 4206 apud
1060 4159 1208 4197 Prasios
1223 4161 1330 4208 ‘gigni
1352 4164 1497 4209 magni-

216 4214 351 4259 tudine
374 4215 514 4265 duplos·
536 4219 614 4257 tere
644 4219 690 4256 ad
726 4219 898 4266 leonem,
926 4220 1021 4258 adeo
1047 4221 1228 4261 robustos
1245 4254 1254 4271 ,
1279 4227 1319 4262 ut
1347 4237 1448 4262 unus
1473 4239 1493 4263 e

1337 264 1782 314 MEGASTHENIS

1578 390 1672 419 τινα
1691 370 1831 434 λέγειν
1857 351 2080 435 βούλεται,
2106 369 2212 418 διότι
2251 375 2278 429 ἡ
2304 370 2422 436 παρὰ
2452 375 2537 427 τοῖς
2557 372 2700 429 ἄλλοις
2731 378 2882 440 λεγο-
2891 361 2910 386 ³

1578 443 1686 506 μένη
1706 442 1832 508 πέψις
1865 442 1939 489 καὶ
1960 445 2139 506 καρπων
2163 461 2238 490 και
2268 446 2422 507 χυμῶν
2443 447 2545 509 παρ’
2569 445 2743 501 ἐκείνοις
2767 447 2880 507 Q'-
2903 483 2905 485 -
2936 474 2946 478 ’Δ

1578 515 1640 568 σίς
1675 517 1794 562 ἐστι·
1829 514 1903 562 καὶ
1939 514 2246 579 κατεργάζεται
2283 519 2493 564 τοσοῦτον
2517 519 2575 572 εἷς
2605 518 2868 584 ιεῖκιτομίαν,ς
2891 511 2905 551 s

1577 586 1674 634 ὅσον
1698 586 1772 634 καὶ
1802 590 1829 643 ἡ
1859 586 1929 632 διὰ
1951 587 2106 651 πυρός·
2134 586 2199 634 διὸ
2225 586 2301 634 καὶ
2329 586 2426 641 τους
2449 589 2632 645 κλάδους
2650 591 2781 656 φησὶν
2818 619 2824 621 Α
2860 598 2870 610 '⁷
2888 610 2898 614 ··

1576 666 1764 720 καμπεῖς
1788 663 1896 706 εἰναι
1919 661 2003 706 τῶν
2026 659 2226 724 δένδρων,
2253 652 2353 714 ἐξῗ
2320 679 2379 707 ων
2392 663 2431 709 οἱ
2463 663 2636 728 τροχοί·
2660 666 2708 712 ἐκ
2732 664 2777 712 δὲ
2812 647 2877 702 ἐξ

1578 732 1708 783 αὐτης
1728 729 1866 784 αἰτίας
1885 730 2006 784 ἐνίοις
2030 729 2105 777 καὶ
2125 732 2364 779 ἓπανθεῒν”
2339 752 2468 798 εριον.
2849 734 2853 741 ’

1642 804 1708 850 Cf.
1735 804 1790 851 fr.
1824 821 1865 859 ι,
1885 803 1928 848 3.
1957 805 2124 849 Strabo
2145 821 2194 865 p.
2219 806 2332 866 690.
2349 808 2550 855 Nearch.
2578 810 2637 855 fr.
2672 809 2718 857 8.
2756 847 2769 853 -

2117 910 2127 917 '
2186 929 2260 960 10.

1641 1033 1809 1079 Strabo
1825 1035 1928 1090 XV,
1945 1050 1993 1093 p.
2025 1034 2112 1091 703
2143 1049 2154 1081 τ
2195 1033 2284 1080 Καὶ
2315 1028 2471 1100 τίγρεις
2495 1036 2531 1082 δ’
2563 1037 2607 1083 ἐν
2629 1037 2716 1092 τοῖς
2751 1040 2901 1104 Πραιζ

1573 1106 1678 1159 σίοις
1701 1104 1828 1170 φησὶν
1849 1108 1872 1151 ὃ
1903 1105 2187 1169 Μεγασθένης
2213 1106 2404 1169 γίνεσθαι
2437 1109 2688 1173 μεγίστους,
2713 1110 2899 1176 σχεδὸν

1572 1177 1619 1224 δέ
1646 1197 1686 1225 τι
1718 1177 1793 1224 καὶ
1817 1178 2067 1233 διπλασίους
2107 1179 2545 1237 λεόντων··δυνατοὺς
2584 1182 2627 1230 δὲ
2649 1181 2762 1232 ὥστε
2785 1185 2908 1242 viiiva

1570 1249 1743 1315 ἡμέρων
1761 1249 1874 1308 τινὰ,
1904 1251 2112 1314 ἀγόμενον
2141 1252 2224 1299 ὑπὸ
2236 1253 2469 1318 τεττάρων,
2482 1257 2546 1321 τῷ
2561 1256 2742 1322 ὃπισθίῳ
2766 1257 2889 1316 cxi-J

1569 1323 1635 1370 λει
1659 1322 1920 1387 δραξάμενον
1959 1324 2160 1384 ἡμιόνου,
2186 1325 2420 1389 βιάσασθαι
2451 1327 2524 1375 καὶ
2558 1328 2736 1376 ἑλκύσαι
2765 1330 2915 1394 πρὸς,Ι

1571 1395 1737 1444 ἑαυτόν.
1760 1396 2112 1459 Κερκοπιθήκους
2132 1397 2175 1444 δὲ
2200 1397 2367 1460 μείζους
2382 1402 2467 1446 τῶν
2482 1399 2697 1464 μεγίστων
2717 1400 2886 1462 κυνῶν,Ῐ
2896 1408 2907 1441 ’ἶ

1569 1468 1745 1523 λευκοὺς
1779 1469 1892 1527 πλὴν
1926 1475 2002 1517 τοῦ
2029 1471 2293 1535 προσώπου·
2320 1477 2445 1520 τοῦτο
2484 1474 2521 1520 δ’
2563 1466 2671 1522 εἶναι
2711 1475 2870 1538 μέλαν·
2911 1482 2938 1535 7„

1570 1543 1674 1606 παρ’
1702 1540 1847 1595 ἅλλοις
1870 1543 1907 1588 δ’
1927 1541 2142 1590 ἀνάπαλιν
2159 1560 2171 1573 ·
2195 1542 2270 1598 τὰς
2297 1543 2340 1590 δὲ
2370 1543 2546 1610 κέρκους
2566 1545 2733 1609 μείζους
2757 1548 2871 1596 δυοῖν
2917 1543 2939 1594 {2

1569 1612 1746 1678 πήχεων
1763 1633 1772 1643 ·
1794 1613 2099 1679 ἡμερωτάτους
2125 1615 2170 1663 δὲ
2189 1615 2264 1663 καὶ
2288 1618 2336 1663 οὗ
2367 1617 2595 1675 κακοήθεις
2615 1619 2716 1685 περὶ
2735 1620 2872 1668 ἐπιθέ·
2904 1630 2916 1638 ”

1570 1705 1656 1740 σεις
1680 1686 1756 1734 καὶ
1795 1687 1979 1742 κλοπάς.
2017 1687 2172 1743 Λίθους
2207 1689 2243 1736 δ’
2266 1690 2520 1754 ὀρύττεσθαι
2554 1691 2866 1758 λιὸανόχρους,
2902 1668 2931 1739 'f

1569 1759 1850 1826 γλυκυτέρους
1892 1761 2036 1809 σύκων
2042 1761 2093 1853 “31
2125 1762 2312 1826 μέλιτος.
2354 1764 2564 1830 Ἀλλαχου
2600 1765 2646 1813 δὲ
2670 1765 2921 1832 διπήχεις
2900 1740 2927 1813 ἶ

1567 1832 1682 1899 ὄφεις
1699 1833 2010 1900 ὑμενοπτέρους
2034 1832 2180 1900 ὥσπερ
2200 1839 2244 1883 αἱ
2270 1837 2535 1901 νυκτερίδες·
2561 1876 2575 1902 ,
2599 1837 2674 1898 καὶ
2693 1837 2867 1894 τούτους
2911 1833 2933 1899 ‘J

1569 1906 1613 1953 δὲ
1636 1906 1801 1970 νύκτωρ
1823 1906 2029 1954 πέτεσθαι
2043 1908 2404 1996 ,σταλαγμους’
2365 1909 2581 1999 Ναιριέντας
2596 1910 2749 1977 οὔρων,
2771 1910 2873 1967 τους
2899 1901 2927 1970 if

1569 1978 1613 2026 δὲ
1638 1979 1849 2043 ἱδρωτων,
1876 1979 2167 2039 διασήποντας
2208 1983 2279 2032 τὸν
2302 1985 2453 2047 χρῶτα
2481 1988 2555 2031 τοῦ
2589 1983 2650 2047 μὴ
2679 1984 2868 2050 φυλαξα-

1569 2053 1725 2116 μένου·
1754 2054 1828 2102 καὶ
1863 2055 2091 2121 σκορπίους
2128 2048 2237 2103 εἰναι
2274 2055 2484 2117 πτηνους,
2520 2055 2903 2123 υπερδάλλοντας
2904 2078 2942 2149 ,ἡ

1570 2126 1770 2190 μεγέθεσι
1800 2127 1884 2194 (cf.
1912 2130 1970 2178 fr.
1999 2131 2116 2192 11)·
2138 2129 2318 2195 φύεσθαι
2342 2129 2481 2178 δὲκαὶ
2507 2129 2676 2179 ἔ·6ενον
2697 2123 2804 2179 εἶναι
2822 2128 2890 2180 δὲ
2893 2149 2941 2195 ει

1567 2218 1641 2246 και
1660 2199 1791 2255 κύνας
1816 2200 2051 2264 ἀλκίμους,
2074 2203 2122 2250 οὔ
2157 2201 2364 2269 πρότερον
2397 2201 2619 2266 μεθιέντας
2637 2203 2685 2251 τὸ
2713 2200 2909 2269 δηχθὲν
2904 2179 2943 2243 «ἦ

1567 2292 1665 2337 πριν
1692 2275 1749 2327 εἷς
1761 2294 1856 2328 τους
1879 2274 2077 2341 ῥώθωνας
2093 2273 2210 2340 ὕδωρ
2233 2279 2560 2339 κατα-χυθην-ἀι
2578 2274 2702 2331 ε’νίοις
2727 2276 2765 2326 δ’
2780 2275 2908 2324 υπὸ

1567 2345 1806 2437 πρρθυμίας
1846 2349 1890 2394 ἐν
1922 2350 1983 2412 τῷ
2018 2347 2555 2414 δήγματιδιαστρέφεσθαι
2578 2347 2675 2404 τους
2707 2351 2911 2414 ὀφθαλ
2917 2346 2939 2351 ι’

1568 2417 1700 2479 μους,
1743 2425 1830 2472 τοῖς
1876 2418 1921 2466 83
1958 2439 2032 2467 και
2070 2419 2314 2468 ἐκπίπτειν·
2355 2425 2678 2486 κατασχεθῆναι
2708 2420 2754 2469 δὲ
2791 2420 2905 2470 καὶ
2914 2428 2946 2483 ξ,

1566 2491 1718 2538 λέοντα
1738 2492 1821 2539 ὑπὸ
1853 2492 1976 2548 κυνὸς
1999 2493 2074 2540 καὶ
2098 2498 2275 2558 ταῦρον·
2300 2493 2371 2540 τὸν
2398 2493 2443 2541 δὲ
2472 2498 2629 2559 ταῦρον
2660 2493 2735 2542 καὶ
2759 2496 2868 2542 ἀπο·

1567 2568 1707 2612 θανεῖν
1725 2564 2013 2628 κρατούμενον
2046 2569 2120 2613 τοῦ
2147 2564 2329 2632 ῥύγχους
2357 2565 2563 2632 πρότερον
2586 2562 2614 2624 ἢ
2640 2569 2864 2633 ἀφεθῆναι.
2903 2579 2952 2611 im·

1596 2762 1798 2822 [Elian.
1821 2770 1859 2821 N
1894 2779 1951 2823 A.
1978 2778 2130 2835 XVII,
2159 2777 2252 2838 39:
2276 2775 2358 2824 Ἐν
2381 2795 2434 2838 τῃ
2459 2776 2688 2841 Πραξιακῇ
2709 2777 2858 2840 χώρα,

1569 2847 1715 2896 Ἰνδῶν
1741 2846 1784 2894 83
1821 2847 1929 2905 αύτη
1952 2847 2082 2907 ἐστίν,
2108 2847 2390 2911 Μεγασθένης
2405 2847 2511 2913 φησὶ
2536 2847 2740 2905 πιθήκους
2755 2826 2865 2894 εἶναι

1567 2923 1651 2967 τῶν
1674 2919 1886 2984 μεγίστων
1911 2940 2047 2967 κυνων
2072 2923 2118 2968 οὖ
2142 2920 2310 2983 μείους,
2335 2920 2451 2984 ἔχειν
2472 2919 2515 2966 δὲ
2540 2919 2614 2967 καὶ
2633 2917 2763 2984 οὐρὰς
2774 2936 2862 2978 πη-

1563 3060 1805 3111 mansuetis,
1833 3071 1856 3100 a
1881 3051 2078 3111 quattuor
2095 3059 2329 3100 hominibus
2347 3059 2523 3109 ductus,
2541 3058 2699 3099 mulum
2728 3059 2862 3108 poste-

1563 3125 1668 3164 riore
1698 3124 1802 3176 pede
1824 3123 2130 3175 apprehenderit
2148 3125 2270 3174 atque
2295 3122 2346 3163 ad
2364 3133 2407 3164 se
2431 3123 2684 3173 pertraxerit.
2709 3123 2861 3163 Gereo-

1564 3189 1741 3237 pithecos
1778 3200 1875 3229 vero
1908 3188 2094 3228 maximis
2127 3187 2292 3228 canibus
2321 3186 2514 3237 maiores,
2544 3186 2585 3226 et
2616 3186 2725 3226 totos
2751 3183 2874 3227 albos

1564 3254 1708 3304 praeter
1735 3253 1807 3292 fae·
1798 3264 1898 3302 lem,
1911 3264 2001 3303 quae
2023 3252 2134 3303 nigra
2150 3253 2231 3302 est,
2255 3251 2329 3291 etsi
2349 3249 2456 3302 apud
2478 3249 2691 3292 nonnullos
2702 3249 2859 3289 contra-

1565 3318 1670 3356 rium
1686 3317 1759 3366 sit;
1777 3317 1915 3357 caudae
1935 3316 2221 3367 longitudinem
2241 3315 2341 3356 duos
2359 3314 2515 3354 cubitos
2532 3316 2744 3364 superare3
2760 3306 2862 3354 cefe-

1566 3392 1655 3420 rum
1686 3380 2022 3420 mansuetissimos
2053 3390 2160 3430 esse,
2193 3388 2327 3430 neque
2346 3420 2349 3421 ⁷
2368 3378 2540 3429 maligne
2575 3376 2754 3417 insidiari
2786 3377 2861 3417 aut

1566 3447 1703 3486 furari.
1737 3445 1903 3497 Lapides
1921 3455 2081 3496 quoque
2112 3444 2231 3485 effodi
2251 3446 2367 3485 turco
2393 3443 2552 3493 colore,
2573 3441 2654 3482 ficu
2678 3442 2720 3483 et
2745 3435 2870 3482 mel&

1566 3512 1777 3551 dulciores.
1799 3509 2046 3558 Quibusdam
2061 3510 2102 3548 in
2117 3508 2215 3548 locis
2226 3509 2427 3558 serpentes
2441 3505 2731 3549 essefbinorum
2746 3504 2862 3547 cubi-²
2877 3527 2881 3532 ·

1567 3578 1701 3614 torum
1712 3604 1723 3624 ,
1738 3573 2004 3614 membraneis
2018 3573 2092 3612 alis
2104 3602 2115 3622 ,
2132 3574 2179 3612 ut
2195 3571 2489 3622 vespertiliones
2506 3586 2516 3610 ε
2537 3580 2605 3610 eos
2619 3578 2689 3621 per
2701 3563 2867 3610 noctem

1563 3640 1717 3690 -volare;
1734 3640 1774 3678 et
1789 3637 1873 3678 lotii
1888 3639 1958 3677 aut
1969 3636 2123 3676 sudoris
2137 3635 2263 3676 stillas
2281 3635 2508 3684 dimittere,
2521 3643 2616 3685 quae
2626 3643 2707 3673 ιιοιι
2721 3634 2861 3673 caven·-
2918 3643 2919 3646 ’

1567 3703 1668 3743 tium
1705 3713 1772 3742 eas
1807 3711 1974 3752 corpora
2004 3701 2321 3750 computrescere
2355 3698 2514 3748 cogant.
2549 3698 2653 3738 Item
2686 3694 2865 3747 scorpios*

1568 3767 1750 3806 volucres
1766 3767 1952 3816 ingentes.
1978 3763 2097 3805 Nasci
2116 3773 2277 3813 quoque
2293 3761 2478 3802 ebenum.
2497 3763 2625 3800 Canes
2643 3759 2765 3800 etiam
2777 3769 2863 3800 esse

1569 3831 1853 3880 validissimos,
1884 3822 1954 3880 q'ui
1976 3828 2084 3879 quod
2116 3827 2315 3867 mordicus
2346 3825 2635 3877 corripuerunt,
2655 3834 2737 3864 non
2765 3824 2861 3864 ante

1568 3897 1770 3936 dimittant
1789 3906 1910 3946 quam
1933 3905 2037 3945 aqua
2057 3892 2220 3933 naribus
2246 3891 2486 3932 infundatur·
2505 3905 2516 3930 ε
2546 3888 2749 3930 nonnullis
2772 3898 2863 3938 pm·

1568 3960 1817 4000 vehementia
1832 3959 1873 3998 in
1884 3969 2018 3998 morsu
2051 3957 2187 3996 oculos
2201 3954 2439 4006 distorqueri
2453 3985 2464 4005 ,
2484 3952 2722 4005 quibusdam
2740 3950 2860 3992 etiem
2878 3950 2889 3998 ,ι’

1569 4025 1774 4065 excidere:
1795 4023 1950 4064 leonem
1963 4024 2003 4062 ct
2018 4023 2179 4073 taurum
2194 4031 2218 4059 a
2233 4030 2330 4059 eane
2339 4018 2507 4058 detineri
2529 4034 2537 4057 :
2555 4018 2716 4057 taurum
2734 4015 2879 4057 nstro:

1569 4091 1805 4142 prehensum
1823 4089 1874 4128 ab
1890 4088 1936 4128 iis
1953 4088 2081 4127 necari
2102 4085 2232 4137 potius
2251 4095 2371 4136 quam
2391 4082 2552 4123 dimitti.
2885 4109 2894 4142 1

2178 4154 2246 4193 11.

1625 4229 1665 4265 ln
1691 4224 1870 4266 Prasiana
1890 4222 2077 4262 indorum
2107 4219 2262 4271 regione
2284 4218 2553 4270 Megasthenes
2567 4215 2700 4256 simias
2718 4206 2909 4274 scribitlg
