3008 4542
44 603 54 618 ι
95 578 109 611 -ἷ
139 578 344 642 τομίας“’
318 597 460 627 ενεκα.

1274 192 1353 238 FB
1361 192 1436 239 AG
1446 193 1489 238 M
1502 193 1662 240 ENTA
1672 230 1682 240 .

42 322 44 326 ,
77 286 120 355 Est«
140 298 234 343 θεοῦ
257 292 538 359 Ὀσίρεως,“
516 313 572 346 ως
594 292 754 353 μετέὸη
771 295 828 344 εἷς
847 312 970 340 τουτο
989 293 1036 340 τὸ
1054 294 1195 357 γένος,
1219 296 1422 357 μετετέθη
1502 300 1614 343 tinet
1644 301 1782 364 ,sspxst'
1822 302 2034 364 (2121),
2068 307 2102 349 is
2125 322 2219 350 non
2244 308 2441 366 quadrat
2472 325 2575 352 cum
2611 312 2662 355 iis
2693 328 2779 355 nu·

1500 374 1656 428 meris,
1687 375 1766 431 qui
1789 375 1974 433 singulis
1993 376 2207 434 dynastiis
2224 379 2560 427 adscribuntur.
2584 385 2639 427 Hi
2658 387 2779 428 enim

1500 458 1721 488 summam
1739 444 1944 490 efficiunt
1962 462 2187 492 annorum
2211 453 2332 495 22'22
2360 467 2370 497 ε

140 385 326 430 τουνομα
343 365 416 412 καὶ
436 364 756 438 προσηγορεύθη
784 367 1036 421 Μωϋσῆς.»

204 437 286 491 κ’.ζ
324 434 386 483 *A
408 434 484 497 μὲν
517 439 588 482 οὖν
626 434 854 497 Αἰγύπτιοι
886 435 1059 500 φέρουσι
1082 436 1284 525 περὶτῶν
1310 438 1412 486 'lou—

86 510 104 542 J
140 506 290 568 δαίων,
312 506 430 554 ταῦτ’
455 507 546 554 ἐστὶ
562 507 636 554 καὶ
653 505 775 570 ἕτερα
791 505 994 564 πλείονα,
1023 506 1050 553 ἃ
1067 509 1255 572 παρίημι
1272 529 1422 556 συντο-

47 627 50 631 ,
529 577 659 640 Λέγει
695 577 739 624 δὲ
761 580 783 624 ὃ
810 576 1018 625 Μανεθὼν
1054 579 1184 625 πάλιν
1220 580 1283 626 ὅτι
1318 580 1426 642 μετὰ

51 676 57 698 ·.
141 654 276 700 ταῦτα
293 651 477 708 ἐπῆλθεν
507 652 530 696 ὃ
547 648 780 713 Ἀμένωφις
798 648 883 695 ἀπὸ
899 649 1126 703 Αἰθιοπίας
1151 650 1259 712 μετὰ
1290 651 1427 714 μεγά-

78 711 101 774 Ιζ
139 723 218 783 λης
240 720 487 784 δυνάμεως,
522 720 595 767 καὶ
626 724 648 766 ὃ
669 717 766 774 ὐἱὸς
799 721 929 767 αὐτοῦ
961 719 1166 786 Ῥᾶμψης
1201 721 1274 768 καὶ
1302 723 1425 776 αὐτὸς
1489 751 1493 754 -

115 813 117 815 ·
142 793 254 861 ἔχων
277 792 456 855 δύναμιν
471 811 482 822 ·
501 792 574 840 καὶ
600 791 890 855 συμὸαλόντες
911 794 949 838 οἱ
971 792 1043 840 δύο
1059 794 1144 846 τοῖς
1164 793 1340 855 ποιμέσι
1355 794 1428 840 καὶ

139 873 226 920 τρῖς
243 868 435 930 μιαροῖς,
469 863 669 921 ἐνίκησαν
708 863 872 922 αὐτοὺς,
911 863 984 911 καὶ
1018 865 1202 919 πολλοὺς
1232 865 1427 915 ἀποκτεί-

140 954 284 990 ναντες
322 935 496 991 ἐδίωξαν
532 934 686 989 αὖτοὺς
719 934 820 999 ἄχρι
853 938 936 982 τῶν
974 935 1096 999 ὁρίων
1135 940 1212 993 τ’ῆς
1245 936 1418 1000 Συρίας,

49 1002 93 1074 ..ιζ
119 1003 298 1058 ’Ταῦτα
327 1008 404 1070 μὲν
429 1007 502 1055 καὶ
531 1008 586 1055 τὰ
616 1011 791 1054 τοιαῦτα
817 1007 1026 1055 Μανεθὼν
1053 1009 1337 1073 συνέγραψεν·
1365 1007 1428 1055 ὅτι

59 1076 93 1133 -Ῐ,
141 1080 186 1129 δὲ
205 1081 327 1144 ληρεῖ
349 1080 422 1126 καὶ
441 1079 642 1145 ψεύδεται
664 1082 906 1144 περιφανῶς
930 1078 1141 1134 ἐπιδείξω.

206 1154 413 1197 Priorem
424 1153 559 1211 hujus
574 1153 667 1196 loci
681 1161 863 1211 partem
877 1168 933 1196 ex
950 1155 974 1196 J
979 1154 1153 1212 oscpho
1175 1154 1426 1211 exscripsit,

52 1258 97 1293 ¹12,
141 1223 223 1269 sed
243 1226 547 1285 negligenter,
566 1224 850 1284 Theophilus
869 1224 944 1268 Ad
960 1226 1175 1284 Autolyc.
1200 1227 1287 1281 III,
1317 1240 1394 1270 20.

58 1303 74 1323 x
398 1302 400 1308 ,

383 1382 688 1427 DYNASTIA
729 1383 964 1431 DECIMA
997 1384 1188 1436 NONA„

745 1502 822 1550 55.

522 1627 640 1672 SEC.
676 1626 1051 1673 AFRICANUM.

44 1733 82 1831 ὲ
127 1803 130 1807 ,
153 1813 158 1817 .
207 1762 442 1822 syncellus
464 1777 512 1821 p,
553 1777 610 1818 72
629 1795 642 1816 ‚
667 1763 705 1806 Β·
735 1775 746 1808 :
773 1759 1162 1818 Ἐννεακαιδεκοίτη
1202 1758 1429 1807 δυναστεία

45 1831 356 1914 8‘ssoect1502v
378 1830 412 1887 ζ’
437 1832 550 1895 (δοῖ.
571 1830 640 1896 ς’)
663 1834 978 1885 Διοσπολιτῶν,

209 1902 250 1950 α’
276 1902 552 1961 Σέθωςέτη
577 1903 662 1950 να’.

210 1974 562 2041 β”“Ραψᾶκης
582 1973 656 2033 ἔτη
682 1973 746 2031 ξα’
777 1976 900 2038 (scr.
925 1975 1041 2039 ξςΙ).

59 2094 76 2112 ,1,
207 2048 247 2113 γ’
272 2048 634 2112 Ἀμμενέφθης
659 2047 732 2106 ἔτη
758 2047 815 2097 κ’.

67 2115 82 2162 ’ἶ
210 2120 251 2167 δ’·
273 2119 589 2181 Ῥαμεσσῆς
611 2118 686 2178 ἔτη
712 2118 760 2174 ξ’·

47 2213 60 2228 1¹
148 2186 155 2190 ⁵
210 2192 243 2239 ε’
270 2191 753 2254 Ἀμμενεμνῆςέτη
776 2189 825 2240 ε’.

45 2304 86 2329 ..ᾗ
209 2264 248 2320 ς’
272 2262 566 2327 Θούωρις,ὁ
590 2265 696 2328 παρ’
732 2261 914 2328 Ὁμηρῳ
937 2265 1055 2327 (Od.
1081 2265 1121 2322 δ,
1150 2263 1436 2328 ammio&-

48 2348 93 2403 ’μ’
148 2355 271 2400 μενος
296 2335 515 2394 Πόλυὸος,
542 2334 800 2400 Ἀλκάνδρας
823 2334 961 2409 ἀνὴρ,
984 2337 1049 2401 ἐφ’
1070 2330 1119 2383 οἷ
1141 2337 1154 2403 (
1169 2340 1231 2383 sic
1252 2355 1436 2400 margo3

48 2398 87 2417 '⁸
146 2409 196 2528 {r-
242 2407 501 2473 Ἀλκανδρας
535 2406 666 2474 ἀνὴρ,
704 2409 767 2471 ἐφ’
801 2411 850 2454 οὓ
884 2409 1019 2471 libii)
1059 2409 1108 2456 τὸ
1137 2406 1268 2457 Ἴλιον
1304 2409 1438 2470 ἑάλω,

78 2499 86 2525 1
169 2478 296 2539 τηζ’.

213 2557 401 2621 ενΟμοῧ
378 2578 452 2616 ετη
474 2558 536 2605 σθ’
542 2595 561 2608 .-

68 2682 88 2697 J„
213 2631 314 2680 Ἐπὶ
348 2635 423 2678 τοῦ
455 2633 584 2678 αὐτοῦ
622 2629 818 2694 δευτέρου
863 2630 996 2694 τόμου
1026 2633 1214 2681 Μανεθῶ
1252 2634 1440 2695 βασιλεῖς

155 2703 245 2768 4ς’·

66 2829 84 2846 ζ
218 2774 430 2841 βασιλέων
460 2773 515 2839 ζ’]
556 2778 620 2822 sic
641 2792 735 2837 pro.
760 2774 801 2829 ς’
826 2778 992 2837 aliquis
1014 2779 1193 2837 scripsit
1217 2779 1299 2837 qui
1339 2794 1441 2824 ver-

101 2894 105 2899 ,
151 2853 222 2896 bis
240 2846 500 2913 Ἀλκάνδρας
525 2846 632 2912 ἀνὴρ
659 2851 905 2909 septimum
930 2865 1088 2911 regem
1110 2851 1307 2895 indicari
1335 2853 1440 2911 opi-

152 2923 366 2971 nabatur.
385 2948 452 2957 --
468 2922 587 2982 Regi
605 2922 811 2967 secundo
827 2938 916 2982 pro
938 2924 1068 2967 annis
1087 2919 1150 2976 ξα’
1172 2923 1445 2969 tribuendos

71 2990 79 3042 ;1
155 3010 248 3041 esse
269 2991 336 3048 ξς’
363 2993 462 3056 (uti
490 3003 558 3039 est
587 3010 666 3054 ap.
698 2994 972 3057 Eusebium)
1006 2995 1116 3040 inde
1138 3004 1289 3054 patet,
1316 2997 1446 3055 quod

155 3071 218 3115 sic
234 3077 415 3113 tantum
429 3082 606 3125 summa
625 3083 854 3112 annorum
875 3084 969 3128 209
990 3069 1242 3128 colligitur.
1268 3095 1332 3102 —
1354 3072 1446 3114 Nu-

155 3155 311 3190 merus
349 3137 416 3200 45'
453 3139 756 3200 corrigendus
769 3140 955 3185 videtur
992 3141 1042 3183 in
1091 3139 1211 3201 <5453
1251 3142 1383 3186 litera
1407 3159 1446 3200 σ,

155 3212 448 3273 praecedente
479 3227 594 3256 voce
630 3211 841 3274 βασιλεῖς,
867 3212 1082 3262 excidere
1112 3212 1245 3257 facile
1272 3216 1443 3272 potuit.

87 3323 89 3325 ,
157 3287 341 3345 Regum
384 3298 604 3328 numerus
640 3285 694 3332 in,
728 3284 917 3344 singulis
957 3284 1174 3343 dynastiis
1218 3299 1245 3328 e
1289 3295 1447 3330 nostro

161 3365 384 3416 computo
406 3366 472 3402 est
497 3356 590 3417 289
605 3390 617 3413 ,
639 3357 676 3400 si
695 3357 745 3403 in
765 3356 972 3416 dynastia
993 3358 1127 3402 XVII
1146 3368 1451 3404 numerantur

49 3420 77 3490 'fij
160 3444 292 3490 reges
331 3427 391 3473 86
430 3427 444 3487 (
465 3429 523 3481 43
562 3431 770 3473 Pastores
805 3438 851 3474 et
887 3430 946 3482 43
987 3430 1221 3486 Thebaei).
1259 3431 1306 3475 Si
1343 3447 1450 3475 cum

80 3511 86 3524 '·
163 3502 376 3561 Syncello
420 3501 636 3562 dynastiae
673 3503 794 3546 XIX
834 3502 999 3546 tribuis
1034 3517 1165 3562 leges
1198 3518 1246 3559 7,
1274 3518 1452 3548 summa

165 3581 232 3618 est
256 3587 364 3633 290.
389 3574 542 3632 Quare
562 3574 853 3633 probabilius
873 3575 1010 3618 etiam
1028 3583 1094 3619 est
1110 3590 1198 3634 pro
1230 3573 1316 3634 45',
1339 3577 1454 3624 scri-

166 3631 373 3683 bendum
399 3654 491 3684 esse
512 3638 597 3700 c4'.
621 3663 686 3672 -—
705 3639 846 3697 Quod
867 3654 1115 3683 numerum
1131 3655 1360 3684 annorum
1385 3650 1447 3685 at·

174 3730 258 3742 μ...-

169 3773 279 3824 εἰμὴ,
299 3783 348 3814 ex
363 3774 518 3825 osiride
532 3776 607 3815 deo
621 3806 632 3826 ,
653 3786 773 3826 quem
793 3776 887 3816 colit
902 3777 998 3816 urbs
1010 3776 1234 3827 ,Heliopolis
1245 3807 1256 3826 ,
1273 3776 1455 3820 denomi-

20 3886 21 3892 Ὶ
75 3849 86 3895 ζ
170 3828 308 3886 natus,
324 3848 450 3887 quum
477 3838 527 3878 ad
550 3839 628 3879 hoc
646 3850 770 3890 genus
788 3840 1012 3888 transisset,
1034 3851 1180 3880 nomen
1206 3840 1399 3889 mutavit,
1417 3840 1458 3879 et

173 3901 337 3940 vocatus
350 3902 435 3940 erat
453 3903 621 3952 Moyses.
645 3919 665 3938 »

1479 1387 1482 1402 ³
1511 1401 1582 1431 an.
1630 1388 1749 1440 1184
1770 1403 1828 1442 (a.
1851 1389 1901 1433 C.
1949 1386 2024 1452 (v.
2053 1390 2241 1436 Boeckh.
2267 1405 2315 1449 p.
2345 1390 2430 1436 183
2453 1396 2586 1454 sqq.)

1481 1478 1483 1480 ’
1508 1475 1653 1503 annus
1671 1475 1696 1503 e
1717 1460 1925 1504 Boeckhii
1958 1468 2177 1519 computo
2203 1464 2534 1509 accuratissime
2576 1468 2699 1512 cadit
2745 1472 2792 1514 in

2677 206 2780 254 581²

1639 552 1692 580 12
1723 536 1831 595 dyn.
1867 555 1901 594 ,7
2005 542 2249 600 Diospolit.
2364 545 2451 589 160
2488 563 2561 590 an.

1638 607 1691 651 13
1842 608 1903 653 60
2003 613 2249 671 Diospolit.
2355 615 2444 667 453

1639 684 1691 730 14
1848 681 1906 736 76
2008 684 2176 728 Xoitae.
2364 686 2448 738 184

1639 766 1655 792 1
1667 749 1691 793 5
1879 752 1908 795 6
2011 756 2231 800 Pastores.
2359 758 2447 810 284

1639 837 1654 863 1
1666 822 1692 864 6
1853 823 1912 867 32·
2015 827 2235 871 Pastores.
2360 827 2384 871 5
2397 844 2412 872 1
2424 830 2451 872 8

1850 895 1907 946 43
2008 899 2226 947 Pastores.
2394 935 2414 962 f

1641 944 1691 984 ¹7
1837 963 1904 1016 -43
2008 968 2228 1018 Thebani.
2365 952 2445 980 Νι

1643 1036 1696 1079 18
1855 1036 1910 1079 16
2010 1039 2220 1098 Diospol.
2369 1042 2469 1086 263·

1642 1124 1697 1166 19
1881 1109 1908 1149 (ἱ
1933 1106 1995 1168 (7)
2018 1111 2177 1170 Diosp,
2369 1129 2462 1172 209

1818 1195 1911 1255 289
1935 1195 2065 1262 (290)
2336 1193 2458 1245 2222
2484 1218 2558 1247 an.
2683 1224 2696 1250 ο

1574 1316 1786 1365 Ceterum
1832 1316 2070 1361 Africanus
2118 1317 2266 1375 Trojae
2310 1321 2540 1365 excidium
2581 1326 2715 1382 ponit
2744 1328 2791 1371 in

2607 1431 2619 1452 ‚
2664 1398 2790 1456 isque

1509 1532 1705 1576 Thuoris
1720 1547 1890 1576 annum
1909 1542 2209 1592 postremum.
2230 1535 2427 1580 Fruinus
2442 1537 2490 1580 in
2506 1537 2614 1597 dyn.
2634 1541 2789 1597 XVII,

1510 1604 1640 1647 annis
1672 1600 1755 1646 151
1780 1603 2053 1647 substituens
2072 1619 2217 1647 annos
2252 1604 2332 1661 43,
2354 1622 2577 1652 summam
2603 1620 2797 1670 exputat

1510 1690 1616 1721 ann.
1642 1690 1668 1718 2
1680 1691 1696 1718 1
1712 1679 1784 1726 14.

2118 1762 2194 1806 56.

1911 1863 2031 1907 SEC.
2069 1863 2390 1913 EUSEBIUM.

1577 1970 1812 2030 Syncellus
1846 1985 1894 2028 p.
1936 1969 2022 2025 73,
2042 1971 2077 2014 B
2111 1946 2528 2031 τἘννεακαιδεκάτη
2564 1972 2786 2022 δυναστεία

1514 2039 1724 2106 βασιλέων
1746 2039 1777 2086 ε’
1803 2041 2113 2089 Διοσπολιτῶν.

1579 2111 1615 2161 α’
1644 2111 1819 2165 Σέθως
1840 2109 1912 2168 ἔτη
1938 2111 2012 2159 νε’.

1580 2185 1618 2250 β’
1643 2182 1900 2249 Ῥαμψὴς
1918 2182 1991 2241 ἔτη
2010 2183 2094 2239 ξςῖ

1577 2257 1615 2321 γ’
1647 2256 2011 2322 Ἀμμενεφθὴς
2038 2255 2111 2315 ἔτη
2134 2259 2197 2320 μ’.

1579 2331 1612 2377 δ’
1639 2327 2017 2392 Ἀμμενέμης”
1995 2349 2068 2387 ετη
2089 2330 2176 2383 κζ’.

1580 2402 1611 2449 ε’
1637 2401 1883 2466 Θούωρις
1902 2438 1915 2464 ,
1941 2402 2079 2466 ὁπαρ’
2103 2402 2298 2469 Ὁμήρῳ
2299 2403 2558 2467 καλούμενος
2583 2405 2796 2466 Πόλυὸος,

1519 2474 1822 2538 Ἀλκάνδρας’
1799 2472 1932 2537 ανὴρ,
1957 2472 2022 2538 ἐφ’
2027 2478 2088 2520 οὗ
2110 2474 2158 2520 τὸ
2177 2473 2308 2523 Ἴλιον
2329 2477 2443 2523 ἑάλω
2459 2475 2563 2539 ,ἔτη
2587 2477 2635 2532 ζ’.

1580 2543 1764 2609 ‘Op-ou*
1743 2565 1815 2603 ετη
1843 2544 1948 2631 943'.

1581 2616 1685 2665 Επι
1705 2635 1754 2662 το
1793 2615 1897 2662 αὐτὸ
1930 2617 2030 2678 (του
2074 2619 2202 2664 αὐτοῦ
2231 2636 2413 2665 cortex.
2462 2620 2555 2682 ln.)
2595 2619 2634 2683 β’
2665 2620 2797 2683 τόμου

1517 2692 1702 2739 Μανεθῶ
1730 2686 1940 2753 βασιλέων
1967 2689 2037 2751 46'
2061 2688 2132 2747 ἔτη
2157 2690 2294 2754 ,αρκα’
2317 2693 2434 2756 (scr.
2463 2692 2600 2756 ,βρκοί
2618 2692 2649 2756 ).

1515 2813 1521 2819 ,
1580 2764 1748 2809 Euseb.
1777 2763 1951 2812 Chron.
1974 2779 2025 2822 p.
2054 2780 2139 2808 102
2171 2780 2181 2808 :
2223 2767 2412 2809 Decima
2437 2782 2557 2810 nona
2583 2767 2798 2824 dynastia

1517 2838 1872 2896 Diospolitarum
1899 2837 1944 2878 V
1961 2852 2132 2896 regum.

1582 2909 1750 2954 Sethus
1766 2908 2088 2968 annisLV(a.
2113 2908 2227 2955 Abr.
2250 2908 2523 2969 642-696).

1584 2984 1804 3041 Rampses
1826 2984 1958 3023 annis
1978 2982 2148 3024 LXVI
2170 2979 2242 3039 (a.
2270 2982 2384 3026 Abr.
2413 2981 2652 3041 697-762.
2670 2982 2704 3041 ).

1585 3052 1917 3120 Ameizeplzthis
1948 3054 2259 3116 (Amenoplzz's
2292 3058 2465 3102 Canon.
2501 3055 2641 3114 Eus.)
2673 3061 2807 3100 annis

1522 3132 1614 3174 XL
1647 3129 1782 3191 (cod.
1818 3131 1945 3174 Arm.
1978 3129 2112 3184 V111;
2151 3144 2272 3172 corr.
2311 3131 2421 3174 Mai.
2451 3131 2505 3174 A.
2541 3129 2654 3175 Abr.
2688 3128 2806 3184 763-

1524 3201 1669 3262 802).

1588 3283 1903 3327 Ammenemes
1922 3283 2057 3322 annis
2080 3281 2264 3323 XXVI
2285 3279 2350 3342 (a.
2375 3281 2490 3324 Ab1.
2520 3280 2637 3324 803-
2645 3277 2778 3335 828)

1597 3353 1807 3405 Tleuoris,
1835 3353 2024 3394 Homero
2044 3353 2191 3395 dictus
2215 3353 2428 3409 Polybus,
2452 3357 2531 3395 vir
2545 3363 2747 3396 strenuus
2765 3362 2810 3394 ec

1532 3422 1814 3483 fortissimus
1851 3423 1864 3485 (
1882 3425 1912 3470 i.
1956 3437 1997 3468 e.
2034 3421 2140 3486 ἀνὴρ
2176 3422 2432 3486 Ἀλκάνδρας
2449 3426 2460 3483 )
2475 3460 2486 3480 ,
2516 3430 2640 3481 cujus
2673 3434 2809 3467 oetate

1526 3499 1667 3546 Illum
1698 3505 1879 3556 captum
1905 3507 1990 3552 est,
2030 3501 2165 3540 annis
2192 3498 2295 3542 VII
2326 3496 2394 3557 (a.
2431 3498 2541 3542 Abr.
2573 3494 2803 3554 829-835.

1527 3570 1667 3613 Ilium
1691 3578 1877 3628 captum
1897 3583 1935 3613 a.
1960 3566 2052 3612 835
2072 3567 2105 3628 ).

1594 3640 1784 3684 Summa
1800 3655 2022 3684 annorum
2043 3641 2172 3684 CLX
2168 3642 2224 3683 X
2223 3643 2276 3684 X
2272 3643 2325 3683 X
2325 3643 2354 3683 I
2359 3642 2405 3682 V
2405 3675 2415 3685 .

1524 3775 1729 3826 -AEthiopia
1748 3786 1945 3825 regressus
1960 3777 2020 3815 est
2035 3786 2125 3815 cum
2142 3785 2281 3824 magna
2298 3774 2470 3813 militum
2489 3783 2607 3810 manu
2622 3801 2633 3820 ,
2651 3773 2690 3810 et
2705 3771 2807 3810 filius

1529 3839 1613 3888 ejus
1639 3841 1826 3888 Rampses
1847 3837 1982 3878 itidem
1999 3849 2091 3877 cum
2114 3838 2311 3886 exereitu;
2337 3836 2522 3886 quodque
2547 3835 2585 3872 hi
2605 3834 2685 3873 duo
2709 3845 2805 3872 con-

1529 3903 1647 3953 gressi
1662 3914 1754 3942 cum
1772 3903 1995 3943 Pastor-ibus
2011 3905 2130 3952 atque
2146 3901 2303 3952 pollutis
2316 3912 2381 3939 eos
2393 3899 2613 3949 superarint
2628 3912 2639 3946 ;
2657 3900 2695 3937 et
2711 3898 2807 3935 mul·

225 3967 289 4004 27.
316 3965 365 4003 Et
377 3975 468 4014 quae
483 3966 645 4015 quidem
669 3967 838 4018 AEgyptii
854 3967 904 4007 de
918 3970 941 4007 J
945 3967 1068 4007 udaeis
1086 3968 1218 4007 serunt
1229 3997 1240 4015 ,
1264 3967 1458 4016 ejusmodi
1530 3967 1580 4006 tis
1595 3966 1706 4006 caesis
1723 3967 1951 4016 persequuti
1966 3967 2043 4005 sint
2058 3977 2125 4005 eos
2141 3976 2265 4015 usque
2281 3963 2327 4003 ad
2346 3964 2466 4012 Syriae
2484 3963 2591 4000 fines.
2615 3964 2710 4000 Haec
2727 3961 2807 4009 qui-

62 4011 98 4085 ᾗ
180 4027 274 4077 sunt
291 4037 384 4066 cum
402 4028 488 4068 aliis
499 4029 656 4078 multis,
672 4041 764 4081 quae
781 4031 987 4071 brevitatis
1012 4042 1103 4081 ergo
1130 4031 1334 4081 praetereo,
1355 4033 1458 4069 Rur-

1531 4029 1622 4070 dem
1642 4031 1682 4069 et
1697 4030 1935 4080 ejuscemodi
1952 4030 2027 4069 alia
2046 4029 2197 4078 scripsit
2221 4027 2420 4067 Manetlio..
2448 4026 2563 4069 Illum
2580 4026 2712 4064 autem
2731 4035 2806 4062 nn-

179 4100 247 4130 sus
281 4093 414 4131 autem
453 4091 553 4137 dicit
581 4094 790 4144 Mancino,
826 4094 935 4147 quod
966 4095 1100 4145 postea
1138 4095 1373 4144 Amenophis
1409 4104 1459 4134 ex
1532 4093 1612 4144 gari
1625 4095 1665 4133 et
1685 4093 1888 4134 manifeste
1904 4093 2059 4133 mentiri
2076 4091 2293 4136 ostendam,
