3016 4628
49 474 60 511 Ϊι

1159 305 1162 308 ’
1230 306 1644 355 FRAGMENTA.
2705 316 2752 356 11

54 462 58 468 -
110 430 182 485 Ιί5,
215 428 296 473 sed
330 440 475 485 nepos
497 431 563 468 est
601 418 912 479 Thamyridis;
938 415 1176 461 Diodorus
1195 431 1308 460 vero
1347 416 1383 458 si

107 573 186 617 bio
208 569 481 616 memoravit
499 567 621 610 libro
641 571 788 608 sexto.
808 587 874 595 —
892 563 1118 606 Praeterea
1136 561 1196 604 ad
1211 562 1302 604 hoc
1319 575 1393 604 ve-

105 644 186 687 lim
211 641 417 687 attendas
431 672 443 695 ,
465 637 595 697 quod
621 635 860 681 Diodorus
877 641 1126 693 postquam
1153 633 1234 676 lib.
1257 634 1327 676 III
1350 639 1395 675 et

101 717 165 760 Iv
184 714 437 773 praecipuas
460 711 728 755 Graecorum
750 706 925 750 fabulas
944 713 1244 764 exposuerat,
1271 704 1394 758 libro

105 787 146 831 V
163 795 314 830 autem
333 783 500 828 insulas
528 793 782 838 earumque
804 773 994 841 ἱστορίας
1015 773 1195 829 τοπικάς
1217 774 1395 837 (nescio

105 872 163 904 an
173 870 384 917 magnam
396 862 574 915 partem
584 867 674 896 sec.
689 847 878 914 ἱστορίας
890 845 1070 900 τοπικὰς
1080 849 1220 894 Dion.
1235 845 1394 908 Samii)

103 935 413 988 percurrerat,
433 922 603 970 deinde
618 922 742 967 libro
757 930 887 966 sexto
905 921 1062 967 denuo
1075 921 1135 965 ad
1147 920 1398 980 mythicam

105 999 341 1045 historiam
357 997 540 1052 redeat,
562 1010 647 1039 nec
662 1009 811 1054 pauca
831 1009 992 1038 eorum
1004 1027 1016 1049 ‚
1041 1009 1141 1052 quae
1152 992 1248 1051 jam
1266 991 1397 1035 dixe-

40 1063 43 1070 *
106 1081 198 1129 rat,
219 1079 375 1132 tangat
397 1070 585 1113 iterum.
608 1069 718 1112 Haec
741 1082 917 1111 novum
937 1066 1176 1125 scriptoris
1192 1072 1395 1124 arguunt

108 1143 375 1197 consilium,
401 1153 696 1199 novumque,
730 1137 859 1196 cujus
884 1138 1073 1197 vestigia
1100 1136 1289 1196 legerit,
1315 1149 1401 1178 au-

107 1223 284 1260 ctorem
297 1248 309 1270 ,
335 1213 610 1272 Dionysium
631 1211 804 1256 scilicet
823 1209 1200 1270 cyclographum.

171 1285 402 1329 Prooemio
420 1285 529 1327 libri
551 1284 615 1328 VI
634 1281 874 1326 Diodorus
890 1295 1019 1324 suam
1036 1279 1095 1323 de
1114 1278 1200 1322 diis
1217 1277 1399 1321 doctri-

107 1372 214 1402 nam
229 1358 444 1416 explicat‚
465 1371 605 1415 quam
616 1352 860 1404 confirmat
873 1368 930 1398 ex
939 1352 1188 1397 Euhemeri
1204 1351 1397 1394 historia
1411 1396 1413 1398 ,

106 1444 256 1485 sacra,
272 1438 318 1474 et
335 1429 619 1489 prodigiosis
634 1427 857 1483 Homeri,
882 1424 1099 1480 Hesiodi,
1127 1423 1304 1483 Orphei
1328 1428 1399 1467 fa—

107 1503 230 1546 bulis
254 1503 467 1563 opponit.
492 1501 582 1546 Sed
604 1501 690 1544 hos
706 1501 828 1559 ipsos
845 1507 1007 1558 poetas
1033 1498 1083 1540 in
1101 1495 1401 1555 sequenthus

109 1573 250 1618 duces
272 1589 318 1618 se
338 1574 615 1617 narrationis
634 1581 900 1616 secuturum
923 1583 1016 1615 esse
1037 1567 1303 1630 profitetur.
1331 1571 1401 1613 Ita

27 1654 32 1660 '
109 1647 232 1691 enim
254 1647 472 1705 Excerpt.
496 1646 578 1689 lib.
599 1646 689 1705 VI,
707 1660 732 1688 2
750 1678 762 1701 ,
791 1660 810 1688 1
825 1660 842 1688 1
869 1659 879 1687 :
906 1640 993 1690 Καὶ
1013 1639 1113 1705 περὶ
1136 1638 1213 1702 μὲν
1233 1639 1404 1700 Εὐημέ-

91 1762 96 1766 .
112 1734 232 1781 pou...
250 1714 606 1780 ἀρκεσθησόμεθα
623 1715 707 1768 τοῖς
722 1716 901 1780 ῥηθεῖσι,
915 1711 968 1760 τὰ
983 1713 1027 1759 δὲ
1048 1711 1169 1776 παρὰ
1189 1718 1273 1766 τοῖς
1291 1711 1399 1760 (Έλ-

109 1789 210 1844 λησι
228 1786 573 1850 μυθολογούμενα
594 1786 693 1850 περὶ
713 1789 817 1833 θεῶν
839 1785 1082 1839 ἀκολούθως
1109 1783 1301 1851 Ἡσιόδῳ
1327 1784 1402 1832 καὶ

112 1859 297 1926 Ὁμήρῳ
315 1859 390 1907 καὶ
407 1859 561 1924 Ὀρφεῖ
576 1858 870 1925 πειρασόμεθα
892 1857 1111 1921 συντόμως
1131 1858 1399 1922 ἐπιδραμεῖν.

111 1934 194 1979 His
214 1934 446 1990 absolutis,
460 1933 658 1978 heroum
678 1933 760 1979 Gr.
778 1933 1014 1976 historiam
1036 1947 1183 1991 usque
1200 1931 1260 1976 ad
1280 1933 1400 1974 Tro-

107 2006 215 2066 jana
246 2017 457 2068 tempora
497 2007 758 2067 pertexuit,
798 2005 850 2050 id
880 2005 1012 2065 quod
1049 2020 1107 2050 ex
1140 2005 1406 2065 fragmentis

111 2080 305 2140 quisque
335 2079 566 2139 intelligit.
589 2079 739 2138 Igitur
770 2093 917 2139 quum
939 2078 1070 2122 libris
1090 2077 1403 2122 antecedenti-

110 2152 197 2196 bus
222 2151 319 2213 (ΙΙΙ
356 2161 403 2197 et
437 2149 524 2212 IV)
564 2151 885 2196 celeberrimas
921 2150 1192 2196 Graecorum
1229 2150 1406 2195 fabulas

110 2225 294 2284 prolixe
323 2223 541 2284 quidem,
572 2223 654 2267 sed
682 2224 778 2267 sine
801 2224 899 2266 ullo
924 2222 1091 2267 ordine
1124 2223 1406 2282 exposuisset

115 2288 262 2350 (sicuti
271 2290 518 2348 Dionysius
525 2289 675 2348 Mytil.
689 2288 1002 2348 peculiaribus
1014 2288 1192 2346 scriptis
1207 2288 1406 2347 singulas

114 2362 287 2406 fabulas
312 2359 639 2422 tractaverat),
663 2359 762 2418 jam
780 2361 1050 2404 continuam
1069 2359 1304 2418 quandam
1327 2360 1405 2403 hi-

0 2442 2 2477 ἱ
63 2471 66 2475 .
113 2439 302 2482 storiam
319 2452 376 2481 ex
393 2436 559 2480 ordine
571 2470 583 2491 ,
607 2451 748 2494 quem
767 2436 898 2494 epica
914 2435 1184 2480 Graecorum
1203 2436 1407 2479 carmina

102 2509 495 2569 suppeditabant,
521 2508 640 2552 duce
664 2508 819 2552 Samio
844 2507 1097 2566 Dionysio,
1124 2506 1302 2552 dedisse
1331 2508 1406 2550 vi—

115 2582 268 2627 detur.
284 2584 352 2626 Ex
369 2580 748 2643 antecedentibus
758 2595 869 2624 vero
883 2580 1012 2625 facile
1027 2580 1214 2639 colligas
1226 2580 1407 2639 cyclum

39 2678 42 2682 ’
115 2655 238 2699 hunc
276 2655 459 2714 epicum
491 2653 680 2697 minime
713 2652 847 2697 fuisse
881 2668 1012 2708 eum,
1047 2667 1188 2710 quem
1217 2654 1407 2711 proprie

115 2727 311 2772 dicimus
326 2727 629 2771 Homericum
640 2759 652 2780 ,
667 2725 749 2769 sed
766 2741 822 2769 ex
842 2725 1156 2769 diversissimis
1173 2725 1408 2769 elementis

114 2797 369 2843 conflatum
399 2805 446 2841 et
468 2798 607 2841 variis
629 2798 1002 2841 Euhemeristicae
1025 2797 1256 2856 sapientiae
1275 2795 1410 2840 flori-

115 2871 203 2916 bus
224 2871 506 2915 distinctum.
532 2870 606 2914 Sic
637 2885 712 2928 ap.
733 2868 1000 2914 Diodorum
1018 2870 1107 2924 VI,
1133 2868 1178 2925 3,
1213 2884 1267 2913 ea
1305 2885 1407 2928 quae

117 2942 328 2988 feruntur
339 2942 398 2986 de
415 2943 544 3000 equis
557 2942 745 2986 Achillis
759 2942 947 2999 loquela
961 2940 1167 3000 praeditis
1179 2975 1190 2996 ,
1206 2941 1316 2985 inde
1330 2957 1409 2986 ex-

117 3014 278 3074 plicari
310 3014 434 3069 vult,
471 3013 603 3072 quod
634 3014 745 3071 equi
776 3014 851 3057 isti
878 3013 992 3056 olim
1010 3013 1192 3057 Titanes
1216 3012 1405 3058 fuerint.

119 3085 478 3130 Alexandrinam
491 3092 670 3127 aetatem
684 3084 897 3142 produnt
912 3099 1013 3143 quae
1029 3083 1124 3143 (VI,
1146 3080 1187 3145 3)
1207 3083 1266 3128 de
1285 3095 1408 3130 serto

122 3157 347 3202 Ariadnes
366 3172 423 3201 ex
453 3156 644 3216 gemmis
671 3155 845 3201 Indicis
877 3158 1139 3217 composito
1173 3157 1406 3217 leguntur.

60 3282 62 3284 v
121 3229 368 3275 Euhemeri
389 3236 661 3274 sectatorem
681 3228 890 3287 agnoscis
913 3229 964 3272 in
995 3228 1188 3272 historia
1213 3227 1272 3272 de
1298 3230 1409 3273 Pico

118 3301 358 3362 >praestigiis
391 3300 592 3359 mysticis
610 3300 830 3344 abutente
861 3300 922 3344 ad
954 3299 1230 3359 stuprandas
1254 3301 1412 3356 mulie-

121 3388 217 3430 res,
240 3388 340 3432 quae
364 3371 470 3416 ideo
495 3387 550 3416 ex
575 3372 662 3416 diis
683 3371 898 3432 gravidas
930 3387 977 3416 se
999 3370 1102 3416 fieri
1129 3381 1314 3432 putant.
1346 3394 1412 3399 —

124 3439 336 3484 Ceterum
355 3453 456 3496 quae
476 3437 534 3481 de
554 3436 641 3480 diis
655 3437 894 3481 Diodorus
910 3438 1149 3496 praemisit,
1165 3453 1218 3482 ea
1238 3453 1337 3481 non
1355 3450 1412 3480 ex

125 3511 263 3570 Cyclo
279 3510 537 3570 sumpserit,
550 3509 631 3555 sed
647 3525 704 3554 ex
720 3509 943 3568 ejusdem,
959 3510 1046 3554 nisi
1058 3509 1212 3566 fallor,
1230 3511 1414 3568 Diony-

1468 418 1523 460 sii
1544 417 1681 460 Samii
1699 412 1804 478 Περὶ
1816 415 1920 459 θεῶν
1936 429 2094 472 opere,
2114 414 2259 472 quod,
2274 415 2555 471 Suida'tcst(>‚
2574 418 2759 477 triginta

57 509 64 516 ‘
109 509 356 558 utrumque
381 497 555 550 attulit,
588 494 779 538 alteram
801 490 1074 535 sententiam
1109 490 1279 548 procul
1303 488 1393 532 du-
1469 498 1560 532 tres
1583 488 1728 531 libros
1752 485 2166 546 complectebatur.

1926 717 2076 764 ΠΕΡΙ
2119 715 2311 765 ΘΕΩΝ.

2083 863 2156 892 11.

1539 972 1721 1018 Suidas.
1749 967 1958 1034 Νύμφαι,
1981 966 2202 1026 σκώληκες
2219 970 2258 1015 οἱ
2277 969 2319 1016 ἐν
2335 975 2423 1023 τοῖς
2445 971 2529 1016 τῶν
2551 971 2766 1032 μελισσῶν

1473 1042 1715 1106 κυττάροις,
1736 1041 1839 1088 ὅταν
1860 1041 1944 1099 ἤδη
1961 1047 2229 1106 πτεροποιεῖν
2247 1040 2476 1106 ἄρξωνται·
2499 1044 2538 1087 οἷ
2559 1043 2596 1088 δ’
2619 1042 2767 1097 ἁπλῶς

1475 1115 1569 1169 τοὺς
1588 1113 1832 1181 πτερωτοὺς
1851 1112 2101 1172 σκώληκας,
2119 1112 2195 1162 Σοί
2208 1132 2336 1176 μιοι.
2357 1113 2446 1162 Καὶ
2469 1113 2517 1161 τὸ
2535 1113 2616 1161 ἀνὰ
2639 1115 2767 1176 μέσον

1473 1191 1559 1235 τῶν
1582 1187 1833 1251 γυναικείων
1859 1186 2030 1234 αἰδοίων
2053 1184 2223 1252 νύμφην
2247 1187 2443 1234 καλοῦσι.
2471 1187 2562 1235 Καὶ
2585 1189 2670 1234 τῶν
2696 1188 2767 1253 ῥό-

1475 1261 1559 1307 δων
1585 1262 1628 1307 αἱ
1656 1259 1838 1312 κάλυκες
1858 1261 1903 1305 αἱ
1928 1265 2186 1320 μεμυκυῖαι,
2207 1257 2385 1324 νύμφαι.
2412 1258 2501 1307 Καὶ
2525 1261 2568 1305 αἱ
2595 1262 2767 1307 Μοῦσαι

1475 1331 1520 1379 δὲ
1544 1333 1626 1379 ὑπὸ
1651 1332 1803 1380 Λυδῶν
1824 1330 2003 1396 νύμφαι.
2028 1329 2133 1377 ‘'O-tt
2154 1330 2198 1378 δὲ
2218 1331 2392 1378 πάντων
2414 1333 2498 1378 τῶν
2522 1335 2700 1396 καρπῶν
2723 1335 2766 1378 αἱ

1473 1403 1672 1471 ἐκφύσεις
1690 1402 1818 1460 οὕτω,
1842 1403 1988 1460 δῆλον.
2009 1403 2119 1468 Περὶ
2133 1401 2178 1450 δὲ
2196 1406 2280 1450 τῶν
2299 1406 2402 1451 θεῶν
2418 1403 2629 1468 Διονυσίῳ
2648 1412 2770 1451 πᾶσα

1474 1476 1641 1542 ἱστορία
1663 1480 1872 1535 συνῆκται
1896 1476 1939 1522 ἐν
1964 1475 2191 1540 τριάκοντα
2215 1474 2289 1522 καὶ
2311 1474 2425 1539 τρισὶ
2455 1474 2649 1539 βιὸλίοις.
2675 1480 2770 1522 Το-

1477 1562 1550 1596 tus
1563 1552 1639 1595 hic
1663 1552 1795 1595 locus
1811 1549 2003 1594 fluxerit
2028 1565 2086 1594 ex
2109 1550 2323 1609 Dionysii
2350 1546 2462 1612 Περὶ
2479 1550 2582 1594 θεῶν
2609 1565 2767 1609 opere,

1475 1626 1524 1668 in
1565 1640 1660 1684 quo
1692 1639 1790 1669 non
1828 1625 1982 1668 minus
2019 1638 2160 1683 quam
2204 1622 2546 1682 Apollodorus,
2583 1623 2633 1666 in
2681 1623 2772 1666 suis

1477 1695 1587 1759 Περὶ
1611 1697 1717 1742 θεῶν
1747 1696 1879 1740 libris
1914 1695 1975 1741 ad
2009 1696 2321 1756 etymologica
2352 1701 2520 1739 auctor
2558 1695 2770 1739 attende-

1476 1772 1554 1815 rit.

1541 1844 1714 1886 Praeter
1740 1842 1838 1885 haec
1861 1840 1922 1885 ad
1950 1839 2227 1898 Dionysilun
2258 1839 2462 1884 Samium
2483 1854 2508 1883 a
2538 1839 2773 1882 nonnullis

1476 1915 1801 1959 referebantur
1819 1909 2100 1974 Βασσαρικὰ,
2122 1912 2179 1956 ab
2198 1912 2297 1956 aliis
2311 1912 2537 1970 Dionysio
2557 1911 2672 1955 Afro
2695 1913 2774 1954 tri-

1464 1982 1607 2031 buta.
1634 1986 1841 2031 Eustath.
1864 1984 1925 2029 ad
1942 1985 2137 2044 Dionys.
2163 1984 2344 2044 Perieg.
2367 1999 2417 2043 p.
2443 1982 2499 2027 81
2522 1983 2598 2027 ed.
2626 1985 2773 2027 Bern-

1477 2058 1628 2118 hardy
1652 2074 1662 2102 :
1686 2054 1759 2104 Τὰ
1776 2053 1821 2101 δὲ
1843 2051 2102 2117 Βασσαρικὰ
2126 2050 2197 2098 διὰ
2217 2050 2294 2110 τὴν
2317 2051 2569 2118 τραχύτητα
2586 2054 2662 2100 οὐκ
2674 2052 2772 2108 ἄξια

1477 2127 1629 2176 τούτου
1648 2125 1893 2190 (Διονυσίου
1909 2123 2068 2179 Λίὸυος
2081 2124 2114 2188 ),
2129 2126 2188 2178 εἷς
2201 2123 2273 2171 ’ὢν
2291 2124 2459 2186 Σάμιον
2474 2124 2771 2188 ἀνηνείχθησαν

1479 2201 1717 2251 Διονύσιον,
1743 2200 1813 2246 Cf.
1839 2199 2112 2258 Bernhardy
2133 2199 2193 2243 ad
2221 2199 2365 2244 Dion.
2390 2214 2437 2258 p.
2465 2204 2557 2259 492
2580 2208 2625 2243 et
2653 2198 2771 2255 515,

1478 2277 1562 2333 ubi
1585 2276 1839 2335 fragmenta
1858 2273 2200 2316 Bassaricorum
2217 2287 2275 2316 ex
2289 2272 2523 2331 Stephano
2543 2273 2648 2331 Byz.
2669 2273 2773 2316 col-

1461 2349 1598 2415 'lecta
1629 2347 1771 2390 habes
1816 2342 1957 2405 (coll.
1992 2345 2221 2389 Schirlitz.
2267 2345 2317 2388 in
2346 2344 2572 2388 Seebodes
2604 2344 2776 2388 Archiv

1487 2419 1626 2474 1830,
1657 2419 1727 2474 II,
1749 2433 1799 2477 p.
1835 2414 1943 2477 42).
1972 2415 2105 2460 Idem
2123 2415 2397 2475 Bernhardy
2417 2416 2476 2460 ad
2501 2416 2692 2461 Suidam
2724 2434 2771 2462 v.

1480 2494 1597 2539 Διον.
1615 2487 1869 2539 Μουσωνίου
1885 2488 2127 2534 Rhodium
2139 2497 2349 2532 nostrum
2360 2488 2482 2532 Solis
2495 2490 2774 2534 sacerdotem

1481 2566 1683 2610 eundem
1699 2578 1791 2608 esse
1811 2562 2069 2624 suspicatur
2092 2577 2196 2605 cum
2217 2562 2519 2620 Heliopolim,
2545 2577 2686 2620 quem
2703 2562 2775 2606 di·

1482 2639 1544 2682 cit
1561 2636 1845 2682 Artemidor.
1869 2636 1920 2678 in
1938 2634 2192 2679 Onirocrit.
2214 2635 2285 2689 II,
2310 2633 2389 2689 66,
2415 2649 2465 2693 p.
2492 2633 2584 2686 243
2602 2634 2738 2679 Reiff.
2761 2650 2772 2678 :

1483 2707 1606 2757 Φασὶ
1638 2706 1721 2772 γὰρ
1745 2705 1793 2753 τὸ
1828 2707 1934 2768 ζῶον
1965 2703 2235 2768 (χελιδόνα),
2263 2702 2444 2750 θάνατόν
2479 2722 2526 2750 τε
2550 2705 2776 2766 σημαίνειν

1484 2779 1635 2845 ἀώρων
1659 2777 1891 2842 σωμάτων,
1916 2775 1991 2824 καὶ
2014 2774 2162 2829 πένθος
2181 2774 2256 2823 καὶ
2276 2775 2469 2838 μεγάλην
2499 2775 2597 2822 τινὰ
2620 2775 2776 2834 λύπην·

1483 2853 1568 2900 ἀπὸ
1604 2851 1807 2900 τοιούτων
1845 2851 1928 2914 γὰρ
1951 2851 2098 2896 κακῶν
2123 2846 2198 2895 καὶ
2228 2847 2304 2904 τὴν
2329 2846 2442 2912 ὄρνιν
2464 2847 2626 2905 ταύτην
2655 2848 2778 2911 λόγος

1484 2925 1575 2991 ἔχει
1590 2923 1803 2989 γενέσθαι.
1826 2921 1950 2980 Φησὶ
1973 2921 2055 2986 γὰρ
2075 2919 2149 2967 καὶ
2165 2917 2469 2985 Ἀλέξανδροςὸ
2483 2918 2670 2973 Μύνδιος
2693 2922 2778 2967 δεῖν

1483 3002 1578 3053 ταῖς
1606 2996 1811 3061 ἱστορίαις
1839 2995 2081 3052 πείθεσθαι,
2106 2991 2181 3039 καὶ
2205 2991 2424 3046 Διονύσιος
2450 2995 2473 3039 ὃ
2500 2992 2777 3040 (Ηλιουπολί-

1482 3091 1558 3130 της
1576 3090 1616 3118 κ.
1631 3091 1671 3119 τ.
1693 3071 1735 3118 λ.
1761 3070 1852 3133 (Cf.
1874 3070 2144 3116 Tertullian.
2163 3069 2234 3112 De
2265 3068 2405 3111 anim.
2433 3083 2475 3111 c.
2498 3066 2602 3129 46.)
2626 3069 2779 3125 Quare

1484 3145 1611 3205 apud
1642 3146 1843 3205 Diogen.
1868 3146 1923 3188 L.
1950 3145 1999 3199 Ι,
2028 3140 2089 3186 38
2124 3137 2348 3202 (γεγόνασι
2371 3136 2445 3185 καὶ
2475 3137 2600 3183 ἄλλοι
2631 3139 2779 3186 Θαλαῖ

1485 3215 1661 3264 πέντε...
1685 3213 1908 3276 πέμπτος,
1929 3211 2154 3276 νεώτερος,
2179 3208 2347 3268 ἄδοξος,
2366 3202 2414 3256 οἷ
2437 3208 2653 3272 μέμνηται
2678 3214 2781 3257 Διο-

1484 3286 1626 3341 νύσιος
1653 3288 1695 3334 ἔν
1721 3285 1962 3351 Κριτικοῖς)
1987 3285 2238 3346 legendum
2260 3291 2396 3343 putat
2429 3284 2482 3330 Δ,
2519 3283 2563 3328 ἐν
2591 3281 2779 3345 ὈνειρΟ.

1486 3365 1704 3424 κριτικοῖς.
1738 3360 1979 3405 Reinesius
2000 3358 2151 3402 voluit
2173 3355 2216 3401 ἐν
2248 3354 2496 3419 Κρητικοῖς.
2538 3356 2780 3415 Vulgatam

1487 3435 1547 3478 ad
1580 3433 1854 3492 Dionysium
1889 3432 2333 3475 Halicarnassensem
2369 3428 2660 3473 referendam
2687 3442 2782 3473 esse

1489 3507 1705 3568 opinatus
1723 3514 1789 3550 est
1807 3503 2064 3550 Fabricius
