3016 4628
197 302 287 344 452

190 839 308 896 Pyn
310 838 358 880 hi
383 845 589 893 tantum,
616 837 723 893 sed,
747 846 961 880 materno
989 846 1114 881 certe
1132 851 1324 896 genere,
1354 837 1490 879 etiam

189 908 445 955 Alexandri
479 911 541 954 Μ.
566 909 772 967 majores
811 909 1092 962 exstiterint,
1118 916 1218 952 tum
1251 909 1461 966 alioquin
1476 942 1488 964 ,

189 982 373 1036 scribit,
401 982 718 1040 Hieronymo
706 982 877 1025 invisos
900 980 1035 1024 fuisse
1061 994 1192 1039 reges
1210 988 1377 1039 praeter
1401 981 1491 1023 An-

191 1055 426 1113 tigonum,
458 1054 506 1096 in
541 1053 668 1110 cujus
705 1053 823 1097 adeo
864 1053 1058 1111 gratiam
1097 1052 1352 1110 scripserit,
1391 1060 1490 1094 tum

187 1127 389 1182 maxime
411 1126 755 1185 Lysimachum,
780 1124 908 1182 quod
932 1123 1120 1178 Cardia,
1146 1124 1295 1182 patria
1318 1124 1488 1167 Hiero-

177 1198 315 1255 ·-nymi
337 1197 452 1241 urbe
467 1230 481 1256 ,
508 1198 655 1241 excisa
671 1230 682 1251 ,
705 1195 1038 1254 Lysimachiam
1058 1210 1147 1254 pro
1174 1210 1228 1239 ea
1250 1196 1300 1238 in
1318 1196 1487 1240 isthmo

188 1269 455 1313 Chersonesi
494 1269 696 1312 Thraciae
735 1266 1014 1311 condiderit.
1058 1267 1114 1309 In
1149 1266 1306 1309 medio
1345 1267 1486 1310 relin-

189 1340 431 1398 quendum
451 1347 530 1394 est,
555 1354 667 1382 num
679 1337 932 1381 Alexandri
949 1339 994 1381 M
1000 1371 1031 1393 .,
1058 1347 1416 1397 quantacunque
1434 1354 1487 1384 ea

189 1413 302 1466 fuit,
330 1413 590 1456 reverentia
612 1410 945 1469 impedimento
981 1425 1073 1455 esse
1097 1411 1331 1469 potuerit,
1359 1426 1485 1469 quo-

186 1484 338 1535 minus
359 1499 447 1542 pro
466 1484 616 1526 lubitu
636 1498 718 1526 suo
743 1482 1038 1540 Lysimachus
1056 1482 1105 1525 in
1125 1496 1289 1540 regum
1309 1483 1483 1541 Epiro-

188 1563 388 1606 ticorum
410 1563 627 1620 reliquias
649 1569 945 1620 grassaretur,
974 1569 1020 1603 et
1050 1557 1324 1619 Hieronymi
1354 1562 1485 1620 quod

187 1633 247 1676 de
268 1650 324 1678 eo
346 1634 549 1678 exstabat
579 1633 891 1676 testimonium
909 1631 1215 1689 rejiciendum
1230 1633 1368 1691 plane
1381 1633 1484 1678 fue-

186 1707 248 1749 rit
266 1722 277 1760 ;
297 1706 378 1750 sed
402 1705 531 1765 quod
549 1704 818 1748 invidiosius
833 1703 997 1746 dixisse
1011 1704 1324 1763 Hieronymus
1336 1704 1484 1751 fertur

186 1778 245 1822 de
262 1779 596 1823 successoribus
620 1776 870 1822 Alexandri
886 1777 1126 1832 universis,
1151 1778 1345 1837 gratiam
1368 1793 1482 1823 vero

185 1860 387 1909 captasse
428 1850 671 1909 Antigoni,
697 1864 794 1892 non
815 1849 1072 1892 abhorrere
1094 1857 1220 1893 certe
1243 1860 1439 1909 apparet
1458 1868 1484 1896 a

183 1923 287 1966 vitae
312 1922 408 1980 ejus
431 1923 723 1976 conditione,
748 1930 971 1980 tantoque
994 1920 1173 1966 facilius
1193 1923 1385 1967 credere
1426 1924 1481 1967 li-

184 2004 256 2039 cet
277 1996 520 2050 Pausaniae,
542 1994 673 2054 quod-
691 2010 788 2038 non
811 2009 938 2038 suam
954 1995 1074 2053 hanc
1090 1995 1168 2038 ille
1184 1994 1265 2039 sed
1283 1996 1484 2040 aliorum

185 2068 321 2110 etiam
350 2069 618 2126 opinionem
644 2066 857 2126 proferre
877 2067 1063 2111 videtur
1091 2065 1136 2128 (ὁ
1153 2064 1197 2112 δὲ
1223 2064 1483 2130 Ἱερώνυμος

183 2130 301 2190 οὗτος
321 2136 411 2201 ἔχει
436 2135 512 2198 μὲν
534 2137 607 2184 καὶ
630 2137 768 2191 ἄλλως
784 2136 907 2192 δόξαν
928 2139 1033 2202 πρὸς
1054 2137 1292 2202 ἀπέχθειαν
1312 2140 1479 2205 γράψαι

181 2212 264 2255 τῶν
293 2209 503 2274 βασιλέων
529 2212 604 2273 (fr.
642 2211 715 2272 6).
749 2212 822 2256 Ab
853 2214 1072 2257 Eumenis
1111 2215 1235 2270 enim
1270 2215 1483 2274 partibus

183 2286 260 2342 qui
298 2300 440 2343 usque
479 2285 538 2328 ad
562 2295 762 2329 mortem
795 2284 891 2344 eJus
914 2287 1132 2343 stetisset,
1167 2302 1267 2331 non
1295 2296 1483 2347 poterat

181 2373 275 2399 non
301 2357 487 2401 infestus
513 2373 606 2401 esse
630 2359 683 2401 iis
699 2392 711 2414 ,
735 2359 816 2417 qui
839 2359 976 2419 regiae
996 2359 1204 2416 familiae,
1245 2374 1386 2420 quam
1403 2362 1482 2406 ille
1538 2379 1541 2381 ·

182 2428 486 2483 defendebat,
514 2445 797 2489 quocunque
832 2430 979 2475 modo
1004 2433 1264 2490 perniciem
1301 2434 1477 2478 machi-

180 2503 272 2544 nati
298 2501 500 2556 fuerant;
526 2517 552 2546 e
577 2503 744 2562 quibus
767 2511 819 2546 ut
843 2504 994 2548 solum
1017 2506 1255 2564 exciperet
1277 2507 1479 2567 Antigo-

182 2589 291 2617 num
307 2609 328 2632 ,,
343 2576 619 2619 acerrimum
637 2577 749 2619 olim
767 2577 988 2623 Eumenis
1022 2578 1354 2635 adversarium,
1381 2589 1480 2624 tum

181 2648 350 2690 virtute
396 2658 654 2692 commotus
702 2664 793 2694 esse
833 2650 1020 2695 videtur
1071 2657 1116 2696 et
1160 2652 1481 2712 magnitudine

184 2719 352 2773 animi,
383 2735 486 2778 qua
530 2722 718 2781 insignis
755 2723 876 2767 inter
913 2738 1194 2768 successores
1226 2725 1481 2770 Alexandri

183 2792 441 2850 Antigonus
461 2792 546 2836 fuit
563 2828 575 2848 ,
603 2802 701 2837 tum
726 2797 871 2855 gratia
897 2805 941 2840 et
964 2796 1287 2841 benevolentia
1305 2832 1317 2854 ,
1341 2814 1480 2858 quam

185 2872 400 2920 expertus
431 2864 489 2907 ab
515 2880 570 2908 eo
593 2866 756 2912 fuerat.
792 2868 864 2911 Ab
889 2868 974 2912 hac
1018 2885 1111 2913 una
1146 2885 1284 2927 vero,
1320 2872 1356 2914 si
1389 2887 1480 2930 qua

184 2934 285 2985 suit,
300 2949 400 2991 quae
424 2937 664 2982 inhaereret
678 2939 878 2984 historiis
898 2940 995 2999 ejus
1018 2942 1122 2986 labe
1149 2943 1186 2986 si
1207 2943 1478 3001 discesseris,

185 3005 390 3050 dubitari
419 3008 494 3051 vix
536 3019 714 3068 potest,
739 3013 852 3070 quin
887 3029 996 3058 vera
1020 3014 1176 3059 dicere
1212 3024 1257 3060 et
1280 3017 1483 3062 voluerit

187 3078 496 3137 Hieronymus
512 3090 555 3124 et
578 3085 796 3140 potuerit.
829 3087 1034 3131 Voluisse
1064 3102 1171 3131 eum
1187 3121 1199 3144 ,
1226 3096 1326 3132 tum
1351 3090 1481 3148 quod

186 3164 322 3208 supra
370 3153 602 3197 attulimus
657 3156 1007 3215 Agatharchidis
1059 3160 1118 3204 de
1166 3175 1224 3204 eo
1273 3162 1479 3206 testimo·

185 3223 312 3263 nium
336 3221 406 3280 (9),
447 3233 545 3267 tum
579 3240 679 3283 quae
719 3226 1001 3274 familiaritas
1041 3232 1082 3275 ei
1119 3241 1165 3276 et
1206 3234 1354 3293 gratia
1393 3233 1481 3278 fuit

109 3314 112 3317 ,
188 3293 310 3350 apud
347 3295 596 3339 Eumenem
636 3306 681 3339 et
715 3299 998 3359 Antigonum
1036 3302 1225 3363 eiusque
1255 3303 1405 3349 filium
1436 3314 1482 3350 et

185 3374 400 3440 nepotem
446 3365 754 3425 (lemonstrat;
790 3373 1015 3429 potuisse,
1065 3376 1197 3433 quod
1237 3392 1339 3435 quae
1378 3378 1480 3420 vitae

185 3434 281 3491 ejus
300 3437 419 3479 ratio
442 3437 550 3492 luit,
582 3438 860 3484 uberrimam
886 3444 927 3486 ei
957 3459 1033 3488 rer
1037 3461 1115 3488 um
1133 3448 1349 3492 notitiam
1369 3463 1477 3507 sup-

184 3507 443 3566 peditabat.
477 3510 668 3555 Accedit
689 3513 817 3570 quod
830 3514 1073 3561 rhetoricae
1086 3520 1196 3563 artis
1216 3520 1447 3564 affectatio
1463 3555 1474 3576 ,

236 3661 536 3709 msroaiA
573 3650 1017 3716 successoaUM
1055 3672 1422 3722 ALEXANDRI

469 3752 820 3814 EORUMQUE
856 3756 1184 3809 FILIORUM.

814 3873 852 3912 1.

235 3948 402 3987 Miretur
436 3949 700 4000 Hieronymus
732 3951 1032 3993 adornationem
1059 3964 1199 3996 currus
1232 3957 1354 4007 illius,
1393 3971 1474 4009 quo

185 4012 402 4053 Alexandri
423 4025 566 4065 corpus
586 4017 747 4055 vectum
768 4018 839 4056 est.

789 4114 806 4154 1
844 4123 883 4154 a.

237 4159 496 4227 Cappadociae
511 4178 576 4228 qui
592 4180 684 4221 ante
696 4180 932 4220 Macedonas
947 4183 1208 4232 praefuerant,
1226 4186 1480 4234 propriumne

194 4240 399 4280 habuerint
419 4248 579 4291 regnum
596 4273 606 4292 ‚
628 4253 676 4282 an
698 4244 803 4283 Darii
826 4244 989 4295 imperio
1005 4245 1149 4286 luerint
1166 4245 1353 4298 subjecti,
1375 4249 1478 4289 haud

1176 264 1556 347 Hmfioiwffl,
1579 295 1885 345 CARDIANI

191 403 498 458 censendam,
527 404 616 460 ait,
645 404 909 465 gravissima
947 414 1054 449 sunt
1088 420 1190 464 quae
1221 421 1247 450 a
1270 407 1493 451 Pausania

192 476 457 520 referuntur
479 477 544 536 (V.
567 475 625 522 fr.
648 478 676 522 6
694 486 740 522 et
767 476 865 538 ιο).
884 478 1197 537 Hieronymus
1210 480 1332 523 enim
1350 494 1494 537 quum

189 548 539 607 expeditionem
562 550 836 594 narravisset
848 550 897 593 in
920 550 1110 609 Epirum
1133 550 1297 594 factam
1318 565 1344 594 a
1365 551 1492 609 Lysi·

189 621 375 677 macho,
389 636 449 665 ne
470 621 690 680 sepulcris
709 621 899 680 quidem
915 636 1020 665 eum
1040 637 1200 681 regum
1211 637 1267 665 ex
1283 620 1492 665 AEacida·

190 709 294 737 rum
308 708 477 753 genere
485 695 744 752 pepercisse
754 693 1026 738 tradiderat.
1041 694 1178 751 Quod
1189 708 1331 751 quum
1341 693 1493 735 minus

192 765 415 810 credibile
426 764 661 824 judicaret
684 767 949 822 Pausanias,
984 767 1094 824 quia
1121 780 1252 824 reges
1293 765 1367 808 isti
1393 779 1493 807 non

1526 407 1618 449 vin

1543 3302 1679 3348 'setur‚
1697 3310 1718 3337 a
1731 3298 1878 3348 quibus
1893 3299 1984 3370 apta
1997 3298 2214 3338 verborum
2227 3298 2458 3348 compositio
2471 3298 2586 3349 plane
2598 3297 2650 3337 sit
2660 3290 2886 3353 neglecti&

1653 421 1744 465 qua
1773 416 2013 466 tantopere
2037 407 2123 451 sibi
2146 399 2395 466 placebant
2414 410 2495 468 qui
2518 401 2616 455 tum
2638 411 2766 457 fuere
2789 410 2865 458 hi»

1567 480 1748 534 stoi-ici,
1774 479 1921 523 aliena
1958 479 2092 524 fuisse
2135 479 2322 524 videtur
2365 481 2424 525 ab
2452 498 2510 527 eo
2542 484 2756 543 homine,
2781 489 2863 546 qui

1567 550 1617 592 in
1637 565 1796 594 rerum
1814 551 2126 610 gerendarum
2149 555 2373 597 continuo
2391 570 2478 599 usu
2503 566 2729 614 versatus,
2754 559 2865 604 sub«
2916 558 2937 614 ζ’·

1566 631 1721 665 actum
1751 637 1940 681 quoque
1973 631 2032 671 et,
2056 639 2220 668 sanum
2258 626 2495 686 ingenium
2531 629 2595 674 ad·
2623 631 2864 678 historiam
2918 626 2944 689 ‘i
2983 661 2989 678 ε

1566 694 1861 737 scribendam
1883 693 2038 741 affert.
2071 697 2282 758 Simplici
2304 699 2448 758 igitur
2471 709 2516 744 et
2531 703 2774 763 incompto
2787 704 2862 749 di.
2899 721 2923 734 ²
2983 695 2991 735 Ϊ

1566 766 1702 809 cendi
1726 781 1895 825 genere
1919 782 2052 827 usus,
2079 784 2166 813 nec
2183 771 2405 830 neglectae
2424 781 2580 818 tamen
2606 776 2864 839 verborum
2912 771 2914 773 ¹

1566 839 1915 896 compositionis
1955 849 2116 884 notam
2154 841 2280 900 apud
2317 844 2594 904 Dionysium
2612 845 2687 912 ’(1)
2672 847 2863 910 )defu·

1564 911 1692 969 giens
1710 909 1953 968 J'ejunitate
1995 914 2141 973 magis
2165 916 2389 960 orationis
2418 933 2559 977 quam
2579 922 2862 979 quaesitoni·
2907 947 2930 973 ῃ

1563 988 1710 1031 mium
1731 995 1900 1033 ornatu
1924 989 2169 1036 offendisse
2187 980 2437 1042 videtur.»
2839 1002 2842 1006 ’

1564 1110 1695 1158 ΤΩΝ
1730 1112 2051 1161 ΔΙΑΔΟΧΩΝ
2076 1102 2186 1162 ΚΑΙ
2211 1116 2538 1167 ΕΠιιοΝΩΝ
2563 1088 2858 1172 ιΣΤοΡΙᾸι.

1626 1228 1873 1273 Athenaeus
1905 1219 1963 1287 V,
1988 1246 2037 1290 p.
2084 1247 2194 1289 217,
2219 1235 2300 1278 D:
2337 1231 2581 1298 Περδίκκας
2613 1234 2752 1284 τοίνυν
2779 1237 2864 1303 πρὸ
2910 1229 2917 1274 =⁷

1559 1296 1791 1362 Ἀρχελάου
1818 1299 2072 1364 βασιλεύει..
2085 1305 2174 1357 ,ὡς
2199 1303 2250 1365 μὲ
2233 1323 2276 1350 ν
2298 1303 2608 1377 Ἱερώνυμος”
2569 1327 2726 1356 εικοσιν
2749 1311 2864 1360 ὀκτὼ
2985 1319 2986 1322 ’

1562 1370 1642 1432 (sc.
1647 1370 1758 1435 ἔτη).
1783 1375 2015 1420 Cardiano
2040 1378 2101 1421 Η.
2120 1378 2218 1422 haec
2241 1379 2406 1424 tribuit
2425 1374 2681 1431 Briickner.
2701 1400 2863 1444 quam·
2985 1383 2989 1385 ⁵

1561 1461 1702 1504 quam
1723 1446 1956 1493 dubitans.
1977 1450 2167 1494 Rectius
2193 1452 2338 1511 petita
2355 1456 2591 1512 putaveriS
2634 1472 2692 1501 eo
2742 1460 2859 1505 Hie-
2916 1508 2918 1514 ,

1558 1520 1744 1578 ronymi
1766 1520 1944 1564 Rhodii
1964 1537 2105 1581 opere
2130 1521 2239 1587 Περὶ
2263 1527 2472 1588 ποιητῶν,
2496 1543 2642 1588 quum
2665 1545 2723 1575 eo
2753 1531 2861 1578 loco

1556 1590 1856 1647 proferantur
1879 1594 1938 1637 ab
1980 1594 2231 1655 Athenaeo,
2273 1596 2356 1641 ubi
2380 1597 2440 1642 de
2467 1601 2725 1659 Agathonis
2763 1610 2863 1654 tra-
2894 1599 2932 1644 ξ

1557 1663 1648 1720 giei
1672 1663 1801 1722 apud
1816 1662 2097 1710 Archelaum
2118 1670 2287 1712 versati
2318 1671 2610 1730 temporibus
2633 1672 2855 1734 disputat.
2875 1718 2879 1722 .

1555 1735 1627 1778 De
1650 1750 1701 1779 re
1727 1735 1786 1783 cf.
1824 1736 1990 1798 fragm.
2031 1740 2223 1800 Marsyae
2262 1742 2568 1804 Philippensis
2600 1744 2658 1793 fr.
2685 1746 2714 1791 6
2745 1762 2778 1791 a
2809 1749 2860 1792 in
2906 1736 2938 1797 ζ

1557 1807 1724 1868 Script.
1751 1810 1886 1856 Alex.
1909 1819 1962 1866 p.
1990 1809 2068 1863 45.

2186 1946 2226 1973 1.
2925 1961 2933 1975 .

1622 2042 1868 2088 Athenaeus
1885 2046 1940 2102 V,
1964 2060 2011 2104 p.
2038 2045 2148 2102 206,
2171 2046 2244 2090 E:
2272 2043 2561 2110 ‘'It-:po'ivupoc
2543 2048 2616 2097 επὶ
2637 2051 2694 2114 τῇ
2715 2065 2858 2094 κατα..
2888 2070 2942 2145 ,ἶ

1557 2115 1688 2175 σκευῇ
1712 2133 1789 2170 της
1813 2114 2097 2179 ἁρμαμάξης,
2118 2121 2145 2181 ᾗ
2173 2116 2392 2164 συνέὸαινε
2415 2123 2787 2182 κατακομισθῆναι
2808 2138 2863 2168 το

1557 2183 1830 2250 Ἀλεξάνδρου
1852 2206 1979 2251 σωμα
1995 2189 2081 2254 (sc.
2107 2187 2400 2266 θαυμαζέτῳ).
2890 2164 2942 2201 i

2155 2315 2174 2344 1
2215 2314 2258 2348 a.

1621 2389 1864 2466 Appianus
1889 2407 2105 2455 Mithrid.
2131 2423 2171 2455 c.
2204 2406 2232 2451 8
2259 2404 2320 2470 (p.
2348 2407 2440 2453 213
2461 2407 2626 2456 Didot.
2643 2408 2701 2470 )·
2728 2409 2902 2470 Καπύῃ,
2938 2404 2946 2450 ’ἶ

1556 2477 1768 2530 παδοκίας
1797 2476 1841 2525 δὲ
1865 2477 1950 2543 πρὸ
1982 2477 2066 2542 μὲν
2106 2478 2392 2527 Μακεδόνων
2406 2471 2618 2533 οἵτινες
2589 2483 2739 2544 ἠρχον,
2778 2470 2891 2549 onim}

1557 2548 1646 2613 ἔχω
1668 2553 1813 2615 σαφῶς
1837 2553 1992 2614 εἰπεῖν,
2017 2551 2102 2599 εἴτε
2126 2550 2235 2599 ἰδίαν
2259 2550 2417 2616 ἀρχὴν,
2443 2551 2528 2599 εἴτε
2559 2551 2742 2617 Δαρείου
2775 2552 2911 2621 ames}
2942 2563 2952 2620 j

1557 2621 1754 2678 τήκουον.
1783 2589 2096 2690 Ἀλέξανδκρος
2073 2623 2119 2671 οέ
2145 2642 2219 2687 μοι
2238 2626 2356 2672 δοκεῖ
2372 2623 2470 2678 τους
2493 2623 2704 2689 ἄρχοντας
2720 2623 2859 2673 τῶνδε
2879 2630 2911 2695 *um
2934 2619 2947 2681 s

1556 2714 1640 2742 των
1666 2697 1840 2743 ἐθνῶν’
1821 2696 1893 2744 επὶ
1922 2698 2038 2763 φόρῳ
2061 2699 2334 2760 καταλιπειν,
2369 2696 2643 2776 ἐπειγόμενος
2668 2697 2741 2744 ἐπὶ
2766 2701 2869 2747 Δα·4
2886 2701 2922 2718 ’

1559 2768 1685 2832 ρεῗον.
1733 2769 1950 2817 Φαίνεται
1988 2769 2072 2836 γὰρ
2111 2770 2185 2818 καὶ
2222 2754 2451 2834 Ἀμισὸν,ὦ
2455 2772 2498 2818 ἐν
2537 2769 2692 2836 Πόντῳ
2730 2769 2857 2818 πόλιν
2873 2792 2930 2839 Ji}

1557 2839 1748 2887 Ἀττικου
1782 2840 1949 2904 γένους,
1975 2842 2046 2890 ἐπὶ
2080 2841 2394 2921 δημοκρατίαν,
2429 2845 2485 2895 ὡς
2518 2842 2699 2908 πάτριον
2737 2841 2856 2907 σφίσι
2882 2827 2935 2887 ἶ

1555 2912 1789 2970 πολιτείαν,
1817 2914 2006 2977 ἀγαγών.
2032 2900 2285 2980 Ἱερώνυμος
2309 2913 2353 2961 δὲ
2387 2916 2475 2961 οὐδ’
2500 2917 2739 2980 ἐπιψαῦσαι
2765 2932 2850 2961 των

1557 2987 1685 3032 ἐθνῶν
1724 2985 1859 3049 ὅλως,
1898 2987 1992 3034 ἀλλ’
2017 2986 2099 3033 ἀνὰ
2122 2986 2200 3044 τὴν
2234 2987 2446 3052 παράλιον
2483 2990 2560 3044 τηξ
2590 2970 2857 3052 Παμφυλίας
2891 2974 2939 3074 ἓ

1556 3076 1628 3105 και
1651 3058 1854 3114 Κιλικίας
1878 3058 2024 3124 ἑτέραν
2058 3060 2151 3112 ὁδὸν
2185 3079 2256 3112 επι
2287 3059 2356 3107 τὸν
2388 3059 2569 3125 Δαρειον
2592 3057 2849 3125 τραπέσθαι.
2887 3078 2939 3133 ς,

1609 3179 1667 3233 (*)
1694 3178 1901 3232 Dionysius
1932 3184 1990 3221 De
2017 3192 2192 3233 compos.
2217 3181 2379 3221 verbor.
2402 3193 2442 3232 p.
2470 3187 2514 3233 5,
2546 3187 2592 3222 16
2623 3181 2752 3233 sylb„
2778 3179 2881 3242 ubig
2883 3182 2933 3235 ἓν

1553 3241 1822 3291 Hieronymus
1844 3251 1935 3279 cum
1957 3240 2120 3290 Duride‚
2137 3240 2383 3291 Phylarcho,
2402 3239 2487 3280 aliis
2512 3240 2612 3280 inter
2629 3250 2697 3280 cos
2713 3243 2866 3281 recena
2864 3237 2909 3302 ,ἐ

1556 3359 1691 3403 Οὐδεὶς
1708 3357 1804 3408 ᾤετο
1818 3357 1928 3396 δεῖν’
1911 3360 2120 3407 αναγκαῖον
2137 3357 2232 3396 αὐτὸ
2256 3356 2325 3406 (τὸ
2338 3357 2466 3402 δεξιῶς
2482 3357 2531 3396 τὰ
2547 3356 2719 3407 ὀνόματα
2732 3349 2883 3411 mni?

1555 3418 1681 3466 θέναι)
1708 3430 1748 3455 ει
1749 3430 1820 3465 ναι
1838 3417 1924 3455 οὐδὲ
1952 3414 2234 3465 συμὸαλλεσθαι
2249 3428 2285 3453 τι
2298 3429 2355 3466 τω
2377 3414 2506 3455 καλλει
2519 3419 2597 3454 των
2613 3413 2760 3464 λόγων·
2798 3434 2818 3443 *-
2841 3423 2894 3458 ῖις

1553 3475 1683 3527 γάρτοι
1698 3475 1877 3519 τοιαύτας
1897 3474 2086 3520 συντάξεις
2108 3474 2338 3521 κατέλιπον,
2357 3472 2440 3518 οἵας
2461 3471 2580 3518 οὐδεὶς
2596 3469 2808 3522 ὑπομένα

1553 3547 1615 3584 χρι
1631 3533 1834 3584 κορωνίδος
1853 3533 2022 3572 διελθεῖν.
2528 3548 2530 3551 ⁴

2746 3543 2905 3610 ,ἔ

1551 3675 1648 3713 satis
1677 3674 1930 3724 compertum
1965 3671 2109 3712 habeo.
2141 3671 2365 3711 Alexander
2390 3681 2488 3710 vero
2503 3669 2675 3720 {videtur
2744 3693 2761 3702 ,.
2792 3685 2796 3699 r
2823 3671 2826 3711 J
2849 3667 2873 3693 ³³

1549 3738 1726 3788 gentium
1743 3738 1939 3789 principes
1963 3748 2010 3776 ea
2029 3737 2134 3787 lege,
2165 3738 2210 3775 ut
2226 3734 2448 3775 tributum
2437 3737 2509 3786 ipsi
2528 3733 2766 3786 penderent,
2884 3754 2899 3796 3

1549 3802 1730 3853 liquisse,
1750 3812 1877 3852 quum
1906 3802 2046 3840 contra
2074 3799 2237 3840 Darium
2268 3800 2511 3849 properaret.
2540 3801 2642 3839 Nam
2669 3798 2710 3838 et
2870 3803 2884 3843 J

1550 3877 1669 3916 sum,
1691 3865 1806 3906 Ponti
1836 3864 2064 3914 civitatem,
2086 3862 2228 3903 Atticae
2255 3862 2440 3912 originis,
2472 3862 2524 3902 ab
2553 3852 2827 3924 Alexandro*
2811 3811 2889 3928 ἱ

1550 3930 1706 3970 bertate
1736 3929 1948 3980 donatam,
1981 3929 2021 3969 et
2046 3927 2279 3978 popularem
2303 3927 2343 3966 in
2370 3938 2415 3967 ea
2443 3926 2749 3967 administrati
2873 3930 2875 3934 '

1551 3995 1677 4034 veluti
1696 3993 1868 4046 patriam
1893 3992 2092 4042 regiminis
2111 3992 2303 4040 formam,
2332 3991 2556 4031 restitutam
2585 4001 2669 4031 esse
2688 3999 2767 4030 co

1551 4060 1690 4100 rimus.
1722 4062 1974 4108 Quamquam
2005 4056 2267 4106 Hieronymus
2300 4055 2459 4104 scribit,
2487 4066 2538 4096 ne
2567 4053 2753 4104 attigisse.
2774 4058 2789 4109 ᾗ
2816 4082 2818 4085 .

1552 4123 1643 4163 dem
1665 4121 1933 4163 Alexandrum
1949 4120 2036 4160 illas
2050 4121 2200 4170 gentes,
2218 4119 2286 4159 sed
2301 4119 2378 4158 alia
2397 4119 2462 4158 via
2477 4118 2594 4168 juxta
2610 4115 2845 4161 maritima!

1555 4187 1797 4237 Pamphyliae
1812 4186 1852 4225 et
1872 4184 2021 4226 ciliciae
2037 4194 2148 4223 oram
2166 4193 2250 4222 esse
2265 4182 2500 4233 profectum.
2516 4181 2722 4222 Perdiccas
2735 4184 2829 4221 vm

1557 4251 1623 4301 qui
1645 4253 1733 4301 post
1766 4249 2039 4292 Alexandrum
2056 4246 2338 4289 Macedonibus
2369 4246 2552 4297 praefuit,
2577 4242 2817 4287 Ariarathem
