3016 4628
422 323 779 381 SAMloRUM,
817 321 1099 379 οοοῑιυΜ,
1136 284 1543 378 RaomorzUM,
1582 321 1919 369 CIANORUM
1956 323 2376 372 aaspussmcAE.

153 440 283 484 Idem
303 453 342 484 c.
366 435 426 481 28
451 450 461 479 ε
484 436 554 479 De
571 431 864 486 crudelitate,
886 445 978 488 qua
996 430 1295 475 Athenienses
1318 438 1363 473 et

17 531 20 539 ⁴
87 512 310 557 Periclem
342 510 391 552 in
420 507 565 551 victos
598 501 774 548 Samios
796 501 987 545 saeviisse
1017 502 1156 546 Duris
1182 509 1362 555 narrat,

86 583 202 627 nihil
240 580 429 626 tradunt
471 573 566 623 οὔτε
603 570 868 629 Θουκυδίδης
904 570 1000 617 οὔτε
1046 568 1232 636 Ἔφορος
1270 568 1365 616 οὔτε

89 651 397 716 Ἀριστοτέλης.

154 726 362 781 [Aristot.
399 722 499 767 Pol.
540 721 610 764 111
621 715 638 775 ,⁵
661 717 714 773 8,
740 723 765 770 4
792 731 803 763 t
827 718 1126 762 Athenienses
1163 714 1365 771 Samios,

89 798 226 845 Chios
241 804 287 842 et
301 794 490 841 Lesbios
504 786 797 836 ἐταπείνωσαν
819 785 940 853 παρὰ
959 786 1034 840 τὰς
1059 786 1285 843 συνθήκας.
1299 786 1315 848 ]

605 879 846 956 [amm]

651 997 775 1054 [184.

151 1087 370 1149 [Aristot.
406 1084 512 1130 Pol.
538 1087 602 1141 V,
643 1090 668 1138 4
687 1118 699 1140 ,
727 1099 754 1128 2
778 996 800 1127 ]:
840 1081 918 1130 Ἐν
942 1084 1020 1147 Κῷ
1040 1085 1067 1139 ἡ
1097 1080 1369 1145 δημοκρατία

88 1157 296 1221 μετέὸαλε
319 1148 525 1221 ’πονηρῶν
550 1154 835 1218 ἐγγενομένων
877 1156 1176 1219 δημαγωγῶν·
1216 1156 1254 1200 οἱ
1287 1153 1369 1218 γὰρ

27 1255 29 1258 <
85 1229 286 1295 γνώριμοι
309 1228 622 1290 συνέστησαν.]

572 1335 876 1399 [ΡΟΔΙΩΝ.]

673 1438 780 1483 185.

158 1540 307 1601 [Idem
331 1542 394 1596 V,
425 1545 448 1592 4
467 1574 479 1596 ,
508 1556 533 1584 2
564 1556 574 1583 ε
600 1538 686 1586 Καὶ
707 1540 749 1585 ἐν
773 1537 910 1602 Ῥόδῳ
935 1538 1021 1602 (sc.
1045 1541 1071 1594 ἡ
1101 1535 1369 1600 δημοκρατία

88 1609 297 1670 μετέὸαλε
322 1612 518 1674 πονηρῶν
544 1608 829 1673 ἐγγενομένων
859 1610 1183 1672 δημαγωγῶν)·
1219 1599 1367 1670 μισθο·

87 1681 219 1749 φοράν
249 1700 294 1728 τε
328 1681 411 1745 γὰρ
453 1683 490 1728 οἱ
529 1681 780 1745 δημαγωγοὶ
817 1680 1035 1745 ἐπόριζον,
1077 1681 1148 1727 καὶ
1185 1679 1368 1726 ἐκώλυον

3 1813 5 1816 Ι
88 1751 334 1800 ἀποδιδόναι
361 1752 414 1798 τὰ
444 1752 699 1817 ὀφειλόμενα
723 1753 810 1806 τοῖς
836 1752 1134 1816 τριηράρχοις·
1161 1753 1200 1797 οἱ
1226 1750 1270 1798 δὲ
1296 1750 1367 1797 διὰ

85 1825 161 1878 τὰς
190 1822 498 1888 ἐπιφερομένας
530 1824 650 1878 δίκας
672 1822 1009 1886 ἠναγκάσθησαν
1034 1822 1262 1877 συστάντες
1286 1842 1370 1870 κα-

85 1900 269 1945 ταλῦσαι
291 1896 363 1943 τὸν
388 1897 540 1958 δῆμον.
1166 1911 1168 1914 ’

150 1973 214 2027 V,
234 1987 289 2027 2,
317 1970 343 2015 5
371 1986 381 2014 :
416 1967 500 2017 Διὰ
520 1968 563 2015 δὲ
594 1967 725 2034 φόὸον
751 1967 1050 2024 στασιάζουσιν
1074 1966 1183 2015 οἵτε
1214 1969 1370 2026 ἠδικη-

87 2040 232 2102 κότες,
255 2040 433 2103 δεδιότρς
453 2039 513 2103 μὴ
539 2042 642 2088 δῶσι
667 2040 813 2100 δίκην,
836 2041 911 2096 καὶ
941 2043 980 2087 οἱ
1017 2039 1244 2102 μέλλοντες
1270 2041 1364 2086 ἀδι-

49 2121 61 2133 '
86 2107 276 2166 κεῖσθαι,
306 2105 559 2170 βουλόμενοι
587 2106 747 2172 φθάσαι
772 2105 872 2170 πρὶν
915 2107 1192 2164 ἀδικηθῆναι,
1224 2103 1371 2169 ὥσπερ

82 2181 130 2226 ἐν
151 2177 291 2244 Ῥόδῳ
311 2177 575 2236 συνέστησαν
593 2182 631 2226 οἱ
650 2177 858 2243 γνώριμοι
873 2178 943 2226 ἐπὶ
960 2177 1032 2225 τὸν
1050 2179 1184 2240 δῆμον
1205 2177 1274 2224 διὰ
1295 2177 1371 2231 τὰς

85 2251 393 2316 ἐπιφερομένας
417 2250 554 2305 δίκας.

86 2359 90 2364 .
151 2327 212 2381 V,
235 2341 288 2380 2,
315 2325 344 2369 6
387 2341 398 2369 :
435 2321 519 2371 Διὰ
553 2322 868 2389 καταφρόνησιν
902 2321 947 2369 δὲ
984 2321 1057 2369 καὶ
1093 2322 1371 2377 στασιάζουσι

86 2394 160 2442 καὶ
181 2396 461 2458 ἐπιτίθενται,
482 2387 624 2444 οἷον...
652 2397 694 2443 ἐν
710 2403 803 2449 ταῖς
820 2394 1129 2460 δημοκρατίαις
1142 2397 1180 2442 οἱ
1201 2394 1372 2458 εὔποροι

70 2467 488 2532 καταφρονήσαντες
512 2471 586 2525 τῆς
621 2466 793 2522 ἀταξίας
815 2467 890 2514 καὶ
915 2466 1178 2531 ἀναρχίας...
1206 2459 1293 2514 οἷον
1328 2468 1370 2513 ἐν

86 2537 229 2604 “Ρόδῳ
254 2543 276 2586 ὁ
301 2541 432 2602 δῆμος
457 2538 708 2605 (διεφθάρη)
724 2529 807 2604 πρὸ
825 2542 900 2596 τῆς
921 2538 1305 2602 ἐπαναστάσεως.]

527 2644 931 2708 (Emonam.)

678 2753 784 2801 186.

155 2849 307 2894 Schol.
330 2849 486 2908 Apoll.
513 2848 671 2892 Rhod.
695 2849 766 2903 II,
782 2848 884 2908 -948
909 2864 920 2891 :
941 2845 1019 2894 Ἔν
1042 2845 1086 2892 δὲ
1110 2850 1197 2900 τοῖς
1214 2846 1372 2911 Ὀρφι-

87 2941 90 2944 “
101 2941 131 2953 b

40 3038 42 3040 Υ
86 2985 192 3024 ante»
207 2985 434 3033 caruerant,
451 2983 711 3023 advexerunt.
731 2986 867 3033 Ipsum
883 2994 1042 3033 quoque
1068 2983 1259 3023 Periclem
1279 2984 1374 3022 ante

9 3093 11 3101 ⁴
90 3047 227 3099 proelio
246 3047 376 3086 navali
392 3047 542 3086 victum
562 3057 586 3086 a
606 3046 761 3087 Melisso
780 3046 920 3096 fuisse,
944 3046 1170 3086 Aristoteles
1194 3047 1345 3087 scribit.

142 3111 410 3164 [Athenienses
435 3111 608 3161 Samios,
633 3110 755 3150 Chios
770 3111 810 3150 et
836 3111 995 3151 Lesbios
1013 3112 1151 3150 contra
1166 3113 1279 3161 pacta
1309 3111 1372 3151 de-

91 3174 349 3227 presserunt]
860 3174 865 3179 ”

561 3243 866 3300 [COORUM.
885 3244 900 3300 ]

662 3351 801 3404 [184]

65 3429 109 3477 ‘'³'-
143 3439 206 3493 [ln
223 3440 350 3481 insula
365 3442 424 3481 Co
439 3441 679 3481 democratia
691 3442 844 3480 mutata
857 3442 916 3480 est
927 3470 938 3490 ,
949 3434 1103 3480 exortis
1119 3442 1157 3481 in
1175 3452 1220 3480 ea
1233 3441 1375 3492 impro-

41 3490 153 3546 dbls
169 3505 388 3556 demagogis
405 3521 415 3545 ε
439 3505 591 3545 nobiles
608 3505 714 3544 enim
740 3504 988 3555 coiverunt.]

457 3577 461 3582 ’
499 3591 963 3649 sssflon10RUM.]

665 3695 805 3747 [185]

72 3795 85 3822 Ι
144 3789 259 3841 [Item
283 3789 412 3830 Rhodi
427 3783 694 3840 (democratia
715 3792 871 3831 mutata
894 3793 976 3841 est,
1001 3791 1150 3832 exortis
1173 3771 1216 3831 'in
1232 3803 1278 3831 ea
1297 3792 1375 3831 im-

63 3851 227 3905 probis
249 3853 519 3907 demagogis);
540 3854 688 3895 reditus
714 3856 820 3895 enim
847 3856 899 3895 ad
913 3857 1138 3897 mercedem
1157 3858 1374 3897 transfere·

74 3914 212 3970 vitant,
231 3920 282 3970 et
305 3917 529 3958 triremium
558 3918 756 3968 praefectis
777 3919 888 3969 justa
916 3920 1137 3970 persolvere
1170 3921 1371 3960 vetabant.

72 3949 158 4028 {lui
171 3979 304 4018 autem
317 3976 556 4030 judiciorum
571 3981 768 4022 intentato
790 3984 901 4022 metu
924 3982 1051 4022 coacti
1070 3984 1185 4032 sunt,
1203 3976 1374 4023 coitione

59 4035 197 4101 ’φοίει
207 4071 221 4092 ,
238 4043 371 4093 populi
386 4043 610 4094 potentiam
619 4046 806 4085 evertere.

221 4314 451 4344 FRAGMENTA
471 4317 566 4344 lllST.
587 4319 651 4347 GR.
672 4330 713 4338 --
732 4322 814 4350 vot„
845 4325 881 4351 ΙΙ.

2632 335 2712 380 161

1440 428 1528 479 κοῖς
1550 422 1696 489 Ἄρεος
1714 425 1788 472 καὶ
1806 425 1982 488 Αἰγίνης
2000 430 2315 490 γενεαλογεῒται
2335 434 2361 487 ἡ
2389 432 2590 490 Σινώπη,
2613 418 2739 479 κατὰ.

1440 497 1485 544 δέ
1520 515 1637 550 τινας
1659 495 1804 562 Ἄρεος
1841 497 1916 543 καὶ
1957 499 2241 562 Παρνάσσης,
2280 502 2373 547 κατ’
2410 502 2615 564 Εὔμηλον
2651 505 2726 550 καὶ

1442 568 1766 633 Ἀριστοτέλην,
1816 569 2035 617 Ἀσωποῦ·
2083 570 2156 615 καὶ
2202 564 2321 624 οὗτος
2374 572 2449 633 μέν
2497 593 2622 638 φησιν
2665 574 2729 622 ὅτι

1439 640 1570 690 Ἅλυν
1606 660 1654 688 τε
1688 641 1760 688 τὸν
1795 641 1989 703 ποταμὸν
2017 641 2232 700 ἐπλάνησε
2265 643 2339 689 καὶ
2373 644 2620 692 Ἀπόλλωνα
2656 647 2730 694 καὶ

1440 712 1546 773 Δία,
1573 712 1843 775 αἰτησαμένη
1877 716 1981 778 παρ’
2013 714 2153 760 αὐτῶν
2189 713 2419 779 πρότερον,
2455 715 2507 761 ἵν’
2546 717 2727 782 ἐπιτύχῃ

1441 778 1489 833 οἷ
1510 783 1559 832 ἂν
1577 784 1737 832 ἐθέλοι·
1756 785 1905 832 ἔπειτα
1923 787 2103 833 εἰποῦσα
2123 786 2353 850 παρθενίας
2372 786 2614 851 ὀρέγεσθαι,
2639 791 2733 836 ταύ-

1441 877 1515 916 της
1540 857 1743 921 ἐπέτυχεν
1770 860 1826 911 ὡς
1847 857 1899 905 ἂν
1929 857 2044 923 ὅρκῳ
2066 857 2302 920 δεδεμένων
2328 861 2482 906 αὐτῶν.

1508 933 1777 980 Secundum
1804 936 2214 994 Philostephanuxn
2250 950 2326 994 ap.
2359 936 2500 980 schol.
2531 937 2562 979 l.
2598 938 2629 983 l.
2657 939 2725 982 Si-

1442 1021 1564 1065 nope
1589 1021 1614 1050 e
1643 1007 1822 1050 Boeotia
1844 1016 1978 1066 rapta
2002 1008 2210 1066 Apollini
2229 1008 2354 1066 parit
2373 1008 2544 1065 Syrum
2567 1007 2729 1051 filium.

1442 1078 1682 1122 Iudicatur
1705 1079 1974 1139 genealogia
2013 1068 2199 1124 Boeotos
2234 1081 2442 1138 Sinopen
2479 1079 2729 1131 habitasse,

1443 1159 1690 1208 antequam
1713 1151 1877 1195 Milesii
1903 1152 2136 1196 coloniam
2153 1167 2209 1195 eo
2234 1153 2486 1195 mitterent.
2523 1151 2579 1194 ld
2605 1152 2733 1209 quod

1444 1219 1502 1266 de
1527 1222 1627 1265 aliis
1660 1223 1875 1281 pluribus
1898 1222 2034 1280 hujus
2067 1233 2238 1267 tractus
2274 1223 2460 1284 oppidis
2485 1224 2622 1269 valet.
2664 1224 2731 1267 Cs.

1444 1293 1627 1336 Miiller.
1654 1295 1778 1339 Min.
1797 1310 1842 1352 p.
1864 1300 1973 1353 294.
2004 1296 2202 1339 Andron
2226 1297 2361 1339 Teius
2385 1295 2442 1340 fr.
2469 1311 2513 1341 2.

1963 1434 2219 1480 ΚΙΛΝΩΝ.

2042 1566 2144 1623 187.

1510 1698 1666 1743 Schol.
1690 1698 1847 1756 Apoll.
1887 1691 1976 1743 Rh.
2004 1699 2048 1752 Ι,
2083 1702 2200 1754 1177
2234 1714 2243 1741 :
2266 1694 2395 1744 ’Έστι
2421 1695 2464 1742 δὲ
2492 1688 2633 1759 (Κίος)
2660 1699 2733 1744 πό·

1444 1767 1510 1820 λις
1535 1765 1730 1825 Μυσίας,
1765 1766 1851 1813 ἀπὸ
1877 1766 1986 1815 Κίου
2019 1771 2091 1814 τοῦ
2120 1767 2461 1832 ἀφηγησαμένου
2484 1772 2559 1826 τῆς
2593 1771 2735 1827 Μιλη-

1445 1839 1548 1885 σίων
1570 1837 1794 1895 ἀποικίας,
1819 1841 1876 1892 ὡς
1901 1841 2064 1902 ἱστορεῖ
2087 1838 2380 1903 Ἀριστοτέλης
2409 1842 2450 1886 ἐν
2478 1843 2647 1887 Κιανῶν
2664 1860 2738 1887 πο-

1444 1910 1598 1977 λιτείᾳ.
1629 1908 1906 1976 Κατῴκησαν
1943 1910 1987 1957 δὲ
2028 1910 2158 1967 αὐτὴν
2184 1915 2352 1976 πρῶτον
2390 1912 2561 1970 Μυσοὶ,
2588 1912 2734 1959 ἔπειτα

1446 1986 1614 2047 Κᾶρες,
1635 1983 1775 2048 τρίτον
1797 1982 2020 2041 Μιλήσιοι.

1512 2054 1616 2110 Κίος
1636 2057 1760 2118 (non
1781 2057 1900 2114 Κῒος,
1941 2075 1986 2101 v.
2022 2059 2242 2104 Dindorf.
2275 2061 2320 2103 in
2345 2058 2412 2104 S't.
2441 2049 2573 2104 Thes.
2600 2076 2634 2104 s.
2663 2060 2735 2119 v.)

1445 2131 1526 2174 sita
1546 2146 1697 2189 prope
1724 2128 1827 2175 Κίον
1853 2129 2048 2174 fluvium
2081 2131 2140 2174 ad
2166 2132 2437 2175 orientalem
2460 2146 2588 2174 oram
2617 2131 2740 2174 sinus

1445 2202 1615 2246 Cianei.
1643 2200 1695 2248 V.
1730 2202 1960 2248 Herodot.
1994 2205 2054 2257 V,
2087 2210 2202 2256 122,
2227 2193 2449 2261 ΧεηοΡῘιζ
2484 2198 2544 2248 ll.
2573 2202 2654 2248 Gr.
2682 2202 2732 2253 Ι,

1448 2278 1500 2330 4,
1529 2291 1553 2331 7
1571 2308 1583 2330 ,
1609 2272 1772 2333 Scylax
1799 2275 1824 2334 §
1850 2289 1935 2334 92,
1962 2274 2127 2318 Strabo
2167 2275 2284 2330 X11,
2310 2282 2356 2334 p.
2387 2273 2477 2318 563
2504 2289 2593 2332 sq.,
2621 2276 2737 2318 Mela

1447 2348 1494 2406 I,
1534 2363 1614 2407 19,
1652 2352 1702 2399 4,
1742 2348 1979 2390 Memnon.
2019 2361 2059 2389 c.
2100 2351 2154 2406 41
2193 2355 2292 2390 not.
2334 2349 2487 2406 Etyni.
2526 2348 2591 2392 M.
2629 2361 2663 2391 S.
2689 2362 2733 2387 v.

1447 2419 1603 2464 Schol.
1631 2419 1810 2464 Platon.
1838 2434 1886 2477 p.
1924 2417 2016 2471 466
2055 2417 2251 2464 Bekker.
2276 2418 2489 2462 Ceterum
2515 2416 2736 2461 Straboni

1447 2492 1479 2535 l.
1508 2491 1539 2533 l.
1564 2490 1692 2545 Cius,
1718 2490 1846 2533 urbis
1870 2489 2103 2545 conditor,
2128 2492 2397 2550 Argonauta
2422 2499 2488 2533 est
2520 2499 2564 2533 et
2587 2492 2738 2534 socius

1450 2562 1678 2607 Herculis.
1705 2563 1796 2614 Pro
1832 2563 1914 2618 Cio
1954 2563 2234 2621 Apollonius
2258 2565 2304 2618 1,
2350 2563 2466 2606 1321
2498 2563 2735 2621 Polyphe-

1448 2650 1575 2678 mum
1596 2635 1745 2692 ponit.
1770 2633 1836 2678 Cf.
1861 2635 2044 2677 Miiller.
2069 2625 2190 2678 fllia.
2211 2651 2261 2694 p.
2290 2635 2399 2694 293.

1513 2706 1653 2765 Apud
1676 2706 1893 2748 Photium
1928 2703 2034 2748 cod.
2078 2706 2161 2749 161
2205 2707 2403 2765 Sopater
2436 2708 2553 2750 inter
2592 2706 2739 2749 fontes

1448 2778 1555 2821 libri
1586 2777 1681 2820 XII
1730 2775 2159 2841 habuissedicitur
2203 2778 2462 2821 Aristotelis
2515 2776 2732 2821 πολιτείαν

1450 2845 1568 2894 Κίων
1596 2861 1607 2890 2
1634 2847 1764 2906 quod
1785 2857 1863 2891 aut
1883 2848 2058 2894 Κιανῶν
2082 2848 2243 2902 fuerit,
2273 2858 2352 2892 aut
2377 2847 2535 2894 Κείων.

1448 2982 1660 3031 laedantur,
1681 2981 2018 3032 quemadmodum
2031 2983 2160 3021 Rhodi
2183 2983 2334 3022 nobiles
2359 2983 2398 3022 in
2416 2985 2605 3033 populum
2633 2984 2739 3023 coie-

1449 3048 1542 3085 runt
1561 3050 1721 3096 propter
1738 3056 1943 3096 poenarum
1959 3047 2128 3085 metum.

1502 3112 1665 3161 Propter
1685 3112 1957 3160 contemptum
1972 3111 2204 3150 seditionem
2220 3112 2395 3150 excitant
2416 3114 2454 3151 et
2470 3113 2617 3162 impetu
2634 3113 2738 3152 facto

1447 3175 1487 3214 iu
1503 3175 1600 3214 alios
1617 3174 1828 3223 invadunt,
1846 3176 1935 3213 ut...
1953 3175 1995 3213 in
2010 3174 2261 3213 democratiis
2277 3175 2494 3230 locupletes
2512 3178 2737 3225 contempta

1447 3238 1676 3278 confusione
1694 3239 1735 3277 et
1757 3238 2054 3288 perturbatione
2074 3249 2207 3277 rerum
2224 3238 2499 3288 imperiique...
2527 3239 2590 3278 Sic
2610 3238 2737 3278 Rhodi
2768 3267 2778 3281 .

1447 3303 1646 3354 popularis
1658 3303 1786 3342 status
1802 3303 2063 3342 labefactatus
2075 3304 2134 3341 est
2149 3305 2241 3342 ante
2257 3302 2470 3342 secundam
2484 3303 2735 3352 optimatium

1448 3358 1734 3420 rebellionem]

1845 3446 2342 3508 (siNOPENsmM.)

1499 3611 1544 3650 In
1563 3608 1741 3661 Orphicis
1760 3602 2003 3650 carminibus
2025 3611 2163 3650 Martis
2186 3613 2226 3650 et
2254 3611 2400 3660 AEginae
2423 3602 2501 3649 filia
2523 3611 2639 3650 fuisse
2671 3611 2733 3648 Si-

1449 3675 1550 3723 n‘ope
1578 3673 1738 3719 dicitur,
1771 3673 1875 3723 apud
1898 3673 2108 3712 nonnullos
2139 3674 2276 3712 Martis
2306 3677 2344 3712 et
2376 3676 2603 3721 Parnasses;
2631 3672 2733 3722 apud

1451 3731 1662 3776 Eumelum
1679 3731 1722 3776 et
1736 3734 1988 3776 Aristotelem
2009 3738 2142 3786 Asopi.
2163 3741 2216 3775 Ac
2234 3737 2297 3775 liic
2316 3736 2476 3785 quidem
2498 3738 2629 3774 narrat
2646 3747 2733 3774 cam

1447 3800 1644 3850 decepisse
1660 3801 1700 3839 et
1723 3800 1851 3850 Halyn
1870 3802 1910 3839 et
1929 3800 2150 3850 Apollinem
2172 3803 2211 3839 et
2227 3802 2381 3839 Jovem.
2413 3799 2606 3837 petiverat
2629 3798 2733 3835 enim

1447 3867 1493 3904 ut
1525 3865 1700 3915 primum
1727 3864 1814 3914 ipsa
1839 3865 1886 3905 iis
1916 3876 2006 3915 quae
2036 3866 2255 3915 postularet
2286 3865 2500 3914 potiretur3
2518 3863 2734 3912 postulasse

1445 3931 1579 3968 autem
1603 3927 1738 3967 dicunt
1757 3924 2022 3977 virginitatem
2036 3958 2047 3978 ‚
2081 3939 2248 3978 eamque
2268 3927 2504 3975 obtinuisse,
2529 3936 2651 3975 quum
2673 3926 2727 3963 illi

1442 3991 1670 4039 juramento
1693 3989 1871 4030 obstricti
1902 3993 2147 4030 tenerentur.

46 4131 50 4135 x
76 4124 101 4163 5.
136 4105 308 4160 Propter
332 4107 487 4146 metum
505 4106 741 4163 seditionem
772 4110 1026 4149 commovent
1041 4111 1081 4149 et
1096 4109 1167 4160 qui
1186 4108 1370 4159 injuriam
1916 4070 2256 4119 CIANORUM·

79 4163 289 4222 ficerunt,
306 4179 357 4208 ne
377 4169 472 4210 dent
485 4180 644 4221 poenas,
672 4172 712 4210 et
727 4171 797 4221 qui
818 4173 1068 4221 suspicantur
1099 4173 1304 4221 futurum,
1325 4175 1371 4212 ut
2027 4168 2122 4207 187·
2186 4210 2191 4214 .

62 4231 235 4304 *jaim-ia
251 4232 489 4284 afficiantur,
509 4236 688 4276 volehtes
717 4238 962 4278 antevertere
978 4240 1204 4290 priusquam
1225 4239 1368 4288 injuste
1443 4288 1477 4293 —
1493 4240 1587 4281 Cius
1601 4271 1611 4290 ,
1637 4242 1768 4305 Mysiac
1792 4241 1908 4292 urbs,
1927 4252 2072 4280 nomen
2092 4241 2205 4279 habet
2224 4251 2244 4277 a
2266 4239 2357 4287 Cio,
2392 4239 2458 4287 qui
2487 4236 2729 4281 Milesiorum

2476 4315 2509 4344 ll
