3016 4628
64 351 272 418 ἰάσοτέρα
296 349 488 415 γένηται.
510 346 590 403 ’Ὡς
614 347 651 394 δ’
674 353 726 405 ἠν
751 349 789 394 οἱ
813 346 951 410 κάρτα
976 345 1183 404 πλησίον,
1207 365 1341 411 προσ-

62 422 206 506 Bagam
220 427 272 488 τῇ
291 421 404 487 χειρὶ
424 421 639 487 ἐφίλησεν.
667 419 721 467 Γ
724 437 1077 483 πικροτησαντων
1098 418 1142 464 δὲ
1167 418 1340 464 πάντων

62 493 138 550 «δν
157 493 310 570 γέλωτι
333 492 407 540 καὶ
439 495 517 556 βοῇ
531 527 543 549 ,
570 493 627 544 ὡς
646 483 691 536 ευ
691 489 956 563 ’,ὑπηγάγετο
980 492 1050 536 τὸν
1064 491 1225 547 παῖδα,
1251 492 1342 537 Με-

61 567 195 631 ῂτῶ,
225 558 344 623 εἰπε,
367 565 653 628 στρατηγεῖν,
685 564 720 607 ὠ
747 561 920 626 ἄνδρες·
951 560 1183 626 ἐπειδήπερ
1213 565 1342 626 Περι-

61 624 166 696 affig-
182 638 316 684 ποιεῖν
335 655 388 698 με
408 635 505 700 ἔφη,
530 636 797 722 στρατηγεῖν
803 634 839 679 δ’
865 634 942 680 οὐκ
955 633 1228 680 ἐπίστασθαι.
1248 627 1342 698 'Ap’

55 698 192 858 {vob
205 727 288 756 κατ
291 706 437 773 ’ὀρθόν
454 725 526 769 μοι
542 704 744 752 πέπτωκε
762 703 808 751 τὸ
822 705 1131 769 στρατήγημα,
1150 708 1342 753 Τοιαυτα

117 779 202 830 λλὰ
217 779 359 836 δεξιως
376 778 495 842 ἔλεγέ
520 797 565 824 τε
595 797 669 824 και
692 775 921 841 ἔπρησσεν,
935 774 1004 823 ὅτε
1021 775 1136 822 πίνοι
1157 774 1214 832 ἢ
1203 776 1344 840 πράσ-

54 867 146 924 βι.
172 851 242 902 Τὰ
265 852 407 914 μέντοι
427 848 627 897 πολιτικὰ
651 847 748 896 οὔτε
766 847 891 913 σοφὸς
911 846 1006 894 οὔτε
1027 842 1294 913 ῥεκτήριος’ξ
1266 869 1342 907 ην,

54 912 158 994 ἦλὶῖ
182 928 238 979 ὡς
261 923 312 972 ἄν
338 943 400 977 τις
421 927 478 976 εἰς
496 925 580 969 τῶν
602 940 807 986 χρηστων
828 920 1078 978 Ἀθηναίων.
1111 942 1128 961 υ

49 1010 86 1100 γ(
120 994 572 1059 Λάμπει]λοίμπειν
593 996 762 1042 Athen.
783 1011 828 1055 p.
849 994 1026 1052 564,F,
1042 996 1125 1039 ubi
1146 995 1346 1039 eundem

48 1075 118 1135 ἷζε

119 1084 242 1115 rsum
266 1071 447 1116 excitat.
477 1096 534 1103 —
557 1065 863 1129 Ἀναγελοίσας]
881 1069 1047 1127 Coray.
1073 1064 1256 1120 εἰκάζειν
1279 1064 1344 1111 ἄν.

48 1136 245 1207 ΙΝγιλοίσας
272 1139 397 1186 libri.
424 1137 662 1204 πορφυρέου
691 1138 803 1201 ἀπὸ]
832 1138 918 1184 ἀπὸ
938 1141 1075 1184 metri
1101 1155 1234 1184 eausa
1258 1139 1345 1183 de—

44 1178 465 1266 ἰ181111111138881111.
490 1215 561 1258 De
596 1222 732 1257 metr.
752 1213 888 1257 Pind.
912 1229 960 1272 p.
990 1211 1096 1269 175.
1125 1210 1344 1267 —How'l-

50 1284 174 1348 otte]
195 1283 367 1342 ποιήσει
390 1287 463 1330 vel
484 1283 701 1341 ποιήσειεν
732 1282 782 1330 ἄν
803 1294 1079 1344 proponunt
1095 1285 1276 1330 Jacobs.
1301 1294 1347 1328 et

44 1355 278 1406 Dindmf.
309 1383 373 1390 ——
401 1355 633 1420 Πράσσοι]
666 1354 811 1410 παίζοι
834 1359 936 1400 vult
965 1359 1116 1417 Toup.
1147 1356 1345 1403 Emend.

58 1430 129 1486 Π,
156 1445 207 1490 Ρ.
231 1429 352 1487 542,
378 1430 610 1488 probante
626 1430 884 1489 Schweigh.

122 1497 234 1548 Ὅτε
259 1498 378 1546 ἔπλει
402 1500 460 1553 εἷς
478 1502 533 1547 Λ.
561 1499 823 1564 στρατηγός]
849 1502 1101 1562 Sophocles
1120 1516 1239 1544 unus
1256 1500 1342 1545 fuit

53 1587 118 1625 ex
139 1573 301 1619 decem
335 1573 556 1630 ducibus,
589 1589 706 1632 quos
738 1573 1038 1618 Athenienses
1062 1581 1227 1616 eontra
1262 1573 1345 1617 Sa-

60 1646 180 1693 'unios
198 1646 471 1690 rebellantes
494 1647 718 1690 miserunt
742 1661 848 1689 cum
871 1645 1064 1689 navibus
1093 1645 1342 1704 sexaginta.

59 1718 237 1764 Testem
250 1733 305 1762 ex
316 1719 556 1776 permultis
568 1734 712 1761 unum
725 1719 879 1762 citasse
889 1716 1084 1761 sufficiat
1096 1716 1348 1760 Androtio-

57 1805 166 1836 nem
185 1805 261 1848 ap.
280 1790 426 1836 schol.
446 1790 638 1833 Aristid.
658 1799 772 1835 tom.
790 1790 956 1849 111,p.
980 1786 1070 1842 485
1091 1788 1166 1831 8(1.
1183 1788 1343 1834 Dindf.

42 1861 134 1924 ‘(-.v
166 1863 402 1922 Supplem.
435 1862 495 1906 ad
529 1862 693 1922 fragm.
729 1860 926 1922 Andr..)
957 1863 994 1905 E
1027 1861 1222 1904 navibus
1258 1861 1347 1903 illis

59 1932 123 1979 60
145 1934 378 1978 nonnullae
401 1949 426 1978 e
456 1932 595 1978 Samo
627 1934 819 1978 dimissae
844 1942 950 1977 sunt
981 1934 1031 1976 in
1059 1933 1224 1977 Chium
1255 1934 1348 1976 Le-

32 2005 309 2065 shumque,
334 2014 387 2050 ut
423 2007 591 2050 auxilia
624 2005 735 2050 inde
772 2005 1055 2049 adveherent
1107 2002 1274 2063 (Thuc.
1298 2004 1344 2057 I,

66 2074 208 2139 116);
226 2078 393 2122 harum
410 2078 504 2122 dux
520 2078 607 2122 fuit
630 2075 911 2136 Sophocles,
929 2085 982 2121 ut
1006 2092 1063 2120 ex
1081 2092 1128 2121 n.
1147 2077 1179 2120 l.
1215 2077 1345 2120 colli-

58 2150 197 2210 gitur.
222 2152 276 2196 V.
307 2152 427 2214 Aug.
464 2150 660 2196 Seidler.
691 2150 882 2196 Dissert.
924 2151 995 2193 De
1027 2159 1227 2207 tempore
1257 2164 1344 2206 quo

53 2225 250 2281 primum
266 2232 373 2266 acta
388 2232 456 2266 est
469 2225 754 2282 Antigonep.
776 2227 872 2279 49:
844 2255 875 2276 .,
894 2221 1084 2266 Boeekh.
1103 2219 1333 2262 Abkamll

0 2329 1 2332 ,
57 2287 108 2332 d.
136 2288 310 2332 Berlin.
334 2289 485 2334 Acad.
512 2286 663 2342 1824,
696 2302 744 2346 p.
766 2291 844 2339 44.
881 2285 969 2342 53,
1007 2285 1224 2340 58110811,
1260 2285 1347 2328 So—

0 2338 3 2406 1
54 2357 261 2418 plaudes,
293 2363 391 2403 sein
419 2360 571 2403 Leben
605 2375 650 2402 ιι.
689 2360 760 2404 W
757 2359 883 2402 [rhen
910 2373 961 2417 p.
1002 2356 1110 2402 158.
1141 2358 1260 2400 Rem
1284 2358 1347 2401 ita

0 2458 1 2461 =
43 2443 155 2489 ,8558
177 2439 314 2490 negat
336 2433 500 2476 Ἑιειιιο.
525 2431 677 2475 Ritter
697 2429 768 2490 (V
763 2428 1027 2488 orgeblzclze
1044 2427 1276 2487 Strategie
1291 2430 1343 2473 d.

59 2501 269 2563 Soplzocl.
301 2518 386 2562 ge&
367 2518 450 2546 ‘ren
483 2504 663 2556 Samos,
708 2507 754 2546 in
775 2502 936 2546 Rlzein.
960 2503 1084 2546 Mun
1124 2499 1269 2556 1843,
1293 2516 1344 2559 Ρ.

64 2573 156 2631 187
174 2589 275 2633 sqq.
282 2572 316 2635 ).
338 2576 455 2634 Nam
475 2575 705 2619 dimissis'
693 2591 742 2618 111
765 2575 929 2619 Chium
948 2573 1164 2628 navibus,
1189 2582 1348 2617 contra

34 2644 236 2690 Sarnios
263 2646 323 2690 ad
339 2629 550 2706 Tragiam
583 2648 668 2690 ins.
694 2655 952 2706 pugnatum
980 2655 1046 2689 est
1090 2642 1350 2706 Περικλέους

61 2715 239 2762 δεκάτου
274 2721 623 2781 στρατηγοῦντος.
649 2721 718 2763 Ita
745 2718 956 2776 Thucyd.
987 2719 1019 2761 l.
1047 2719 1078 2760 l.
1117 2719 1266 2761 Porro
1296 2719 1346 2760 in

61 2789 225 2851 fragm.
247 2801 408 2835 nostro
434 2793 685 2852 Sophocles
706 2793 769 2836 ait
790 2790 1007 2855 Περικλης
1023 2787 1155 2854 ’Έφη
1172 2825 1183 2844 ,
1199 2791 1348 2833 (licere

4 2871 9 2875 ’
59 2864 249 2907 solebat.
280 2865 372 2909 Sic
377 2865 510 2923 loqui
533 2877 630 2908 non
645 2866 799 2924 potuit
819 2880 843 2908 e
875 2865 1011 2908 Samo
1031 2864 1236 2907 veniens.
1277 2865 1344 2906 Ac

27 2935 272 3001 profecto
296 2953 395 2981 non
425 2937 483 2982 de
512 2938 638 2982 bello
671 2939 824 2982 Samio
856 2945 1036 2991 auetol,
1069 2936 1150 2979 sed
1174 2935 1233 2979 de
1263 2936 1344 2978 illo

59 3007 442 3066 eogitarivolujt‚
471 3009 602 3068 quod
619 3011 692 3055 Ol.
719 3009 804 3066 88,
835 3026 853 3053 1
887 3018 932 3053 et
957 3024 983 3055 2
1018 3007 1139 3068 (42.8
1166 3015 1211 3050 et
1230 3003 1341 3068 427)

46 3074 227 3146 Athen
251 3089 413 3125 eontra
427 3081 618 3125 Lesbios
633 3090 884 3142 gesserunt.
902 3082 1019 3124 Tum
1035 3094 1146 3124 velo
1171 3078 1348 3137 Sopho·

60 3210 123 3252 tie.
139 3185 267 3259 Quem
282 3213 352 3252 ubi
369 3212 465 3254 vidit
490 3214 683 3254 festucam
705 3226 728 3255 8
750 3215 871 3255 calice
890 3215 1052 3255 minimo
1075 3214 1195 3263 digito
1210 3213 1349 3252 tollere

42 3268 282 3327 furantem,
295 3277 564 3329 interrogavit,
578 3290 629 3318 an
643 3280 834 3320 festucam
848 3280 1116 3330 conspiceret?
1132 3281 1348 3326 Quumque

38 3338 151 3389 i,llc
171 3341 395 3390 conspicere
421 3352 485 3391 se,
509 3343 793 3393 respondisset;
817 3370 869 3379 --
897 3345 1013 3383 Flatu
1034 3343 1167 3393 igitur,
1196 3342 1347 3392 inquit,

27 3410 152 3443 ’»8511ι
165 3405 338 3455 expelle,
355 3416 405 3445 ne
419 3405 584 3456 digitum
603 3407 850 3448 madefacias.
873 3410 928 3448 Ut
944 3419 1038 3447 vero
1055 3407 1193 3446 faciem
1214 3406 1264 3445 ad
1287 3417 1349 3444 ca-

38 3450 178 3515 ἥωι
195 3467 371 3508 admovit
392 3479 504 3520 puer,
522 3471 682 3523 propius
701 3472 766 3511 ille
790 3473 851 3512 ori
873 3484 945 3512 suo
962 3471 1126 3511 calicem
1147 3470 1348 3518 admovit,

39 3535 144 3582 φο
165 3534 284 3583 caput
309 3534 429 3584 capiti
452 3535 612 3585 propius
634 3538 775 3576 esset:
805 3549 886 3587 quo
908 3537 977 3576 ubi
998 3536 1078 3575 fuit
1097 3536 1347 3586 proximum,

65 3599 184 3635 11151111
195 3596 433 3646 prehensum
449 3598 650 3639 osculatus
667 3602 740 3639 cst.
759 3603 861 3640 Tum
874 3602 1153 3650 plaudentibus
1165 3600 1349 3639 omnibus

36 3688 37 3691 ,
64 3667 156 3698 cum
173 3659 275 3709 risu,
295 3660 633 3712 clamantibusque
654 3673 774 3714 quam
803 3664 930 3714 lepide
952 3665 1162 3715 deceptum
1180 3675 1348 3714 puerum

64 3721 438 3774 ndseperlexisset:
463 3726 645 3777 Meditor,
661 3728 790 3778 inquit
811 3729 902 3779 ille,
919 3741 943 3768 0
960 3730 1059 3780 viri,
1075 3732 1202 3769 artem
1220 3729 1347 3779 impe·

14 3791 21 3842 μ’
65 3787 249 3826 rator-iam
262 3817 273 3837 ,
293 3789 481 3838 quoniam
497 3791 665 3832 Pericles
686 3802 750 3832 me
775 3792 876 3832 dixit
893 3804 1032 3833 versus
1052 3794 1213 3844 quidem
1237 3805 1350 3834 nosse

26 3859 27 3862 ’
65 3851 254 3902 condere,
269 3854 395 3893 artem
409 3853 520 3896 ducis
538 3857 668 3897 bellici
686 3869 768 3898 non
783 3859 938 3899 callere.
959 3862 1097 3900 Nonne
1118 3860 1236 3909 igitur
1256 3861 1351 3900 satis

63 3915 166 3958 bene
179 3916 275 3956 mibi
294 3918 410 3958 cessit
428 3919 504 3959 hoc
518 3922 777 3971 strategema?
801 3924 908 3962 Talia
927 3925 1053 3963 multa
1068 3924 1164 3964 scite
1180 3925 1279 3963 dixit
1297 3925 1350 3964 fe·

44 4004 56 4022 -,
66 3982 213 4031 citque,
228 3990 354 4030 quum
362 3980 520 4024 biberet
534 3985 634 4024 hila·
636 3985 802 4036 itatique
817 3998 899 4027 sese
911 3987 1051 4027 daret:
1069 3997 1092 4026 v
1095 3999 1210 4026 erum
1225 3988 1310 4026 ad«r
1287 3999 1348 4038 ge-

24 4064 34 4109 1ς
56 4044 230 4085 *rendam
251 4046 536 4096 rempublicam
554 4061 628 4090 nec
646 4051 816 4091 solertiae
837 4052 957 4092 satis
947 4064 987 4092 m
1010 4064 1056 4092 80
1081 4054 1176 4101 suit,
1198 4065 1271 4093 nec
1286 4054 1350 4093 in·

26 4115 35 4154 1
54 4107 250 4159 =duariae3
266 4110 335 4149 sed
349 4114 434 4152 erut
454 4114 564 4155 velut
579 4127 682 4156 unus
697 4128 719 4157 e
738 4118 871 4167 probis
886 4119 1185 4169 commodisque
1199 4119 1351 4159 civibus

67 4173 427 4242 Atheniensibus.»

1179 239 1588 288 FRAGMENTA.

2628 258 2687 297 47

1417 350 1507 392 eles
1526 350 1900 406 septuagenarius
1923 366 2074 410 neque
2102 353 2231 396 ducis
2255 370 2443 398 inuuere
2472 356 2596 415 fungi
2618 375 2706 416 po-

1418 422 1527 475 tuit‚
1557 436 1709 478 neque
1735 436 1931 479 puerum
1957 423 2211 466 forumsum
2239 428 2525 470 exosculatus
2548 429 2701 473 suerit.

1416 491 1597 535 Deinde
1616 492 1662 533 in
1682 490 1843 550 fragm.
1859 497 2018 536 'nostro
2035 494 2202 552 legitur
2219 494 2264 538 οὐ
2285 497 2497 557 ῥεκτήριος
2513 491 2571 552 ἦν
2587 535 2599 555 ,
2625 503 2706 559 igi-

1419 572 1495 606 tur
1524 572 1737 606 mortuus
1766 564 2045 622 Sophocles,
2079 579 2224 622 quum
2257 575 2409 609 tamen
2439 571 2704 625 quindecim

1418 635 1548 677 annis
1566 643 1672 693 post
1705 636 1831 678 Ionis
1865 636 2045 678 obitum
2080 636 2204 678 diem
2245 637 2430 680 obierit.
2467 638 2708 685 Postremo

1418 707 1505 749 Ion
1522 705 1580 749 (18
1596 707 1778 750 vivente
1806 706 1957 750 adhuc
1990 708 2222 766 Sophocle
2243 709 2372 751 nullo
2398 711 2541 754 modo
2565 713 2709 756 dixis-

1418 785 1527 819 set:
1555 794 1614 830 ην
1635 777 1690 828 ὡς
1722 775 1773 821 ἄν
1806 794 1869 828 τις
1905 779 1962 829 εἷς
1988 796 2070 822 των
2101 795 2350 840 χρηστων
2372 778 2620 836 Ἀθηναίων.
2649 812 2711 817 -

1378 849 1530 905 Quae
1554 864 1699 907 quum
1724 850 1787 893 ita
1810 850 1918 903 sint,
1938 850 2614 912 5801111111·1111111111Ἐπιδημίαι
2641 857 2712 898 in-

1419 935 1490 963 581
1495 921 1640 979 iptum
1652 936 1743 965 esse
1760 924 2131 980 supposititium3
2149 938 2297 982 neque
2313 925 2388 969 ille
2406 925 2612 969 diversus
2626 927 2711 969 luit

1420 1007 1447 1035 a
1471 990 1803 1054 Πρεσὸευτικω,
1831 1009 1970 1052 quem
1995 995 2206 1053 spurium
2227 995 2426 1053 essejam
2457 997 2577 1039 inter
2596 1007 2709 1041 vett.

1419 1066 1636 1107 nonnulli
1658 1066 2019 1110 contenderunt.
2049 1069 2158 1111 Haec
2189 1068 2285 1111 fele
2315 1070 2538 1114 Ritterus.
2565 1071 2713 1126 Quam

1419 1133 1552 1179 firma
1576 1137 1665 1180 sint
1688 1147 1959 1197 argumenta
1996 1148 2046 1182 tu
2066 1139 2235 1184 videas.
2276 1142 2345 1183 De
2377 1139 2713 1200 significatione

1420 1209 1548 1251 vocis
1573 1210 1776 1271 χρηστῶν
1802 1226 1848 1256 11.
1884 1211 1915 1254 l.
1950 1211 2069 1254 bene
2099 1221 2261 1255 monet
2285 1212 2336 1256 C.
2363 1213 2417 1257 F.
2454 1214 2710 1256 Hermann

1423 1280 1508 1337 Qu.
1541 1281 1774 1340 OEclipod.
1796 1297 1842 1341 p.
1865 1281 2016 1338 30,11.
2039 1282 2118 1326 63.

2039 1405 2083 1434 2.

1486 1504 1731 1549 Athenaeus
1754 1507 1822 1550 III
1829 1522 1907 1565 ,.p
1924 1505 2003 1566 93,
2026 1509 2094 1551 A:
2117 1503 2443 1568 Τῶνδὲχημων
2460 1507 2715 1567 μνημονεύει

1419 1571 1520 1621 Ἴων
1541 1577 1563 1620 ὃ
1586 1577 1733 1629 Χῖος
1714 1595 1757 1622 εν
1782 1575 2403 1639 Ἐπιδημίαις.Ρ1·011511111[81·
2423 1579 2482 1624 de
2499 1582 2714 1624 convivio

1421 1649 1627 1708 quodam
1645 1665 1798 1710 agens,

2049 1738 2092 1785 3.

1487 1844 1733 1888 Athenaeus
1749 1845 1819 1888 III
1826 1860 1899 1903 ,.p
1925 1860 2030 1901 107,
2053 1847 2124 1889 A:
2142 1842 2271 1900 Ἓξης
2291 1843 2565 1906 εἰσεκομίσθη
2583 1863 2716 1906 ταγη-

1422 1913 1544 1960 νιστὰ
1579 1912 1756 1975 ἥπατα,
1782 1916 2087 1979 περιειλημένα
2114 1936 2176 1963 τω
2207 1916 2462 1982 καλουμένω
2489 1917 2714 1981 ἐπίπλι)...

1423 1985 1554 2032 Kou‘
1538 2002 1559 2031 0
1594 1987 1700 2039 Χῖος
1726 1984 1770 2032 δε
1793 1982 1896 2034 Ἴων
1931 1988 1974 2034 ἐν
1997 1995 2091 2041 ταῖς
2124 1964 2405 2052 Ἐπιδημίαις
2440 1989 2547 2055 ἔφη·
2589 1991 2715 2054 ‹To›

1422 2055 1590 2122 ἐπίπλῳ
1616 2058 1945 2124 ἐπικαλύψας.»

1488 2133 1557 2211 Ex
1573 2132 1734 2177 iisdem
1756 2131 2003 2194 ἐπιδημίαις
2026 2131 2190 2179 fluxel
2179 2144 2247 2180 1nt
2264 2137 2519 2195 sequentia.

2049 2247 2096 2295 4.

1487 2355 1720 2399 Plutarch.
1747 2355 1929 2401 Cimon.
1958 2371 1999 2399 8.
2028 2371 2102 2414 9.
2130 2355 2498 2413 Συνδειπνησαι
2475 2357 2519 2404 οὲ
2536 2377 2596 2420 τῳ
2629 2356 2716 2405 Κί-

1426 2424 1535 2488 μωνί
1559 2443 1687 2490 φησιν
1708 2427 1730 2470 ὃ
1749 2420 1852 2472 Ἴων
1885 2426 2138 2472 παντάπασι
2164 2427 2386 2492 μειράκιον
2413 2428 2532 2486 ἥκων
2563 2431 2620 2482 εἷς
2646 2429 2715 2476 'A-

1424 2497 1553 2555 θήνας
1589 2499 1637 2543 ἐκ
1674 2495 1784 2543 Χίου
1828 2496 1948 2561 παρὰ
1974 2497 2263 2558 Λαομέδοντι·
2304 2499 2378 2545 καὶ
2404 2520 2487 2546 των
2523 2502 2716 2547 σπονδῶν

1423 2568 1660 2632 γενομένων
1681 2568 2072 2635 παρακληθέντος
2053 2575 2157 2616 ἆσαι
2176 2570 2249 2617 καὶ
2271 2570 2453 2637 ἄσαντος
2478 2575 2553 2619 οὐκ
2575 2574 2716 2630 ἀηδως

1424 2644 1612 2688 ἐπαινεῖν
1648 2660 1744 2693 τους
1768 2640 1982 2706 παρόντας
2001 2645 2057 2697 ὡς
2078 2642 2321 2708 δεξιώτερον
2343 2644 2712 2706 Θεμιστοκλέους·

1424 2716 1580 2760 ἐκεῖνον
1586 2712 1730 2803 γὰρ
1710 2711 1825 2758 ἄδειν
1847 2713 1924 2775 μὲν
1947 2717 1994 2761 οὗ
2016 2715 2148 2779 φάναι
2170 2716 2320 2777 μαθεῖν
2343 2715 2440 2762 οὐδὲ
2461 2717 2716 2781 κιθαρίζειν,

1423 2786 1545 2832 πόλιν
1583 2784 1626 2832 δὲ
1661 2789 1841 2842 ποιῆσαι
1858 2805 1925 2876 'fy-
1907 2786 2065 2849 γοίλην
2097 2806 2170 2834 και
2194 2786 2404 2834 πλουσίαν
2438 2788 2715 2836 ἐπίστασθαι·

1423 2861 1642 2904 τοῦντεῧθε
1625 2875 1691 2913 ν,
1715 2861 1799 2904 οῖον
1835 2858 1947 2911 εἰκὸς
1968 2860 2009 2905 ἐν
2045 2858 2183 2924 πότῳ,
2203 2879 2276 2907 του
2301 2859 2429 2923 λόγου
2459 2860 2663 2926 ῥυέντος
2645 2861 2716 2907 ἐπὶ

1423 2929 1499 2984 τὰς
1537 2928 1711 2994 πράξεις
1734 2947 1810 2976 του
1854 2929 2056 2988 Κίμωνος
2097 2931 2171 2978 καὶ
2214 2933 2599 2994 μνημονευομένων
2632 2953 2716 2979 των

1425 3001 1661 3064 μεγίστοιν,
1691 3001 1819 3048 αυτὸν
1849 3003 2006 3050 ἐκεινον
2049 3002 2092 3049 ἓν
2119 3004 2294 3050 διελθεῖν
2320 3004 2482 3068 στρατή
2486 3024 2607 3068 (ημα
2632 3026 2716 3051 των

1426 3073 1588 3121 ἰδίων
1564 3093 1622 3126 ως
1641 3072 1902 3139 σοφώτατον.
1940 3076 1975 3136 (2
1956 3076 1992 3138 2)
2018 3075 2144 3123 Ἐπει
2163 3074 2246 3141 γὰρ
2270 3079 2318 3123 ἐκ
2340 3078 2510 3135 Σηστου
2534 3097 2607 3124 και
2631 3081 2718 3125 Βυ-

2048 3217 2090 3256 2.

1473 3281 1715 3320 Chamarum
1747 3281 2086 3332 (conchyliorum
2102 3293 2228 3332 981181
2232 3283 2481 3333 es)mem1nit
2499 3289 2569 3325 lon
2598 3286 2719 3325 Chius

1422 3345 1463 3384 in
1485 3345 1708 3396 Epidemiis.

2049 3416 2090 3456 3.

1474 3479 1587 3520 Illata
1618 3480 1758 3520 deinde
1791 3482 1885 3520 sunt
1915 3481 2016 3521 frixa
2047 3482 2089 3520 in
2129 3483 2323 3533 sartagine
2350 3484 2547 3535 jecinora,
2586 3484 2717 3534 epiplo

1423 3542 1636 3592 (omento)
1666 3544 1774 3594 quod
1797 3546 1965 3584 vocatur
1991 3545 2216 3586 involuta..
2250 3550 2319 3586 lon
2340 3559 2499 3598 quoque
2530 3547 2653 3589 Chius
2674 3549 2714 3586 iu

1421 3608 1635 3659 Epidemiis
1648 3609 1777 3649 dixit:
1798 3610 1978 3660 «Epiplo
1995 3610 2194 3650 obtexit»

1474 3745 1545 3782 Ion
1561 3754 1623 3794 58,
1641 3755 1768 3794 quum
1784 3744 2011 3785 adolescens
2029 3746 2247 3787 admodum
2263 3759 2312 3787 ex
2332 3748 2431 3788 Chio
2451 3748 2623 3788 Athenas
2642 3759 2712 3786 ve—

1422 3807 1557 3855 nisset,
1575 3809 1789 3848 coenavisse
1803 3808 1909 3858 apud
1925 3809 2235 3850 Laomedontem
2247 3822 2339 3850 cuni
2357 3811 2520 3851 Cimone
2535 3811 2617 3849 ait.
2633 3811 2714 3860 Jus-

1423 3880 1592 3920 sumque
1622 3871 1728 3910 hunc
1754 3872 1924 3922 peractis
1946 3873 2202 3913 libationibus
2230 3885 2393 3924 canere,
2418 3874 2643 3924 proestiusse
2671 3873 2712 3911 id

1422 3944 1502 3972 non
1518 3933 1770 3984 ineleganter,
1795 3945 1963 3986 eamque
1990 3937 2042 3975 ob
2058 3948 2142 3976 rem
2165 3937 2276 3977 abiis
2298 3939 2364 3987 qui
2385 3939 2548 3976 aderint
2573 3936 2710 3975 lauda-

1424 3997 1508 4035 tum
1524 3998 1664 4046 utpote
1679 3998 1942 4038 'lhemistocle
1957 4000 2345 4039 exercitatiorem.1s
2366 4000 2471 4039 enim
2493 4011 2572 4038 non
2592 4010 2633 4038 se
2649 4011 2711 4038 ca·

1423 4069 1516 4098 nere
1532 4062 1602 4099 aut
1617 4060 1754 4100 ludere
1767 4061 1909 4101 fidibus
1927 4062 2107 4103 didicisse
2123 4063 2275 4113 aiebat,
2296 4063 2363 4102 sed
2377 4063 2484 4101 urbis
2499 4062 2549 4101 ad
2566 4063 2709 4112 magni-

1422 4123 1603 4163 tudinem
1627 4127 1666 4164 et
1689 4125 1846 4165 divitias
1861 4127 2051 4166 evehendi
2070 4129 2195 4166 artem
2216 4093 2371 4166 callere.
2396 4126 2565 4175 rxinde,
2587 4129 2631 4165 ut
2654 4127 2712 4165 in-

1424 4189 1483 4226 ter
1504 4189 1644 4237 pocula
1667 4189 1749 4230 lieri
1769 4190 1931 4239 assolet,
1952 4191 2122 4231 deducto
2138 4191 2187 4230 ad
2208 4201 2268 4230 res
2297 4191 2470 4264 Cimonis
2484 4194 2610 4241 gestas
2631 4202 2709 4230 ser·
