3016 4628
284 321 377 359 2276

282 429 358 460 ταν
379 418 389 473 )
419 410 604 476 Ἀριστόξ
606 408 693 463 ενιῖς
717 429 820 476 φησι
846 408 1062 470 μηδέποτε
1080 421 1399 469 στρατηγουντα
1427 404 1560 457 ᾗττη

283 489 427 541 θῆναι·
463 482 743 548 φθονούμενον
771 483 807 528 δ’
845 479 959 534 ἅπαξ
992 480 1238 541 ἐκχωρῆσαι
1267 479 1342 529 τῆς
1370 491 1559 536 στρατη·-

286 557 381 616 γίας
406 555 479 602 καὶ
498 574 592 607 τους
615 556 631 615 ξ
650 572 744 605 τους
769 551 1010 612 ἀστουςὲἒ)
1040 547 1190 595 αὐτίκα
1211 549 1438 611 ληφθῆναι.

355 626 742 672 ilistoriuncuiam
769 626 827 671 de
863 624 1088 682 Archyta,
1127 622 1205 680 qui
1231 635 1374 679 quum
1404 618 1559 661 villico

287 702 567 757 factus-esset
588 699 764 752 iratior,
785 705 937 740 tamen
965 696 1184 753 impetum
1222 692 1302 734 irae
1326 701 1561 746 compres-

286 773 414 829 serit,
440 780 607 831 praeter
637 771 906 817 Ciceronem
931 769 1063 811 Tusc.
1092 767 1169 819 IV,
1200 761 1257 819 57
1290 771 1335 805 et
1362 759 1557 804 Diodor.

290 847 397 889 Exc-
420 846 517 888 Vat.
534 844 641 902 (lib.
663 843 726 900 X,
743 858 784 898 7,
799 847 823 894 4
841 840 912 884 ed.
933 838 1091 883 Didot.
1109 833 1120 898 )
1142 843 1298 879 narrat
1322 831 1559 876 Iamblich.

289 918 344 963 V.
369 917 416 960 P.
447 916 474 975 §
506 926 608 973 197,
635 915 702 957 his
732 913 955 971 incipiens
978 908 1127 952 verbis
1155 923 1165 950 :
1195 903 1432 966 Σπίνθαρος
1468 901 1559 956 διη-

290 987 404 1045 γεῖτο
430 986 634 1037 πολλάκις
660 983 757 1047 περὶ
782 980 982 1044 Ἀρχύτου
1026 998 1068 1026 κ.
1097 998 1134 1025 τ.
1162 978 1204 1023 λ.
1231 980 1340 1035 Quae
1373 991 1428 1020 ex
1453 975 1562 1021 Ari-

289 1069 482 1103 stoxeno
498 1059 763 1117 ‚Spinthaii
801 1056 847 1110 f.‚
880 1053 1057 1097 fluxisse
1080 1050 1385 1111 probabiliter
1408 1046 1564 1091 statuit

291 1131 667 1188 wyttenbachius
701 1128 851 1187 (Bibl.
878 1126 989 1170 Crit.
1011 1132 1127 1182 part.
1159 1123 1295 1175 VIII
1329 1132 1374 1178 p.
1409 1114 1559 1178 113),

291 1202 562 1260 suffragante
589 1201 770 1243 Mahnio
792 1215 837 1256 p.
865 1203 922 1253 47

891 1296 959 1340 15.

359 1401 596 1447 Athenaeus
615 1402 704 1443 XII
721 1434 731 1453 ,
753 1416 799 1458 p.
830 1398 938 1453 545,
968 1397 1000 1441 Α
1026 1409 1039 1444 :
1062 1391 1336 1457 Ἀριστόξενος
1359 1390 1394 1436 δ’
1418 1392 1440 1436 ὁ
1457 1407 1560 1451 μου·

293 1473 409 1524 ’σικὸς
437 1473 478 1517 ἐν
516 1474 575 1516 τῶ
606 1470 823 1533 Ἀρχύτα
817 1469 895 1515 Βίι)
921 1467 1070 1532 ἀρίησι
1092 1464 1211 1529 παρα
1242 1461 1498 1511 Διονυσίου
1499 1481 1562 1507 του

283 1543 495 1607 ’νεωτέρου
523 1561 599 1629 πρε
584 1540 781 1593 εσὸευτὰς
805 1540 906 1605 πρὸς
949 1559 1026 1596 την
1054 1535 1331 1601 Ἰαραντίνων
1355 1533 1537 1591 πόλιν,’
1520 1553 1561 1580 εν

294 1609 352 1668 οἷς
377 1610 482 1661 εἶναι
510 1633 580 1660 και
605 1612 855 1677 Πολύαρχον
876 1611 946 1658 τὸν
976 1613 1171 1668 ἡδυπαθη
1200 1605 1559 1693 ἐπικαλούμενον,

295 1686 423 1749 ἀνδρα
441 1685 536 1748 περὶ
561 1684 634 1737 τὰς
658 1683 904 1745 σωματικὰς
922 1681 1070 1740 ἡδονὰς
1095 1679 1410 1736 ἐσπουδακότα,
1431 1677 1562 1725 καιού

294 1758 419 1817 μόνον
439 1760 501 1804 τῦ
526 1756 660 1821 ἔργῳ,
683 1755 791 1802 ἀλλὰ
813 1775 885 1801 και
910 1757 969 1801 τῶ
989 1753 1117 1818 λόγῳ)
1187 1751 1324 1800 Ὄντα
1352 1750 1394 1798 δὲ
1411 1749 1562 1814 γνώρι·

295 1847 372 1874 ιιον
378 1831 447 1892 τῷ
462 1828 659 1906 Ἀρχύτα,
676 1846 748 1873 και
767 1826 1009 1892 φιλοσοφίας
1025 1846 1071 1873 ου
1085 1826 1302 1877 παντελως
1323 1823 1560 1887 ἀλλότριον,

286 1903 485 1945 ’ἀπαντᾶν
518 1902 575 1952 εἰς
588 1882 659 1945 τὰ
686 1900 838 1986 τεμένη
872 1899 944 1946 καὶ
981 1903 1317 1962 συμπεριπατεῖν
1348 1902 1433 1948 τοῖς
1465 1895 1564 1984 περὶ

292 1972 363 2017 τὸν
381 1971 601 2034 Ἀργύταν,
621 1971 887 2034 ἀκροώμενον
912 1973 994 2016 τῶν
1013 1969 1164 2032 λόγοιν.
1190 1966 1538 2029 Ἐμπεσούσης
1516 1966 1564 2013 δέ

293 2062 394 2089 ποτε
419 2042 594 2105 ἀπορίας
619 2042 691 2089 καὶ
718 2041 904 2106 σκέψεως
931 2041 1028 2106 περί
1048 2060 1093 2087 τε
1125 2043 1208 2086 τῶν
1234 2043 1466 2102 ἐπιθυμιῶν
1488 2039 1562 2085 καὶ

291 2115 339 2161 τὸ
362 2115 531 2161 σύνολον
549 2115 643 2179 περὶ
662 2118 743 2160 τῶν
762 2117 1015 2175 σωματικῶν
1036 2115 1214 2176 ἡδονῶν,
1237 2112 1314 2178 ἔφη
1330 2117 1351 2160 ὃ
1364 2111 1564 2175 ΙΠολύαρ-

290 2205 387 2249 χος·
424 2210 442 2226 ·‹
480 2186 603 2247 Ἐμοὶ
638 2186 731 2247 μὲν,
761 2178 795 2232 ὦ
826 2186 995 2251 ἄνδρες,
1024 2186 1229 2239 πολλάκις
1262 2186 1344 2243 ἤδη
1378 2185 1562 2252 πέφηνεν

292 2261 586 2304 ἐπισκοποῦντι
602 2260 756 2320 κομιδῆ
771 2260 818 2306 τὸ
838 2263 919 2306 τῶν
942 2261 1100 2323 ἀρετῶν
1119 2257 1275 2306 τούτων
1294 2257 1562 2306 κατασκεύα-

292 2348 379 2392 σμα
408 2329 479 2375 καὶ
503 2328 610 2376 πολὺ
647 2333 720 2387 τῆς
752 2330 913 2392 φύσεως
944 2329 1181 2394 ἀφεστηκὸς
1208 2336 1330 2378 εἶναι.
1402 2330 1459 2378 ‘H
1480 2330 1562 2396 γὰρ

293 2399 437 2464 φύσις,
470 2401 569 2447 ὅταν
598 2401 829 2466 φθέγγηται
854 2402 928 2458 τὴν
955 2404 1108 2459 ἑαυτῆς
1133 2401 1290 2477 φωνὴν,
1317 2404 1562 2450 ἀκολουθεῖν

294 2472 450 2521 κελεύει
473 2480 564 2526 ταῖς
588 2473 778 2531 ἡδοναῖς,
804 2474 876 2520 καὶ
905 2474 1029 2521 τοῦτό
1049 2494 1176 2538 φησιν
1201 2479 1310 2522 εἶναι
1327 2494 1425 2522 νουν
1443 2475 1563 2539 ἔχον-

291 2563 375 2598 τος,
395 2544 441 2591 τὸ
453 2544 495 2592 δὲ
516 2546 753 2592 ἀντιτείνειν
770 2546 842 2592 καὶ
855 2548 1216 2594 καταδουλοῦσθαι
1228 2547 1302 2601 τὰς
1319 2548 1562 2611 ἐπιθυμίας,

293 2641 791 2653 -—.-.—....-..—,..
803 2644 912 2653 -.....
930 2646 937 2652 .
950 2645 1010 2653 ,,..
1023 2645 1282 2653 -....,,,.,,,,,-,
1305 2644 1395 2653 ,-
1454 2646 1458 2653 ,
2178 2630 2181 2634 ·
2514 2642 2516 2644 v
2633 2641 2638 2643 -
2661 2640 2673 2648 <
2850 2636 2857 2656 i
2903 2622 2959 2662 §⁴355

298 2684 389 2722 citui
415 2686 615 2732 ῐιηιεεεεει,
634 2695 835 2734 nunquam
857 2686 973 2725 fuisse
993 2689 1245 2736 superatum3
1276 2689 1395 2733 semel
1428 2693 1564 2728 autem

295 2743 389 2782 dum
425 2745 578 2785 ἰιινίιίἰοτι
608 2747 782 2797 cederet,
818 2760 902 2789 sese
935 2749 1100 2800 imperio
1135 2751 1360 2802 abdicasse,
1393 2763 1568 2802 moxque

296 2806 402 2845 rives
417 2808 525 2847 clade
544 2810 716 2849 affectos.

893 2883 958 2922 15.

352 2937 600 2975 Aristoxenus
619 2940 791 2978 musicus
809 2941 847 2979 in
875 2942 1056 2991 Archytae
1082 2944 1164 2983 vita
1180 2947 1315 2985 narrat
1338 2945 1568 2995 Dionysium

295 2995 488 3047 Junio'rem
519 3001 664 3049 legatos
695 3004 843 3044 misisse
875 3002 1112 3058 Tarentu‘m,
1141 3011 1180 3049 et
1210 3010 1311 3050 inter
1335 3011 1424 3050 illos
1452 3010 1570 3049 fuisse

302 3063 577 3114 Polyarchum,
600 3068 826 3117 cognomine
848 3070 1069 3111 Delicatum
1087 3073 1140 3123 (V.
1159 3075 1304 3114 AElian.
1319 3075 1369 3115 V.
1391 3076 1442 3113 H.
1457 3076 1567 3123 Vlll,

301 3127 344 3173 (ι)
358 3155 368 3173 ,
390 3136 465 3165 non
482 3128 605 3167 solum
621 3130 753 3180 dictis,
770 3142 907 3172 verum
923 3134 1040 3174 etiam
1056 3136 1168 3176 sactis
1189 3138 1368 3188 corporis
1383 3138 1569 3188 volupta-

302 3188 409 3227 tibus
434 3189 659 3241 addit-‚tum
686 3195 864 3245 Archytae
882 3197 1110 3238 familiarem
1126 3211 1198 3240 nec
1213 3203 1374 3241 omnino
1394 3202 1569 3241 alienum

302 3262 324 3288 a
354 3251 618 3303 philosophia,
650 3257 716 3306 qui
749 3259 927 3309 Archytae
957 3261 1006 3300 ad
1035 3263 1169 3302 lucum
1204 3265 1367 3315 obvius,
1397 3276 1488 3304 cum
1524 3273 1571 3304 e'o

301 3314 490 3363 spatiatus
499 3319 570 3366 est,
585 3316 734 3358 interim
743 3319 836 3360 dum
846 3322 1105 3373 disputantem
1115 3327 1280 3367 audiret.
1293 3331 1425 3374 Quum
1437 3330 1570 3368 autem

295 3376 497 3418 incidisset
526 3381 692 3430 quaestio
722 3393 766 3420 ac
789 3386 1047 3426 consideratio
1074 3388 1122 3428 de
1145 3391 1446 3442 cupiditatibus,
1472 3394 1512 3432 et
1531 3392 1571 3432 in

304 3442 529 3482 universum
551 3444 600 3483 de
617 3446 880 3496 voluptatibus
906 3455 1099 3502 corporeis
1114 3485 1124 3504 ,
1151 3457 1238 3495 tum
1260 3457 1388 3508 inquit
1411 3459 1571 3509 Polyar-

303 3506 426 3546 cinis·
448 3509 759 3561 “Miliiquidenn
773 3515 898 3555 oboni
917 3517 986 3556 viri
993 3521 1259 3569 ,sfflpiushaec
1274 3525 1570 3575 contemplanti,

303 3573 547 3622 compertum
568 3576 648 3623 est,
667 3576 759 3615 illud
777 3580 881 3627 quod
897 3582 1032 3621 virtuti
1052 3584 1258 3625 :edificium
1275 3598 1322 3626 ac
1341 3599 1572 3628 monumen—

294 3638 389 3674 'tuin
417 3638 638 3687 exstruitis,
669 3650 692 3678 a
712 3643 851 3680 natura
874 3645 1086 3694 plurimum
1107 3650 1284 3691 dissitum
1307 3663 1425 3693 esse.
1445 3665 1572 3704 quan-

303 3696 513 3748 ἀοᾳιιὶἀιιιι
537 3711 631 3740 voce
650 3713 719 3741 sua
744 3706 887 3745 Natura
918 3708 948 3747 si
976 3720 1046 3748 nos
1064 3711 1304 3764 alloquatur,
1329 3717 1573 3766 voluptatem

306 3763 349 3799 nt
368 3765 564 3803 sectemur
585 3775 629 3803 ea
647 3767 866 3817 praecipiet,
889 3770 925 3809 id
947 3773 1051 3821 qnod
1075 3774 1191 3825 facit,
1220 3781 1286 3827 qui
1305 3789 1410 3818 sanae
1433 3781 1575 3821 mentis

304 3825 387 3861 est:
415 3828 455 3864 at
482 3827 676 3878 voluptati
717 3841 952 3883 repugnare,
987 3836 1048 3875 vel
1076 3837 1115 3876 in
1142 3840 1367 3880 serxitutem
1402 3843 1576 3894 redigere

305 3888 561 3939 cupiditates,
591 3902 661 3930 nec
686 3895 937 3943 temperantis
966 3897 1133 3939 hominis
1155 3904 1233 3952 est,
1254 3914 1326 3943 nec
1347 3905 1488 3953 felicis,
1507 3909 1575 3948 sed

305 3951 390 3998 vjus
414 3953 479 4002 qui
500 3956 653 3993 naturas
680 3955 861 3996 liumanoe
886 3961 1029 3999 statum
1049 3962 1197 4011 ignoret
1213 3977 1258 4005 ac
1275 3969 1433 4009 nesciat.
1453 3972 1576 4021 cnjus

306 4014 359 4052 rei
378 4015 549 4055 validum
572 4020 630 4057 est
645 4018 943 4070 documentum,
961 4025 1064 4073 quod
1081 4037 1216 4067 omnes
1235 4029 1410 4071 homines
1422 4045 1575 4083 ,quum

308 4078 520 4124 wtentiam
542 4081 645 4120 nacti
663 4085 756 4121 sunt
771 4084 865 4123 satis
882 4095 1084 4137 magnam,
1102 4091 1149 4127 ad
1171 4087 1375 4139 corporeas
1391 4097 1575 4147 volupta-

308 4142 363 4175 ios
384 4141 418 4177 s·
409 4144 570 4191 rantur,
592 4146 630 4182 ot
654 4144 758 4185 bunc
776 4146 892 4186 finem
911 4159 991 4187 csse
1010 4151 1232 4192 existiment
1260 4158 1464 4206 potentiae,
1486 4161 1575 4199 reli·

307 4212 381 4248 apin
417 4200 507 4241 tom
534 4209 813 4258 [vi-opomodum
844 4211 996 4257 omnia,
1022 4216 1063 4252 ui
1093 4215 1211 4253 verbo
1242 4217 1391 4271 ‹lic-am,
1421 4222 1577 4272 insuper

1236 294 1615 347 ARISTOXEM
1651 287 1998 339 ΤΑΒΕΝΤιΝι
2055 341 2077 369 —.

1599 2453 1604 2465 ¹
1636 2424 1709 2452 του
1738 2407 1919 2470 Περσῶν
1954 2405 2189 2470 βασιλέως,
2215 2404 2326 2459 οἵους
2349 2405 2423 2453 καὶ
2451 2404 2575 2460 ὅσους
2591 2403 2691 2473 ἔχει
2719 2409 2951 2474 θεραπεύῃ

1599 2494 1603 2498 ·
1637 2496 1792 2567 τηρας,
1814 2496 1887 2524 και
1925 2497 2027 2563 περι
2059 2498 2136 2536 της
2157 2481 2243 2524 τῶν
2276 2476 2534 2544 ἀφροδισίων
2560 2480 2690 2525 αὐτοῦ
2689 2475 2819 2567 κχρη·
2898 2479 2961 2539 ‘⁴3⁴'

1600 3081 1605 3123 ι
1640 3076 1679 3112 et
1702 3063 1792 3123 jure
1827 3072 1990 3123 quidem
2022 3073 2174 3123 optimo
2209 3089 2217 3112 ε
2243 3073 2379 3112 statim
2404 3065 2508 3117 enim
2536 3071 2727 3112 diuturna
2753 3070 2937 3122 ‘voluptas

1634 394 1730 442 οὔτε
1753 392 1977 456 ἔμφρονος,
2001 385 2096 434 οὔτε
2118 384 2347 447 εὖτυχουςῑ,
2367 381 2462 435 οὔτε
2490 380 2691 436 ξυνιεντος
2707 375 2815 432 εἶναι
2829 422 2842 444 ,
2860 383 2923 440 τίς
2966 406 2970 408 ·

1634 484 1737 512 ποτε
1761 462 1873 509 ἐστιν
1891 464 1918 517 ἡ
1938 462 2014 515 τῆς
2038 456 2304 531 ἀνθρωπίνης
2320 454 2486 520 φύσεως
2501 453 2725 509 σύστασις,
2746 454 2922 518 Τεκμή-
2958 515 2965 526 ‚-

1637 554 1723 599 ριον
1767 534 1805 580 δ’
1840 529 2014 594 ἰσχυρὸν
2050 532 2184 585 εἰναι,
2220 526 2270 573 τὸ
2303 527 2470 579 πάντας
2501 524 2774 591 ἀνθρώπους,
2817 529 2922 575 ὅταν
2943 531 2966 593 ’“

1635 605 1823 661 εξουσίας
1846 599 2136 650 ἐπιλάὸωνται
2155 597 2329 661 μέγεθος
2353 597 2584 662 ἀξιόχρεων
2610 598 2828 690 χούσης,ἐ
2849 598 2974 660 ἐπὶ
2948 594 2966 624 ⁴

1634 681 1709 732 τὰς
1727 673 1976 738 σωματικὰς
1998 671 2153 729 ἡδονὰς
2180 670 2527 737 καταφέρεσθαι,
2551 673 2625 718 καὶ
2656 691 2782 720 τουτο
2803 671 2950 734 νομί·
2966 709 2969 714 .

1639 754 1722 806 ζειν
1744 748 1863 801 τέλος
1886 751 1994 793 εἰναι
2021 763 2098 800 της
2115 742 2330 797 ἐξουσίας·
2352 742 2406 789 τὰ
2433 743 2478 790 δὲ
2499 741 2614 790 ἄλλα
2636 743 2780 792 πάντα
2802 752 2926 814 ext-.-
2944 743 2973 766 ‘⁴‘

1636 821 1706 868 δὸν
1728 821 1875 872 ἁπλῶς
1891 820 2022 864 ειπεῖν
2041 818 2083 862 ἓν
2098 815 2318 907 παρέργου
2335 814 2524 863 τίθεσθαι
2539 815 2680 880 χώρα.
2750 817 2964 883 Προφί-

1638 912 1722 958 ρειν
1741 890 1844 938 δὲ””
1803 909 1938 945 εςεστι
1963 894 2033 935 νῦν
2059 890 2136 948 μὲν
2166 887 2260 941 τοὺς
2278 890 2460 951 Περσῶν
2480 889 2692 952 βασιλεις,
2713 887 2789 936 καὶ
2804 887 2846 936 εἴ
2863 887 2932 945 1·ίρ

1635 982 1718 1010 που
1738 960 1980 1026 τυραννίδος
2002 958 2224 1022 ἀξιολόγου
2250 958 2393 1027 κύριος
2422 956 2481 1006 ὢν
2505 958 2735 1022 τυγχάνει·
2765 958 2928 1022 πρότι-

1639 1055 1708 1099 ρον
1725 1034 1770 1081 δὲ
1787 1033 1880 1086 τούς
1899 1051 1944 1079 τε
1970 1032 2120 1080 Λυδῶν
2145 1031 2219 1078 καὶ
2235 1035 2320 1078 τῶν
2340 1029 2527 1089 Μήδων,
2539 1031 2615 1078 καὶ
2630 1031 2694 1079 ἔτι
2714 1031 2972 1098 ἀνώτερον,’ᾕ’

1636 1106 1710 1153 καὶ
1733 1104 1828 1158 τους
1847 1103 2022 1169 Σύρων·
2042 1108 2104 1156 οἱς
2120 1103 2238 1150 οὐδὲν
2242 1103 2374 1167 γένος
2395 1105 2548 1162 ἠδονης
2571 1103 2781 1164 ἀζήτητον
2803 1102 2974 1168 γενὶὴὶ

1637 1182 1759 1236 σθαι,
1787 1174 1899 1224 ἀλλὰ
1930 1174 2004 1222 καὶ
2036 1177 2151 1240 δῶρα
2179 1174 2300 1239 παρὰ
2332 1175 2426 1228 τ”οἶς
2452 1173 2643 1240 Πέρσαις
2672 1176 2950 1243 προκεῖσθαι

1637 1250 1805 1311 λέγεται
1822 1251 1907 1301 τοῒς
1926 1242 2174 1309 δυναμένοις
2199 1246 2454 1311 ἐξευρίσκειν
2478 1247 2632 1306 καινὴν
2646 1247 2825 1306 ἡδονήν·
2849 1246 2938 1299 ’καὶ

1639 1321 1756 1385 μάλα
1776 1324 1921 1383 ὀρθῶς.
1942 1324 1983 1369 Γ
1987 1339 2071 1384 αχυ
2086 1319 2175 1385 γὰρ
2195 1324 2222 1378 ἡ
2247 1321 2490 1394 ἀνθρωπίνη
2508 1319 2629 1385 φύσις
2655 1321 2950 1381 ἐμπίπλαται
2967 1316 2969 1318 ’

1639 1415 1724 1441 των
1760 1396 2047 1459 χρονιζουσῶν
2076 1393 2258 1451 ἡδονῶν,
2291 1392 2371 1440 κᾶν
2396 1395 2478 1440 ὠσι
2508 1393 2671 1460 σφόδρα
2696 1391 2955 1462 διηκριὸψτ

1639 1466 1781 1529 μέναι·
1820 1484 1958 1522 ωστε,
1999 1464 2091 1512 ἐπει
2121 1466 2313 1528 μεγάλην
2347 1463 2439 1529 ἔχει
2470 1465 2649 1528 δύναμιν
2673 1468 2704 1522 ἡ
2730 1463 2963 1534 καινότης

1638 1538 1742 1602 πρὸς
1776 1538 1825 1586 τὸ
1861 1537 1994 1599 μείζω
2017 1541 2202 1603 φανῆναι
2226 1536 2302 1594 τὴν
2337 1537 2509 1599 ἡδονὴν,
2535 1539 2612 1586 οὔκ
2634 1529 2954 1602 ὃλιγωρητέοιι

1638 1604 1729 1671 οῧν,
1767 1609 1880 1656 ἀλλὰ
1912 1610 2076 1666 πολλὴν
2114 1609 2362 1671 ἐπιμέλειαν
2397 1611 2530 1667 αὐτῆς
2561 1608 2775 1666 ποιητέον.
2844 1607 2950 1657 Διὰ

1639 1682 1797 1741 ταύτην
1818 1682 1861 1729 δὲ
1883 1681 1961 1739 τὴν
1982 1682 2123 1729 αἰτίαν
2139 1681 2282 1730 πολλὰ
2298 1681 2376 1745 μὲν
2396 1681 2665 1748 ἐξευρεθῆναι
2685 1679 2928 1748 βρωμάτων

1642 1753 1762 1816 εἴδη,
1784 1754 1926 1802 πολλὰ
1945 1755 1996 1817 ,δὲ
2019 1754 2284 1817 πεμμάτων,
2307 1753 2448 1802 πολλὰ
2473 1754 2518 1802 δὲ
2545 1753 2946 1818 θυμιαμάτωνκαὶ·

1641 1826 1806 1891 μύρων,
1830 1825 1974 1873 πολλὰ
2009 1826 2093 1873 δὲε
2083 1826 2266 1889 ιματίων
2290 1827 2365 1874 καὶ
2389 1826 2675 1897 στρωμάτων,
2695 1826 2772 1878 καὶ
2796 1836 2938 1886 ποτ-η’,-

1642 1898 1741 1963 ρίων
1767 1898 1845 1960 δὴ,
1865 1899 1939 1947 καὶ
1958 1903 2043 1947 τῶν
2066 1874 2208 1947 ἄλλοιν
2232 1903 2421 1948 σκευῶν
2446 1899 2589 1947 πάντα
2609 1898 2694 1965 γὰρ
2716 1882 2775 1957 δὴ
2793 1903 2930 1950 ταυτα

1646 1970 1978 2033 συμὸάλλεσθαί
2005 1990 2122 2026 τινας
2146 1971 2325 2032 ἡδονὰς,
2349 1964 2494 2019 δ’τανῗ
2466 1992 2493 2036 ῃ
2514 1974 2580 2029 ἠε
2565 1970 2825 2034 υποκειμένη
2847 1966 2949 2034 ,ὕλῃ

1638 2046 1721 2112 ‘³⁸5³‘
1748 2043 2128 2106 θαυμαζομένων<
2112 2043 2196 2104 υπὸ
2231 2064 2308 2101 της
2333 2042 2600 2109 ἀνθρωπίνης
2623 2041 2811 2109 φύσεως·
2831 2039 2855 2090 ὃ
2877 2037 2948 2101 ὃῇἷὲ

1638 2115 1894 2163 πεπονθέναι
1934 2117 2048 2163 δοκεῖ
2081 2116 2105 2163 ὅ
2132 2137 2179 2164 τε
2211 2116 2370 2185 χρυσὸς
2404 2115 2479 2163 και
2515 2115 2720 2181 ἄργυρος,
2761 2113 2863 2163 καὶ
2851 2111 2935 2166 τὰ.

1638 2186 1779 2235 πολλὰ
1806 2207 1890 2234 των
1912 2187 2192 2254 εὐοφθάλμων
2217 2208 2264 2236 τε
2287 2188 2361 2235 καὶ
2379 2187 2592 2250 σπανίων,
2617 2186 2698 2236 ὅσα
2714 2186 2800 2234 καὶ
2813 2179 2953 2266 xoess÷

1637 2258 1712 2313 τὰς
1739 2258 2088 2323 ἀπεργαζομένας
2103 2259 2258 2324 τέχνας
2279 2259 2603 2326 διηκριὸωμένα
2623 2259 2879 2326 φαίνεται.»

1703 2330 1852 2380 Εἰπὼν
1890 2331 1935 2379 δὲ
1969 2331 2133 2387 τούτοις
2159 2332 2254 2392 ἑξῆς
2284 2332 2340 2380 τὰ
2363 2347 2478 2424 περισ
2489 2353 2566 2391 της
2595 2330 2837 2397 θεραπείας
2855 2333 2956 2430 τῇςὲ

1637 2568 1711 2596 και
1738 2570 1814 2607 της
1840 2549 1939 2614 περὶ
1959 2570 2031 2597 τον
2053 2553 2203 2615 χρῶτα
2229 2553 2360 2598 αὐτου
2382 2552 2542 2613 ὃδμης,
2561 2549 2636 2598 καὶ
2663 2569 2740 2608 της
2763 2545 2964 2615 e6poffilsft÷f

1645 2689 1831 2729 habeant.
1862 2690 2036 2729 Proferri
2059 2692 2196 2730 autem
2223 2691 2388 2740 possunt
2414 2701 2460 2730 ex
2487 2690 2535 2730 iis
2556 2690 2626 2740 qui
2643 2699 2752 2738 nunc
2765 2684 2933 2736 vivunt,
2954 2682 2956 2687 ’

1637 2765 1748 2803 reges
1769 2756 1980 2794 Persarum
1997 2755 2037 2794 et
2057 2755 2088 2794 si
2109 2753 2200 2805 quis
2215 2753 2274 2794 est
2293 2748 2395 2795 alius
2409 2754 2532 2805 ampli
2555 2753 2710 2815 imperii
2723 2751 2935 2800 dominus,

1637 2830 1660 2858 e
1680 2820 1948 2869 superioribus
1973 2831 2070 2859 vero
2097 2830 2207 2870 reges
2235 2814 2438 2869 Lydorum
2463 2821 2585 2870 atque
2612 2817 2850 2866 Μεᾶοιιιιιι·,
2869 2812 2934 2854 vel

1639 2883 1758 2929 etiam
1783 2883 2021 2922 vetustiores
2044 2885 2262 2933 Syrorum,
2281 2883 2427 2932 quibus
2446 2885 2564 2922 omne
2581 2879 2799 2932 voluptatis
2812 2880 2936 2931 genus

1638 2947 1837 2986 tentatum
1855 2948 1939 2998 est,
1961 2946 2060 2987 adeo
2082 2948 2127 2985 ut
2153 2946 2260 2996 apud
2284 2948 2419 2985 Persas
2437 2936 2514 2985 illis
2544 2944 2758 2996 praemium
2787 2943 2935 2983 oonsu-

1640 3012 1849 3059 tueretur,
1893 3009 1963 3059 qui
1990 3009 2240 3060 voluptatem
2268 3009 2441 3058 aliquam
2469 3010 2614 3048 novam
2644 3006 2934 3058 excogitat-eun

1639 3141 1826 3178 naturam
1844 3138 2050 3177 hominum
2081 3138 2221 3188 satiat,
2247 3138 2405 3177 tametsi
2430 3138 2583 3177 curiose
2601 3148 2649 3178 ac
2679 3135 2818 3177 sedulo
2829 3144 2936 3241 Q

1640 3201 1787 3252 quisita
1821 3202 1954 3242 suerit.
1998 3205 2249 3253 Quapropter
2279 3213 2407 3253 quum
2449 3201 2627 3242 maxima
2652 3200 2719 3240 vis
2747 3198 2891 3259 nov(-⁸

1640 3260 1712 3318 sit,
1749 3267 2028 3317 jucundiorem
2068 3269 2113 3307 ut
2150 3278 2234 3307 esse
2276 3267 2524 3318 voluptatem
2552 3269 2634 3306 'nos
2677 3254 2918 3306 arbitremur

1641 3345 1686 3374 ea
1702 3326 1782 3372 non
1803 3334 1863 3373 est
1876 3332 2123 3383 aspernanda
2135 3363 2146 3382 ,
2163 3332 2233 3372 sed
2248 3342 2406 3372 summa
2424 3330 2627 3383 diligentia
2642 3326 2910 3428 investiganda

1641 3397 1861 3447 praesertim
1881 3409 2005 3448 quum
2032 3397 2116 3448 ejus
2128 3397 2321 3438 desiderio
2338 3397 2465 3437 multa
2478 3396 2594 3437 nobis
2614 3395 2762 3437 cibaria
2795 3446 2800 3450 ᾖ
2845 3439 2870 3451 Ι
2917 3419 2920 3426 ·

1643 3461 1810 3510 suerint,
1824 3461 1952 3501 multa
1964 3461 2148 3512 bellaria,
2162 3461 2321 3501 suffitus
2332 3460 2455 3509 varii,
2472 3461 2675 3515 unguenta
2685 3469 2767 3501 non
2729 3458 2908 3564 ,Ἄραψ

1642 3527 1899 3576 vestimenta,
1917 3527 2112 3577 stragula,
2144 3526 2310 3576 pocula,
2330 3527 2371 3566 et
2399 3525 2488 3566 aliae
2509 3525 2550 3565 id
2577 3526 2792 3583 genusres
2812 3531 2911 3575 ·qu·

1642 3590 1691 3629 ad
1730 3590 1977 3641 voluptatem
2010 3590 2144 3630 omnia
2183 3589 2439 3640 conducunt,
2474 3599 2600 3640 quum
2633 3585 2740 3628 illius
2769 3585 2909 3628 mabri

1643 3657 1703 3694 est
1721 3654 1938 3704 ejusmodi,
1966 3655 2012 3693 ut
2045 3665 2134 3693 eam
2163 3655 2306 3693 natura
2333 3653 2503 3693 hominis
2520 3646 2783 3698 admiratione
2801 3660 2874 3706 p

1644 3720 1805 3768 quatur,
1831 3717 1941 3767 quod
1957 3716 2119 3757 videtur
2148 3718 2190 3756 in
2212 3727 2312 3756 auro
2339 3717 2380 3756 et
2401 3717 2564 3766 argento
2582 3713 2792 3766 contigisse
2806 3741 2821 3764 ‚
2875 3734 2877 3743 ι
2902 3729 2906 3746 ι

1644 3780 1765 3820 etiam
1784 3780 1826 3819 in
1840 3780 1993 3828 multis,
2012 3790 2104 3830 quae
2124 3791 2215 3819 rara
2240 3781 2359 3830 sunt,
2376 3781 2417 3819 et
2435 3779 2560 3819 oculis
2574 3778 2760 3830 placent,
2777 3772 2863 3819 et

1644 3843 1842 3883 artificum
1865 3853 1984 3894 opera
1997 3843 2161 3883 solerter
2177 3843 2378 3883 elaborata
2396 3837 2755 3894 conspiciuntur.»

1696 3908 1791 3947 Post
1809 3907 1896 3947 haec
1916 3906 2021 3946 fatus
2035 3907 2164 3946 multa
2180 3906 2230 3964 de
2245 3907 2344 3958 regis
2361 3909 2571 3946 Persarum
2597 3904 2707 3946 cultu
2720 3913 2824 3969 ,qna
2848 3920 2874 3938 ---·

1645 3972 1745 4022 quot
1765 3970 1799 4011 ei
1819 3970 2069 4020 ministrent,
2089 3971 2130 4010 in
2148 3959 2302 4012 Venere
2317 3983 2398 4022 quo
2419 3972 2539 4022 pacto
2560 3980 2603 4010 se
2620 3969 2753 4020 gerat,
2760 3964 2843 4008 'sna

1645 4035 1808 4075 odorem
1821 4046 1902 4085 quo
1913 4035 2031 4074 modo
2046 4035 2119 4076 sibi
2129 4036 2311 4076 conciliet
2315 4040 2461 4088 ,quam
2477 4033 2634 4076 tuendoe
2647 4026 2783 4074 formae
2797 4033 2868 4072 c‘u

1647 4098 1853 4148 adhibeat,
1871 4108 1962 4148 quae
1987 4098 2038 4138 sit
2057 4098 2144 4148 ejus
2172 4109 2265 4138 cum
2281 4100 2368 4141 aliis
2390 4096 2661 4149 consuetudo,
2681 4091 2871 4147 qulbus

1648 4162 1813 4202 ctaculis
1837 4164 1876 4203 et
1907 4162 2158 4203 sermonibus
2187 4163 2445 4213 exhilaretur,
2482 4161 2666 4203 omnium
2691 4159 2858 4204 homin

1647 4237 1746 4276 quos
1766 4227 1871 4265 terra
1902 4226 2089 4275 sustinet,
2123 4226 2235 4267 illum
2267 4238 2350 4268 esse
2380 4226 2652 4272 beatissimum
2681 4222 2811 4272 dixit,
2853 4277 2857 4283 ι
