3016 4628
13 466 45 525 οἱ

35 1198 37 1201 Α
111 1225 295 1287 μχθῆναι.
322 1224 503 1269 Deinde
527 1239 626 1283 cap.
671 1239 728 1280 27
757 1224 871 1269 dicit
897 1242 906 1268 :

104 2560 107 2563 Δ
179 2536 413 2583 Plutarch.
440 2537 572 2582 Thes.
604 2553 664 2596 29
705 2553 715 2581 z

1250 258 1653 305 FRAGMENTA.
2703 277 2761 316 33

198 366 483 410 1.0cussensu
502 372 641 408 earet.
661 363 966 408 scribendum
985 380 1294 423 proponerem
1314 366 1408 419 Θη·

130 434 207 481 σεά
239 434 489 492 ἀποὸαλεῒν,
521 435 690 479 deinde
714 432 740 489 ἢ
765 431 946 497 πρέσὸιν
985 452 1025 480 κ.
1064 453 1106 482 τ.
1142 437 1184 483 λ.
1222 437 1280 480 de
1313 440 1411 481 An—

130 509 255 567 tiope
274 509 574 567 intelligerem
597 507 707 550 belli
724 507 1037 566 componendi
1056 510 1251 552 causatu
1270 508 1408 551 Ama-

126 588 467 624 zonumcastra
489 578 720 638 prosecta,
749 579 919 623 deinde
938 595 1118 624 reversa
1146 597 1252 624 cum
1276 582 1411 626 donis

66 648 73 661 ⁸
125 660 173 696 et
189 652 314 710 pacis
333 650 702 705 conditionibus,
729 666 926 709 quarum
946 667 1038 695 una
1055 652 1232 708 fuisset,
1252 662 1303 696 ut
1319 655 1410 697 An-

125 723 286 782 tiopen
309 723 503 766 Theseus
522 721 790 766 dimitteret.
814 726 875 768 At
897 739 1063 767 vereor
1082 740 1140 768 ne
1160 725 1410 783 perdamus

50 787 54 793 ¹
75 791 78 795 ’
125 809 332 854 operam.
352 795 494 838 Totus
525 794 646 838 loeus
668 792 848 838 fluxisse
867 795 1053 839 videtur
1076 811 1133 839 cx
1157 798 1405 840 Plutarcho

34 912 58 934 3
90 886 93 887 ⁷
124 866 277 910 obiter
306 867 537 924 inspect03
573 867 654 923 qui
684 867 733 908 in
763 867 952 921 Theseo.
983 882 1024 910 c.
1052 868 1111 912 26
1133 869 1284 912 statim
1304 879 1408 928 post

124 937 359 982 Herodori
386 937 696 996 fragmentum
725 937 869 981 modo
894 939 1171 998 ascriptum,
1205 955 1230 983 e
1263 941 1408 984 Bione

121 1017 276 1053 narrat
295 1010 530 1068 Antiopen
552 1024 649 1051 non
672 1008 837 1068 fugisse
860 1010 1084 1055 Theseum
1103 1009 1407 1073 προσὸαλόντα

121 1081 174 1143 τῇ
186 1077 326 1143 χώρᾳ,
349 1078 460 1125 ἀλλὰ
477 1077 550 1124 καὶ
565 1077 675 1133 ξένια
694 1077 896 1140 πέμπειν,
910 1078 981 1126 τὸν
1000 1081 1043 1126 δὲ
1057 1081 1133 1138 τὴν
1149 1081 1406 1144 κομίζουσαν

121 1149 306 1211 ἕμὸἢναι
329 1151 596 1214 παρακαλεῖν
628 1152 686 1203 εἷς
717 1149 765 1196 τὸ
799 1152 970 1198 πλοῖον·
1005 1152 1201 1215 ε’μὸοίσης
1229 1152 1273 1199 δὲ
1298 1157 1406 1199 ἀνα-

939 1221 1078 1272 Ἔνιοι
1103 1223 1274 1290 δέφασι
1297 1222 1406 1286 μετὰ

119 1299 192 1342 τοῦ
215 1292 397 1353 Θησέως
412 1293 662 1357 μαχομένην
678 1295 823 1342 πεσεῖν
843 1294 921 1352 τὴν
945 1295 1164 1361 ἄνθρωπον
1181 1296 1264 1343 ὑπὸ
1287 1298 1405 1344 Μολ-

118 1365 277 1420 παδίας
299 1368 632 1414 ἀκοντισθεῖσαν.
658 1371 767 1417 Haec
790 1384 873 1413 suo
897 1385 1029 1415 more
1053 1371 1102 1414 in
1119 1386 1266 1414 unum
1289 1373 1406 1415 Tze-

120 1449 209 1484 tzes
232 1442 584 1501 conglutinavit.
613 1440 741 1486 ldem
764 1442 886 1485 valet
906 1442 965 1486 de
987 1443 1302 1500 sequentibus.

184 1513 363 1557 Tzetzes
382 1512 442 1556 ad
462 1513 710 1558 Antehom.
734 1527 782 1571 p.
813 1512 906 1557 238
928 1513 1002 1560 ed.
1022 1514 1206 1558 Jacobs.
1232 1531 1241 1558 ε
1267 1511 1403 1576 Ἡρό-

116 1583 249 1645 δωρος
276 1584 507 1645 (corrupt.
535 1581 784 1646 ‘H963010;)
805 1585 826 1629 ὃ
847 1583 1054 1638 Ποντικὸς
1073 1583 1147 1631 καὶ
1173 1584 1400 1649 Μενεκρά-

117 1675 194 1714 της
217 1659 238 1703 ὁ
262 1654 359 1719 περὶ
383 1654 567 1709 Νικαίας
590 1654 821 1719 ἱστορήσας
858 1659 934 1713 τῆς
973 1657 1050 1719 [ἐν
1086 1657 1288 1722 Βιθυνία]
1320 1657 1403 1704 πό-

117 1729 224 1782 λεως
247 1728 429 1793 ἱστορεῖ,
455 1730 512 1780 ὡς
535 1726 707 1784 Θησεὺς
731 1727 841 1791 ἔχων
866 1727 944 1786 τὴν
961 1729 1188 1789 Ἀντιόπην
1207 1730 1282 1778 καὶ
1306 1729 1404 1795 περὶ

115 1801 212 1855 τοὺς
236 1803 278 1848 ἐν
299 1799 458 1864 Νικαίᾳ
486 1799 670 1864 διέτριψε
695 1799 863 1863 τόπους,
887 1820 929 1848 κ.
952 1821 995 1850 τ.
1022 1801 1066 1850 λ.

182 1878 291 1920 Haee
325 1876 612 1936 negligenter
656 1877 883 1934 exscripta
924 1885 1030 1920 sunt
1051 1891 1120 1920 ·ex
1166 1877 1402 1922 Plutarch.

117 1948 250 1992 Thes.
274 1964 314 1991 e.
343 1947 428 2003 26,
458 1948 542 1991 ubi
565 1962 618 1991 ea
639 1962 739 2005 quae
768 1963 824 1991 ex
842 1950 1104 1993 Menecrate
1137 1958 1401 2004 narrantur,

115 2020 336 2080 praeeedit
357 2020 486 2065 locus
503 2018 743 2064 Herodori
771 2034 910 2079 supra
940 2021 1179 2079 ascriptus.
1201 2021 1403 2065 Omnino

117 2091 388 2140 Herodorus
410 2106 482 2135 res
497 2091 658 2134 Thesei
676 2092 859 2135 nonnisi
880 2091 1031 2136 obiter
1059 2092 1253 2151 tetigisse
1272 2091 1406 2136 vide-

117 2172 209 2220 tur,
232 2179 287 2208 eo
307 2165 529 2218 maxime,
557 2164 744 2223 opinor,
764 2164 960 2208 consilio
979 2172 1032 2207 ut
1050 2165 1228 2208 Atticos
1248 2164 1401 2223 impu-

52 2264 55 2266 -
113 2244 301 2296 gnaret,
332 2236 415 2294 qui
446 2236 495 2279 in
529 2237 726 2295 gloriam
749 2237 870 2296 regis
905 2236 1196 2280 Atheniensis
1226 2246 1403 2280 veteres

114 2307 312 2364 fabulas,
352 2309 563 2367 inprimis
606 2309 844 2364 Herculis,
896 2308 1274 2353 adulteraverint.
1329 2309 1398 2354 Cf.

116 2378 173 2426 fr.
205 2379 283 2431 34.

723 2460 796 2502 17.
1160 2503 1166 2510 ἠ

763 2536 945 2583 Πολλῶν
976 2534 1020 2582 δὲ
1058 2534 1154 2582 τότε
1184 2538 1270 2589 τοῖς
1306 2535 1401 2600 ἀρί-

113 2625 228 2659 στοις
252 2605 676 2668 ἄθλο)ν’γενομένων,
700 2605 947 2671 εΗρόδωρος
974 2607 1052 2670 μὲν
1080 2607 1242 2661 οὐδενὸς
1268 2607 1401 2655 οἴεται

42 2691 45 2695 “
111 2676 183 2724 τὸν
208 2677 362 2735 Θησέα
387 2679 643 2742 μετασχεῖν,
666 2678 778 2725 ἀλλὰ
800 2678 941 2741 μόνοις
961 2679 1178 2733 Λαπίθαις
1193 2683 1269 2737 τῆς
1293 2683 1401 2728 Κεν-

111 2750 421 2814 ταυρομαχίας.
444 2753 511 2799 Cf.
540 2747 598 2796 fi.
621 2752 699 2805 34.

177 2825 340 2868 Paullo
363 2833 470 2883 post
488 2825 799 2870 Plutarchus.
827 2823 1069 2890 Φιλόχορος
1093 2823 1137 2871 δε
1165 2823 1238 2871 καὶ
1264 2843 1396 2871 σπον-

113 2892 188 2947 δὰς
210 2912 307 2974 περι
330 2913 488 2958 νεκρων
513 2893 767 2958 ἀναιρέσεως
799 2897 995 2957 γενέσθαι
1021 2895 1193 2981 πρώτας
1218 2896 1398 2951 ἐκείνας·

113 2957 178 3006 ὅτι
199 2957 243 3006 δὲ
274 2958 497 3024 Ἥρακλης
519 2962 686 3024 πρῶτος
716 2960 912 3020 ἀπέδωκε
941 2961 1113 3027 νεκρους
1145 2965 1232 3016 τοῖς
1265 2964 1396 3009 πολε-

113 3029 265 3094 μίοις’
246 3049 288 3078 εν
311 3031 398 3084 τοῖς
418 3050 516 3096 περι
541 3030 803 3098 Ἡρακλέους
827 3033 1083 3100 γέγραπται.
1114 3031 1289 3081 Eadem
1306 3047 1397 3082 tra-

112 3104 284 3150 diderit
318 3105 616 3162 Hemdorus,
656 3122 795 3166 quem
830 3110 1101 3154 Plutarchus
1133 3110 1182 3152 in
1213 3111 1304 3154 suis
1338 3110 1397 3155 de

113 3174 311 3222 Hercule
333 3177 463 3225 libris
484 3193 583 3220 non
605 3179 855 3238 neglexisse
877 3180 1082 3237 videtur,
1110 3183 1176 3225 uti
1202 3193 1397 3227 monent

68 3294 75 3298 ,
112 3250 312 3296 Heeren.
331 3251 401 3296 De
424 3249 560 3293 fontt.
582 3249 708 3297 Plut.
739 3267 787 3311 p.
822 3267 876 3310 17
898 3263 945 3297 et
969 3254 1152 3301 Miiller.
1179 3255 1290 3299 Dor.
1322 3257 1392 3311 ΙΙ,

99 3334 158 3380 ,p.
171 3320 280 3374 464.
291 3321 420 3367 Idem
429 3322 651 3365 Miillerus
663 3324 967 3369 Herodorum
981 3341 1086 3369 cum
1097 3327 1394 3386 expeditione

46 3438 50 3440 ,
99 3405 155 3454 ,0.
169 3394 323 3437 Amaz.
339 3392 627 3450 conjunxisse
642 3404 775 3453 putat
786 3397 1040 3444 Cerberum
1052 3398 1112 3442 ad
1125 3401 1395 3444 Heracleam

79 3474 82 3475 ’
101 3464 320 3510 ex⁸0rco
355 3474 663 3524 protractum.
708 3469 794 3512 Rei
818 3469 990 3514 indicia
1030 3485 1118 3530 ego
1159 3471 1390 3516 desidero.

103 3535 250 3594 Apud
285 3537 630 3596 Apollodorum
663 3539 866 3584 Cerbero
913 3542 964 3584 in
1001 3543 1152 3586 lucem
1189 3542 1394 3588 adducto

112 3605 331 3666 Hercules
366 3610 528 3655 seriem
564 3625 875 3655 aerumnarum
911 3614 1240 3659 exantlaverat.
1285 3616 1395 3672 Quae

1486 367 1731 410 adornatio
1753 370 1935 427 egregie
1952 373 2168 414 convenit
2197 376 2484 419 Heraclceusi
2512 379 2636 433 viro,
2661 379 2768 422 hinc

1486 454 1676 497 quoque
1695 440 1941 498 gloriolam
1963 443 2123 499 patriae
2141 458 2397 502 aspersuro.

2098 546 2171 592 18.

1551 644 1624 688 Ab
1653 646 1962 690 Amazonibus
1986 647 2170 690 rediens
2201 650 2260 691 H.
2295 649 2478 706 'frojam
2504 654 2650 707 venit,
2690 654 2771 696 ubi

1485 717 1651 760 liberat
1671 716 1812 760 filiam
1832 719 2173 763 Laodamantis.

1551 791 1731 833 Tzetzes
1755 790 1986 849 Lycoplir.
2017 790 2107 834 522
2134 808 2144 834 ε
2172 789 2411 855 Ἡρόδωρος
2438 793 2566 853 (libri
2591 792 2772 857 Ἡρόδο-

1483 860 1577 921 τος)
1599 857 1643 905 δὲ
1659 860 1752 913 ταῖς
1776 860 1991 917 ἀληθείαις
2007 860 2053 906 οὔ
2072 880 2175 926 φησι
2188 862 2375 924 τειχίσαι
2393 863 2468 919 τὴν
2489 865 2610 910 πόλιν
2630 870 2771 925 (Tro-

1477 932 1600 993 jam)
1648 932 1894 979 Ποσειδῶνα
1931 932 2005 978 καὶ
2039 930 2307 992 Ἀπόλλωνα,
2342 934 2454 981 ἀλλὰ
2492 937 2770 999 Λαομέδοντα

1482 1002 1691 1066 χρήματα
1716 1002 2006 1065 καταθέμενον
2033 1007 2080 1052 ἐκ
2104 1010 2178 1064 τῆς
2203 1007 2348 1060 θυσίας
2368 1010 2524 1067 αὐτῶν,
2549 1011 2771 1057 ἀναλῶσαι

1482 1079 1620 1121 ταῦτα
1640 1077 1697 1128 εἷς
1716 1074 1793 1133 τὴν
1817 1081 1892 1123 τοῦ
1916 1096 1960 1123 τε
1965 1096 1977 1122 ι
1980 1097 2083 1140 χους
2105 1078 2392 1136 κατασκευήν.

1550 1149 1590 1194 'l
1594 1147 1752 1211 ειχίσαι
1774 1151 1930 1210 scripsi
1946 1167 2032 1210 pro
2050 1153 2234 1212 vulgata
2250 1152 2412 1200 κτίσαι.
2441 1155 2507 1199 Cf.
2535 1158 2766 1215 Anonym.

1483 1223 1552 1265 De
1577 1222 1813 1266 Incredib.
1835 1238 1875 1266 c.
1899 1227 1962 1275 4:
1987 1213 2117 1269 ”llv
2098 1241 2141 1268 εν
2163 1226 2216 1284 τῇ
2238 1222 2453 1288 ἀκροπόλε
2435 1224 2599 1289 ιὶερὸν
2618 1226 2770 1273 ’-Απο’λ

1482 1292 1612 1346 λωνος
1637 1310 1711 1338 και
1727 1293 2037 1346 Ποσειδῶνος
2015 1307 2137 1359 οιαφε
2121 1294 2296 1381 ρόντως
2309 1295 2566 1358 τιμώμενον·
2586 1297 2677 1344 ὅθεν
2699 1317 2771 1344 συ-

1482 1364 1567 1409 λῶν
1589 1367 1611 1411 ὁ
1628 1364 1867 1427 Λαομέδων
1891 1364 2096 1422 ἀνήλισκε
2116 1365 2169 1412 τὰ
2189 1366 2397 1430 χρήματα
2423 1369 2479 1421 εἰς
2499 1366 2575 1425 τὴν
2595 1373 2668 1416 τοῦ
2691 1370 2773 1416 τεί-

1481 1453 1584 1498 χους
1606 1435 1892 1493 κατασκευήν.
1913 1439 2087 1483 Eadem
2103 1441 2287 1484 Servius
2307 1441 2367 1485 ad
2387 1440 2488 1486 AEn.
2509 1444 2547 1496 Ι,
2569 1443 2595 1487 6
2608 1459 2679 1490 10.
2699 1444 2767 1488 Cf.

1482 1511 1690 1556 Lobeck.
1711 1512 1942 1571 Aglaoph.
1966 1527 2013 1572 p.
2037 1511 2145 1558 268.

2085 1629 2161 1673 19.

1547 1711 1702 1756 Schol.
1724 1711 1916 1756 Hesiod.
1936 1714 2025 1773 Op.
2053 1721 2099 1757 et
2128 1714 2238 1758 Dies
2258 1722 2311 1759 41
2338 1729 2349 1760 :
2379 1712 2610 1775 Μέμνηται
2632 1714 2676 1760 δὲ
2696 1719 2771 1773 τῆς

1483 1779 1639 1843 ἀλίμου
1653 1781 1726 1828 καὶ
1745 1781 1985 1848 (Ηρόδωρος
2004 1783 2151 1848 (liber
2171 1783 2422 1849 Ἡρόδοτος)
2448 1787 2491 1832 ἐν
2508 1789 2568 1851 τῷ
2586 1785 2770 1853 πέμπτῳ

1480 1857 1552 1899 τοῦ
1589 1856 1683 1906 καθ’
1710 1853 1930 1915 Ἡρακλέα
1954 1855 2081 1918 λόγου
2105 1855 2179 1902 καὶ
2204 1856 2391 1904 Πλάτων
2417 1859 2459 1904 ἐν
2494 1859 2534 1922 γ’
2560 1862 2644 1906 τῶν
2678 1861 2771 1909 Νό-

1482 1944 1574 1987 μων
1596 1927 1705 1986 (lib.
1729 1931 1799 1973 Ill
1820 1931 1921 1976 init.
1942 1929 1977 1991 ).

1546 2000 1702 2043 Alimo
1750 2002 1844 2045 sive
1879 2001 2048 2045 famem
2080 2011 2266 2046 arcente
2302 2004 2494 2048 materia
2521 2020 2576 2050 ex
2611 2007 2771 2050 malvis

1481 2079 1527 2116 et
1549 2072 1810 2131 asphodelis
1826 2075 2080 2133 composita
2102 2073 2173 2135 (V.
2195 2075 2352 2134 Steph.
2375 2077 2508 2120 Thes.
2530 2093 2566 2121 s.
2586 2094 2630 2121 v.
2652 2075 2769 2124 Ἀλι·

1481 2161 1581 2203 μος,
1601 2141 1775 2207 Ἄδιψος
1790 2180 1803 2204 ,
1822 2143 2020 2208 Μαλοίχη
2034 2182 2049 2209 ‚
2066 2155 2112 2191 et
2131 2149 2266 2192 Pselli
2282 2148 2446 2209 fragm.
2472 2166 2545 2209 ap.
2564 2153 2771 2195 VVester—

1480 2229 1636 2262 mann.
1661 2219 1975 2280 Paradoxogr.
1998 2235 2045 2279 p.
2077 2216 2190 2280 143)
2208 2221 2461 2265 utebantur
2477 2225 2772 2282 Epimenides

1484 2289 1555 2348 (v.
1579 2292 1860 2350 Hermippus
1875 2292 2040 2351 fragm.
2065 2300 2109 2336 et
2129 2293 2363 2337 Plutarch.
2387 2294 2580 2338 Conviv.
2606 2311 2645 2339 c.
2675 2294 2767 2358 14),

1479 2363 1762 2422 Pythagoras
1789 2362 2038 2422 (Porphyr.
2078 2378 2119 2407 c.
2159 2362 2217 2417 54
2238 2363 2251 2424 )
2295 2364 2484 2424 ejusque
2521 2377 2770 2413 sectatores

1481 2433 1496 2494 (
1509 2435 1677 2482 Athen.
1697 2450 1743 2493 p.
1771 2435 1877 2491 161,
1904 2435 1984 2495 A).
2007 2438 2076 2479 De
2091 2437 2392 2482 sanctimonia
2407 2440 2662 2485 malvarum
2685 2443 2770 2500 (ex

1479 2506 1848 2567 heliotropiorum
1870 2505 2060 2570 genere)
2080 2517 2242 2568 utpote
2260 2512 2534 2572 σημαντριῶν
2554 2513 2639 2557 τῶν
2655 2530 2770 2573 συμ-

1478 2581 1665 2624 παθειῶν
1682 2578 1887 2642 οὐρανίων
1908 2577 2013 2642 πρὸς
2030 2578 2198 2641 ἐπίγεια
2215 2582 2350 2640 plura
2371 2598 2427 2627 ex
2450 2585 2642 2646 Pythag.
2664 2587 2769 2645 pla-

1478 2652 1578 2695 citis
1598 2652 1800 2711 disputat
1822 2653 2030 2697 Lobeck.
2051 2655 2156 2713 Agl.
2178 2669 2229 2712 p.
2254 2653 2365 2714 899.
2389 2685 2444 2691 -—
2460 2658 2582 2700 Num
2603 2657 2663 2701 ad
2681 2659 2769 2701 ho-

1476 2738 1581 2767 rum
1596 2725 1986 2784 philosophorum
2002 2727 2265 2785 exemplum
2278 2728 2528 2772 Herculem
2548 2730 2769 2774 Herodo-

1473 2810 1553 2839 rus
1564 2796 1825 2841 efformavit
1836 2831 1848 2852 ‚
1860 2797 2097 2857 indignam
2109 2798 2253 2842 heroe
2267 2799 2421 2857 patrio
2433 2815 2620 2845 censens
2629 2817 2769 2860 quam

1475 2869 1616 2928 vulgo
1639 2870 1681 2912 ei
1705 2867 1932 2929 affingunt
1954 2871 2282 2914 voracitatem?
2309 2868 2515 2916 Fortasse
2540 2889 2595 2917 ex
2614 2875 2769 2918 Hero—

1476 2939 1596 2984 doro
1621 2939 1755 2985 fluxit
1775 2942 1905 3000 quod
1927 2943 2160 3001 Porphyr.
2187 2944 2219 2986 l.
2244 2944 2275 2986 l.
2297 2959 2338 2987 c.
2365 2943 2423 2997 34
2450 2955 2639 2990 narrat:
2664 2948 2766 2991 Ali-

1473 3028 1602 3055 mum
1632 3014 1824 3057 Herculi
1848 3015 1897 3057 in
1932 3014 2110 3058 deserta
2147 3014 2304 3073 Libyae
2339 3025 2641 3074 penetraturo
2675 3034 2762 3077 pro

1472 3087 1643 3130 viatico
1668 3103 1692 3130 a
1718 3088 1884 3137 Cerere
1915 3088 2076 3131 datum
2099 3103 2209 3131 esse.
2238 3088 2329 3133 Sed
2353 3090 2498 3148 ipsam
2521 3091 2641 3135 hanc
2680 3108 2765 3135 ex—

1471 3159 1761 3218 peditionem
1783 3161 1906 3204 libro
1929 3162 2095 3219 quinto
2117 3175 2310 3205 narrare
2330 3163 2406 3205 vix
2436 3165 2591 3221 potuit
2613 3166 2766 3208 Hero-

1472 3230 1641 3289 dorus;
1667 3234 1702 3277 si
1724 3232 1913 3292 quidem
1935 3242 2060 3278 recte
2082 3248 2129 3277 se
2148 3249 2367 3279 numerus
2389 3236 2545 3281 habet.

2081 3355 2157 3386 20.

1840 3447 1877 3493 E
1912 3447 2103 3495 LlBRO
2139 3447 2399 3496 DEClMO.

1536 3545 1754 3604 Sequitur
1777 3549 1983 3592 narratio
2009 3548 2067 3592 de
2092 3550 2310 3593 armentis
2332 3550 2557 3609 Geryonis
2581 3550 2760 3611 digres-

1470 3617 1678 3662 sionibus
1696 3619 2018 3679 geographicis
2041 3620 2271 3666 distincta.

109 3695 1803 3729 —ff——ss———ss

744 3749 786 3789 7.

160 3812 413 3862 Quamquam
437 3814 565 3853 multa
590 3816 688 3854 tunc
705 3749 1040 3866 draestantissimis
1061 3817 1158 3858 viris
1180 3813 1397 3858 certamina

108 3870 243 3923 erant,
278 3875 451 3915 Theseus
484 3878 642 3926 tamen,
673 3882 719 3918 ut
754 3879 980 3920 Herodorus
1014 3880 1095 3930 ait,
1126 3882 1277 3922 nullius
1312 3885 1397 3923 erat

110 3936 323 3988 particeps,
353 3938 427 3978 nisi
449 3940 558 3990 quod
579 3952 673 3981 cum
697 3942 871 3993 Lapithis
895 3946 1034 4015 contra
1067 3947 1289 3986 Centauros
1318 3957 1396 3997 pu-

115 4000 261 4048 gnavit.
714 4059 782 4101 18

161 4120 384 4162 Herodorus
397 4124 452 4163 ait
467 4135 604 4164 revera
621 4136 701 4164 non
717 4126 847 4176 ipsum
865 4130 1092 4178 Neptunum
1115 4131 1156 4168 et
1175 4130 1395 4179 Apollinem

33 4211 38 4214 .
112 4182 270 4231 Troiam
294 4186 434 4225 urbem
456 4187 623 4228 cinxisse
649 4190 868 4241 moenihus,
899 4191 968 4231 sed
992 4192 1299 4233 Laomedontem
1323 4205 1393 4244 pe-

287 4263 520 4294 rmenii-:uu
545 4267 639 4296 unsr.
668 4269 733 4297 cn.
753 4262 828 4297 vol.
848 4270 889 4297 ιι.

1473 3751 1633 3790 cuniam
1668 3763 1720 3792 ex
1747 3753 1868 3793 sacris
1890 3764 2031 3793 eorum
2053 3755 2093 3793 in
2114 3754 2307 3794 thesauris
2333 3756 2545 3805 repositam
2562 3756 2600 3793 in
2625 3766 2760 3793 muros

1471 3815 1732 3856 exstruendos
1754 3815 2003 3867 impendisse.

2080 3900 2150 3940 19.

1522 3973 1639 4012 Alimi
1667 3971 1750 4013 sive
1780 3974 1956 4014 materiae
1977 3975 2122 4014 samem
2138 3974 2318 4024 pellentis
2339 3972 2562 4012 Herodorus
2579 3971 2757 4010 meminit

1471 4037 1573 4078 libro
1593 4038 1733 4088 quinto
1749 4037 1800 4078 de
1820 4038 1939 4078 rebus
1956 4038 2149 4078 Herculis.

2079 4119 2150 4159 20.

1523 4194 1663 4234 lberiae
1683 4196 1776 4234 sunt
1807 4194 1911 4234 dua‘.
1940 4194 2070 4234 Altera
2095 4193 2198 4232 circa
2216 4192 2417 4230 columnas
2437 4189 2669 4237 Herculeas,
2704 4187 2754 4228 ab

2582 4264 2602 4294 3
