3008 4542
146 250 163 291 s
179 245 272 285 168

172 341 285 404 γίαις
322 335 575 402 πανοικεσία
617 334 728 399 μετὰ
765 337 849 383 τῶν
891 333 1084 392 κτήσεων
1124 332 1340 396 (κτήνεων
1378 349 1466 379 em.

172 419 312 461 Buns.
327 413 344 476 )
364 414 440 459 οὐκ
465 409 665 463 ἐλάττους
686 407 949 474 μυριάδων”
922 426 1047 478 οντας
1063 406 1198 454 εἴκοσι
1221 404 1299 455 καὶ
1312 403 1469 452 τεσσά-

174 505 257 550 ρων
280 484 366 531 ἀπὸ
396 504 472 542 της
495 482 718 548 Αἰγύπτου
742 481 869 540 τὴν”
845 500 1004 547 ερημον
1029 482 1087 533 εἷς
1113 477 1275 542 Συρίαν
1297 479 1466 527 ὁδοιπο-

173 562 319 622 ρ’ἧσαι.
340 553 648 616 Φοὸουμένους
667 553 711 607 δὲ
728 551 806 611 τὴν
823 552 1057 617 Ἀσσυρίων
1077 549 1327 598 δυναστείαν
1347 549 1469 614 (τότε

170 631 253 696 γὰρ
277 629 461 694 ἐκείνους
481 631 556 685 τῆς
590 625 734 681 Ἀσίας
763 623 984 693 κρατεῖν),
1020 626 1063 671 ἐν
1087 627 1140 688 τῇ
1165 642 1238 668 νυν
1272 621 1467 687 Ἰουδαία

168 702 414 765 καλουμένῃ
441 700 524 748 πο)
528 719 564 746 ιν
585 698 1003 763 οἷκοδομησαμένους
1018 694 1247 749 τοσαύταις
1268 695 1470 760 μυριάσιν

171 775 403 840 ἀνθρώπων
427 772 709 838 ἀρκέσουσαν,
742 772 1023 837 Ἱεροσόλυμα
1051 770 1213 830 ταύτην
1234 767 1466 831 ὀνομάσαι,

242 848 329 896 Ἐν
355 846 491 909 ἄλλῃ
528 845 585 893 δέ
601 865 708 893 τινι
739 844 912 909 βίὸλῳ
934 864 1040 890 των
1066 846 1173 908 Αἰγ
1190 843 1470 890 υπτιακῶν

173 920 383 970 Μανεθὼν
404 918 530 967 τοῦτό
553 938 681 984 φησιν
709 918 823 972 ἔθνος
839 917 933 971 τοὺς
932 917 1239 1004 καλουμένους
1263 914 1472 980 ποιμένας

169 991 516 1059 αἷχμαλώτους’
499 1012 543 1039 εν
563 999 654 1045 ταῖς
676 995 835 1083 ἱεραῖς
846 992 985 1037 αὐτῶν
1018 989 1183 1054 βίὸλοις
1202 987 1467 1054 γεγράφθαι,

168 1065 304 1130 λέγων
327 1067 475 1130 ὀρθῶς.
550 1064 641 1113 Καὶ
662 1063 760 1137 γὰρ
766 1066 852 1116 τοῖς
874 1062 1081 1109 ἀνωτάτω
1099 1061 1322 1128 προγόνοις
1345 1063 1471 1123 ἡμῶν

168 1139 217 1185 τὸ
252 1137 494 1200 ποιμαίνειν
524 1136 702 1200 πάτριον
732 1139 783 1192 ἠν
817 1134 891 1181 καὶ
930 1135 1159 1196 νομαδικὸν
1203 1133 1372 1198 ἔχοντες
1399 1132 1471 1179 τὸν

171 1211 262 1275 βίον
283 1211 437 1265 ούτως
436 1213 675 1257 ἐκαλοῦντο
694 1207 911 1270 ποιμένες.
979 1207 1261 1273 Αἷχμάλωτοί
1279 1227 1325 1254 τε
1343 1205 1471 1254 πάλιν

169 1287 247 1332 οὐκ
267 1283 472 1348 ἀλόγως(
457 1302 542 1330 υπο
564 1303 657 1330 των
675 1281 923 1345 Αἰγυπτίων
946 1283 1019 1329 ἀνε
1000 1281 1266 1347 ..γράφησαν,
1299 1278 1471 1337 ἐπειδή-

169 1376 250 1422 περ
281 1359 303 1403 ὃ
336 1356 540 1422 πρόγονος
570 1358 696 1418 ἡμῶν
732 1355 991 1414 Ἰώσηπος
974 1374 1123 1402 εαυτον
1158 1353 1238 1420 ἔφη
1270 1353 1374 1420 πρὸς
1401 1371 1474 1400 τον

173 1428 357 1494 βασιλέα
386 1448 470 1475 των
501 1426 753 1491 Αἰγυπτίων
785 1426 1066 1491 αἰχμάλωτον
1099 1431 1230 1486 εἶναι,
1266 1425 1341 1474 καὶ
1378 1445 1474 1479 τους

173 1500 379 1566 ἀδελφους
407 1502 465 1555 εἷς
486 1500 564 1558 τὴν
589 1499 808 1564 Αἴγυπτον
835 1498 1008 1564 ὕστερον
1033 1499 1371 1565 μετεπέμψατο,
1397 1502 1473 1546 τοῦ

174 1573 384 1639 βασιλέως
414 1574 737 1640 ἐπιτρέψαντος.
775 1571 906 1621 Ἀλλὰ
939 1572 1038 1639 περὶ
1066 1571 1145 1636 μὲν
1179 1572 1340 1620 τούτων
1373 1573 1471 1621 κτλ.

174 1648 306 1709 (vide
326 1649 381 1692 fr.
409 1647 515 1709 50).

241 1721 417 1766 Eadem
463 1736 519 1771 ex
557 1721 762 1780 Josepho
803 1722 1040 1781 exscripsit
1081 1721 1250 1765 Euseb.
1301 1721 1475 1778 Chr-on.

171 1797 304 1839 Arm.
328 1796 368 1850 Ι,
389 1810 430 1839 c.
456 1810 510 1837 21
530 1804 575 1838 et
595 1796 740 1853 Praep.
765 1795 848 1838 Ev.
866 1795 930 1851 X,
959 1794 1033 1840 13.
1052 1819 1116 1826 ν-
1135 1794 1285 1839 Verba
1303 1792 1344 1837 ἐν
1365 1791 1475 1854 ἄλλῃ

175 1865 221 1912 δέ
245 1884 327 1912 τινι
351 1864 490 1930 βίὸλῳ
510 1868 594 1911 τῶν
616 1867 943 1926 Αἰγυπτιακῶν,
969 1868 1226 1928 Bunsenius
1248 1881 1296 1926 p.
1330 1863 1389 1918 [45
1415 1866 1478 1908 ita

174 1941 412 2001 intelligit,
447 1949 500 1983 ut
530 1940 863 1984 Manethonem
894 1948 1085 2000 statuat,
1118 1955 1215 1983 non
1253 1938 1397 1982 modo
1431 1939 1481 1981 in

177 2014 374 2056 secundo
408 2013 513 2071 AEg.
557 2012 704 2068 libro,
734 2011 821 2055 sed·
849 2011 956 2055 data
990 2012 1232 2055 occasione
1258 2011 1397 2054 etiam
1432 2011 1480 2070 in

172 2086 329 2146 primo
355 2085 428 2128 vel
453 2086 590 2128 tertio
612 2084 670 2128 de
689 2085 759 2128 his
776 2085 959 2129 locutus
983 2086 1055 2132 sit.
1077 2083 1221 2143 Quod
1240 2099 1339 2127 non
1361 2099 1479 2142 pro-

179 2157 404 2202 bandum.
427 2156 544 2203 Nam
566 2172 713 2216 quum
738 2157 903 2201 eadem
924 2156 1022 2215 jam
1047 2156 1231 2201 dixerat
1251 2157 1278 2199 J
1282 2156 1482 2215 osephus

176 2231 267 2290 legi
287 2230 327 2274 ἐν
350 2227 469 2292 ἄλλῳ
494 2227 767 2292 ἀντιγράφῳ,
787 2238 1008 2274 monente
1027 2229 1252 2274 Boeckhio
1279 2244 1329 2288 p.
1366 2244 1478 2286 120,

175 2303 345 2348 frustra
380 2303 670 2362 obloquente
700 2304 903 2360 Fruino.‚
933 2311 1099 2362 aperte.
1128 2301 1299 2346 eodem'
1335 2302 1481 2358 modo

180 2376 322 2419 verba
357 2374 400 2420 ἐν
427 2372 537 2436 ἄλλῃ
561 2372 641 2419 τινὶ
680 2372 818 2437 βίὸλῳ
841 2374 1144 2436 intelligenda
1162 2383 1268 2434 sunt
1298 2373 1357 2418 de
1390 2374 1481 2418 alio

176 2448 386 2507 quodam
441 2448 735 2492 Manethonis
771 2448 1161 2508 AEgyptiacorum
1205 2447 1478 2506 exemplari.

181 2522 314 2565 Hanc
336 2535 447 2565 vero
469 2535 493 2563 a
524 2520 688 2564 Judaeo
710 2520 919 2579 quodam
950 2520 1279 2579 interpolatam
1300 2534 1394 2564 esse
1411 2534 1485 2564 res

178 2594 296 2652 ipsa,
318 2608 457 2652 quam
482 2592 617 2639 affert
639 2593 866 2654 Josephus
881 2627 895 2651 ‚
917 2592 1111 2639 suadere
1132 2592 1333 2639 videtur.

400 2711 703 2757 DYNASTIA
739 2712 974 2758 DECIMA
1009 2713 1269 2777 QUINTA.¹

793 2819 870 2871 43.

558 2924 679 2968 SEC.
721 2925 1101 2969 AFRICANUM.

250 2997 451 3076 Syncell.
479 3032 527 3075 p.
563 3016 619 3060 61
643 3051 658 3077 ,
682 3020 723 3062 Α

383 3093 764 3152 Πεντεκαιδεκάτη
793 3095 1020 3143 δυναστεία
1052 3095 1286 3158 ποιμένων.

246 3167 394 3221 Ἦσαν
417 3173 461 3220 δὲ
479 3173 741 3228 Φοίνικες
763 3173 899 3229 ξένοι
919 3177 1109 3239 βασιλεῖς
1126 3174 1184 3234 ς’,
1206 3173 1249 3238 οἳ
1262 3193 1337 3221 και
1356 3173 1485 3237 Μέμ-

184 3266 293 3313 φινε
279 3240 406 3305 εἶλον,
431 3246 473 3295 οἳ
490 3247 564 3294 καὶ
590 3248 633 3294 ἐν
667 3250 730 3314 τῷ
756 3246 965 3317 Σεθροίτῃ
986 3251 1106 3315 νομῶ
1133 3248 1258 3296 πόλιν
1292 3247 1486 3309 ἔκτισαν,

185 3320 259 3385 ἀφ’
278 3324 328 3376 ἡς
345 3319 587 3383 ὁρμώμενοι
604 3295 903 3384 Αἷγυπτίους’
885 3340 1194 3386 εχειρωσαντο.
1214 3313 1303 3369 ῗΩν
1321 3324 1488 3385 πρῶτος

186 3390 384 3450 Σαίτης
421 3391 758 3439 εὸασίλευσεν”
734 3413 809 3451 ετη
848 3394 916 3452 ιθ’,
959 3394 1032 3459 ἀφ’
1064 3398 1112 3440 οὑ
1149 3394 1223 3440 καὶ
1259 3397 1281 3440 ὃ
1320 3391 1487 3451 Σαΐτης

186 3465 329 3528 νομός.

256 3543 295 3608 β’
318 3546 437 3592 Βν’“
406 3563 475 3591 ων
498 3544 653 3610 (Βήων
672 3562 737 3594 111.
762 3547 886 3594 Βυῶν
906 3547 1160 3610 Gom->3171
1182 3547 1270 3610 μδ.

254 3617 293 3679 γ’
319 3615 553 3681 Παχνὰν
578 3618 592 3679 (
613 3619 796 3682 Παχνᾶν
819 3621 896 3676 G.,
916 3618 1136 3684 Ἀπαχνᾶς
1155 3637 1221 3668 111.
1234 3619 1346 3684 )ἔτη
1375 3618 1453 3675 ξα’·.

257 3691 291 3735 δ’
320 3688 556 3737 Σταὰν”
532 3708 607 3748 ετη
629 3688 683 3739 ν’.

192 3838 260 3876 per
297 3827 552 3867 solitudinem
576 3828 617 3867 in
646 3828 803 3879 Syriam
834 3829 1061 3870 tetendisse.
1116 3831 1236 3876 Quod
1258 3832 1396 3872 autem
1414 3830 1488 3871 sibi

192 3890 243 3929 ab
262 3890 508 3941 Assyriorum
527 3892 751 3943 principatu
764 3894 988 3933 metuerent
1006 3894 1120 3944 (tum
1133 3895 1238 3934 enim
1251 3895 1340 3935 11105
1357 3895 1489 3935 Asiam

194 3954 407 4004 tenuisse),
430 3954 470 3994 in
499 3966 545 3995 ea
567 3966 689 4006 quam
717 3956 832 3996 hodie
860 3956 1044 3997 Judaeam
1069 3951 1314 4008 appellamus
1332 3947 1492 4010 regione

196 4019 334 4056 (11110111
353 4018 593 4067 aedificasse,
613 4030 706 4069 quae
723 4022 785 4060 tot
813 4020 1020 4060 hominum
1041 4021 1165 4061 millia
1192 4024 1374 4072 caperet,
1396 4034 1491 4062 ean-

197 4081 368 4128 demque
399 4082 671 4133 Hierosolyma
703 4084 940 4125 nominasse.

993 4087 1037 4124 In
1075 4086 1152 4125 alio
1188 4097 1283 4125 vero
1318 4076 1492 4143 quodam

199 4156 332 4184 rerum
353 4146 624 4196 AEgyptiarum
641 4148 856 4199 exemplari
874 4149 1061 4188 Manetho
1077 4148 1193 4197 dicit,
1215 4149 1316 4188 hane
1336 4153 1491 4201 gentem

202 4210 375 4256 pastores
402 4210 663 4261 appellatam,
690 4212 866 4261 captivos
895 4212 933 4251 in
959 4206 1080 4253 sacris
1103 4224 1265 4253 suorum
1288 4213 1395 4253 libris
1422 4215 1492 4255 ha-

1099 226 1513 276 MANETHONIS
1549 222 1876 274 SEBENNYT
1878 225 1942 272 AE

1611 328 1642 376 ε’
1665 327 1713 376 Ἄ
1731 348 1753 395 ρ
1762 332 1899 394 χλης
1922 327 1997 387 ἔτη
2021 327 2109 392 μθ.

1610 401 1652 456 ς’
1677 397 1912 469 Ἄφοὸις
1938 399 2153 467 (Ἄφωφις
2172 418 2238 447 111.
2252 401 2267 464 )
2296 398 2372 459 ἔτη
2394 388 2475 456 ξα”.

1678 473 1820 536 Ὁμου
1841 473 1918 534 ἔτη
1939 474 2060 538 στι-δ’.

1611 549 1682 595 Cf.
1707 549 1928 612 Excerpt.
1945 535 2084 597 Barb.
2105 563 2119 592 2
2139 549 2350 606 Potestas
2363 548 2712 594 Sebennt'torum
2730 565 2841 614 ann,

1548 626 1642 675 224
1671 611 1847 683 (284'1’).

2154 691 2233 740 leli·

1953 789 2076 835 SEC.
2114 789 2440 836 EUSEBIUM.

1609 901 1764 959 Idem.
1782 916 1831 961 p.
1857 900 1936 958 61,
1955 903 1999 947 D
2020 917 2031 946 t
2053 898 2432 958 Πεντεκαιδεκάτη
2447 898 2674 946 δυναστεία
2693 903 2849 965 Διοσῖ,

1546 973 1786 1021 πολιτῶν
1812 972 2041 1034 βασιλέων,
2066 971 2107 1020 οἳ
2128 971 2410 1019 ἐδασίλευσαν
2436 970 2510 1029 ἔτη
2533 971 2614 1022 σν’.

1613 1048 1783 1092 Euseh.
1811 1047 1990 1095 Chron.
2023 1063 2074 1107 p.
2103 1062 2167 1107 99
2196 1061 2207 1093 :
2237 1047 2595 1104 Quintadecima
2631 1048 2853 1111 dynastia⁸

1548 1121 1910 1182 Diospolitarum
1930 1135 2110 1181 regum,
2140 1123 2221 1179 qui
2242 1129 2498 1178 regnarunt
2518 1124 2656 1164 annis
2680 1120 2819 1188 CCLK.¹

1786 1242 2019 1304 ΒΕΟΙΜΑ
2054 1226 2254 1303 SEXTA
2286 1241 2617 1303 DYNAsnA.

2167 1344 2244 1410 452

1930 1454 2053 1502 SEC.
2094 1454 2476 1513 AFRICANUM.

1618 1565 1826 1625 Syncell.
1841 1580 1891 1624 p.
1913 1565 1992 1621 61,
2017 1565 2052 1610 C
2075 1580 2086 1609 :
2112 1561 2439 1619 Ἑκκαιδεκάτη
2465 1562 2694 1625 δυναστεία
2711 1563 2858 1632 ποιμε-

1553 1656 1619 1691 νες
1640 1636 1764 1684 ἄλλοι
1791 1636 1981 1700 βασιλεῖς
2003 1634 2093 1682 λθ·
2115 1635 2400 1684 ἐὸασίλευσαν
2422 1635 2496 1694 ἔτη
2522 1636 2632 1702 φιη’.

1620 1712 1687 1758 Cf.
1711 1713 1823 1757 Exc.
1846 1711 1984 1756 Barb.
2009 1727 2019 1755 :
2040 1713 2252 1756 Potestas
2267 1711 2639 1772 Memphitarum
2660 1729 2741 1760 an.
2764 1711 2860 1767 318

1559 1781 1739 1846 (518?)

2160 1877 2186 1926 4
2195 1873 2223 1917 6
2231 1910 2243 1921 .

1961 1979 2083 2027 SEC.
2119 1980 2449 2025 EUSEBIUM.

1622 2093 1771 2146 Idem.
1792 2109 1844 2152 p.
1868 2091 1943 2146 61,
1982 2094 2061 2144 D:
2083 2088 2402 2153 Ἑκκαιδεκοίτη
2425 2089 2650 2138 δυναστεία
2669 2091 2861 2152 Θηὸαῒοι

1559 2153 1750 2230 βασιλεῖς
1771 2163 1803 2210 ε’
1829 2165 1886 2225 (l.
1909 2159 2003 2226 η’),
2027 2160 2068 2210 οἳ
2088 2181 2164 2210 και
2185 2161 2520 2209 ἐδασίλευσαν”
2497 2182 2571 2221 ετη
2591 2182 2614 2228 ρ
2634 2162 2692 2227 ζ’

1623 2239 1791 2289 Ε11501).
1829 2238 2004 2285 Chron.
2029 2253 2078 2297 p.
2116 2252 2187 2300 99¹
2208 2250 2220 2282 ε
2258 2236 2407 2298 Sexta
2429 2238 2614 2295 decima
2639 2239 2861 2298 dynastia

1561 2311 1861 2373 Thebaeorum
1889 2310 1936 2352 V
1951 2325 2132 2373 regum,
2165 2313 2247 2370 qui
2265 2319 2518 2370 regnarunt
2543 2315 2684 2366 annis
2707 2312 2857 2365 CXC.

1579 2372 1583 2375 ⁵
1623 2386 1687 2440 Hi
1703 2385 1813 2429 anni
1833 2398 1920 2443 190
1945 2370 2234 2443 respondent
2248 2383 2300 2443 in
2321 2383 2510 2436 Canone
2525 2384 2708 2429 Eusebii
2733 2387 2865 2431 annis

1559 2446 1814 2509 Abrahami
1843 2471 2055 2517 1—190.
2087 2458 2191 2501 Hoc
2226 2456 2398 2513 mirum
2423 2455 2576 2510 videri
2607 2459 2776 2517 possit,
2811 2468 2865 2504 ut

1558 2540 1694 2591 putes
1718 2531 1871 2592 ipsum
1900 2529 2152 2575 Eusebium
2185 2544 2286 2575 rem
2312 2530 2378 2574 ita
2405 2529 2670 2577 adornasse.
2700 2531 2864 2591 Neque

1559 2604 1608 2651 id
1623 2604 2006 2666 pernegaverhm
2029 2605 2100 2655 sin
2122 2603 2239 2664 quid
2257 2603 2523 2660 mutaverit,
2541 2603 2699 2648 fecisse
2718 2603 2768 2648 id
2783 2604 2863 2650 de-

1559 2679 1702 2724 hetin
1718 2694 1812 2723 una
1825 2678 2140 2738 dynastiarum
2162 2677 2457 2736 sequentium
2472 2673 2543 2739 (in
2558 2676 2785 2736 dyn.X1x
2798 2677 2818 2721 Ρ
2829 2676 2860 2738 ).

1559 2753 1727 2796 Nostra
1745 2752 1866 2795 bene
1894 2766 1941 2795 se
1966 2750 2108 2795 hahet
2123 2784 2135 2806 ‚
2159 2751 2248 2794 nisi
2281 2749 2412 2808 quod
2430 2764 2520 2809 pro
2542 2750 2750 2809 quinque
2777 2746 2861 2811 (ε’)

1559 2826 1774 2885 regibus,
1803 2824 1998 2883 jubente
2018 2823 2242 2868 Boeckhio
2270 2838 2317 2882 p.
2339 2837 2435 2882 229
2465 2838 2556 2881 sq.,
2594 2822 2865 2882 ‚reponendi

1560 2905 1666 2941 sunt
1686 2905 1794 2940 octo
1824 2893 1936 2958 (η’).
1962 2897 2032 2940 Ita
2070 2896 2195 2940 enim
2226 2903 2359 2939 vetus
2399 2894 2699 2950 chronicon,
2733 2894 2865 2954 quod

1562 2979 1662 3013 tum
1687 2969 1745 3013 de
1771 2970 1859 3013 hac
1893 2968 2104 3029 dynastia
2136 2975 2237 3011 tum
2261 2967 2319 3011 de
2343 2966 2641 3026 sequentibus
2679 2966 2866 3012 duobus

1562 3057 1668 3085 cum
1688 3041 1888 3086 Eusebio
1923 3041 2165 3086 consentit.
2192 3039 2333 3084 Unde
2353 3047 2512 3083 tamen
2530 3040 2721 3084 minime
2743 3055 2865 3084 0011-

1560 3114 1771 3178 sequitur
1786 3114 1984 3173 alterum
2006 3101 2204 3169 hausisse
2237 3127 2294 3156 ex
2325 3112 2488 3172 altero.
2525 3112 2717 3171 Subesse
2740 3114 2866 3157 enim

1559 3186 1632 3230 1115
1654 3202 1755 3244 eam
1797 3170 2091 3246 Manethonis
2129 3185 2472 3240 recensionem,
2513 3200 2606 3244 qua
2645 3200 2754 3230 usus
2799 3194 2866 3231 est

1562 3241 1850 3315 Panodorus,
1875 3273 2109 3317 quamque
2133 3273 2189 3303 ex
2203 3273 2259 3302 eo
2283 3258 2417 3303 novit
2445 3258 2708 3317 Syncellus,
2733 3273 2865 3304 coar·

1561 3333 1662 3391 guit
1678 3331 1997 3390 Syncellianus,
2014 3346 2178 3392 regum
2199 3331 2482 3378 laterculus
2469 3346 2520 3374 m
2539 3334 2635 3390 q'uo
2660 3331 2866 3376 Pastori-

1560 3403 1655 3448 bus⁴
1691 3403 1910 3462 dynastiae
1942 3404 2079 3448 XVII
2104 3404 2451 3463 praemittuntur
2484 3418 2616 3463 reges
2637 3411 2744 3448 octo
2782 3402 2865 3466 (hi

1560 3491 1607 3536 p.
1632 3491 1739 3533 101,
1766 3476 1800 3521 C
1824 3484 1870 3520 et
1929 3509 1940 3520 .
1974 3474 2087 3533 103,
2108 3475 2205 3537 C):

1581 3556 1583 3558 '
1697 3562 1731 3595 1.
1773 3546 1830 3603 ιη’
1868 3491 2090 3610 Ἐαμεσὴς
2093 3581 2601 3594 ..........
2646 3562 2720 3593 an.
2754 3562 2799 3594 28

1694 3634 1731 3667 2.
1774 3617 1824 3665 zo'
1861 3616 2237 3683 Ῥαμεσετομενὴς.ἱ
2273 3654 2285 3666 .
2323 3653 2338 3668 .
2376 3611 2399 3666 .’
2425 3611 2481 3667 .’.
2519 3653 2530 3664 .
2574 3655 2585 3666 .
2756 3635 2809 3686 15¹

1694 3684 1737 3739 3-
1771 3690 1811 3738 κ’
1848 3691 2127 3757 Οὐσιμοίρης
2111 3726 2321 3740 .....
2463 3728 2474 3740 .
2515 3726 2528 3739 .
2570 3727 2583 3740 .
2754 3709 2796 3741 31

1567 3829 1673 3889 beri;
1707 3829 1828 3885 idque
1859 3831 1979 3883 recte.
2033 3831 2136 3870 Nam
2175 3829 2350 3880 antiquis
2377 3816 2692 3880 progenitoribus
2719 3818 2864 3879 nostris

1568 3882 1751 3956 patrium
1760 3895 1846 3933 erat
1861 3904 1995 3944 greges
2009 3904 2201 3944 pascere.
2221 3895 2262 3934 et
2289 3893 2512 3944 pascualem
2536 3896 2695 3945 agentes
2712 3896 2836 3937 vitam
2848 3925 2864 3950 ,

1569 3949 1660 3996 inde
1680 3947 1859 4015 pastores
1881 3957 2143 3998 vocabantur.
2197 3960 2426 4008 Rursusque
2444 3958 2589 4009 captivi
2611 3970 2692 3999 11011
2714 3961 2863 4000 temere

1568 4020 1608 4059 in
1624 4020 1900 4080 AEgyptiorum
1914 4020 2025 4060 libris
2037 4019 2134 4061 dicti
2149 4022 2242 4071 sunt
2257 4021 2472 4072 ,quoniam
2489 4023 2715 4073 progenitor
2729 4025 2864 4065 noster

1567 4083 1767 4134 Joseplms
1793 4069 1894 4123 dixit
1915 4083 1963 4122 ad
1982 4085 2258 4135 AEgyptiorum
2286 4096 2441 4136 regem,
2460 4096 2502 4125 se
2525 4086 2727 4136 captivum
2753 4097 2862 4139 esse,

1567 4142 1607 4188 et
1619 4148 1755 4207 postea
1771 4147 1932 4207 fratres
1922 4158 1962 4187 111
1976 4150 2187 4212 Egyptum
2205 4149 2387 4190 evocavit
2403 4149 2502 4200 regis
2519 4149 2760 4200 permissu.
