3008 4542
203 331 351 392 Igitur
373 342 463 387 pro
482 325 756 377 TuthmosiI
773 324 990 368 Manetho
1007 325 1163 382 posuit
1183 327 1413 380 Amesoen,

164 415 165 418 ’
199 417 241 447 e.
265 399 478 446 Aahmen
497 396 783 454 Amenophis
798 396 819 438 I
836 409 1048 438 sororem
1065 428 1077 450 ,
1113 410 1213 453 quae
1228 411 1424 455 regnum

120 461 159 530 ’1η
183 472 328 518 rebat
355 484 444 530 pro
493 467 733 511 Tuthmosi
771 466 956 511 marito.
998 491 1063 498 ——-
1090 466 1307 524 Sequitur
1345 482 1420 525 ap.

79 574 93 602 .—
127 542 154 599 J
195 564 201 571 —
227 536 463 588 ethonem
479 536 706 598 ⁴Mephres
721 538 753 581 i.
774 551 814 584 e.
829 537 1071 580 Hac-tu-tu
1085 537 1178 581 sive
1191 539 1427 582 Ma-ke-ra

0 620 6 648 ε
87 611 91 614 ’
132 633 157 688 =
169 613 384 675 Mephra,
412 608 677 670 Misplzra),
701 624 801 667 quae
816 609 1027 668 regnavit
1047 623 1136 666 pro
1158 608 1298 654 fratre
1328 623 1428 652 ma-

123 679 624 744 ,’ξῗιι·0,Τ1111111105ἰΙῙ.
661 679 844 725 Deinde
872 679 1035 723 eadem
1057 695 1148 738 pro
1175 679 1315 724 fratre
1337 681 1429 723 mi-

118 759 254 812 ἕποιο
268 791 282 814 ,
303 755 542 801 Tuthmosi
564 754 658 808 ΙΙΙ,
678 752 904 812 regnavit.
929 753 1034 795 Hoc
1057 752 1275 796 Manetho
1306 752 1428 795 indi-

178 830 260 875 vit
282 827 532 887 conjuncto
541 825 714 871 sororis
730 831 776 867 et
796 822 1144 867 fratrisnomine
1169 838 1179 866 :
1200 822 1426 882 Mephra·

106 899 356 951 smutlzosis
388 900 483 944 sive
529 894 1016 956 Mis-phragmutlzosis,
1061 896 1094 938 i.
1144 910 1186 940 e.
1228 894 1429 938 Makera

167 972 392 1035 Mephra,
416 967 661 1030 ll‘Iisplzr-a)
683 977 730 1012 et
753 965 1005 1011 Tuthmosis
1027 969 1131 1013 III.

74 1031 140 1103 *⁸22
203 1047 436 1092 Hactenus
449 1043 508 1087 de
526 1040 808 1086 nominibus.
829 1038 1097 1085 Videndum
1113 1038 1209 1097 jam
1229 1038 1287 1082 de
1301 1039 1430 1081 annis

92 1187 125 1247 .·.
139 1205 244 1235 vem
279 1189 461 1248 priores
497 1191 847 1244 componuntur
887 1197 995 1226 cum
1034 1181 1223 1242 regibus
1260 1196 1429 1225 novem

105 1254 120 1321 ῥ’
139 1269 573 1314 monumentorum,
592 1256 841 1302 laterculus
861 1254 982 1298 foret
999 1254 1076 1297 hic
1106 1270 1116 1296 :

1000 1359 1212 1401 (Bunsen.)
1272 1364 1281 1400 ,²

211 1477 251 1507 1.
283 1461 442 1506 Amos.
485 1454 502 1506 .”
540 1492 550 1502 .
595 1493 606 1503 .
648 1493 659 1503 .
701 1488 715 1503 .
754 1471 829 1501 an.
905 1451 965 1498 25
1037 1450 1152 1515 (25)

206 1547 255 1580 2.
292 1531 579 1591 Amenophis
628 1531 669 1574 Ι.
710 1563 722 1574 .
767 1561 778 1572 .
821 1563 832 1574 .
910 1525 964 1569 13
1038 1525 1152 1586 (13)

207 1603 254 1652 3.
292 1605 553 1651 Tuthmosis
571 1604 612 1648 I.
657 1635 666 1645 .
712 1637 722 1646 .
765 1593 786 1646 .’
818 1633 829 1644 .
902 1613 958 1642 21
1033 1596 1151 1659 (21)

209 1681 255 1729 4.
292 1676 630 1720 TuthmosisII.
661 1706 674 1719 .
715 1707 727 1719 .
766 1705 778 1719 .
818 1706 830 1718 .
901 1685 961 1714 22
1035 1667 1146 1730 (22)

209 1746 251 1795 5.
288 1747 548 1792 Τ111111110515
571 1747 658 1790 ΙΙΙ.
709 1781 719 1790 .
770 1777 780 1787 .
821 1775 832 1786 .
908 1742 963 1787 13
1037 1740 1426 1803 (Rq-26:39)

206 1819 254 1866 6.
294 1819 577 1878 Amenophis
599 1819 667 1864 ΙΙ.
707 1850 717 1860 .
760 1851 771 1862 .
821 1850 833 1862 .
905 1815 967 1859 26
1002 1848 1004 1850 ψ
1039 1814 1055 1876 (
1091 1814 1155 1876 9)

208 1906 254 1950 7.
288 1891 548 1936 Tuthmosis
595 1891 671 1935 IV.
712 1923 723 1934 .
763 1923 775 1935 .
816 1923 828 1935 .
933 1903 963 1948 9
1034 1885 1146 1952 (31)

205 1961 254 2011 8.
291 1962 575 2023 Amenophis
593 1962 665 2006 ΙΙΙ
670 1993 836 2008 .....
909 1959 965 2004 31
1039 1959 1150 2022 (37)

205 2050 253 2097 9.
292 2035 443 2081 Horus
450 2067 835 2081 ........
906 2033 966 2089 37
1040 2031 1139 2092 (32)

46 2277 59 2295 J,
90 2284 94 2286 ,
210 2236 270 2278 Α1
289 2232 353 2276 ita
374 2245 448 2275 res
469 2245 516 2275 se
540 2230 715 2274 habere
737 2244 835 2274 non
855 2238 1028 2289 potest.
1055 2232 1172 2276 Nam
1192 2230 1241 2273 in
1262 2244 1435 2272 monu-

45 2300 91 2363 Ji.
142 2305 310 2350 mentis
326 2303 614 2348 memoratur
631 2303 894 2347 Tuthmosis
907 2303 981 2346 III
1007 2318 1152 2347 annus
1165 2302 1363 2357 XXXV,
1389 2310 1436 2346 et

50 2371 90 2396 '³'
142 2377 431 2437 Amenophis
453 2377 523 2420 III
542 2391 690 2420 annus
702 2375 928 2420 XXXVI.
948 2377 1202 2420 Bunsenius
1219 2375 1361 2434 igitur
1376 2390 1434 2418 ne

56 2437 80 2493 '3‘
142 2449 335 2508 rejicere
357 2449 496 2508 plane
510 2436 804 2493 Manethonis
821 2463 1042 2493 numeros
1065 2456 1324 2507 cogeretur,
1347 2447 1436 2490 tale

71 2531 97 2582 ².ss
144 2521 263 2581 quid
285 2521 584 2581 excogitavit.
631 2522 792 2564 Annos
832 2519 888 2564 13
931 2529 978 2564 01
1018 2535 1164 2564 3111105
1199 2519 1282 2576 26,
1320 2534 1438 2578 quos

143 2594 365 2643 Manetho
395 2593 560 2637 tribuit
581 2593 822 2636 Tuthmosi
840 2594 914 2637 III
935 2601 981 2637 et
999 2593 1261 2652 Amenophi
1282 2594 1330 2636 II
1345 2626 1358 2648 ,
1378 2591 1438 2636 ad

42 2683 85 2732 *⁷55
143 2681 293 2710 unum
321 2666 596 2710 Tuthmosin
617 2666 690 2710 ΙΙΙ
723 2666 958 2724 pertinere
993 2666 1171 2722 statuit,
1200 2673 1338 2723 atque
1374 2666 1439 2709 ita

147 2737 338 2796 quidem
366 2745 420 2781 ut
442 2738 551 2781 anni
584 2736 640 2781 13
678 2737 769 2780 sint
800 2737 862 2793 ii,
900 2736 1069 2795 quibus
1088 2737 1282 2796 Mephra
1305 2751 1440 2780 soror

145 2824 236 2868 pro
259 2808 404 2854 fratre
443 2810 679 2869 regnarit,
718 2809 828 2852 anni
861 2808 922 2852 26
947 2816 1126 2864 autem,
1155 2809 1325 2868 quibus
1343 2809 1440 2867 ipse

147 2882 409 2926 Tuthmosis
423 2882 547 2926 solus
569 2896 766 2941 regnum
789 2881 1192 2926 administraverit.
1215 2883 1320 2925 Hoc
1357 2880 1439 2924 ad-

54 2944 70 3014 '7
148 2952 307 3013 misso,
328 2969 573 3010 numeros,
604 2954 687 3013 qui
714 2968 790 3013 ap.
815 2954 1146 2998 Manethonem
1171 2951 1441 2997 adscribun-

151 3030 228 3068 tur
255 3025 442 3087 regibus
467 3027 691 3086 septimo,
718 3034 883 3070 octavo
907 3034 954 3070 et
975 3040 1106 3070 nono
1121 3058 1134 3081 ,
1168 3024 1334 3069 tribuit
1361 3039 1441 3068 re·-

156 3737 230 3796 jus
246 3753 420 3783 nomen
440 3739 610 3783 iterum
627 3753 726 3782 non
741 3738 960 3783 occurrit.

164 3883 275 3935 mai,
307 3880 368 3924 ab
390 3882 518 3928 Horo
537 3877 752 3944 dilectus)
773 3897 880 3926 011111
899 3896 1045 3942 regno
1065 3890 1294 3926 annorum
1312 3888 1443 3939 quat·-

78 1104 406 1178 ἠςῃοιύπμ
434 1113 675 1173 Siquidem
701 1125 922 1156 numeros
939 1111 1325 1154 Manethonianos
1342 1125 1429 1153 no·
1446 1119 1456 1129 ’

1242 216 1659 265 FRAGMENTA.
2681 234 2772 275 585

1498 324 1630 383 gibus
1645 332 1771 368 sexto
1789 358 1800 380 ,
1823 327 2017 385 septimo
2035 335 2081 371 et
2100 337 2277 374 octavo.
2300 332 2431 375 Horo
2456 331 2626 377 deinde
2639 368 2651 390 ‚
2679 335 2778 395 regi

1498 410 1627 438 nono
1644 429 1656 450 ,
1703 411 1847 440 annos
1892 396 1949 440 32
1990 400 2184 458 assignat
2210 434 2223 458 ,
2257 417 2375 460 quos
2420 404 2661 449 Africanus
2700 406 2780 450 dat

1499 468 1692 510 Acherri
1715 469 1814 527 regi
1839 467 2037 513 decimo.
2062 471 2317 518 Arbitraria
2334 475 2522 532 quidem
2538 476 2634 520 haec
2654 486 2776 533 sunt,

1500 537 1582 581 sed
1608 539 1695 582 nisi
1713 538 1844 582 fateri
1867 540 1977 584 velis
2001 542 2246 586 certiorem
2276 545 2623 606 chronologiam
2654 549 2781 591 resti-

1501 610 1568 652 tui
1610 611 1799 654 omnino
1834 622 1932 654 non
1970 627 2103 671 posse
2119 647 2132 673 ,
2179 614 2238 658 ad
2289 616 2511 673 ejusmodi
2546 619 2778 666 machina·

1500 690 1655 726 menta
1677 697 1916 727 recurrere
1934 692 2146 728 coactum
2170 695 2213 730 te
2236 687 2431 734 videbis.

1569 754 1785 798 Ceterum
1802 769 1932 815 reges
1951 771 2120 800 novem
2143 772 2259 815 quos
2281 759 2423 803 modo
2447 763 2754 806 recensuimus
2768 797 2780 818 ,

1504 826 1677 884 quique
1704 841 1760 870 ex
1788 827 2045 871 rationibus
2067 828 2211 872 modo
2231 830 2376 873 allatis
2402 846 2487 889 per
2511 848 2654 877 annos
2690 850 2783 893 229

1503 905 1773 956 regnarunt,
1788 898 1914 956 apud
1931 900 2206 943 Bunsenium
2230 903 2514 946 constituunt
2531 903 2783 961 dynastiam

1502 970 1675 1014 XVIII.
1712 968 1804 1026 Qui
1846 979 2101 1029 sequuntur
2146 972 2271 1031 apud
2293 974 2621 1018 Manethonem
2659 991 2787 1035 reges

1504 1039 1720 1098 dynastiae
1738 1041 1896 1086 XVIII
1915 1075 1928 1100 ,
1953 1042 1986 1084 ii
2006 1057 2163 1086 omnes
2185 1045 2418 1102 pertinent
2444 1045 2503 1089 ad
2534 1045 2784 1104 dynastiam

1505 1113 1643 1158 XIX.
1662 1114 1732 1156 De
1750 1113 1821 1155 his
1836 1111 1932 1169 jam
1956 1113 2210 1158 videndum
2234 1125 2313 1162 est.

1572 1185 1680 1227 Post
1698 1185 1870 1228 Horum
1892 1194 2190 1230 monumenta
2207 1196 2446 1231 recensent
2469 1203 2597 1248 reges
2623 1204 2700 1233 sex
2725 1202 2736 1234 ε

1575 1292 1617 1321 1.
1653 1279 1871 1321 Ramessu
1889 1279 1927 1324 I.

1573 1364 1619 1392 2.
1658 1350 1751 1394 Seti
1771 1351 1810 1393 I.

1571 1420 1618 1468 3.
1652 1421 1870 1465 Ramessu
1895 1422 1942 1464 ΙΙ
1963 1418 2115 1481 (cujus
2134 1411 2280 1465 annus
2299 1424 2451 1467 LXII
2466 1427 2785 1486 memoratur).

1573 1497 1619 1545 4.
1658 1492 1989 1551 Menephthah.

1573 1563 1621 1611 5.
1658 1565 1751 1609 Seti
1788 1565 1854 1608 II.

1573 1637 1620 1682 6.
1658 1637 1846 1680 Merira.

1573 1732 1836 1774 Postremus
1855 1745 2017 1774 eorum
2033 1763 2045 1786 ,
2081 1731 2280 1788 Merira,
2302 1733 2531 1776 Bunsenio
2554 1742 2619 1777 est
2648 1733 2795 1778 Tleuo·

1506 1806 1568 1846 ris
1579 1803 1867 1847 Manethonis
1880 1817 1986 1858 ,rex
2002 1802 2190 1846 ultimus
2213 1803 2428 1862 dynastiae
2450 1805 2582 1851 XIX.
2610 1806 2797 1850 leuoris

1507 1875 1675 1919 rectius
1693 1874 1920 1918 scribetur
1942 1873 2135 1917 Phuoris
2149 1875 2222 1918 vel
2240 1875 2424 1919 Phuoro
2442 1876 2474 1922 i.
2510 1891 2550 1923 e.
2582 1877 2604 1920 ὃ
2626 1876 2794 1928 Νεῖλος.

1507 1945 1616 2004 Ejus
1647 1946 1852 1990 nominis
1878 1960 2036 2006 regem
2056 1946 2257 1990 vidimus
2275 1948 2324 1990 in
2337 1949 2648 1993 Eratosthenis
2666 1950 2799 1993 later·

1509 2021 1616 2064 culo
1635 2019 1974 2078 penultimum;
2008 2033 2065 2062 ex
2088 2019 2355 2062 Dicaearcho
2382 2034 2495 2063 vero
2531 2022 2799 2081 collegimus

1507 2091 1592 2135 sub
1618 2091 1725 2134 Nilo
1750 2091 1835 2134 isto
1876 2090 1970 2133 sive
2008 2090 2198 2133 Phuoro
2222 2105 2332 2150 rege
2371 2090 2558 2148 Trojam
2584 2107 2676 2136 esse
2712 2108 2796 2135 ex-

1507 2171 1783 2223 pugnatam,
1809 2161 1859 2206 id
1883 2161 2015 2220 quod
2039 2161 2098 2205 de
2127 2161 2297 2205 Thuore·
2314 2162 2536 2221 praedicat
2565 2164 2797 2207 Manetho.

1509 2261 1574 2267 —
1586 2235 1800 2279 Ceterum
1816 2249 1961 2292 quum
1976 2234 2103 2276 nulla
2111 2234 2353 2276 nominum
2364 2234 2543 2276 Met-ira
2556 2242 2600 2277 et
2613 2233 2798 2278 Phaet-o

1508 2306 1761 2352 similitudo
1785 2306 1867 2361 sit,
1892 2306 2144 2349 Bunsenius
2166 2306 2383 2363 opinatur
2403 2306 2591 2349 Phuoro
2619 2322 2797 2365 cogno-

1508 2395 1616 2424 men
1634 2378 1768 2422 fuisse
1796 2379 1918 2438 regis
1937 2378 2131 2433 Merirae,
2153 2377 2284 2436 quod
2301 2392 2390 2436 pro
2410 2377 2592 2421 familiae
2611 2380 2799 2421 nomine

1507 2450 1726 2495 Manetho
1743 2451 1815 2494 vel
1829 2450 2087 2508 Excerptor
2109 2448 2207 2507 ejus
2225 2450 2471 2508 receperit.
2502 2451 2603 2493 Hoc
2627 2451 2661 2493 si
2682 2465 2799 2493 con-

1511 2523 1718 2578 cesseris,
1741 2522 1949 2580 sequitur
1966 2536 2055 2580 pro
2074 2535 2154 2564 sex
2183 2521 2371 2580 regibus
2392 2530 2800 2565 monumentorum

1511 2595 1561 2637 in
1592 2593 1966 2638 Manethonianis
1989 2593 2220 2636 laterculis
2251 2593 2480 2636 recenseri
2513 2607 2643 2652 reges
2667 2600 2800 2650 quat-

1512 2665 1791 2710 tuordecim.
1819 2666 1962 2708 Tanta
1982 2678 2097 2708 vero
2125 2663 2432 2722 discrepantia
2456 2663 2565 2706 inde
2589 2672 2655 2707 est
2674 2663 2799 2707 deri-

1511 2736 1663 2782 vanda
1675 2770 1687 2793 ,
1710 2735 1841 2795 quod
1858 2737 1995 2794 plura
2023 2751 2189 2795 regum
2207 2736 2398 2779 nomina
2432 2737 2583 2794 posita
2598 2737 2688 2779 sint
2705 2736 2775 2778 bis
2788 2769 2800 2790 ,

1512 2817 1600 2865 ter,
1628 2817 1807 2867 quater,
1835 2808 2096 2866 quinquieS.
2124 2806 2368 2852 Videamus
2391 2808 2584 2866 singula.

1579 2882 1617 2924 Ι.
1658 2881 1790 2924 Horo
1814 2879 1941 2938 apud
1976 2879 2308 2923 Manethonem
2343 2878 2548 2922 succedit
2573 2878 2802 2922 Acenche-

1519 2966 1611 2997 res,
1651 2953 1836 2996 Nomen
1867 2951 1960 2994 hoc
1983 2952 2009 2994 J
2013 2950 2209 3010 osephus
2229 2959 2275 2994 et
2292 2950 2534 2995 Africanus
2557 2959 2642 3008 ter,
2662 2951 2799 2994 Euse-

1518 3024 1626 3068 bius
1650 3033 1814 3083 quater
1831 3031 2050 3082 repetunt
2074 3037 2086 3068 :

53 3086 74 3108 1·-

33 3154 75 3218 ξᾉθ
166 3142 167 3145 “
488 3157 702 3195 Jossrnus.
1355 3154 1603 3194 AFRICANUS.'
2258 3154 2463 3191 Eusemns.

28 3185 70 3318 ,ἒ
104 3313 109 3319 ,
207 3262 270 3299 10.
298 3257 556 3298 Acencheroe.
599 3283 609 3294 .
687 3284 697 3295 .
754 3265 820 3296 an.
853 3260 915 3305 12,
948 3258 962 3294 1
1122 3255 1305 3295 Acheros.
1355 3284 1649 3296 ........
1705 3265 1769 3294 an.
1800 3258 1847 3293 32
2002 3257 2041 3292 9.
2071 3251 2342 3292 ‚achencheres
2346 3281 2524 3294 .....
2578 3263 2643 3294 an.
2677 3257 2721 3292 12

26 3340 62 3387 ἧς·
164 3366 168 3370 ,
209 3333 270 3368 12.
300 3327 558 3367 Aeeneheres.
598 3355 609 3366 .
641 3355 651 3365 .
682 3354 694 3365 .
854 3329 914 3374 12,
942 3329 966 3365 5
1120 3324 1294 3366 Ghebres
1296 3353 1639 3366 .........
1801 3328 1846 3363 12
1981 3326 2040 3363 11.
2069 3323 2319 3364 Chencheres
2342 3352 2519 3364 .....
2677 3327 2723 3362 16

24 3411 66 3458 ..14
209 3404 271 3440 13.
300 3398 557 3439 Acencheres.
600 3427 610 3437 .
643 3427 653 3437 .
686 3426 697 3437 .
857 3401 918 3446 12,
947 3402 970 3437 5
1124 3397 1330 3438 Acherres.
1371 3429 1380 3438 .
1413 3414 1424 3437 2
1456 3426 1638 3438 .....
1801 3401 1845 3435 12
1979 3400 2039 3436 12.
2067 3395 2259 3436 Acherras
2263 3424 2521 3436 .......
2697 3397 2720 3434 8

1978 3471 2040 3508 13.
2069 3467 2238 3507 Cherres
2256 3495 2520 3508 .......
2680 3470 2724 3506 15

164 3581 174 3649 j
221 3597 287 3642 II.
311 3595 530 3654 Sequitur
556 3610 567 3638 z
597 3609 672 3641 11.
692 3594 905 3638 Rathotis
919 3609 996 3640 an.
1016 3592 1222 3654 9‘(Jos.),
1242 3594 1336 3638 sive
1354 3595 1445 3638 Ra·
1520 3601 1629 3636 tuor
1652 3592 1725 3635 vel
1748 3591 1970 3650 quinque.
2010 3591 2055 3634 Is
2074 3605 2188 3635 vero
2203 3626 2216 3649 ,
2239 3591 2436 3635 docente
2467 3590 2679 3643 historia,
2707 3604 2799 3633 non

158 3667 263 3723 thos
285 3682 360 3714 an.
389 3667 418 3712 6
439 3665 617 3728 (Afra),
642 3667 736 3710 sive
763 3666 953 3710 Athoris
979 3681 1053 3710 an.
1083 3681 1112 3725 9
1141 3662 1320 3725 (Eus.).
1345 3666 1446 3709 Hu-
1519 3665 1604 3708 fuit
1637 3679 1747 3719 rex,
1791 3662 1872 3707 sed
1908 3664 2098 3707 nomine
2133 3664 2338 3707 Ramesis
2359 3662 2509 3705 fratris
2541 3661 2601 3705 ad
2629 3661 2802 3705 bellum

1518 3735 1717 3795 profecti
1737 3749 1933 3794 regnum
1955 3749 2041 3794 per
2072 3744 2252 3794 tempus
2285 3732 2477 3791 aliquod
2515 3731 2798 3776 administra-

225 3810 310 3855 111.
331 3809 514 3854 Deinde
534 3810 728 3869 ponitur
745 3810 926 3854 Armais
950 3812 1136 3854 Danaus
1169 3809 1226 3868 (i.
1256 3822 1297 3852 e.
1323 3809 1448 3851 Har—
1518 3809 1597 3852 vit.
1621 3807 1768 3866 Igitur
1806 3821 1832 3850 e
1868 3821 2032 3866 regum
2066 3807 2182 3851 serie
2213 3804 2477 3862 ejiciendus.
2520 3805 2620 3861 Ipse
2651 3813 2801 3848 autem

1518 3880 1753 3923 Ramesses
1773 3878 1968 3937 ponitur
1991 3886 2062 3922 ter
2083 3878 2155 3922 vel
2177 3885 2338 3936 quater
2359 3875 2479 3918 hunc
2506 3875 2553 3917 iu
2572 3874 2759 3917 modum
2788 3890 2796 3916 ε

2938 1434 2955 1454 h
