3016 4628
787 237 1649 353 MAEANDRIUS
1722 181 2414 343 MILESIUS.

1184 426 1203 500 (
1223 423 1577 480 LEANDER
1620 413 2022 486 MILESIUS).

348 739 482 798 Clyto
505 737 684 782 Milesio
697 736 836 781 alium
859 732 1178 792 subjungimus
1194 730 1418 775 Milesium
1432 729 1563 770 item·

281 827 375 870 que
401 825 558 855 rerum
588 809 866 853 Milesiarum
901 806 1197 864 scriptorem,
1232 799 1562 853 Maeandrium,

285 883 345 927 ad
362 897 500 942 quem
513 882 547 926 si
565 895 661 924 non
682 881 853 933 omnia,
873 887 996 921 cente
1014 877 1148 934 longe
1164 873 1361 932 plurima
1385 884 1562 924 eorum,

283 970 387 1014 qum
429 955 478 997 iu
520 952 769 997 duodecim
807 949 973 992 nostris
1017 944 1282 1004 fragmentis
1327 943 1561 1000 leguntur,

284 1025 524 1070 neferenda
548 1039 641 1068 esse
671 1036 850 1066 censeo.
871 1020 1040 1064 Librm
1044 1032 1121 1060 um
1143 1014 1332 1074 quidem
1357 1013 1564 1056 auctori-

284 1109 297 1142 t
304 1108 423 1143 item
442 1099 477 1141 si
494 1109 778 1156 premamus,
800 1093 895 1136 duo
911 1091 1067 1150 potius
1084 1087 1248 1132 Milesii
1272 1082 1562 1138 Μιλησιακων

281 1179 516 1224 auctores,
554 1169 668 1212 alter
701 1164 1002 1216 Maeandrius,
1039 1161 1153 1204 alter
1179 1157 1438 1203 Leandrius
1470 1156 1564 1199 sive

287 1242 513 1294 Leander,
548 1237 855 1298 distinguendi
890 1235 1064 1288 forent3
1094 1246 1256 1275 verum
1290 1244 1434 1287 quum
1468 1227 1563 1270 duo

284 1316 367 1359 ista
399 1314 587 1357 nomina
619 1311 679 1353 ob
706 1306 1051 1352 similitudinem
1087 1301 1310 1347 confundi
1348 1300 1564 1343 facillime

282 1393 494 1444 possent,
526 1381 694 1426 deinde
717 1395 828 1423 vero
855 1378 1001 1421 forma
1030 1372 1283 1435 Λεάνδριος,
1313 1387 1413 1430 quae
1450 1371 1564 1414 locis

280 1458 491 1516 plurimis
515 1454 717 1507 obtinet,
746 1460 979 1508 tamquam
1002 1462 1172 1490 nomen
1188 1445 1434 1504 proprium
1449 1458 1564 1486 nus-

281 1544 445 1587 quam,
476 1536 699 1585 quatenus
735 1522 950 1582 equidem
974 1521 1090 1578 scio,
1118 1525 1331 1561 occurrat
1364 1530 1374 1560 ε
1403 1516 1564 1558 verisi-

280 1601 523 1643 millimum
557 1612 661 1640 sane
698 1605 762 1639 est
803 1593 856 1654 (*)
899 1594 1151 1652 fragmenta
1188 1605 1288 1648 quae
1329 1588 1386 1631 de
1425 1587 1566 1630 rebus

283 1668 423 1714 Mireti
435 1670 623 1726 aliisque
637 1668 750 1710 Asiae
761 1665 951 1708 minoris
960 1662 1224 1722 regionibus
1242 1676 1297 1704 ex
1311 1658 1563 1702 Maeandrio

282 1744 353 1786 vel
376 1741 603 1787 Leandrio
628 1739 699 1782 vel
726 1737 939 1782 Leandro
966 1736 1186 1789 citantur,
1212 1734 1294 1776 uni
1319 1731 1565 1790 eidemque

284 1816 463 1858 auctori
502 1827 593 1856 esse
621 1809 927 1868 vindicanda3
967 1808 1209 1850 nominum
1246 1820 1359 1848 vero
1399 1803 1561 1848 confu-

280 1889 460 1931 sionem
484 1885 593 1928 inde
628 1882 971 1942 explicandam,
1007 1879 1136 1938 quod
1158 1877 1362 1922 Leandri
1391 1892 1566 1921 nomen

279 1960 425 2003 multo
444 1958 597 2001 notius
617 1963 752 2010 esset,
775 1964 820 1997 et
838 1954 1024 1996 fortasse
1049 1966 1210 1995 revera
1232 1949 1447 1995 Leander
1467 1950 1563 2008 qui-

278 2032 384 2075 dam
411 2031 608 2088 scriptor
641 2027 742 2086 (cui
765 2026 989 2069 vindicari
1012 2024 1188 2083 possint
1213 2021 1272 2065 fr.
1307 2037 1363 2065 10
1398 2030 1444 2065 et
1473 2037 1490 2064 1
1506 2037 1524 2064 1
1548 2020 1561 2081 )

278 2120 303 2148 a
346 2111 504 2146 nostro
545 2099 720 2143 Milesio
770 2095 1108 2157 dignoscendus
1152 2095 1224 2141 sit.
1270 2119 1335 2126 --
1379 2094 1565 2137 Nomen

280 2172 539 2234 Μαιάνδριος
563 2172 683 2214 nosti
705 2185 760 2214 ex
781 2168 1027 2214 Herodoto
1053 2169 1149 2225 III,
1179 2165 1266 2210 123
1287 2200 1300 2222 ,
1334 2170 1422 2218 142
1437 2181 1561 2225 sqq„

276 2247 356 2290 ubi
374 2246 431 2290 de
444 2243 694 2289 Maeandrio
709 2243 960 2301 Polycratis
976 2242 1116 2286 Samii
1129 2239 1280 2284 scriba
1295 2254 1446 2283 sermo
1466 2247 1555 2295 est3

277 2329 372 2362 tum
396 2333 508 2362 vero
551 2315 754 2359 occurrit
789 2316 835 2357 iu
866 2330 1009 2357 numo
1050 2314 1198 2358 Mileti
1222 2328 1298 2372 ap.
1330 2313 1560 2358 Mionnet.

275 2392 431 2435 Descr.
472 2389 567 2444 III,
610 2403 660 2446 p.
709 2386 796 2439 164
839 2399 887 2430 n.
933 2386 1045 2443 737,
1090 2395 1136 2430 et
1169 2386 1219 2428 in
1262 2385 1564 2443 inscriptione

275 2465 428 2522 Nysaea
453 2461 526 2521 (C.
551 2463 588 2506 Ι.
615 2475 663 2503 ιι.
689 2455 856 2521 2943),
881 2468 926 2503 et
949 2459 1058 2517 Teja
1081 2456 1159 2521 (n.
1192 2457 1341 2518 2078)
1358 2493 1370 2513 ,
1393 2458 1564 2502 deinde

276 2545 427 2579 autem
451 2536 499 2577 in
522 2533 658 2577 titulo
690 2533 1008 2576 Prienensium
1036 2536 1111 2590 (n.
1147 2528 1302 2590 2905)
1323 2564 1335 2585 ,
1361 2530 1444 2573 ubi
1463 2530 1564 2573 lau-

276 2607 445 2651 dantur
486 2603 540 2651 τὰ
566 2606 607 2650 ἐν
640 2603 731 2656 ταῖς
774 2601 1143 2668 συγγραφομέναις
1182 2599 1449 2664 Μαιανδρίου
1488 2605 1564 2647 τοῦ

279 2676 491 2733 Μιλησίου
520 2676 723 2742 ἱστορίαις
741 2675 1155 2740 κατακεχωρισμένα
1178 2677 1244 2737 (v.
1273 2677 1330 2722 fr.
1354 2693 1377 2733 7
1399 2675 1431 2736 ).
1451 2677 1562 2734 Quae

277 2749 345 2795 ibi
389 2751 660 2806 afferuntur,
710 2753 791 2795 etsi
836 2767 934 2795 non
977 2751 1193 2810 proxime
1241 2749 1302 2793 ad
1348 2749 1562 2803 Miletum

277 2830 504 2880 spectant,
525 2832 625 2882 apte
649 2832 801 2867 tamen
834 2824 1083 2867 memorari
1102 2830 1359 2882 potuerunt
1382 2822 1431 2864 in
1467 2822 1560 2865 Mi-

280 2893 494 2935 lesiorum
512 2895 700 2938 historia
720 2928 732 2950 ,
756 2896 920 2938 totilla
943 2895 1213 2939 nominibus
1236 2910 1342 2938 cum
1376 2894 1561 2938 Samio-

280 2981 381 3007 rum
397 2974 439 3008 ct
454 2967 761 3010 Prienensium
774 2967 910 3011 rebus
923 2967 1186 3025 conjuncta
1208 2969 1435 3011 Praeterea
1454 2967 1559 3010 Ma-

281 3037 466 3099 ‹robius
491 3037 577 3099 (fr.
602 3035 662 3099 6)
685 3038 742 3082 de
770 3040 996 3098 Apollinis
1029 3037 1170 3084 οὒλίου
1203 3039 1329 3099 apud
1358 3039 1560 3083 Milesios

281 3108 409 3150 vultu
446 3108 601 3152 laudat
646 3110 939 3154 Maeandrum
978 3110 1114 3175 (sic).
1156 3112 1322 3157 Strabo
1358 3110 1560 3170 denique

284 3181 575 3224 noeandrum
603 3182 688 3240 (h.
719 3181 776 3243 9)
813 3185 919 3227 citat
943 3184 999 3228 de
1026 3186 1234 3240 Uenetis,
1267 3185 1383 3229 Asiae
1406 3184 1559 3227 mino·

285 3252 343 3293 ris
371 3253 551 3311 populo
569 3286 580 3307 ,
610 3268 863 3312 eorumque
898 3257 1266 3316 migrationibus.
1294 3258 1405 3314 Quae
1444 3271 1557 3299 num

282 3338 305 3362 c
337 3323 672 3367 Milesiacorum
698 3325 802 3368 loco
819 3360 830 3378 ‚
856 3327 937 3370 ubi
966 3327 1024 3371 de
1059 3330 1253 3373 coloniis
1281 3329 1471 3372 Milesiis
1495 3327 1556 3372 ad

285 3396 478 3437 Pontum
503 3396 596 3439 sitis
618 3411 765 3439 sermo
791 3407 912 3454 erat,
932 3414 990 3443 an
1007 3415 1063 3444 ex
1083 3402 1172 3445 alio
1191 3415 1333 3460 opere
1358 3414 1553 3460 geogra-

281 3466 419 3522 phico
444 3467 514 3510 vel
540 3467 756 3513 historico
784 3471 872 3514 sint
901 3473 1064 3530 petita,
1096 3472 1452 3532 dijudicarijam
1480 3487 1560 3516 ne·

282 3539 397 3595 quit.
420 3540 501 3582 His
525 3539 763 3585 addendus
782 3551 846 3586 est
867 3544 994 3587 locus
1013 3547 1220 3589 Athenaei
1244 3544 1328 3605 (fr.
1358 3545 1459 3606 12),
1478 3545 1562 3588 ubi

334 3642 385 3690 (¹)
415 3642 586 3681 Eandem
610 3644 841 3683 sententiam
861 3656 943 3685 esse
962 3647 1075 3687 Keilii
1091 3647 1132 3686 in
1159 3648 1354 3687 Vindiciis
1381 3657 1556 3687 onamo·

285 3699 355 3737 tol.
379 3710 416 3749 p.
436 3703 461 3740 9
486 3710 563 3750 sq„
586 3702 826 3751 approbante
843 3705 1166 3755 Westermanno,
1186 3706 1292 3745 disco
1309 3717 1358 3745 ex
1383 3705 1560 3756 Pauly's

288 3758 542 3807 ltealencycl.
571 3769 609 3798 v.
636 3760 911 3800 Μωαηάνιαε,

617 3885 654 3931 Ε
690 3886 877 3934 LlBRO
913 3887 1215 3938 SECUNDO.

920 3994 959 4035 1.

335 4084 469 4122 Nescio
481 4084 679 4134 quomodo
690 4085 965 4137 Aristophanes
973 4087 1077 4127 dieat
1091 4089 1200 4129 nihil
1211 4092 1472 4140 malisacere
1484 4094 1560 4134 hoc

284 4158 365 4182 csse
386 4146 523 4190 lacere
544 4148 654 4187 idem
683 4149 798 4200 quod
831 4151 1006 4191 Cillicon
1037 4151 1159 4202 secie.
1197 4156 1293 4193 Nam
1324 4157 1487 4196 Cillicon
1506 4158 1559 4198 ob

286 4210 513 4257 pravitatmn
536 4212 688 4251 insaniis
708 4214 804 4262 orat,
823 4213 964 4264 quippe
979 4226 1096 4265 quem
1114 4218 1274 4256 Samum
1298 4220 1356 4258 we!
1380 4221 1557 4261 Miletum

1633 4089 1724 4129 dam
1740 4119 1752 4140 ‚
1766 4088 1955 4140 quidnam
1976 4088 2078 4127 esset
2093 4086 2283 4134 facturus,
2295 4083 2539 4136 respondisse
2554 4082 2696 4122 omnia
2713 4079 2834 4121 bona.

1631 4157 1697 4194 tur
1721 4152 1852 4205 (apud
1864 4151 2162 4202 Aristophanem
2181 4151 2392 4200 'trygoeus)
2409 4150 2553 4188 omnia
2573 4147 2681 4188 bona
2695 4144 2869 4195 jacere
2893 4185 2899 4190 ,

1631 4219 1684 4258 ‹it
1701 4217 1840 4259 eodem
1867 4226 1982 4256 sensu
2003 4226 2083 4267 quo
2111 4213 2277 4255 Cillicon
2305 4213 2418 4255 dixit.
2456 4214 2640 4274 Ceterum
2674 4204 2883 4250 Cillicon

1642 741 1697 769 ex
1725 723 1972 778 Clearcho,
1995 722 2065 764 uti
2098 720 2309 776 videtur,
2342 730 2629 767 memoratur
2669 717 2958 789 Μαιανδρίου

1639 813 1712 840 του
1739 789 2017 857 συγγραφέως
2040 792 2161 836 liber
2183 788 2485 855 Παράγγελμα
2510 794 2782 855 inscriptus,
2807 795 2952 855 cuju*

1640 868 1992 928 grammaticum
2023 873 2351 925 argumentum
2381 865 2538 909 fuerit.
2571 867 2783 926 Reliquis
2821 863 2963 919 lot-ia
3003 874 3007 925 ζ

1641 940 1858 983 omnihus
1895 953 2070 982 nomen
2103 937 2344 996 scriptoris
2381 945 2447 981 est
2485 934 2740 1001 Λεάνδριος,
2785 935 2958 999 rarius

1641 1008 1873 1074 Λέανδρος.
1907 1012 2037 1070 Opus
2071 1009 2130 1053 de
2149 1010 2290 1053 rebus
2311 1011 2461 1054 Mileti
2484 1025 2698 1070 expresse
2720 1000 2954 1081 laudam}
2958 1062 2967 1083 1
3003 1005 3007 1062 ἷ

1638 1085 1779 1128 semel
1802 1082 1885 1143 (fr.
1916 1100 1935 1127 1
1960 1083 1994 1143 ),
2017 1083 2116 1127 aliis
2138 1082 2254 1126 locis
2269 1091 2545 1143 argumento
2570 1081 2961 1159 fragmean
2965 1130 2968 1135 ,

1640 1156 1874 1200 indicatur
1904 1153 1917 1220 (
1956 1155 2014 1202 fr.
2043 1171 2070 1199 2
2097 1180 2160 1189 —
2182 1150 2264 1215 6).
2293 1156 2570 1237 Fragmenta
2600 1170 2658 1200 ιο
2695 1164 2742 1202 et
2781 1173 2834 1202 11
2878 1173 2944 1216 ex*

1640 1229 1732 1271 alio
1785 1243 1955 1287 opere,
1997 1226 2127 1285 eujus
2171 1228 2360 1271 titulum
2395 1228 2692 1287 ignoramus,
2734 1223 2964 1301 ιὯῘιιιῑῖῑζ,ς
3004 1273 3007 1276 .

1639 1308 1770 1356 sunt,
1795 1302 1830 1345 si
1870 1300 2064 1359 quidem
2102 1300 2296 1343 omnino
2331 1299 2392 1344 ad
2429 1301 2661 1345 Milesium
2695 1292 2964 1373 ιιο5ῒι·ιιιιι,ᾗν,ῑΙ

1639 1388 1793 1431 neque
1826 1373 1887 1417 ad
1906 1372 2176 1418 Leandrum
2201 1371 2436 1432 quendam
2459 1373 2714 1432 pertinent.
2752 1368 2829 1420 Ad
2876 1390 2882 1413 )

1640 1445 1805 1488 lesium
1847 1444 2004 1488 1efero
2057 1459 2160 1502 quae
2210 1445 2433 1504 leguntur
2481 1445 2610 1504 apud
2650 1446 2780 1491 Clem
2821 1468 2828 1485 .
2924 1448 2931 1455 '

1639 1516 2011 1561 Alexandrinum
2028 1517 2200 1561 Strom.
2222 1518 2312 1572 VI,
2339 1531 2461 1576 2‚p.
2489 1517 2602 1575 267,
2630 1532 2658 1562 2
2679 1518 2829 1578 Svlb„
2853 1511 2941 1588 'ubi

1639 1590 1761 1634 inter
1780 1605 1859 1634 eos
1879 1591 1961 1650 qui
1982 1591 2277 1649 Melesagorae
2292 1591 2463 1650 scripta
2475 1586 2780 1651 expilaverint
2800 1583 2940 1640 etiam

1640 1663 1899 1706 Leandrius
1932 1671 2250 1707 recensetur.
2285 1660 2604 1726 Μελησαγόρου
2639 1656 2722 1728 γὰρ
2750 1657 2939 1730 ἔκλεψαν

1641 1732 1775 1797 Γορ’
1731 1752 1826 1795 γιας
1853 1736 1876 1780 ὃ
1901 1734 2125 1787 Λεοντῖνος
2147 1733 2223 1780 καὶ
2254 1732 2456 1797 Εὔδημος
2484 1738 2506 1782 6
2533 1734 2749 1791 Νάξιος..
2781 1735 2936 1804 Ἀμφί-

1639 1806 1768 1870 λοχός
1805 1825 1850 1853 τε
1876 1805 1951 1853 καὶ
1975 1805 2254 1871 Ἀριστοκλης
2281 1826 2356 1854 και
2381 1807 2613 1873 Λεάνδριος
2641 1807 2716 1856 καὶ
2739 1807 2939 1870 Ἑλλάνις

1640 1897 1712 1933 κος
1743 1878 1818 1925 καὶ
1843 1877 2093 1944 Ἀνδροτίων
2129 1881 2226 1927 κτλ.
2254 1909 2319 1914 -
2343 1882 2500 1940 Quod
2509 1891 2687 1928 aetatem
2701 1873 2940 1955 scriptori?

1640 1954 1831 2010 attinet,
1849 1969 1907 1998 ex
1929 1954 2096 2014 fragm.
2121 1952 2146 1997 3
2164 1961 2292 2013 patet
2316 1956 2423 1999 eum
2439 1952 2742 2015 Callimacho,
2763 1957 2944 2031 quipp}

1641 2027 1723 2084 qui
1737 2042 1846 2070 usus
1859 2042 1915 2071 eo
1932 2028 2012 2083 sit,
2001 1989 2104 2071 ”vel
2119 2027 2344 2085 aequalem
2359 2044 2389 2071 v
2392 2028 2434 2072 el
2455 2029 2767 2088 antiquiorem
2782 2027 2935 2098 fuisse}

1640 2099 1720 2143 Sin
1740 2107 1866 2142 recte
1891 2097 2073 2156 conjeci
2090 2099 2365 2144 Athenaeum
2389 2097 2404 2161 (
2425 2099 2485 2144 fr.
2516 2116 2572 2144 12
2594 2099 2608 2162 )
2633 2115 2715 2144 sua
2736 2084 2941 2184 hawise}

1641 2186 1698 2215 ex
1723 2171 1973 2226 Clealcho‚
1993 2171 2276 2215 Maeandrius
2307 2173 2408 2232 ipso
2439 2172 2664 2218 Clearcho
2702 2173 2946 2251 antiquio}

1640 2245 1712 2288 vel
1725 2259 1899 2304 suppar
1914 2251 2045 2289 aetate
2058 2259 2151 2288 esse
2173 2244 2351 2291 debuit
2368 2246 2439 2290 Ne
2453 2261 2548 2289 mu
2536 2246 2604 2289 'to
2624 2244 2890 2306 antiquiore
2914 2254 2924 2258 “
2939 2271 2959 2305 .y

1642 2314 1776 2360 fuisse
1797 2325 2043 2376 putemus,
2077 2325 2406 2376 argumentum
2439 2316 2687 2378 fragmenti
2723 2332 2804 2377 ια,
2887 2375 2890 2378 ⁴
2914 2323 2916 2325 ’
2940 2318 2947 2322 ’

1639 2389 2057 2448 Peiipateticorum
2085 2388 2313 2435 industria
2329 2389 2620 2451 indigitatur,
2641 2389 2862 2435 videtur‘
2880 2413 2900 2430 ει

1638 2460 1815 2519 pedire.
1849 2461 2067 2506 Ceterum
2093 2461 2192 2506 haec
2215 2462 2395 2506 incerta
2427 2471 2549 2509 sunt.
2586 2461 2744 2507 Nihilo
2827 2466 2830 2469 ’
2857 2479 2951 2500 nav·

1640 2535 1811 2578 certior
1829 2543 1896 2578 est
1915 2534 2138 2579 Meinekii
2158 2533 2459 2593 conjectura,
2487 2535 2570 2594 qui
2597 2532 2701 2596 (uti
2724 2533 2854 2580 disco
2887 2557 2894 2595 '.
2922 2562 2931 2573 κ
2960 2575 2962 2587 ,

1639 2608 1981 2652 'Westermanni
2003 2608 2155 2670 Βιογρ.
2185 2622 2235 2668 p.
2270 2607 2365 2668 6οῆ
2399 2607 2706 2653 Maeandrium
2746 2602 2957 2670 historie

1639 2695 1746 2723 cum
1771 2689 1984 2724 nost1um
2011 2675 2343 2739 reponendum
2361 2687 2497 2739 putat
2519 2681 2570 2724 in
2590 2680 2695 2726 Vita
2717 2679 2848 2725 Arati
2870 2666 2957 2726 IV

1637 2768 1712 2812 lp.
1737 2752 2252 2808 Westerm.,ub1haec
2277 2749 2544 2812 Συνήκμασε
2565 2751 2603 2796 δ’
2628 2750 2707 2812 (sc.
2733 2747 2931 2815 Ἄρατος)

1638 2822 1752 2869 ’We
1736 2822 2166 2887 ςοίνδρωτῶΑἷτωλω
2178 2821 2252 2867 καὶ
2268 2819 2933 2888 ΚαλλιμάχῳκαιΜενᾶνδρῳ

1638 2898 1650 2942 ί
1664 2897 1761 2942 Μελ
1753 2914 1918 2959 ,ιιιγχρι1
1884 2894 1933 2940 ’ω
1958 2896 2066 2940 co.d
2095 2896 2268 2940 Matrit.
2290 2895 2302 2956 )
2332 2913 2405 2941 και
2429 2895 2625 2958 Φιλήτα.

2031 3043 2034 3046 ,
2097 3005 2466 3053 ΜΙΛΗΣΙΑΚΑ.

2215 3085 2219 3087 ,
2263 3115 2304 3167 Ι..
2601 3157 2612 3170 .

1983 3203 2020 3246 Ε
2057 3201 2243 3247 LIBRO
2279 3200 2576 3247 SECUNDO.

1703 3309 1859 3356 Schol.
1887 3311 2125 3370 Aristoph.
2147 3311 2257 3354 Pac.
2289 3308 2382 3354 363
2404 3309 2465 3354 ad
2485 3309 2631 3354 veiha
2649 3303 2769 3354 οὐδὲν
2791 3324 2926 3364 πονη-

1639 3382 1724 3447 ρὸν,
1749 3381 1845 3429 ἀλλ’
1870 3379 1976 3444 ὅπερ
2003 3381 2076 3427 και
2103 3381 2322 3429 Κιλλικων
2347 3377 2406 3445 ]:
2434 3381 2531 3428 Οὐκ
2553 3371 2631 3427 οἷδ’
2656 3377 2774 3435 ὅπως
2798 3377 2904 3446 φηιιὶ

1639 3454 1735 3503 οὐδὲ
1739 3475 1760 3501 ν
1786 3473 1969 3530 πονηρον
2003 3454 2140 3500 ποιεῖν
2171 3458 2310 3500 ταῦτα
2344 3451 2551 3524 πράττειν
2584 3444 2694 3500 εἶναι
2719 3450 2826 3516 ὅπερ
2849 3452 2925 3525 {a

1641 3530 1880 3577 Κιλλικῶν·
1906 3531 1928 3574 6
1959 3525 2043 3591 γάρ
2067 3545 2131 3573 τοι
2163 3527 2422 3575 Κιλλικῶν’
2404 3545 2474 3572 επι
2497 3520 2682 3591 πονηρίᾳ
2700 3522 2849 3572 δια66

1637 3602 1747 3649 ἐστι.
1770 3598 1896 3648 Φασὶ
1939 3598 2023 3664 γὰρ
2049 3597 2176 3645 αὐτὸν
2202 3600 2240 3645 οἳ
2265 3596 2343 3660 μὲν
2367 3595 2521 3660 Σάμον
2543 3593 2572 3654 ἢ
2597 3589 2798 3654 Μίλητον
2818 3575 2890 3653 aff-“-

1638 3675 1782 3720 δοῦναι
1815 3673 2072 3737 Πριηνευσι.
2109 3667 2372 3730 Θεόπομπος
2409 3670 2588 3732 (codd.
2616 3666 2897 3734 Θεόφραστος

1637 3745 1682 3793 δὲ
1705 3748 1747 3793 ἓν
1777 3747 1838 3808 τῷ
1868 3742 1922 3807 ιγ’
1951 3746 2035 3793 τῶν
2052 3741 2274 3807 Ἱστοριῶν
2313 3743 2399 3788 τῶν
2432 3740 2584 3788 ἑαυτου
2616 3738 2765 3806 «Σύρον
2788 3753 2830 3795 J
2856 3774 2868 3792 ,-

1635 3890 1852 3943 prodidisse
1872 3887 2146 3930 Prienensibus
2159 3887 2311 3927 dicunt.
2325 3887 2605 3938 Theopompus
2624 3895 2720 3926 vero
2739 3884 2810 3926 11⁸³·
2835 3902 2841 3918 ι
2872 3884 2883 3894 “

1635 3967 1723 3996 rum
1743 3964 1906 3995 suarum
1927 3953 2028 3993 libro
2047 3951 2202 3992 decimo
2213 3951 2331 3991 tertio
2344 3949 2466 3991 tradit
2479 3960 2572 3990 eum
2592 3951 2737 3999 Syrum
2758 3947 2873 3989 insul

1637 4021 1778 4063 Samiis
1796 4018 2024 4071 prodidisse.
2035 4017 2316 4064 Quoerentibus
2330 4017 2465 4056 autem
2481 4027 2530 4055 ex
2545 4025 2593 4055 eo
2602 4013 2746 4066 saepius
2762 4013 2858 4065 quib
2880 4015 2882 4018 ’
