3008 4542
113 381 116 387 ,
220 339 332 398 Quae
351 338 424 382 vel
441 338 504 382 sic
526 333 797 382 intercedat
811 336 932 379 inter
955 345 1165 379 auctores
1187 334 1450 378 differentia

106 415 205 459 {zet
233 411 456 456 dissensus
475 424 531 454 ex
553 410 652 468 ipsa
675 407 832 452 tabula
852 408 1055 467 colligas.
1092 407 1362 452 Accuratius
1390 405 1449 450 de

107 522 129 549 Δ.
154 483 226 531 liis
262 483 463 543 disputat
490 481 767 536 Bunsenius,
806 479 865 524 ad
893 494 1034 538 quem
1068 479 1291 523 lectorem
1324 478 1448 522 1616-

107 550 125 615 5'
145 551 327 618 lgamuS.

144 621 155 655 ,f
208 625 360 687 'Quod
374 625 576 685 singulos
592 622 731 680 hujus
750 621 970 681 dynastiae
987 636 1119 682 reges
1141 622 1321 682 attinet,
1340 636 1450 665 mo—

100 687 375 745 *J'snumenta
407 695 613 755 probant
656 695 741 738 sub
780 709 927 754 regno
963 693 1201 738 Sesortese's
1228 697 1371 752 primi
1404 700 1450 737 et

148 773 276 816 ‘artes
307 768 519 828 inprimis
541 766 750 811 floruisse
779 775 917 826 atque
937 766 1163 810 ditionem
1184 766 1305 809 ultra
1337 763 1450 810 fines

100 835 113 879 θ’
146 841 343 902 ⁴AEgypti
368 855 456 900 per
472 839 672 884 Nubiam
690 839 889 897 aliasque
912 839 1127 899 regiones
1144 838 1316 882 vicinas
1333 852 1447 897 per—

96 915 126 979 4
154 914 339 970 tinuisse
363 912 429 974 (v.
459 913 659 956 Bunsen.
685 926 728 966 p.
758 909 912 970 307.).

78 983 84 1034 f
113 1014 116 1021 -
137 987 146 996 “
218 985 461 1030 Sesortosis
494 983 716 1027 secundus
748 991 815 1027 est
855 982 1038 1027 celeber
1073 982 1150 1026 ille
1190 997 1273 1026 rex
1311 997 1450 1041 quem

56 1056 121 1110 4!
154 1057 302 1105 Graeci
343 1056 568 1102 Sesostrin
606 1054 761 1099 dicere
797 1055 962 1099 solent.
994 1052 1242 1114 Manetho,
1283 1062 1449 1114 utpote

157 1129 420 1190 AEgypffius,
439 1129 630 1171 nomine
646 1127 912 1172 Graecanico
934 1136 1121 1172 eatenus
1140 1137 1322 1172 tantum
1343 1142 1451 1171 usus

89 1195 322 1263 ’,[1116111,
353 1209 580 1260 quatenus
617 1199 936 1244 demonstrare
966 1199 1142 1244 studuit
1179 1200 1239 1244 ad
1271 1201 1450 1244 huncce

104 1263 113 1270 .
155 1274 371 1333 dynastiae
394 1272 682 1316 duodecimae
698 1287 877 1332 regem,
898 1287 996 1315 non
1021 1287 1136 1316 vero
1170 1272 1229 1316 ad
1252 1274 1451 1317 Ramsen

103 1351 117 1404 ᾗ
154 1345 372 1404 dynastiae
399 1344 751 1388 undevicesimae.
767 1377 779 1399 ,
800 1345 881 1402 qui
903 1343 1031 1388 haud
1053 1345 1115 1388 ita
1134 1344 1332 1388 multum
1346 1353 1451 1388 ante

155 1415 374 1463 Troicum
393 1417 568 1461 bellum
586 1417 725 1471 vixit,
752 1416 995 1461 referenda
1021 1432 1133 1472 6556,
1159 1432 1259 1476 quae
1284 1416 1343 1461 de
1358 1418 1451 1462 Se—

155 1488 351 1534 sostride
374 1488 500 1548 apud
521 1487 704 1533 Graecos
738 1488 1164 1534 circumferrentur.
1201 1487 1318 1535 Cum
1353 1489 1448 1533 Ma-

155 1561 439 1605 nethoniana
462 1559 708 1604 traditione
740 1560 1049 1605 conferendus
1079 1570 1146 1604 est
1177 1561 1453 1619 Apollonius

107 1654 109 1658 ·
155 1632 385 1688 Rhodius,
405 1633 486 1691 qui
508 1632 558 1675 in
572 1633 749 1692 Argon.
765 1634 842 1688 IV,
868 1631 962 1691 259
982 1648 1084 1692 sqq.
1110 1633 1169 1677 de
1183 1633 1450 1689 Sesostride‚

157 1705 242 1748 etsi
274 1718 372 1748 non
404 1704 646 1747 nominato
666 1718 775 1764 rege
795 1737 807 1760 ,
843 1705 909 1749 ita
933 1705 1163 1763 loquitur,
1186 1713 1239 1748 ut
1263 1704 1453 1764 expedi·

157 1777 306 1822 tiones
328 1775 439 1834 ejus
477 1776 704 1834 urbesque
736 1791 824 1834 per
859 1777 1012 1820 Asiam
1059 1776 1268 1821 conditas
1300 1778 1456 1821 multis

155 1848 317 1893 seculis
334 1849 617 1907 antiquiores
633 1862 725 1892 esse
744 1848 1036 1908 navigatione
1057 1850 1368 1909 Argonautica
1384 1851 1452 1893 in-

151 1913 437 1974 telligantur.
464 1914 679 1958 Ceterum
702 1913 760 1958 de
785 1913 1057 1958 confusione
1080 1914 1346 1958 Sesostridis
1369 1914 1455 1974 dy-

140 1985 310 2040 ,nastiae
330 1987 498 2041 tertiae,
524 1986 820 2046 legislatoris,
846 1994 985 2044 atque
1003 1987 1160 2030 Nostri
1181 1996 1227 2031 et
1252 1989 1454 2031 Rames—

129 2058 216 2102 *sis
238 2057 416 2117 dynast.
443 2058 561 2102 XIX
581 2058 690 2102 vide
712 2059 909 2104 Bunsen.
931 2073 980 2116 p.
1010 2057 1103 2117 319
1127 2074 1230 2118 sqq.
1259 2059 1326 2103 Ac
1360 2060 1455 2119 ipse

159 2129 347 2175 fortasse
370 2130 693 2175 Eratosthenes
717 2145 816 2174 non
846 2129 905 2174 de
928 2131 1290 2175 Manethoniano
1315 2146 1449 2192 rege,

159 2203 242 2247 sed
261 2203 320 2247 de
339 2217 396 2247 60
412 2236 425 2259 ,
452 2218 592 2261 quem
610 2203 758 2248 Graeci
779 2211 1030 2258 noverant,
1056 2203 1310 2247 Sesostride
1327 2205 1454 2264 cogi·

109 2299 119 2307 ‚
161 2271 290 2322 tavit.
313 2301 377 2308 —
404 2275 546 2334 Quod
568 2275 781 2320 Sesostris
796 2283 954 2319 noster
976 2290 1083 2319 cum
1108 2275 1291 2322 Osiride
1321 2291 1454 2320 com—

161 2352 372 2412 ponitur,
398 2352 450 2396 id
486 2352 549 2395 ita
567 2350 896 2410 explicandum
927 2365 1020 2395 esse
1043 2350 1252 2407 videtur,
1275 2360 1328 2395 ut
1349 2361 1456 2411 post

161 2424 414 2480 Osiridem,
462 2425 544 2483 qui
582 2437 768 2467 omnem
807 2422 973 2467 orbem
989 2431 1219 2467 terrarum
1252 2425 1454 2485 subegit,

159 2497 314 2542 nullus
359 2495 500 2540 fuerit
541 2510 625 2540 rex
670 2496 914 2556 AEgyptius
928 2528 940 2551 ‚
981 2497 1062 2554 qui
1101 2496 1251 2556 gloria
1290 2497 1458 2544 bellica

112 2588 115 2591 ·
160 2583 268 2614 eum
285 2570 547 2629 aequaverit.
566 2567 706 2628 Quod
720 2566 778 2612 de
791 2576 961 2613 statura
979 2569 1099 2630 regis
1122 2568 1314 2615 affertur
1331 2570 1458 2631 apud

156 2642 435 2698 Eusebium,
466 2657 612 2701 quum
654 2642 705 2684 in
730 2640 953 2685 Africano
991 2642 1228 2701 Syncellus
1249 2659 1347 2688 non
1385 2645 1457 2688 le—

161 2715 276 2776 gisse
300 2714 530 2770 videatur,
555 2713 744 2758 fortasse
764 2728 822 2758 ex
840 2713 1088 2758 Herodoto
1113 2715 1162 2758 in
1178 2714 1356 2760 fontem
1371 2717 1459 2760 Eu-

162 2786 278 2831 sebii
313 2786 491 2830 illatum
529 2795 595 2830 est
625 2784 847 2850 (Bunsen.
885 2801 932 2845 Ρ.
979 2785 1119 2848 322).
1155 2788 1460 2834 Monumenta

164 2856 300 2917 hujus
331 2859 463 2918 regni
487 2857 743 2902 admodum
776 2872 898 2902 rara.
937 2858 1097 2902 Unum
1122 2868 1277 2904 tamen
1288 2875 1458 2921 super—

166 2939 258 2987 est,
298 2946 392 2990 quo
436 2931 640 2990 populus
662 2931 874 2974 virorum
892 2938 1074 2974 staturae
1109 2946 1316 2990 procerae
1340 2932 1461 2977 albi-

159 3016 258 3061 -que
278 3002 471 3057 coloris,
498 3004 735 3060 tamquam
758 3000 966 3046 devictus
984 3017 1011 3046 a
1036 3017 1145 3063 rege
1163 3036 1176 3060 ‚
1201 3018 1458 3063 repraesen—

166 3082 291 3119 tatur
310 3071 470 3139 {Buns.
497 3088 545 3132 Ρ.
568 3071 706 3134 323).

230 3146 679 3197 Mares-Amenemes
705 3144 800 3199 III,
826 3144 920 3188 sive
950 3145 1187 3190 Ram-ma
1222 3146 1461 3190 Anemen-

168 3217 262 3273 the,
286 3216 538 3276 labyrinthi
564 3224 840 3271 exstructor,
865 3215 990 3274 apud
1018 3218 1346 3262 Manethonem
1375 3233 1461 3262 au-

168 3289 238 3336 dit
256 3291 477 3334 Lamares
498 3287 787 3348 (Lampares.
814 3287 1097 3350 Lackares).
1120 3289 1259 3348 Quod
1273 3305 1460 3347 nomen,

169 3363 402 3408 Bunsenio
445 3361 624 3420 judice,
663 3361 721 3405 ab
761 3362 862 3420 ipso
899 3361 1166 3419 labyrintho
1208 3364 1259 3406 in
1304 3377 1462 3423 regem

169 3435 437 3480 translatum
483 3431 686 3476 videtur.
732 3432 917 3476 Scilicet
957 3431 1246 3490 labyrinthus
1286 3434 1460 3478 dictum

160 3495 312 3550 'fuerit
330 3507 577 3559 Ramares,
600 3505 631 3550 i.
657 3519 697 3550 e.
724 3513 883 3563 porta,
907 3503 1074 3548 domus
1099 3505 1288 3549 Maridis
1302 3539 1315 3561 ,
1337 3506 1463 3549 unde

174 3578 366 3623 evaserit
389 3577 606 3636 deinceps
628 3578 864 3622 Lamares.
882 3575 1098 3620 Diodoro
1119 3578 1165 3632 I,
1190 3577 1247 3621 61
1272 3592 1354 3621 rex
1386 3577 1463 3621 di-

175 3649 295 3694 citur
309 3650 480 3693 Maru-s
500 3649 575 3692 vel
595 3646 961 3702 Mamur-idem
984 3647 1032 3701 Ι,
1053 3662 1112 3706 97
1144 3647 1280 3707 (coll.
1304 3650 1327 3692 I
1341 3682 1354 3706 ,
1376 3647 1460 3708 89)

175 3721 235 3766 ab
252 3722 350 3766 aliis
367 3723 553 3765 Marum
570 3735 743 3780 regem,
763 3719 820 3763 ab
841 3719 940 3763 aliis
954 3719 1172 3762 Mendem
1193 3717 1240 3779 (i.
1265 3734 1303 3764 e.
1320 3721 1464 3763 Ame-

176 3790 367 3856 nemhe)
389 3793 483 3838 dici
501 3793 659 3840 tradit.
676 3791 819 3852 Apud
839 3792 1118 3836 Strabonem
1137 3792 1352 3851 Epitome
1381 3792 1467 3836 ha—

177 3864 257 3909 bet
279 3861 501 3926 Μαΐνδης,
538 3874 688 3909 textus
724 3873 882 3908 noster
917 3861 1118 3924 Ἰμοίνδης
1155 3872 1200 3907 et
1233 3860 1466 3923 Ἰσμάνδης

135 3928 140 3933 ’
181 3935 264 3996 (cf.
283 3937 483 3982 Bunsen.
505 3938 568 3983 ΙΙ.
589 3937 766 3996 praefat.
790 3952 840 3996 p.
861 3934 948 3999 X).
975 3937 1257 3995 Corruptum
1281 3935 1468 3980 Maridis

48 4020 89 4087 ἕω
179 4022 352 4072 nomen
374 4009 511 4053 etiam
530 4008 655 4068 apud
684 4010 882 4054 Plinium
908 4024 1000 4053 esse
1022 4008 1208 4053 videtur
1230 4010 1279 4051 in
1315 4009 1374 4053 H.
1409 4009 1466 4054 N.

180 4079 401 4136 XXXVI,
426 4095 464 4124 0.
500 4079 574 4136 13,
591 4081 675 4125 ubi
694 4081 863 4140 Lyceas
873 4081 1135 4126 Naucratita
1155 4080 1470 4139 labyrinthum

181 4148 512 4214 dixissefertur
531 4153 794 4212 sepulcrum
816 4153 1043 4199 Moem'dis.
1071 4154 1281 4214 Ceterum
1309 4151 1368 4198 de
1402 4153 1470 4197 la-

54 3207 56 3211 “
55 3074 58 3075 ’
62 2978 74 3022 «·--
50 2935 66 2965 *³*-
59 2829 76 2884 ἡ(
49 2771 61 2779 ⁴⁴
51 2309 62 2338 ‹x-
52 2239 61 2277 w-
45 2082 71 2184 22,‘'.:<³,2
46 1972 73 2042 315:
48 1922 72 1958 2...
48 1785 70 1902 ⁷³5*-
44 1731 59 1766 τυ
46 1528 49 1530 ν

91 3183 101 3197 t
106 3143 110 3150 ,
95 3100 105 3122 -,
100 3028 106 3082 4..
89 2919 107 2979 ··-1·
103 2840 106 2842 .
90 2616 107 2743 -01
93 2531 102 2588 0⁷*
102 2430 106 2475 .,.
95 2388 97 2393 ⁴
90 2341 99 2350 κ
95 2317 100 2320 -
98 2286 106 2295 Α,
95 2177 106 2211 «1
95 2039 106 2107 -..
95 1935 97 1941 -
94 1823 98 1858 2‹
97 1753 106 1787 4...
94 1623 109 1632 ·,
101 1541 107 1550 .

1278 225 1688 274 FRAGMENTA.

2720 233 2812 274 565

1523 333 1743 391 byn-intho
1808 348 1883 378 use
1926 334 2102 379 disserit
2139 338 2336 380 Bunsen.
2374 351 2421 395 p.
2480 334 2711 391 327-340.
2751 358 2814 367 —-·

1523 405 1664 463 Quod
1699 405 1756 449 de
1791 403 2142 466 Scemiophride
2182 408 2602 467 (Sebelsnoplzride,
2631 416 2683 450 ut
2702 408 2815 451 scri·

1523 476 1728 520 bendum
1747 485 1879 536 putat
1895 478 2072 537 Fruin.)
2094 493 2244 523 sorore
2261 494 2335 538 ap.
2358 479 2680 523 Manethonem
2698 478 2817 523 Afri-

1524 548 1627 591 cani
1652 548 1803 607 legere
1826 557 1915 608 est,
1933 564 2141 593 errorem
2168 564 2261 594 esse
2283 561 2614 609 excerptorum
2639 551 2816 594 Bunse-

1525 618 1626 662 nius
1648 628 1795 678 putat.

1753 752 1983 797 DECIMA
2016 752 2056 798 Τ
2060 749 2241 797 ERTIA
2275 753 2591 799 DYNASTIA.

2134 870 2208 916 38.

1805 972 2133 1018 SECUNDUM
2167 973 2545 1018 AFRICANUM.

1590 1081 1826 1139 Syncellus
1839 1095 1891 1139 p.
1910 1079 1938 1123 6
1949 1095 1966 1123 1
1978 1114 1990 1136 ‚
2003 1083 2043 1125 A
2061 1093 2072 1126 :
2087 1076 2435 1143 Τρισκαιδεκάτη
2448 1076 2673 1124 δυναστεία
2692 1081 2818 1125 Διοσ·

1525 1151 1710 1196 πολιτῶν
1732 1148 1943 1214 βασιλέων
1980 1149 2030 1208 ξ’,
2065 1148 2106 1197 οἳ
2150 1148 2434 1196 ἐδασίλευσαν
2465 1148 2539 1206 ἔτη
2580 1148 2671 1212 υνγ’
2714 1148 2733 1213 [
2755 1153 2819 1195 sic

1525 1223 1630 1272 cod.
1647 1225 1709 1280 B;
1733 1221 1827 1286 ρπδ’
1845 1223 1952 1271 6011.
1977 1224 2019 1269 A
2040 1231 2084 1267 et
2107 1223 2266 1279 Goar.‚
2289 1224 2370 1282 qui
2391 1222 2580 1282 quidem
2604 1237 2823 1269 numerus

1525 1311 1582 1340 ex
1598 1304 1815 1354 sequente
1835 1295 1946 1355 dyn.
1967 1296 2058 1341 huc
2082 1293 2407 1355 aberraverit].

2136 1400 2211 1460 39.

1836 1504 2168 1550 SECUNDUM
2203 1504 2520 1551 EUSESIUM.

1595 1609 1760 1653 Euseb.
1787 1609 1958 1654 Chron.
2003 1625 2048 1669 p.
2084 1625 2146 1670 99
2175 1625 2186 1652 :
2214 1611 2370 1654 Tertia
2392 1609 2576 1654 decima
2607 1610 2825 1667 dynastia

1528 1682 1888 1740 Diospolitaram
1937 1683 2029 1726 LX
2068 1698 2250 1741 regum,
2289 1686 2368 1741 qui
2412 1692 2659 1740 regnarunt
2690 1686 2824 1725 annis

1531 1753 1828 1798 CCCCLIII
1849 1753 1861 1813 (
1879 1752 1971 1808 454
2006 1755 2240 1800 Samuelis.
2257 1752 2291 1815 ).

1594 1826 1817 1870 Eusebius
1853 1827 2053 1886 Syncelli
2080 1827 2140 1871 ad
2162 1827 2357 1870 verbum
2383 1826 2542 1870 eadem
2578 1826 2717 1869 habet
2750 1834 2819 1869 at-

1531 1913 1622 1957 que
1646 1897 1903 1945 Africanus.

1597 1964 1654 2006 In
1673 1965 1909 2022 Excerptis
1943 1964 2162 2008 Barbaris
2183 1965 2288 2008 loco
2311 1962 2588 2008 duodecimo
2625 1962 2822 2021 ponitur

1525 2043 1726 2094 potestas
1749 2035 2111 2078 Bubastanorum
2150 2050 2258 2079 cum
2275 2036 2404 2093 annis
2433 2034 2581 2079 CLlII
2616 2031 2733 2094 (453
2751 2033 2769 2076 Ρ
2784 2033 2817 2091 ).

1530 2107 1640 2163 Quae
1662 2106 1754 2149 huc
1774 2105 1962 2151 fortasse
1980 2105 2224 2150 referenda
2243 2115 2322 2150 est.
2340 2108 2391 2151 V.
2413 2106 2601 2149 Boeckh.
2625 2121 2672 2164 p.
2708 2103 2816 2149 156.

1595 2177 1670 2222 Ad
1689 2178 1809 2222 hanc
1836 2177 2090 2237 dynastiam
2115 2179 2369 2222 Bunsenius
2405 2178 2639 2237 pertinere
2672 2185 2823 2220 censet

1534 2249 1847 2295 Eratosthenis
1868 2265 1999 2312 reges
2021 2258 2297 2310 postremos,

2143 2359 2219 2407 40.

1936 2461 2419 2510 ERAIDSTHENES.

1597 2567 1835 2628 Syncellus
1852 2565 2116 2628 Chronogr.
2144 2584 2193 2628 p.
2229 2568 2316 2612 123
2342 2585 2351 2611 z

1600 2640 1813 2688 XXXVI.
1853 2637 2062 2695 Θηὸαίων
2083 2637 2152 2694 λς’
2170 2637 2419 2685 ἐδασίλευσε
2436 2636 2634 2702 Σιφόας
2661 2636 2826 2699 (Buns.

1535 2711 1786 2776 Σιφθᾶς),
1813 2710 1864 2774 [ὃ
1899 2709 1971 2757 καὶ
2013 2708 2211 2774 Ἑρμῆς]
2252 2709 2339 2763 υἱὸς
2375 2708 2639 2774 Ἡφαίστου,
2673 2706 2746 2765 ἔτη
2776 2706 2824 2754 ε’.

1533 2785 1622 2831 Τοῦ
1646 2782 1691 2829 δὲ
1715 2783 1878 2845 κόσμου
1902 2776 1954 2838 ἦν
1972 2781 2061 2837 ἔτος
2079 2781 2224 2847 ,ymni-'t'

1597 2857 1822 2903 XXXVI.
1887 2854 1967 2917 (P.
2022 2855 2160 2915 147.)
2203 2852 2415 2910 Θηὸαίων
2456 2853 2520 2907 λζ’
2577 2851 2826 2899 ἐὸασίλευσε

1536 2932 1583 2979 Φ
1599 2947 1688 2993 ρου
1701 2945 1723 2973 ο
1737 2945 1758 2991 ρ
1772 2929 1807 2972 ῶ
1841 2927 1855 2987 (
1872 2929 2011 2975 Buns.
2039 2923 2248 2990 Φουορῶ)
2267 2924 2360 2982 ἤτοι
2380 2926 2545 2984 Νεῖλος,
2567 2923 2638 2982 ἔτη
2661 2923 2692 2970 ε’
2714 2926 2826 2986 (501.

1537 3003 1586 3052 ιθ’
1602 3003 1633 3069 ).
1659 3003 1750 3050 Τοῦ
1776 2998 1820 3046 δὲ
1838 2999 2000 3058 κόσμου
2021 2991 2074 3057 ἦν
2095 2997 2184 3052 ἔτος
2203 2996 2414 3062 ,γωγωπέἵ
2442 2998 2551 3059 (scr.
2573 2995 2776 3060 ,γωγωζὲ
2792 2994 2824 3058 ).

1604 3075 1852 3125 XXXVII.
1891 3071 2100 3129 Θηὸαίων
2121 3071 2192 3128 λη’
2232 3069 2482 3117 ἐδασίλευσε
2502 3069 2829 3132 Ἀμουθαρταῖος

1539 3149 1698 3212 (Β11115.
1735 3142 2075 3208 Ἀμυντιμαῗος),
2094 3141 2168 3200 ἔτη
2194 3141 2268 3204 ξγ’.
2293 3145 2334 3190 T
2337 3146 2383 3189 οῦ
2414 3141 2457 3188 δὲ
2477 3140 2638 3202 κόσμου
2662 3132 2715 3197 ἦν
2741 3138 2829 3192 ἔτος

1538 3217 1705 3285 ,yffi-f.

1604 3293 1787 3355 Σιφθᾶς,
1830 3292 1862 3334 i.
1900 3305 1940 3335 e.
1984 3289 2191 3350 si-ptah,
2231 3287 2351 3332 filius
2390 3288 2636 3347 Hephaesti.
2681 3286 2828 3331 Verba

1538 3366 1559 3410 ὁ
1583 3363 1656 3410 καὶ
1679 3360 1847 3425 Ἑρμῆς
1863 3363 1949 3406 11ἰεί
1972 3362 2193 3422 glossema
2214 3369 2336 3415 sunt,
2355 3370 2462 3419 post
2483 3357 2569 3410 υἱὸς
2589 3355 2826 3421 Ἡφαίστου

1543 3435 1783 3497 ponenda.
1809 3459 1872 3469 —
1896 3434 2095 3495 Φουορῶ,
2110 3435 2142 3477 1.
2159 3432 2390 3493 e.plz-1‘or‚
2424 3433 2445 3476 ὁ
2466 3430 2633 3482 Νεῖλος.
2656 3455 2720 3462 -
2734 3430 2827 3473 Νο-

1544 3523 1654 3553 men
1677 3508 1799 3566 regis
1821 3506 2043 3566 postremi
2061 3502 2361 3565 Ἀμυντιμαῖος
2391 3502 2447 3562 (i.
2466 3518 2506 3547 e.
2527 3504 2586 3545 ab
2609 3505 2822 3553 Amente‚

1549 3579 1788 3623 Ammonis
1797 3592 1958 3633 uxore,
1971 3578 2106 3620 datus
2118 3577 2147 3635 )‚
2157 3577 2336 3635 scripsit
2346 3575 2608 3619 Bunsenius,
2620 3571 2828 3616 Statuens

1540 3652 1664 3696 enim
1707 3650 1872 3693 seriem
1909 3649 2302 3693 Eratosthenicam
2320 3681 2332 3702 ,
2372 3647 2551 3704 qualem
2592 3644 2827 3702 Syncellus

1541 3722 1688 3774 dedit,
1710 3722 1944 3780 pertinere
1956 3735 2103 3779 usque
2120 3720 2180 3763 ad
2200 3729 2374 3778 tempus
2412 3733 2504 3776 quo
2537 3725 2665 3760 vetus
2688 3717 2825 3774 AEgy-

1539 3796 1743 3854 ptiorum
1764 3809 1958 3854 regnum
1974 3793 2269 3838 aPastoribus
2278 3791 2544 3836 dissolutum
2563 3798 2643 3842 est,
2658 3802 2826 3831 nomen

1540 3867 1662 3927 regis
1694 3867 1916 3925 postremi
1947 3881 1972 3910 e
2010 3867 2032 3909 J
2040 3865 2214 3923 osepho
2246 3861 2501 3907 eruendum
2540 3873 2631 3902 esse
2674 3867 2822 3917 putat.

1543 3939 1726 3984 Scilicet
1749 3953 1895 3996 quum
1928 3937 1987 3981 de
2014 3946 2250 3996 pastorum
2270 3933 2501 3977 invasione
2519 3932 2710 3988 loquens
2726 3931 2827 3972 Ma-

1548 4010 1691 4054 netho
1708 4025 1781 4069 ap.
1811 4009 1999 4068 Joseph.
2027 4009 2079 4053 C.
2107 4007 2276 4065 Apion.
2298 4004 2421 4046 dicat
2442 4019 2450 4044 ;
2483 3998 2681 4059 Ἐγένετο
2704 4001 2822 4060 βασι-

1543 4078 1638 4132 λεὺς
1663 4083 1767 4141 ἡμῖν
1786 4078 1955 4140 Τίμαος
1995 4076 2206 4139 (Τίμαιος
2230 4073 2418 4131 Euseb.)
2442 4071 2588 4132 ὄνομα,
2629 4073 2716 4131 legi
2739 4087 2824 4129 pro

1545 4154 1615 4198 his
1634 4154 1732 4197 vult
1753 4169 1763 4196 t
1794 4149 1958 4214 ἐγένετο
1980 4146 2178 4212 βασιλεὺς
2192 4143 2472 4206 Ἀμυντίμαος
2505 4141 2824 4203 (Ἀμεντίμαιος
