3016 4628
25 781 27 785 ι
57 769 66 779 r

24 1090 43 1169 ξ.

36 1182 46 1197 D

912 302 1389 358 ATHENIENSIUM
1430 295 1835 350 RESPUBLICA.

665 428 689 476 l.
750 422 797 466 b.

164 499 406 564 Athenaeus
427 514 505 569 VI,
526 527 576 571 p.
594 438 772 554 2357E:
797 500 1088 568 Ἀριστοτέλης
1101 499 1136 546 δ’
1148 501 1191 546 ἐν
1209 499 1261 560 τῇ
1280 498 1373 545 Με-

25 577 47 644 ³,
97 587 288 636 θωναίων
314 581 558 648 (Ἀθηναίων
577 595 699 626 corr.
729 576 941 624 Grashof.
962 591 1010 635 p.
1037 573 1143 633 158)
1162 568 1374 632 πολιτείᾳ,

99 659 363 724 Παράσιτοι,
395 653 525 721 φησῖ,
558 653 644 704 τοῖς
671 648 748 712 μὲν
782 646 963 711 ἄρχουσι
989 643 1062 692 δύο
1084 643 1178 690 καθ’
1197 642 1377 689 ἕκαστον

100 725 226 791 ἦσαν·
241 731 326 783 τοῖς
341 728 386 776 δὲ
407 723 694 788 πολεμάρχοις
710 712 785 774 εἷς.
803 718 1059 781 Τεταγμένα
1077 714 1122 762 δὲ
1136 713 1378 776 ἓλάμὸανον

24 801 44 852 s
102 801 358 868 παρ’ἄλλων
371 797 419 846 τέ
437 815 560 844 τινων
573 793 742 842 καὶτῶν
755 790 908 838 ἁλιέων
923 790 1043 854 ὄψον.
1061 810 1080 831 υ
1095 790 1160 835 Cf.
1184 790 1376 833 Preller.

25 860 51 897 μ’
103 876 163 920 ad
183 874 363 932 Pol.,p.
388 886 472 928 117
496 904 508 927 ,
530 871 791 914 Hermann.
808 865 1004 910 Gottesd.
1032 865 1125 907 Aa.
1152 861 1237 917 36,
1270 876 1344 919 19.

707 959 791 1013 48.-

173 1071 516 1132 Harpocration
539 1085 549 1112 :
570 1068 610 1114 '1'
621 1084 647 1112 α
661 1085 693 1128 μ
706 1063 719 1112 ί
729 1085 755 1112 α
768 1084 799 1111 ι.
813 1063 855 1111 ’A
863 1061 945 1129 ρχή
962 1061 1134 1126 τιςπαρ’
1150 1059 1394 1118 Ἀθηναίοις·

108 1134 160 1201 ἦν
178 1143 216 1188 οἱ
233 1140 402 1204 ταμίαι,
429 1138 454 1185 ι’
472 1138 543 1185 τὸν
567 1135 762 1202 ἀριθμόν.
784 1132 1189 1200 Παραλαμὸάνουσι
1211 1133 1248 1179 δ’
1268 1126 1382 1180 οὗτοι

105 1214 155 1262 τό
173 1232 219 1260 τε
239 1213 415 1276 ἄγαλμα
428 1214 504 1269 τ’ῆς
526 1209 702 1268 Ἀθηνᾶς
725 1207 799 1255 καὶ
825 1206 901 1261 τὰς
915 1205 1054 1259 Νίκας
1070 1204 1144 1252 καὶ
1163 1204 1235 1251 τὸν
1257 1204 1384 1251 ἄλλον

24 1282 27 1294 ³
106 1285 268 1348 κόσμον
299 1283 372 1331 καὶ
395 1281 450 1330 τὰ
475 1282 682 1348 χρήματα
707 1278 892 1327 ἐναντίον
917 1282 994 1336 τῆς
1030 1280 1212 1342 βουλῆς,
1232 1276 1288 1330 ὥς
1307 1295 1386 1341 φη-

25 1371 42 1404 ⁴.
108 1375 175 1404 σιν
191 1357 281 1421 Ἀρ.
303 1358 348 1403 ἐν
369 1359 421 1419 τῇ
435 1354 523 1402 Ἀθ.
552 1354 652 1400 πολ.
679 1351 780 1401 Εἰσὶ
803 1350 851 1398 δέ
865 1369 972 1404 τινες
995 1349 1069 1397 καὶ
1091 1352 1175 1396 τῶν
1200 1349 1384 1413 [ἱερῶν]

31 1462 65 1482 ,·
108 1428 292 1494 τριήρων
313 1427 488 1490 ταμίαι,
513 1429 571 1479 ὥς
597 1428 620 1472 ὁ
649 1424 773 1477 αὐτὸς
801 1421 1027 1488 φιλόσοφός
1047 1440 1189 1487 φησιν.
1213 1421 1319 1469 εὈτι
1343 1419 1388 1468 δὲ

71 1499 75 1503 ’
109 1501 184 1548 καὶ
216 1507 302 1555 τοῖς
332 1498 606 1564 τριηράρχοις
643 1496 902 1559 παρείποντο
929 1493 1108 1556 ταμίαι,
1153 1491 1388 1548 δεδήλωκεν

112 1571 299 1626 Εὔπολις
319 1573 362 1618 ἐν
386 1573 586 1634 Μαρικᾷ.
622 1571 798 1615 Eadem
820 1568 1014 1613 Photius
1041 1577 1086 1612 et
1119 1566 1294 1612 Suidas.
1319 1567 1387 1611 Cf.

30 1680 36 1684 -
110 1648 260 1706 Etym.
276 1647 336 1691 M.
365 1661 402 1691 5.
426 1660 495 1703 V.,
514 1645 771 1689 Philemon.
793 1644 906 1687 LeX.
930 1657 979 1699 p.
1011 1638 1097 1683 151
1123 1639 1196 1683 ed.
1217 1639 1387 1684 Osann.

110 1718 306 1762 Bekker.
329 1715 502 1762 Anecd.
524 1731 574 1774 p.
604 1714 715 1760 306.
736 1714 902 1758 Pollux
923 1713 1038 1756 VIII
1059 1745 1071 1767 ‚
1097 1727 1155 1770 97
1188 1726 1199 1754 :
1221 1706 1392 1781 Ταμίαι

102 1790 187 1844 ,τῆς
209 1789 301 1832 θεοῦ
327 1785 541 1849 κληρωτοὶ
574 1782 650 1846 μὲν
677 1785 724 1830 ἐκ
758 1780 1230 1842 πεντακοσιομεδίμνων
1263 1783 1390 1837 ἠσαν,

48 1898 51 1899 ⁷
111 1858 167 1906 τὰ
195 1857 239 1904 δὲ
266 1857 474 1921 χρήματα
502 1850 838 1920 παρελάμὸανον
871 1856 958 1927 τῆςΜ
980 1854 1133 1916 βουλῆς
1156 1850 1390 1915 παρούσης.

114 1928 375 1978 Ἐκαλοῦντο
398 1928 434 1975 δ’
450 1922 566 1975 οὗτοι
588 1925 874 1991 κωλακρέται.
899 1927 1033 1988 Εἶχον
1059 1924 1104 1988 δ’,
1114 1923 1305 1979 ἐξουσίαν
1323 1923 1396 1970 καὶ

84 2014 87 2015 ’
114 2000 270 2062 ζημίαν
302 2001 490 2065 ἀφελεῖν,
524 2000 560 2046 εἰ
585 1997 740 2052 ἀδίκως
758 1997 840 2044 ὑπὸ
868 1999 952 2044 τῶν
979 1995 1195 2061 ἀρχόντων
1219 1980 1398 2052 ἐπῖὅλη-

115 2073 223 2132 θείη.
244 2075 377 2120 Idem
400 2076 528 2130 VIII,
563 2073 651 2118 116
681 2070 878 2133 τΤαμίας
902 2068 1080 2117 ἐκάλουν
1100 2068 1195 2123 τοὺς
1219 2076 1312 2123 ταῖς
1335 2072 1396 2116 ἱε-

93 2136 96 2141 ’
117 2149 207 2210 ραῒς
235 2144 426 2211 τριήρεσι
449 2140 826 2209 λειτουργοῦντας,
857 2142 1009 2211 ἄλλους
1030 2139 1059 2198 ἢ
1094 2141 1394 2207 τριηράρχους.

118 2216 207 2265 Καὶ
231 2219 269 2264 οἱ
300 2218 348 2263 ἐκ
384 2219 459 2274 τῆς
492 2214 701 2280 Παράλου
735 2214 810 2261 καὶ
835 2218 912 2272 τ’ῆς
941 2212 1212 2276 Σαλαμινίας
1249 2218 1400 2259 ναῦται

47 2295 51 2300 ’
118 2290 348 2336 ἐκαλοῦντο
358 2290 396 2335 οἱ
413 2287 489 2349 μὲν
504 2289 550 2334 οὗ
564 2286 751 2350 πάραλοι
763 2284 907 2347 μόνον,
925 2283 1120 2332 ἀλλὰκαὶ
1130 2285 1396 2348 Παραλῖται,

119 2363 158 2408 οἱ
183 2360 227 2407 δὲ
247 2362 523 2423 Σαλαμίνιοι.
550 2361 618 2407 Cf.
639 2363 895 2406 Hermann.
929 2359 1037 2416 151,
1064 2375 1108 2416 7.
1128 2359 1270 2419 Apud
1285 2361 1403 2403 Har-

37 2462 41 2486 7
117 2436 440 2494 pocrationem
456 2448 620 2478 vocem
632 2433 757 2494 ἱερῶν
771 2441 876 2475 ante
900 2431 1083 2493 τριήρων
1102 2431 1398 2490 inserendam

129 2522 222 2551 esse
244 2507 427 2550 monuit
448 2507 647 2550 Meierus
673 2505 722 2547 in
742 2503 900 2548 Ersch.
925 2521 968 2549 u.
994 2505 1182 2549 Gruloer.
1212 2505 1397 2562 Encycl.

38 2569 58 2610 ῗ
111 2572 231 2624 sect.
257 2580 350 2638 ΙΙΙ,
367 2579 465 2623 τοὶ.
489 2578 560 2621 XI
577 2612 590 2637 ,
607 2592 656 2635 p.
687 2575 796 2636 392.
822 2578 892 2620 De
914 2578 1050 2621 sacris
1067 2576 1282 2620 trieribus
1303 2577 1403 2620 Ari-

50 2663 58 2708 j
119 2651 290 2694 stotelis
306 2651 434 2693 locus
457 2659 523 2694 est
535 2650 583 2692 in
598 2649 1063 2705 LexicoRhetorico,
1083 2663 1220 2707 quem
1235 2649 1310 2693 hic
1323 2664 1401 2708 ap·

48 2725 59 2762 ,ἲ
118 2734 294 2783 ponere
319 2722 468 2766 liceat.

724 2824 803 2878 49·

188 2919 300 2961 Lex.
322 2917 459 2962 Rhet.
487 2932 536 2976 p.
562 2917 680 2989 679,
706 2932 733 2960 2
774 2933 784 2960 :
815 2914 1020 2980 Πάραλος
1039 2914 1112 2962 καὶ
1138 2916 1402 2978 Σαλαμινία.

5 2993 6 2996 ’
28 2991 38 3003 “’
65 3002 84 3041 ζ’
124 2986 301 3040 Ταύτας
317 2986 392 3040 τὰς
404 2987 588 3052 τριήρεις
609 2991 721 3052 εἶχον
745 2986 814 3033 διὰ
830 2987 988 3041 παντὸς
1000 2987 1106 3051 πρὸς
1122 2986 1196 3040 τὰς
1215 2988 1407 3050 ἐπειγού-

51 3063 58 3081 ”
87 3080 93 3086 ·
126 3077 203 3112 σας
220 3057 476 3122 ὑπηρεσίας,
492 3059 555 3126 ἐφ’
577 3051 643 3112 αἶς
663 3058 735 3105 καὶ
749 3058 903 3121 ταμίαι
917 3057 1026 3113 τινὲς
1046 3062 1404 3124 ἐχειροτονοῧντο·

125 3132 308 3194 ἐχρῶντο
332 3130 375 3176 δὲ
400 3132 575 3192 αὐταῖς,
596 3133 631 3177 εἰ
653 3130 738 3177 δέοι
765 3131 1002 3195 στρατηγὸν
1023 3131 1404 3197 μεταπέμψασθαι,

58 3976 123 4024 ,ἶν’

71 4036 93 4057 f„

46 4057 76 4074 ν*
91 4059 107 4075 μ’

32 4122 50 4138 L*
66 4122 89 4161 ,Ξ
103 4128 106 4131 ·

67 4169 105 4186 ι·λ

36 4205 43 4215 ο
61 4202 82 4218 ,’

33 4218 77 4234 ...g-

33 4273 36 4279 -

83 4351 92 4366 .'

71 4378 89 4399 2!

69 4397 105 4461 ἢ

29 4465 101 4498 Π

126 3199 271 3266 ὥσπερ
300 3202 590 3260 Ἀλκιὸιάδην.
621 3202 678 3250 Ἢ
706 3203 750 3249 δὲ
776 3202 981 3267 Πάραλος
1016 3203 1102 3250 ἀπό
1138 3223 1247 3258 τινος
1270 3205 1408 3270 ἥρωος

128 3338 243 3379 litant
271 3351 364 3379 cum
396 3340 575 3391 vatibus,
595 3342 636 3380 et
663 3341 852 3380 sacrificia
880 3353 954 3381 usu
979 3343 1129 3381 sancita
1163 3343 1336 3392 faciunt,
1366 3345 1407 3383 et

108 3403 435 3466 ⁴quinquennalia
464 3405 564 3444 festa
594 3406 788 3445 adornant
809 3407 944 3445 omnia
958 3409 1103 3457 praeter
1127 3409 1407 3448 Panathenaea.

83 3467 113 3497 »ἓ
126 3467 224 3516 ‘Haec
235 3467 463 3508 Aristoteles
477 3468 598 3508 tradit
612 3469 653 3508 in
673 3469 968 3509 Atheniensium
985 3472 1084 3520 Rep.

451 3571 455 3577 .
707 3536 762 3576 47
784 3531 827 3578 b.

182 3603 410 3643 Aristoteles
424 3603 465 3643 in
489 3603 618 3644 Athen
665 3607 790 3655 Rep.:
819 3620 837 3639 «
870 3606 1032 3646 Parasiti
1061 3607 1317 3647 archontibus
1332 3607 1413 3646 duo

133 3669 246 3706 erant
256 3669 440 3718 singulis,
460 3670 723 3719 polemarchis
749 3681 844 3710 vero
865 3683 979 3711 unus.
1002 3673 1258 3723 Accipiebant
1279 3675 1412 3712 autem

95 3758 98 3759 γ
132 3731 280 3771 statuta
291 3732 476 3782 quaedam
484 3734 570 3773 tum
579 3733 630 3773 ab
638 3733 739 3784 aliis,
750 3735 838 3773 tum
853 3745 877 3774 a
885 3735 1146 3786 piscatoribus
1155 3736 1376 3776 obsonium.
1394 3753 1412 3771 υ

731 3803 805 3843 48.

57 3867 91 3907 ἠ»
162 3912 165 3915 ¹
185 3859 350 3911 Ταμίαι,
368 3863 594 3911 quaestores.
615 3863 867 3914 Magistratus
889 3864 1052 3903 fuerunt
1083 3865 1188 3916 apud
1207 3866 1416 3906 Athenien·

134 3930 198 3961 ses
213 3925 430 3972 quaestores
439 3955 451 3975 ,
467 3925 604 3965 decem
628 3937 820 3976 numero,
847 3927 917 3978 qui
936 3928 1127 3967 Minervae
1158 3929 1427 3968 simulacrum»

139 3986 180 4026 et
193 3986 385 4028 Victorias
407 3989 563 4040 aliaque
592 3993 824 4032 ornamenta
854 3994 895 4032 et
930 3994 1117 4043 pecunias
1139 3993 1180 4032 in
1202 3996 1417 4044 conspeetu

132 4054 297 4092 oenatus
315 4052 575 4104 recipiebant,
613 4057 658 4094 ut
676 4056 732 4094 ait
759 4056 990 4097 Aristoteles
1012 4058 1053 4096 in
1074 4060 1171 4107 Rep.
1202 4057 1418 4097 Athenien-

138 4113 254 4157 Cium.
278 4117 378 4156 Sunt
400 4117 521 4156 etiam
546 4118 770 4159 triremium
791 4131 993 4159 sacrarum
1018 4123 1233 4171 quaestores
1248 4151 1259 4169 ‚
1277 4122 1415 4161 eodem

138 4172 368 4235 philosopho
389 4181 504 4220 teste.
521 4181 764 4222 Trierarcbis
789 4194 947 4235 quoque
974 4183 1181 4233 adjunctos
1207 4185 1323 4224 fuisse
1343 4185 1412 4225 de-

143 4238 264 4280 clarat
279 4243 434 4291 Eupolis
455 4243 491 4282 in
517 4245 674 4284 Marica.

2639 301 2721 342 121

1448 404 1678 470 ἐπιχωρίου
1703 403 1878 460 ἐκλήθη.
1905 403 1994 458 Τῆς
2011 400 2053 446 δὲ
2078 400 2285 464 Παράλου
2310 401 2382 447 καὶ
2401 402 2668 462 Σαλαμινίας
2688 404 2733 448 ἐν

1450 477 1573 543 τρίτῃ
1620 472 1875 538 μνημονεύει
1911 472 2203 530 Θουκυδίδης,
2237 472 2308 518 καὶ
2346 472 2649 536 Ἀριστοφάνης
2689 476 2733 520 ἐν

1451 541 1649 612 Ὄρνισιν
1665 566 1675 577 ·
1720 543 2013 608 Ἀριστοτέλης
2047 542 2090 590 δὲ
2131 543 2419 604 Ἀμμωνιάδα
2468 546 2540 590 καὶ
2578 544 2734 608 Πάρα-

1454 621 1527 666 λον
1549 611 1635 666 οἶδε
1659 618 1732 666 καὶ
1756 616 1992 681 Δείναρχος
2020 618 2062 662 ἐν
2081 618 2143 680 τῷ
2167 614 2280 661 κατὰ
2305 615 2621 679 Τιμοκράτους·
2651 618 2736 662 Φι-

1453 690 1629 755 λόχορος
1664 691 1750 752 (fr.
1780 707 1797 734 1
1814 691 1873 735 30
1890 691 1922 734 h
1945 690 1958 751 )
1983 685 2027 734 δὲ
2056 689 2098 733 ἐν
2119 690 2172 750 τῇ
2195 686 2233 741 ς’
2253 686 2457 749 τέτταρας
2479 686 2606 739 αὐτὰς
2626 680 2708 733 οἶδε
2724 724 2737 745 ,

1454 761 1628 826 πρώτας
1650 760 1727 824 μὲν
1765 759 1838 807 δύο
1858 757 2138 821 Ἀμμωνιάδα
2166 756 2242 804 καὶ
2262 756 2483 822 Πάραλον,
2510 776 2740 821 προσγενο-

1456 832 1587 896 μένας
1609 832 1654 880 δὲ
1692 832 1980 896 Δημητριάδα
2006 829 2080 877 καὶ
2108 828 2387 892 Ἀντιγονίδα.
2411 827 2675 875 Ἐκαλοῧντο
2699 828 2742 874 δὲ

1396 944 1400 949 ,
1457 907 1495 952 οἱ
1520 904 1775 968 ἐμπλέοντες
1810 907 1864 967 τῇ
1902 902 2096 966 Παράλῳ
2115 901 2334 964 Πάραλοι,
2359 902 2415 953 ὡς
2438 899 2511 946 καὶ
2535 900 2639 964 παρ’
2662 902 2743 947 Αἷ-

1457 976 1582 1041 σχίνῃ
1608 978 1687 1040 (C.
1713 977 1953 1037 Ctesiph.§
1977 976 2082 1020 162.
2104 976 2139 1036 ),
2164 966 2326 1037 οἶονῌ.
2352 974 2391 1019 οἱ
2415 972 2452 1017 δ’
2481 973 2548 1034 ἐν)
2575 976 2627 1036 τῇ
2654 974 2745 1019 Σα-

1456 1049 1635 1112 λαμινία
1651 1085 1663 1108 ,
1682 1047 1958 1109 Σαλαμίνιοι.
1990 1048 2151 1093 Suidas
2176 1057 2220 1092 et
2236 1046 2431 1091 Photius
2455 1061 2491 1088 5.
2518 1062 2562 1092 v.

1525 1123 1600 1168 Ad
1622 1124 1718 1167 haec
1741 1123 1942 1166 Meierus
1975 1135 1986 1166 ε
2015 1139 2033 1159 «
2054 1121 2244 1183 ἐχρῶντο
2265 1118 2302 1162 δ’
2341 1116 2524 1178 αὗταῒς]
2550 1118 2656 1162 cod.
2674 1118 2749 1162 αὖ-

1459 1194 1561 1247 τοῒς.
1590 1221 1654 1228 -
1684 1192 1889 1255 Πάραλος
1916 1189 2002 1236 ἀπό
2025 1189 2173 1251 τινος]
2207 1189 2316 1234 cod.
2356 1189 2416 1235 Π.
2444 1186 2518 1233 καὶ
2542 1189 2585 1236 ἀ.
2611 1207 2651 1235 τ.
2681 1190 2747 1235 Cf.

1461 1268 1606 1312 Thuc.
1637 1267 1730 1321 III,
1768 1265 1847 1321 33,
1881 1280 1968 1322 723
2001 1265 2139 1308 Arist.
2167 1265 2284 1308 Avv,
2316 1266 2454 1314 1204.
2478 1286 2542 1293 -
2569 1258 2751 1321 Ἀμμω-

1462 1336 1587 1383 νιάδα
1609 1337 1626 1398 ]
1648 1337 1754 1382 cod.
1788 1346 1992 1394 utroque
2015 1336 2121 1378 loco
2146 1330 2398 1397 Ἀμοριάδα.
2431 1334 2600 1377 Forma
2631 1334 2753 1376 enim

1465 1407 1710 1471 Ἀμμωνιάς
1735 1424 1837 1467 quae
1867 1417 2012 1452 exstat
2038 1408 2175 1452 etiam
2198 1422 2268 1465 ap.
2291 1406 2511 1449 Photium
2535 1422 2581 1450 v.
2602 1404 2754 1467 Πάρα-

1464 1482 1535 1534 λος
1569 1498 1620 1541 p.
1658 1480 1749 1525 386
1767 1515 1779 1536 ,
1808 1481 1868 1524 26
1899 1489 1945 1524 et
1966 1495 2042 1538 ap.
2078 1479 2268 1537 Ulpian.
2296 1478 2346 1520 in
2370 1479 2605 1524 Demosth.
2637 1478 2751 1521 Mid.

1465 1570 1515 1614 p.
1542 1559 1634 1606 214
1653 1553 1728 1597 ed.
1756 1568 1885 1608 meae,
1904 1552 2099 1611 propius
2119 1550 2178 1594 ad
2194 1549 2367 1593 codicis
2387 1537 2662 1608 scripturam
2682 1565 2756 1593 ac-

1466 1626 1590 1670 cedit
1615 1641 1754 1684 quam
1780 1621 1994 1685 Ἀμμωνίς
2009 1657 2021 1679 ,
2045 1623 2175 1682 quod
2192 1632 2258 1666 est
2281 1637 2355 1681 ap.
2382 1624 2616 1681 Harpocr.
2635 1638 2670 1668 5.
2688 1637 2757 1677 v.;

1465 1700 1688 1758 analogiae
1718 1707 1874 1742 autem
1904 1713 1962 1741 ne
1988 1698 2067 1740 illa
2095 1696 2286 1754 quidem
2314 1695 2465 1739 forma
2488 1704 2719 1755 repugnat
2743 1711 2752 1737 :

1468 1779 1592 1814 certe
1626 1771 1677 1813 in
1709 1771 1978 1814 nominibus
2011 1769 2199 1812 navium
2228 1769 2487 1813 Atticarum
2525 1769 2758 1827 reperitur

1465 1858 1562 1886 non
1586 1843 1738 1886 minus
1759 1838 2020 1898 Ἀσκληπιάς
2037 1875 2049 1896 ,
2076 1838 2238 1896 Δηλιάς
2254 1875 2267 1897 ,
2298 1838 2575 1901 Ὀλυμπιάς,
2605 1838 2756 1903 Ἀφρο-

1468 1911 1619 1970 δισιάς,
1637 1911 1831 1970 Σουνιάς,
1851 1930 1991 1973 quam
2013 1909 2193 1958 Αἷθιοπί
2201 1930 2235 1968 ς,
2250 1910 2421 1977 Δελφίς,
2441 1910 2593 1974 Δωρίς,
2622 1913 2761 1958 Λεων·

1467 1984 1554 2047 τίς,
1573 1984 1738 2049 Νηρηίς
1754 2022 1767 2045 ,
1791 1983 2040 2042 Παλληνίς,
2065 1982 2263 2046 Περσίς,
2293 1982 2551 2046 Στρατηγίς.
2575 2011 2639 2017 -—
2663 1986 2763 2028 Ari-

1469 2060 1641 2103 stotelis
1661 2060 1850 2103 nomine
1870 2059 1988 2102 liber
2005 2057 2100 2115 ejus
2110 2054 2219 2118 Περὶ
2235 2054 2451 2108 πολιτείας
2463 2055 2760 2115 significatur.

1471 2156 1538 2164 -—-
1577 2130 1887 2175 Ammoniada
1924 2130 2035 2174 inde
2069 2144 2161 2173 esse
2193 2129 2364 2173 dictam
2403 2129 2534 2188 quod
2571 2127 2761 2172 theoriis

1471 2204 1692 2248 Ammoni
1711 2204 1737 2247 J
1741 2204 1818 2247 ovi
1842 2202 2077 2246 mittendis
2100 2201 2313 2245 adhiberi
2333 2203 2465 2245 solita
2482 2203 2554 2258 sit,
2569 2202 2761 2260 Ulpiani

1471 2276 1505 2319 l.
1534 2291 1575 2322 e.
1602 2276 1825 2319 sententia
1849 2283 1915 2318 est
1943 2290 1952 2317 :
1979 2288 2143 2317 verum
2176 2288 2320 2331 quum
2344 2275 2465 2317 illius
2487 2274 2563 2317 dei
2594 2275 2758 2333 religio

1468 2346 1564 2404 jam
1588 2346 1916 2405 Peloponnesii
1948 2345 2061 2388 belli
2085 2344 2373 2402 temporibus
2395 2360 2493 2387 non
2519 2344 2658 2388 suerit
2676 2360 2761 2388 ne-

1473 2419 1621 2478 glecta
1665 2416 2022 2462 Atheniensibus
2041 2450 2053 2471 ,
2093 2417 2262 2459 mirere
2304 2416 2594 2460 Ammonidis
2635 2417 2762 2459 navis

1474 2489 1600 2548 apud
1640 2490 1932 2533 Aristotelem
1991 2488 2177 2532 demum
2215 2497 2261 2531 et
2300 2486 2590 2533 Dinarchum
2626 2498 2764 2546 atque

1473 2562 1808 2606 Philochorum
1836 2562 2055 2619 exstitisse
2083 2561 2381 2615 memoriam;
2416 2576 2524 2603 nam
2556 2561 2594 2603 si
2625 2561 2763 2603 etiam

1477 2633 1603 2692 apud
1631 2643 1840 2677 oratores
1871 2633 2108 2677 Dinarcho
2139 2633 2324 2690 priores
2343 2647 2396 2676 ea
2416 2640 2601 2690 reperta
2624 2641 2763 2687 esset,

1476 2707 1763 2766 grammatici
1780 2706 1917 2749 etiam
1930 2704 2270 2762 antiquioribus
2291 2704 2479 2747 testibus
2501 2703 2767 2747 denuncias·

1475 2787 1575 2822 sent
1590 2779 1917 2822 testimonium.
1955 2779 2100 2821 Acute
2121 2777 2263 2836 igitur
2282 2775 2481 2832 conjecit
2505 2774 2769 2819 Grashofius

1476 2851 1526 2892 in
1547 2849 1702 2893 Jahnii
1721 2850 1904 2895 Annall.
1921 2849 1992 2904 X,
2019 2863 2130 2908 2,p.
2164 2846 2574 2903 166,Amu10nidis
2597 2861 2768 2890 nomen

1479 2923 1529 2964 in
1545 2922 1745 2966 Atticam
1763 2922 1994 2965 civitatem
2015 2930 2253 2978 receptum
2273 2935 2381 2976 esse,
2403 2935 2547 2977 quum
2571 2920 2769 2963 Alexan-

1478 2992 1563 3036 der
1577 2993 1817 3037 Ammonis
1837 2990 1987 3035 filium
2005 2991 2245 3050 perhiberi
2265 3006 2310 3035 se
2332 2991 2518 3049 dicique
2534 2991 2731 3048 jussisset
2752 3025 2764 3046 ,

1479 3079 1629 3123 eoque
1641 3064 1811 3108 dictam
1824 3079 1916 3108 esse
1926 3079 2091 3108 navem
2109 3079 2199 3122 qua
2212 3065 2363 3107 theori
2377 3064 2436 3108 ad
2452 3063 2768 3107 Alexandrum

1479 3135 1721 3180 Ammonis
1750 3135 1898 3179 filium
1930 3137 2052 3180 missi
2090 3137 2391 3191 veherentur,
2435 3136 2485 3179 id
2513 3135 2643 3194 quod
2671 3135 2767 3179 fere

1481 3209 1666 3268 Olymp.
1696 3225 1713 3252 1
1729 3224 1803 3265 12,
1824 3225 1850 3253 2
1874 3208 2048 3253 factum
2068 3209 2221 3252 fuerit.
2246 3210 2356 3266 Quae
2373 3209 2410 3251 si
2429 3223 2538 3251 vere
2553 3217 2658 3251 sunt
2675 3207 2773 3251 dis-

1537 3417 1700 3456 Paralus
1718 3419 1758 3456 et
1775 3417 2000 3457 Salaminia.
2019 3420 2100 3457 Has
2119 3417 2302 3456 triremes
2317 3418 2507 3466 perpetuo
2522 3415 2572 3454 ad
2590 3414 2769 3454 ministe—

1494 3479 1560 3518 ria
1583 3480 1764 3520 celeriter
1786 3480 2039 3530 exsequenda
2065 3482 2221 3530 paratas
2247 3480 2460 3519 habebant.
2484 3482 2630 3518 Earum
2657 3479 2774 3517 etiam

1489 3544 1708 3592 quaestores
1724 3543 1916 3593 quosdam
1935 3543 2147 3592 eligebant.
2172 3544 2361 3583 Ceterum
2381 3542 2593 3581 utebantur
2620 3541 2680 3580 his
2705 3551 2797 3579 na-.

1488 3607 1625 3655 vibus,
1649 3607 1681 3646 si
1697 3607 1912 3656 imperator
1928 3606 2185 3646 arcessendus
2201 3609 2327 3657 esset,
2349 3608 2408 3646 uti
2424 3618 2464 3645 v.
2487 3616 2520 3645 c.
2538 3605 2777 3645 Alcibiades.

1490 3670 1652 3709 Paralus
1670 3681 1817 3709 nomen
1843 3670 1962 3709 habet
1987 3681 2011 3709 a
2040 3670 2178 3709 Paralo
2204 3670 2324 3709 heroe
2346 3669 2551 3719 indigena.
2582 3667 2709 3707 Parali
2737 3670 2776 3706 et

1490 3735 1715 3775 Salaminiae
1731 3735 1832 3773 libro
1844 3735 1962 3773 tertio
1981 3733 2161 3774 meminit
2176 3734 2427 3784 Thucydides
2443 3735 2482 3773 et
2498 3732 2776 3782 Aristophanes

1491 3799 1533 3837 in
1547 3799 1711 3839 Avibus.
1731 3799 1964 3839 Aristoteles
1981 3810 2078 3838 vero
2095 3801 2135 3838 et
2150 3799 2375 3839 Dinarchus
2391 3798 2430 3836 in
2450 3797 2624 3836 oratione
2640 3797 2776 3833 contra

1491 3862 1757 3902 Timocratem
1785 3862 2093 3902 Ammoniadem
2115 3863 2156 3901 et
2183 3862 2366 3901 Paralum
2386 3861 2618 3899 memorant.
2643 3858 2773 3896 Philo-

1493 3926 1639 3965 chorus
1668 3927 1804 3965 autem
1834 3926 1935 3965 libro
1964 3927 2077 3965 sexto
2111 3920 2301 3975 quattuor
2329 3934 2449 3962 naves
2479 3931 2608 3961 sacras
2636 3919 2774 3967 novit,

1491 3989 1663 4039 primum
1693 3989 1854 4039 quidem
1875 3988 2135 4037 Ammoniada
2163 3989 2203 4026 et
2231 3987 2416 4025 Paralum
2432 4015 2442 4033 ‚
2470 3984 2614 4033 quibus
2633 3981 2776 4022 deinde

1494 4046 1731 4091 accesserint
1761 4052 1980 4091 Demetrias
2013 4053 2054 4090 et
2084 4050 2301 4099 Antigonis.
2335 4049 2475 4087 Nautoe
2507 4045 2631 4084 Parali
2663 4045 2778 4083 navis

1494 4115 1803 4156 nominabantur
1823 4115 1975 4164 parali,
1993 4115 2051 4154 uti
2066 4116 2124 4155 est
2146 4114 2263 4153 etiam
2284 4112 2388 4163 apud
2405 4108 2626 4151 AEschinem
2638 4138 2650 4159 ,
2667 4108 2776 4153 siml!

1495 4180 1662 4231 literque
1679 4181 1900 4221 Salaminiae
1919 4182 2066 4231 nautae„
2084 4177 2294 4219 salaminii.
