3016 4628
230 302 291 341 40

313 407 426 446 Ἔστι
450 407 490 446 δέ
505 421 559 452 τις
578 406 707 455 Νύση,
721 406 871 447 ὕπατον
882 405 994 457 κέρας
1014 405 1146 445 ἀνθέον
1158 406 1230 457 ὕλῃ
1241 435 1253 454 ,

311 466 428 512 τηλοῦ
456 465 658 516 Φοινίκης,
676 466 818 516 σχεδὸν
837 465 1051 515 Αἰγύπτοιο
1065 463 1208 515 ῥοάων.

209 579 266 629 Ὁ
291 579 335 628 δὲ
362 579 593 634 Καύκασος
627 579 767 639 διήκει
802 579 891 627 ἀπὸ
910 583 986 638 τῆς
1009 577 1243 644 Ἀρμενίων
1263 578 1410 643 χώρας
1433 575 1512 630 ἕως

207 652 413 718 Κόλχων·
441 656 468 710 ἡ
495 651 539 700 δὲ
573 652 794 718 Σερὸωνὶς
816 651 949 716 λίμνη
978 651 1189 699 διάκειται
1208 650 1308 716 περὶ
1337 649 1387 697 τὸ
1407 652 1497 707 Πη·

207 726 377 776 λούσιον
400 730 477 784 τῆς
499 724 741 790 Αἰγύπτου.

273 803 384 846 Haec
417 810 524 845 sunt
562 801 853 860 excerptoris
897 800 1018 844 male
1053 798 1396 854 contrahentis,
1432 806 1512 841 aut

206 873 368 918 scribae
389 874 472 933 qui
494 888 670 918 nomen
691 871 869 916 laudati
898 880 1053 932 poetae
1074 871 1357 929 corruperit.
1397 871 1511 914 Eos-

207 946 318 991 dem
339 961 498 990 versus
521 960 578 990 ex
595 945 772 1005 hymno
797 945 847 987 in
862 944 1096 988 Bacchum
1119 944 1292 1002 petitos
1317 952 1388 987 ter
1407 943 1511 987 lau-

210 1018 292 1063 dat
316 1018 558 1063 Diodorus
592 1015 673 1078 (I,
703 1015 778 1073 15,
809 1032 854 1073 73
882 1017 978 1072 III,
1006 1015 1086 1072 66,
1116 1015 1164 1072 33
1187 1017 1275 1071 IV,
1297 1031 1353 1071 2,
1379 1021 1423 1071 4;
1448 1015 1507 1059 cf.

209 1092 487 1152 Wesseling.
515 1100 631 1135 tom.
658 1092 724 1147 ΙΙ,
742 1105 792 1149 p.
821 1087 914 1133 556
947 1087 1023 1132 ed.
1045 1088 1150 1148 Bip.
1176 1088 1189 1150 )
1211 1103 1267 1132 ex
1283 1089 1511 1147 Dionysio

205 1163 380 1207 scilicet
402 1163 664 1221 Mytilenaeo
681 1195 693 1217 ‚
718 1173 859 1220 quem
884 1160 1126 1219 Apollonii
1152 1160 1396 1203 scholiasta
1424 1173 1508 1202 sae-

205 1235 310 1294 pius
333 1235 517 1289 excitat,
538 1234 760 1292 cujusque
775 1233 1062 1276 mentionem
1085 1231 1308 1276 excidisse
1330 1240 1509 1291 putem.
1557 1257 1560 1262 -

205 1307 286 1350 Sin
304 1320 461 1350 versus
492 1304 768 1349 Herodorus
788 1303 970 1360 attulit,
993 1304 1222 1363 quaeritur
1245 1319 1304 1347 an
1322 1319 1428 1347 -non
1453 1304 1512 1347 sit

209 1385 375 1421 auctor
398 1375 511 1421 libri
530 1374 628 1439 περὶ
656 1373 866 1439 Ὀρφέως.
899 1377 1116 1420 Ceterum
1149 1375 1209 1419 cf.
1247 1375 1506 1421 Weichert.

207 1448 239 1493 l.
269 1449 364 1510 l.p.
401 1448 488 1493 165
511 1464 580 1508 sq.

822 1539 901 1585 53.

272 1672 430 1717 Schol.
458 1671 619 1733 Apoll.
646 1666 740 1716 Rh‘.
768 1672 858 1727 IV,
896 1670 954 1728 87
997 1686 1009 1715 :
1038 1667 1093 1717 Ὀ
1126 1668 1204 1732 μὲν
1227 1668 1510 1722 Ἀπολλώνιος

207 1742 318 1805 μετὰ
343 1742 391 1789 τὸ
416 1745 564 1808 φυγεῖν
596 1740 675 1799 τὴν
701 1741 906 1799 Μήδειαν
928 1743 977 1788 ἐκ
1001 1745 1077 1788 τοῦ
1102 1739 1267 1798 Αἰήτου
1289 1740 1406 1788 οἴκου
1426 1760 1511 1788 πε·-

205 1815 360 1874 ποίηκε
399 1813 745 1880 ὑπισχνουμένην
787 1813 837 1861 τὸ
879 1816 995 1868 κῶας
1029 1816 1091 1879 τῷ
1129 1813 1310 1862 Ἰάσονι·
1334 1817 1357 1862 ὃ
1388 1813 1509 1861 δὲτὰ

207 1887 506 1936 Ναυπακτικὰ
542 1887 714 1952 γράψας
749 1884 1093 1952 συνεκφέρουσαν
1133 1884 1270 1943 αὐτὴν
1309 1888 1425 1932 ποιεῖ
1456 1884 1506 1932 τὸ

205 1964 323 2015 κῶας
339 1959 452 2008 κατὰ
477 1960 556 2020 τὴν
581 1959 735 2026 φυγὴν,
760 1961 803 2007 ἐν
821 1963 884 2024 τῷ
901 1958 1007 2025 οἴκῳ
1020 1957 1215 2021 κείμενον
1227 1962 1302 2006 τοῦ
1320 1958 1506 2018 Αἰήτου·

206 2038 229 2082 ὃ
251 2034 296 2081 δὲ
321 2033 588 2100 Ἡρόδωρος,
617 2033 727 2096 μετὰ
754 2031 833 2091 τὴν
863 2031 1081 2088 ἀνάζευξιν
1103 2035 1190 2079 τῶν
1214 2032 1508 2096 Ἀργοναυτῶν

207 2110 507 2166 ἀποσταλῆναι
523 2106 595 2155 τὸν
621 2105 799 2156 Ἰάσονα
821 2104 904 2152 ὑπὸ
928 2110 1003 2153 τοῦ
1026 2105 1194 2163 Αἰήτου
1208 2104 1278 2152 ἐπὶ
1301 2105 1351 2152 τὸ
1370 2109 1485 2160 κῶας
1499 2125 1509 2136 ·

205 2181 277 2227 τὸν
316 2180 361 2228 δὲ
385 2181 644 2247 πορευθέντα
694 2178 900 2245 φονεῦσαί
934 2198 981 2226 τε
1004 2177 1076 2226 τὸν
1114 2177 1327 2243 δράκοντα
1353 2178 1429 2225 καὶ
1461 2178 1510 2226 τὸ

206 2256 322 2307 κῶας
359 2255 611 2316 ἀπενεγκεῖν
633 2251 740 2319 πρὸς
762 2249 935 2309 Αἰήτην
947 2269 964 2325 ἶ
1002 2249 1075 2297 τὸν
1100 2249 1146 2298 δὲ
1172 2249 1284 2317 δόλῳ
1325 2250 1510 2298 καλέσαι

207 2325 362 2380 αὖτοὺς
375 2325 445 2374 ἐπὶ
473 2327 661 2375 δεῖπνον.

271 2402 342 2444 De
381 2400 587 2444 dracone
627 2415 651 2443 a
676 2400 841 2443 Iasone
881 2398 1128 2443 interfecto
1159 2397 1219 2442 cf.
1245 2398 1507 2458 Pherecyd.

207 2472 265 2516 fr.
292 2487 370 2528 72.
391 2495 443 2503 —
467 2466 595 2518 Μετὰ
619 2489 662 2519 τ.
696 2470 764 2516 ἀν.
802 2471 887 2516 τῶν
913 2467 1208 2533 Ἀργοναυτῶν
1228 2469 1247 2533 ]
1273 2472 1353 2515 vix
1375 2486 1508 2528 sana3

206 2545 415 2603 suspicor
437 2561 485 2604 μ.
516 2562 558 2590 τ.
588 2544 658 2590 ἀν.
681 2561 721 2590 τ.
745 2541 905 2606 ἀγρίων
923 2541 1113 2607 ταύρων,
1139 2552 1383 2605 postquam
1403 2554 1511 2589 tau-

208 2633 285 2661 ros
308 2618 418 2661 istos
429 2616 543 2678 jugo
569 2617 862 2662 submiserat.

817 2749 899 2800 54.

278 2878 413 2922 Idem
429 2879 511 2933 lv,
551 2876 611 2921 86
640 2893 650 2921 :
678 2873 736 2923 ‘0
776 2874 854 2938 μὲν
896 2874 1184 2930 Ἀπολλώνιος
1227 2873 1378 2928 νυκτός
1406 2892 1512 2941 φησι

211 2947 474 3013 πεφευγέναι
493 2946 572 3004 τὴν
597 2946 798 3004 Μήδειαν
827 2946 898 2994 ἐπὶ
924 2946 1005 3004 τὴν
1028 2951 1154 3006 ναῦν,
1191 2946 1356 3005 Αἰήτου
1382 2945 1510 2994 συνέ-

211 3023 326 3086 δριον
343 3020 514 3086 ἔχοντος
541 3019 723 3084 Κόλχων
744 3018 843 3084 περὶ
870 3020 1100 3084 διαφθορᾶς
1119 3022 1205 3067 τῶν
1228 3018 1380 3084 ἡρώων
1393 3038 1404 3048 ·
1422 3021 1444 3065 ὃ
1463 3018 1508 3066 δὲ

211 3093 266 3141 τὰ
279 3091 572 3142 Ναυπακτικὰ
583 3090 832 3149 πεποιηκὼς
846 3091 928 3139 ὑπὸ
940 3091 1190 3157 Ἀφροδίτης
1202 3091 1308 3157 φησὶ
1321 3090 1393 3138 τὸν
1405 3090 1514 3149 Αἰή-

261 3232 334 3271 Est
350 3233 453 3280 Nysa
467 3228 654 3280 quaedam
665 3259 676 3278 ,
702 3239 818 3268 mons
837 3228 1050 3268 altissimus
1061 3258 1073 3278 ‚
1094 3227 1258 3267 floridus
1271 3215 1370 3268 silva
1383 3258 1395 3279 ‚

262 3296 448 3335 Phoenice
463 3295 627 3346 procul,
644 3306 766 3346 prope
782 3295 931 3335 fluenta
950 3296 1107 3347 AEgypti
1125 3296 1238 3347 (Nili
1255 3296 1286 3347 ).

153 3363 155 3366 ’
212 3364 411 3402 Caucasus
425 3372 522 3400 vero
544 3361 715 3411 pertinet
730 3361 781 3400 ab
794 3363 1074 3402 Armeniorum
1087 3364 1193 3401 terra
1208 3372 1335 3413 usque
1352 3360 1404 3400 ad
1420 3360 1512 3401 Col-

212 3426 308 3466 chos
318 3438 331 3474 3
354 3424 542 3465 Sei-bonis
556 3426 693 3464 autem
709 3425 820 3464 lacus
832 3425 933 3465 situs
950 3427 1010 3465 est
1026 3425 1077 3465 ad
1093 3426 1295 3466 Pelusium
1312 3425 1489 3476 AEgypti.

816 3502 889 3542 53.

264 3575 495 3617 Herodorus
523 3577 660 3616 narrat
689 3577 778 3627 post
811 3579 951 3618 tauros
980 3578 1059 3628 (ab
1086 3578 1348 3630 Argonautis)
1381 3578 1514 3619 aratro

209 3643 370 3694 junctos
385 3645 565 3684 Iasonem
582 3642 633 3682 ad
645 3643 772 3683 vellus
795 3643 845 3682 ab
862 3644 974 3683 AEete
1000 3644 1166 3684 missum
1183 3656 1288 3695 esse;
1309 3656 1357 3684 ac
1378 3646 1514 3695 profe-

214 3711 327 3751 ctum
351 3708 543 3749 occidisse
569 3708 785 3747 draconem
808 3710 848 3748 ct
867 3709 996 3748 vellus
1023 3711 1251 3760 apportasse
1277 3710 1328 3749 ad
1350 3711 1513 3761 AEeten;

211 3785 344 3824 regem
363 3784 458 3815 vero
473 3773 612 3813 dolum
634 3773 895 3814 meditantem
914 3777 1164 3824 Argonautas
1177 3786 1341 3816 vocasse
1355 3777 1407 3816 ad
1426 3788 1515 3817 con-

212 3839 381 3879 vivium.

816 3904 889 3946 54.

263 3980 600 4032 Naupacticorum
635 3981 775 4022 auctor
800 3991 831 4026 a.
854 3982 1009 4021 Venere
1034 3981 1090 4020 ait
1112 3983 1252 4022 AEeten
1273 3993 1366 4022 cum
1384 3986 1512 4034 Eury-

213 4046 295 4096 lyte
316 4056 442 4084 uxore
459 4044 565 4084 coire
587 4045 813 4094 cupientem
838 4044 956 4084 fuisse
973 4045 1224 4095 consopitum
1241 4076 1252 4096 ‚
1270 4047 1430 4088 Colchis
1445 4048 1514 4099 qui

214 4103 318 4154 apud
337 4115 430 4143 eum
441 4104 692 4142 coenaverant
708 4101 803 4141 item
813 4111 953 4141 somno
969 4104 1175 4153 oppressis.
1196 4104 1354 4144 Etenim
1370 4117 1513 4146 navem

216 4169 534 4217 Argonautarum
558 4167 689 4206 AEetes
704 4165 913 4205 incendere
928 4166 1101 4206 volebat.

268 4256 371 4294 Tum
388 4254 504 4304 igitur
521 4255 643 4295 AEetee
667 4254 906 4309 desiderium
924 4254 1057 4303 injecit
1074 4259 1210 4297 Venus
1225 4257 1359 4298 divina

1131 289 1457 338 nssssonom
1498 288 1971 338 nEssAcLEENsls
1998 253 2003 258 ’

1586 416 1665 455 την
1691 400 2092 461 κατακοιμηθῆναι,
2123 384 2452 460 ἐπιθυμήσαντα
2476 399 2528 460 τῇ
2558 397 2686 444 αὑτοῦ
2710 396 2884 460 γυναικὶ.

1589 469 1883 535 [Εὗρυλύτῃ]
1925 467 2231 534 συγγενέσθαι,
2257 468 2599 527 δεδειπνηκότων
2631 468 2734 534 παρ’
2762 471 2882 534 αὐτῷ

1585 544 1670 589 τῶν
1695 541 1882 607 Κόλχων
1907 541 1981 590 καὶ
2005 541 2312 605 κοιμωμένων·
2334 541 2403 589 διὰ
2427 540 2475 590 τὸ
2502 540 2731 606 βούλεσθαι
2755 541 2881 588 αὐτὸν
2918 542 2939 607 ᾗ
2983 555 2987 596 ζ

1585 618 1688 661 ναῦν
1714 617 1939 680 ἐμπρῆσαι
1950 632 1961 643 ·

1690 728 1750 776 Δὴ
1769 727 1851 767 τότ’
1869 728 1931 780 ἄρ’
1953 729 2076 779 Αἰήτῃ
2097 728 2216 768 πόθον
2229 727 2373 779 ἔμὸαλε
2385 728 2434 767 δῖ’
2455 727 2650 778 Ἀφροδίτη

1687 785 1907 836 Εὐρυλύτης
1919 785 2090 836 φιλότητι
2111 787 2332 838 μιγήμεναι,
2349 786 2393 835 ἧς
2413 786 2592 837 ἀλόχοιο,

1688 844 1880 894 κηδομένη
1899 845 2028 895 φρεσὶν
2051 843 2159 895 ᾗσιν,
2181 844 2286 889 ὅπως
2307 845 2387 895 μετ’
2403 844 2535 883 ἄεθλον
2555 842 2700 890 Ἰήσων

1691 903 1865 953 νοστήσῃ
1881 902 2031 941 οἶκόνδε
2050 902 2121 942 σὺν
2141 901 2384 953 ἀγῖεμοίχοις
2397 901 2608 953 ἑτάροισιν.

1587 998 1644 1048 ‘O
1666 999 1711 1047 δὲ
1734 998 1901 1063 Ἴδμων
1927 1002 2086 1058 συνῆκε
2106 998 2155 1047 τὸ
2178 999 2377 1064 γεγονὸς,
2405 998 2479 1047 καί
2504 1017 2631 1065 φησι·

1689 1094 1929 1145 Φευγέμεναι
1951 1092 2133 1145 μεγάροιο
2154 1095 2244 1141 θοὴν
2265 1094 2328 1133 διὰ
2344 1094 2465 1133 νύκτα
2479 1094 2676 1144 μέλαιναν·
2713 1117 2719 1122 -

1586 1172 1663 1231 τὴν
1689 1173 1734 1220 δὲ
1767 1173 1965 1231 Μήδειαν
1986 1172 2066 1231 τὴν
2094 1173 2361 1240 ποδοψοφίαν
2387 1165 2655 1231 ἀκούσασαν,
2697 1173 2886 1220 ἀναστᾶ·
2946 1175 2957 1204 ’ἔ

1587 1265 1667 1294 σαν
1688 1245 1942 1311 ἐξορμῆσαι.
1973 1245 2108 1310 Λέγει
2132 1244 2177 1293 δὲ
2193 1245 2266 1294 καὶ
2287 1244 2529 1310 Ἡρόδωρος
2546 1249 2700 1294 ταῦτα.

1651 1495 1785 1540 Idem
1808 1497 1870 1541 IV
1886 1529 1900 1554 ,
1928 1493 2058 1556 259:
2087 1490 2403 1557 Ἥρόδωρος
2436 1492 2516 1555 (ἐν
2539 1493 2627 1546 τοῖς
2658 1490 2888 1556 Ἀργοναύ-

1585 1567 1710 1630 ταις)
1742 1569 1848 1632 φησὶ
1869 1563 1940 1612 διὰ
1969 1569 2045 1623 τῆς
2069 1566 2202 1622 αὐτῆς
2223 1565 2444 1623 θαλάσσης
2474 1565 2739 1624 ἐπανελθεῖν,
2758 1566 2813 1611 δι’
2837 1557 2888 1622 ἧς

1584 1638 1658 1687 καὶ
1680 1639 1971 1704 ἐπορεύθησαν
1993 1640 2051 1692 εἷς
2077 1637 2290 1703 Κόλχους.

1650 1714 1766 1759 Cum
1781 1712 2035 1757 Herodoro
2046 1712 2222 1757 faciunt
2237 1710 2507 1772 Sophocles,
2522 1710 2828 1776 Callimachus
2842 1716 2890 1756 et

1582 1786 1823 1831 Diodorus
1845 1786 1929 1832 lib.
1954 1787 2035 1842 IV,
2057 1785 2133 1830 vel
2150 1787 2310 1846 potius
2326 1786 2591 1845 Dionysius.
2617 1787 2674 1847 V.
2698 1785 2886 1831 Muller.

1586 1859 1709 1905 Min.
1733 1874 1782 1918 P.
1813 1856 1926 1918 295.

2198 1928 2276 1974 56.

1593 2059 1604 2096 t'
1650 2053 1784 2099 Idem
1807 2054 1872 2110 ΙΙ,
1899 2050 1992 2098 815
2023 2068 2034 2097 ε
2059 2050 2169 2116 Περὶ
2193 2045 2268 2099 τοῧ
2289 2053 2332 2098 ἐν
2353 2051 2672 2117 Μαριανδυνοῖς
2698 2049 2884 2115 γενομέ-

1587 2144 1658 2173 νου
1697 2122 1883 2172 θανάτου
1907 2128 1982 2171 τοῦ
2006 2119 2212 2187 Ἴδμονος
2244 2123 2320 2171 καὶ
2357 2123 2602 2190 Ἡρόδωρος
2647 2124 2811 2190 ἱστορεῖ
2843 2125 2891 2171 ἐν

1590 2199 1678 2252 τοῖς
1699 2196 1798 2261 περὶ
1822 2196 2087 2262 Ἡρακλείας
2103 2233 2117 2259 ,
2139 2199 2196 2251 ὡς
2221 2197 2509 2262 Προμαθίδας
2531 2198 2638 2260 (vg.
2663 2195 2890 2262 Προμηθέ-

1586 2270 1661 2324 δας
1681 2271 1694 2334 )
1723 2261 1838 2328 εἰπε,
1863 2269 1938 2317 καὶ
1959 2268 2133 2335 Νύμφις
2148 2272 2191 2317 ἐν
2215 2273 2276 2335 τῷ
2303 2270 2493 2333 (malim
2514 2272 2618 2328 τοῖς,
2643 2273 2760 2316 utin
2775 2270 2887 2316 cod.

1585 2344 1732 2391 Paris.
1751 2345 1767 2404 )
1794 2341 2058 2407 Ἡρακλείας
2072 2379 2085 2404 ,
2107 2345 2164 2396 ὡς
2181 2338 2344 2404 Ἴδμων
2362 2341 2446 2389 ὑπὸ
2467 2341 2566 2399 συὸς
2589 2341 2779 2405 ἐπλήγη.

1635 2409 1637 2411 ’
1653 2414 1766 2479 Περὶ
1792 2413 2060 2479 Ἡρακλέους
2083 2418 2174 2477 legi
2194 2419 2293 2461 vult
2309 2416 2519 2477 Heynius
2533 2417 2594 2461 ad
2607 2415 2887 2477 Apollodor.

1587 2500 1704 2536 tom.
1730 2492 1793 2547 II,
1820 2506 1871 2549 p.
1896 2489 2009 2547 357.
2036 2490 2179 2548 Quod
2217 2505 2317 2534 non
2341 2498 2408 2535 est
2432 2491 2758 2535 necessarium.
2797 2490 2892 2534 Res
2967 2529 2970 2553 ἶ

1585 2571 1771 2608 narrata
1782 2564 1998 2623 proxime
2009 2571 2186 2624 spectat
2196 2563 2257 2607 ad
2269 2563 2541 2625 Heracleam
2552 2562 2736 2622 urbem,
2750 2570 2891 2621 atque
2965 2558 2974 2568 ”

1588 2644 1742 2681 totum
1780 2636 1908 2679 hunc
1949 2635 2110 2679 locum
2145 2634 2289 2679 fusius
2321 2636 2420 2680 sine
2444 2635 2591 2680 dubio
2614 2634 2892 2680 Herodorus

1589 2709 1821 2768 exposuit.
1857 2707 1926 2753 Cf.
1943 2707 2169 2768 Apollod.
2186 2709 2227 2764 Ι,
2251 2724 2298 2768 9,
2320 2707 2406 2765 23,
2432 2723 2474 2752 1.

2202 2826 2282 2885 57.

1654 2945 1789 2990 Idem
1808 2947 1874 3001 II,
1902 2943 1996 2997 848
2025 2960 2036 2988 ε
2062 2941 2171 3007 Περὶ
2195 2941 2240 2989 δὲ
2267 2940 2340 2989 τὸν
2374 2940 2617 3007 ἀγριέλαιον
2640 2940 2713 2989 τὸν
2736 2942 2889 2990 ἐπιπε-
2931 2942 2936 2947 ’

1590 3014 1755 3082 φυκότα
1774 3018 1836 3081 τῷ
1854 3013 2057 3078 Ἴδμονος
2079 3014 2204 3081 τάφῳ
2225 3013 2448 3062 ἐθέσπισεν
2474 3017 2496 3062 ὃ
2520 3014 2611 3069 θεὸς
2627 3016 2714 3069 τοῖς
2734 3018 2887 3078 Μεγα-

1596 3094 1714 3156 ρεῦσι
1730 3088 1804 3137 καὶ
1817 3089 2020 3143 Βοιωτοῖς
2042 3087 2121 3147 τὴν
2142 3087 2267 3136 πόλιν
2285 3087 2444 3136 κτίσαι·
2465 3087 2582 3154 λέγει
2596 3087 2730 3147 δὲτὴν
2748 3088 2889 3154 Ἥροί·

1639 3226 1860 3277 Eurylyten
1881 3225 2097 3265 concubitu
2113 3225 2378 3277 amplectendi
2403 3237 2573 3266 uxorem
2588 3237 2726 3278 suam,
2806 3214 2810 3218 ⁴

1638 3303 1783 3332 curans
1799 3291 2020 3331 animo'suo
2035 3322 2047 3342 ‚
2069 3293 2115 3331 ut
2133 3293 2223 3342 post
2237 3293 2437 3332 certamen
2449 3295 2567 3332 Iason

1639 3357 1909 3397 reverteretur
1925 3355 2092 3395 domum
2105 3366 2199 3395 cum
2215 3356 2398 3396 cominus
2417 3355 2685 3407 pugnantibus
2705 3355 2836 3396 sociis.

1588 3434 1731 3474 Idmon
1753 3444 1850 3473 vero
1869 3444 1955 3473 rem
1966 3433 2187 3484 intellexit,
2205 3432 2402 3484 jussitque

1639 3514 1773 3564 fugere
1785 3513 1906 3553 domo
1921 3513 2090 3553 celerem
2105 3524 2176 3564 per
2186 3514 2347 3553 noctem
2363 3514 2404 3554 et
2418 3513 2562 3554 atram.

1588 3596 1693 3634 Tum
1720 3592 1899 3633 Medeam
1926 3572 2074 3643 pedum
2096 3592 2263 3643 strepitu
2283 3592 2421 3633 audito
2434 3623 2448 3644 2
2463 3592 2681 3634 surrexisse
2695 3593 2738 3634 et
2755 3602 2888 3645 egres·
2964 3592 2968 3595 “

1588 3668 1672 3697 sam
1689 3668 1788 3698 esse.
1813 3656 1964 3699 Eadem
1983 3655 2212 3697 Herodorus
2226 3658 2374 3697 narrat.

2190 3724 2262 3764 55.

1639 3793 1869 3834 Herodorus
1883 3793 1927 3832 in
1940 3793 2177 3842 Argonautis
2195 3793 2292 3835 dicit
2309 3793 2472 3834 rediisse
2485 3804 2554 3834 eos
2568 3804 2592 3834 e
2607 3793 2800 3836 Colchide
2810 3806 2883 3847 per

1588 3857 1696 3900 idem
1713 3868 1824 3899 mare
1835 3887 1846 3907 ,
1863 3853 1945 3910 qim
1960 3856 2156 3896 venerint.

2191 3925 2265 3967 56.

1648 3999 1706 4036 De
1727 3994 1892 4035 Idmone
1915 3993 1966 4033 ab
1983 4003 2080 4043 apro
2096 3993 2203 4044 apud
2230 3993 2509 4044 Mariandynos
2531 3994 2741 4034 interfecto
2766 3994 2886 4034 etiam
2949 4025 2956 4028 >

1590 4060 1820 4101 Herodorus
1845 4059 1982 4098 narrat
2011 4069 2093 4109 quo
2120 4059 2209 4097 loeo
2235 4058 2286 4098 de
2317 4059 2506 4098 Heraclea
2538 4059 2661 4098 verba
2692 4058 2810 4109 facit,
2841 4060 2883 4098 ut
2959 4060 2961 4065 “

1589 4123 1865 4165 Promethidas
1880 4123 1936 4162 ait
1946 4152 1958 4173 ‚
1981 4125 2022 4163 et
2041 4122 2234 4173 Nymphis
2247 4123 2287 4162 in
2303 4133 2423 4173 opere
2438 4122 2488 4162 de
2501 4123 2703 4164 Heraclea.

2191 4190 2265 4230 57.

1614 4243 1617 4245 ’
1642 4259 1755 4300 Circa
1778 4258 1994 4300 oleastrum
2011 4258 2051 4298 in
2071 4257 2242 4298 Idmonis
2262 4258 2420 4299 tumulo
2442 4259 2579 4300 natum
2601 4258 2704 4300 deus
2721 4258 2883 4298 oraculo

2926 308 2938 359 ἓ
2987 313 2989 317 ,
