<?xml version="1.0" encoding="UTF-8"?>
<!DOCTYPE html PUBLIC "-//W3C//DTD XHTML 1.0 Transitional//EN"
    "http://www.w3.org/TR/xhtml1/DTD/xhtml1-transitional.dtd">
<html xmlns="http://www.w3.org/1999/xhtml" xml:lang="en" lang="en">
 <head>
  <title>
</title>
<meta http-equiv="Content-Type" content="text/html;charset=utf-8" />
  <meta name='ocr-system' content='tesseract 3.04.00' />
  <meta name='ocr-capabilities' content='ocr_page ocr_carea ocr_par ocr_line ocrx_word'/>
</head>
<body>
  <div class='ocr_page' id='page_1' title='image "./fragmentahistori02mueluoft/fragmentahistori02mueluoft_0367.png"; bbox 0 0 3016 4628; ppageno 0'>
   <div class='ocr_carea' id='block_1_1' title="bbox 1042 278 1741 331">
    <p class='ocr_par' dir='ltr' id='par_1_1' title="bbox 1042 278 1741 331">
     <span class='ocr_line' id='line_1_1' title="bbox 1042 278 1741 331; baseline 0.003 -2"><span class='ocrx_word' id='word_1_1' title='bbox 1042 278 1287 330; x_wconf 81' lang='lat' dir='ltr'>EROTlCl</span> <span class='ocrx_word' id='word_1_2' title='bbox 1323 280 1741 331; x_wconf 86' lang='lat' dir='ltr'><strong>FRAGMENTA.</strong></span> 
     </span>
    </p>
   </div>
   <div class='ocr_carea' id='block_1_2' title="bbox 54 406 1360 1380">
    <p class='ocr_par' dir='ltr' id='par_1_2' title="bbox 54 406 1360 1380">
     <span class='ocr_line' id='line_1_2' title="bbox 75 406 963 469; baseline 0 -11"><span class='ocrx_word' id='word_1_3' title='bbox 75 406 113 458; x_wconf 58' lang='lat'>&#39;2&#39;</span> <span class='ocrx_word' id='word_1_4' title='bbox 680 413 755 469; x_wconf 89' lang='lat'>37.</span> <span class='ocrx_word' id='word_1_5' title='bbox 946 412 963 426; x_wconf 86' lang='lat'><strong><em>‘</em></strong></span> 
     </span>
     <span class='ocr_line' id='line_1_3' title="bbox 75 520 1358 612; baseline -0.006 -37"><span class='ocrx_word' id='word_1_6' title='bbox 75 582 91 588; x_wconf 57' lang='lat'>¹</span> <span class='ocrx_word' id='word_1_7' title='bbox 138 529 464 586; x_wconf 81' lang='lat' dir='ltr'>Idemxlv‚p.</span> <span class='ocrx_word' id='word_1_8' title='bbox 481 526 670 586; x_wconf 87' lang='lat' dir='ltr'>619,C:</span> <span class='ocrx_word' id='word_1_9' title='bbox 699 520 973 588; x_wconf 79' lang='grc' dir='ltr'>Κλέαρχοςδ</span> <span class='ocrx_word' id='word_1_10' title='bbox 991 522 1033 567; x_wconf 87' lang='grc' dir='ltr'>ἐν</span> <span class='ocrx_word' id='word_1_11' title='bbox 1047 520 1206 612; x_wconf 85' lang='grc' dir='ltr'>πρώτῳ</span> <span class='ocrx_word' id='word_1_12' title='bbox 1220 520 1358 584; x_wconf 81' lang='grc' dir='ltr'>Ἐρω-</span> 
     </span>
     <span class='ocr_line' id='line_1_4' title="bbox 83 589 1357 687; baseline -0.005 -42"><span class='ocrx_word' id='word_1_13' title='bbox 83 589 100 636; x_wconf 57' lang='grc' dir='ltr'>ἰ</span> <span class='ocrx_word' id='word_1_14' title='bbox 122 604 124 607; x_wconf 76' lang='grc'>’</span> <span class='ocrx_word' id='word_1_15' title='bbox 145 600 200 646; x_wconf 65' lang='lat' dir='ltr'>“v</span> <span class='ocrx_word' id='word_1_16' title='bbox 232 597 376 687; x_wconf 86' lang='grc' dir='ltr'>νόμιον</span> <span class='ocrx_word' id='word_1_17' title='bbox 403 596 624 643; x_wconf 86' lang='grc' dir='ltr'>καλεῖσθαι</span> <span class='ocrx_word' id='word_1_18' title='bbox 649 593 744 641; x_wconf 88' lang='grc' dir='ltr'>τινά</span> <span class='ocrx_word' id='word_1_19' title='bbox 769 611 896 659; x_wconf 82' lang='grc' dir='ltr'>φησιν</span> <span class='ocrx_word' id='word_1_20' title='bbox 922 591 1036 657; x_wconf 82' lang='grc' dir='ltr'>ὠδὴν</span> <span class='ocrx_word' id='word_1_21' title='bbox 1076 591 1150 637; x_wconf 81' lang='grc' dir='ltr'>ἀπ’</span> <span class='ocrx_word' id='word_1_22' title='bbox 1175 592 1357 657; x_wconf 81' lang='grc' dir='ltr'>Ἠριφα-</span> 
     </span>
     <span class='ocr_line' id='line_1_5' title="bbox 85 661 1355 734; baseline -0.006 -16.994"><span class='ocrx_word' id='word_1_23' title='bbox 86 661 90 663; x_wconf 41' lang='grc'>’</span> <span class='ocrx_word' id='word_1_24' title='bbox 85 668 380 734; x_wconf 73' lang='grc' dir='ltr'>ος,γράφων</span> <span class='ocrx_word' id='word_1_25' title='bbox 393 665 546 719; x_wconf 80' lang='grc' dir='ltr'>οὕτως·</span> <span class='ocrx_word' id='word_1_26' title='bbox 563 689 581 708; x_wconf 72' lang='grc' dir='ltr'><strong>α</strong></span> <span class='ocrx_word' id='word_1_27' title='bbox 593 662 1355 732; x_wconf 77' lang='grc' dir='ltr'>Ἠριφανὶςὴμελοποιὸς,Μενάλκου</span> 
     </span>
     <span class='ocr_line' id='line_1_6' title="bbox 111 736 1357 805; baseline -0.006 -17.067"><span class='ocrx_word' id='word_1_28' title='bbox 111 763 125 775; x_wconf 51' lang='grc' dir='ltr'>ν’</span> <span class='ocrx_word' id='word_1_29' title='bbox 177 744 394 805; x_wconf 76' lang='grc' dir='ltr'>γετοῧντος</span> <span class='ocrx_word' id='word_1_30' title='bbox 417 741 663 804; x_wconf 79' lang='grc' dir='ltr'>ἐρασθεῖσα,</span> <span class='ocrx_word' id='word_1_31' title='bbox 687 736 858 802; x_wconf 83' lang='grc' dir='ltr'>ἐθήρευε</span> <span class='ocrx_word' id='word_1_32' title='bbox 873 755 924 798; x_wconf 71' lang='grc' dir='ltr'>με</span> <span class='ocrx_word' id='word_1_33' title='bbox 909 737 1137 782; x_wconf 86' lang='grc' dir='ltr'>εταθέουσα</span> <span class='ocrx_word' id='word_1_34' title='bbox 1156 742 1248 789; x_wconf 88' lang='grc' dir='ltr'>ταῖς</span> <span class='ocrx_word' id='word_1_35' title='bbox 1266 738 1357 782; x_wconf 81' lang='grc' dir='ltr'>ἐπι-</span> 
     </span>
     <span class='ocr_line' id='line_1_7' title="bbox 54 805 1360 876; baseline -0.005 -16"><span class='ocrx_word' id='word_1_36' title='bbox 54 819 56 821; x_wconf 70' lang='grc'>’</span> <span class='ocrx_word' id='word_1_37' title='bbox 95 811 254 876; x_wconf 62' lang='lat' dir='ltr'>place</span> <span class='ocrx_word' id='word_1_38' title='bbox 295 813 504 860; x_wconf 82' lang='grc' dir='ltr'>Φοιτῶσα</span> <span class='ocrx_word' id='word_1_39' title='bbox 539 808 622 875; x_wconf 81' lang='grc' dir='ltr'>γὰρ</span> <span class='ocrx_word' id='word_1_40' title='bbox 660 808 734 856; x_wconf 83' lang='grc' dir='ltr'>καὶ</span> <span class='ocrx_word' id='word_1_41' title='bbox 772 805 1034 870; x_wconf 84' lang='grc' dir='ltr'>πλανωμένη</span> <span class='ocrx_word' id='word_1_42' title='bbox 1059 806 1225 860; x_wconf 84' lang='grc' dir='ltr'>πάντας</span> <span class='ocrx_word' id='word_1_43' title='bbox 1262 806 1360 861; x_wconf 89' lang='grc' dir='ltr'>τους</span> 
     </span>
     <span class='ocr_line' id='line_1_8' title="bbox 95 878 1359 948; baseline -0.007 -14.684"><span class='ocrx_word' id='word_1_44' title='bbox 95 883 228 938; x_wconf 85' lang='grc' dir='ltr'>ίους</span> <span class='ocrx_word' id='word_1_45' title='bbox 241 882 408 948; x_wconf 78' lang='grc' dir='ltr'>ἐπεξῄει</span> <span class='ocrx_word' id='word_1_46' title='bbox 430 879 667 947; x_wconf 67' lang='grc' dir='ltr'>δρυμους,ε</span> <span class='ocrx_word' id='word_1_47' title='bbox 645 900 702 935; x_wconf 90' lang='grc' dir='ltr'>ως</span> <span class='ocrx_word' id='word_1_48' title='bbox 724 884 854 944; x_wconf 83' lang='grc' dir='ltr'>μῦθον</span> <span class='ocrx_word' id='word_1_49' title='bbox 868 883 975 926; x_wconf 81' lang='grc' dir='ltr'>εἶναι</span> <span class='ocrx_word' id='word_1_50' title='bbox 994 878 1089 933; x_wconf 80' lang='grc' dir='ltr'>τοὺς</span> <span class='ocrx_word' id='word_1_51' title='bbox 1107 878 1359 942; x_wconf 88' lang='grc' dir='ltr'>λεγομένους</span> 
     </span>
     <span class='ocr_line' id='line_1_9' title="bbox 63 923 1358 1068; baseline -0.005 -63.94"><span class='ocrx_word' id='word_1_52' title='bbox 74 975 88 1007; x_wconf 71' lang='grc' dir='ltr'>,ι</span> <span class='ocrx_word' id='word_1_53' title='bbox 63 923 176 1068; x_wconf 38' lang='lat' dir='ltr'>idi&lt;</span> <span class='ocrx_word' id='word_1_54' title='bbox 211 953 416 1020; x_wconf 83' lang='grc' dir='ltr'>δρόμους·</span> <span class='ocrx_word' id='word_1_55' title='bbox 449 951 560 1001; x_wconf 78' lang='grc' dir='ltr'>ὥστε</span> <span class='ocrx_word' id='word_1_56' title='bbox 599 952 658 1017; x_wconf 76' lang='grc' dir='ltr'>μὴ</span> <span class='ocrx_word' id='word_1_57' title='bbox 697 951 824 1015; x_wconf 89' lang='grc' dir='ltr'>μόνον</span> <span class='ocrx_word' id='word_1_58' title='bbox 857 955 943 998; x_wconf 83' lang='grc' dir='ltr'>τῶν</span> <span class='ocrx_word' id='word_1_59' title='bbox 981 950 1216 1016; x_wconf 83' lang='grc' dir='ltr'>ἀνθρώπων</span> <span class='ocrx_word' id='word_1_60' title='bbox 1262 971 1358 1005; x_wconf 88' lang='grc' dir='ltr'>τους</span> 
     </span>
     <span class='ocr_line' id='line_1_10' title="bbox 160 1022 1358 1092; baseline -0.004 -17.818"><span class='ocrx_word' id='word_1_61' title='bbox 160 1026 276 1092; x_wconf 79' lang='grc' dir='ltr'>ργία</span> <span class='ocrx_word' id='word_1_62' title='bbox 296 1027 592 1092; x_wconf 79' lang='grc' dir='ltr'>διαφέροντας,</span> <span class='ocrx_word' id='word_1_63' title='bbox 623 1023 735 1072; x_wconf 73' lang='grc' dir='ltr'>ἀλλὰ</span> <span class='ocrx_word' id='word_1_64' title='bbox 760 1023 834 1072; x_wconf 79' lang='grc' dir='ltr'>καὶ</span> <span class='ocrx_word' id='word_1_65' title='bbox 858 1027 943 1071; x_wconf 88' lang='grc' dir='ltr'>τῶν</span> <span class='ocrx_word' id='word_1_66' title='bbox 969 1026 1107 1089; x_wconf 87' lang='grc' dir='ltr'>θηρῶν</span> <span class='ocrx_word' id='word_1_67' title='bbox 1132 1022 1226 1077; x_wconf 81' lang='grc' dir='ltr'>τοὺς</span> <span class='ocrx_word' id='word_1_68' title='bbox 1250 1025 1358 1082; x_wconf 83' lang='grc' dir='ltr'>ἀνη-</span> 
     </span>
     <span class='ocr_line' id='line_1_11' title="bbox 66 1095 1358 1173; baseline -0.004 -25.739"><span class='ocrx_word' id='word_1_69' title='bbox 66 1099 330 1173; x_wconf 72' lang='grc' dir='ltr'>’ροτάτους</span> <span class='ocrx_word' id='word_1_70' title='bbox 351 1099 642 1162; x_wconf 88' lang='grc' dir='ltr'>συνδακρυσαι</span> <span class='ocrx_word' id='word_1_71' title='bbox 665 1099 726 1162; x_wconf 77' lang='grc' dir='ltr'>τῷ</span> <span class='ocrx_word' id='word_1_72' title='bbox 749 1096 904 1158; x_wconf 84' lang='grc' dir='ltr'>πάθει,</span> <span class='ocrx_word' id='word_1_73' title='bbox 930 1095 1142 1150; x_wconf 75' lang='grc' dir='ltr'>λαὸόντας</span> <span class='ocrx_word' id='word_1_74' title='bbox 1162 1095 1358 1154; x_wconf 86' lang='grc' dir='ltr'>αἴσθησιν</span> 
     </span>
     <span class='ocr_line' id='line_1_12' title="bbox 115 1167 1359 1260; baseline -0.004 -40.842"><span class='ocrx_word' id='word_1_75' title='bbox 115 1174 271 1230; x_wconf 81' lang='grc' dir='ltr'>τικης</span> <span class='ocrx_word' id='word_1_76' title='bbox 291 1167 472 1226; x_wconf 82' lang='grc' dir='ltr'>ἐλπίδος.</span> <span class='ocrx_word' id='word_1_77' title='bbox 494 1169 670 1220; x_wconf 74' lang='lat' dir='ltr'>“Oeev’</span> <span class='ocrx_word' id='word_1_78' title='bbox 633 1169 828 1260; x_wconf 63' lang='grc' dir='ltr'>εἐποίησέ</span> <span class='ocrx_word' id='word_1_79' title='bbox 849 1188 895 1216; x_wconf 85' lang='grc' dir='ltr'>τε</span> <span class='ocrx_word' id='word_1_80' title='bbox 923 1169 997 1217; x_wconf 86' lang='grc' dir='ltr'>καὶ</span> <span class='ocrx_word' id='word_1_81' title='bbox 1020 1169 1240 1226; x_wconf 85' lang='grc' dir='ltr'>ποιήσασα</span> <span class='ocrx_word' id='word_1_82' title='bbox 1275 1187 1359 1215; x_wconf 90' lang='grc' dir='ltr'>πε-</span> 
     </span>
     <span class='ocr_line' id='line_1_13' title="bbox 62 1239 1358 1309; baseline -0.005 -18"><span class='ocrx_word' id='word_1_83' title='bbox 62 1255 124 1309; x_wconf 65' lang='lat' dir='ltr'>j&#39;.</span> <span class='ocrx_word' id='word_1_84' title='bbox 138 1262 177 1291; x_wconf 79' lang='grc' dir='ltr'>ει</span> <span class='ocrx_word' id='word_1_85' title='bbox 196 1241 310 1291; x_wconf 80' lang='grc' dir='ltr'>κατὰ</span> <span class='ocrx_word' id='word_1_86' title='bbox 320 1241 396 1302; x_wconf 80' lang='grc' dir='ltr'>τὴν</span> <span class='ocrx_word' id='word_1_87' title='bbox 415 1239 655 1309; x_wconf 86' lang='grc' dir='ltr'>ἐρημιαν,</span> <span class='ocrx_word' id='word_1_88' title='bbox 625 1262 682 1295; x_wconf 90' lang='grc' dir='ltr'>ως</span> <span class='ocrx_word' id='word_1_89' title='bbox 694 1260 840 1307; x_wconf 83' lang='grc' dir='ltr'>φασιν,</span> <span class='ocrx_word' id='word_1_90' title='bbox 856 1239 1088 1287; x_wconf 73' lang='grc' dir='ltr'>ἀναὸοωσα</span> <span class='ocrx_word' id='word_1_91' title='bbox 1110 1240 1182 1287; x_wconf 81' lang='grc' dir='ltr'>καὶ</span> <span class='ocrx_word' id='word_1_92' title='bbox 1197 1239 1358 1306; x_wconf 79' lang='grc' dir='ltr'>ᾅδουσα</span> 
     </span>
     <span class='ocr_line' id='line_1_14' title="bbox 61 1305 1357 1380; baseline -0.005 -15"><span class='ocrx_word' id='word_1_93' title='bbox 61 1340 66 1348; x_wconf 85' lang='lat'><strong>·</strong></span> <span class='ocrx_word' id='word_1_94' title='bbox 135 1314 416 1378; x_wconf 83' lang='grc' dir='ltr'>καλούμενον</span> <span class='ocrx_word' id='word_1_95' title='bbox 463 1315 628 1380; x_wconf 86' lang='grc' dir='ltr'>νόμιον,</span> <span class='ocrx_word' id='word_1_96' title='bbox 669 1315 712 1360; x_wconf 83' lang='grc' dir='ltr'>ἐν</span> <span class='ocrx_word' id='word_1_97' title='bbox 764 1305 800 1379; x_wconf 75' lang='grc' dir='ltr'>ᾧ</span> <span class='ocrx_word' id='word_1_98' title='bbox 846 1315 961 1361; x_wconf 87' lang='grc' dir='ltr'>ἐστι·</span> <span class='ocrx_word' id='word_1_99' title='bbox 994 1311 1175 1377; x_wconf 74' lang='grc' dir='ltr'>Μακραὶ</span> <span class='ocrx_word' id='word_1_100' title='bbox 1215 1313 1357 1377; x_wconf 87' lang='grc' dir='ltr'>δρύες,</span> 
     </span>
    </p>
   </div>
   <div class='ocr_carea' id='block_1_3' title="bbox 27 1386 395 1440">
    <p class='ocr_par' dir='ltr' id='par_1_3' title="bbox 27 1386 395 1440">
     <span class='ocr_line' id='line_1_15' title="bbox 27 1386 395 1440; baseline -0.003 -4"><span class='ocrx_word' id='word_1_101' title='bbox 27 1407 78 1440; x_wconf 79' lang='lat'>.‹.·</span> <span class='ocrx_word' id='word_1_102' title='bbox 77 1386 349 1436; x_wconf 84' lang='grc' dir='ltr'>Μέναλκα.</span> <span class='ocrx_word' id='word_1_103' title='bbox 376 1411 395 1430; x_wconf 78' lang='grc' dir='ltr'><strong>υ</strong></span> 
     </span>
    </p>
   </div>
   <div class='ocr_carea' id='block_1_4' title="bbox 442 1449 465 1466">
    <p class='ocr_par' dir='ltr' id='par_1_4' title="bbox 442 1449 465 1466">
     <span class='ocr_line' id='line_1_16' title="bbox 442 1449 465 1466; baseline 0 0"><span class='ocrx_word' id='word_1_104' title='bbox 442 1449 465 1466; x_wconf 56' lang='lat' dir='ltr'>S</span> 
     </span>
    </p>
   </div>
   <div class='ocr_carea' id='block_1_5' title="bbox 677 1486 754 1531">
    <p class='ocr_par' dir='ltr' id='par_1_5' title="bbox 677 1486 754 1531">
     <span class='ocr_line' id='line_1_17' title="bbox 677 1486 754 1531; baseline 0 0"><span class='ocrx_word' id='word_1_105' title='bbox 677 1486 754 1531; x_wconf 87' lang='lat'>38.</span> 
     </span>
    </p>
   </div>
   <div class='ocr_carea' id='block_1_6' title="bbox 1393 1555 1400 1733">
    <p class='ocr_par' dir='ltr' id='par_1_6' title="bbox 1393 1555 1400 1733">
     <span class='ocr_line' id='line_1_18' title="bbox 1393 1555 1400 1733; baseline 0 2895"><span class='ocrx_word' id='word_1_106' title='bbox 1393 1555 1400 1733; x_wconf 95' lang='lat' dir='ltr'> </span> 
     </span>
    </p>
   </div>
   <div class='ocr_carea' id='block_1_7' title="bbox 25 1617 1358 2403">
    <p class='ocr_par' dir='ltr' id='par_1_7' title="bbox 25 1617 1358 2403">
     <span class='ocr_line' id='line_1_19' title="bbox 25 1617 1356 1684; baseline -0.002 -17"><span class='ocrx_word' id='word_1_107' title='bbox 25 1660 28 1667; x_wconf 77' lang='grc'>,</span> <span class='ocrx_word' id='word_1_108' title='bbox 129 1624 264 1670; x_wconf 88' lang='lat' dir='ltr'><strong>Idem</strong></span> <span class='ocrx_word' id='word_1_109' title='bbox 279 1625 380 1678; x_wconf 90' lang='lat' dir='ltr'>XV,</span> <span class='ocrx_word' id='word_1_110' title='bbox 397 1638 443 1682; x_wconf 91' lang='lat' dir='ltr'>p.</span> <span class='ocrx_word' id='word_1_111' title='bbox 461 1621 575 1682; x_wconf 85' lang='lat'>669,</span> <span class='ocrx_word' id='word_1_112' title='bbox 598 1624 664 1668; x_wconf 88' lang='lat' dir='ltr'>F:</span> <span class='ocrx_word' id='word_1_113' title='bbox 686 1617 784 1684; x_wconf 81' lang='grc' dir='ltr'>Φῂς</span> <span class='ocrx_word' id='word_1_114' title='bbox 807 1623 895 1677; x_wconf 82' lang='grc' dir='ltr'>οὖν,</span> <span class='ocrx_word' id='word_1_115' title='bbox 915 1617 983 1664; x_wconf 82' lang='grc' dir='ltr'>διὰ</span> <span class='ocrx_word' id='word_1_116' title='bbox 1003 1617 1062 1676; x_wconf 86' lang='grc' dir='ltr'>τί,</span> <span class='ocrx_word' id='word_1_117' title='bbox 1080 1638 1163 1664; x_wconf 87' lang='grc' dir='ltr'>των</span> <span class='ocrx_word' id='word_1_118' title='bbox 1178 1621 1356 1684; x_wconf 81' lang='grc' dir='ltr'>ἐστεφα·</span> 
     </span>
     <span class='ocr_line' id='line_1_20' title="bbox 66 1689 1354 1757; baseline -0.002 -17"><span class='ocrx_word' id='word_1_119' title='bbox 66 1691 70 1695; x_wconf 63' lang='grc'>’</span> <span class='ocrx_word' id='word_1_120' title='bbox 83 1693 268 1757; x_wconf 84' lang='grc' dir='ltr'>μένων</span> <span class='ocrx_word' id='word_1_121' title='bbox 301 1691 374 1739; x_wconf 85' lang='grc' dir='ltr'>ἐὰν</span> <span class='ocrx_word' id='word_1_122' title='bbox 405 1691 560 1749; x_wconf 83' lang='grc' dir='ltr'>λύηται</span> <span class='ocrx_word' id='word_1_123' title='bbox 589 1697 611 1739; x_wconf 81' lang='grc' dir='ltr'>ὁ</span> <span class='ocrx_word' id='word_1_124' title='bbox 635 1691 865 1756; x_wconf 80' lang='grc' dir='ltr'>στέφανος,</span> <span class='ocrx_word' id='word_1_125' title='bbox 903 1693 1002 1753; x_wconf 69' lang='grc' dir='ltr'>ἐρᾶν</span> <span class='ocrx_word' id='word_1_126' title='bbox 1027 1689 1076 1736; x_wconf 84' lang='grc' dir='ltr'>λε’</span> <span class='ocrx_word' id='word_1_127' title='bbox 1077 1709 1248 1751; x_wconf 86' lang='grc' dir='ltr'>γ;ονται</span> <span class='ocrx_word' id='word_1_128' title='bbox 1278 1690 1354 1737; x_wconf 83' lang='grc' dir='ltr'>πό-</span> 
     </span>
     <span class='ocr_line' id='line_1_21' title="bbox 121 1761 1358 1828; baseline -0.003 -16.934"><span class='ocrx_word' id='word_1_129' title='bbox 121 1785 202 1824; x_wconf 91' lang='grc' dir='ltr'>ον,</span> <span class='ocrx_word' id='word_1_130' title='bbox 224 1764 288 1812; x_wconf 82' lang='grc' dir='ltr'>ὅτι</span> <span class='ocrx_word' id='word_1_131' title='bbox 315 1763 386 1811; x_wconf 79' lang='grc' dir='ltr'>δ”</span> <span class='ocrx_word' id='word_1_132' title='bbox 363 1783 467 1828; x_wconf 87' lang='grc' dir='ltr'>ερως</span> <span class='ocrx_word' id='word_1_133' title='bbox 486 1767 562 1810; x_wconf 78' lang='grc' dir='ltr'>τοῦ</span> <span class='ocrx_word' id='word_1_134' title='bbox 595 1766 680 1810; x_wconf 79' lang='grc' dir='ltr'>τῶν</span> <span class='ocrx_word' id='word_1_135' title='bbox 709 1762 902 1827; x_wconf 83' lang='grc' dir='ltr'>ἐρώντων</span> <span class='ocrx_word' id='word_1_136' title='bbox 926 1761 1052 1819; x_wconf 77' lang='grc' dir='ltr'>ἤθους</span> <span class='ocrx_word' id='word_1_137' title='bbox 1074 1769 1358 1825; x_wconf 86' lang='grc' dir='ltr'>περιαιρεῖται</span> 
     </span>
     <span class='ocr_line' id='line_1_22' title="bbox 32 1832 1355 1900; baseline -0.005 -15"><span class='ocrx_word' id='word_1_138' title='bbox 32 1886 33 1889; x_wconf 66' lang='grc'>,</span> <span class='ocrx_word' id='word_1_139' title='bbox 57 1834 106 1890; x_wconf 57' lang='grc' dir='ltr'>ῑζῗι</span> <span class='ocrx_word' id='word_1_140' title='bbox 152 1837 331 1900; x_wconf 78' lang='grc' dir='ltr'>κόσμον,</span> <span class='ocrx_word' id='word_1_141' title='bbox 352 1835 422 1883; x_wconf 83' lang='grc' dir='ltr'>διὰ</span> <span class='ocrx_word' id='word_1_142' title='bbox 433 1840 558 1883; x_wconf 79' lang='grc' dir='ltr'>τοῦτο</span> <span class='ocrx_word' id='word_1_143' title='bbox 573 1834 650 1892; x_wconf 75' lang='grc' dir='ltr'>τὴν</span> <span class='ocrx_word' id='word_1_144' title='bbox 667 1839 740 1882; x_wconf 78' lang='grc' dir='ltr'>τοῦ</span> <span class='ocrx_word' id='word_1_145' title='bbox 759 1836 987 1898; x_wconf 80' lang='grc' dir='ltr'>ἐπιφανους</span> <span class='ocrx_word' id='word_1_146' title='bbox 1003 1832 1166 1894; x_wconf 90' lang='grc' dir='ltr'>κόσμου</span> <span class='ocrx_word' id='word_1_147' title='bbox 1183 1853 1235 1879; x_wconf 86' lang='grc' dir='ltr'>πε</span> <span class='ocrx_word' id='word_1_148' title='bbox 1219 1834 1355 1898; x_wconf 79' lang='grc' dir='ltr'>ριαί-</span> 
     </span>
     <span class='ocr_line' id='line_1_23' title="bbox 83 1903 1356 1975; baseline -0.004 -19"><span class='ocrx_word' id='word_1_149' title='bbox 83 1903 91 1906; x_wconf 32' lang='lat'>⁴¹</span> <span class='ocrx_word' id='word_1_150' title='bbox 121 1927 178 1955; x_wconf 66' lang='grc' dir='ltr'>ιν</span> <span class='ocrx_word' id='word_1_151' title='bbox 216 1907 400 1975; x_wconf 80' lang='grc' dir='ltr'>φρυκτόν</span> <span class='ocrx_word' id='word_1_152' title='bbox 423 1927 545 1966; x_wconf 87' lang='grc' dir='ltr'>τινα,</span> <span class='ocrx_word' id='word_1_153' title='bbox 577 1925 683 1971; x_wconf 84' lang='grc' dir='ltr'>φησι</span> <span class='ocrx_word' id='word_1_154' title='bbox 713 1904 977 1969; x_wconf 83' lang='grc' dir='ltr'>Κλέαρχος</span> <span class='ocrx_word' id='word_1_155' title='bbox 959 1924 1001 1951; x_wconf 92' lang='grc' dir='ltr'>εν</span> <span class='ocrx_word' id='word_1_156' title='bbox 1027 1904 1184 1969; x_wconf 81' lang='grc' dir='ltr'>πρώτῳ</span> <span class='ocrx_word' id='word_1_157' title='bbox 1216 1905 1269 1952; x_wconf 76' lang='lat' dir='ltr'>&#39;E</span> <span class='ocrx_word' id='word_1_158' title='bbox 1258 1925 1356 1970; x_wconf 82' lang='grc' dir='ltr'>ρω-</span> 
     </span>
     <span class='ocr_line' id='line_1_24' title="bbox 172 1976 1358 2069; baseline -0.004 -42"><span class='ocrx_word' id='word_1_159' title='bbox 172 1999 210 2038; x_wconf 86' lang='grc' dir='ltr'>ν,</span> <span class='ocrx_word' id='word_1_160' title='bbox 246 1999 318 2027; x_wconf 87' lang='grc' dir='ltr'>και</span> <span class='ocrx_word' id='word_1_161' title='bbox 351 1980 527 2040; x_wconf 81' lang='grc' dir='ltr'>σημεῖον</span> <span class='ocrx_word' id='word_1_162' title='bbox 562 1978 779 2069; x_wconf 80' lang='grc' dir='ltr'>νομίζουσι</span> <span class='ocrx_word' id='word_1_163' title='bbox 804 1996 878 2023; x_wconf 91' lang='grc' dir='ltr'>του</span> <span class='ocrx_word' id='word_1_164' title='bbox 903 1995 977 2023; x_wconf 87' lang='grc' dir='ltr'>και</span> <span class='ocrx_word' id='word_1_165' title='bbox 1011 1976 1082 2023; x_wconf 84' lang='grc' dir='ltr'>τὸν</span> <span class='ocrx_word' id='word_1_166' title='bbox 1119 1995 1191 2032; x_wconf 84' lang='grc' dir='ltr'>του</span> <span class='ocrx_word' id='word_1_167' title='bbox 1233 1977 1358 2034; x_wconf 79' lang='grc' dir='ltr'>ἤθους</span> 
     </span>
     <span class='ocr_line' id='line_1_25' title="bbox 94 2044 920 2116; baseline -0.005 -16.985"><span class='ocrx_word' id='word_1_168' title='bbox 97 2044 99 2047; x_wconf 35' lang='grc'>’</span> <span class='ocrx_word' id='word_1_169' title='bbox 94 2051 224 2115; x_wconf 66' lang='grc' dir='ltr'>ἰ’μον</span> <span class='ocrx_word' id='word_1_170' title='bbox 249 2054 535 2116; x_wconf 73' lang='grc' dir='ltr'>περιῃρῆσθαι</span> <span class='ocrx_word' id='word_1_171' title='bbox 559 2049 652 2103; x_wconf 89' lang='grc' dir='ltr'>τους</span> <span class='ocrx_word' id='word_1_172' title='bbox 680 2048 920 2106; x_wconf 78' lang='grc' dir='ltr'>τοιούτους;</span> 
     </span>
     <span class='ocr_line' id='line_1_26' title="bbox 25 2124 1358 2187; baseline -0.005 -14"><span class='ocrx_word' id='word_1_173' title='bbox 25 2181 28 2187; x_wconf 71' lang='lat'>¹</span> <span class='ocrx_word' id='word_1_174' title='bbox 62 2125 348 2187; x_wconf 77' lang='lat' dir='ltr'>Sequitur</span> <span class='ocrx_word' id='word_1_175' title='bbox 386 2125 575 2184; x_wconf 84' lang='lat' dir='ltr'>longior</span> <span class='ocrx_word' id='word_1_176' title='bbox 618 2124 896 2183; x_wconf 89' lang='lat' dir='ltr'>disputatio,</span> <span class='ocrx_word' id='word_1_177' title='bbox 942 2138 1098 2181; x_wconf 80' lang='lat' dir='ltr'>quam</span> <span class='ocrx_word' id='word_1_178' title='bbox 1124 2131 1266 2166; x_wconf 81' lang='lat' dir='ltr'>totam</span> <span class='ocrx_word' id='word_1_179' title='bbox 1302 2138 1358 2166; x_wconf 79' lang='lat' dir='ltr'>ex</span> 
     </span>
     <span class='ocr_line' id='line_1_27' title="bbox 48 2193 1356 2263; baseline -0.007 -17.924"><span class='ocrx_word' id='word_1_180' title='bbox 48 2215 79 2263; x_wconf 85' lang='lat' dir='ltr'>·J</span> <span class='ocrx_word' id='word_1_181' title='bbox 69 2193 286 2245; x_wconf 76' lang='lat' dir='ltr'>earcho</span> <span class='ocrx_word' id='word_1_182' title='bbox 309 2195 494 2242; x_wconf 87' lang='lat' dir='ltr'>fluxisse</span> <span class='ocrx_word' id='word_1_183' title='bbox 514 2197 592 2240; x_wconf 88' lang='lat' dir='ltr'>vix</span> <span class='ocrx_word' id='word_1_184' title='bbox 617 2196 815 2240; x_wconf 89' lang='lat' dir='ltr'>dubium</span> <span class='ocrx_word' id='word_1_185' title='bbox 847 2204 929 2240; x_wconf 86' lang='lat' dir='ltr'>est.</span> <span class='ocrx_word' id='word_1_186' title='bbox 957 2194 1228 2238; x_wconf 79' lang='lat' dir='ltr'>Exsciibere</span> <span class='ocrx_word' id='word_1_187' title='bbox 1259 2195 1356 2237; x_wconf 88' lang='lat' dir='ltr'>ine-</span> 
     </span>
     <span class='ocr_line' id='line_1_28' title="bbox 120 2266 1356 2317; baseline -0.006 -1.754"><span class='ocrx_word' id='word_1_188' title='bbox 120 2270 183 2315; x_wconf 80' lang='grc'>5</span> <span class='ocrx_word' id='word_1_189' title='bbox 204 2270 287 2317; x_wconf 86' lang='lat' dir='ltr'>has</span> <span class='ocrx_word' id='word_1_190' title='bbox 315 2270 463 2316; x_wconf 87' lang='lat' dir='ltr'>nolui.</span> <span class='ocrx_word' id='word_1_191' title='bbox 486 2268 575 2313; x_wconf 89' lang='lat' dir='ltr'>Adi</span> <span class='ocrx_word' id='word_1_192' title='bbox 607 2269 896 2314; x_wconf 84' lang='lat' dir='ltr'>Athenaeum.</span> <span class='ocrx_word' id='word_1_193' title='bbox 935 2268 1150 2311; x_wconf 84' lang='lat' dir='ltr'>Ceterum</span> <span class='ocrx_word' id='word_1_194' title='bbox 1189 2266 1356 2309; x_wconf 89' lang='lat' dir='ltr'>eodem</span> 
     </span>
     <span class='ocr_line' id='line_1_29' title="bbox 37 2331 1352 2403; baseline -0.006 -15"><span class='ocrx_word' id='word_1_195' title='bbox 37 2331 43 2335; x_wconf 19' lang='lat' dir='ltr'>q</span> <span class='ocrx_word' id='word_1_196' title='bbox 71 2332 102 2378; x_wconf 50' lang='lat'>³¹³</span> <span class='ocrx_word' id='word_1_197' title='bbox 141 2357 171 2388; x_wconf 90' lang='grc' dir='ltr'>ο</span> <span class='ocrx_word' id='word_1_198' title='bbox 190 2342 447 2403; x_wconf 84' lang='lat' dir='ltr'>legebatur,</span> <span class='ocrx_word' id='word_1_199' title='bbox 469 2347 611 2400; x_wconf 87' lang='lat' dir='ltr'>puto,</span> <span class='ocrx_word' id='word_1_200' title='bbox 638 2338 771 2399; x_wconf 91' lang='lat' dir='ltr'>quod·</span> <span class='ocrx_word' id='word_1_201' title='bbox 791 2339 1000 2396; x_wconf 85' lang='lat' dir='ltr'>sequitur</span> <span class='ocrx_word' id='word_1_202' title='bbox 1026 2337 1352 2397; x_wconf 80' lang='lat' dir='ltr'><strong>fragmentum.</strong></span> 
     </span>
    </p>
   </div>
   <div class='ocr_carea' id='block_1_8' title="bbox 66 1982 168 1997">
    <p class='ocr_par' dir='ltr' id='par_1_8' title="bbox 66 1982 168 1997">
     <span class='ocr_line' id='line_1_30' title="bbox 66 1982 168 1997; baseline -0.02 0"><span class='ocrx_word' id='word_1_203' title='bbox 66 1982 86 1997; x_wconf 55' lang='grc' dir='ltr'>,Ἤ</span> <span class='ocrx_word' id='word_1_204' title='bbox 138 1983 168 1995; x_wconf 64' lang='grc' dir='ltr'><strong><em>Ν</em></strong></span> 
     </span>
    </p>
   </div>
   <div class='ocr_carea' id='block_1_9' title="bbox 7 2632 1353 3396">
    <p class='ocr_par' dir='ltr' id='par_1_9' title="bbox 7 2632 1353 3396">
     <span class='ocr_line' id='line_1_31' title="bbox 81 2632 1351 2687; baseline -0.004 -9.831"><span class='ocrx_word' id='word_1_205' title='bbox 81 2638 171 2687; x_wconf 85' lang='grc'>6)</span> <span class='ocrx_word' id='word_1_206' title='bbox 192 2636 326 2676; x_wconf 86' lang='lat' dir='ltr'>vocari</span> <span class='ocrx_word' id='word_1_207' title='bbox 341 2635 401 2675; x_wconf 88' lang='lat' dir='ltr'>ait</span> <span class='ocrx_word' id='word_1_208' title='bbox 411 2635 611 2674; x_wconf 84' lang='lat' dir='ltr'>canticum</span> <span class='ocrx_word' id='word_1_209' title='bbox 629 2633 830 2682; x_wconf 83' lang='lat' dir='ltr'>quoddam</span> <span class='ocrx_word' id='word_1_210' title='bbox 846 2632 897 2671; x_wconf 89' lang='lat' dir='ltr'>ab</span> <span class='ocrx_word' id='word_1_211' title='bbox 916 2633 1152 2682; x_wconf 82' lang='lat' dir='ltr'>Eriphanide</span> <span class='ocrx_word' id='word_1_212' title='bbox 1167 2633 1351 2672; x_wconf 86' lang='lat' dir='ltr'>ductum.</span> 
     </span>
     <span class='ocr_line' id='line_1_32' title="bbox 50 2656 1352 2756; baseline -0.005 -13.785"><span class='ocrx_word' id='word_1_213' title='bbox 50 2656 211 2756; x_wconf 32' lang='lat' dir='ltr'>‘fii-cribit</span> <span class='ocrx_word' id='word_1_214' title='bbox 228 2700 383 2740; x_wconf 91' lang='lat' dir='ltr'>autem</span> <span class='ocrx_word' id='word_1_215' title='bbox 374 2712 413 2739; x_wconf 90' lang='lat' dir='ltr'>m</span> <span class='ocrx_word' id='word_1_216' title='bbox 425 2700 532 2739; x_wconf 90' lang='lat' dir='ltr'>hunc</span> <span class='ocrx_word' id='word_1_217' title='bbox 551 2698 739 2738; x_wconf 88' lang='lat' dir='ltr'>modum:</span> <span class='ocrx_word' id='word_1_218' title='bbox 754 2713 773 2731; x_wconf 90' lang='lat'>«</span> <span class='ocrx_word' id='word_1_219' title='bbox 794 2698 1001 2748; x_wconf 87' lang='lat' dir='ltr'>Eriphanis</span> <span class='ocrx_word' id='word_1_220' title='bbox 1016 2697 1167 2747; x_wconf 83' lang='lat' dir='ltr'>poetria</span> <span class='ocrx_word' id='word_1_221' title='bbox 1187 2697 1328 2737; x_wconf 88' lang='lat' dir='ltr'>melica</span> <span class='ocrx_word' id='word_1_222' title='bbox 1340 2727 1352 2747; x_wconf 93' lang='lat'>,</span> 
     </span>
     <span class='ocr_line' id='line_1_33' title="bbox 7 2756 1353 2818; baseline -0.004 -12"><span class='ocrx_word' id='word_1_223' title='bbox 7 2756 9 2774; x_wconf 74' lang='lat'>³</span> <span class='ocrx_word' id='word_1_224' title='bbox 99 2781 104 2800; x_wconf 71' lang='grc' dir='ltr'>ι</span> <span class='ocrx_word' id='word_1_225' title='bbox 129 2777 198 2805; x_wconf 84' lang='lat' dir='ltr'>ore</span> <span class='ocrx_word' id='word_1_226' title='bbox 226 2766 343 2816; x_wconf 86' lang='lat' dir='ltr'>capta</span> <span class='ocrx_word' id='word_1_227' title='bbox 371 2763 559 2804; x_wconf 80' lang='lat' dir='ltr'>Menalcae</span> <span class='ocrx_word' id='word_1_228' title='bbox 579 2762 799 2812; x_wconf 87' lang='lat' dir='ltr'>venatoris,</span> <span class='ocrx_word' id='word_1_229' title='bbox 831 2761 1050 2801; x_wconf 79' lang='lat' dir='ltr'>venabatur</span> <span class='ocrx_word' id='word_1_230' title='bbox 1078 2763 1118 2818; x_wconf 87' lang='lat' dir='ltr'>et</span> <span class='ocrx_word' id='word_1_231' title='bbox 1144 2761 1249 2811; x_wconf 88' lang='lat' dir='ltr'>ipsa,</span> <span class='ocrx_word' id='word_1_232' title='bbox 1281 2772 1353 2800; x_wconf 89' lang='lat' dir='ltr'>sua</span> 
     </span>
     <span class='ocr_line' id='line_1_34' title="bbox 76 2826 1350 2880; baseline -0.003 -11.88"><span class='ocrx_word' id='word_1_233' title='bbox 76 2840 300 2880; x_wconf 86' lang='lat' dir='ltr'>rsequens</span> <span class='ocrx_word' id='word_1_234' title='bbox 327 2828 532 2868; x_wconf 84' lang='lat' dir='ltr'>desideria.</span> <span class='ocrx_word' id='word_1_235' title='bbox 558 2827 792 2867; x_wconf 83' lang='lat' dir='ltr'><strong>Discurrens</strong></span> <span class='ocrx_word' id='word_1_236' title='bbox 825 2826 942 2876; x_wconf 83' lang='lat' dir='ltr'>igitur</span> <span class='ocrx_word' id='word_1_237' title='bbox 973 2827 1013 2865; x_wconf 90' lang='lat' dir='ltr'>et</span> <span class='ocrx_word' id='word_1_238' title='bbox 1044 2837 1181 2865; x_wconf 89' lang='lat' dir='ltr'>errans</span> <span class='ocrx_word' id='word_1_239' title='bbox 1214 2826 1350 2864; x_wconf 84' lang='lat' dir='ltr'>omnia</span> 
     </span>
     <span class='ocr_line' id='line_1_35' title="bbox 77 2890 1349 2942; baseline -0.006 -6.76"><span class='ocrx_word' id='word_1_240' title='bbox 77 2897 250 2935; x_wconf 82' lang='lat' dir='ltr'>.·ntana</span> <span class='ocrx_word' id='word_1_241' title='bbox 279 2898 442 2934; x_wconf 87' lang='lat' dir='ltr'>nemora</span> <span class='ocrx_word' id='word_1_242' title='bbox 468 2892 751 2942; x_wconf 67' lang='lat' dir='ltr'>metiebatur,</span> <span class='ocrx_word' id='word_1_243' title='bbox 773 2892 827 2931; x_wconf 90' lang='lat' dir='ltr'>ita</span> <span class='ocrx_word' id='word_1_244' title='bbox 843 2894 889 2931; x_wconf 90' lang='lat' dir='ltr'>ut</span> <span class='ocrx_word' id='word_1_245' title='bbox 920 2891 1065 2930; x_wconf 79' lang='lat' dir='ltr'>sabulae</span> <span class='ocrx_word' id='word_1_246' title='bbox 1085 2891 1164 2930; x_wconf 89' lang='lat' dir='ltr'>sint</span> <span class='ocrx_word' id='word_1_247' title='bbox 1191 2893 1256 2930; x_wconf 84' lang='lat' dir='ltr'>lus</span> <span class='ocrx_word' id='word_1_248' title='bbox 1283 2890 1349 2940; x_wconf 87' lang='lat' dir='ltr'>qui</span> 
     </span>
     <span class='ocr_line' id='line_1_36' title="bbox 30 2954 1351 3007; baseline -0.005 -9"><span class='ocrx_word' id='word_1_249' title='bbox 30 2958 36 2971; x_wconf 67' lang='grc'>’</span> <span class='ocrx_word' id='word_1_250' title='bbox 129 2960 248 2998; x_wconf 87' lang='lat' dir='ltr'>untur</span> <span class='ocrx_word' id='word_1_251' title='bbox 281 2968 446 3006; x_wconf 87' lang='lat' dir='ltr'>cursus,</span> <span class='ocrx_word' id='word_1_252' title='bbox 466 2958 594 3007; x_wconf 86' lang='lat' dir='ltr'>utque</span> <span class='ocrx_word' id='word_1_253' title='bbox 611 2967 691 2996; x_wconf 91' lang='lat' dir='ltr'>non</span> <span class='ocrx_word' id='word_1_254' title='bbox 713 2955 832 2994; x_wconf 87' lang='lat' dir='ltr'>modo</span> <span class='ocrx_word' id='word_1_255' title='bbox 862 2955 1066 2994; x_wconf 89' lang='lat' dir='ltr'>hominum</span> <span class='ocrx_word' id='word_1_256' title='bbox 1090 2955 1115 2993; x_wconf 91' lang='lat' dir='ltr'>ii</span> <span class='ocrx_word' id='word_1_257' title='bbox 1140 2955 1259 2993; x_wconf 87' lang='lat' dir='ltr'>etiam</span> <span class='ocrx_word' id='word_1_258' title='bbox 1284 2954 1351 3003; x_wconf 90' lang='lat' dir='ltr'>qui</span> 
     </span>
     <span class='ocr_line' id='line_1_37' title="bbox 78 3021 1351 3070; baseline -0.005 -6.825"><span class='ocrx_word' id='word_1_259' title='bbox 78 3023 255 3064; x_wconf 85' lang='lat' dir='ltr'>turalis</span> <span class='ocrx_word' id='word_1_260' title='bbox 287 3023 415 3062; x_wconf 87' lang='lat' dir='ltr'>omnis</span> <span class='ocrx_word' id='word_1_261' title='bbox 441 3022 588 3062; x_wconf 89' lang='lat' dir='ltr'>amoris</span> <span class='ocrx_word' id='word_1_262' title='bbox 614 3021 790 3060; x_wconf 83' lang='lat' dir='ltr'>maxime</span> <span class='ocrx_word' id='word_1_263' title='bbox 827 3021 1008 3070; x_wconf 81' lang='lat' dir='ltr'>expertes</span> <span class='ocrx_word' id='word_1_264' title='bbox 1042 3021 1177 3068; x_wconf 86' lang='lat' dir='ltr'>erant,</span> <span class='ocrx_word' id='word_1_265' title='bbox 1210 3029 1351 3058; x_wconf 91' lang='lat' dir='ltr'>verum</span> 
     </span>
     <span class='ocr_line' id='line_1_38' title="bbox 29 3085 1351 3144; baseline -0.005 -17"><span class='ocrx_word' id='word_1_266' title='bbox 29 3097 42 3114; x_wconf 62' lang='grc'>“-</span> <span class='ocrx_word' id='word_1_267' title='bbox 85 3092 174 3142; x_wconf 45' lang='lat'>.&#39;</span> <span class='ocrx_word' id='word_1_268' title='bbox 214 3088 438 3129; x_wconf 83' lang='lat' dir='ltr'>belluarum</span> <span class='ocrx_word' id='word_1_269' title='bbox 472 3087 674 3127; x_wconf 79' lang='lat' dir='ltr'>ferissimae</span> <span class='ocrx_word' id='word_1_270' title='bbox 708 3086 823 3125; x_wconf 90' lang='lat' dir='ltr'>malis</span> <span class='ocrx_word' id='word_1_271' title='bbox 866 3085 972 3125; x_wconf 87' lang='lat' dir='ltr'>illius</span> <span class='ocrx_word' id='word_1_272' title='bbox 1002 3085 1351 3144; x_wconf 84' lang='lat' dir='ltr'>illacrimarentur,</span> 
     </span>
     <span class='ocr_line' id='line_1_39' title="bbox 79 3148 1352 3204; baseline -0.005 -11"><span class='ocrx_word' id='word_1_273' title='bbox 79 3154 88 3169; x_wconf 71' lang='lat'>²</span> <span class='ocrx_word' id='word_1_274' title='bbox 117 3173 121 3188; x_wconf 77' lang='grc' dir='ltr'>ι</span> <span class='ocrx_word' id='word_1_275' title='bbox 140 3170 144 3187; x_wconf 78' lang='lat'>2</span> <span class='ocrx_word' id='word_1_276' title='bbox 199 3152 374 3204; x_wconf 84' lang='lat' dir='ltr'>quodam</span> <span class='ocrx_word' id='word_1_277' title='bbox 394 3153 598 3192; x_wconf 73' lang='lat' dir='ltr'>amatoriae</span> <span class='ocrx_word' id='word_1_278' title='bbox 620 3151 702 3202; x_wconf 85' lang='lat' dir='ltr'>spei</span> <span class='ocrx_word' id='word_1_279' title='bbox 722 3152 855 3190; x_wconf 84' lang='lat' dir='ltr'>tactae.</span> <span class='ocrx_word' id='word_1_280' title='bbox 879 3152 1018 3200; x_wconf 85' lang='lat' dir='ltr'>ltaque</span> <span class='ocrx_word' id='word_1_281' title='bbox 1037 3150 1157 3189; x_wconf 88' lang='lat' dir='ltr'>etiam</span> <span class='ocrx_word' id='word_1_282' title='bbox 1176 3148 1352 3188; x_wconf 88' lang='lat' dir='ltr'>carmina</span> 
     </span>
     <span class='ocr_line' id='line_1_40' title="bbox 78 3212 1351 3273; baseline -0.006 -13"><span class='ocrx_word' id='word_1_283' title='bbox 78 3267 109 3273; x_wconf 62' lang='lat'>¹</span> <span class='ocrx_word' id='word_1_284' title='bbox 91 3212 179 3268; x_wconf 62' lang='grc' dir='ltr'>ΪΣἹ,</span> <span class='ocrx_word' id='word_1_285' title='bbox 205 3228 297 3257; x_wconf 88' lang='lat' dir='ltr'>cum</span> <span class='ocrx_word' id='word_1_286' title='bbox 319 3218 476 3268; x_wconf 87' lang='lat' dir='ltr'>illisque</span> <span class='ocrx_word' id='word_1_287' title='bbox 502 3212 656 3273; x_wconf 88' lang='lat' dir='ltr'>deserta</span> <span class='ocrx_word' id='word_1_288' title='bbox 675 3215 902 3262; x_wconf 88' lang='lat' dir='ltr'>oberravit,</span> <span class='ocrx_word' id='word_1_289' title='bbox 921 3217 969 3254; x_wconf 88' lang='lat' dir='ltr'>ut</span> <span class='ocrx_word' id='word_1_290' title='bbox 995 3214 1129 3264; x_wconf 89' lang='lat' dir='ltr'>aiunt,</span> <span class='ocrx_word' id='word_1_291' title='bbox 1147 3215 1227 3253; x_wconf 86' lang='lat' dir='ltr'>alta</span> <span class='ocrx_word' id='word_1_292' title='bbox 1254 3224 1351 3252; x_wconf 91' lang='lat' dir='ltr'>voce</span> 
     </span>
     <span class='ocr_line' id='line_1_41' title="bbox 30 3278 1347 3338; baseline -0.005 -16"><span class='ocrx_word' id='word_1_293' title='bbox 30 3307 32 3310; x_wconf 83' lang='lat'><strong>.</strong></span> <span class='ocrx_word' id='word_1_294' title='bbox 79 3320 95 3338; x_wconf 21' lang='grc' dir='ltr'>,ἡ</span> <span class='ocrx_word' id='word_1_295' title='bbox 223 3296 256 3332; x_wconf 83' lang='grc'>;,</span> <span class='ocrx_word' id='word_1_296' title='bbox 292 3284 537 3331; x_wconf 79' lang='lat' dir='ltr'>cantansque</span> <span class='ocrx_word' id='word_1_297' title='bbox 569 3279 774 3329; x_wconf 90' lang='lat' dir='ltr'>nomium‚</span> <span class='ocrx_word' id='word_1_298' title='bbox 812 3278 921 3328; x_wconf 90' lang='lat' dir='ltr'>quod</span> <span class='ocrx_word' id='word_1_299' title='bbox 954 3280 1135 3328; x_wconf 86' lang='lat' dir='ltr'>vocatur,</span> <span class='ocrx_word' id='word_1_300' title='bbox 1164 3288 1347 3326; x_wconf 86' lang='lat' dir='ltr'>carmen,</span> 
     </span>
     <span class='ocr_line' id='line_1_42' title="bbox 31 3342 1135 3396; baseline -0.005 -8"><span class='ocrx_word' id='word_1_301' title='bbox 31 3342 34 3347; x_wconf 78' lang='grc'>’</span> <span class='ocrx_word' id='word_1_302' title='bbox 84 3343 118 3356; x_wconf 76' lang='grc'>“’</span> <span class='ocrx_word' id='word_1_303' title='bbox 132 3362 166 3379; x_wconf 67' lang='grc' dir='ltr'>ι’</span> <span class='ocrx_word' id='word_1_304' title='bbox 187 3362 193 3381; x_wconf 84' lang='grc' dir='ltr'>ι</span> <span class='ocrx_word' id='word_1_305' title='bbox 219 3348 279 3388; x_wconf 81' lang='lat' dir='ltr'>est</span> <span class='ocrx_word' id='word_1_306' title='bbox 290 3342 427 3386; x_wconf 80' lang='lat' dir='ltr'>istud:</span> <span class='ocrx_word' id='word_1_307' title='bbox 447 3346 627 3396; x_wconf 84' lang='lat' dir='ltr'>lugentes</span> <span class='ocrx_word' id='word_1_308' title='bbox 642 3355 813 3396; x_wconf 88' lang='lat' dir='ltr'>quercus</span> <span class='ocrx_word' id='word_1_309' title='bbox 826 3374 838 3393; x_wconf 91' lang='lat'><em>‚</em></span> <span class='ocrx_word' id='word_1_310' title='bbox 856 3355 881 3383; x_wconf 92' lang='lat' dir='ltr'>o</span> <span class='ocrx_word' id='word_1_311' title='bbox 899 3343 1135 3384; x_wconf 80' lang='lat' dir='ltr'>Menalca.»</span> 
     </span>
    </p>
   </div>
   <div class='ocr_carea' id='block_1_10' title="bbox 35 3497 1350 4208">
    <p class='ocr_par' dir='ltr' id='par_1_10' title="bbox 25 3497 1348 3991">
     <span class='ocr_line' id='line_1_43' title="bbox 86 3497 1347 3549; baseline -0.005 -6.251"><span class='ocrx_word' id='word_1_312' title='bbox 86 3506 132 3540; x_wconf 65' lang='lat' dir='ltr'>t</span> <span class='ocrx_word' id='word_1_313' title='bbox 162 3518 189 3536; x_wconf 80' lang='grc' dir='ltr'>ι</span> <span class='ocrx_word' id='word_1_314' title='bbox 200 3523 202 3525; x_wconf 96' lang='grc'>-</span> <span class='ocrx_word' id='word_1_315' title='bbox 234 3503 279 3544; x_wconf 90' lang='lat' dir='ltr'>is</span> <span class='ocrx_word' id='word_1_316' title='bbox 295 3513 382 3549; x_wconf 87' lang='lat' dir='ltr'>cur.</span> <span class='ocrx_word' id='word_1_317' title='bbox 405 3502 438 3542; x_wconf 86' lang='lat' dir='ltr'>si</span> <span class='ocrx_word' id='word_1_318' title='bbox 464 3502 748 3541; x_wconf 86' lang='lat' dir='ltr'>coronatorum</span> <span class='ocrx_word' id='word_1_319' title='bbox 778 3500 1052 3540; x_wconf 85' lang='lat' dir='ltr'>dissolvuntur</span> <span class='ocrx_word' id='word_1_320' title='bbox 1079 3508 1261 3547; x_wconf 83' lang='lat' dir='ltr'>coronae,</span> <span class='ocrx_word' id='word_1_321' title='bbox 1295 3497 1347 3548; x_wconf 88' lang='lat' dir='ltr'>ii,</span> 
     </span>
     <span class='ocr_line' id='line_1_44' title="bbox 92 3558 1346 3615; baseline -0.005 -8.34"><span class='ocrx_word' id='word_1_322' title='bbox 92 3566 264 3607; x_wconf 59' lang='lat' dir='ltr'>=2m1d</span> <span class='ocrx_word' id='word_1_323' title='bbox 292 3566 450 3615; x_wconf 81' lang='lat' dir='ltr'>accidit,</span> <span class='ocrx_word' id='word_1_324' title='bbox 473 3565 659 3605; x_wconf 87' lang='lat' dir='ltr'>dicantur</span> <span class='ocrx_word' id='word_1_325' title='bbox 690 3575 825 3604; x_wconf 90' lang='lat' dir='ltr'>amore</span> <span class='ocrx_word' id='word_1_326' title='bbox 853 3558 996 3614; x_wconf 72' lang='lat' dir='ltr'>eapi?¹</span> <span class='ocrx_word' id='word_1_327' title='bbox 994 3579 1012 3597; x_wconf 96' lang='lat'>«</span> <span class='ocrx_word' id='word_1_328' title='bbox 1045 3563 1213 3611; x_wconf 81' lang='lat' dir='ltr'>Utrum,</span> <span class='ocrx_word' id='word_1_329' title='bbox 1245 3573 1346 3612; x_wconf 91' lang='lat' dir='ltr'>quo-</span> 
     </span>
     <span class='ocr_line' id='line_1_45' title="bbox 141 3620 1348 3679; baseline -0.005 -7.535"><span class='ocrx_word' id='word_1_330' title='bbox 141 3648 159 3666; x_wconf 73' lang='grc' dir='ltr'>ιι</span> <span class='ocrx_word' id='word_1_331' title='bbox 197 3641 309 3672; x_wconf 76' lang='lat' dir='ltr'>amor</span> <span class='ocrx_word' id='word_1_332' title='bbox 333 3620 461 3671; x_wconf 74' lang='lat' dir='ltr'>aufert</span> <span class='ocrx_word' id='word_1_333' title='bbox 487 3642 647 3670; x_wconf 92' lang='lat' dir='ltr'>morum</span> <span class='ocrx_word' id='word_1_334' title='bbox 677 3632 958 3670; x_wconf 86' lang='lat' dir='ltr'>ornamentum</span> <span class='ocrx_word' id='word_1_335' title='bbox 992 3628 1052 3668; x_wconf 87' lang='lat' dir='ltr'>his</span> <span class='ocrx_word' id='word_1_336' title='bbox 1083 3628 1153 3679; x_wconf 89' lang='lat' dir='ltr'>qui</span> <span class='ocrx_word' id='word_1_337' title='bbox 1189 3628 1348 3676; x_wconf 84' lang='lat' dir='ltr'>amant,</span> 
     </span>
     <span class='ocr_line' id='line_1_46' title="bbox 129 3687 1348 3746; baseline -0.005 -11.049"><span class='ocrx_word' id='word_1_338' title='bbox 129 3693 141 3704; x_wconf 81' lang='grc'>’</span> <span class='ocrx_word' id='word_1_339' title='bbox 173 3710 200 3729; x_wconf 69' lang='grc' dir='ltr'>ν·</span> <span class='ocrx_word' id='word_1_340' title='bbox 230 3695 387 3746; x_wconf 81' lang='lat' dir='ltr'>jactura</span> <span class='ocrx_word' id='word_1_341' title='bbox 414 3694 619 3745; x_wconf 71' lang='lat' dir='ltr'>conspicui</span> <span class='ocrx_word' id='word_1_342' title='bbox 652 3687 876 3734; x_wconf 77' lang='lat' dir='ltr'>ornamenti</span> <span class='ocrx_word' id='word_1_343' title='bbox 905 3692 1055 3742; x_wconf 87' lang='lat' dir='ltr'>(verba</span> <span class='ocrx_word' id='word_1_344' title='bbox 1089 3691 1183 3730; x_wconf 86' lang='lat' dir='ltr'>sunt</span> <span class='ocrx_word' id='word_1_345' title='bbox 1206 3691 1348 3732; x_wconf 80' lang='lat' dir='ltr'>Clear-</span> 
     </span>
     <span class='ocr_line' id='line_1_47' title="bbox 35 3752 1348 3818; baseline -0.005 -20"><span class='ocrx_word' id='word_1_346' title='bbox 35 3752 37 3755; x_wconf 64' lang='grc'>’</span> <span class='ocrx_word' id='word_1_347' title='bbox 93 3782 104 3818; x_wconf 79' lang='lat'>·.&#39;</span> <span class='ocrx_word' id='word_1_348' title='bbox 136 3786 150 3807; x_wconf 87' lang='lat'>,</span> <span class='ocrx_word' id='word_1_349' title='bbox 170 3757 299 3808; x_wconf 88' lang='lat' dir='ltr'>primo</span> <span class='ocrx_word' id='word_1_350' title='bbox 323 3757 424 3797; x_wconf 91' lang='lat' dir='ltr'>libro</span> <span class='ocrx_word' id='word_1_351' title='bbox 451 3757 723 3807; x_wconf 78' lang='lat' dir='ltr'>Eroticorum)</span> <span class='ocrx_word' id='word_1_352' title='bbox 741 3768 813 3807; x_wconf 90' lang='lat' dir='ltr'>pro</span> <span class='ocrx_word' id='word_1_353' title='bbox 843 3755 953 3806; x_wconf 81' lang='lat' dir='ltr'>signo</span> <span class='ocrx_word' id='word_1_354' title='bbox 970 3754 1145 3805; x_wconf 79' lang='lat' dir='ltr'>quodam</span> <span class='ocrx_word' id='word_1_355' title='bbox 1166 3755 1348 3804; x_wconf 87' lang='lat' dir='ltr'>habetur,</span> 
     </span>
     <span class='ocr_line' id='line_1_48' title="bbox 39 3817 1348 3877; baseline -0.005 -16"><span class='ocrx_word' id='word_1_356' title='bbox 39 3863 41 3867; x_wconf 19' lang='grc' dir='ltr'><em>Α</em></span> <span class='ocrx_word' id='word_1_357' title='bbox 80 3852 104 3877; x_wconf 33' lang='grc' dir='ltr'>Δ</span> <span class='ocrx_word' id='word_1_358' title='bbox 130 3818 394 3860; x_wconf 82' lang='lat' dir='ltr'>·declaretur</span> <span class='ocrx_word' id='word_1_359' title='bbox 424 3831 582 3860; x_wconf 88' lang='lat' dir='ltr'>morum</span> <span class='ocrx_word' id='word_1_360' title='bbox 615 3821 799 3858; x_wconf 85' lang='lat' dir='ltr'>ornatum</span> <span class='ocrx_word' id='word_1_361' title='bbox 831 3818 1007 3858; x_wconf 89' lang='lat' dir='ltr'>amisisse</span> <span class='ocrx_word' id='word_1_362' title='bbox 1032 3828 1099 3856; x_wconf 89' lang='lat' dir='ltr'>eos</span> <span class='ocrx_word' id='word_1_363' title='bbox 1130 3817 1278 3867; x_wconf 90' lang='lat' dir='ltr'>quibus</span> <span class='ocrx_word' id='word_1_364' title='bbox 1311 3817 1348 3855; x_wconf 91' lang='lat' dir='ltr'>id</span> 
     </span>
     <span class='ocr_line' id='line_1_49' title="bbox 35 3817 374 3927; baseline -0.012 0"><span class='ocrx_word' id='word_1_365' title='bbox 35 3882 44 3926; x_wconf 61' lang='grc' dir='ltr'>ἰ</span> <span class='ocrx_word' id='word_1_366' title='bbox 35 3817 144 3927; x_wconf 27' lang='lat'>”⁶³55</span> <span class='ocrx_word' id='word_1_367' title='bbox 159 3883 192 3919; x_wconf 64' lang='grc' dir='ltr'>οὔ</span> <span class='ocrx_word' id='word_1_368' title='bbox 219 3912 230 3923; x_wconf 94' lang='lat'><strong>.</strong></span> <span class='ocrx_word' id='word_1_369' title='bbox 258 3898 277 3919; x_wconf 85' lang='lat'>»</span> <span class='ocrx_word' id='word_1_370' title='bbox 297 3883 374 3924; x_wconf 78' lang='lat' dir='ltr'>etc.</span> 
     </span>
     <span class='ocr_line' id='line_1_50' title="bbox 102 3947 740 3991; baseline -0.002 1"><span class='ocrx_word' id='word_1_371' title='bbox 102 3947 117 3961; x_wconf 82' lang='grc'><em>“</em></span> <span class='ocrx_word' id='word_1_372' title='bbox 668 3949 740 3991; x_wconf 87' lang='grc'>39.</span> 
     </span>
    </p>

    <p class='ocr_par' dir='ltr' id='par_1_11' title="bbox 131 4019 1350 4208">
     <span class='ocr_line' id='line_1_51' title="bbox 173 4019 1348 4073; baseline -0.004 -8.871"><span class='ocrx_word' id='word_1_373' title='bbox 173 4025 326 4067; x_wconf 87' lang='lat' dir='ltr'>rchus</span> <span class='ocrx_word' id='word_1_374' title='bbox 338 4026 532 4067; x_wconf 85' lang='lat' dir='ltr'>Solensis</span> <span class='ocrx_word' id='word_1_375' title='bbox 523 4037 563 4065; x_wconf 88' lang='grc' dir='ltr'>ιιι</span> <span class='ocrx_word' id='word_1_376' title='bbox 585 4024 823 4066; x_wconf 84' lang='lat' dir='ltr'>Amatoriis:</span> <span class='ocrx_word' id='word_1_377' title='bbox 849 4040 868 4058; x_wconf 92' lang='lat'>«</span> <span class='ocrx_word' id='word_1_378' title='bbox 888 4019 993 4071; x_wconf 86' lang='lat' dir='ltr'>Quid</span> <span class='ocrx_word' id='word_1_379' title='bbox 1016 4034 1144 4062; x_wconf 82' lang='lat' dir='ltr'>causac</span> <span class='ocrx_word' id='word_1_380' title='bbox 1163 4025 1245 4073; x_wconf 83' lang='lat' dir='ltr'>est,</span> <span class='ocrx_word' id='word_1_381' title='bbox 1270 4023 1348 4070; x_wconf 86' lang='lat' dir='ltr'>ait,</span> 
     </span>
     <span class='ocr_line' id='line_1_52' title="bbox 94 4033 1349 4170; baseline -0.003 -41.82"><span class='ocrx_word' id='word_1_382' title='bbox 94 4033 266 4170; x_wconf 35' lang='lat' dir='ltr'>{fumos</span> <span class='ocrx_word' id='word_1_383' title='bbox 286 4089 327 4128; x_wconf 88' lang='lat' dir='ltr'>et</span> <span class='ocrx_word' id='word_1_384' title='bbox 350 4099 469 4140; x_wconf 85' lang='lat' dir='ltr'>poma</span> <span class='ocrx_word' id='word_1_385' title='bbox 482 4091 524 4130; x_wconf 89' lang='lat' dir='ltr'>et</span> <span class='ocrx_word' id='word_1_386' title='bbox 539 4089 579 4131; x_wconf 88' lang='lat' dir='ltr'>id</span> <span class='ocrx_word' id='word_1_387' title='bbox 593 4096 716 4140; x_wconf 86' lang='lat' dir='ltr'>genus</span> <span class='ocrx_word' id='word_1_388' title='bbox 734 4088 811 4128; x_wconf 88' lang='lat' dir='ltr'>alia</span> <span class='ocrx_word' id='word_1_389' title='bbox 826 4088 1010 4127; x_wconf 87' lang='lat' dir='ltr'>manibus</span> <span class='ocrx_word' id='word_1_390' title='bbox 1025 4088 1242 4137; x_wconf 84' lang='lat' dir='ltr'>gestamus.</span> <span class='ocrx_word' id='word_1_391' title='bbox 1233 4087 1250 4113; x_wconf 97' lang='lat'><strong>⁹</strong></span> <span class='ocrx_word' id='word_1_392' title='bbox 1267 4090 1324 4125; x_wconf 85' lang='lat' dir='ltr'>An</span> <span class='ocrx_word' id='word_1_393' title='bbox 1337 4115 1349 4135; x_wconf 94' lang='lat'>,</span> 
     </span>
     <span class='ocr_line' id='line_1_53' title="bbox 120 4149 1350 4208; baseline -0.004 -15.955"><span class='ocrx_word' id='word_1_394' title='bbox 120 4162 161 4184; x_wconf 81' lang='lat'>¹·</span> <span class='ocrx_word' id='word_1_395' title='bbox 193 4152 386 4192; x_wconf 83' lang='lat' dir='ltr'>naturam</span> <span class='ocrx_word' id='word_1_396' title='bbox 412 4152 473 4192; x_wconf 87' lang='lat' dir='ltr'>his</span> <span class='ocrx_word' id='word_1_397' title='bbox 487 4152 557 4202; x_wconf 88' lang='lat' dir='ltr'>qui</span> <span class='ocrx_word' id='word_1_398' title='bbox 587 4152 734 4192; x_wconf 87' lang='lat' dir='ltr'>talibus</span> <span class='ocrx_word' id='word_1_399' title='bbox 758 4151 1022 4208; x_wconf 73' lang='lat' dir='ltr'>delectantur,</span> <span class='ocrx_word' id='word_1_400' title='bbox 1049 4149 1245 4200; x_wconf 67' lang='lat' dir='ltr'>ostendit,</span> <span class='ocrx_word' id='word_1_401' title='bbox 1267 4159 1350 4188; x_wconf 79' lang='lat' dir='ltr'>esse</span> 
     </span>
    </p>
   </div>
   <div class='ocr_carea' id='block_1_11' title="bbox 36 4197 1392 4280">
    <p class='ocr_par' dir='ltr' id='par_1_12' title="bbox 36 4186 1392 4280">
     <span class='ocr_line' id='line_1_54' title="bbox 36 4197 1392 4280; baseline -0.004 -24"><span class='ocrx_word' id='word_1_402' title='bbox 36 4212 57 4266; x_wconf 86' lang='lat'>¹‘</span> <span class='ocrx_word' id='word_1_403' title='bbox 60 4245 125 4280; x_wconf 84' lang='lat'>-5</span> <span class='ocrx_word' id='word_1_404' title='bbox 152 4212 452 4269; x_wconf 66' lang='lat' dir='ltr'>pulchritudinis</span> <span class='ocrx_word' id='word_1_405' title='bbox 483 4217 734 4267; x_wconf 71' lang='grc' dir='ltr'>3ῐιριῑ6ιιι65ἱ)</span> <span class='ocrx_word' id='word_1_406' title='bbox 757 4215 880 4266; x_wconf 85' lang='lat' dir='ltr'>Igitur</span> <span class='ocrx_word' id='word_1_407' title='bbox 911 4214 1036 4255; x_wconf 84' lang='lat' dir='ltr'>veluti</span> <span class='ocrx_word' id='word_1_408' title='bbox 1065 4213 1350 4253; x_wconf 76' lang='lat' dir='ltr'>documentum</span> <span class='ocrx_word' id='word_1_409' title='bbox 1385 4197 1392 4240; x_wconf 75' lang='grc' dir='ltr'>Ι</span> 
     </span>
    </p>
   </div>
   <div class='ocr_carea' id='block_1_12' title="bbox 28 4278 107 4326">
    <p class='ocr_par' dir='ltr' id='par_1_13' title="bbox 28 4278 107 4326">
     <span class='ocr_line' id='line_1_55' title="bbox 28 4278 107 4326; baseline -0.031 -1"><span class='ocrx_word' id='word_1_410' title='bbox 28 4278 107 4326; x_wconf 72' lang='lat' dir='ltr'>f:</span> <span class='ocrx_word' id='word_1_411' title='bbox 86 4314 92 4323; x_wconf 86' lang='lat'>..</span> 
     </span>
    </p>
   </div>
   <div class='ocr_carea' id='block_1_13' title="bbox 96 2480 1353 2621">
    <p class='ocr_par' dir='ltr' id='par_1_14' title="bbox 40 2475 1397 3710">
     <span class='ocr_line' id='line_1_56' title="bbox 96 2480 724 2519; baseline 0 0"><span class='ocrx_word' id='word_1_412' title='bbox 96 2518 101 2519; x_wconf 16' lang='grc' dir='ltr'>ι</span> <span class='ocrx_word' id='word_1_413' title='bbox 673 2480 724 2519; x_wconf 89' lang='grc'>37</span> 
     </span>
     <span class='ocr_line' id='line_1_57' title="bbox 112 2568 1353 2621; baseline -0.006 -8.424"><span class='ocrx_word' id='word_1_414' title='bbox 112 2572 352 2621; x_wconf 83' lang='lat' dir='ltr'>Clearchus,</span> <span class='ocrx_word' id='word_1_415' title='bbox 365 2570 467 2611; x_wconf 89' lang='lat' dir='ltr'>libro</span> <span class='ocrx_word' id='word_1_416' title='bbox 478 2569 607 2620; x_wconf 87' lang='lat' dir='ltr'>primo</span> <span class='ocrx_word' id='word_1_417' title='bbox 623 2568 874 2608; x_wconf 88' lang='lat' dir='ltr'>Eroticorum</span> <span class='ocrx_word' id='word_1_418' title='bbox 887 2568 1152 2618; x_wconf 90' lang='lat' dir='ltr'>,nomium(i.</span> <span class='ocrx_word' id='word_1_419' title='bbox 1167 2578 1204 2607; x_wconf 94' lang='lat' dir='ltr'>e.</span> <span class='ocrx_word' id='word_1_420' title='bbox 1220 2569 1353 2618; x_wconf 86' lang='lat' dir='ltr'>pasto·</span> 
     </span>
    </p>
   </div>
   <div class='ocr_carea' id='block_1_14' title="bbox 2627 298 2719 340">
    <p class='ocr_par' dir='ltr' id='par_1_15' title="bbox 2627 298 2719 340">
     <span class='ocr_line' id='line_1_58' title="bbox 2627 298 2719 340; baseline -0.011 0"><span class='ocrx_word' id='word_1_421' title='bbox 2627 298 2719 340; x_wconf 76' lang='lat'>³15</span> 
     </span>
    </p>
   </div>
   <div class='ocr_carea' id='block_1_15' title="bbox 1431 392 2718 893">
    <p class='ocr_par' dir='ltr' id='par_1_16' title="bbox 2039 392 2114 451">
     <span class='ocr_line' id='line_1_59' title="bbox 2039 392 2114 451; baseline 0.04 -15"><span class='ocrx_word' id='word_1_422' title='bbox 2039 392 2114 451; x_wconf 86' lang='lat'>39.</span> 
     </span>
    </p>

    <p class='ocr_par' dir='ltr' id='par_1_17' title="bbox 1431 473 2718 893">
     <span class='ocr_line' id='line_1_60' title="bbox 1499 473 2717 539; baseline 0.009 -20"><span class='ocrx_word' id='word_1_423' title='bbox 1499 475 1731 519; x_wconf 85' lang='lat' dir='ltr'>IdemXII</span> <span class='ocrx_word' id='word_1_424' title='bbox 1738 491 1853 534; x_wconf 66' lang='lat' dir='ltr'>,po</span> <span class='ocrx_word' id='word_1_425' title='bbox 1828 473 1940 530; x_wconf 82' lang='lat'>553,</span> <span class='ocrx_word' id='word_1_426' title='bbox 1965 474 2027 521; x_wconf 74' lang='lat' dir='ltr'>E:</span> <span class='ocrx_word' id='word_1_427' title='bbox 2054 474 2330 539; x_wconf 43' lang='lat' dir='ltr'>Klffotpspcffi</span> <span class='ocrx_word' id='word_1_428' title='bbox 2351 482 2372 524; x_wconf 80' lang='grc' dir='ltr'>ὁ</span> <span class='ocrx_word' id='word_1_429' title='bbox 2394 480 2588 533; x_wconf 81' lang='grc' dir='ltr'>Σολευς’</span> <span class='ocrx_word' id='word_1_430' title='bbox 2570 501 2612 528; x_wconf 90' lang='grc' dir='ltr'>εν</span> <span class='ocrx_word' id='word_1_431' title='bbox 2629 487 2717 538; x_wconf 86' lang='grc' dir='ltr'>τοῖς</span> 
     </span>
     <span class='ocr_line' id='line_1_61' title="bbox 1433 544 2714 629; baseline 0.006 -37.114"><span class='ocrx_word' id='word_1_432' title='bbox 1433 544 1681 629; x_wconf 83' lang='grc' dir='ltr'>Ἐρωτικοῖς</span> <span class='ocrx_word' id='word_1_433' title='bbox 1699 567 1719 587; x_wconf 78' lang='grc' dir='ltr'>ιι</span> <span class='ocrx_word' id='word_1_434' title='bbox 1735 544 1819 592; x_wconf 84' lang='grc' dir='ltr'>Διὰ</span> <span class='ocrx_word' id='word_1_435' title='bbox 1832 544 1872 591; x_wconf 89' lang='grc' dir='ltr'>τί</span> <span class='ocrx_word' id='word_1_436' title='bbox 1892 545 2026 609; x_wconf 72' lang='grc' dir='ltr'>(φησι)</span> <span class='ocrx_word' id='word_1_437' title='bbox 2046 545 2155 607; x_wconf 84' lang='grc' dir='ltr'>μετὰ</span> <span class='ocrx_word' id='word_1_438' title='bbox 2170 554 2315 609; x_wconf 84' lang='grc' dir='ltr'>χεῖρας</span> <span class='ocrx_word' id='word_1_439' title='bbox 2339 550 2440 608; x_wconf 84' lang='grc' dir='ltr'>ἄνθη</span> <span class='ocrx_word' id='word_1_440' title='bbox 2454 591 2464 608; x_wconf 93' lang='grc'>,</span> <span class='ocrx_word' id='word_1_441' title='bbox 2488 553 2559 598; x_wconf 86' lang='grc' dir='ltr'>καὶ</span> <span class='ocrx_word' id='word_1_442' title='bbox 2578 555 2714 617; x_wconf 76' lang='grc' dir='ltr'>μῆλα,</span> 
     </span>
     <span class='ocr_line' id='line_1_62' title="bbox 1432 614 2717 682; baseline 0.006 -21"><span class='ocrx_word' id='word_1_443' title='bbox 1432 614 1506 662; x_wconf 84' lang='grc' dir='ltr'>καὶ</span> <span class='ocrx_word' id='word_1_444' title='bbox 1543 615 1598 662; x_wconf 79' lang='grc' dir='ltr'>τὰ</span> <span class='ocrx_word' id='word_1_445' title='bbox 1630 620 1807 662; x_wconf 80' lang='grc' dir='ltr'>τοιαῦτα</span> <span class='ocrx_word' id='word_1_446' title='bbox 1846 614 2056 680; x_wconf 79' lang='grc' dir='ltr'>φέρομεν;</span> <span class='ocrx_word' id='word_1_447' title='bbox 2090 616 2293 682; x_wconf 87' lang='grc' dir='ltr'>Πότερον,</span> <span class='ocrx_word' id='word_1_448' title='bbox 2326 618 2389 665; x_wconf 78' lang='grc' dir='ltr'>ὅτι</span> <span class='ocrx_word' id='word_1_449' title='bbox 2427 641 2500 668; x_wconf 82' lang='grc' dir='ltr'>και</span> <span class='ocrx_word' id='word_1_450' title='bbox 2535 623 2603 670; x_wconf 81' lang='grc' dir='ltr'>διὰ</span> <span class='ocrx_word' id='word_1_451' title='bbox 2641 630 2717 682; x_wconf 73' lang='grc' dir='ltr'>τῆς</span> 
     </span>
     <span class='ocr_line' id='line_1_63' title="bbox 1431 686 2717 759; baseline 0.006 -26"><span class='ocrx_word' id='word_1_452' title='bbox 1431 686 1593 733; x_wconf 85' lang='grc' dir='ltr'>τούτων</span> <span class='ocrx_word' id='word_1_453' title='bbox 1632 686 1891 750; x_wconf 83' lang='grc' dir='ltr'>ἀγαπήσεως</span> <span class='ocrx_word' id='word_1_454' title='bbox 1929 690 1957 744; x_wconf 83' lang='grc' dir='ltr'>ἡ</span> <span class='ocrx_word' id='word_1_455' title='bbox 1994 688 2116 749; x_wconf 70' lang='grc' dir='ltr'>φύσις</span> <span class='ocrx_word' id='word_1_456' title='bbox 2157 690 2307 749; x_wconf 86' lang='grc' dir='ltr'>μηνύει</span> <span class='ocrx_word' id='word_1_457' title='bbox 2348 691 2443 744; x_wconf 83' lang='grc' dir='ltr'>τοὺς</span> <span class='ocrx_word' id='word_1_458' title='bbox 2489 698 2561 749; x_wconf 69' lang='grc' dir='ltr'>τῆς</span> <span class='ocrx_word' id='word_1_459' title='bbox 2604 695 2717 759; x_wconf 84' lang='grc' dir='ltr'>ὥρας</span> 
     </span>
     <span class='ocr_line' id='line_1_64' title="bbox 1433 747 2718 822; baseline 0.006 -24"><span class='ocrx_word' id='word_1_460' title='bbox 1433 751 1610 815; x_wconf 81' lang='grc' dir='ltr'>ἔχοντας</span> <span class='ocrx_word' id='word_1_461' title='bbox 1643 752 1720 809; x_wconf 85' lang='grc' dir='ltr'>τὴν</span> <span class='ocrx_word' id='word_1_462' title='bbox 1757 751 2009 814; x_wconf 81' lang='grc' dir='ltr'>ἐπιθυμίαν;</span> <span class='ocrx_word' id='word_1_463' title='bbox 2034 751 2118 800; x_wconf 79' lang='grc' dir='ltr'>Διὰ</span> <span class='ocrx_word' id='word_1_464' title='bbox 2151 757 2275 801; x_wconf 81' lang='grc' dir='ltr'>τοῦτο</span> <span class='ocrx_word' id='word_1_465' title='bbox 2300 747 2386 814; x_wconf 65' lang='grc' dir='ltr'>οὖν,</span> <span class='ocrx_word' id='word_1_466' title='bbox 2411 757 2534 803; x_wconf 83' lang='grc' dir='ltr'>οἱονεὶ</span> <span class='ocrx_word' id='word_1_467' title='bbox 2564 760 2718 822; x_wconf 82' lang='grc' dir='ltr'>δεῖγμα</span> 
     </span>
     <span class='ocr_line' id='line_1_65' title="bbox 1431 823 2714 893; baseline 0.006 -24"><span class='ocrx_word' id='word_1_468' title='bbox 1431 827 1507 882; x_wconf 80' lang='grc' dir='ltr'>τῆς</span> <span class='ocrx_word' id='word_1_469' title='bbox 1527 823 1684 889; x_wconf 78' lang='grc' dir='ltr'>ὄψεως,</span> <span class='ocrx_word' id='word_1_470' title='bbox 1705 823 1759 870; x_wconf 78' lang='grc' dir='ltr'>τὰ</span> <span class='ocrx_word' id='word_1_471' title='bbox 1779 825 1919 886; x_wconf 76' lang='grc' dir='ltr'>ὡραῖα</span> <span class='ocrx_word' id='word_1_472' title='bbox 1941 823 2050 886; x_wconf 78' lang='grc' dir='ltr'>μετὰ</span> <span class='ocrx_word' id='word_1_473' title='bbox 2075 832 2223 889; x_wconf 81' lang='grc' dir='ltr'>χεῖρας</span> <span class='ocrx_word' id='word_1_474' title='bbox 2247 824 2419 890; x_wconf 80' lang='grc' dir='ltr'>ἔχουσι,</span> <span class='ocrx_word' id='word_1_475' title='bbox 2444 828 2516 874; x_wconf 83' lang='grc' dir='ltr'>καὶ</span> <span class='ocrx_word' id='word_1_476' title='bbox 2539 831 2714 893; x_wconf 77' lang='grc' dir='ltr'>χαίρου-</span> 
     </span>
    </p>
   </div>
   <div class='ocr_carea' id='block_1_16' title="bbox 1421 894 2721 966">
    <p class='ocr_par' dir='ltr' id='par_1_18' title="bbox 1421 894 2721 966">
     <span class='ocr_line' id='line_1_66' title="bbox 1421 894 2721 966; baseline 0.005 -24"><span class='ocrx_word' id='word_1_477' title='bbox 1421 915 1500 949; x_wconf 59' lang='grc' dir='ltr'>,σιν</span> <span class='ocrx_word' id='word_1_478' title='bbox 1530 894 1752 958; x_wconf 59' lang='grc' dir='ltr'>αὐτοῒςζῆ</span> <span class='ocrx_word' id='word_1_479' title='bbox 1784 898 1895 944; x_wconf 87' lang='grc' dir='ltr'>δυοῖν</span> <span class='ocrx_word' id='word_1_480' title='bbox 1923 898 2051 962; x_wconf 86' lang='grc' dir='ltr'>χάριν</span> <span class='ocrx_word' id='word_1_481' title='bbox 2083 902 2222 944; x_wconf 80' lang='grc' dir='ltr'>ταῦτα</span> <span class='ocrx_word' id='word_1_482' title='bbox 2255 898 2572 964; x_wconf 77' lang='grc' dir='ltr'>περιφέρουσιν;</span> <span class='ocrx_word' id='word_1_483' title='bbox 2606 904 2721 966; x_wconf 74' lang='grc' dir='ltr'>ἀρχή</span> 
     </span>
    </p>
   </div>
   <div class='ocr_carea' id='block_1_17' title="bbox 1430 968 2727 2401">
    <p class='ocr_par' dir='ltr' id='par_1_19' title="bbox 1430 968 2727 2401">
     <span class='ocr_line' id='line_1_67' title="bbox 1432 968 2724 1035; baseline 0.003 -21"><span class='ocrx_word' id='word_1_484' title='bbox 1432 987 1478 1015; x_wconf 90' lang='grc' dir='ltr'>τε</span> <span class='ocrx_word' id='word_1_485' title='bbox 1497 968 1580 1034; x_wconf 86' lang='grc' dir='ltr'>γὰρ</span> <span class='ocrx_word' id='word_1_486' title='bbox 1602 969 1801 1034; x_wconf 83' lang='grc' dir='ltr'>εὐτυχίας</span> <span class='ocrx_word' id='word_1_487' title='bbox 1821 969 1895 1016; x_wconf 86' lang='grc' dir='ltr'>καὶ</span> <span class='ocrx_word' id='word_1_488' title='bbox 1915 971 2194 1035; x_wconf 89' lang='grc' dir='ltr'>παράδειγμα</span> <span class='ocrx_word' id='word_1_489' title='bbox 2224 972 2297 1027; x_wconf 84' lang='grc' dir='ltr'>τ’ἧς</span> <span class='ocrx_word' id='word_1_490' title='bbox 2319 970 2560 1034; x_wconf 86' lang='grc' dir='ltr'>βουλήσεως</span> <span class='ocrx_word' id='word_1_491' title='bbox 2582 974 2724 1025; x_wconf 78' lang='grc' dir='ltr'>αὐτοῖς</span> 
     </span>
     <span class='ocr_line' id='line_1_68' title="bbox 1432 1039 2720 1108; baseline 0.003 -22"><span class='ocrx_word' id='word_1_492' title='bbox 1432 1040 1595 1102; x_wconf 86' lang='grc' dir='ltr'>γίνεται</span> <span class='ocrx_word' id='word_1_493' title='bbox 1619 1039 1690 1088; x_wconf 80' lang='grc' dir='ltr'>διὰ</span> <span class='ocrx_word' id='word_1_494' title='bbox 1708 1040 1886 1100; x_wconf 77' lang='grc' dir='ltr'>τούτοιν,</span> <span class='ocrx_word' id='word_1_495' title='bbox 1904 1042 2111 1099; x_wconf 82' lang='grc' dir='ltr'>αἰτηθεῖσι</span> <span class='ocrx_word' id='word_1_496' title='bbox 2130 1040 2207 1103; x_wconf 87' lang='grc' dir='ltr'>μὲν</span> <span class='ocrx_word' id='word_1_497' title='bbox 2227 1043 2289 1107; x_wconf 83' lang='grc' dir='ltr'>τῷ</span> <span class='ocrx_word' id='word_1_498' title='bbox 2308 1046 2720 1108; x_wconf 75' lang='grc' dir='ltr'>προσαγορευθῆναι,</span> 
     </span>
     <span class='ocr_line' id='line_1_69' title="bbox 1434 1111 2722 1177; baseline 0.004 -20"><span class='ocrx_word' id='word_1_499' title='bbox 1434 1112 1554 1158; x_wconf 77' lang='grc' dir='ltr'>δοῦσι</span> <span class='ocrx_word' id='word_1_500' title='bbox 1572 1111 1616 1158; x_wconf 85' lang='grc' dir='ltr'>δὲ</span> <span class='ocrx_word' id='word_1_501' title='bbox 1636 1112 1999 1177; x_wconf 80' lang='grc' dir='ltr'>προϋπογράφειν,</span> <span class='ocrx_word' id='word_1_502' title='bbox 2021 1114 2086 1161; x_wconf 84' lang='grc' dir='ltr'>ὅτι</span> <span class='ocrx_word' id='word_1_503' title='bbox 2110 1112 2262 1160; x_wconf 74' lang='grc' dir='ltr'>δεῖκαὶ</span> <span class='ocrx_word' id='word_1_504' title='bbox 2279 1112 2432 1167; x_wconf 79' lang='grc' dir='ltr'>αὐτοὺς</span> <span class='ocrx_word' id='word_1_505' title='bbox 2449 1115 2722 1175; x_wconf 87' lang='grc' dir='ltr'>μεταδιδόναι</span> 
     </span>
     <span class='ocr_line' id='line_1_70' title="bbox 1433 1181 2724 1248; baseline 0.002 -19"><span class='ocrx_word' id='word_1_506' title='bbox 1433 1186 1508 1240; x_wconf 83' lang='grc' dir='ltr'>τῆς</span> <span class='ocrx_word' id='word_1_507' title='bbox 1527 1181 1658 1248; x_wconf 80' lang='grc' dir='ltr'>ὥρας.</span> <span class='ocrx_word' id='word_1_508' title='bbox 1682 1183 1737 1231; x_wconf 78' lang='lat' dir='ltr'>‘H</span> <span class='ocrx_word' id='word_1_509' title='bbox 1775 1182 1858 1248; x_wconf 84' lang='grc' dir='ltr'>γὰρ</span> <span class='ocrx_word' id='word_1_510' title='bbox 1889 1187 1972 1230; x_wconf 84' lang='grc' dir='ltr'>τῶν</span> <span class='ocrx_word' id='word_1_511' title='bbox 1991 1183 2175 1246; x_wconf 73' lang='grc' dir='ltr'>’ὡραίων</span> <span class='ocrx_word' id='word_1_512' title='bbox 2193 1181 2352 1231; x_wconf 81' lang='grc' dir='ltr'>ἀνθέων</span> <span class='ocrx_word' id='word_1_513' title='bbox 2362 1185 2435 1232; x_wconf 85' lang='grc' dir='ltr'>καὶ</span> <span class='ocrx_word' id='word_1_514' title='bbox 2458 1188 2633 1248; x_wconf 82' lang='grc' dir='ltr'>καρπῶν</span> <span class='ocrx_word' id='word_1_515' title='bbox 2658 1186 2724 1232; x_wconf 87' lang='grc' dir='ltr'>αἴ-</span> 
     </span>
     <span class='ocr_line' id='line_1_71' title="bbox 1433 1256 2725 1322; baseline 0.002 -21"><span class='ocrx_word' id='word_1_516' title='bbox 1433 1274 1555 1314; x_wconf 85' lang='grc' dir='ltr'>τησις</span> <span class='ocrx_word' id='word_1_517' title='bbox 1572 1260 1633 1309; x_wconf 79' lang='grc' dir='ltr'>εἰς</span> <span class='ocrx_word' id='word_1_518' title='bbox 1653 1256 1866 1304; x_wconf 85' lang='grc' dir='ltr'>ἀντίδοσιν</span> <span class='ocrx_word' id='word_1_519' title='bbox 1887 1260 1964 1314; x_wconf 81' lang='grc' dir='ltr'>τ’ῆς</span> <span class='ocrx_word' id='word_1_520' title='bbox 1984 1260 2057 1303; x_wconf 78' lang='grc' dir='ltr'>τοῦ</span> <span class='ocrx_word' id='word_1_521' title='bbox 2083 1256 2281 1319; x_wconf 85' lang='grc' dir='ltr'>σώματος</span> <span class='ocrx_word' id='word_1_522' title='bbox 2303 1257 2417 1322; x_wconf 80' lang='grc' dir='ltr'>ὥρας</span> <span class='ocrx_word' id='word_1_523' title='bbox 2447 1258 2725 1321; x_wconf 81' lang='grc' dir='ltr'>προκαλεῖται</span> 
     </span>
     <span class='ocr_line' id='line_1_72' title="bbox 1433 1326 2725 1393; baseline 0.002 -20"><span class='ocrx_word' id='word_1_524' title='bbox 1433 1326 1528 1381; x_wconf 75' lang='grc' dir='ltr'>τοὺς</span> <span class='ocrx_word' id='word_1_525' title='bbox 1562 1327 1789 1379; x_wconf 72' lang='grc' dir='ltr'>λαὸόντας.</span> <span class='ocrx_word' id='word_1_526' title='bbox 1813 1327 1875 1375; x_wconf 89' lang='grc' dir='ltr'>Ἢ</span> <span class='ocrx_word' id='word_1_527' title='bbox 1905 1327 1982 1384; x_wconf 81' lang='grc' dir='ltr'>τὴν</span> <span class='ocrx_word' id='word_1_528' title='bbox 2007 1327 2168 1375; x_wconf 85' lang='grc' dir='ltr'>τούτων</span> <span class='ocrx_word' id='word_1_529' title='bbox 2194 1326 2310 1392; x_wconf 84' lang='grc' dir='ltr'>ὥραν</span> <span class='ocrx_word' id='word_1_530' title='bbox 2345 1328 2612 1393; x_wconf 82' lang='grc' dir='ltr'>παραψυχὴν</span> <span class='ocrx_word' id='word_1_531' title='bbox 2653 1332 2725 1376; x_wconf 88' lang='grc' dir='ltr'>καὶ</span> 
     </span>
     <span class='ocr_line' id='line_1_73' title="bbox 1434 1399 2727 1465; baseline 0.001 -20"><span class='ocrx_word' id='word_1_532' title='bbox 1434 1399 1711 1462; x_wconf 83' lang='grc' dir='ltr'>παραμυθίαν</span> <span class='ocrx_word' id='word_1_533' title='bbox 1729 1403 1804 1457; x_wconf 78' lang='grc' dir='ltr'>τῆς</span> <span class='ocrx_word' id='word_1_534' title='bbox 1822 1400 1892 1447; x_wconf 81' lang='grc' dir='ltr'>ἐπὶ</span> <span class='ocrx_word' id='word_1_535' title='bbox 1910 1403 1994 1446; x_wconf 85' lang='grc' dir='ltr'>τῶν</span> <span class='ocrx_word' id='word_1_536' title='bbox 2013 1399 2238 1464; x_wconf 80' lang='grc' dir='ltr'>ἐρωμένων</span> <span class='ocrx_word' id='word_1_537' title='bbox 2251 1399 2364 1465; x_wconf 80' lang='grc' dir='ltr'>ὥρας</span> <span class='ocrx_word' id='word_1_538' title='bbox 2377 1401 2468 1454; x_wconf 83' lang='grc' dir='ltr'>ταῖς</span> <span class='ocrx_word' id='word_1_539' title='bbox 2485 1401 2727 1462; x_wconf 83' lang='grc' dir='ltr'>ἐπιθυμίαις</span> 
     </span>
     <span class='ocr_line' id='line_1_74' title="bbox 1433 1470 2726 1538; baseline 0.003 -22"><span class='ocrx_word' id='word_1_540' title='bbox 1433 1471 1653 1535; x_wconf 86' lang='grc' dir='ltr'>χαίροντες</span> <span class='ocrx_word' id='word_1_541' title='bbox 1682 1470 1851 1536; x_wconf 79' lang='grc' dir='ltr'>ἔχουσιν</span> <span class='ocrx_word' id='word_1_542' title='bbox 1888 1475 2047 1526; x_wconf 75' lang='grc' dir='ltr'>αὑτοῖς.</span> <span class='ocrx_word' id='word_1_543' title='bbox 2089 1471 2372 1538; x_wconf 82' lang='grc' dir='ltr'>Ἐκκρούεται</span> <span class='ocrx_word' id='word_1_544' title='bbox 2411 1473 2494 1536; x_wconf 83' lang='grc' dir='ltr'>γὰρ</span> <span class='ocrx_word' id='word_1_545' title='bbox 2534 1472 2617 1520; x_wconf 76' lang='grc' dir='ltr'>ὑπὸ</span> <span class='ocrx_word' id='word_1_546' title='bbox 2651 1479 2726 1530; x_wconf 78' lang='grc' dir='ltr'>τῆς</span> 
     </span>
     <span class='ocr_line' id='line_1_75' title="bbox 1434 1541 2725 1608; baseline 0.002 -19"><span class='ocrx_word' id='word_1_547' title='bbox 1434 1541 1593 1590; x_wconf 84' lang='grc' dir='ltr'>τούτων</span> <span class='ocrx_word' id='word_1_548' title='bbox 1621 1543 1859 1606; x_wconf 87' lang='grc' dir='ltr'>παρουσίας</span> <span class='ocrx_word' id='word_1_549' title='bbox 1884 1546 1905 1589; x_wconf 84' lang='grc' dir='ltr'>ὃ</span> <span class='ocrx_word' id='word_1_550' title='bbox 1924 1546 2009 1590; x_wconf 78' lang='grc' dir='ltr'>τῶν</span> <span class='ocrx_word' id='word_1_551' title='bbox 2034 1543 2259 1608; x_wconf 72' lang='grc' dir='ltr'>ἐρωμένων</span> <span class='ocrx_word' id='word_1_552' title='bbox 2284 1544 2426 1598; x_wconf 88' lang='grc' dir='ltr'>πόθος.</span> <span class='ocrx_word' id='word_1_553' title='bbox 2462 1545 2514 1591; x_wconf 78' lang='grc' dir='ltr'>Εἰ</span> <span class='ocrx_word' id='word_1_554' title='bbox 2551 1544 2610 1606; x_wconf 83' lang='grc' dir='ltr'>μὴ</span> <span class='ocrx_word' id='word_1_555' title='bbox 2642 1545 2725 1608; x_wconf 84' lang='grc' dir='ltr'>ἄρα</span> 
     </span>
     <span class='ocr_line' id='line_1_76' title="bbox 1434 1615 2724 1705; baseline 0.002 -44"><span class='ocrx_word' id='word_1_556' title='bbox 1434 1619 1506 1662; x_wconf 76' lang='grc' dir='ltr'>τοῦ</span> <span class='ocrx_word' id='word_1_557' title='bbox 1537 1634 1638 1680; x_wconf 89' lang='grc' dir='ltr'>περι</span> <span class='ocrx_word' id='word_1_558' title='bbox 1662 1635 1814 1669; x_wconf 88' lang='grc' dir='ltr'>αυτους</span> <span class='ocrx_word' id='word_1_559' title='bbox 1837 1615 2008 1677; x_wconf 91' lang='grc' dir='ltr'>κόσμου</span> <span class='ocrx_word' id='word_1_560' title='bbox 2042 1615 2190 1680; x_wconf 85' lang='grc' dir='ltr'>χάριν,</span> <span class='ocrx_word' id='word_1_561' title='bbox 2216 1616 2412 1705; x_wconf 80' lang='grc' dir='ltr'>καθάπερ</span> <span class='ocrx_word' id='word_1_562' title='bbox 2448 1616 2553 1663; x_wconf 85' lang='grc' dir='ltr'>ἄλλο</span> <span class='ocrx_word' id='word_1_563' title='bbox 2577 1636 2617 1663; x_wconf 89' lang='grc' dir='ltr'>τι</span> <span class='ocrx_word' id='word_1_564' title='bbox 2641 1621 2724 1663; x_wconf 83' lang='grc' dir='ltr'>τῶν</span> 
     </span>
     <span class='ocr_line' id='line_1_77' title="bbox 1433 1686 2726 1751; baseline 0.001 -18"><span class='ocrx_word' id='word_1_565' title='bbox 1433 1686 1537 1751; x_wconf 83' lang='grc' dir='ltr'>πρὸς</span> <span class='ocrx_word' id='word_1_566' title='bbox 1568 1687 1879 1749; x_wconf 70' lang='grc' dir='ltr'>καὶλωπισμὸν</span> <span class='ocrx_word' id='word_1_567' title='bbox 1914 1687 2229 1746; x_wconf 82' lang='grc' dir='ltr'>συντεινόντων,</span> <span class='ocrx_word' id='word_1_568' title='bbox 2256 1687 2402 1751; x_wconf 77' lang='grc' dir='ltr'>ἔχουσί</span> <span class='ocrx_word' id='word_1_569' title='bbox 2425 1708 2471 1735; x_wconf 85' lang='grc' dir='ltr'>τε</span> <span class='ocrx_word' id='word_1_570' title='bbox 2494 1694 2630 1736; x_wconf 76' lang='grc' dir='ltr'>ταῦτα</span> <span class='ocrx_word' id='word_1_571' title='bbox 2654 1689 2726 1735; x_wconf 86' lang='grc' dir='ltr'>καὶ</span> 
     </span>
     <span class='ocr_line' id='line_1_78' title="bbox 1433 1758 2727 1825; baseline 0.002 -21"><span class='ocrx_word' id='word_1_572' title='bbox 1433 1759 1657 1823; x_wconf 86' lang='grc' dir='ltr'>χαίρουσιν</span> <span class='ocrx_word' id='word_1_573' title='bbox 1692 1761 1853 1814; x_wconf 81' lang='grc' dir='ltr'>αὐτοῖς.</span> <span class='ocrx_word' id='word_1_574' title='bbox 1891 1762 1958 1807; x_wconf 88' lang='lat'>06</span> <span class='ocrx_word' id='word_1_575' title='bbox 1990 1758 2072 1824; x_wconf 83' lang='grc' dir='ltr'>γὰρ</span> <span class='ocrx_word' id='word_1_576' title='bbox 2106 1759 2232 1822; x_wconf 90' lang='grc' dir='ltr'>μόνον</span> <span class='ocrx_word' id='word_1_577' title='bbox 2267 1761 2616 1825; x_wconf 79' lang='grc' dir='ltr'>στεφανουμένων</span> <span class='ocrx_word' id='word_1_578' title='bbox 2641 1768 2727 1814; x_wconf 88' lang='grc' dir='ltr'>τοῖς</span> 
     </span>
     <span class='ocr_line' id='line_1_79' title="bbox 1433 1831 2726 1897; baseline 0 -19"><span class='ocrx_word' id='word_1_579' title='bbox 1433 1831 1606 1895; x_wconf 76' lang='grc' dir='ltr'>ὡραίοις</span> <span class='ocrx_word' id='word_1_580' title='bbox 1627 1832 1815 1893; x_wconf 86' lang='grc' dir='ltr'>ἄνθεσιν,</span> <span class='ocrx_word' id='word_1_581' title='bbox 1838 1831 1951 1880; x_wconf 85' lang='grc' dir='ltr'>ἀλλὰ</span> <span class='ocrx_word' id='word_1_582' title='bbox 1974 1832 2047 1879; x_wconf 89' lang='grc' dir='ltr'>καὶ</span> <span class='ocrx_word' id='word_1_583' title='bbox 2069 1832 2180 1895; x_wconf 83' lang='grc' dir='ltr'>μετὰ</span> <span class='ocrx_word' id='word_1_584' title='bbox 2202 1834 2350 1897; x_wconf 80' lang='grc' dir='ltr'>χεῖρας</span> <span class='ocrx_word' id='word_1_585' title='bbox 2374 1832 2557 1896; x_wconf 82' lang='grc' dir='ltr'>εχόντων</span> <span class='ocrx_word' id='word_1_586' title='bbox 2575 1832 2623 1879; x_wconf 87' lang='grc' dir='ltr'>τὸ</span> <span class='ocrx_word' id='word_1_587' title='bbox 2639 1840 2726 1879; x_wconf 79' lang='grc' dir='ltr'>πᾶν</span> 
     </span>
     <span class='ocr_line' id='line_1_80' title="bbox 1434 1897 2727 1970; baseline 0.001 -20"><span class='ocrx_word' id='word_1_588' title='bbox 1434 1897 1542 1958; x_wconf 77' lang='grc' dir='ltr'>εἶδος</span> <span class='ocrx_word' id='word_1_589' title='bbox 1572 1906 1887 1967; x_wconf 80' lang='grc' dir='ltr'>ἐπικοσμεῖται.</span> <span class='ocrx_word' id='word_1_590' title='bbox 1922 1905 2057 1969; x_wconf 90' lang='grc' dir='ltr'>Τάχα</span> <span class='ocrx_word' id='word_1_591' title='bbox 2093 1905 2128 1952; x_wconf 83' lang='grc' dir='ltr'>δ’</span> <span class='ocrx_word' id='word_1_592' title='bbox 2154 1905 2256 1959; x_wconf 87' lang='grc' dir='ltr'>ἴσως</span> <span class='ocrx_word' id='word_1_593' title='bbox 2295 1904 2364 1951; x_wconf 86' lang='grc' dir='ltr'>διὰ</span> <span class='ocrx_word' id='word_1_594' title='bbox 2395 1905 2443 1951; x_wconf 84' lang='grc' dir='ltr'>τὸ</span> <span class='ocrx_word' id='word_1_595' title='bbox 2475 1905 2727 1970; x_wconf 76' lang='grc' dir='ltr'>φιλοκάὶους</span> 
     </span>
     <span class='ocr_line' id='line_1_81' title="bbox 1433 1977 2724 2042; baseline 0 -19"><span class='ocrx_word' id='word_1_596' title='bbox 1433 1980 1565 2023; x_wconf 73' lang='grc' dir='ltr'>εἶναι·</span> <span class='ocrx_word' id='word_1_597' title='bbox 1593 1978 1718 2034; x_wconf 87' lang='grc' dir='ltr'>δηλοῖ</span> <span class='ocrx_word' id='word_1_598' title='bbox 1740 1977 1783 2023; x_wconf 81' lang='grc' dir='ltr'>δὲ</span> <span class='ocrx_word' id='word_1_599' title='bbox 1808 1977 1856 2023; x_wconf 85' lang='grc' dir='ltr'>τὸ</span> <span class='ocrx_word' id='word_1_600' title='bbox 1879 1981 1964 2024; x_wconf 84' lang='grc' dir='ltr'>τῶν</span> <span class='ocrx_word' id='word_1_601' title='bbox 1991 1979 2180 2025; x_wconf 81' lang='grc' dir='ltr'>καλῶν’</span> <span class='ocrx_word' id='word_1_602' title='bbox 2163 1985 2261 2042; x_wconf 80' lang='grc' dir='ltr'>ερᾶν</span> <span class='ocrx_word' id='word_1_603' title='bbox 2286 1997 2359 2024; x_wconf 86' lang='grc' dir='ltr'>και</span> <span class='ocrx_word' id='word_1_604' title='bbox 2382 1978 2485 2042; x_wconf 84' lang='grc' dir='ltr'>πρὸς</span> <span class='ocrx_word' id='word_1_605' title='bbox 2508 1978 2562 2023; x_wconf 85' lang='grc' dir='ltr'>τὰ</span> <span class='ocrx_word' id='word_1_606' title='bbox 2586 1980 2724 2042; x_wconf 82' lang='grc' dir='ltr'>ὡραῖα</span> 
     </span>
     <span class='ocr_line' id='line_1_82' title="bbox 1433 2048 2727 2114; baseline 0 -18"><span class='ocrx_word' id='word_1_607' title='bbox 1433 2048 1659 2112; x_wconf 64' lang='grc' dir='ltr'>φιλικῶς”</span> <span class='ocrx_word' id='word_1_608' title='bbox 1637 2068 1765 2113; x_wconf 84' lang='grc' dir='ltr'>εχειν.</span> <span class='ocrx_word' id='word_1_609' title='bbox 1794 2049 1943 2098; x_wconf 83' lang='grc' dir='ltr'>Καλὸν</span> <span class='ocrx_word' id='word_1_610' title='bbox 1982 2049 2066 2114; x_wconf 86' lang='grc' dir='ltr'>γὰρ</span> <span class='ocrx_word' id='word_1_611' title='bbox 2090 2049 2154 2097; x_wconf 80' lang='grc' dir='ltr'>ὅτι</span> <span class='ocrx_word' id='word_1_612' title='bbox 2179 2049 2254 2104; x_wconf 83' lang='grc' dir='ltr'>τὰς</span> <span class='ocrx_word' id='word_1_613' title='bbox 2287 2050 2459 2114; x_wconf 84' lang='grc' dir='ltr'>ὀπώρας</span> <span class='ocrx_word' id='word_1_614' title='bbox 2481 2069 2553 2096; x_wconf 89' lang='grc' dir='ltr'>και</span> <span class='ocrx_word' id='word_1_615' title='bbox 2573 2050 2621 2096; x_wconf 84' lang='grc' dir='ltr'>τὸ</span> <span class='ocrx_word' id='word_1_616' title='bbox 2651 2054 2727 2108; x_wconf 78' lang='grc' dir='ltr'>τ’ἧς</span> 
     </span>
     <span class='ocr_line' id='line_1_83' title="bbox 1431 2118 2726 2187; baseline 0.002 -21"><span class='ocrx_word' id='word_1_617' title='bbox 1431 2118 1544 2186; x_wconf 80' lang='grc' dir='ltr'>ὥρας</span> <span class='ocrx_word' id='word_1_618' title='bbox 1564 2120 1694 2175; x_wconf 83' lang='grc' dir='ltr'>ὄντως</span> <span class='ocrx_word' id='word_1_619' title='bbox 1716 2120 1946 2187; x_wconf 90' lang='grc' dir='ltr'>πρόσωπον</span> <span class='ocrx_word' id='word_1_620' title='bbox 1971 2121 2014 2168; x_wconf 80' lang='grc' dir='ltr'>ἐν</span> <span class='ocrx_word' id='word_1_621' title='bbox 2036 2141 2082 2168; x_wconf 91' lang='grc' dir='ltr'>τε</span> <span class='ocrx_word' id='word_1_622' title='bbox 2115 2122 2319 2186; x_wconf 84' lang='grc' dir='ltr'>καρποῖσι</span> <span class='ocrx_word' id='word_1_623' title='bbox 2346 2141 2419 2168; x_wconf 91' lang='grc' dir='ltr'>και</span> <span class='ocrx_word' id='word_1_624' title='bbox 2449 2122 2594 2168; x_wconf 87' lang='grc' dir='ltr'>ἄνθεσι</span> <span class='ocrx_word' id='word_1_625' title='bbox 2619 2127 2726 2169; x_wconf 88' lang='grc' dir='ltr'>θεω-</span> 
     </span>
     <span class='ocr_line' id='line_1_84' title="bbox 1433 2192 2727 2259; baseline 0 -19"><span class='ocrx_word' id='word_1_626' title='bbox 1433 2192 1654 2257; x_wconf 89' lang='grc' dir='ltr'>ρούμενον.</span> <span class='ocrx_word' id='word_1_627' title='bbox 1676 2192 1740 2242; x_wconf 91' lang='lat' dir='ltr'>H</span> <span class='ocrx_word' id='word_1_628' title='bbox 1771 2193 1926 2246; x_wconf 88' lang='grc' dir='ltr'>πάντες</span> <span class='ocrx_word' id='word_1_629' title='bbox 1950 2195 2033 2240; x_wconf 78' lang='grc' dir='ltr'>οἷ’</span> <span class='ocrx_word' id='word_1_630' title='bbox 2015 2197 2190 2259; x_wconf 84' lang='grc' dir='ltr'>ερῶντες</span> <span class='ocrx_word' id='word_1_631' title='bbox 2209 2198 2321 2240; x_wconf 85' lang='grc' dir='ltr'>οἱον</span> <span class='ocrx_word' id='word_1_632' title='bbox 2317 2195 2618 2258; x_wconf 82' lang='grc' dir='ltr'>ἐκτρυφῶντες</span> <span class='ocrx_word' id='word_1_633' title='bbox 2644 2193 2727 2240; x_wconf 77' lang='grc' dir='ltr'>ὑπὸ</span> 
     </span>
     <span class='ocr_line' id='line_1_85' title="bbox 1430 2265 2720 2340; baseline -0.001 -29"><span class='ocrx_word' id='word_1_634' title='bbox 1430 2284 1504 2311; x_wconf 86' lang='grc' dir='ltr'>του</span> <span class='ocrx_word' id='word_1_635' title='bbox 1533 2265 1694 2319; x_wconf 89' lang='grc' dir='ltr'>πάθους</span> <span class='ocrx_word' id='word_1_636' title='bbox 1729 2265 1803 2312; x_wconf 83' lang='grc' dir='ltr'>καὶ</span> <span class='ocrx_word' id='word_1_637' title='bbox 1837 2265 2118 2330; x_wconf 84' lang='grc' dir='ltr'>ὡραινόμενοι</span> <span class='ocrx_word' id='word_1_638' title='bbox 2141 2272 2228 2319; x_wconf 87' lang='grc' dir='ltr'>τοῖς</span> <span class='ocrx_word' id='word_1_639' title='bbox 2250 2265 2421 2340; x_wconf 84' lang='grc' dir='ltr'>ὡραίοις</span> <span class='ocrx_word' id='word_1_640' title='bbox 2448 2265 2720 2330; x_wconf 75' lang='grc' dir='ltr'>ἁὸρύνονται.</span> 
     </span>
     <span class='ocr_line' id='line_1_86' title="bbox 1431 2335 2725 2401; baseline 0.001 -18"><span class='ocrx_word' id='word_1_641' title='bbox 1431 2336 1627 2383; x_wconf 82' lang='grc' dir='ltr'>Φυσικὸν</span> <span class='ocrx_word' id='word_1_642' title='bbox 1654 2336 1738 2401; x_wconf 85' lang='grc' dir='ltr'>γὰρ</span> <span class='ocrx_word' id='word_1_643' title='bbox 1763 2336 1816 2394; x_wconf 87' lang='grc' dir='ltr'>δή</span> <span class='ocrx_word' id='word_1_644' title='bbox 1840 2356 1882 2383; x_wconf 89' lang='grc' dir='ltr'>τι</span> <span class='ocrx_word' id='word_1_645' title='bbox 1907 2336 1956 2383; x_wconf 83' lang='grc' dir='ltr'>τὸ</span> <span class='ocrx_word' id='word_1_646' title='bbox 1978 2336 2074 2390; x_wconf 87' lang='grc' dir='ltr'>τους</span> <span class='ocrx_word' id='word_1_647' title='bbox 2104 2335 2319 2399; x_wconf 83' lang='grc' dir='ltr'>οἰομένους</span> <span class='ocrx_word' id='word_1_648' title='bbox 2342 2341 2450 2383; x_wconf 80' lang='grc' dir='ltr'>εἶναι</span> <span class='ocrx_word' id='word_1_649' title='bbox 2473 2335 2628 2390; x_wconf 85' lang='grc' dir='ltr'>καλους</span> <span class='ocrx_word' id='word_1_650' title='bbox 2651 2337 2725 2384; x_wconf 85' lang='grc' dir='ltr'>καὶ</span> 
     </span>
    </p>
   </div>
   <div class='ocr_carea' id='block_1_18' title="bbox 1425 2476 2725 4260">
    <p class='ocr_par' dir='ltr' id='par_1_20' title="bbox 1425 2476 2725 3623">
     <span class='ocr_line' id='line_1_87' title="bbox 1428 2476 2721 2526; baseline 0.002 -13"><span class='ocrx_word' id='word_1_651' title='bbox 1428 2477 1584 2514; x_wconf 81' lang='lat' dir='ltr'>naturae</span> <span class='ocrx_word' id='word_1_652' title='bbox 1599 2487 1681 2514; x_wconf 82' lang='lat' dir='ltr'>suoe</span> <span class='ocrx_word' id='word_1_653' title='bbox 1702 2476 1889 2526; x_wconf 88' lang='lat' dir='ltr'>pulchros</span> <span class='ocrx_word' id='word_1_654' title='bbox 1908 2476 2024 2517; x_wconf 85' lang='lat' dir='ltr'>flores</span> <span class='ocrx_word' id='word_1_655' title='bbox 2052 2476 2311 2526; x_wconf 77' lang='lat' dir='ltr'>fructusque</span> <span class='ocrx_word' id='word_1_656' title='bbox 2300 2487 2341 2515; x_wconf 89' lang='lat' dir='ltr'>m</span> <span class='ocrx_word' id='word_1_657' title='bbox 2367 2476 2552 2515; x_wconf 87' lang='lat' dir='ltr'>manibus</span> <span class='ocrx_word' id='word_1_658' title='bbox 2572 2477 2721 2516; x_wconf 83' lang='lat' dir='ltr'>habent</span> 
     </span>
     <span class='ocr_line' id='line_1_88' title="bbox 1430 2538 2723 2588; baseline 0.002 -11"><span class='ocrx_word' id='word_1_659' title='bbox 1430 2538 1566 2588; x_wconf 89' lang='lat' dir='ltr'>eisque</span> <span class='ocrx_word' id='word_1_660' title='bbox 1578 2539 1847 2578; x_wconf 85' lang='lat' dir='ltr'>delectantur</span> <span class='ocrx_word' id='word_1_661' title='bbox 1838 2542 1855 2567; x_wconf 91' lang='lat'><strong>⁹</strong></span> <span class='ocrx_word' id='word_1_662' title='bbox 1873 2544 1931 2578; x_wconf 90' lang='grc' dir='ltr'>Αιι</span> <span class='ocrx_word' id='word_1_663' title='bbox 1947 2539 2116 2579; x_wconf 87' lang='lat' dir='ltr'>duarum</span> <span class='ocrx_word' id='word_1_664' title='bbox 2134 2551 2268 2578; x_wconf 91' lang='lat' dir='ltr'>rerum</span> <span class='ocrx_word' id='word_1_665' title='bbox 2289 2550 2407 2579; x_wconf 89' lang='lat' dir='ltr'>causa</span> <span class='ocrx_word' id='word_1_666' title='bbox 2433 2540 2723 2580; x_wconf 78' lang='lat' dir='ltr'>circumferunt</span> 
     </span>
     <span class='ocr_line' id='line_1_89' title="bbox 1428 2595 2722 2653; baseline 0.002 -13"><span class='ocrx_word' id='word_1_667' title='bbox 1428 2602 1529 2641; x_wconf 88' lang='lat' dir='ltr'>ista⁹</span> <span class='ocrx_word' id='word_1_668' title='bbox 1540 2603 1703 2642; x_wconf 84' lang='lat' dir='ltr'>Exsistit</span> <span class='ocrx_word' id='word_1_669' title='bbox 1714 2603 1819 2643; x_wconf 84' lang='lat' dir='ltr'>enim</span> <span class='ocrx_word' id='word_1_670' title='bbox 1835 2595 1905 2653; x_wconf 87' lang='lat' dir='ltr'>per</span> <span class='ocrx_word' id='word_1_671' title='bbox 1922 2603 2006 2642; x_wconf 85' lang='lat' dir='ltr'>hoec</span> <span class='ocrx_word' id='word_1_672' title='bbox 2021 2603 2098 2642; x_wconf 86' lang='lat' dir='ltr'>illis</span> <span class='ocrx_word' id='word_1_673' title='bbox 2111 2605 2151 2642; x_wconf 90' lang='lat' dir='ltr'>et</span> <span class='ocrx_word' id='word_1_674' title='bbox 2165 2602 2324 2642; x_wconf 91' lang='lat' dir='ltr'>initium</span> <span class='ocrx_word' id='word_1_675' title='bbox 2340 2614 2569 2653; x_wconf 83' lang='lat' dir='ltr'>congressus</span> <span class='ocrx_word' id='word_1_676' title='bbox 2582 2603 2722 2652; x_wconf 80' lang='grc' dir='ltr'>(ἐντεύ-</span> 
     </span>
     <span class='ocr_line' id='line_1_90' title="bbox 1428 2667 2725 2718; baseline 0 -12"><span class='ocrx_word' id='word_1_677' title='bbox 1428 2669 1518 2713; x_wconf 84' lang='grc' dir='ltr'>ξεως</span> <span class='ocrx_word' id='word_1_678' title='bbox 1537 2667 1640 2717; x_wconf 90' lang='lat' dir='ltr'>conj.</span> <span class='ocrx_word' id='word_1_679' title='bbox 1658 2669 1693 2718; x_wconf 87' lang='lat'>),</span> <span class='ocrx_word' id='word_1_680' title='bbox 1715 2669 1755 2707; x_wconf 90' lang='lat' dir='ltr'>et</span> <span class='ocrx_word' id='word_1_681' title='bbox 1771 2668 2055 2707; x_wconf 88' lang='lat' dir='ltr'>documentum</span> <span class='ocrx_word' id='word_1_682' title='bbox 2077 2669 2162 2717; x_wconf 82' lang='lat' dir='ltr'>ejus</span> <span class='ocrx_word' id='word_1_683' title='bbox 2174 2667 2283 2717; x_wconf 89' lang='lat' dir='ltr'>quod</span> <span class='ocrx_word' id='word_1_684' title='bbox 2299 2668 2498 2717; x_wconf 88' lang='lat' dir='ltr'>cupiunt:</span> <span class='ocrx_word' id='word_1_685' title='bbox 2517 2678 2609 2707; x_wconf 87' lang='lat' dir='ltr'>nam</span> <span class='ocrx_word' id='word_1_686' title='bbox 2626 2668 2725 2717; x_wconf 87' lang='lat' dir='ltr'>(ob-</span> 
     </span>
     <span class='ocr_line' id='line_1_91' title="bbox 1427 2732 2722 2784; baseline 0.001 -14"><span class='ocrx_word' id='word_1_687' title='bbox 1427 2733 1533 2771; x_wconf 91' lang='lat' dir='ltr'>viam</span> <span class='ocrx_word' id='word_1_688' title='bbox 1549 2734 1776 2784; x_wconf 88' lang='lat' dir='ltr'>venientes)</span> <span class='ocrx_word' id='word_1_689' title='bbox 1797 2733 1865 2783; x_wconf 90' lang='lat' dir='ltr'>qui</span> <span class='ocrx_word' id='word_1_690' title='bbox 1882 2733 1932 2772; x_wconf 90' lang='lat' dir='ltr'>ab</span> <span class='ocrx_word' id='word_1_691' title='bbox 1955 2733 2031 2772; x_wconf 90' lang='lat' dir='ltr'>illis</span> <span class='ocrx_word' id='word_1_692' title='bbox 2046 2735 2188 2783; x_wconf 88' lang='lat' dir='ltr'>petunt</span> <span class='ocrx_word' id='word_1_693' title='bbox 2203 2735 2249 2771; x_wconf 89' lang='lat' dir='ltr'>ut</span> <span class='ocrx_word' id='word_1_694' title='bbox 2268 2733 2343 2772; x_wconf 88' lang='lat' dir='ltr'>sibi</span> <span class='ocrx_word' id='word_1_695' title='bbox 2359 2732 2610 2782; x_wconf 81' lang='lat' dir='ltr'>impertiant,</span> <span class='ocrx_word' id='word_1_696' title='bbox 2627 2732 2722 2771; x_wconf 88' lang='lat' dir='ltr'>allo·</span> 
     </span>
     <span class='ocr_line' id='line_1_92' title="bbox 1427 2797 2724 2848; baseline 0.001 -13"><span class='ocrx_word' id='word_1_697' title='bbox 1427 2800 1605 2846; x_wconf 89' lang='lat' dir='ltr'>quuntur</span> <span class='ocrx_word' id='word_1_698' title='bbox 1623 2798 1884 2848; x_wconf 82' lang='lat' dir='ltr'>e0s;e-t1psi,</span> <span class='ocrx_word' id='word_1_699' title='bbox 1906 2809 2031 2847; x_wconf 91' lang='lat' dir='ltr'>quum</span> <span class='ocrx_word' id='word_1_700' title='bbox 2055 2798 2131 2836; x_wconf 86' lang='lat' dir='ltr'>illis</span> <span class='ocrx_word' id='word_1_701' title='bbox 2148 2797 2268 2846; x_wconf 90' lang='lat' dir='ltr'>dant,</span> <span class='ocrx_word' id='word_1_702' title='bbox 2296 2797 2518 2847; x_wconf 80' lang='lat' dir='ltr'>significant</span> <span class='ocrx_word' id='word_1_703' title='bbox 2540 2799 2724 2845; x_wconf 82' lang='lat' dir='ltr'>oportere</span> 
     </span>
     <span class='ocr_line' id='line_1_93' title="bbox 1427 2861 2724 2913; baseline 0.001 -13"><span class='ocrx_word' id='word_1_704' title='bbox 1427 2864 1467 2900; x_wconf 90' lang='lat' dir='ltr'>et</span> <span class='ocrx_word' id='word_1_705' title='bbox 1486 2862 1573 2901; x_wconf 91' lang='lat' dir='ltr'>illos</span> <span class='ocrx_word' id='word_1_706' title='bbox 1591 2874 1675 2903; x_wconf 75' lang='lat' dir='ltr'>suae</span> <span class='ocrx_word' id='word_1_707' title='bbox 1705 2862 2011 2913; x_wconf 86' lang='lat' dir='ltr'>pulchritudinis</span> <span class='ocrx_word' id='word_1_708' title='bbox 2042 2861 2198 2912; x_wconf 85' lang='lat' dir='ltr'>copiam</span> <span class='ocrx_word' id='word_1_709' title='bbox 2223 2861 2362 2900; x_wconf 83' lang='lat' dir='ltr'>facere.</span> <span class='ocrx_word' id='word_1_710' title='bbox 2397 2864 2496 2901; x_wconf 90' lang='lat' dir='ltr'>Nam</span> <span class='ocrx_word' id='word_1_711' title='bbox 2524 2861 2593 2911; x_wconf 90' lang='lat' dir='ltr'>qui</span> <span class='ocrx_word' id='word_1_712' title='bbox 2624 2862 2724 2911; x_wconf 85' lang='lat' dir='ltr'>petit</span> 
     </span>
     <span class='ocr_line' id='line_1_94' title="bbox 1427 2927 2721 2977; baseline 0.001 -13"><span class='ocrx_word' id='word_1_713' title='bbox 1427 2928 1472 2965; x_wconf 88' lang='lat' dir='ltr'>ut</span> <span class='ocrx_word' id='word_1_714' title='bbox 1487 2927 1561 2966; x_wconf 88' lang='lat' dir='ltr'>sibi</span> <span class='ocrx_word' id='word_1_715' title='bbox 1577 2928 1626 2967; x_wconf 91' lang='lat' dir='ltr'>de</span> <span class='ocrx_word' id='word_1_716' title='bbox 1641 2929 1818 2968; x_wconf 87' lang='lat' dir='ltr'>venustis</span> <span class='ocrx_word' id='word_1_717' title='bbox 1835 2928 1997 2967; x_wconf 83' lang='lat' dir='ltr'>floribus</span> <span class='ocrx_word' id='word_1_718' title='bbox 2015 2927 2290 2977; x_wconf 78' lang='lat' dir='ltr'>fructibusque</span> <span class='ocrx_word' id='word_1_719' title='bbox 2306 2927 2530 2976; x_wconf 85' lang='lat' dir='ltr'>impertias,</span> <span class='ocrx_word' id='word_1_720' title='bbox 2551 2927 2583 2965; x_wconf 86' lang='lat' dir='ltr'>is</span> <span class='ocrx_word' id='word_1_721' title='bbox 2596 2938 2721 2976; x_wconf 85' lang='lat' dir='ltr'>quum</span> 
     </span>
     <span class='ocr_line' id='line_1_95' title="bbox 1427 2992 2719 3044; baseline -0.003 -10"><span class='ocrx_word' id='word_1_722' title='bbox 1427 2994 1583 3044; x_wconf 86' lang='lat' dir='ltr'>accipit,</span> <span class='ocrx_word' id='word_1_723' title='bbox 1603 3006 1650 3033; x_wconf 90' lang='lat' dir='ltr'>eo</span> <span class='ocrx_word' id='word_1_724' title='bbox 1670 2994 1755 3044; x_wconf 90' lang='lat' dir='ltr'>ipso</span> <span class='ocrx_word' id='word_1_725' title='bbox 1783 2994 1976 3033; x_wconf 85' lang='lat' dir='ltr'>invitatur</span> <span class='ocrx_word' id='word_1_726' title='bbox 1996 2994 2042 3031; x_wconf 92' lang='lat' dir='ltr'>ut</span> <span class='ocrx_word' id='word_1_727' title='bbox 2066 2992 2236 3032; x_wconf 89' lang='lat' dir='ltr'>vicissim</span> <span class='ocrx_word' id='word_1_728' title='bbox 2257 2992 2317 3031; x_wconf 89' lang='lat' dir='ltr'>sui</span> <span class='ocrx_word' id='word_1_729' title='bbox 2337 2992 2511 3041; x_wconf 77' lang='lat' dir='ltr'>corporis</span> <span class='ocrx_word' id='word_1_730' title='bbox 2533 2994 2719 3030; x_wconf 85' lang='lat' dir='ltr'>venusta·</span> 
     </span>
     <span class='ocr_line' id='line_1_96' title="bbox 1426 3055 2720 3108; baseline -0.002 -11"><span class='ocrx_word' id='word_1_731' title='bbox 1426 3059 1477 3098; x_wconf 88' lang='lat' dir='ltr'>tis</span> <span class='ocrx_word' id='word_1_732' title='bbox 1498 3058 1728 3108; x_wconf 87' lang='lat' dir='ltr'>participem</span> <span class='ocrx_word' id='word_1_733' title='bbox 1745 3069 1787 3096; x_wconf 88' lang='lat' dir='ltr'>se</span> <span class='ocrx_word' id='word_1_734' title='bbox 1806 3058 1941 3096; x_wconf 79' lang='lat' dir='ltr'>saciat.</span> <span class='ocrx_word' id='word_1_735' title='bbox 1962 3058 2142 3096; x_wconf 85' lang='lat' dir='ltr'>Fortasse</span> <span class='ocrx_word' id='word_1_736' title='bbox 2165 3058 2287 3095; x_wconf 86' lang='lat' dir='ltr'>etiam</span> <span class='ocrx_word' id='word_1_737' title='bbox 2304 3055 2551 3094; x_wconf 87' lang='lat' dir='ltr'>delectantur</span> <span class='ocrx_word' id='word_1_738' title='bbox 2578 3055 2720 3094; x_wconf 85' lang='lat' dir='ltr'>horum</span> 
     </span>
     <span class='ocr_line' id='line_1_97' title="bbox 1426 3119 2722 3173; baseline -0.004 -11"><span class='ocrx_word' id='word_1_739' title='bbox 1426 3122 1723 3173; x_wconf 80' lang='lat' dir='ltr'>pulchritudine</span> <span class='ocrx_word' id='word_1_740' title='bbox 1745 3124 1785 3161; x_wconf 91' lang='lat' dir='ltr'>et</span> <span class='ocrx_word' id='word_1_741' title='bbox 1812 3133 1932 3172; x_wconf 90' lang='lat' dir='ltr'>penes</span> <span class='ocrx_word' id='word_1_742' title='bbox 1958 3133 2000 3161; x_wconf 89' lang='lat' dir='ltr'>se</span> <span class='ocrx_word' id='word_1_743' title='bbox 2034 3123 2109 3161; x_wconf 89' lang='lat' dir='ltr'>ista</span> <span class='ocrx_word' id='word_1_744' title='bbox 2141 3122 2316 3171; x_wconf 86' lang='lat' dir='ltr'>gestant,</span> <span class='ocrx_word' id='word_1_745' title='bbox 2356 3131 2436 3169; x_wconf 90' lang='lat' dir='ltr'>quo</span> <span class='ocrx_word' id='word_1_746' title='bbox 2466 3119 2722 3158; x_wconf 84' lang='lat' dir='ltr'>consolentur</span> 
     </span>
     <span class='ocr_line' id='line_1_98' title="bbox 1427 3183 2722 3236; baseline -0.004 -10"><span class='ocrx_word' id='word_1_747' title='bbox 1427 3187 1654 3236; x_wconf 89' lang='lat' dir='ltr'>leniantque</span> <span class='ocrx_word' id='word_1_748' title='bbox 1667 3185 1878 3225; x_wconf 89' lang='lat' dir='ltr'>vehemens</span> <span class='ocrx_word' id='word_1_749' title='bbox 1887 3185 2126 3225; x_wconf 78' lang='lat' dir='ltr'>desiderium</span> <span class='ocrx_word' id='word_1_750' title='bbox 2143 3183 2447 3234; x_wconf 77' lang='lat' dir='ltr'>pulchritudinis</span> <span class='ocrx_word' id='word_1_751' title='bbox 2465 3194 2602 3222; x_wconf 89' lang='lat' dir='ltr'>eorum</span> <span class='ocrx_word' id='word_1_752' title='bbox 2622 3193 2722 3232; x_wconf 84' lang='lat' dir='ltr'>quos</span> 
     </span>
     <span class='ocr_line' id='line_1_99' title="bbox 1426 3247 2717 3299; baseline -0.004 -9"><span class='ocrx_word' id='word_1_753' title='bbox 1426 3253 1601 3291; x_wconf 85' lang='lat' dir='ltr'>amant:</span> <span class='ocrx_word' id='word_1_754' title='bbox 1635 3262 1727 3290; x_wconf 87' lang='lat' dir='ltr'>nam</span> <span class='ocrx_word' id='word_1_755' title='bbox 1758 3251 1899 3289; x_wconf 87' lang='lat' dir='ltr'>harum</span> <span class='ocrx_word' id='word_1_756' title='bbox 1928 3261 2062 3289; x_wconf 90' lang='lat' dir='ltr'>rerum</span> <span class='ocrx_word' id='word_1_757' title='bbox 2090 3261 2148 3299; x_wconf 62' lang='lat' dir='ltr'>pra</span> <span class='ocrx_word' id='word_1_758' title='bbox 2150 3249 2298 3288; x_wconf 86' lang='lat' dir='ltr'>esentia</span> <span class='ocrx_word' id='word_1_759' title='bbox 2322 3247 2547 3288; x_wconf 89' lang='lat' dir='ltr'>retunditur</span> <span class='ocrx_word' id='word_1_760' title='bbox 2582 3259 2717 3286; x_wconf 88' lang='lat' dir='ltr'>eorum</span> 
     </span>
     <span class='ocr_line' id='line_1_100' title="bbox 1428 3312 2719 3365; baseline -0.003 -12"><span class='ocrx_word' id='word_1_761' title='bbox 1428 3326 1530 3365; x_wconf 90' lang='lat' dir='ltr'>quos</span> <span class='ocrx_word' id='word_1_762' title='bbox 1567 3325 1749 3354; x_wconf 89' lang='lat' dir='ltr'>amamus</span> <span class='ocrx_word' id='word_1_763' title='bbox 1782 3314 2037 3354; x_wconf 89' lang='lat' dir='ltr'>desiderium.</span> <span class='ocrx_word' id='word_1_764' title='bbox 2089 3312 2170 3353; x_wconf 88' lang='lat' dir='ltr'>Nisi</span> <span class='ocrx_word' id='word_1_765' title='bbox 2207 3312 2339 3362; x_wconf 90' lang='lat' dir='ltr'>potius</span> <span class='ocrx_word' id='word_1_766' title='bbox 2377 3312 2522 3362; x_wconf 87' lang='lat' dir='ltr'>proprii</span> <span class='ocrx_word' id='word_1_767' title='bbox 2557 3314 2719 3350; x_wconf 84' lang='lat' dir='ltr'>ornatus</span> 
     </span>
     <span class='ocr_line' id='line_1_101' title="bbox 1427 3375 2717 3429; baseline -0.005 -11"><span class='ocrx_word' id='word_1_768' title='bbox 1427 3378 1570 3428; x_wconf 85' lang='lat' dir='ltr'>c‘ausa,</span> <span class='ocrx_word' id='word_1_769' title='bbox 1594 3378 1930 3429; x_wconf 88' lang='lat' dir='ltr'>quemadmodum</span> <span class='ocrx_word' id='word_1_770' title='bbox 1950 3378 2027 3416; x_wconf 89' lang='lat' dir='ltr'>alia</span> <span class='ocrx_word' id='word_1_771' title='bbox 2050 3387 2140 3426; x_wconf 82' lang='lat' dir='ltr'>quae</span> <span class='ocrx_word' id='word_1_772' title='bbox 2159 3377 2207 3415; x_wconf 87' lang='lat' dir='ltr'>ad</span> <span class='ocrx_word' id='word_1_773' title='bbox 2242 3376 2521 3414; x_wconf 85' lang='lat' dir='ltr'>ornamentum</span> <span class='ocrx_word' id='word_1_774' title='bbox 2542 3375 2717 3424; x_wconf 89' lang='lat' dir='ltr'>corporis</span> 
     </span>
     <span class='ocr_line' id='line_1_102' title="bbox 1427 3438 2716 3493; baseline -0.005 -11"><span class='ocrx_word' id='word_1_775' title='bbox 1427 3442 1645 3493; x_wconf 79' lang='lat' dir='ltr'>pertinent,</span> <span class='ocrx_word' id='word_1_776' title='bbox 1676 3443 1829 3492; x_wconf 83' lang='lat' dir='ltr'>gestant</span> <span class='ocrx_word' id='word_1_777' title='bbox 1867 3442 1941 3480; x_wconf 90' lang='lat' dir='ltr'>ista</span> <span class='ocrx_word' id='word_1_778' title='bbox 1983 3441 2118 3490; x_wconf 86' lang='lat' dir='ltr'>eisque</span> <span class='ocrx_word' id='word_1_779' title='bbox 2156 3439 2407 3478; x_wconf 89' lang='lat' dir='ltr'>delectantur</span> <span class='ocrx_word' id='word_1_780' title='bbox 2441 3455 2450 3477; x_wconf 73' lang='grc' dir='ltr'>ε</span> <span class='ocrx_word' id='word_1_781' title='bbox 2484 3449 2564 3477; x_wconf 90' lang='lat' dir='ltr'>non</span> <span class='ocrx_word' id='word_1_782' title='bbox 2596 3438 2716 3476; x_wconf 86' lang='lat' dir='ltr'>modo</span> 
     </span>
     <span class='ocr_line' id='line_1_103' title="bbox 1428 3502 2715 3558; baseline -0.005 -11"><span class='ocrx_word' id='word_1_783' title='bbox 1428 3509 1533 3547; x_wconf 91' lang='lat' dir='ltr'>enim</span> <span class='ocrx_word' id='word_1_784' title='bbox 1549 3509 1618 3558; x_wconf 90' lang='lat' dir='ltr'>qui</span> <span class='ocrx_word' id='word_1_785' title='bbox 1635 3509 1877 3546; x_wconf 86' lang='lat' dir='ltr'>coronantur</span> <span class='ocrx_word' id='word_1_786' title='bbox 1901 3506 2076 3546; x_wconf 86' lang='lat' dir='ltr'>venustis</span> <span class='ocrx_word' id='word_1_787' title='bbox 2096 3505 2283 3553; x_wconf 84' lang='lat' dir='ltr'>floribus,</span> <span class='ocrx_word' id='word_1_788' title='bbox 2301 3504 2370 3543; x_wconf 90' lang='lat' dir='ltr'>sed</span> <span class='ocrx_word' id='word_1_789' title='bbox 2386 3505 2509 3553; x_wconf 90' lang='lat' dir='ltr'>etqui</span> <span class='ocrx_word' id='word_1_790' title='bbox 2534 3502 2715 3542; x_wconf 83' lang='lat' dir='ltr'>manibus</span> 
     </span>
     <span class='ocr_line' id='line_1_104' title="bbox 1425 3569 2706 3623; baseline -0.006 -11"><span class='ocrx_word' id='word_1_791' title='bbox 1425 3575 1600 3623; x_wconf 85' lang='lat' dir='ltr'>gestant,</span> <span class='ocrx_word' id='word_1_792' title='bbox 1618 3584 1758 3612; x_wconf 89' lang='lat' dir='ltr'>eorum</span> <span class='ocrx_word' id='word_1_793' title='bbox 1787 3572 1982 3611; x_wconf 74' lang='lat' dir='ltr'>universae</span> <span class='ocrx_word' id='word_1_794' title='bbox 2006 3571 2146 3610; x_wconf 81' lang='lat' dir='ltr'>sormae</span> <span class='ocrx_word' id='word_1_795' title='bbox 2163 3571 2351 3610; x_wconf 86' lang='lat' dir='ltr'>venustas</span> <span class='ocrx_word' id='word_1_796' title='bbox 2373 3569 2506 3618; x_wconf 89' lang='lat' dir='ltr'>aliqua</span> <span class='ocrx_word' id='word_1_797' title='bbox 2536 3570 2575 3607; x_wconf 89' lang='lat' dir='ltr'>et</span> <span class='ocrx_word' id='word_1_798' title='bbox 2593 3578 2706 3605; x_wconf 86' lang='lat' dir='ltr'>orna-</span> 
     </span>
    </p>

    <p class='ocr_par' dir='ltr' id='par_1_21' title="bbox 1425 3633 2711 3934">
     <span class='ocr_line' id='line_1_105' title="bbox 1425 3633 2710 3684; baseline -0.006 -6"><span class='ocrx_word' id='word_1_799' title='bbox 1425 3641 1493 3678; x_wconf 89' lang='lat' dir='ltr'>tus</span> <span class='ocrx_word' id='word_1_800' title='bbox 1521 3638 1612 3678; x_wconf 91' lang='lat' dir='ltr'>inde</span> <span class='ocrx_word' id='word_1_801' title='bbox 1638 3638 1800 3678; x_wconf 83' lang='lat' dir='ltr'>accedit</span> <span class='ocrx_word' id='word_1_802' title='bbox 1832 3639 2014 3676; x_wconf 87' lang='lat' dir='ltr'>Fortasse</span> <span class='ocrx_word' id='word_1_803' title='bbox 2036 3647 2133 3676; x_wconf 89' lang='lat' dir='ltr'>vero</span> <span class='ocrx_word' id='word_1_804' title='bbox 2157 3635 2278 3675; x_wconf 88' lang='lat' dir='ltr'>etiam</span> <span class='ocrx_word' id='word_1_805' title='bbox 2313 3633 2419 3684; x_wconf 88' lang='lat' dir='ltr'>quod</span> <span class='ocrx_word' id='word_1_806' title='bbox 2449 3642 2710 3683; x_wconf 80' lang='lat' dir='ltr'>quaecumque</span> 
     </span>
     <span class='ocr_line' id='line_1_106' title="bbox 1425 3695 2709 3753; baseline -0.009 -11"><span class='ocrx_word' id='word_1_807' title='bbox 1425 3702 1592 3753; x_wconf 81' lang='lat' dir='ltr'>pulchra</span> <span class='ocrx_word' id='word_1_808' title='bbox 1621 3704 1715 3741; x_wconf 89' lang='lat' dir='ltr'>sunt</span> <span class='ocrx_word' id='word_1_809' title='bbox 1738 3703 1915 3740; x_wconf 87' lang='lat' dir='ltr'>amant:</span> <span class='ocrx_word' id='word_1_810' title='bbox 1950 3696 2126 3740; x_wconf 81' lang='lat' dir='ltr'>declarat</span> <span class='ocrx_word' id='word_1_811' title='bbox 2153 3699 2259 3739; x_wconf 90' lang='lat' dir='ltr'>enim</span> <span class='ocrx_word' id='word_1_812' title='bbox 2291 3708 2424 3737; x_wconf 87' lang='lat' dir='ltr'>rerum</span> <span class='ocrx_word' id='word_1_813' title='bbox 2457 3695 2709 3746; x_wconf 85' lang='lat' dir='ltr'>pulchrarum</span> 
     </span>
     <span class='ocr_line' id='line_1_107' title="bbox 1425 3760 2711 3825; baseline -0.009 -18"><span class='ocrx_word' id='word_1_814' title='bbox 1425 3778 1600 3807; x_wconf 89' lang='lat' dir='ltr'>amorem</span> <span class='ocrx_word' id='word_1_815' title='bbox 1617 3766 1826 3806; x_wconf 80' lang='lat' dir='ltr'>delectatio</span> <span class='ocrx_word' id='word_1_816' title='bbox 1841 3776 1963 3816; x_wconf 87' lang='lat' dir='ltr'>quam</span> <span class='ocrx_word' id='word_1_817' title='bbox 1979 3775 2027 3825; x_wconf 84' lang='lat' dir='ltr'>ex</span> <span class='ocrx_word' id='word_1_818' title='bbox 2043 3765 2259 3803; x_wconf 75' lang='lat' dir='ltr'>vernorum</span> <span class='ocrx_word' id='word_1_819' title='bbox 2272 3762 2414 3801; x_wconf 86' lang='lat' dir='ltr'>florum</span> <span class='ocrx_word' id='word_1_820' title='bbox 2432 3760 2711 3807; x_wconf 77' lang='lat' dir='ltr'>srmtuumque</span> 
     </span>
     <span class='ocr_line' id='line_1_108' title="bbox 1427 3822 2708 3879; baseline -0.01 -10"><span class='ocrx_word' id='word_1_821' title='bbox 1427 3831 1650 3869; x_wconf 82' lang='lat' dir='ltr'>horoeorum</span> <span class='ocrx_word' id='word_1_822' title='bbox 1667 3831 1827 3879; x_wconf 89' lang='lat' dir='ltr'>aspectu</span> <span class='ocrx_word' id='word_1_823' title='bbox 1845 3828 2116 3879; x_wconf 86' lang='lat' dir='ltr'>percipimus.</span> <span class='ocrx_word' id='word_1_824' title='bbox 2136 3827 2302 3877; x_wconf 83' lang='lat' dir='ltr'>pulchra</span> <span class='ocrx_word' id='word_1_825' title='bbox 2329 3824 2475 3874; x_wconf 88' lang='lat' dir='ltr'>quippe</span> <span class='ocrx_word' id='word_1_826' title='bbox 2501 3831 2634 3860; x_wconf 80' lang='lat' dir='ltr'>revera</span> <span class='ocrx_word' id='word_1_827' title='bbox 2651 3822 2708 3857; x_wconf 73' lang='lat' dir='ltr'>est</span> 
     </span>
     <span class='ocr_line' id='line_1_109' title="bbox 1425 3885 2703 3941; baseline -0.011 -9"><span class='ocrx_word' id='word_1_828' title='bbox 1425 3895 1605 3932; x_wconf 90' lang='lat' dir='ltr'>autumni</span> <span class='ocrx_word' id='word_1_829' title='bbox 1620 3894 1661 3932; x_wconf 88' lang='lat' dir='ltr'>et</span> <span class='ocrx_word' id='word_1_830' title='bbox 1686 3893 1789 3932; x_wconf 91' lang='lat' dir='ltr'>veris</span> <span class='ocrx_word' id='word_1_831' title='bbox 1805 3892 1944 3941; x_wconf 79' lang='lat' dir='ltr'>facies,</span> <span class='ocrx_word' id='word_1_832' title='bbox 1962 3891 2001 3930; x_wconf 92' lang='lat' dir='ltr'>in</span> <span class='ocrx_word' id='word_1_833' title='bbox 2018 3890 2215 3929; x_wconf 81' lang='lat' dir='ltr'>fructibus</span> <span class='ocrx_word' id='word_1_834' title='bbox 2229 3889 2470 3934; x_wconf 85' lang='lat' dir='ltr'>floribusque</span> <span class='ocrx_word' id='word_1_835' title='bbox 2485 3885 2703 3931; x_wconf 74' lang='lat' dir='ltr'>conspecta.</span> 
     </span>
    </p>

    <p class='ocr_par' dir='ltr' id='par_1_22' title="bbox 1425 3921 2708 4197">
     <span class='ocr_line' id='line_1_110' title="bbox 1426 3921 2708 4003; baseline -0.01 -6"><span class='ocrx_word' id='word_1_836' title='bbox 1426 3959 1505 3997; x_wconf 75' lang='lat' dir='ltr'>Aut</span> <span class='ocrx_word' id='word_1_837' title='bbox 1524 3948 1664 3996; x_wconf 73' lang='lat' dir='ltr'>omnes</span> <span class='ocrx_word' id='word_1_838' title='bbox 1686 3958 1888 4003; x_wconf 89' lang='lat' dir='ltr'>amantes,</span> <span class='ocrx_word' id='word_1_839' title='bbox 1916 3921 1968 3994; x_wconf 73' lang='lat'>61)</span> <span class='ocrx_word' id='word_1_840' title='bbox 1998 3954 2108 3992; x_wconf 90' lang='lat' dir='ltr'>hunc</span> <span class='ocrx_word' id='word_1_841' title='bbox 2133 3953 2263 4002; x_wconf 86' lang='lat' dir='ltr'>ipsum</span> <span class='ocrx_word' id='word_1_842' title='bbox 2293 3950 2410 3989; x_wconf 82' lang='lat' dir='ltr'>animi</span> <span class='ocrx_word' id='word_1_843' title='bbox 2443 3947 2625 3986; x_wconf 72' lang='lat' dir='ltr'>affectum</span> <span class='ocrx_word' id='word_1_844' title='bbox 2656 3943 2708 3984; x_wconf 69' lang='lat' dir='ltr'>ad</span> 
     </span>
     <span class='ocr_line' id='line_1_111' title="bbox 1426 4006 2706 4069; baseline -0.012 -9"><span class='ocrx_word' id='word_1_845' title='bbox 1426 4020 1623 4060; x_wconf 79' lang='lat' dir='ltr'>luxuriam</span> <span class='ocrx_word' id='word_1_846' title='bbox 1646 4021 1687 4059; x_wconf 89' lang='lat' dir='ltr'>et</span> <span class='ocrx_word' id='word_1_847' title='bbox 1701 4019 1905 4069; x_wconf 83' lang='lat' dir='ltr'>elegantiae</span> <span class='ocrx_word' id='word_1_848' title='bbox 1928 4017 2104 4057; x_wconf 89' lang='lat' dir='ltr'>studium</span> <span class='ocrx_word' id='word_1_849' title='bbox 2123 4013 2326 4066; x_wconf 90' lang='lat' dir='ltr'>propensi,</span> <span class='ocrx_word' id='word_1_850' title='bbox 2345 4011 2483 4049; x_wconf 83' lang='lat' dir='ltr'>tiorum</span> <span class='ocrx_word' id='word_1_851' title='bbox 2501 4006 2706 4047; x_wconf 85' lang='lat' dir='ltr'>venustate</span> 
     </span>
     <span class='ocr_line' id='line_1_112' title="bbox 1426 4071 2706 4131; baseline -0.014 -8"><span class='ocrx_word' id='word_1_852' title='bbox 1426 4085 1576 4123; x_wconf 87' lang='lat' dir='ltr'>cultum</span> <span class='ocrx_word' id='word_1_853' title='bbox 1593 4083 1664 4122; x_wconf 89' lang='lat' dir='ltr'>sibi</span> <span class='ocrx_word' id='word_1_854' title='bbox 1682 4082 1890 4122; x_wconf 85' lang='lat' dir='ltr'>conciliare</span> <span class='ocrx_word' id='word_1_855' title='bbox 1906 4080 2091 4131; x_wconf 57' lang='lat' dir='ltr'>gestiunt</span> <span class='ocrx_word' id='word_1_856' title='bbox 2118 4080 2266 4118; x_wconf 85' lang='lat' dir='ltr'>Natura</span> <span class='ocrx_word' id='word_1_857' title='bbox 2285 4075 2388 4114; x_wconf 89' lang='lat' dir='ltr'>enim</span> <span class='ocrx_word' id='word_1_858' title='bbox 2415 4071 2630 4120; x_wconf 85' lang='lat' dir='ltr'>ingenitum</span> <span class='ocrx_word' id='word_1_859' title='bbox 2647 4073 2706 4107; x_wconf 73' lang='lat' dir='ltr'>est</span> 
     </span>
     <span class='ocr_line' id='line_1_113' title="bbox 1425 4132 2704 4197; baseline -0.015 -10"><span class='ocrx_word' id='word_1_860' title='bbox 1425 4149 1486 4187; x_wconf 85' lang='lat' dir='ltr'>his</span> <span class='ocrx_word' id='word_1_861' title='bbox 1498 4178 1509 4196; x_wconf 94' lang='lat'>,</span> <span class='ocrx_word' id='word_1_862' title='bbox 1526 4147 1594 4197; x_wconf 89' lang='lat' dir='ltr'>qui</span> <span class='ocrx_word' id='word_1_863' title='bbox 1617 4146 1772 4196; x_wconf 82' lang='lat' dir='ltr'>pulchri</span> <span class='ocrx_word' id='word_1_864' title='bbox 1791 4147 1832 4185; x_wconf 91' lang='lat' dir='ltr'>et</span> <span class='ocrx_word' id='word_1_865' title='bbox 1847 4143 2003 4184; x_wconf 77' lang='lat' dir='ltr'>venusti</span> <span class='ocrx_word' id='word_1_866' title='bbox 2020 4153 2104 4181; x_wconf 83' lang='grc'><strong>6556</strong></span> <span class='ocrx_word' id='word_1_867' title='bbox 2127 4140 2199 4179; x_wconf 89' lang='lat' dir='ltr'>sibi</span> <span class='ocrx_word' id='word_1_868' title='bbox 2220 4138 2418 4182; x_wconf 81' lang='lat' dir='ltr'>videntur,</span> <span class='ocrx_word' id='word_1_869' title='bbox 2436 4136 2480 4172; x_wconf 88' lang='lat' dir='ltr'>ut</span> <span class='ocrx_word' id='word_1_870' title='bbox 2496 4133 2611 4170; x_wconf 81' lang='lat' dir='ltr'>nores</span> <span class='ocrx_word' id='word_1_871' title='bbox 2626 4132 2704 4170; x_wconf 85' lang='lat' dir='ltr'>col·</span> 
     </span>
    </p>

    <p class='ocr_par' dir='ltr' id='par_1_23' title="bbox 1426 4194 2703 4260">
     <span class='ocr_line' id='line_1_114' title="bbox 1426 4194 2703 4260; baseline -0.013 -10"><span class='ocrx_word' id='word_1_872' title='bbox 1426 4211 1558 4260; x_wconf 82' lang='lat' dir='ltr'>ligant.</span> <span class='ocrx_word' id='word_1_873' title='bbox 1579 4212 1709 4256; x_wconf 86' lang='lat' dir='ltr'>Quare</span> <span class='ocrx_word' id='word_1_874' title='bbox 1735 4210 1775 4248; x_wconf 87' lang='lat' dir='ltr'>et</span> <span class='ocrx_word' id='word_1_875' title='bbox 1803 4207 2037 4257; x_wconf 83' lang='lat' dir='ltr'>Proserpina·</span> <span class='ocrx_word' id='word_1_876' title='bbox 2053 4215 2142 4242; x_wconf 80' lang='lat' dir='ltr'>(um</span> <span class='ocrx_word' id='word_1_877' title='bbox 2161 4202 2239 4241; x_wconf 86' lang='lat' dir='ltr'>suis</span> <span class='ocrx_word' id='word_1_878' title='bbox 2256 4198 2464 4239; x_wconf 78' lang='lat' dir='ltr'>comitibus</span> <span class='ocrx_word' id='word_1_879' title='bbox 2484 4195 2596 4234; x_wconf 76' lang='lat' dir='ltr'>nores</span> <span class='ocrx_word' id='word_1_880' title='bbox 2619 4194 2703 4234; x_wconf 89' lang='lat' dir='ltr'>col-</span> 
     </span>
    </p>
   </div>
  </div>
 </body>
</html>
