3016 4628
33 371 71 403 ‘532‘

24 410 299 551 ἑὲεςτίρωω
322 437 431 506 Περὶ
456 441 530 504 τῆς
547 438 603 490 εἷς
622 433 870 500 ’Τροφωνίου
889 431 1195 490 καταὸάσεως,
1212 435 1359 479 Osan-

60 507 166 573 >uus
189 516 249 561 ad
266 515 410 559 libros
430 508 537 576 Περὶ
560 510 700 574 ψυχῆς
717 509 891 553 retulit.
916 508 1130 552 Ceterum
1153 507 1361 566 Phlegon

60 576 67 587 ν

83 673 186 704 rum
214 656 511 702 Mirabilium.
543 651 843 699 Callimachus
863 650 1119 695 Dicaearchi
1150 650 1362 694 mentio-

82 743 190 775 nem
211 726 440 786 injecerit,
462 735 514 770 ut
535 725 617 783 qui
637 724 734 767 haec
754 722 973 782 attigerit.
1000 722 1210 780 Uterque
1234 721 1365 764 locus

84 799 323 847 addendus
342 797 606 858 fragmentis
629 793 837 840 Hesiodi.

26 932 57 952 ,Μ
685 901 762 949 3ι.

51 1028 69 1049 ³³
103 1063 117 1071 ‚
150 1012 436 1071 Porphyrius
457 1011 546 1055 Vit.
573 1009 707 1069 Pyth.
735 1025 783 1068 p.
808 1009 867 1054 88
891 1025 901 1053 ι
925 1011 1153 1068 Tempore
1176 1009 1367 1053 seditio-

25 1083 155 1137 nis
187 1085 398 1144 Cyloneae
439 1083 722 1143 Pythagoras
754 1084 859 1127 Deli
892 1083 1018 1142 apud
1051 1081 1368 1141 Pherecydem

27 1166 34 1210 ᾗ
59 1141 362 1205 ’Ῐπτεεὴειωικ
380 1157 447 1199 Ita
465 1155 655 1214 quidem
671 1155 900 1199 Neanthes
915 1164 1088 1202 narrat.
1107 1152 1369 1217 Δικαίαρχος

26 1222 131 1280 δὲ
163 1225 237 1273 καὶ
260 1228 298 1272 οἱ
332 1223 625 1290 ἀκριὸέστεροι
647 1223 722 1271 καὶ
758 1224 831 1271 τὸν
858 1224 1116 1290 Πυθαγόραν
1142 1222 1247 1289 φασὶ
1284 1243 1368 1270 πα-

25 1291 31 1355 ’γ
51 1278 224 1375 figam*
248 1298 301 1359 τῇ
334 1294 558 1358 ἐπιὸουλῇ.
587 1294 839 1359 Φερεκύδην
879 1294 962 1359 γὰρ
997 1295 1080 1360 πρὸ
1103 1299 1178 1352 τῆς
1204 1297 1252 1341 ἐκ
1279 1294 1368 1343 Σά-

26 1301 173 1440 ΞΑξμιιυ
209 1367 436 1433 ἀπάρσεως
467 1369 740 1425 τελευτῆσαι·
777 1370 861 1414 τῶν
899 1367 940 1414 δὲ
987 1367 1164 1432 ἑταίρων
1200 1366 1372 1431 ἀθρόους

25 1429 162 1505 λὶῲηδμὲν
179 1439 494 1505 τετταράκοντα
517 1442 559 1486 ἐν
585 1439 696 1503 οἰκίᾳ
726 1439 833 1493 τινὸς
857 1439 1187 1505 παρεδρεύοντος
1208 1441 1371 1504 ληφθῆ-

25 1509 66 1560 ,·’“
85 1529 183 1574 ναι,
205 1510 299 1564 τοὺς
323 1509 366 1558 δὲ
391 1513 544 1564 ἄλλους
561 1511 780 1576 σποράδην
804 1510 917 1558 κατὰ
935 1510 1010 1568 τὴν
1030 1510 1153 1558 πόλιν
1166 1547 1178 1569 ,
1202 1514 1258 1565 ὡς
1278 1510 1372 1559 ἔτυ-

87 1600 163 1671 {pv
198 1585 255 1636 εἷς
293 1581 400 1630 ἄστυ
444 1581 702 1651 (ἔκαστοςὲ)
717 1621 729 1640 ,
766 1583 1065 1648 διαφθαρῆναι.
1109 1581 1371 1647 Πυθαγόραν

51 1694 54 1698 ,
87 1652 133 1702 οὲ
156 1654 454 1718 κρατουμένων
478 1655 561 1700 τῶν
587 1653 719 1714 φίλων
743 1653 792 1702 τὸ
818 1652 895 1716 μὲν
917 1658 1086 1719 πρῶτον
1108 1656 1165 1707 εἷς
1186 1655 1370 1702 Καυλω-

87 1725 183 1792 νίαν
207 1725 278 1772 τὸν
302 1724 432 1792 ὅρμον
455 1729 665 1783 σωθῆναι·
683 1727 840 1774 ἐκεῖθεν
858 1724 901 1773 δὲ
924 1727 1054 1774 πάλιν
1076 1728 1134 1779 εἷς
1158 1725 1371 1791 Λοκρούς·

55 1790 347 1862 γ”πυθομένους
370 1796 415 1844 δὲ
439 1796 533 1851 τοὺς
557 1796 746 1862 Λοκροὺς
762 1800 844 1848 τῶν
865 1798 1073 1864 γερόντων
1098 1798 1215 1852 τινὰς
1236 1799 1304 1845 ἐπὶ
1320 1797 1374 1845 τὰ

89 1871 177 1931 τῆςγ
197 1867 342 1935 χώρας
374 1866 470 1933 ὅρια
499 1871 763 1917 ἀποστεῖλαι.
805 1869 994 1925 Τούτους
1024 1870 1067 1918 δὲ
1105 1870 1209 1936 πρὸς
1245 1870 1372 1918 αὐτὸν

28 1944 70 2002 {j}
90 1929 423 1999 ἀπαντήσαντας
436 1943 568 1989 εἰπεῖν
583 1961 594 1971 ·
610 1963 627 1984 α
643 1941 813 2005 Ἡμεῖς,
833 1934 868 1990 ὦ
882 1943 1115 2009 Πυθαγόρα
1128 1981 1139 2002 ,
1154 1943 1280 2010 σοφὸν
1298 1943 1374 2007 μὲν

35 2006 225 2078 ᾏῖῗρζῇνδρα
250 2031 296 2059 σε
320 2012 394 2059 καὶ
418 2012 551 2059 δεινὸν
572 2013 804 2075 ἀκούομεν·
828 2014 923 2068 ἀλλ’
945 2014 1015 2061 ἐπὶ
1046 2018 1131 2068 τοῖς
1159 2014 1278 2068 ἰδίοις
1300 2015 1374 2062 νό-

28 2073 190 2150 {ignote
209 2083 328 2131 οὐθὲν
357 2083 512 2148 ἔχομεν
535 2086 747 2151 ἐγκαλεῖν.
773 2085 906 2134 Αὐτοὶ
928 2086 1002 2148 μὲν
1033 2087 1104 2134 ἐπὶ
1133 2089 1222 2134 τῶν
1239 2090 1375 2152 ὓπαρ-

26 2147 254 2224 ’ξᾱὸντων
274 2156 567 2222 πειρασόμεθα
591 2157 729 2220 μένειν
743 2177 752 2187 ·
774 2158 824 2205 σὺ
847 2158 881 2205 δ’
904 2157 1079 2222 ἑτέρωθί
1095 2178 1177 2210 που
1205 2158 1373 2222 βάδιζε,

36 2227 238 2283 ’Ἀαὸὼν
262 2230 366 2294 παρ’
398 2232 522 2290 ἡμῶν
558 2230 595 2277 εἴ
617 2249 695 2283 του
724 2231 989 2296 κεχρημένος
1015 2235 1098 2279 τῶν
1132 2231 1375 2294 ἀναγκαίων

26 2293 330 2392 ’ᾖξενγχάνειᾳ
351 2321 371 2345 u
396 2299 527 2351 'Erret
548 2302 587 2347 δ’
615 2301 701 2348 ἀπὸ
720 2305 794 2360 τῆς
817 2299 900 2350 τῶν
922 2307 1098 2367 Λοκρῶν
1122 2302 1285 2357 πόλεως
1303 2303 1373 2350 τὸν

28 2369 317 2437 ιιῇεἷρημένον
357 2371 590 2436 ἀπηλλάγη
623 2373 800 2438 τρόπον,
835 2377 893 2428 εἷς
931 2375 1139 2439 Τάραντα
1177 2377 1374 2422 πλεῦσαι.

63 2440 234 2502 ’,Πάλιν
260 2441 304 2488 δὲ
328 2444 455 2490 κάκεῖ
478 2444 766 2509 παραπλήσια
788 2448 978 2494 παθόντα
1001 2453 1087 2501 τοῖς
1117 2446 1215 2512 περὶ
1259 2447 1374 2511 Κρό-

94 2505 211 2574 ’τωνα
237 2515 295 2567 εἷς
314 2513 615 2562 Μεταπόντιον
647 2518 796 2566 ἐλθεῖν.
826 2520 1060 2583 Πανταχοῧ
1080 2517 1163 2582 γὰρ
1187 2518 1377 2582 ἐγένοντο

36 2585 284 2648 ζλςς-νς-Νιμεγάλαι
316 2585 507 2646 στάσεις,
540 2586 589 2641 ἃς
614 2586 674 2634 ἔτι
701 2589 775 2635 καὶ
799 2594 872 2636 νῦν
897 2593 934 2637 οἱ
970 2590 1067 2654 περὶ
1097 2590 1193 2643 τοὺς
1223 2590 1376 2644 τόπους

35 2638 409 2721 {flammini-:doust
427 2677 475 2704 τε
498 2657 573 2706 καὶ
608 2659 851 2723 διηγοῦνται
871 2661 945 2715 τὰς
972 2661 1041 2708 ἐπὶ
1068 2664 1151 2707 τῶν
1174 2665 1378 2725 Πυθαγο-

93 2725 218 2799 ρείων
239 2729 483 2781 καλοῦντες.

40 1398 47 1407 ι

38 1524 44 1533 ι

0 2826 5 2889 Ι
43 2814 124 2886 3²]
695 2819 771 2864 32.

0 2918 2 2971 J
67 2919 131 2971 ³⁴]ss
158 2923 388 2982 Diogenes
418 2926 469 2969 L.
506 2926 638 2980 VIII,
677 2931 736 2977 4ο
765 2940 776 2971 :
806 2924 928 2981 Φησὶ
953 2923 998 2970 δὲ
1022 2925 1281 2988 Δικαίαρχος
1308 2926 1378 2972 τὸν

0 2951 356 3105 [Ῥξῇῃυθαγόραν
383 2993 610 3039 ἀποθανεῖν
643 2994 945 3060 καταφυγόντα
983 2998 1040 3049 εἷς
1074 2995 1122 3042 τὸ
1155 2998 1197 3042 ἐν
1235 3000 1375 3045 Μετα-

29 3059 255 3127 ‘fitovtitp
273 3061 385 3126 ἱερὸν
414 3065 499 3109 τῶν
523 3066 709 3111 Μουσῶν
723 3102 736 3126 ,
763 3065 1082 3128 τετταράκοντα
1103 3067 1269 3131 ἡμέρας
1289 3070 1379 3115 ἀσι-

0 3143 4 3191 g*
149 3150 299 3180 σαντα.
327 3137 400 3181 Sic
432 3139 569 3181 etiam
594 3139 756 3183 Cicero
779 3142 850 3184 De
873 3139 951 3185 fin.
982 3141 1064 3188 lib.
1100 3144 1139 3185 V
1176 3158 1377 3201 prooem.

94 3206 380 3277 &Porphyn
404 3209 454 3251 in
474 3209 564 3254 Vit.
588 3210 724 3268 Pyth.

701 3349 772 3390 31.
816 3315 818 3317 >

135 3422 397 3485 {Dicaearchus
414 3448 509 3482 vero
523 3439 577 3480 et,
591 3440 854 3483 accuratiores
869 3442 1074 3493 scriptores
1088 3444 1246 3483 affuisse
1276 3447 1376 3484 Cro-

127 3510 177 3548 χ·
202 3501 364 3540 narrant
382 3501 642 3551 Pythagoram
653 3533 665 3552 ,
682 3513 762 3553 quo
788 3506 966 3554 tempore
985 3505 1136 3546 insidia>
1151 3509 1236 3546 istac
1253 3510 1377 3547 strue-

159 3675 161 3679 ·
182 3635 334 3676 agoras
353 3628 453 3667 osset
467 3657 478 3677 ,
501 3627 607 3669 diem
631 3629 714 3679 jam
737 3630 892 3670 obiisse.
911 3635 942 3671 E
960 3632 1075 3672 sociis
1094 3643 1188 3672 vero
1209 3635 1376 3684 quadra-

130 3687 211 3744 fh·
230 3688 407 3729 simulin
425 3690 545 3730 domo
563 3703 588 3732 a
609 3693 784 3743 quodam
804 3694 982 3735 obsessos
996 3697 1035 3735 et
1058 3698 1257 3751 correptos
1272 3704 1354 3738 esse
1365 3730 1376 3748 ,

14 3748 17 3769 ³
51 3751 54 3756 ’
83 3767 86 3770 ’
111 3764 142 3817 ‘ss
178 3759 267 3811 uos
281 3766 350 3812 per
366 3757 504 3805 urbem
518 3759 712 3810 dispersos
732 3762 855 3801 alium
880 3763 956 3802 alio
973 3763 1092 3802 modo
1111 3763 1376 3804 succubuisse.

141 3820 146 3823 ’
191 3827 355 3870 ,εςοηιω
381 3831 490 3872 vero,
505 3824 642 3864 amicis
656 3825 841 3876 devictis,
860 3827 1031 3882 primum
1060 3828 1099 3866 iu
1124 3828 1376 3876 Cauloniam,

28 3915 49 3940 γ’,
85 3874 169 3924 fin
181 3880 464 3937 statio'navalis
493 3888 550 3926 est
565 3917 576 3936 ‚
594 3888 783 3938 evasisse,
801 3890 892 3928 hinc.
917 3890 967 3929 ad
991 3893 1137 3930 Locros
1159 3891 1376 3939 profectum

111 3956 132 3974 v-
148 3972 152 3974 »
168 3967 197 3979 ·-
224 3940 338 3999 Quod
351 3958 480 3998 ‚quum
494 3951 776 4001 comperissent
797 3955 924 4003 Locri,
940 3955 1113 3994 seniores
1121 3954 1312 4004 quosdam
1328 3955 1378 3993 ab

164 4006 215 4045 ad
233 4006 329 4049 flues
353 4009 519 4062 regionis
548 4015 709 4056 emissos
734 4028 841 4066 esse,
870 4019 939 4068 qui
954 4019 1114 4058 obviam
1147 4019 1377 4067 Pythagora:

138 4078 156 4099 f·
176 4068 552 4116 Itun'c'in-modum
571 4078 730 4118 allocuti
746 4083 874 4120 essent
893 4097 903 4120 z
924 4096 942 4115 «
966 4085 1066 4129 Nos,
1087 4092 1112 4120 ο
1137 4081 1373 4131 Pythagora,

141 4129 324 4190 'entcm
341 4136 501 4186 quidem
535 4141 576 4179 ct
596 4140 936 4183 admirabilemte
962 4144 1092 4183 virum
1119 4154 1201 4190 csse
1223 4142 1376 4182 audivi-

129 4219 146 4234 »
170 4203 205 4242 δ’»
215 4199 488 4247 *mmmmm
502 4213 626 4254 quum
645 4205 683 4243 in
700 4205 847 4255 legibus
862 4207 1011 4251 nostris
1020 4207 1116 4246 nihi}
1131 4207 1230 4249 adeo
1247 4217 1375 4255 reprc-

65 306 100 399 ςῖΐ
1181 307 1593 374 FRAGMENTA.

2622 342 2712 383 2-15
2760 360 2767 366 ·

1501 436 1566 477 Ea
1589 449 1690 492 quae
1719 434 1777 478 de
1798 435 2057 493 Pythagora
2089 448 2332 482 narrantur
2361 443 2509 497 putari
2547 445 2721 501 possint

1434 520 1532 550 non
1550 521 1576 550 a
1594 515 1754 550 nostro
1785 507 1866 550 sed
1897 522 1923 550 a
1953 509 2221 551 Dicaearcho
2244 512 2561 570 Pythagoreo,
2589 516 2718 573 cujus

80 602 163 643 sua
193 601 219 631 e
248 584 525 631 Callimacho
557 581 720 635 habet,
742 579 984 623 uben-imo
1011 578 1140 622 fonte
1163 576 1363 636 scripto·
1396 592 1403 648 Ι
1435 578 1716 622 lamblichus
1731 578 1843 636 (Vit.
1863 578 1996 636 Pyth.
2016 595 2056 624 c.
2077 576 2163 640 36)
2184 583 2407 637 meminit,
2427 586 2592 643 scripta
2607 602 2717 631 esse,

1437 652 1496 694 At
1520 657 1644 693 recte
1664 650 1861 693 Fuhrius
1883 664 1930 708 p.
1953 654 2011 702 44
2036 650 2154 694 hanc
2174 654 2444 696 sententiam
2470 670 2554 713 per
2570 672 2625 701 se
2639 673 2722 716 pa.-

1437 738 1540 766 rum
1562 722 1856 781 probabilem
1873 737 1991 781 csse,
2012 731 2150 780 atque
2173 723 2483 782 Porphyrium
2500 737 2546 771 et
2559 730 2724 789 Dioge·

1436 808 1568 849 nem,
1590 794 1626 837 si
1647 794 1706 837 de
1730 794 1821 837 alio
1841 808 1892 836 ac
1918 793 1977 837 de
2001 795 2238 837 notissimo
2268 806 2427 840 nostro
2451 800 2719 845 Dicaearcho

1438 867 1732 925 cogitassent,
1769 865 1916 908 verbo
1955 865 2013 909 de
2038 866 2124 909 hac
2163 881 2214 910 re
2254 868 2475 912 lectorem
2506 870 2727 915 docturos

1374 957 1378 962 ⁴
1439 937 1572 982 fuisse
1584 947 1757 982 monet.
1775 937 1969 982 Accedit
1982 938 2112 996 quod
2126 938 2314 984 fortasse
2327 955 2385 984 ne
2401 951 2524 985 recte
2538 944 2725 1001 quidem

1439 1010 1693 1054 Dicaearchi
1721 1025 1895 1053 nomen
1926 1009 2061 1068 apud,
2081 1010 2387 1054 Iamblichum
2406 1012 2561 1056 habet.
2591 1015 2727 1058 Haud

1440 1081 1750 1140 improbabile
1775 1082 1899 1125 enim
1934 1089 1997 1124 est
2022 1082 2341 1126 Dicaearchum
2371 1085 2504 1127 istum
2530 1086 2730 1129 cundem

1443 1168 1534 1197 esse
1572 1169 1679 1197 cum
1714 1153 1926 1197 Nearcho
1960 1154 2211 1197 Tarentino
2248 1155 2565 1215 Pythagoreo,
2603 1157 2731 1214 cujus

1441 1226 1616 1268 mentio
1638 1223 1689 1267 fit
1715 1239 1789 1282 ap.
1819 1225 2093 1268 Ciceronem
2116 1227 2186 1269 De
2205 1234 2375 1273 senect.
2399 1243 2441 1274 c.
2474 1244 2532 1271 ια,
2554 1237 2598 1272 et
2619 1228 2730 1273 Plu-

1444 1297 1588 1344 tarch.
1612 1298 1710 1342 Cat.
1739 1295 1842 1352 maj.
1861 1312 1900 1339 c.
1932 1312 1977 1342 2.
2051 1297 2057 1300 “

2051 1400 2126 1447 33.
2262 1435 2282 1446 -

1836 1510 2335 1574 [XENOPHANESP]

1680 1553 1691 1572 l

1511 1613 1772 1665 Demetrius
1798 1620 1867 1662 De
1899 1619 2070 1665 elocut.
2097 1618 2122 1678 §
2151 1618 2237 1662 182
2268 1636 2277 1662 ε
2302 1617 2580 1684 Δικαίαρχος,
2613 1643 2630 1662 κ
2668 1612 2745 1660 Ἐν

1448 1687 1602 1753 Ἑλέᾳ,
1626 1685 1756 1753 φησὶ,
1773 1690 1853 1742 τῆς
1874 1687 2066 1741 Ἰταλίας
2089 1687 2402 1752 πρεσὸύτατον.
2433 1713 2451 1732 »2

1858 1810 1977 1872 [DE
2007 1812 2326 1873 HOMERO?]

1514 1927 1789 1971 Accedimus
1812 1927 1871 1971 ad
1892 1943 1944 1971 ea
1960 1962 1972 1983 ,
1998 1943 2098 1986 quae
2117 1929 2174 1971 de
2194 1932 2337 1987 poetis
2354 1944 2610 1988 eorumque
2630 1946 2738 1991 ope·

1449 1999 1575 2042 ribus
1601 1999 1892 2042 Dicaearchus
1914 2008 2246 2044 commentatus
2268 2010 2348 2044 est.
2376 2001 2613 2059 Scripsisse
2631 2018 2734 2046 eum

1450 2072 1499 2114 in
1523 2071 1679 2132 „Alcaei
1708 2073 1911 2115 carmina
1953 2073 2310 2116 commentarios
2341 2081 2387 2116 et
2417 2073 2466 2116 in
2503 2074 2739 2133 Euripidis

1448 2143 1857 2201 reliquorumque,
1881 2152 1934 2187 ut
1959 2144 2158 2199 videtur,
2192 2145 2300 2189 artis
2323 2144 2583 2189 dramaticae
2606 2148 2737 2205 prin-

1450 2216 1605 2272 cipum
1627 2214 1803 2258 fabulas
1827 2215 2095 2261 didascalias
2107 2217 2382 2275 elaborasse,
2401 2218 2572 2274 partim
2592 2218 2735 2262 diser·

1450 2287 1505 2329 tis
1530 2286 1797 2330 testimoniis
1820 2285 2076 2342 affirmare,
2100 2288 2269 2346 partim
2291 2288 2524 2346 probabili
2551 2290 2731 2334 ratione

1450 2358 1668 2416 colligere
1684 2372 1938 2415 possumus.
1955 2358 2186 2400 Incertior
2203 2373 2274 2401 res
2291 2367 2356 2402 est
2369 2357 2426 2402 dc
2445 2373 2587 2417 opera
2597 2375 2735 2418 quam

1451 2431 1658 2472 Homero
1679 2429 1969 2472 Dicaearchus
1992 2430 2246 2474 navaverit.
2268 2428 2527 2488 Disputasse
2545 2446 2652 2474 eum
2676 2430 2737 2476 de

1451 2502 1563 2544 locis
1591 2501 1851 2543 Homericis
1886 2502 2186 2559 criticumque
2218 2502 2266 2544 in
2289 2517 2367 2545 eos
2394 2502 2648 2546 exercuisse
2679 2502 2736 2545 li-

1451 2581 1562 2630 quet
1585 2587 1641 2615 ex
1660 2572 1914 2630 Apollonio
1939 2574 2008 2616 De
2025 2587 2244 2631 pronom.
2258 2589 2304 2632 p.
2326 2571 2419 2616 320
2430 2573 2508 2619 ed.
2522 2573 2735 2633 Bekker.,

1449 2644 1531 2686 ubi
1574 2643 1861 2686 Aristarchus
1886 2645 2132 2687 lectionem
2156 2660 2181 2688 a
2214 2644 2483 2692 Dicaearcho
2518 2647 2738 2703 proposi-

1452 2725 1542 2759 tam
1566 2730 1747 2759 assensu
1770 2731 1851 2758 suo
1878 2716 2199 2774 comprobasse
2225 2716 2430 2766 diciturqz
2452 2714 2574 2765 Φασὶ
2599 2713 2642 2760 δὲ
2662 2714 2736 2760 καὶ

1449 2786 1519 2832 τὸν
1540 2783 1816 2849 Ἀρίσταρχον
1849 2784 2046 2846 ἀσμένως
2062 2784 2138 2837 τὴν
2165 2784 2433 2850 γραφὴντοῧ
2468 2786 2736 2850 Δικαιάρχου

1449 2855 1785 2920 παραδέξασθαι.
1809 2860 1899 2916 Qui
1923 2859 2112 2919 quidem
2137 2860 2430 2904 Dicaearchus
2451 2860 2566 2903 nihil
2587 2861 2739 2905 obstat

1451 2930 1566 2986 quin
1587 2931 1645 2973 sit
1666 2931 1985 2979 Aristotelicas
2000 2964 2012 2985 ,
2042 2930 2169 2987 cujus
2191 2930 2507 2988 conjecturam
2537 2932 2736 2990 aliquam

1450 3002 1499 3044 in
1520 3002 1642 3046 libro
1664 2999 1775 3064 Περὶ
1797 3001 1993 3048 Ἀλκαίου
2020 3005 2204 3047 allatam
2227 3005 2562 3062 Aristophanes
2581 3019 2733 3064 gram-

1451 3075 1642 3118 maticus
1655 3076 1940 3134 impugnavit
1958 3074 2020 3135 (v,
2037 3074 2091 3119 fr.
2114 3075 2215 3135 36).
2235 3076 2390 3119 Alium
2406 3077 2562 3120 locum
2577 3077 2659 3120 ubi
2673 3077 2732 3121 de

1451 3145 1647 3189 Homeri
1674 3146 1780 3190 loco
1795 3147 2086 3191 Dicaearchus
2111 3146 2326 3191 laudatur
2347 3163 2458 3192 mox
2478 3148 2734 3194 citabimus.

1451 3216 1613 3260 suidas
1625 3231 1730 3261 sane
1742 3219 1873 3261 novit
1888 3220 2238 3278 grammaticum
2253 3216 2572 3262 Dicaearchum
2593 3221 2735 3263 Lace·

1450 3350 1689 3400 hendamus,
1710 3351 1858 3402 iisque,
1875 3353 1934 3392 uti
1949 3355 2063 3402 sunt,
2087 3353 2303 3393 immanere
2323 3354 2513 3393 tentaturi
2528 3354 2674 3403 simus,
2691 3355 2735 3392 tu

1450 3414 1526 3453 alio
1542 3416 1582 3454 te
1597 3415 1751 3465 confer;
1766 3416 1932 3465 accipies
1953 3418 2086 3456 tamen
2100 3427 2124 3455 a
2136 3417 2271 3466 nobis,
2289 3417 2321 3456 si
2343 3427 2423 3466 qua
2442 3428 2484 3456 re
2502 3417 2687 3467 indigeas·
2715 3434 2733 3450 »

1450 3477 1513 3517 Sic
1543 3489 1567 3516 a
1595 3479 1812 3517 Locrorum
1840 3479 1937 3518 urbe
1962 3479 2170 3518 exclusum
2198 3479 2400 3529 navigasse
2430 3482 2663 3526 Tarentum,
2695 3482 2735 3518 ct

1450 3545 1637 3589 quoniam
1653 3541 1719 3579 hic
1739 3552 1900 3591 quoque
1927 3541 2043 3581 simili
2061 3543 2219 3581 fortuna
2244 3544 2435 3592 uteretur,
2466 3544 2676 3582 Crotonem
2693 3553 2734 3580 sc

1451 3605 1679 3646 contulisse.
1719 3606 1874 3656 Ubique
1913 3607 2019 3645 enim
2056 3618 2210 3657 magnac
2241 3609 2475 3646 exarserunt
2509 3607 2730 3654 seditiones,

1450 3680 1547 3719 quas
1563 3671 1780 3710 etiamnum
1796 3670 1936 3711 incolae
1953 3672 2096 3716 harum
2111 3674 2315 3723 regionum
2330 3673 2642 3711 commemorant
2660 3682 2730 3708 ex-

1450 3738 1682 3786 ponuntque
1696 3767 1708 3787 ,
1742 3736 1951 3776 seditiones
1988 3748 2079 3787 qua:
2118 3737 2453 3787 Pythagoreorum
2492 3734 2746 3784 temporibus„

1452 3798 1609 3845 fuerunt
1621 3802 1905 3850 nuncupantes.

2061 3870 2130 3918 32.

1501 3944 1639 3981 Narrat
1663 3943 1917 3982 Dicaearchus
1944 3944 2203 3993 Pythagoram
2229 3941 2441 3991 Metaponti
2466 3941 2503 3978 in
2527 3941 2727 3978 Musarum

1452 4003 1584 4043 sanum
1605 4007 1843 4057 confugisse,
1866 4008 1998 4057 ibique
2014 4010 2100 4057 post
2118 4006 2373 4056 quadraginta
2390 4004 2541 4042 dierum
2560 4000 2733 4040 inediam.

1449 4066 1553 4106 diem
1565 4067 1716 4108 obiisse.

2055 4138 2124 4176 33.

1504 4209 1757 4251 Dicaearchus
1782 4227 1793 4251 ε
1814 4229 1831 4246 ει
1849 4215 1891 4252 ln
1916 4212 2006 4250 Elea
2026 4211 2123 4250 urbe
2140 4210 2259 4249 Italia·
2278 4207 2605 4256 antiquissimum.
2630 4221 2647 4240 n
