3002 4646
1482 336 1615 409 El<

159 572 444 679 ’ΤΗΣ
502 575 1117 678 ΙΣΤΟΡΙΑΣ
1178 571 1874 682 ΔΙΟΔΩΡΟΥ
1918 582 2676 691 ΣΙΚΕΛΙΩΤΟ
2695 592 2802 702 Υ.

588 1117 703 1178 [ΕΚ
741 1117 900 1162 ΒιΒΑ.
941 1111 1052 1178 εἷα]

234 1251 271 1297 l.
286 1245 392 1295 ‘'Ou
411 1245 533 1311 φόνον
555 1243 751 1291 ἀκούσιον
767 1242 931 1309 φεύγων
950 1246 972 1288 ὁ
992 1240 1331 1306 Βελλεροφόντης
1351 1234 1455 1299 ἦλθε

166 1320 269 1383 πρὸς
291 1322 472 1384 Προῖτον
501 1316 789 1381 (ι),πατρικὸν
811 1315 912 1363 ὄντα
938 1314 1062 1370 ξένον.
1087 1313 1179 1371 Τὴν
1200 1312 1244 1359 δὲ
1270 1314 1454 1377 Προίτου

166 1396 346 1457 γυναῖκα
375 1390 442 1437 διὰ
474 1390 522 1437 τὸ
546 1390 700 1442 κᾶλλος
732 1388 982 1453 ἐρασθεῖσαν
1016 1391 1088 1434 τοῦ
1115 1385 1454 1450 Βελλεροφόντου

166 1466 238 1512 καὶ
263 1464 323 1526 μὴ
355 1461 593 1524 δυναμένην
625 1462 800 1522 πεῖσαι,
829 1459 1051 1507 διαὸαλεῒν
1087 1458 1215 1505 αὐτὸν
1243 1457 1348 1522 πρὸς
1381 1457 1453 1504 τὸν

166 1536 299 1602 ἄνδρα
323 1535 451 1598 ὡς,(“ὶ)
473 1533 732 1598 βιασάμενον
760 1531 909 1589 αὐτήν.
980 1530 1064 1580 Τὸν
1083 1529 1127 1576 δὲ
1154 1531 1337 1594 Προῖτον
1359 1532 1453 1577 ἀνεα

165 1612 252 1655 λεῖν
279 1606 356 1670 μὲν
388 1605 458 1653 τὸν
492 1603 606 1661 ξένον
633 1602 692 1667 μὴ
728 1605 1013 1668 βουληθῆναι,
1043 1603 1294 1649 ἀποστεῖλαι
1327 1600 1377 1665 (3)
1410 1600 1455 1649 δὲ

166 1679 291 1726 αὐτὸν
315 1681 372 1732 εἷς
397 1677 559 1726 Λυκίαν
579 1676 819 1741 γράμματα
844 1674 1025 1740 φέροντα
1045 1674 1146 1740 πρὸς
1167 1673 1365 1731 Ἰοὸάτην
1383 1673 1453 1722 τὸν

167 1751 370 1816 βασιλέα,
391 1749 492 1797 ὄντα
517 1748 735 1812 πενθερόν·
759 1746 804 1795 ὃν
822 1746 1112 1810 κομισάμενον
1132 1746 1208 1804 τὴν
1227 1745 1455 1804 ἐπιστολὴν

165 1827 300 1889 εὑρεῖν
326 1826 368 1870 ἐν
394 1824 502 1887 αὐτῇ
527 1819 841 1886 γεγραμμένον,
865 1819 979 1873 ὅπως
998 1819 1126 1883 ἀνέλῃ
1155 1820 1206 1883 (4)
1233 1819 1310 1876 τὴν
1330 1818 1452 1883 ταχί-

167 1916 272 1954 στην
289 1896 360 1942 τὸν
386 1895 740 1959 Βελλεροφόντην.
813 1892 868 1941 Ὁ
894 1892 937 1939 δὲ
964 1892 1023 1954 μὴ
1057 1892 1310 1956 βουλόμενος
1328 1891 1454 1938 αὐτὸν

166 1967 372 2016 ἀπολέσαι
379 2009 389 2030 ‚
411 1971 465 2031 τῇ
491 1964 694 2031 πυρπνόῳ
717 1963 914 2030 Χιμαίρᾳ
939 1964 1135 2011 ἐκέλευσε
1160 1963 1348 2029 συνάψαι
1366 1963 1456 2026 μά-

165 2060 266 2106 mv,

587 2155 705 2225 [¹13ss
736 2156 895 2201 elea.
924 2153 1029 2216 κα]

234 2274 293 2320 ΙΙ.
314 2268 421 2318 εὈτι
434 2270 666 2332 Αἰγιάλεια
688 2270 756 2331 (1),
774 2273 801 2326 ἡ
822 2273 895 2316 τοῦ
918 2268 1160 2330 Διομήδους
1181 2266 1370 2329 σύζυγος,
1393 2286 1455 2313 τε·

166 2343 268 2397 λε’ως
286 2341 619 2407 ἀπηλλοτριώθη
640 2345 716 2398 τῆς
735 2346 808 2388 τοῦ
831 2340 1111 2403 συμῧιοῧντος
1130 2338 1310 2392 εὐνοίας·
1335 2339 1388 2396 ἣν
1406 2341 1453 2385 οὐ

168 2414 339 2468 δικαίως
359 2418 420 2478 τῷ
440 2419 702 2461 συνοικοῦντι
717 2411 1068 2478 προσφερομένην
1087 2410 1155 2458 διὰ
1172 2411 1219 2458 τὸ
1238 2417 1359 2473 μῖσος
1377 2431 1457 2457 πα-

169 2486 405 2552 ρακαλέσαι
428 2485 523 2539 τοὺς
548 2489 762 2548 συγγενεῖς
787 2484 892 2550 πρὸς
923 2484 999 2542 τὴν
1028 2485 1126 2531 κατ’
1152 2485 1281 2530 αὐτοῦ
1315 2503 1455 2546 τιμω-

169 2559 279 2623 ρίαν.
353 2558 540 2621 Τούτους
556 2557 599 2604 δὲ
620 2557 997 2623 προσλαὸομένους
1019 2556 1239 2619 Αἴγισθον,
1267 2556 1455 2621 προσφά·

167 2651 249 2683 τως
265 2629 567 2695 κατεσχηκότα
590 2628 666 2687 τὴν
691 2632 734 2676 ἐν
758 2628 986 2686 Μυκήναις
1011 2626 1251 2693 βασιλείαν,
1280 2630 1452 2691 ἐπενεγ-

169 2707 258 2750 κεῖν
291 2705 407 2768 αὗτῷ
444 2702 629 2749 θανᾶτου
664 2702 823 2766 κρίσιν,
858 2706 1217 2765 κατηγοροῦντας,
1252 2699 1316 2747 ὅτι
1342 2699 1455 2755 ξένου

167 2773 325 2837 πατρὸς
357 2773 415 2820 ὢν
441 2772 538 2826 τοὺς
570 2773 647 2836 μὲν
682 2775 861 2835 εὐγενεῖς
886 2776 934 2820 ἐκ
954 2777 1029 2831 τῆς
1060 2774 1223 2825 πόλεως
1257 2772 1455 2819 ἐκὸαλεῖν

171 2844 430 2909 βουλεύεται,
454 2848 538 2891 τῶν
579 2844 624 2891 δὲ
655 2849 870 2908 συγγενῶν
896 2847 1102 2894 Αἰτωλῶν
1124 2844 1241 2898 τινὰς
1264 2844 1453 2891 κατοικί-

168 2922 265 2981 ζειν.
335 2921 426 2976 Τῆς
462 2915 505 2964 δὲ
542 2917 744 2974 διαὸολῆς
774 2919 917 2965 πίστιν
953 2916 1185 2977 λαὸούσης,
1217 2917 1454 2983 (ροὸηθέντα

168 2990 237 3037 τὸν
261 2990 481 3052 Διομήδην
505 2989 672 3055 φεύγειν
704 2991 747 3046 ἐξ
775 2986 954 3055 Ἄργους
979 2992 993 3041 ί
998 2990 1033 3055 2)
1059 2989 1168 3052 μετὰ
1192 2993 1274 3036 τῶν
1303 2992 1453 3054 βουλο-

169 3061 325 3123 μένων.

237 3136 320 3182 ΙΙΙ.
356 3131 461 3181 Ὅτι
493 3133 601 3194 μετὰ
626 3131 703 3191 τὴν
737 3134 907 3183 Αἰνείου
948 3137 999 3198 (ι)
1026 3134 1229 3191 τελευτὴν
1261 3134 1456 3188 Σιλούιος

1960 1124 2017 1185 [Ε
2056 1126 2241 1173 Lisssso
2281 1128 2384 1190 vi]

1583 1246 1614 1283 Ι.
1636 1245 1697 1284 Ob
1713 1246 1862 1285 caedem
1881 1259 2002 1298 quam
2022 1250 2170 1290 invitus
2189 1253 2440 1293 commiserat
2455 1256 2546 1295 exul
2565 1258 2821 1308 Bellerophon

1531 1326 1581 1365 ad
1590 1330 1764 1367 Proetum
1780 1330 1902 1378 venit,
1919 1331 2112 1381 hospitem
2126 1337 2351 1383 paternum.
2406 1339 2507 1376 Tum
2522 1349 2687 1379 uxorein
2704 1344 2821 1381 t’roeti

1530 1412 1691 1449 narrant
1707 1411 1758 1449 ob
1774 1413 2020 1452 venustatem
2032 1415 2341 1465 Bellerophontis
2352 1427 2487 1458 amore
2503 1422 2656 1469 captam
2669 1452 2680 1470 ,
2698 1434 2829 1472 quum-

1531 1493 1763 1540 persuadere
1779 1506 1857 1533 non
1875 1497 2084 1546 potuisset,
2101 1507 2193 1536 eum
2209 1499 2488 1539 calumniatam
2516 1502 2620 1551 apud
2639 1506 2823 1544 maritum

1530 1584 1630 1622 esse,
1649 1575 1774 1625 utqui
1787 1575 1837 1614 de
1857 1578 1994 1626 stupro
2016 1578 2138 1628 ipsam
2157 1581 2443 1630 compellasset.
2464 1585 2638 1623 Proetum
2652 1596 2743 1624 vero
2755 1597 2822 1624 oc-

1531 1656 1661 1696 cidere
1682 1658 1842 1708 quidem
1860 1659 2052 1709 hospitem
2089 1662 2281 1712 noluisse,
2307 1664 2506 1713 ablegasse
2526 1668 2658 1704 autem
2688 1667 2725 1704 in
2750 1670 2822 1717 Ly·

1531 1740 1633 1780 ciam
1660 1741 1791 1780 literas
1815 1742 2003 1782 serentem
2028 1725 2255 1783 ad'tobaten
2272 1757 2466 1786 socerum.
2495 1750 2625 1798 Hune,
2651 1752 2825 1800 acceptis

1531 1821 1669 1870 literis,
1685 1823 1873 1873 scriptum
1891 1825 1990 1865 iniis
2006 1826 2193 1875 reperisse
2204 1858 2215 1876 ,
2232 1830 2410 1877 utquam
2427 1829 2630 1868 celerrime
2654 1831 2822 1870 Bellero·

1532 1903 1720 1954 phontem
1737 1906 1892 1946 tolleret
1904 1907 1952 1947 de
1968 1908 2110 1947 medio.
2127 1909 2200 1949 Sed
2222 1910 2357 1948 nolens
2369 1910 2601 1960 interficere,
2619 1913 2826 1962 imperavit

1531 1988 1564 2027 ei
1587 1989 1632 2027 ut
1652 1999 1743 2027 cum
1766 1989 1964 2029 Chimaera
1984 1991 2180 2041 ignivoma
2197 2003 2368 2042 pugnam
2385 1996 2618 2032 consereret.

1958 2158 2016 2220 [E
2052 2157 2240 2205 Lissno
2279 2156 2403 2218 vir]

1583 2273 1634 2310 11.
1659 2271 1850 2320 AEgialea,
1883 2271 2080 2310 Diomedis
2106 2281 2223 2318 uxor,
2250 2271 2427 2309 animum
2451 2283 2474 2310 a
2491 2270 2764 2310 benevolentia
2787 2270 2824 2306 in

1532 2359 1718 2397 maritum
1750 2345 1909 2407 prorsus
1945 2359 2198 2398 abalienavit.
2253 2362 2425 2398 Narrant
2451 2370 2539 2398 eam
2573 2359 2717 2408 injuste
2737 2371 2825 2407 erga

1531 2444 1735 2493 conjugem
1753 2454 1793 2482 se
1819 2447 2015 2493 gerentem
2034 2445 2191 2494 propter
2202 2444 2338 2482 odium
2359 2447 2543 2494 cognatos
2561 2445 2609 2483 ad
2635 2446 2826 2485 ultionem

1531 2529 1580 2568 ab
1595 2540 1642 2568 eo
1661 2529 1869 2580 petendam
1885 2529 2110 2568 advocasse.
2136 2532 2230 2578 Hos,
2251 2533 2453 2578 assumpto
2471 2531 2642 2580 AEgistho
2657 2533 2828 2581 Mycenis

1531 2628 1695 2666 regnum
1713 2626 1839 2667 nuper
1861 2617 2027 2666 adepto,
2054 2617 2094 2655 in
2121 2618 2288 2666 capitale
2314 2629 2407 2656 eum
2428 2629 2588 2656 vocasse
2610 2618 2826 2669 judicium,

1531 2711 1758 2747 accusantes
1775 2708 1882 2758 quod
1908 2709 2112 2758 peregrino
2133 2710 2242 2759 patre
2255 2711 2365 2748 ortus
2389 2710 2549 2759 Argivos
2568 2710 2718 2750 nobiles
2732 2711 2828 2750 urbe

1533 2800 1675 2849 pellere
1694 2801 1734 2838 et
1752 2811 1802 2838 ex
1819 2800 1995 2850 cognatis
2013 2800 2093 2839 suis
2112 2800 2249 2839 AEtolis
2263 2800 2474 2840 nonnullos
2489 2800 2528 2839 in
2546 2801 2678 2840 locum
2691 2812 2827 2842 eorum

1535 2888 1653 2926 vellet
1673 2887 1873 2926 inducere.
1930 2891 2029 2934 Quae
2057 2888 2265 2926 calumniae
2293 2899 2417 2937 quum
2435 2888 2550 2927 tidem
2579 2889 2826 2939 invenirent,

1533 2970 1774 3010 metuentem
1791 2969 1863 3008 sibi
1882 2969 2112 3009 Diomedem
2138 2981 2230 3007 cum
2247 2970 2294 3008 iis
2312 2971 2380 3019 qui
2401 2969 2614 3019 adjungere
2633 2981 2674 3009 se
2693 2971 2727 3009 ei
2751 2982 2824 3009 vo-

1533 3055 1716 3103 luissent,
1735 3054 1843 3104 Argis
1858 3054 2067 3103 aufugisse.

1587 3143 1655 3181 111.
1692 3141 1786 3179 Post
1812 3143 1944 3180 AEneae
1987 3139 2139 3178 obitum
2170 3140 2295 3178 Silvio
2337 3141 2500 3189 puerulo
2533 3139 2749 3178 admodum
2779 3138 2829 3177 ab

224 3272 379 3310 Diodori
397 3273 611 3321 fragmenta
628 3273 666 3311 in
687 3274 822 3313 codice
838 3276 1104 3314 Escorialense
1122 3276 1306 3324 leguntur
1322 3274 1412 3313 inde
1431 3285 1454 3312 a
1471 3274 1563 3312 solio
1584 3277 1655 3313 176
1675 3285 1706 3311 r.
1729 3283 1854 3322 usque
1869 3272 1919 3310 ad
1938 3272 2075 3310 solium
2099 3276 2166 3312 187
2196 3283 2254 3310 vs.
2290 3275 2347 3310 Ex
2379 3272 2438 3310 his
2454 3272 2500 3310 ad
2522 3272 2642 3311 libros
2671 3271 2827 3311 Diodori

170 3328 398 3376 superstites
419 3328 460 3376 (Ι
479 3353 529 3361 —-
547 3332 610 3378 V)
634 3331 831 3380 pertinent
851 3332 981 3381 priora
1013 3333 1231 3382 fragmenta
1250 3331 1474 3381 quindecim
1495 3332 1590 3380 (fol.
1621 3335 1690 3371 176
1713 3342 1746 3369 r.
1763 3352 1814 3360 -—-
1835 3334 1906 3369 179
1920 3360 1930 3377 ,
1960 3334 2006 3369 27
2027 3342 2059 3368 r.
2077 3332 2113 3378 ),
2135 3341 2226 3379 quae
2257 3331 2392 3379 paucis
2415 3330 2603 3368 iudicasse
2623 3330 2791 3369 suttieiat
2816 3345 2825 3368 :

173 3385 330 3424 Diodor.
350 3388 387 3433 l,
408 3392 471 3436 55,
489 3388 538 3426 de
557 3388 801 3427 Sesonchosi.
823 3392 917 3437 -1,
937 3395 1000 3438 66,
1023 3393 1042 3428 7
1066 3401 1171 3440 sqq„
1189 3389 1239 3428 de
1257 3389 1517 3428 dodecarchia
1532 3391 1571 3428 et
1593 3389 1896 3427 Psammeticho.
1917 3411 1966 3416 -
1989 3391 2028 3437 1,
2051 3392 2116 3436 68,
2139 3394 2160 3427 2
2179 3390 2218 3426 et
2236 3392 2276 3435 3,
2297 3388 2346 3426 de
2363 3389 2491 3437 Aprie.
2505 3391 2615 3435 ---li2
2637 3394 2699 3436 20,
2729 3393 2760 3434 t,
2778 3388 2828 3427 de

170 3443 541 3492 semiramide.—11‚
556 3448 743 3496 24‚2-8‚
757 3446 805 3486 de
823 3447 971 3496 Belesy.
987 3469 1038 3475 —
1058 3450 1109 3496 11,
1128 3453 1193 3494 33,
1216 3448 1390 3496 1—5,de
1409 3447 1746 3494 Parsonda.--ll‚
1765 3450 1829 3495 34,
1849 3453 1869 3486 3
1888 3450 1926 3486 et
1943 3450 1981 3494 4,
2000 3447 2049 3485 de
2061 3447 2214 3485 Zarina.
2235 3469 2279 3474 —-
2297 3449 2345 3495 ΙΙ,
2363 3450 2426 3494 34,
2442 3453 2464 3486 6
2477 3446 2828 3495 νει-ΙιαιἉστιὸάρα

170 3506 236 3540 τοῦ
254 3503 486 3551 βασιλέως...
507 3504 574 3550 τήν
597 3503 792 3554 βασιλείαν
813 3506 864 3549 εἰς
881 3507 1044 3555 Πέρσας.
1057 3507 1151 3544 —lt
1165 3534 1176 3552 ,
1197 3508 1244 3543 43
1257 3534 1268 3554 ,
1290 3510 1402 3553 1-3,
1419 3505 1468 3543 de
1485 3504 1652 3553 Scythis.
1677 3526 1729 3533 -
1748 3506 1807 3553 11,
1831 3509 1892 3554 58,
1911 3511 1948 3544 6.
1974 3510 2043 3550 59,
2060 3508 2080 3542 4
2099 3507 2135 3542 et
2159 3508 2197 3554 8,
2215 3504 2263 3543 de
2282 3504 2468 3544 insulanis
2485 3503 2670 3544 lambuli.
2687 3525 2736 3531 -
2755 3507 2825 3551 Ν,

172 3562 243 3606 45,
261 3564 299 3605 2,
316 3558 365 3598 de
380 3562 539 3599 Hecate.
558 3582 609 3588 —-
629 3563 697 3609 IV,
719 3565 768 3600 48
781 3592 791 3610 ,
809 3565 850 3609 4,·
869 3561 919 3600 de
935 3562 1060 3601 Circe.
1080 3585 1130 3595 -
1147 3565 1215 3610 lV,
1239 3567 1404 3611 50—-52,
1422 3562 1472 3602 de
1489 3562 1638 3602 Medea.

222 3619 252 3655 Ι.
283 3618 370 3656 Fol.
395 3623 488 3668 179,
512 3622 557 3658 27
576 3630 612 3657 r.
632 3643 682 3651 -
701 3623 792 3667 179,
810 3624 829 3659 7
850 3631 889 3659 v.
911 3622 1078 3670 Sumpta
1104 3621 1189 3658 haec
1209 3632 1231 3659 e
1251 3620 1350 3659 libro
1365 3623 1500 3670 sexto,
1517 3620 1557 3658 in
1575 3631 1653 3669 quo
1669 3620 1864 3660 Diodorus
1880 3621 1968 3669 post
1985 3621 2225 3670 praemissam
2242 3620 2291 3658 de
2308 3621 2450 3659 natura
2469 3620 2634 3658 deorum
2651 3619 2826 3668 disputa·

170 3676 316 3713 tionem
328 3705 339 3723 ,
358 3676 509 3716 fabulas
525 3679 755 3716 Graecorum
775 3678 912 3716 ordine
924 3679 1172 3728 genealogice
1189 3679 1229 3717 et
1249 3679 1524 3727 chronologico
1536 3678 1584 3716 ad
1603 3679 1770 3727 Trojana
1788 3690 1912 3728 usque
1928 3681 2106 3728 tempora
2135 3680 2349 3728 procedens
2361 3678 2543 3727 exposuit
2562 3682 2573 3724 <
2588 3678 2636 3716 cf.
2658 3676 2827 3725 Dionysii

171 3731 290 3771 Samii
309 3732 446 3782 fragm.
468 3744 504 3782 p.
530 3739 571 3773 11
591 3737 706 3783 not.).
729 3736 982 3774 inserendum
1008 3737 1267 3785 fragmentum
1290 3739 1376 3785 post
1398 3748 1443 3775 ea
1463 3748 1553 3787 quae
1578 3738 1646 3776 lib.
1676 3741 1727 3777 Vt
1742 3768 1753 3786 ‚
1775 3745 1822 3787 6,
1849 3743 1963 3778 1—7
1981 3738 2029 3777 de
2049 3738 2149 3776 AEoli
2177 3739 2352 3787 prosapia
2376 3741 2543 3776 exstant.
2572 3736 2826 3784 Bellerophon

92 3810 96 3815 -
171 3799 294 3838 nepos
312 3793 395 3828 erat
411 3790 564 3840 Sisyphi
579 3793 766 3842 AEolidae‚
788 3793 848 3831 uti
863 3795 1032 3832 constat.
1055 3796 1115 3832 De
1133 3805 1176 3832 re
1188 3794 1281 3832 satis
1300 3795 1360 3832 est
1382 3795 1562 3835 laudasse
1587 3797 1867 3845 Apollodorum
1886 3800 1919 3836 lt
1933 3828 1943 3846 ,
1966 3804 1987 3836 3
2003 3828 2014 3845 ‚
2039 3805 2069 3836 t.
2090 3823 2135 3831 -
2162 3804 2194 3836 t.
2218 3801 2251 3837 ll
2264 3798 2451 3848 ροῐτον]
2470 3802 2601 3836 ποῖτον
2622 3796 2760 3834 codex.
2774 3815 2827 3824 —

175 3851 212 3885 2.
229 3848 280 3890 ὡς
294 3845 308 3896 ]
323 3846 372 3885 de
391 3858 480 3885 meo
495 3848 639 3888 addidi.
654 3870 705 3877 ——
722 3856 758 3888 3.
777 3850 1097 3901 ἀποστεῖλαι]
1120 3852 1281 3890 ἀποστεῖ
1295 3851 1433 3891 codex.
1452 3877 1504 3887 -.-
1523 3857 1559 3891 4.
1581 3855 1694 3892 ἀνέλ
1707 3854 1757 3904 ῃ]
1779 3856 1824 3894 ἀν
1844 3855 1984 3894 codex.

224 3905 276 3943 11.
305 3905 396 3944 Fol.
427 3908 594 3954 179,7-
613 3913 657 3946 16
676 3918 714 3946 r.
740 3914 774 3946 1.
802 3909 1097 3959 Αἰγιάλεια]
1115 3909 1294 3959 Αἰγιαλία
1314 3910 1468 3948 cod.-—-
1489 3918 1524 3950 2.
1556 3913 1774 3962 Ἄργους]
1796 3914 1909 3962 ἄργος
1933 3914 2021 3952 cod.
2043 3939 2093 3947 —
2116 3917 2172 3953 De
2191 3925 2233 3952 re
2253 3915 2304 3952 cf.
2328 3914 2450 3952 schol.
2474 3917 2566 3962 Lyc.
2602 3918 2698 3959 605,
2733 3915 2824 3951 Ser-

177 3960 261 3998 vius
276 3961 325 3999 ad
344 3964 432 4000 AEn.
453 3965 504 4001 Xt
519 3993 530 4012 ,
550 3969 624 4004 269
638 3995 649 4014 ,
676 3965 810 4014 Dictys
829 3969 883 4005 VI
895 3997 906 4015 ‚
929 3973 966 4006 2.
986 3967 1065 4014 Qui
1092 3978 1231 4005 omnes
1249 3978 1272 4004 a
1291 3967 1452 4006 Diodori
1470 3971 1692 4009 narratione
1716 3971 1804 4020 plus
1819 3971 1951 4009 minus
1968 3971 2167 4010 recedunt.
2194 3974 2471 4018 Fragmentum
2498 3971 2623 4008 insere
2643 3972 2729 4017 post
2754 3969 2823 4008 lib.

177 4019 271 4064 vn,
290 4023 306 4056 1
326 4018 390 4057 ed.
410 4021 558 4070 Didot„
579 4022 694 4072 cique
712 4023 902 4074 subjunge
922 4034 1012 4074 quae
1032 4025 1175 4063 ibidem
1190 4027 1229 4063 in
1247 4026 1323 4064 tine
1344 4026 1432 4065 libri
1452 4029 1553 4066 sexti
1575 4028 1767 4066 collocata
1786 4029 1939 4067 suntde
1955 4029 2087 4078 annis,
2108 4040 2175 4078 per
2195 4040 2294 4078 quos
2312 4039 2446 4077 regum
2467 4027 2696 4075 Argivorum
2709 4027 2824 4065 stete·

178 4075 227 4113 rit
245 4075 463 4125 imperium.

230 4135 297 4172 ill.
316 4134 410 4174 Fol.
439 4139 532 4184 179,
554 4141 702 4178 16-19
718 4149 754 4178 v.
788 4145 819 4178 1.
845 4140 1207 4190 Αἰνείου]αἰνίου
1228 4142 1315 4180 cod.
1336 4142 1480 4181 Eadem
1499 4142 1694 4181 Diodorus
1713 4144 1725 4191 (
1742 4145 1832 4188 vn,
1856 4144 1947 4193 3,3)
1969 4144 2071 4194 apud
2091 4144 2231 4182 Euseb.
2251 4147 2358 4182 Arm.
2377 4143 2524 4181 Cln'on.
2547 4153 2584 4191 p.
2609 4147 2681 4179 ‘212
2696 4140 2786 4181 Mai.
2809 4155 2822 4182 ε

185 4192 293 4230 Huic
310 4190 483 4240 (Silvio)
507 4196 599 4243 pose
617 4197 766 4235 AEneoe
785 4197 945 4236 obitum
969 4198 1149 4237 insidias
1167 4201 1370 4238 Ascanius
1392 4202 1641 4243 struxerat,
1668 4200 1846 4250 ideoque
1862 4212 1970 4250 puer
2001 4203 2193 4240 nutritus
2210 4201 2368 4246 suerat
2387 4200 2442 4238 ab
2465 4201 2744 4238 armentariis
2773 4203 2816 4238 in
