3008 4542
1271 218 1678 269 FRAGMENTA.

217 336 399 384 Primos
421 338 534 381 duos
567 349 696 393 reges
729 329 855 392 apud
879 331 1228 375 Eratosthenem
1261 338 1308 374 et
1341 331 1441 374 Ma-

94 423 107 463 j
153 411 410 456 methonem
428 406 712 467 respondere
742 404 830 448 sibi
853 402 1122 447 nominibus
1146 401 1442 458 numerisque

94 470 105 503 ²2
153 490 297 543 patet.
318 483 528 525 Duorum
543 490 773 522 annorum
793 473 1053 517 differentia
1068 473 1117 515 in
1136 470 1284 530 regno
1295 471 1440 514 Atho-

112 567 114 569 ’
158 553 248 598 this
269 552 396 597 haud
414 548 684 611 premenda.
708 571 772 581 -—
791 544 924 589 Idem
946 544 1075 588 valet
1091 543 1149 587 de
1175 543 1305 586 annis
1326 543 1445 602 regis

56 623 59 625 ’
160 627 298 668 tenii.
315 621 455 680 Quod
464 620 787 666 Eratosthenes
803 631 948 660 annos
965 614 1044 674 32,
1058 615 1277 658 Manetho
1300 629 1445 658 annos

99 718 105 734 -·
163 693 220 740 31
250 695 293 739 ei
315 694 505 748 tribuit,
528 693 591 734 ita
623 686 973 748 explicandum,
999 686 1123 729 utin
1151 685 1446 728 monimentis

161 765 383 827 AEgyptiis
417 765 550 809 datos
571 763 614 806 ei
647 768 897 805 statuamus
928 773 1073 802 3111105
1099 757 1154 800 31
1195 765 1239 800 et
1269 771 1447 800 menses

99 867 101 871 ·
157 838 316 884 nescio
353 844 485 895 quot.
513 836 664 892 Quem
693 845 942 874 numerum
976 830 1091 873 alter
1115 828 1178 872 ad
1205 828 1257 872 31
1277 862 1290 883 ‚
1332 829 1447 872 alter

85 923 90 939 2'
162 907 223 954 ad
247 907 306 951 32
327 922 471 951 3111105
482 918 702 950 revocare
721 902 892 962 potuit.
912 901 1165 946 Nominum
1186 899 1448 944 differentia

160 995 258 1024 non
293 978 522 1023 miranda.
558 978 675 1020 Nam
718 989 858 1033 quem
890 973 1214 1017 Eratosthenes
1248 973 1448 1031 appellat

119 1102 122 1103 ⁷
160 1050 411 1096 Athothem
434 1049 676 1093 secundum
693 1081 705 1102 ‚
725 1048 761 1090 is
778 1054 829 1089 ut
850 1060 875 1089 a
893 1046 1054 1104 priore
1074 1059 1182 1104 rege
1203 1043 1449 1109 distingue-

161 1131 306 1178 retur,
334 1135 596 1180 cognomen
616 1118 790 1162 habere
826 1116 1012 1171 debuit3
1040 1130 1301 1175 cognomen
1334 1130 1447 1159 vero

160 1194 305 1239 hocce
343 1201 440 1237 erat
475 1194 730 1244 Kencenes,
775 1188 1004 1247 siquidem
1043 1188 1317 1246 incorrupta
1355 1203 1448 1231 vox

99 1258 101 1263 ¹
162 1275 254 1321 est,
280 1280 432 1324 neque
451 1257 741 1308 'exarandum
763 1262 919 1320 potius
947 1275 956 1303 :
984 1259 1260 1303 ken-che-re
1294 1258 1451 1319 (Kon-

75 1323 88 1366 ·⁵
162 1335 356 1397 charis).
378 1361 442 1369 -
459 1338 641 1380 Nomen
652 1337 804 1393 quarti
822 1333 941 1391 regis
952 1331 1287 1374 Eratosthenici
1307 1330 1447 1390 (Mm-

75 1427 90 1439 ·’
164 1411 280 1463 bies‚·
309 1410 372 1453 sic
387 1410 509 1453 enim
528 1406 826 1451 scribendum
836 1420 925 1464 pro
941 1400 1138 1462 Διαὸιῆς,
1158 1403 1286 1462 quod
1304 1398 1446 1447 codd.

160 1480 396 1542 praebent)
424 1479 674 1539 respondet
693 1478 898 1522 Miebido
919 1492 956 1519 5.
981 1476 1188 1519 Miebaoe
1207 1476 1450 1519 Manetho-

156 1554 247 1598 nis.
285 1555 529 1598 Annorum
553 1552 736 1595 numeri
774 1549 962 1604 diversi,
981 1557 1099 1592 sunt.
1136 1547 1275 1591 Haud
1310 1547 1451 1596 dubie

165 1632 319 1669 autem
357 1623 669 1683 Eratosthenis
703 1622 811 1665 anni
849 1635 906 1679 19
941 1621 1085 1664 latent
1121 1620 1171 1662 in
1195 1619 1325 1662 annis
1359 1634 1448 1674 20,

47 1695 82 1710 ‘
165 1711 283 1755 quos
302 1695 521 1740 Manetho
547 1694 708 1737 tribuit
727 1693 825 1752 regi
851 1692 1016 1749 quinto
1053 1689 1342 1748 Usaphaido.
1363 1692 1451 1733 Ve-

161 1782 244 1811 rus
263 1780 486 1810 numerus
519 1764 658 1808 fuerit
694 1771 834 1822 19¹s2,
868 1763 1003 1813 sicuti
1042 1762 1168 1805 tertii
1201 1762 1322 1821 regis
1345 1761 1454 1804 anni

47 1822 91 1894 ’Ᾰῖῑῖ
167 1838 339 1883 fuerint
358 1837 416 1881 30
431 1845 498 1890 ¹l2·
516 1837 643 1893 Quos
656 1835 981 1879 Eratosthenes
1004 1835 1241 1883 revocavit
1257 1832 1315 1878 ad
1338 1848 1395 1892 19
1409 1841 1454 1876 et

44 1893 90 1971 ff
167 1909 227 1955 32
257 1909 342 1971 (Ξ
385 1905 733 1971 51),Manetho
767 1906 827 1951 ad
856 1922 914 1950 20
939 1916 985 1950 et
1007 1906 1061 1949 31
1094 1905 1187 1966 (=
1230 1905 1344 1966 51).
1389 1930 1448 1940 --

44 1998 54 2045 ².
166 1983 364 2040 Quintus
403 1997 485 2026 rex
535 1978 846 2024 Eratosthenis
887 1978 1165 2040 (Pemphos)
1203 1979 1455 2039 respondet

168 2063 333 2099 octavo
373 2054 664 2098 Manethonis
700 2051 1049 2115 (Semempses).
1088 2054 1206 2097 Nam
1235 2067 1455 2097 numerus

167 2142 400 2172 annorum
427 2126 552 2170 idem
571 2133 637 2170 est
660 2125 787 2186 apud
806 2134 1059 2183 utrumque
1075 2158 1087 2180 ,
1121 2138 1274 2182 neque
1297 2125 1453 2168 nomi-

168 2201 240 2243 nis
258 2209 324 2244 est
347 2215 448 2258 quae
471 2198 620 2242 videri
643 2197 787 2256 possit
805 2196 1057 2249 diversitas.
1082 2196 1198 2239 Nam
1215 2210 1304 2254 pro
1329 2197 1456 2240 Pem-

167 2272 286 2331 phos
300 2270 597 2314 scribendum
618 2283 710 2314 esse
730 2269 943 2326 Sempsos
970 2266 1109 2310 docet
1132 2268 1454 2324 interpretatio

50 2399 55 2406 ·
82 2351 88 2358 '
165 2344 393 2398 nominis3
416 2341 547 2401 quod
566 2356 712 2399 quum
727 2354 873 2399 graece
893 2353 1060 2382 sonare
1082 2337 1206 2381 dicat
1226 2333 1455 2399 Ἡρακλεί-

96 2471 98 2474 7
173 2415 261 2468 δης,
275 2415 408 2457 initio
418 2412 620 2456 nominis
633 2411 890 2469 requiritur
905 2410 1009 2454 Sem
1029 2408 1213 2470 (Chons‚
1242 2409 1426 2454 Chonsu
1439 2427 1455 2454 .·

96 2531 110 2543 ⁶
169 2480 442 2545 Hercules),
461 2484 593 2527 sicuti
610 2484 660 2526 111
681 2483 871 2526 nomine
893 2483 1014 2542 regis
1031 2481 1091 2525 26
1115 2494 1126 2527 ε
1147 2481 1456 2539 Semplzucra-

80 2554 96 2618 s
173 2565 259 2610 tes,
303 2552 330 2600 ὅ
362 2555 474 2600 ἐστιν
515 2552 736 2617 Ἡρακλῆς
764 2545 1076 2615 Ἁρᾶτοκράτης.
1114 2554 1329 2612 Denique
1367 2568 1456 2611 pro

89 2620 94 2630 ’
171 2628 395 2688 Semplzos
424 2627 594 2672 rectius
625 2627 760 2670 etiam
790 2627 1025 2684 scripseris
1057 2625 1287 2684 Sempsos,
1330 2625 1460 2683 quod

171 2700 533 2743 Manethoniano
571 2699 853 2758 Semempses
887 2697 1054 2741 eodem
1087 2697 1230 2740 modo
1265 2711 1460 2755 respon-

170 2771 328 2827 deret,
355 2786 449 2830 quo
471 2772 690 2830 Rampses
712 2769 965 2829 respondet
1001 2768 1180 2813 nomini
1202 2769 1455 2815 Ramesses.

173 2843 228 2890 V.
247 2843 516 2903 Jablonsky.
535 2858 608 2902 ap.
626 2843 812 2902 Vignol.
841 2842 1016 2886 Chron.
1038 2842 1085 2884 II
1100 2874 1112 2895 ‚
1132 2856 1181 2899 p.
1209 2839 1319 2899 739.

239 2915 379 2973 Quod
413 2916 576 2960 attinet
604 2915 896 2958 Manethonis
930 2927 1060 2972 reges
1104 2921 1218 2971 treS,
1260 2927 1462 2970 quorum

48 2970 74 3011 Ἠ
123 2995 126 2999 ’
173 2988 302 3032 1111113
321 2987 447 3047 apud
462 2987 815 3031 Eratosthenem
830 2986 1007 3028 mentio
1031 2982 1107 3038 fit,
1127 2999 1206 3028 eos
1223 2993 1302 3027 aut
1324 2985 1461 3028 simul

171 3074 283 3105 ’011111
298 3069 464 3118 quarto
477 3074 586 3119 rege
601 3058 915 3103 Eratosthenis
933 3071 1142 3117 regnasse
1157 3057 1292 3100 statui
1303 3058 1461 3115 possit,

175 3142 255 3178 aut
277 3132 384 3176 ideo
403 3148 429 3175 3
450 3132 734 3176 Manethone
764 3121 1153 3174 commemoratos
1177 3144 1293 3185 esse,
1316 3139 1370 3173 ut
1393 3129 1462 3173 di-

175 3218 315 3265 versae
357 3219 458 3262 quae
497 3196 643 3246 essent
681 3202 739 3245 de
772 3202 1041 3244 nominibus
1084 3202 1307 3258 annisque
1345 3202 1465 3260 regis

178 3275 332 3332 quarti
359 3274 632 3335 traditiones
654 3272 986 3318 indicarentur.
1019 3274 1086 3316 Ac
1104 3273 1336 3330 posterior
1359 3274 1465 3331 qui-

179 3346 287 3390 dem
321 3346 544 3390 sententia
578 3359 633 3388 eo
670 3343 965 3388 commendat
994 3358 1063 3398 50,
1107 3343 1236 3401 quod
1274 3345 1466 3401 1101111113

179 3419 300 3477 regis
322 3419 490 3476 quarti,
511 3418 662 3476 quinti
693 3425 739 3460 et
762 3416 912 3460 octavi
940 3413 1012 3475 (4.
1044 3414 1284 3474 Uenephes
1305 3431 1341 3462 5.
1369 3417 1465 3458 Va·

181 3488 412 3549 vetzeplzis3
432 3478 475 3534 5.
498 3487 738 3547 Usaplzaes
759 3502 798 3533 s.
819 3486 1130 3546 Usaphaidos,·
1156 3485 1198 3528 8.
1215 3486 1467 3531 Bieneches

181 3560 472 3622 [Bieneplzes
495 3575 551 3603 ex
573 3559 696 3603 facili
726 3559 1072 3618 permutatione
1097 3558 1185 3601 litt.
1213 3574 1242 3619 χ
1274 3567 1320 3601 et
1347 3557 1407 3620 φ]
1431 3574 1464 3603 5.

179 3632 398 3676 Bientlzes
414 3647 449 3678 s.
468 3633 514 3674 V
511 3626 686 3691 ibes-tes)
702 3630 884 3674 nonnisi
897 3630 1031 3674 variae
1045 3628 1248 3686 ejusdem
1268 3631 1468 3674 nominis

182 3704 343 3768 formae
376 3718 469 3748 esse
491 3703 735 3757 videntur3
761 3703 883 3746 inter
909 3715 1054 3761 regna
1088 3699 1283 3744 Miebidi
1312 3709 1467 3744 autem

183 3783 230 3819 et
250 3775 497 3819 Bieneches
519 3775 845 3834 cognationem
861 3771 1095 3831 quandam
1117 3770 1379 3814 traditionis
1395 3772 1469 3817 in-

186 3846 424 3891 tercedere
443 3847 552 3890 anni
573 3844 633 3889 26
648 3879 660 3899 ,
694 3846 776 3904 qui
798 3844 1038 3902 utriusque
1061 3857 1207 3903 regno
1238 3843 1465 3902 assignan-

185 3925 276 3972 tur,
300 3917 608 3962 subindicant.
630 3915 700 3961 Cf.
728 3915 866 3961 infra.

249 3991 411 4047 Itaque
447 3989 484 4032 si
502 3988 857 4047 chronologicas
894 3987 1096 4031 rationes
1116 3993 1308 4045 spectas,
1338 3966 1468 4028 ⁴Era-

187 4053 438 4097 tosthenica
461 4061 506 4097 et
552 4053 908 4097 Manethoniana
944 4049 1271 4110 componenda
1316 4049 1470 4093 forent

47 4146 64 4174 0,
123 4121 125 4124 ’
177 4138 284 4168 sic:

2695 231 2782 273 541

1534 361 1539 608 ἱ
1581 421 1807 459 ERATOST
1812 421 1843 459 H
1852 422 1988 460 ENES.

1731 519 1742 546 1
1759 534 1794 541 --
1810 520 1849 549 V.

2081 472 2408 512 MANETHONIS
2436 476 2690 514 DYNASTIA
2720 478 2749 513 1.

2061 680 2092 713 1.
2122 678 2269 714 Menes.
2709 684 2756 717 62

2085 780 2094 789 .
2123 751 2319 790 Athothis.
2712 758 2758 794 57

2084 853 2094 864 .
2126 827 2548 867 Athothis-Kenkenes.
2711 835 2754 869 31

1615 708 1624 716 .
1656 680 1799 717 Menes.

1617 787 1625 795 .
1655 754 1857 794 Athothes.

1655 831 1903 872 Athothesll.
1957 833 2005 867 32

2060 757 2078 790 2

2058 834 2078 867 3

1619 937 1625 944 .
1656 895 1832 946 Miabies.
2058 909 2095 942 5.
2124 903 2323 952 Usaphaes
2343 902 2386 951 (1.
2405 903 2636 953 Uenepnes).
2713 910 2755 944 21

2057 982 2095 1018 4.
2123 978 2328 1028 Uenephae
2615 985 2661 1019 23

2057 1060 2094 1094 6.
2126 1054 2296 1094 Miebaes
2319 1052 2572 1102 (Miebidos).
2616 1060 2663 1094 26

2058 1137 2093 1170 8.
2111 1130 2320 1170 Bieneches
2336 1129 2593 1179 (Bienephes).
2617 1136 2663 1170 26

2057 1210 2092 1246 7.
2123 1209 2384 1256 Semempsae.
2722 1212 2761 1246 18

1621 1246 1628 1256 ;
1658 1212 1852 1260 Sempsos.

1685 1333 1862 1370 Summa.
1897 1361 1905 1370 .

1591 1500 1714 1543 Num
1741 1500 1838 1557 ipse
1866 1497 2085 1541 Manetho
2121 1498 2180 1540 ita
2208 1512 2303 1540 rem
2352 1498 2642 1555 exposuerit,
2686 1513 2814 1542 sane-

1530 1586 1669 1629 quam
1699 1570 1865 1613 dubito
1887 1586 1898 1624 ;
1940 1570 2130 1627 ipseque
2154 1568 2406 1611 Bunsenius
2427 1567 2655 1611 dubitasse
2678 1569 2813 1613 vide-

1530 1651 1604 1685 tur
1637 1657 1687 1701 p.
1713 1641 1792 1701 37,
1816 1641 1899 1684 ubi
1926 1640 2062 1695 dicit,
2093 1639 2320 1698 siquidem
2347 1640 2554 1683 criticam
2574 1639 2632 1683 ad
2664 1641 2812 1684 histo-

1527 1716 1645 1758 riam
1666 1714 1870 1758 attulerit
1894 1722 2070 1769 auctor,
2096 1728 2194 1755 non
2214 1711 2304 1755 253
2336 1710 2429 1771 (vel
2448 1711 2586 1772 263),
2610 1712 2689 1756 sed
2726 1712 2813 1757 188

1530 1803 1675 1831 3111105
1696 1787 1858 1846 primae
1882 1785 2099 1844 dynastiae
2124 1783 2442 1843 assignandos,
2475 1784 2548 1827 vel
2590 1791 2710 1827 certe
2742 1785 2816 1828 al-

1529 1868 1678 1903 terum
1695 1873 1941 1902 numerum
1947 1857 2078 1915 juxta
2091 1857 2284 1900 alterum
2297 1855 2643 1899 memorandam
2663 1855 2816 1911 fuisse3

1531 1931 1697 1990 quodsi
1731 1946 1843 1974 vero
1872 1930 2008 1972 etiam
2033 1929 2167 1971 aliter
2204 1927 2419 1974 Manetho
2443 1929 2623 1987 egerit,.
2643 1927 2818 1970 fontem

1531 2012 1683 2048 tamen
1699 2037 1712 2060 ‚
1732 2002 1857 2047 unde
1877 2015 1956 2045 sua
1972 2000 2172 2059 scriptor
2191 1999 2417 2056 hauserit,
2443 2013 2498 2043 eo
2525 2013 2619 2058 quo
2642 1997 2818 2041 dictum

1531 2085 1596 2121 est
1618 2076 1762 2120 modo
1786 2090 1885 2119 rem
1908 2074 2102 2117 voluisse
2125 2073 2336 2132 intelligi.

1596 2149 1667 2191 De
1685 2148 1873 2206 singulis
1924 2145 2106 2202 regibus
2152 2159 2167 2185 .·
2199 2159 2240 2186 1.
2277 2144 2453 2186 Menes.
2497 2143 2678 2185 Nomen
2723 2141 2817 2198 ejus

1532 2216 1740 2281 (MeNA)
1768 2219 1936 2278 legitur
1962 2218 2011 2259 in
2029 2218 2277 2259 Ramasseo
2321 2214 2517 2257 Thebaeo
2534 2246 2546 2268 ‚
2576 2213 2657 2256 ubi
2687 2214 2819 2257 seriei

1532 2291 1717 2335 cuidam
1751 2305 1914 2350 regum
1961 2303 2134 2331 nomen
2155 2287 2298 2330 Menis
2320 2284 2575 2344 praefigitur
2609 2284 2687 2344 (V.
2718 2287 2809 2328 Ro-

1530 2364 1629 2409 sell.
1652 2365 1782 2408 Mon.
1810 2372 1916 2407 scor.
1946 2369 2060 2403 tom.
2090 2361 2135 2414 l,
2160 2374 2208 2417 p.
2242 2358 2329 2401 123
2362 2367 2406 2401 et
2434 2373 2481 2415 p.
2517 2357 2604 2400 136
2627 2357 2668 2417 ),
2697 2365 2741 2400 et
2772 2358 2821 2399 in

1532 2435 1788 2496 fragmento
1809 2433 2263 2492 PapyriTurinensis.
2290 2430 2358 2474 Cf.
2394 2428 2579 2475 Boeckh.
2611 2444 2656 2487 p.
2701 2428 2818 2483 208;

1532 2510 1729 2554 Bunsen.
1755 2509 1801 2550 II
1818 2541 1829 2560 ,
1853 2522 1902 2565 p.
1934 2504 2011 2558 45.
2042 2506 2224 2548 Nomen
2258 2501 2584 2546 deducendum
2623 2516 2648 2543 a
2673 2500 2817 2544 verbo

1534 2597 1647 2635 men,
1684 2581 1715 2626 i.
1734 2595 1775 2624 e.
1799 2579 2001 2631 condere,
2016 2577 2214 2635 firmare
2222 2589 2235 2628 ‚·
2257 2573 2577 2620 Eratosthenes
2595 2573 2821 2630 interpre-

1536 2663 1656 2697 tatur
1677 2667 1687 2696 t
1716 2649 1881 2703 αἰώνιος
1897 2685 1908 2706 ,
1931 2659 2139 2694 aeternus.
2161 2649 2230 2691 De
2254 2646 2421 2691 Graecis
2443 2645 2641 2687 nominis
2665 2644 2823 2687 formis

1533 2742 1578 2772 v,
1606 2741 1721 2784 quos
1740 2724 1899 2768 laudat
1919 2723 2066 2766 Baehr.
2099 2720 2157 2764 ad
2182 2718 2411 2763 Herodot.
2433 2718 2502 2773 II,
2525 2722 2571 2772 4,
2595 2732 2644 2775 p.
2673 2716 2783 2769 483.

1601 2797 1668 2843 De
1691 2799 1824 2841 Mene
1860 2793 2138 2853 Memphidis
2172 2790 2417 2835 conditore
2441 2789 2692 2847 templique
2731 2790 2823 2831 He-

1534 2871 1695 2930 phaesti
1739 2877 2024 2913 exstructor-e
2063 2865 2169 2909 vide
2203 2851 2437 2907 Herodot.
2474 2863 2548 2917 Il,
2576 2876 2660 2919 99,
2699 2860 2826 2918 cujus

1538 2943 1854 2987 narrationem
1877 2938 2102 2983 dilucidat
2129 2935 2394 2989 ssunsenius,
2422 2934 2500 2991 qui
2522 2935 2701 2976 Menem
2728 2934 2826 2990 pri-

1539 3030 1665 3065 mum
1686 3014 1793 3057 This
1819 3012 1948 3055 urbis
1970 3010 2252 3070 principem,
2279 3005 2447 3050 deinde
2472 3006 2611 3048 totius
2636 3004 2824 3064 AEgypti

1538 3101 1694 3145 regem
1713 3084 1847 3128 fuisse
1867 3084 2044 3136 statuit,
2071 3083 2134 3124 ita
2148 3089 2202 3123 ut
2213 3079 2319 3123 anni
2335 3078 2463 3136 regni
2480 3077 2709 3135 sexaginta
2729 3076 2823 3119 duo

1540 3158 1677 3200 etiam
1702 3171 1755 3199 ea
1782 3164 1992 3213 tempora
2028 3153 2196 3211 quibus
2218 3150 2402 3194 nonnisi
2421 3149 2579 3207 patriae
2611 3148 2825 3206 princeps

1539 3228 1694 3284 fuerit,
1715 3224 2331 3286 comprehendanhRegiam
2340 3236 2451 3264 vero
2471 3220 2709 3264 Menemin
2723 3220 2826 3262 This

1541 3300 1658 3343 urbe
1687 3299 1898 3342 habuisse
1911 3332 1922 3350 ‚
1949 3312 2093 3356 quum
2113 3294 2233 3339 filius
2250 3294 2436 3338 demum
2457 3292 2670 3335 Athothis
2690 3292 2825 3334 Mem—

1539 3370 1693 3429 phidis
1729 3368 1925 3430 βασίλεια
1953 3366 2238 3412 exstruxerit.
2273 3391 2336 3398 -
2373 3364 2494 3407 Num
2534 3361 2732 3418 denique·
2766 3361 2823 3404 ab

1540 3442 1879 3500 hippopotamo
1893 3441 2069 3499 primus
2079 3453 2159 3483 rex
2175 3437 2419 3482 devoratus
2434 3432 2520 3479 esse
2543 3441 2658 3477 recte
2670 3433 2825 3491 perhi-

1540 3513 1719 3570 beatur,
1747 3511 1951 3567 dubitat,
1975 3527 2119 3570 quum
2145 3511 2274 3568 signa
2295 3505 2638 3565 hieroglyphica
2666 3518 2826 3561 perpe-

1541 3599 1641 3628 ram
1657 3584 1881 3628 intellecta
1897 3598 2051 3627 ansam
2066 3580 2309 3626 traditioni
2326 3579 2433 3622 huic
2458 3576 2624 3620 dedisse
2640 3574 2826 3617 videan—

1544 3654 1708 3718 tur(v.
1744 3670 1852 3715 pag.
1889 3655 1980 3711 62,
2019 3655 2104 3699 ubi
2130 3654 2327 3697 aliorum
2363 3663 2546 3708 quoque
2581 3646 2634 3690 de
2656 3646 2741 3688 hac
2777 3660 2825 3688 re
2861 3698 2864 3702 1

1535 3729 1775 3785 vsententias
1790 3727 1963 3771 indicat
1974 3726 1988 3788 )
1999 3761 2009 3770 .

1610 3815 1654 3843 2.
1701 3798 1914 3843 Athothis
1946 3813 2116 3842 nomen
2142 3805 2247 3856 post
2271 3794 2439 3840 Menem
2473 3792 2577 3834 item
2605 3797 2824 3832 memorat

1541 3887 1746 3932 papyrus
1777 3871 2035 3915 Turinensis
2075 3867 2139 3929 (A
2170 3869 2266 3911 TeT
2288 3866 2358 3909 vel
2391 3859 2527 3922 TeT).
2567 3860 2823 3904 Restituen-

1545 3945 1657 3989 dum
1677 3943 1981 4002 probabiliter
2003 3940 2249 3985 Bunsenius
2268 3943 2410 3980 censet
2425 3932 2547 3991 apud
2567 3931 2731 3974 AElian.
2758 3930 2818 3974 H.

1546 4019 1604 4061 A.
1629 4017 1723 4070 XI,
1767 4020 1826 4068 4ο
1844 4049 1855 4070 ,
1881 4015 1964 4057 ubi
1992 4030 2002 4057 t
2030 4009 2158 4072 Λέγει
2179 4007 2222 4054 δὲ
2244 4010 2265 4052 ὁ
2287 4004 2408 4056 αὐτὸς
2435 4003 2517 4063 (se.
2544 3999 2722 4058 Ἀπίων)
2748 3998 2820 4043 καὶ

1549 4084 1662 4132 κατὰ
1685 4085 1756 4132 τὸν
1790 4084 1944 4132 Οἴνιδα
1967 4084 2023 4145 (l.
2053 4082 2149 4127 κατ’
2180 4076 2401 4134 Ἀτώθιδα)
2426 4073 2497 4119 τὸν
2524 4069 2707 4127 Μήνιδος
2739 4071 2818 4130 βα-

1549 4156 1768 4204 σιλεύοντα
1805 4150 2026 4220 δικέφαλοὺ
2054 4151 2228 4215 γέρανον
2259 4150 2467 4212 φανῆναι,
2504 4141 2575 4189 καὶ
2600 4142 2818 4196 eoem-“qam
