3002 4646
151 366 237 399 xlv

146 457 309 513 ἐπέστη
335 454 433 519 περὶ
455 457 530 512 τῆς
562 454 782 518 βασιλείας
802 454 1006 511 κίνδυνος,
1032 452 1103 500 διὰ
1125 453 1204 510 τὴν
1225 453 1331 519 πρὸς
1358 453 1440 499 αὖ-

145 530 218 576 τὸν
244 528 575 593 ἀλλοτριότητα.
645 529 747 575 Τῶν
777 526 861 591 γὰρ
898 526 1166 592 μισθοφόρων
1190 527 1254 579 τὶς
1279 525 1441 590 Ἀνδρί-

147 619 247 653 σκος
263 600 414 663 ὄνομα,
427 599 505 657 τήν
525 619 571 645 τε
591 600 642 663 (ι)
661 598 755 663 ὄψιν
774 599 847 645 καὶ
867 598 946 656 τὴν
967 598 1138 655 ἡλικίαν
1159 597 1310 658 ὁμοίαν
1333 595 1443 660 ἔχων

146 674 362 737 Φιλίππῳ
395 676 456 736 τῷ
496 671 695 735 Περσέως
720 673 825 736 υἱῷ,
864 670 912 717 τὸ
949 670 1025 733 μὲν
1053 673 1222 735 πρῶτον
1245 669 1327 716 ὑπὸ
1360 671 1442 715 τῶν

147 746 374 810 γνωρίμων
409 744 655 792 ἐσκώπτετο
671 782 684 806 ,
710 743 785 790 καὶ
814 742 1014 808 Περσέως
1038 743 1126 796 υἱὸς
1158 742 1417 788 ἀπεκαλεῖτο
1433 759 1442 768 ·

147 817 259 882 ταχὺ
285 818 327 865 δὲ
352 816 472 881 παρὰ
496 823 582 871 τοῖς
608 817 780 868 πολλοῖς
803 819 825 862 ὁ
857 814 979 878 λόγος
1010 814 1252 870 ἐπιστεύθη.
1284 815 1373 860 Τοῦ
1401 809 1444 858 δὲ

147 889 395 954 Ἀνδρίσκου
418 888 527 935 κατὰ
550 890 628 945 τὴν
650 891 734 934 τῶν
758 887 928 933 πολλῶν
947 885 1095 951 φήμην
1117 883 1444 946 ἀποτολμήσαν-

151 982 240 1020 τος,
272 961 346 1008 καὶ
375 960 434 1022 μὴ
473 959 600 1022 μόνον
637 958 786 1006 ἑαυτὸν
823 957 1024 1022 Περσέως
1065 956 1300 1021 φάσκοντος
1339 953 1444 1012 υἱὸν,

150 1034 263 1080 ἀλλὰ
287 1032 362 1080 καὶ
386 1031 583 1089 πλαστὴν
607 1030 770 1094 γένεσιν
797 1030 871 1077 καὶ
894 1029 1053 1095 τροφὴν
1077 1026 1440 1091 ἀποφαινομένου,

149 1106 222 1153 καὶ
246 1105 355 1168 μετὰ
376 1105 507 1170 ὄχλου
524 1103 827 1169 προσελθόντος
844 1105 904 1167 τῷ
925 1099 1162 1164 Δημητρίῳ
1178 1137 1191 1161 ‚
1212 1098 1286 1145 καὶ
1305 1116 1444 1162 παρα-

149 1180 380 1231 καλοῦντος
413 1177 540 1223 αὐτὸν
570 1176 830 1239 καταγαγεῖν
866 1177 923 1227 εἷς
959 1170 1235 1222 Μακεδονίαν
1260 1169 1330 1216 ἐπὶ
1367 1169 1444 1227 τὴν

151 1249 359 1315 πατρῴαν
384 1248 605 1314 βασιλείαν
623 1289 634 1307 ,
658 1248 706 1294 τὸ
732 1246 809 1309 μὲν
828 1249 996 1309 πρῶτον
1015 1248 1037 1291 ὃ
1054 1242 1301 1306 Δημήτριος
1318 1240 1443 1305 ἔσχεν

149 1327 207 1377 ὡς
223 1323 321 1387 περὶ
343 1322 472 1384 μόνου
486 1323 638 1384 (2),τοῧ
659 1320 702 1367 δὲ
719 1319 903 1376 πλήθους
921 1315 1227 1381 ἀθροισθέντος,
1247 1313 1322 1360 καὶ
1337 1315 1446 1361 πολ-

150 1398 236 1443 λῶν
261 1395 472 1458 λεγόντων
499 1396 583 1440 δεῖν
608 1392 635 1450 ἢ
657 1392 858 1454 κατάγειν
882 1390 951 1437 τὸν
975 1387 1217 1451 Ἀνδρίσκον
1242 1386 1269 1444 ἢ
1299 1406 1444 1452 παρα-

150 1472 307 1533 χωρεῖν
328 1471 403 1526 τῆς
423 1469 560 1531 ἀρχῆς
579 1466 650 1512 τὸν
668 1464 931 1528 Δημήτριον,
952 1464 988 1508 εἰ
1010 1460 1119 1522 μήτε
1140 1459 1317 1506 δύναται
1337 1459 1446 1522 μήτε

154 1541 353 1605 βούλεται
380 1538 634 1604 βασιλεύειν,
654 1537 851 1602 φοὸηθεὶς
873 1535 950 1592 τὴν
971 1537 1055 1580 τῶν
1080 1532 1222 1597 ὄχλων
1243 1530 1443 1590 ὀξύτητα,

151 1614 298 1668 νυκτὸς
315 1611 520 1660 συνέλαὸε
539 1611 608 1657 τὸν
632 1611 887 1674 Ἀνδρίσκον,
905 1607 979 1654 καὶ
1002 1608 1277 1670 παραχρῆμα
1296 1607 1353 1658 εἷς
1369 1604 1446 1662 τὴν

152 1685 333 1748 ‘Pilia-qv
359 1684 603 1742 ἀπέστειλε,
629 1685 847 1746 διασαφῶν
877 1679 931 1726 τὰ
955 1677 1167 1742 λεγόμενα
1192 1676 1292 1741 περὶ
1314 1678 1447 1724 αὐτοῦ

152 1762 206 1823 τῇ
234 1757 477 1823 συγκλήτῳ.

223 1830 332 1894 Περὶ
356 1831 484 1875 αὐτοῦ
511 1827 640 1874 πάλιν
663 1826 802 1879 ἄλλως
823 1828 850 1882 ἡ
878 1823 1070 1887 διήγησις
1090 1821 1166 1886 (3).
1195 1821 1449 1887 Δημητρίου

151 1907 224 1950 τοῦ
257 1900 466 1966 βασιλέως
497 1899 829 1964 ἀναπέμψαντος
847 1900 904 1951 εἷς
922 1897 999 1955 τὴν
1027 1895 1207 1958 Ῥώμην
1228 1895 1449 1942 νεανίσκον

151 1976 247 2022 τινὰ
273 1978 328 2027 ὡς
350 1972 550 2038 Περσέως
569 1972 674 2031 υἱὸν,
696 1971 830 2031 ὄνομα
849 1970 1110 2036 Ἀνδρίσκον,
1128 1973 1276 2016 τοῦτον
1295 1972 1322 2026 ἡ
1345 1968 1450 2032 σύγ-

153 2050 308 2105 κλητος
332 2049 461 2094 οἰκεῖν
493 2044 753 2111 προσέταξεν
781 2043 823 2091 ἔν
855 2064 935 2091 τινι
958 2043 1082 2090 πόλει
1117 2045 1201 2089 τῶν
1226 2041 1341 2089 κατὰ
1371 2041 1449 2099 τὴν

154 2120 363 2169 Ἰταλίαν.
436 2118 491 2167 ‘O
518 2119 561 2165 δὲ
586 2117 694 2181 μετά
718 2137 812 2164 τινα
835 2118 987 2181 χρόνον
1010 2115 1185 2181 διαδρὰς
1208 2117 1371 2180 ἀπῆρεν
1394 2117 1451 2168 εἷς

153 2191 367 2249 Μίλητον.
442 2189 518 2238 Ἐν
544 2191 678 2254 ταύτῃ
701 2189 745 2236 δὲ
767 2189 995 2255 ’διατρίὸων
1025 2189 1244 2252 λογοποιεῖ
1270 2187 1321 2252 (4)
1351 2188 1452 2253 περὶ

153 2268 326 2322 ἑαυτοῦ,
345 2262 549 2328 Περσέως
575 2262 722 2309 ἑαυτὸν
748 2262 1086 2325 ἀποφαινόμενος
1109 2261 1319 2327 ὑπάρχειν
1341 2259 1447 2309 υἱόν.

155 2338 274 2402 'Essa-r,
297 2337 340 2382 δὲ
363 2336 488 2382 αὐτὸν
506 2335 654 2392 νήπιον
674 2335 775 2382 ὄντα
798 2335 993 2382 δεδόσθαι
1015 2355 1076 2399 τῳ
1101 2334 1242 2399 Κρητὶ
1269 2335 1320 2396 (5)
1348 2333 1454 2397 πρὸς

154 2407 415 2474 ἀνατροφὴν,
440 2408 520 2454 ὑπὸ
545 2407 589 2454 δὲ
617 2413 689 2455 τοῦ
718 2407 887 2472 Κρητὸς
911 2410 1028 2473 αὐτῷ
1061 2406 1300 2454 πινακίδιον
1324 2425 1452 2453 κατε-

153 2481 467 2546 σφραγισμένον
497 2480 801 2538 ἀναδεδόσθαι,
832 2479 887 2527 δι’
915 2474 962 2529 οῧ
993 2480 1064 2528 τὸν
1095 2479 1269 2546 Περσέα
1295 2481 1450 2526 διασα-

155 2562 243 2620 φεῖν
271 2556 321 2618 (6)
350 2555 466 2619 αὐτῷ
496 2553 730 2619 θησαυροὺς
755 2547 864 2600 εἶναι
886 2554 1106 2616 κειμένους
1135 2553 1247 2601 δύω·
1272 2552 1345 2599 τὸν
1372 2553 1450 2616 μὲν

153 2624 226 2672 ἕνα
249 2628 290 2672 ἐν
334 2626 589 2690 Ἀμφιπόλει
622 2626 816 2687 κείμενον
845 2626 928 2674 ὑπὸ
962 2626 1040 2684 τὴν
1065 2628 1160 2674 ὁδὸν
1189 2628 1370 2690 ὀργυιῶν
1403 2625 1452 2672 τὸ

157 2698 282 2762 βάθος
302 2697 402 2745 ὄντα
426 2698 471 2761 ι’,
496 2698 648 2762 ἔχοντα
664 2699 708 2745 δὲ
728 2699 929 2764 ἀργυρίου
954 2699 1148 2746 τάλαντα
1175 2698 1266 2762 ρ4η’
1281 2717 1292 2728 ·
1312 2697 1384 2745 τὸν
1409 2697 1453 2744 δὲ

154 2769 296 2836 ἕτερον
322 2772 363 2816 ἐν
391 2771 690 2835 Θεσσαλονίκη
710 2809 723 2833 ,
744 2771 967 2818 τάλαντων
987 2771 1021 2819 ο’
1036 2810 1049 2833 ‚
1081 2771 1194 2818 κατὰ
1216 2768 1352 2833 μέσην
1376 2768 1454 2826 τὴν

158 2843 328 2907 ἐξέδραν
350 2842 427 2900 τὴν
453 2846 495 2890 ἐν
513 2847 574 2908 τῷ
598 2844 843 2907 περιστύλῳ
869 2843 983 2892 κατὰ
1005 2843 1083 2901 τὴν
1109 2843 1262 2900 αὐλήν.
1338 2844 1455 2890 Πολ-

158 2918 241 2962 λῶν
265 2916 309 2961 δὲ
329 2917 444 2979 αὐτῷ
474 2917 788 2981 προσεχόντων,
803 2910 930 2975 ἦλθεν
957 2920 978 2964 ὃ
1004 2916 1128 2980 λόγος
1152 2916 1223 2962 ἐπὶ
1251 2914 1349 2970 τοὺς
1374 2914 1454 2980 ἅρ-

158 3007 313 3053 χοντας
331 2990 415 3034 τῶν
443 2990 688 3047 Μιλησίων,
714 2989 754 3036 οἳ
779 2989 1065 3043 συλλαὸόντες
1086 2988 1214 3036 αὐτὸν
1242 2989 1300 3042 εἷς
1321 2990 1456 3053 φυλα-

159 3059 238 3118 κήν
265 3058 485 3108 ἀπέθεντο.
559 3060 646 3108 Καί
684 3081 809 3108 τινων
842 3060 1067 3125 πρέσὸεων
1099 3059 1456 3125 παρεπιδημούν-

160 3152 259 3190 των,
286 3130 638 3195 προσανήνεγκαν
663 3134 804 3187 αὐτοῖς
824 3133 874 3195 (7)
900 3132 1291 3195 συμὸουλευόμενοι
1310 3132 1352 3179 τί
1366 3131 1452 3196 χρὴ

802 346 886 394 ΕΚ
921 345 1051 393 ΤΗΣ
1087 343 1387 392 ΙΣΤΟΡΙΑΣ
1422 343 1739 392 ΔΙΟΔΩΡΟΥ
1776 340 2192 391 ΣΙΚΕΛΙΩΤΟΥ.

1521 458 1721 498 Demetrio
1755 457 1918 497 exstitit.
1975 455 2133 495 Etenim
2162 454 2264 494 inter
2301 455 2567 494 mercenarios
2610 454 2827 495 Andriscus

1520 544 1705 595 quidam,
1732 543 1920 594 quoniam
1950 543 2089 580 formae
2116 540 2286 591 speciem
2307 541 2348 580 et
2367 541 2526 580 aetatem
2550 541 2716 580 eandem
2747 543 2829 582 sere

1520 633 1690 672 habebat
1709 642 1801 670 cum
1823 629 2005 679 Philippo
2023 628 2152 668 Persei
2170 628 2275 678 filio,
2293 628 2467 679 primum
2484 629 2647 679 quidem
2668 639 2692 667 a
2715 628 2828 669 soda-

1520 720 1623 758 libus
1649 717 1730 767 j0ci
1749 726 1869 755 causa
1892 714 1997 754 filius
2022 714 2153 754 Persei
2169 714 2456 765 appellabatur,
2473 725 2566 754 mox
2582 725 2677 754 vero
2709 714 2828 755 fidem

1520 804 1651 843 verbis
1671 801 1887 842 multitudo
1908 801 2127 841 tribuebat.
2184 802 2235 841 Et
2251 801 2469 842 Andriscus
2485 812 2508 841 e
2526 802 2632 841 sama
2647 801 2829 852 populari

1519 901 1680 931 sumens
1695 889 1900 945 audaciam
1914 919 1925 939 ,
1950 900 2031 928 non
2051 889 2172 928 modo
2194 889 2353 929 dicebat
2368 900 2410 929 se
2435 889 2566 929 Persei
2593 888 2742 939 filium,
2759 887 2830 928 sed

1521 977 1639 1017 etiam
1660 977 1795 1015 fictam
1817 975 2013 1016 natalium
2030 976 2070 1015 et
2087 975 2334 1016 educationis
2353 975 2558 1015 historiam
2579 974 2828 1023 venditabat,

1520 1048 1568 1102 ac
1585 1062 1744 1102 tandem
1766 1062 1880 1113 plebe
1901 1064 2071 1114 stipatus
2100 1063 2152 1102 ad
2178 1062 2429 1102 Demetrium
2461 1060 2630 1110 accedit,
2658 1071 2831 1111 eumque

1521 1149 1705 1188 hortatur
1726 1148 1772 1188 ut
1805 1147 1846 1187 in
1877 1158 2041 1199 regnum
2065 1149 2280 1199 paternum
2307 1158 2349 1187 se
2371 1147 2548 1187 reducat.
2604 1147 2832 1187 Demetrius

1522 1234 1695 1284 primum
1713 1233 1875 1284 quidem
1890 1233 1945 1273 ita
1962 1233 2040 1284 egit
2068 1233 2183 1284 quasi
2199 1243 2292 1272 cum
2308 1215 2391 1273 solo
2407 1231 2600 1273 Andrisco
2621 1232 2742 1283 (cum
2755 1233 2829 1270 in-

1524 1317 1655 1367 sano)
1669 1317 1743 1358 sibi
1763 1327 1825 1357 res
1844 1318 1972 1368 esset;
1991 1318 2032 1357 at
2051 1316 2314 1357 concursante
2333 1315 2592 1356 multitudine
2607 1324 2680 1354 nec
2696 1313 2833 1364 paucis

1522 1400 1799 1441 dictitantibus
1818 1399 1964 1440 debere
1986 1400 2234 1440 Demetrium
2261 1399 2332 1438 aut
2355 1397 2547 1437 reducere
2568 1396 2830 1444 Andriscum,

1524 1488 1594 1526 aut
1611 1497 1732 1536 regno
1751 1496 1793 1525 se
1818 1484 2003 1525 abdicare
2018 1515 2030 1534 ,
2050 1483 2246 1534 siquidem
2265 1493 2396 1533 neque
2415 1482 2536 1522 vellet
2550 1492 2683 1532 neque
2702 1483 2835 1532 posset

1524 1581 1687 1622 regnare
1706 1587 1715 1610 :
1737 1570 1883 1610 timens
1895 1569 2020 1621 plebis
2038 1569 2402 1620 exasperationem,
2426 1568 2548 1607 noctu
2571 1567 2833 1618 comprehen.

1528 1668 1616 1697 sum
1643 1656 1881 1698 Andriscum
1911 1658 2080 1696 Romam
2115 1666 2284 1706 propere
2312 1654 2511 1705 ablegavit
2529 1654 2571 1693 et
2592 1664 2684 1704 quae
2705 1653 2757 1694 de
2784 1664 2834 1694 eo

1474 1777 1477 1779 .
1526 1744 1877 1785 circumferrentur
1889 1743 2044 1782 senatui
2060 1742 2259 1793 exposuit.

1577 1828 1647 1866 Est
1675 1826 1795 1866 etiam
1822 1826 1962 1865 eliade
1988 1837 2036 1865 eo
2074 1825 2261 1864 narratio.
2317 1824 2544 1864 Demetrius
2574 1828 2673 1872 rex‘,
2701 1823 2831 1872 aiunt,

1525 1915 1696 1952 Romam
1716 1911 1823 1951 misit
1836 1911 2025 1960 juvenem
2040 1910 2259 1962 quendam,
2277 1909 2404 1961 quise
2420 1909 2549 1950 Persei
2565 1908 2693 1948 filium
2716 1907 2827 1947 dice-

1527 1999 1610 2048 bat,
1629 1997 1868 2038 Andriscum
1890 1996 2064 2036 nomine.
2128 1996 2231 2049 Huic
2256 1995 2416 2035 senatus
2435 1994 2476 2034 in
2497 1994 2597 2033 urbe
2616 1993 2742 2034 ltaliae
2762 1993 2832 2033 ha—

1525 2083 1760 2133 bitationem
1777 2081 2002 2131 assignavit.
2061 2080 2140 2121 Sed
2161 2080 2378 2121 Andriscus
2403 2080 2608 2130 aliquanto
2628 2080 2717 2130 post
2742 2079 2836 2120 inde

1528 2169 1753 2221 profugiens
1788 2168 1971 2209 Miletum
2005 2167 2207 2218 profectus
2241 2165 2316 2205 est.
2372 2165 2431 2205 lbi
2472 2164 2618 2215 degens
2656 2165 2835 2204 fabulam

1529 2253 1667 2303 finxit,
1685 2263 1765 2303 qua
1785 2263 1827 2292 se
1848 2251 1980 2292 Persei
2002 2251 2131 2291 filium
2149 2250 2453 2290 demonstraret.
2509 2250 2704 2291 infantem
2720 2261 2764 2291 se
2779 2250 2835 2290 di·

1528 2340 1644 2380 cebat
1666 2339 1916 2379 educandum
1938 2337 2131 2378 traditum
2157 2338 2276 2378 fuisse
2291 2338 2470 2378 Cretensi
2489 2337 2662 2378 cuidam.
2717 2340 2836 2379 Hunc

1529 2420 1604 2460 sibi
1627 2420 1780 2461 dedisse
1806 2419 1987 2459 libellum
2011 2418 2264 2469 obsignatum
2278 2449 2290 2468 ‚
2317 2418 2354 2460 in
2378 2429 2460 2469 quo
2479 2420 2644 2458 Perseus
2658 2418 2835 2459 declara-

1507 2543 1515 2553 ,
1530 2502 1591 2541 ret
1605 2501 1706 2541 duos
1721 2499 1795 2541 sibi
1811 2500 2020 2541 thesauros
2034 2498 2195 2539 relictos
2210 2509 2294 2539 esse
2305 2528 2316 2549 ,
2333 2499 2506 2538 alterum
2520 2498 2746 2550 Amphipoli
2760 2494 2836 2538 snb

1529 2580 1636 2620 viam
1671 2579 1900 2629 conditum,
1928 2578 2066 2618 decem
2100 2577 2327 2629 orgyiarum
2352 2577 2623 2628 profunditate
2637 2607 2648 2627 ‚
2683 2574 2837 2628 argenti

1531 2660 1679 2700 talenta
1697 2660 1901 2699 continere
1916 2660 2078 2699 centum
2096 2657 2312 2709 nonaginta
2332 2659 2452 2708 oct0;
2472 2658 2643 2698 alterum
2663 2658 2835 2698 talento—

1530 2752 1622 2780 rum
1646 2740 1893 2791 septuaginta
1915 2750 1999 2779 esse
2021 2739 2309 2779 Thessalonicae
2326 2739 2366 2777 in
2394 2738 2522 2778 media
2544 2738 2714 2788 exedra,
2743 2748 2838 2790 quae

1531 2820 1572 2858 in
1583 2819 1687 2859 aulae
1701 2819 1902 2870 peristylio
1923 2818 2036 2858 foret.
2089 2818 2244 2865 Quibus
2258 2828 2383 2868 quum
2397 2828 2536 2857 aurem
2553 2817 2670 2858 multi
2685 2817 2836 2870 praebe-

1531 2901 1642 2950 rent,
1667 2879 1803 2939 sermo¹¹
1816 2899 1926 2939 venit
1945 2899 1995 2938 ad
2013 2899 2264 2949 magistratus
2283 2899 2528 2938 Milesiorum
2543 2929 2554 2948 ,
2573 2899 2644 2950 qui
2666 2899 2838 2959 prehen2

1532 2990 1622 3019 sum
1650 2978 1887 3019 Andriscum
1912 2978 1953 3018 in
1971 2978 2193 3018 custodiam
2218 2977 2425 3017 dederunt.
2479 2979 2530 3018 Et
2556 2989 2683 3029 quum
2718 2979 2834 3030 legati

1533 3058 1808 3109 advenissent,
1825 3058 1876 3097 ad
1893 3058 1967 3098 hos
1982 3069 2067 3097 rem
2084 3058 2313 3099 detulerunt
2333 3057 2588 3098 deliberaturi
2610 3059 2707 3109 quid
2727 3060 2834 3101 sactu

1535 3148 1637 3188 opus
1653 3138 1769 3177 esset.
1822 3136 1885 3176 11Ιί
1906 3148 2002 3176 vero
2018 3137 2192 3177 ridentes
2210 3126 2426 3186 dixerunt,
2447 3138 2493 3176 ut
2509 3126 2755 3178 dimitterent
2770 3139 2836 3179 ho·

162 3277 278 3316 vetut
298 3275 358 3316 ad
379 3286 546 3320 veram,
567 3277 834 3322 coeuntibus,
861 3281 1081 3318 contracto
1105 3280 1324 3323 exercitu,
1347 3279 1480 3318 totam
1498 3274 1791 3316 Macedoniam
1806 3277 1886 3315 aut
1907 3275 2131 3314 voluntate
2150 3275 2427 3315 incolentium
2453 3278 2535 3316 aut
2549 3279 2687 3317 armis
2713 3287 2835 3319 occu-

118 3361 121 3363 >
163 3337 303 3385 pavit.
323 3334 535 3374 Fabulam
551 3337 696 3374 autem
715 3336 846 3374 tatem
852 3335 1062 3385 finxerat.
1083 3339 1153 3377 Ex
1165 3337 1318 3387 pellice
1340 3347 1383 3375 se
1398 3338 1439 3375 et
1455 3337 1608 3374 Perseo
1628 3343 1723 3382 reqe
1738 3335 1905 3376 ortum,
1927 3331 2138 3371 traditum
2156 3331 2428 3372 educandum
2454 3335 2645 3374 Cretensi
2661 3335 2837 3375 cuidam

161 3404 270 3437 esse,
292 3395 343 3433 ut
359 3396 404 3432 in
423 3392 520 3431 betti
543 3403 666 3431 casus
679 3422 689 3440 ,
710 3393 822 3444 quod
839 3394 914 3433 itte
936 3405 1035 3434 cum
1059 3398 1258 3435 Romanis
1273 3396 1432 3445 yereret
1444 3422 1455 3442 ,
1473 3391 1650 3443 aliquod
1665 3391 1797 3431 veluti
1813 3401 1956 3430 semen
1971 3392 2099 3440 reqiae
2114 3391 2264 3440 stirpis
2279 3392 2485 3430 exstaret.
2510 3393 2658 3431 Perseo
2677 3392 2836 3432 demor-

168 3454 261 3496 tuo,
282 3450 554 3499 Adramyttei
575 3461 617 3488 se
634 3450 866 3490 educatum
882 3463 1014 3502 usque
1030 3453 1091 3492 ad
1115 3452 1416 3493 duodecimum
1432 3460 1595 3491 annum
1612 3450 1755 3489 aetatis
1768 3479 1779 3499 ‚
1795 3451 1966 3499 patrem
1981 3458 2079 3488 eum
2099 3458 2183 3487 esse
2199 3447 2439 3488 credentem
2451 3476 2463 3497 ,
2485 3459 2514 3488 a
2533 3459 2616 3500 quo
2634 3449 2837 3491 educare-

167 3512 254 3554 tur,
274 3510 476 3557 iqnarum
492 3507 805 3556 qenerissuz'sse
820 3511 901 3547 sui.
919 3509 1082 3558 Affeeto
1101 3510 1250 3549 deinde
1266 3521 1312 3549 eo
1324 3539 1335 3558 ,
1355 3519 1488 3561 quum
1503 3519 1634 3558 prope
1654 3507 1714 3547 ad
1729 3510 1829 3547 vitae
1839 3506 1974 3557 finem
1990 3507 2192 3546 ultimum
2209 3509 2336 3552 esset,
2357 3507 2566 3547 detectam
2586 3507 2758 3548 tandem
2775 3510 2836 3549 ibe·

164 3567 372 3616 oriqincm
393 3575 517 3604 suam
530 3590 543 3608 ,
558 3563 781 3615 falsoeque
797 3569 930 3605 matri
948 3568 1137 3607 libettum
1161 3567 1338 3612 datum,
1361 3570 1482 3616 siano
1500 3567 1644 3604 Persei
1668 3567 1777 3614 repis
1796 3566 2038 3613 siynatum,
2058 3575 2184 3614 quem
2198 3565 2279 3604 sibi
2300 3564 2515 3610 traderet,
2535 3575 2668 3616 quum
2681 3565 2740 3604 ad
2753 3577 2835 3616 pu-

167 3624 302 3663 berem
318 3626 491 3662 oetatem
509 3625 691 3662 venisset
705 3636 718 3662 .·
735 3623 1118 3676 obtestationesque
1133 3626 1315 3665 ultimas
1328 3625 1539 3674 adjectas,
1559 3626 1610 3663 ut
1626 3633 1694 3662 res
1716 3627 1762 3662 in
1781 3623 1946 3662 occulto
1961 3621 2023 3666 ad
2041 3621 2089 3662 id
2105 3625 2271 3673 tempus
2291 3625 2556 3662 servaretur.
2582 3621 2834 3666 Pubescente·

169 3681 362 3720 libellum
380 3680 621 3724 traditum,
641 3682 686 3719 in
711 3691 794 3731 quo
818 3682 960 3721 relicti
979 3683 1060 3720 sibi
1078 3683 1161 3721 duo
1183 3682 1381 3722 thesauri
1400 3694 1427 3722 a
1445 3685 1572 3733 patre
1594 3682 1857 3724 dicerentur.
1882 3682 1986 3720 Tum
2007 3682 2159 3720 scienti
2177 3681 2405 3721 mutierem
2426 3679 2649 3720 subditum
2663 3689 2707 3719 se
2722 3691 2832 3728 esse,

168 3750 312 3780 veram
334 3742 513 3789 stirpem
540 3741 759 3788 iqnoranti
780 3738 958 3778 edidisse
982 3751 1112 3789 qenus
1132 3755 1145 3780 :
1175 3744 1304 3791 atque
1325 3742 1604 3785 obtestatum,
1633 3743 1683 3780 ut
1702 3744 1826 3791 prius
1848 3749 1980 3791 quam
1998 3742 2202 3778 manaret
2227 3738 2289 3778 ad
2315 3742 2546 3779 Eumenem
2573 3747 2660 3784 res,
2687 3741 2836 3780 Perseo

168 3799 386 3836 inimicum
398 3826 409 3844 ,
427 3796 644 3836 excederet
660 3798 710 3835 iis
726 3796 826 3836 locis
841 3826 852 3845 ‚
875 3807 926 3836 ne
944 3798 1270 3844 interficeretur.
1292 3802 1351 3837 Eo
1368 3810 1411 3838 se
1430 3802 1708 3843 eaeterritum,
1728 3799 1857 3838 simul
1870 3800 2116 3848 sperantem
2133 3796 2312 3848 aliquod
2325 3807 2354 3836 a
2376 3798 2582 3836 Demetrio
2598 3795 2832 3845 auxilium,

170 3858 214 3894 in
236 3857 403 3904 Syriam
425 3865 467 3893 se
483 3854 715 3894 contulisse
733 3869 746 3894 :
768 3857 899 3905 atque
915 3855 971 3894 ibi
990 3858 1180 3904 primum
1199 3859 1294 3907 quis
1319 3859 1422 3896 esset
1437 3858 1587 3906 palam
1603 3865 1851 3905 expromere
1869 3863 2040 3894 ausum.
2058 3875 2109 3881 —-
2132 3857 2168 3893 1.
2192 3853 2279 3894 τήν
2302 3853 2367 3905 τε]
2386 3855 2454 3901 τὴν
2474 3853 2515 3893 δὲ
2539 3853 2628 3894 cod.
2649 3875 2702 3884 —-
2727 3859 2764 3895 2.
2783 3858 2837 3901 ὡς

171 3915 254 3964 περὶ
269 3911 411 3963 μόνου]
429 3912 682 3952 scribendum
696 3923 778 3952 esse
788 3915 883 3962 puto
896 3916 946 3958 ὡς
958 3918 1159 3963 περιμανῆ.
1171 3937 1223 3943 -
1236 3921 1273 3953 3.
1289 3915 1461 3953 Alteram
1471 3915 1572 3953 lianc
1588 3915 1870 3962 narrationem,
1880 3923 1959 3952 non
1971 3913 2022 3952 ab
2033 3913 2117 3963 ipso
2130 3911 2319 3961 Diodoro,
2329 3912 2396 3953 sed
2409 3913 2459 3952 ab
2471 3916 2702 3964 excerptore
2715 3913 2837 3965 priori

171 3972 422 4020 suannctam
442 3982 548 4020 esse,
566 3970 657 4010 inde
672 3973 781 4021 patet
794 4001 804 4020 ,
823 3971 928 4020 quod
946 3971 985 4009 in
1008 3972 1081 4009 hac
1107 3971 1282 4010 Andrisci
1301 3972 1502 4011 historiam
1520 3976 1659 4012 auctor
1676 3973 1928 4024 persequitur
1946 3983 2074 4023 usque
2095 3973 2144 4012 ad
2161 3975 2398 4013 annum149
2414 4001 2425 4020 ,
2443 3983 2524 4022 quo
2537 3973 2704 4014 Romani
2724 3984 2837 4013 arma

173 4032 309 4067 contra
327 4027 564 4068 Andriscum
593 4028 835 4067 Macedoniae
853 4029 1018 4067 urbibus
1043 4029 1211 4079 potitum
1235 4034 1459 4070 moverunt.
1480 4035 1563 4071 Hoc
1580 4033 1754 4072 alienum
1775 4042 1936 4082 prorsus
1949 4035 2035 4072 erat
2055 4041 2078 4071 a
2100 4031 2264 4071 historia
2283 4031 2474 4070 Demetrii
2491 4031 2653 4072 soteris.
2686 4034 2835 4072 Contra

178 4088 244 4125 vix
259 4087 424 4127 dubium
441 4088 501 4126 est
516 4086 613 4138 quin
628 4086 832 4135 Diodorus,
846 4089 1057 4137 postquam
1073 4088 1243 4137 priorem
1261 4088 1298 4126 in
1315 4088 1430 4127 rebus
1446 4089 1536 4127 anni
1557 4094 1625 4128 153
1645 4091 1956 4139 memoraverat,
1974 4089 2140 4128 alteram
2154 4087 2333 4127 attulerit
2349 4087 2400 4126 ad
2413 4098 2474 4127 res
2492 4087 2584 4126 anni
2607 4090 2676 4127 149
2688 4117 2700 4136 ,
2718 4087 2836 4127 sicuti

175 4145 309 4184 Livius
327 4155 488 4194 quoque
507 4145 557 4184 de
583 4143 702 4184 misso
727 4146 892 4183 Romam
915 4144 1104 4183 Andrisco
1119 4144 1169 4183 ad
1192 4156 1339 4184 annum
1367 4152 1436 4185 153
1454 4147 1532 4196 egit
1554 4147 1680 4194 (libro
1700 4150 1747 4187 47
1764 4148 1776 4196 )
1791 4175 1802 4194 ,
1823 4147 1988 4187 alteram
2014 4146 2174 4186 Diodori
2202 4145 2468 4185 narrationem
2498 4157 2549 4184 ex
2571 4145 2710 4185 eodem
2728 4146 2846 4185 sonte.

174 4203 352 4241 narravit
370 4202 408 4240 in
430 4202 548 4242 rebus
567 4202 659 4241 anni
682 4205 752 4242 149
771 4203 898 4251 (libro
915 4205 965 4242 49
979 4203 1007 4251 ).
1029 4203 1122 4241 llaec
1142 4204 1335 4253 posterior
1352 4207 1525 4244 narratio
1541 4207 1580 4244 in
1597 4206 1712 4245 editis
1730 4206 1890 4246 Diodori
1909 4206 2136 4246 collocanda
2148 4207 2207 4245 est
2223 4208 2310 4256 post
2323 4207 2485 4255 XXXlI,
2507 4210 2552 4245 15
2564 4235 2576 4255 ‚
2593 4206 2649 4244 uti
2663 4216 2715 4245 ex
2729 4215 2835 4245 com·

175 4262 314 4308 parata
338 4260 438 4299 Livii
452 4261 615 4310 epitom.
637 4263 685 4300 49
700 4260 913 4310 colligitur.
930 4282 982 4289 —
999 4264 1038 4300 4.
1065 4262 1114 4299 λο
1127 4274 1149 4310 γ
1160 4275 1216 4300 οπ
1227 4275 1247 4300 ο
1259 4276 1269 4300 ι
1280 4262 1343 4313 εῖ]
1363 4264 1422 4302 vel
1442 4265 1668 4314 ἐλογοποίει.
1688 4264 1825 4304 Codex
1845 4265 2077 4315 ελογοποίει.
2094 4289 2144 4297 -ι
2158 4269 2195 4303 5.
2212 4278 2268 4314 τῳ
2282 4266 2312 4303 Κ
2323 4277 2344 4315 ρ
2355 4263 2457 4314 ητὶ]
2474 4267 2531 4311 τῷ
2543 4268 2598 4314 τῷ
2616 4263 2702 4313 (sic)
2716 4265 2834 4314 Κρητὶ

174 4317 313 4356 codex.
333 4321 537 4359 Cretenses
553 4319 696 4359 milites
715 4321 876 4359 Perseus
891 4319 991 4369 fugae
1008 4320 1172 4360 comites
1188 4320 1335 4360 habuit.
1364 4324 1408 4359 V.
1433 4322 1590 4361 Diodor.
1613 4325 1736 4362 ΧΧΧΙ
1751 4352 1761 4371 ,
1782 4329 1885 4371 21,l.
1907 4348 1957 4356 -
1978 4329 2013 4363 6.
2035 4324 2114 4363 τὸν
2137 4323 2328 4374 Περσέα
2351 4323 2639 4372 διασαφεῖν]
2655 4323 2719 4362 τὸν
2742 4324 2833 4373 Περ-
