3016 4628
188 264 280 303 470

188 361 317 423 πέρας
338 360 460 424 ἔσχε·
489 359 582 407 τότε
604 359 687 424 γὰρ
715 350 825 407 εἷλον
851 362 889 407 οἱ
913 359 1105 419 Θηὸαῒοι
1134 359 1212 418 τὴν
1235 361 1437 410 Φωκίδα.

251 435 318 480 Cf.
349 436 534 480 Aristot.
569 435 705 481 Polit.
730 437 786 491 V,
818 434 863 491 3,
894 440 920 488 4
951 452 961 480 :
987 434 1077 482 Καὶ
1107 437 1150 482 ἐν
1186 436 1427 482 Φωκεῦσιν

186 504 419 569 ἐπικλήρου
445 505 636 558 στάσεως
659 504 886 568 γενομένης
907 505 1006 570 περὶ
1030 505 1234 553 Μνασέαν
1258 504 1328 551 τὸν
1352 504 1463 561 Μνή·

186 596 315 630 σωνος
366 577 555 642 πατέρα,
604 576 679 623 καὶ
732 578 986 641 Εὐθυκράτη
1046 576 1118 624 τὸν
1168 575 1445 641 Ὀνομάρχου
1461 611 1472 632 ,

184 654 210 706 ἡ
253 650 399 703 στάσις
437 648 685 715 αὕτη-ἀρχὴ
721 655 796 698 τοῦ
820 652 933 715 ἱεροῦ
956 650 1146 711 πολέμου
1178 647 1364 706 κατέστη
1391 654 1475 700 τοῖς

185 725 408 772 Φωκεῦσι.
432 726 582 769 Etiam
604 726 807 785 primum
827 726 1001 769 bellum
1024 740 1205 768 sacrum
1227 724 1288 767 ob
1310 723 1474 765 mulie-

183 813 282 841 rem
319 807 474 842 ortum
506 807 551 842 et
579 814 666 858 per
689 798 850 842 decem
879 799 988 841 item
1014 813 1158 841 annos
1181 805 1358 856 gestum
1382 809 1474 838 esse

183 881 431 915 narrarunt
453 872 765 929 (Callisthenes
782 887 857 930 ap.
879 872 1045 915 Athen.
1073 871 1103 915 l.
1126 869 1202 925 l.);
1223 878 1475 924 utrumque

183 944 342 989 fictum
369 960 461 989 esse
480 945 680 999 videtur,
704 960 755 988 ac
778 944 970 988 omnino
989 943 1159 986 mirum
1180 950 1405 1000 quantum
1426 941 1475 983 in

185 1016 412 1075 ejusmodi
452 1018 807 1062 narratiunculis
848 1017 993 1062 Graeci
1039 1015 1127 1058 sibi
1163 1013 1471 1058 indulserunt.

184 1090 398 1135 Ceterum
421 1091 511 1134 hoc
535 1092 635 1150 ipso
659 1091 764 1133 loco
790 1088 897 1148 (nisi
921 1089 1042 1132 forte
1066 1088 1115 1129 in
1138 1086 1259 1129 libro
1283 1088 1354 1129 De
1374 1093 1471 1128 tra-

185 1160 361 1223 goedia)
407 1163 546 1207 fusius
584 1164 723 1223 egisse
763 1163 902 1206 Duris
943 1160 1129 1204 videtur
1167 1158 1226 1202 de
1268 1158 1470 1212 Helena,

184 1250 316 1279 eausa
339 1236 448 1279 belli
474 1236 677 1293 Trojani.
702 1236 852 1292 Quare
873 1235 963 1276 huc
988 1232 1140 1275 refero
1160 1231 1397 1289 sequentia
1425 1245 1435 1273 ε

814 1335 854 1379 3.

249 1445 428 1488 Tzetzes
444 1444 502 1488 ad
521 1445 628 1502 Lyc.
661 1442 745 1486 103
767 1445 919 1488 ῑΔυοῑν
938 1441 1127 1486 πελειαῖν
1144 1438 1470 1503 ὠρφανισμένην

183 1515 325 1578 γονῆς]
347 1513 567 1579 Ὀρφανὴν
588 1513 661 1559 καὶ
687 1513 844 1577 ἔρημον
869 1505 998 1559 οὖσαν
1019 1510 1231 1574 (Ἑλένην)
1254 1515 1329 1568 τῆς
1347 1516 1472 1576 γονῆς

185 1589 267 1632 τῶν
287 1585 361 1633 δύο
383 1588 659 1651 περιστερῶν,
681 1586 774 1644 ἤτοι
793 1583 1058 1650 Ἰφιγενείας,
1079 1584 1130 1641 ἣν
1156 1585 1281 1647 ἔσχεν
1307 1585 1357 1630 ἐκ
1375 1587 1472 1642 Θη-

182 1658 310 1715 σέως,
339 1658 394 1713 ὥς
429 1677 534 1724 φησι
571 1662 723 1721 Δοῦρις
757 1661 778 1705 ὃ
809 1657 998 1720 Σάμιος,
1024 1656 1098 1703 καὶ
1130 1655 1386 1722 Ἑρμιόνης,
1416 1656 1470 1716 ἣν

182 1733 230 1779 ἐκ
269 1731 493 1779 Μενελάου
531 1738 674 1796 γεννᾷ.
715 1729 936 1787 Ἑπταετῆ
978 1728 1061 1794 γὰρ
1100 1729 1261 1787 ταύτην
1300 1729 1472 1796 Θησεὺς

180 1805 347 1867 πρῶτον
369 1803 567 1868 ἁρπάσας
587 1802 694 1865 μετὰ
725 1802 773 1849 τὸ
803 1808 938 1849 τεκεῖν
975 1801 1017 1857 ἐξ
1047 1803 1179 1860 αὐτῆς
1215 1801 1470 1867 Ἰφιγένειαν

183 1876 371 1941 ἀφῃρέθη
391 1876 537 1934 αὐτήν·
557 1875 749 1940 δεύτερον
773 1875 815 1921 δὲ
833 1879 854 1923 ὁ
869 1874 1138 1939 Ἀλέξανδρος
1153 1873 1340 1939 ἐντυχὼν
1361 1877 1470 1940 αὐτῇ

181 1950 299 2014 παρὰ
322 1950 392 1996 τὸν
417 1949 609 2013 αἰγιαλὸν
635 1948 788 2013 θυούσῃ
810 1947 962 1997 νεωστὶ
989 1955 1080 2002 ταῖς
1105 1948 1300 2013 Βάκχαις
1323 1948 1397 1995 καὶ
1417 1953 1470 2011 τῇ

178 2022 305 2084 Ἰνοῖ,
331 2023 530 2090 ἁρπάσας
563 2021 695 2080 αὐτὴν
728 2024 786 2076 εἷς
824 2021 1040 2084 Αἴγυπτον
1080 2020 1220 2088 ᾤχετο
1249 2022 1323 2070 καὶ
1361 2023 1470 2088 αὐτῇ

179 2095 435 2158 συνεγένετο.
595 2118 613 2140 ι

238 2169 313 2217 Id.
356 2170 469 2216 ibid.
518 2170 604 2223 143
649 2187 659 2214 :
706 2167 846 2216 Πέντε
885 2166 1046 2226 ταύτην
1095 2166 1263 2232 ἔγημαν
1301 2167 1471 2234 ἄνδρες·

178 2243 345 2305 πρῶτος
378 2239 547 2297 Θησεὺς
571 2244 756 2300 ἑπταετῆ
781 2239 940 2299 ταύτην
968 2240 1190 2307 ἁρπάσας,
1219 2241 1334 2289 καθά
1367 2261 1474 2308 φησι

178 2317 328 2379 Δοῦρις
369 2316 390 2361 ὁ
431 2313 620 2375 Σάμιος,
657 2316 897 2381 ἀφαιρεθεὶς
923 2311 967 2361 δὲ
999 2312 1132 2372 αὐτὴν
1169 2316 1211 2362 ἓν
1244 2317 1307 2380 τῷ
1337 2319 1472 2375 ἡττη-

178 2390 299 2444 θῆναι
326 2386 406 2434 ὑπὸ
431 2387 729 2441 Πολυδεύκους
751 2387 824 2435 καὶ
851 2386 1071 2452 Κάστορος
1090 2390 1175 2434 τῶν
1198 2388 1332 2446 αὐτῆς
1353 2389 1479 2437 ἀδελ·-

178 2462 265 2525 φῶν
303 2462 344 2506 ἐν
371 2459 581 2526 Ἀφίδναις
616 2459 826 2527 πολιχνίῳ
859 2462 944 2507 τῶν
984 2460 1168 2519 Ἀθηνῶν
1203 2460 1472 2523 γεννήσασαν

179 2531 442 2598 Ἰφιγένειαν,
466 2533 518 2591 ἢν
541 2533 794 2599 Ἰφιγένειαν
818 2534 892 2582 καὶ
913 2532 1038 2592 θετὴν
1062 2535 1201 2582 παῖδα
1221 2537 1248 2592 ἡ
1281 2536 1471 2583 Κλυται-

180 2605 372 2670 μνήστρα
398 2607 598 2657 ποιεῖται

173 2731 177 2734 ,
243 2681 309 2727 Cf.
335 2682 458 2725 idem
476 2682 539 2728 ib.
565 2681 689 2726 183.
715 2679 838 2734 Τινὲς
859 2680 902 2727 δὲ
923 2679 1000 2738 τὴν
1020 2680 1272 2747 Ἰφιγένειαν
1295 2679 1473 2742 ταύτην,

180 2770 235 2803 ως
259 2770 332 2797 και
353 2754 374 2797 ὃ
396 2755 560 2856 Δουριςζ
560 2788 572 2810 ,
593 2754 670 2799 οὐκ
694 2752 1006 2816 Ἀγαμέμνονος
1028 2752 1241 2819 θυγατέρα
1260 2755 1472 2818 λέγουσιν,

182 2822 293 2870 ἀλλὰ
313 2822 495 2881 Θησέως
520 2823 561 2879 ἐξ
585 2823 766 2883 Ἑλένης
789 2828 1116 2888 γεννηθεῖσαν,”
1100 2846 1183 2874 υπο
1210 2827 1253 2874 δὲ
1278 2829 1471 2876 Κλυται-

184 2895 401 2959 μνήστρας
429 2901 818 2961 θυγατροτεθεῖσαν.
838 2902 1014 2946 Eadem
1041 2902 1252 2947 Eudocia
1281 2901 1332 2962 p'.
1359 2907 1470 2955 241.

183 2970 365 3015 Tzetzes
391 2971 545 3014 denuo
566 2987 662 3016 rem
688 2973 821 3018 affert
843 2991 888 3018 v.
927 2973 1015 3019 531
1043 2985 1089 3019 et
1113 2973 1225 3020 851.
1251 2977 1323 3021 De
1343 2976 1474 3037 Iphi-

182 3043 315 3102 genia
347 3043 532 3087 Helenae
555 3044 587 3087 f.
611 3061 653 3089 ν.
681 3046 993 3104 Stesichorus,
1031 3049 1277 3108 Euphor-io
1305 3045 1382 3105 (fr.
1411 3048 1468 3093 61

183 3112 257 3159 ed.
278 3115 505 3175 Meinek.)
531 3124 573 3158 et
594 3118 855 3162 Alexander
875 3120 1151 3166 Pleuronius
1177 3137 1251 3180 ap.
1278 3122 1472 3167 Pausan.

182 3248 332 3289 bellum
353 3249 405 3289 ob
431 3251 546 3289 aliam
567 3252 771 3292 mulierem
794 3255 879 3293 viro
905 3255 1084 3304 junctam
1099 3287 1108 3305 ,
1129 3258 1176 3295 ut
1203 3257 1258 3296 ait
1277 3257 1396 3296 Duris
1411 3268 1470 3297 se·

115 3323 119 3326 ·
185 3315 315 3354 cundo
345 3315 605 3355 Historiarum
637 3317 761 3367 libro,
786 3319 1012 3358 Thebanam
1032 3332 1199 3371 genere,
1227 3321 1293 3360 cui
1323 3333 1470 3362 nomen

185 3378 343 3419 Theano
361 3379 434 3418 suit
448 3409 459 3428 ‚
479 3381 628 3428 raptam
646 3391 668 3418 a
686 3381 872 3422 Phocensi
892 3384 1078 3433 quodam.
1098 3386 1319 3426 Decennale
1337 3388 1470 3426 autem

184 3455 307 3495 quum
324 3444 401 3483 hoc
417 3456 576 3495 quoque
593 3446 725 3485 suisset
737 3447 883 3486 bellum
897 3478 908 3497 ‚
926 3449 1079 3488 decimo
1099 3450 1258 3490 tandem
1274 3462 1379 3490 anno
1405 3451 1471 3490 ad·

181 3509 315 3558 jutore
341 3508 517 3559 Philippo
539 3510 759 3549 conlectum
781 3512 839 3550 est
858 3527 867 3550 ι
891 3512 985 3551 tunc
1006 3514 1110 3553 enim
1133 3514 1344 3556 Phocidem
1365 3515 1470 3556 The·

183 3573 275 3616 bani
298 3576 498 3625 ceperunt.

808 3631 848 3669 3.

240 3704 436 3743 Duarum
451 3701 746 3742 columbarum
766 3704 914 3743 orbam
940 3707 1096 3759 sobole]
1117 3710 1307 3750 Helenam
1333 3710 1471 3751 orbam

185 3766 223 3804 et
243 3764 437 3815 privatam
453 3764 588 3804 sobole
606 3764 783 3804 duarum.
804 3767 1078 3808 columbarum
1106 3771 1182 3820 ait,
1207 3773 1246 3811 id
1266 3774 1347 3823 est,
1366 3774 1469 3824 lphi-

184 3828 295 3878 genia
307 3858 317 3877 ‚
339 3837 461 3878 quam
478 3827 629 3866 'l'heseo
648 3831 901 3878 pepererant,
923 3832 968 3869 ut
986 3832 1100 3870 Duris
1119 3835 1272 3874 Samius
1286 3837 1470 3886 testatur,

184 3893 224 3930 et
247 3891 480 3940 Hermione,
501 3901 619 3940 quam
636 3901 659 3930 e
689 3891 867 3930 Menelao
885 3897 1128 3942 conceperat.
1160 3898 1337 3938 Primum
1365 3900 1468 3939 enim

185 3956 295 4004 rapta
314 3954 460 3994 Helena
473 3956 533 3993 est
556 3955 705 4004 septem
725 3964 848 3993 annos
863 3958 955 3994 nata
976 3966 999 3994 a
1014 3957 1163 3997 Theseo
1179 3990 1189 4009 ,
1211 3962 1273 4000 cui
1290 3963 1473 4013 adempta

184 4020 243 4057 est
263 4020 471 4068 postquam
500 4018 739 4068 Iphigeniam
772 4018 806 4057 ei
827 4021 1042 4069 pepererat.
1076 4022 1225 4063 Deinde
1255 4026 1474 4066 Alexander

185 4082 481 4133 deprehendens
501 4094 590 4123 eam
610 4083 648 4123 in
670 4083 784 4123 litore
801 4084 1029 4124 Bacchabus
1047 4087 1086 4124 et
1112 4089 1222 4127 Inoni
1239 4091 1464 4132 sacrifican-

184 4148 265 4187 tem
279 4177 290 4196 ,
307 4147 436 4198 rapuit
466 4150 505 4188 et
524 4148 563 4187 in
590 4150 803 4199 AEgyptum
822 4148 989 4189 abduxit
1009 4161 1099 4190 cum
1117 4161 1241 4202 eaque
1256 4158 1471 4196 consuevit.

238 4212 421 4262 Quinque
451 4213 638 4253 Helenam
665 4225 830 4254 uxorem
852 4214 1075 4256 habuerunt
1094 4217 1180 4257 viri.
1204 4218 1356 4259 Primus
1377 4221 1473 4261 The-

191 4283 279 4314 seus
293 4279 519 4326 septennem
554 4279 704 4327 rapuit,
738 4280 779 4316 ut
811 4279 928 4318 Duris
965 4279 1119 4319 Samius
1151 4281 1225 4329 ait;
1260 4282 1349 4321 huic
1385 4295 1475 4323 vero

1264 253 1521 302 DURIDIS
1555 252 1730 302 SAMH

1552 363 1616 420 ΙΙ,
1636 377 1714 417 22,
1738 377 1761 418 7
1782 375 1795 420 3
1817 362 1970 419 Etym.
1989 354 2051 405 M.
2071 375 2116 404 v.
2134 356 2272 421 Ἴφις,
2289 361 2514 406 Antonin.
2532 361 2736 408 Libet-al.
2766 377 2848 421 27,

1554 434 1715 492 ibique
1754 434 1978 491 interprr.
2009 433 2069 478 cl.
2087 431 2309 480 Munker.
2335 432 2411 477 ·ad
2450 433 2624 494 Hygia.
2645 450 2694 494 p.
2733 435 2846 495 1313

1551 505 1800 564 Spanhem.
1823 503 2310 550 inCallim.H.inDel.
2337 519 2450 564 292.
2470 506 2544 550 De
2565 507 2743 552 Helena
2759 505 2849 567 (ce-

1549 574 1688 638 λήνῃ)
1707 584 1883 634 septem
1907 589 2053 618 annos
2074 583 2182 619 nata
2206 575 2266 620 cf.
2286 577 2466 622 Hellan.
2492 577 2551 622 fr.
2583 582 2660 635 74.
2677 580 2770 624 Res
2791 594 2848 624 ex

1549 647 1883 707 significatione
1902 647 2157 706 symbolica
2171 681 2184 704 ‚
2211 664 2314 708 quae
2333 650 2488 694 subest
2506 649 2689 709 fabulae,
2705 651 2849 712 expli·

1551 720 1714 764 canda.

1616 792 1768 837 Schol.
1797 793 1938 837 Hom.
1964 791 2020 835 ΙΙ.
2045 791 2088 838 T
2088 826 2108 848 ,-
2127 791 2217 849 327
2242 788 2466 841 εἝστιδὲ
2478 791 2852 858 (Νεοπτόλεμος),

1550 858 1606 914 ὥς
1625 879 1760 918 τινες,
1775 859 1816 915 ἐξ
1833 859 2089 923 Ἰφιγενείας
2103 880 2112 890 ·
2134 861 2240 928 φησὶ
2257 861 2342 928 γὰρ
2361 867 2531 928 Δοῦρις,
2551 863 2618 912 ὅτι
2633 867 2850 913 κλαπεῖσα

1550 936 1609 987 εἰς
1645 936 1814 998 Σκῦρον
1854 931 2021 992 ἐξετέθη
2046 933 2117 981 ὑπ’
2158 936 2287 983 αὐτοῦ
2325 936 2633 1002 (Ἀχιλλέως).
2674 940 2850 986 Eadem

1552 1009 1760 1052 Eustath.
1790 1009 1821 1053 l.
1844 1009 1875 1054 l.

1614 1160 1862 1204 Athenaeus
1884 1161 1963 1215 IV,
1985 1177 2034 1220 p.
2069 1159 2175 1217 155,
2200 1162 2235 1206 C
2261 1176 2272 1208 :
2299 1163 2454 1225 Δοῦρις
2485 1162 2667 1226 ἱστορεῖ,
2687 1159 2753 1209 ὅτι
2775 1138 2852 1210 καὶ
2920 1145 2941 1188 Ἰ
2978 1162 2983 1174 ²

1549 1229 1795 1289 Φίλιππος,
1812 1233 1836 1277 ὃ
1850 1234 1924 1277 τοῦ
1942 1229 2218 1295 Ἀλεξάνδρου
2238 1231 2384 1297 πατὴρ
2395 1269 2408 1291 ,
2425 1232 2633 1298 ποτήριον
2649 1239 2853 1299 χρυσοῦν,
2979 1243 2983 1246 ⁴

1547 1301 1678 1360 ὁλκὴν
1712 1302 1816 1367 ἄγον
1854 1301 2122 1360 πεντήκοντα
2159 1302 2359 1367 δραχμὰς
2373 1341 2408 1371 ,κ
2419 1305 2705 1367 κεκτημένος,
2727 1312 2870 1356 τοῦτο’
2933 1301 2940 1355 J
2980 1308 2986 1388 Ξ

1549 1374 1769 1436 ἐλάμὸανε
1790 1374 2057 1438 κοιμώμενος
2079 1375 2146 1423 ἀεὶ
2167 1375 2241 1424 καὶ
2262 1375 2371 1442 πρὸς
2392 1376 2586 1442 κεφαλὴν
2613 1381 2746 1427 αὑτοῦ
2770 1399 2853 1428 κα·

1547 1447 1751 1497 τετίθετο.

1586 1522 1750 1573 ,Idem
1786 1524 1879 1583 Vl,
1914 1539 1966 1584 p.
1996 1523 2110 1579 231,
2138 1525 2174 1569 Β
2211 1539 2222 1568 :
2257 1520 2447 1576 Σπάνιος
2468 1520 2552 1587 γὰρ
2577 1522 2708 1578 ὄντως
2731 1517 2858 1588 {vste

1546 1592 1733 1640 παλαιὸν
1757 1592 1879 1658 παρὰ
1898 1594 1986 1648 τοῖς
2007 1591 2226 1672 ’ΝΕλλησιν
2250 1597 2273 1642 ὁ
2297 1594 2378 1657 μὲν
2415 1595 2574 1660 χρυσὸς
2605 1595 2680 1644 καὶ
2713 1595 2852 1658 πάνυ,

1548 1671 1570 1715 ὃ
1596 1669 1633 1716 δ’
1657 1668 1838 1735 ἄργυρος
1869 1663 2062 1732 ὅλίγοςῗ
2033 1689 2086 1728 ην
2117 1672 2140 1716 ὁ
2178 1671 2222 1717 ἐν
2260 1670 2347 1723 τοῖς
2386 1671 2631 1732 μετάλλοις.
2667 1670 2752 1720 Διὸ..
2761 1637 2854 1723 xuni

1549 1742 1777 1790 Φίλιππον
1799 1741 1875 1789 τὸν
1902 1746 1978 1789 τοῦ
2007 1741 2198 1806 μεγάλου
2226 1741 2439 1807 βασιλέως
2462 1735 2748 1812 Ἀλεξάνᾷᾒοιν
2759 1757 2839 1791 πα-

1546 1813 1649 1880 τέρα
1674 1815 1797 1904 φησὶν
1800 1817 1952 1880 Δοῦρις
1969 1817 1991 1861 ὃ
2009 1815 2176 1878 Σάμιος
2194 1806 2364 1880 φὶάλιον
2382 1819 2570 1887 χρυσοῦν
2588 1806 2852 1879 κεκτημένον
2931 1866 2934 1867 a

1548 1885 1616 1933 ἀεὶ
1637 1886 1752 1934 τουτ’
1773 1885 1888 1950 ἔχειν
1913 1885 2107 1950 κείμενον
2137 1885 2222 1934 ὑπὸ
2241 1905 2316 1935 του
2336 1883 2701 1954 προσκεφαλαίου.
2730 1893 2852 1937 Hinc
2878 1935 2883 1940 .
2939 1879 2941 1883 Ι

1547 1977 1627 2008 sua
1646 1962 1853 2009 Eustath.
1877 1963 2018 2010 Hom.
2045 1963 2102 2010 11
2129 1977 2180 2023 p.
2212 1962 2418 2020 868,17
2444 1962 2520 2007 ed.
2549 1964 2611 2008 R.
2641 1965 2754 2022 Quae
2781 1979 2850 2010 se-

1549 2043 1758 2094 quuntur
1799 2050 1881 2095 ap.
1919 2035 2092 2082 Athen.
2136 2051 2185 2082 v.
2219 2036 2271 2079 in
2307 2034 2548 2081 Herodori
2576 2035 2633 2081 fr.
2674 2034 2754 2084 53.
2778 2035 2849 2081 Cf.

1548 2107 1724 2151 Plinius
1747 2109 1807 2151 H.
1828 2109 1888 2153 N.
1910 2108 2152 2164 XXXIII,
2179 2111 2236 2160 14
2263 2122 2276 2152 ·.
2301 2107 2511 2152 Summoe
2529 2109 2660 2168 apud
2677 2117 2854 2153 exteros

1550 2183 1754 2225 l1‘centioe
1762 2178 1948 2238 fuerat,
1977 2182 2145 2241 poculo
2167 2196 2308 2226 aureo
2322 2183 2529 2241 pulvinis
2541 2182 2721 2227 subdito
2737 2181 2850 2226 Plu·-

1550 2257 1732 2316 lippum·
1761 2269 1917 2314 regem
1951 2256 2155 2300 dormire
2191 2256 2394 2299 solitum.
2420 2279 2487 2290 —
2509 2255 2685 2300 Petitus
2721 2255 2853 2300 loeus
2916 2247 2945 2297 ςῖ

1550 2344 1607 2373 ex
1631 2329 1899 2373 narratione
1923 2326 1983 2372 de
2008 2327 2202 2388 direptis
2229 2327 2454 2372 thesauris
2483 2326 2579 2372 fani
2613 2326 2849 2388 Delphici.

1550 2397 1678 2447 Μετὰ
1702 2397 1747 2445 δὲ
1773 2396 1852 2457 τὴν
1887 2401 2066 2464 Δελφῶν
2100 2398 2184 2445 ὑπὸ
2208 2397 2404 2447 Φωκέων
2430 2397 2678 2464 κατάληψιν
2705 2398 2848 2446 πάντα
2909 2415 2942 2448 ἴ*

1549 2471 1604 2520 τὰ
1626 2476 1803 2519 τοιαῦτα
1829 2471 2053 2537 δαψίλειαν
2074 2471 2268 2537 εἴληφεν,
2296 2473 2464 2519 Athen.
2489 2473 2523 2517 l.
2550 2473 2583 2518 l.

1855 2581 1899 2630 5.
1927 2582 2016 2643 (Ol.
2050 2588 2241 2641 107,.4.
2262 2599 2305 2631 a.
2330 2583 2382 2629 C.
2413 2582 2540 2644 349.)
2578 2616 2580 2618 -

1616 2687 1862 2731 Athenaeus
1900 2687 2023 2745 XII,
2051 2701 2101 2746 p.
2139 2684 2260 2743 532,
2298 2687 2340 2730 D
2366 2701 2377 2730 :
2401 2682 2482 2731 Ἐν
2506 2681 2551 2730 δὲ
2583 2686 2646 2747 τῷ
2668 2685 2850 2749 ἐπιγραε·

1550 2756 1724 2822 φομένῳ
1763 2760 1838 2803 τοῦ
1875 2756 2143 2818 Θεοπόμπου
2183 2755 2492 2821 συγγράμματι
2531 2755 2650 2821 Περὶ,
2679 2757 2765 2803 τῶν
2802 2757 2852 2804 ἐκ

1549 2831 1727 2895 Δελφῶν
1766 2828 2032 2887 συληθέντων
2069 2828 2308 2894 χρημάτων
2345 2851 2365 2872 «
2404 2828 2577 2892 Χάρητι
2621 2827 2755 2894 (φησὶ)
2786 2830 2849 2895 τῷ

1549 2902 1759 2968 Ἀθηναίῳ
1797 2900 1868 2949 διὰ
1908 2902 2161 2967 Λυσάνδρου
2196 2903 2391 2949 τάλαντα
2430 2900 2661 2958 ἑξήκοντα·
2689 2902 2764 2962 ἀφ’
2787 2893 2846 2947 ὧν

1548 2974 1780 3022 ἐδείπνισεν
1801 2973 2044 3032 Ἀθηναίους
2073 2975 2116 3021 ἐν
2153 2976 2208 3037 τῇ
2239 2975 2376 3038 ἀγορα
2412 2972 2544 3026 θύσας
2565 2971 2621 3019 τὰ
2659 2972 2847 3019 ἐπινίκια

1548 3050 1623 3103 τ’ῆς
1663 3045 1894 3109 γενομένης
1919 3045 2066 3110 μάχῆς
2104 3045 2221 3110 πρὸς
2231 3065 2328 3099 τους
2366 3044 2596 3093 Φιλίππου
2634 3042 2837 3102 ξένους·

1549 3122 1610 3165 ων
1625 3121 1771 3182 ἡγεῖτο
1789 3117 1866 3179 μὲν
1882 3117 2072 3177 Ἀδαιος,
2089 3114 2354 3182 Ἀλεκτρυὼν
2370 3116 2730 3179 ἐπικαλούμενος,
2747 3135 2801 3163 πε
2784 3135 2847 3180 ρ..ι

1545 3257 1731 3306 adempta
1749 3257 1807 3296 est
1822 3257 1980 3296 devicto
1995 3268 2017 3295 a
2038 3256 2225 3296 tratribus
2242 3255 2418 3304 Helenae,
2440 3255 2598 3295 Polluce
2607 3255 2648 3295 et
2657 3256 2838 3303 castore,

1545 3321 1586 3360 in
1598 3320 1788 3371 Aphidnis
1803 3320 2100 3361 Atheniensium
2117 3319 2262 3370 oppido
2274 3350 2285 3369 ,
2302 3322 2514 3370 postquam
2549 3319 2700 3359 Theseo
2725 3329 2846 3370 pepe-

1545 3388 1651 3426 rerat
1671 3386 1910 3437 Iphigeniam
1922 3386 2391 3437 ,quamClytremnestra
2413 3396 2486 3435 pro
2504 3385 2584 3425 lilia
2607 3382 2824 3436 adoptavit.

1597 3451 1880 3501 Neoptolemus
1899 3450 2119 3504 secundum
2142 3450 2356 3490 nonnullos
2375 3449 2478 3490 filius
2500 3450 2586 3489 erat
2604 3449 2816 3501 lphigeuiae
2830 3477 2843 3500 ‚

1545 3526 1667 3567 quam
1688 3515 1886 3555 Achilleus
1905 3515 2007 3555 clam
2027 3515 2069 3554 in
2085 3517 2252 3565 Scyrum
2271 3514 2440 3554 insulam
2463 3512 2699 3554 abduxerat.

2175 3596 2220 3636 4.

1599 3687 1716 3727 Duris
1730 3686 1852 3726 tradit
1870 3685 2093 3736 Philippum
2106 3683 2317 3725 Alexandri
2330 3685 2499 3734 patrem,
2513 3683 2858 3734 quum-poculum·
2902 3708 2905 3712 ·

1548 3752 1712 3792 haberet
1738 3751 2025 3802 quinquaginta
2045 3751 2328 3790 drachmarum
2357 3749 2559 3800 pondere,
2586 3749 2775 3800 poculum
2795 3747 2845 3788 il·
2871 3785 2877 3796 ,

1546 3816 1630 3864 lud,
1643 3816 1799 3866 quoties
1815 3814 2094 3866 cubitumiret‚
2111 3825 2247 3855 secum
2263 3815 2470 3880 sumptum
2485 3813 2560 3853 sub
2575 3812 2761 3854 cervicali
2771 3821 2856 3853 suo
2858 3803 2868 3810 “

1547 3881 1596 3920 de
1599 3879 1786 3932 posuisse.

1598 4032 1900 4081 Theopompus,
1933 4028 1974 4068 in
1999 4027 2267 4071 Historiarum
2296 4027 2398 4067 libro
2428 4025 2498 4077 qui
2532 4024 2762 4067 inscribitur
2785 4025 2846 4065 De

1549 4088 1757 4145 compilata
1776 4104 1827 4133 ex
1849 4092 2035 4143 Delphico
2064 4092 2215 4142 templo
2243 4090 2411 4142 pecunia
2443 4106 2454 4131 e
2493 4104 2512 4123 κ
2554 4088 2737 4138 Chareti,
2764 4088 2842 4136 ait,
2864 4101 2877 4126 ι4

1551 4159 1775 4200 Atheniensi
1791 4157 1885 4210 [per
1895 4156 2157 4208 Lysandrum]
2175 4157 2323 4196 talenta
2331 4155 2532 4205 sexaginta
2546 4166 2555 4194 :
2571 4165 2651 4205 qua
2662 4165 2713 4194 ex
2728 4163 2843 4205 pecu·
2862 4207 2863 4210 Ἰ

1549 4224 1613 4262 nia
1628 4223 1789 4274 epulum
1803 4222 1973 4272 praebuit
1992 4220 2296 4262 Atheniensibus
2312 4219 2353 4260 in
2365 4222 2466 4268 ior0,
2483 4217 2712 4259 solennibus
2722 4216 2842 4257 sacris
2864 4262 2869 4277 Ι

1550 4286 1660 4326 sactis
1680 4297 1750 4336 pro
1767 4284 1932 4325 victoria
1948 4286 2061 4336 parta
2079 4285 2118 4324 in
2143 4294 2271 4335 pugna
2289 4282 2477 4322 adversus
2501 4280 2668 4331 Philippi
2691 4284 2882 4344 merce-l·
