3016 4628
236 280 328 319 222

233 448 383 497 ἑαυτὸν
407 447 588 496 ἀνελεῖν.

582 566 1178 618 XXX1.XAAKlAfflN.

298 684 563 752 Κατῳκισαν
586 682 630 730 δὲ
653 681 729 730 καὶ
754 679 960 736 Κλεωνὰς
983 681 1263 734 Χαλκιδεῒς’
1245 699 1287 728 εν
1312 681 1375 726 τῢ
1393 676 1529 744 Ἄθω,

234 757 542 815 ἐξαναστάντες
561 755 604 812 ἐξ
629 754 888 816 Ἐλυμνίου,
909 756 966 809 ὣς
996 753 1073 816 μὲν
1104 754 1427 816 μυθολογουσιν,
1449 749 1532 797 ὑπὸ

234 835 370 895 μυῶν,
390 829 432 879 οἳ
448 829 503 878 τά
523 829 562 877 τ’
589 828 701 876 ἄλλα
721 827 953 885 κατήσθιον
979 828 1117 873 αὐτῶν
1141 844 1214 872 και
1238 824 1308 872 τὸν
1334 823 1527 887 σίδηρον.

237 904 290 971 (2)
311 905 458 967 Νόμος
481 902 525 950 δὲ
551 895 602 961 ἠν
618 901 885 951 Χαλκιδεῦσι
906 900 966 963 μὴ
988 898 1114 964 ἄρξαι
1134 895 1244 960 μηδὲ
1266 895 1533 961 πρεσὸευσαι

234 976 439 1044 νεώτερον
462 977 570 1024 ἐτῶν
593 972 878 1031 πεντήκοντα.

532 1097 736 1147 XXXII
774 1094 906 1143 ΚΕΦ
910 1089 1230 1140 Α.ΛΛΗΝΩΝ

304 1216 383 1265 Ἔν
394 1210 703 1304 Κεφαλληνία
706 1207 970 1274 Προμνήσου
994 1206 1119 1260 υἱὸς’
1100 1204 1338 1271 εκράτησε,
1360 1203 1435 1252 καὶ
1454 1223 1532 1270 χα-

237 1288 366 1343 λεπὸς
391 1292 460 1346 ἠν,
490 1305 565 1334 και
588 1282 736 1349 ἑορτὰς
758 1281 888 1329 πλέον
920 1281 1035 1327 δυοῖν
1060 1280 1139 1327 οὐκ
1162 1277 1410 1344 ἐπέτρεπεν,
1441 1276 1533 1325 οὐδ’

236 1364 282 1410 ἐν
322 1359 445 1408 πόλει
479 1359 722 1406 διαιτασθαι
760 1352 889 1400 πλέον
928 1350 1095 1417 ἡμέρας
1133 1350 1237 1400 δέκα
1273 1355 1347 1398 τοῦ
1386 1349 1531 1413 μηνός.

240 1434 299 1498 (2)
322 1432 414 1487 Τάς
432 1451 478 1479 τε
502 1430 629 1495 κόρας
648 1427 730 1489 πρὸ
746 1445 818 1473 του
835 1423 1125 1489 γαμίσκεσθαι
1146 1423 1272 1478 αὐτὸς
1290 1423 1534 1487 ἐγίνωσκεν.

237 1505 455 1570 Ἀντήνωρ
483 1503 528 1551 δὲ
562 1499 710 1549 λαὸὼν
752 1497 928 1563 ξιφίδιον
962 1517 1038 1545 και
1062 1496 1314 1561 γυναικείαν
1351 1499 1534 1555 ἕσθητα,

239 1577 523 1640 ἐνδυσάμενος
562 1576 618 1629 εἷς
655 1571 731 1630 τὴν
773 1571 920 1630 κοίτην
957 1570 1204 1618 ἀπέκτεινε·
1236 1569 1310 1618 και
1349 1573 1372 1618 ὃ
1403 1570 1537 1631 δῆμος

239 1650 367 1698 αὐτὸν
375 1647 601 1738 Νέτίμησε·
622 1644 696 1694 καὶ
724 1643 920 1709 ἡγεμόνα
951 1642 1218 1702 κατέστησε·
1238 1641 1313 1690 και
1343 1644 1371 1700 ἡ
1404 1641 1535 1707 inoffi,

238 1721 345 1787 ὑπὲρ
371 1726 423 1779 ἧς
444 1719 568 1773 αὐτὸς
587 1717 720 1782 εἰσῄει
736 1755 749 1780 ,
775 1715 1015 1775 ἐπικλεὴς’
996 1715 1179 1781 εγένετο.

305 1810 341 1842 3.
378 1796 674 1857 Μαρτυρεῖται
694 1788 738 1836 δὲ
758 1788 833 1837 καὶ
850 1790 898 1837 ἐκ
912 1787 1158 1854 Τυρρηνίας
1179 1788 1381 1852 εΌμηρος
1395 1805 1536 1852 παρα-

239 1865 388 1914 ὅαλεῒν
428 1867 486 1919 εἷς
524 1861 830 1928 Κεφαλληνίαν
870 1861 945 1909 καὶ
969 1860 1172 1920 Ἰθάκην,
1214 1860 1285 1908 ὅτε
1320 1859 1396 1907 καὶ
1438 1857 1535 1914 τοὺς

238 1936 480 2005 ὀφθαλμοὺς
501 1935 671 2001 λέγεται
695 1937 982 2000 διαφθαρῆναι
1001 1933 1204 1992 νοσήσας.

622 2059 849 2109 ΧΧΧΙΙΙ.
889 2058 1140 2108 ΡΟΔΙΩΝ.

306 2176 456 2225 Ῥόδον
491 2175 569 2233 τὴν
607 2178 735 2234 νῆσον
763 2173 811 2221 τὸ
843 2172 1028 2222 παλαιὸν
1066 2171 1303 2238 κεκρύφθαι
1341 2171 1536 2235 λέγουσιν

239 2249 321 2297 ὑπὸ
343 2253 420 2306 τῆς
442 2248 689 2306 θαλάσσης,
718 2249 990 2309 ἀναφανῆναι
1015 2244 1059 2292 δὲ
1096 2247 1273 2311 ὕστερον
1314 2243 1539 2309 ξηρανθεῖ-

239 2342 335 2372 σαν.
359 2322 587 2370 Ἐκαλεῖτο
611 2320 655 2368 δὲ
676 2320 941 2387 Ὀφιοῧσσα,
966 2317 1037 2366 διὰ
1060 2318 1109 2366 τὸ
1134 2320 1296 2377 πλῆθος
1319 2319 1405 2364 τῶν
1424 2316 1540 2364 ἐνόν-

237 2415 321 2444 των
345 2395 496 2461 ὄφεων.

601 2503 826 2554 xxxiv.
865 2490 1173 2552 ΕΦΕΣΙΩΝ.

305 2612 492 2679 Ἔφεσον
526 2612 737 2673 κληθῆναί
768 2631 896 2678 φασιν
928 2611 1014 2660 ἀπὸ
1047 2619 1149 2675 μιᾶς
1171 2613 1256 2659 τῶν
1279 2610 1539 2674 Ἀμαζόνων·

240 2688 281 2734 οἱ
315 2687 359 2734 δὲ
385 2686 470 2734 ἀπὸ
501 2691 576 2734 τοῦ
610 2685 680 2733 τὸν
719 2684 943 2750 Ἡρακλέα
981 2686 1075 2740 ταῖς
1114 2683 1343 2746 Ἀμαζόσιν
1379 2687 1541 2750 ἐφεῖναι

240 2757 295 2807 τὰ
316 2758 404 2806 ἀπὸ
428 2757 640 2817 Μυκάλης
660 2757 736 2812 ἕως
757 2757 967 2815 Πιτάνης.

241 2899 319 2940 cho
335 2898 495 2948 (Timol.
509 2899 562 2947 6).
580 2901 723 2938 Isnum
735 2897 841 2937 idem
860 2897 911 2937 s1t
923 2908 1016 2937 cum
1032 2897 1170 2936 nostro
1179 2907 1260 2935 non
1270 2896 1397 2946 magis
1413 2895 1541 2945 liquet

239 2967 363 3007 quam
373 2967 452 3006 quo
463 2955 684 3006 pertineant
695 2956 769 2995 ista
783 2968 791 2994 :
808 2956 1037 3007 ἐπιορκήσας
1056 2955 1122 2995 τὸν
1133 2958 1211 2994 τῶν
1224 2954 1433 3005 Κορινθίων
1450 2954 1539 2993 ἀπέ-

241 3027 336 3065 φυγε
345 3014 495 3053 στόλον.
510 3014 694 3054 Atta'men
709 3025 833 3063 quum
849 3014 1104 3053 Locrensium
1124 3023 1185 3053 res
1202 3023 1296 3052 cum
1315 3012 1433 3052 rebus
1452 3013 1540 3051 Dio-

241 3072 342 3123 nysii
354 3072 616 3126 tumsenioris
624 3073 711 3111 tum
724 3072 890 3121 junioris
902 3074 1011 3112 arcte
1023 3072 1247 3122 conjunctae
1255 3072 1401 3121 essent,
1419 3070 1538 3110 etiam

242 3130 540 3172 Corinthiorum
576 3131 706 3180 partes
738 3131 779 3170 in
808 3130 854 3170 iis
881 3131 1072 3181 quasdam
1095 3130 1218 3170 fuisse
1239 3140 1264 3170 a
1289 3129 1375 3169 veri
1408 3130 1539 3179 specie

242 3200 324 3229 non
344 3188 544 3229 abhorret.
564 3189 845 3238 cognationem
867 3200 986 3239 quam
1010 3191 1226 3229 Locrenses
1241 3198 1335 3227 cum
1351 3187 1538 3238 Dionysio

243 3249 548 3297 contraxerant,
572 3242 857 3297 rempublicam
880 3258 1019 3287 eorum
1038 3248 1254 3298 perdidisse
1280 3248 1419 3287 monet
1447 3246 1537 3287 Ari·

243 3305 404 3346 stoteles
432 3308 485 3355 V,
508 3309 595 3354 6,,7
621 3305 633 3352 (
648 3305 695 3344 sr.
721 3306 833 3355 231).
859 3309 917 3345 De
936 3306 1110 3356 Dionysii
1126 3306 1294 3356 J'unioris
1314 3305 1357 3345 in
1371 3307 1541 3346 Locren·

242 3374 306 3404 ses
320 3363 507 3403 mulieres
522 3362 763 3402 contumelia
779 3374 819 3402 v.
834 3364 1048 3404 Clearchus
1064 3375 1126 3414 ap.
1145 3365 1290 3404 Athen.
1307 3374 1349 3414 p.
1372 3366 1463 3414 541,
1482 3366 1512 3404 C
1527 3393 1540 3414 ‚

243 3422 387 3463 AElian.
419 3424 494 3468 IX,
523 3425 561 3461 8.
591 3422 779 3460 ceterum
812 3422 992 3461 mustelae
1022 3424 1147 3462 nostri
1173 3422 1252 3462 loci
1270 3422 1312 3461 in
1328 3432 1447 3461 causa
1463 3422 1547 3461 fue-

244 3480 340 3519 runt
360 3489 431 3518 cur
456 3478 757 3528 subJungeretur
775 3477 911 3518 similis
929 3481 1102 3519 narratio
1121 3480 1171 3520 de
1190 3480 1371 3520 muribus
1389 3480 1546 3520 Chalci-

242 3536 443 3576 densium.
470 3557 523 3564 —
551 3535 682 3587 πέρας]
719 3538 787 3576 AC
796 3546 813 3580 ;
848 3537 951 3582 τέλος
989 3537 1144 3588 reliqui.
1185 3559 1238 3568 —-
1275 3536 1545 3589 διαποροῦντα]

153 3590 169 3597 ‘
244 3594 462 3644 ἀποροῦντα
488 3594 530 3632 G.

295 3651 442 3690 XXXI.
471 3648 687 3700 Χαλκιδ]
706 3651 770 3699 Pp
779 3660 795 3694 ;
812 3660 893 3689 om.
908 3651 1000 3690 cett.
1017 3652 1142 3691 Etiam
1160 3652 1199 3691 in
1220 3663 1331 3703 seqq.
1350 3663 1480 3703 usque
1495 3652 1547 3692 ad

246 3708 294 3747 fr.
318 3711 364 3748 37
382 3707 424 3747 in
441 3706 531 3747 cod.
558 3718 611 3752 a,
631 3706 824 3756 usquead
843 3708 890 3747 sr.
909 3711 957 3748 38
974 3708 1015 3747 in
1028 3709 1116 3748 cod.
1138 3710 1315 3751 btitulus
1325 3712 1385 3751 est
1397 3711 1543 3751 nullus.

244 3769 302 3804 Ac
318 3764 500 3804 similiter
522 3763 562 3803 in
589 3763 752 3814 reliquis
771 3763 889 3803 codd.
904 3793 916 3813 ,
943 3765 1003 3804 uti
1022 3765 1192 3806 videtur.
1216 3789 1268 3798 —-
1287 3769 1326 3807 ἐν
1351 3772 1408 3820 τῷ
1435 3767 1546 3820 Ἄθῳ]

245 3822 372 3868 A0d3
397 3825 432 3862 οἱ
454 3822 492 3863 ἐν
516 3825 572 3873 τῷ
593 3821 693 3872 Ἄθῳ
718 3822 872 3871 reliqui.
892 3843 941 3850 --
957 3822 1040 3867 ἐξ...
1062 3825 1355 3878 μυθολογοῦσιν]
1378 3828 1485 3867 ΑΟΡ
1507 3828 1547 3866 et

246 3890 381 3930 margo
398 3890 441 3930 p.
457 3892 468 3928 ;
483 3889 564 3919 om.
584 3878 737 3929 reliqui.
757 3902 805 3912 -
822 3882 878 3918 De
895 3879 1055 3919 Cleonis
1073 3881 1112 3919 in
1129 3882 1232 3921 Atho
1252 3885 1389 3924 monte
1412 3894 1454 3924 v·
1476 3886 1546 3924 He

246 3937 375 3977 rodot.
398 3939 579 3986 VI1,22;
596 3936 776 3986 Thucyd.
801 3938 871 3986 lv,
898 3940 993 3986 109;
1009 3938 1150 3978 Strabo
1167 3942 1262 3988 VII,
1278 3952 1318 3991 p.
1344 3946 1434 3983 331.
1462 3942 1548 3992 Ely-

245 3996 425 4045 mnium,
450 3995 650 4045 Stephano
672 3994 860 4045 Byzantio
879 3996 1003 4044 teste,
1033 3998 1091 4036 est
1110 4001 1224 4044 νῆσος
1244 3999 1408 4044 Εὐὸοίας
1437 4000 1547 4042 πόλιν

247 4053 407 4103 ἔχουσα.
435 4052 683 4093 Callistratus
709 4062 772 4102 ap.
795 4051 920 4092 schol.
946 4053 1060 4092 Arist.
1082 4056 1170 4093 Pac.
1197 4060 1292 4095 1126
1316 4056 1412 4096 dicit
1429 4057 1548 4098 τόπον

248 4110 426 4155 Εὐὸοίας.
456 4111 518 4149 Cf.
537 4109 672 4158 Steph.
692 4110 808 4150 Thes.
834 4121 865 4149 s.
898 4122 936 4150 v.
967 4111 1209 4161 Echymm'a
1239 4113 1340 4152 iuter
1367 4116 1547 4165 Strymo-

248 4179 337 4206 ιιι-,ιιι
369 4170 410 4206 et
434 4168 537 4207 Atho
571 4169 646 4207 sita
674 4169 915 4208 memoratur
944 4179 1007 4218 ap.
1045 4169 1189 4208 Melam
1224 4172 1284 4219 ll,
1310 4174 1368 4219 Π,
1392 4178 1439 4221 2,
1478 4173 1548 4213 ubi

250 4225 442 4275 rori-igere
462 4224 713 4275 Elymm‘um
741 4229 978 4267 censuerunt
1001 4227 1219 4268 Tzschuck.
1244 4231 1281 4268 ct
1312 4229 1459 4270 Berkcl.
1494 4231 1550 4278 ,ad

1354 237 1751 307 flEssAcmnns

232 394 369 440 κτωρ,
388 373 464 428 τὰς
483 374 619 433 γαλᾶς
636 370 803 420 δάκνειν
826 368 974 431 αὐτὸν,
994 366 1070 416 καὶ
1088 366 1222 432 πέρας
1241 367 1527 431 διαποροῦντα
1599 381 1735 411 rosum
1757 379 1862 417 esse,
1879 368 1980 408 adeo
2003 367 2050 408 ut
2070 366 2235 408 tandem
2250 375 2429 406 animum
2447 364 2696 416 despondens
2722 364 2798 405 sibi
2824 365 2897 416 ipsi
2947 387 2956 426 -3
2980 383 2990 442 Ξ

1602 454 1768 484 manum
1793 442 1970 483 inferret.

1866 562 2043 615 XXXI.
2083 561 2625 613 CHALCIDENSIUM.

1655 680 1928 722 condiderunt
1960 679 2084 720 etiam
2114 677 2283 718 Cleonas
2312 676 2355 716 in
2382 676 2488 722 Atho
2519 676 2818 727 Chalcidenses,
2833 676 2904 728 qui
2988 683 2992 685 ·

1604 754 1788 806 Elymnio
1809 765 1833 793 a
1852 751 2037 792 muribus
2059 751 2120 801 (ut
2135 750 2269 790 fabula
2284 748 2420 800 habet)
2437 747 2544 800 pulsi
2560 749 2653 789 sunt
2672 750 2712 789 et
2732 748 2905 800 reliquas
2990 746 2994 793 j

1605 838 1743 867 eorum
1767 836 1830 866 res
1855 826 1896 866 et
1922 825 2072 864 ferrum
2101 821 2417 862 corrodentibus.
2438 820 2495 873 (2)
2517 824 2603 869 Lex
2627 822 2762 862 autem
2795 821 2902 873 apud
2994 854 2997 863 ,

1606 898 1886 940 Chalcidenses
1915 897 2022 946 erat,
2046 906 2098 935 ne
2123 895 2376 946 magistratus
2402 895 2467 935 vel
2481 894 2602 946 legati
2621 905 2786 936 munere
2809 894 2902 936 Iun·

1606 973 1779 1023 geretur,
1801 969 1873 1022 qui
1898 969 2012 1010 annis
2030 967 2318 1020 quinquaginta
2336 967 2467 1008 minor
2487 969 2605 1009 esset.

1884 1095 2087 1144 XXXII.
2126 1092 2618 1143 CEPHALLENUM.

1659 1220 1706 1258 ln
1733 1215 1987 1267 Cephallenia
2006 1214 2112 1255 filius
2131 1213 2335 1255 Promnesi
2360 1213 2565 1265 regnavit,
2593 1213 2716 1254 homo
2741 1212 2909 1255 immitis
2990 1234 2996 1240 ·

1607 1291 1648 1331 et
1665 1300 1794 1340 asper,
1807 1288 1878 1340 qui
1890 1287 2045 1328 civibus
2060 1287 2144 1328 suis
2159 1286 2316 1327 nonnisi
2335 1287 2417 1327 duo
2436 1286 2631 1328 concessit
2644 1287 2766 1337 festa,
2778 1298 2910 1338 neque
2954 1325 2958 1335 Α

1608 1363 1650 1403 in
1669 1362 1769 1402 urbe
1784 1360 1926 1412 degere
1944 1371 2107 1411 quoque
2122 1370 2257 1400 mense
2277 1360 2385 1400 ultra
2400 1359 2485 1401 dios
2503 1359 2657 1402 decem.
2680 1360 2737 1412 (2)
2752 1359 2910 1404 Puellas

1609 1436 1824 1486 antequam
1845 1434 2018 1485 nuptum
2032 1433 2238 1483 darentur,
2255 1432 2339 1484 ipse
2358 1432 2559 1484 cognovit.
2578 1433 2756 1474 Antenor
2769 1433 2907 1472 autem
2950 1474 2959 1486 ,

1613 1508 1777 1560 quidam
1793 1508 1954 1559 sumpto
1969 1506 2099 1558 gladio
2114 1507 2157 1547 et
2172 1506 2282 1546 veste
2297 1505 2485 1546 muliebri
2506 1506 2549 1546 in
2564 1505 2696 1546 cubile
2714 1506 2915 1556 ingressus
2948 1526 2953 1533 -
2993 1498 2998 1556 ,

1610 1593 1704 1622 eum
1733 1580 1905 1621 necavit.
1931 1579 2205 1627 Quamobrem
2233 1577 2276 1618 id
2304 1577 2468 1618 honoris
2496 1579 2737 1619 consecutus
2759 1577 2842 1628 est,
2864 1578 2915 1618 ut

1609 1655 1792 1706 princeps
1805 1665 1830 1693 a
1848 1653 1996 1705 populo
2011 1652 2226 1692 crearetur.
2242 1651 2352 1698 Quin
2362 1650 2403 1690 et
2416 1650 2573 1702 puella,
2588 1660 2662 1703 pro
2685 1660 2767 1702 qua
2779 1649 2848 1690 ille
2861 1649 2916 1690 ad
2955 1647 2961 1695 ’ᾗ

1609 1729 1826 1779 tyrannum
1840 1727 2058 1777 ingressus,
2081 1724 2300 1764 honoribus
2321 1723 2465 1764 affecta
2480 1723 2553 1764 est.
2994 1712 2999 1730 '³

1663 1807 1702 1841 3.
1730 1800 1942 1841 'testantur
1965 1799 2087 1840 etiam
2103 1800 2324 1838 Homerum
2345 1808 2396 1837 ex
2411 1795 2630 1848 Tyrrhenia
2646 1795 2690 1836 in
2708 1795 2915 1847 Cephalle-
2994 1800 2998 1822 ’-

1611 1874 1721 1915 niam
1735 1874 1777 1914 et
1791 1873 1972 1913 Ithacam
1986 1870 2190 1921 trajecisse
2202 1899 2215 1921 ,
2235 1880 2317 1921 quo
2343 1870 2525 1921 tempore
2545 1868 2688 1910 morbo
2707 1869 2916 1921 correptus
2954 1856 2962 1896 Ῐ

1613 1946 1752 1987 oculos
1769 1944 1944 1986 amisisse
1965 1943 2127 1984 dicitur.
2960 1930 2961 1934 ’

1921 2059 2146 2108 XXXIII.
2185 2057 2596 2107 RHODIORUM.

1665 2179 1853 2220 Rhodum
1870 2179 2038 2219 insulam
2055 2178 2266 2230 perhibent
2280 2177 2501 2229 antiquitus
2514 2176 2556 2217 in
2568 2177 2670 2217 mari
2681 2175 2882 2218 delituisse
2902 2191 2914 2218 ι
2960 2227 2964 2231 q
2996 2171 2999 2182 ³

1614 2253 1752 2304 postea
1774 2251 1989 2292 arefactam
2010 2251 2228 2291 emersisse.
2249 2252 2364 2290 Dicta
2377 2251 2514 2290 autem
2529 2249 2640 2290 inItio
2655 2249 2850 2302 Ophiussa
2863 2248 2917 2291 'ob

1614 2324 1916 2366 multitudinem
1935 2325 2166 2375 serpentum
2180 2353 2192 2374 ,
2213 2323 2284 2374 qui
2298 2323 2342 2363 in
2356 2333 2403 2364 ea
2422 2323 2551 2363 exorti
2570 2322 2699 2364 erant.

1923 2500 2146 2550 XXXIV.
2185 2500 2309 2548 EPH
2317 2499 2620 2549 ESIORUM.

1667 2615 1868 2667 Ephesum
1892 2615 2042 2656 dictam
2064 2615 2178 2655 aiunt
2193 2615 2260 2655 alii
2278 2625 2302 2654 a
2324 2614 2486 2655 nomine
2511 2613 2721 2665 cujusdam
2748 2616 2920 2656 Amam-

1618 2701 1731 2740 num,
1751 2690 1817 2729 alii
1837 2701 1860 2729 a
1875 2690 1999 2729 verbo
2015 2690 2179 2740 ἐφεῖναι,
2197 2689 2445 2739 concede-re,
2464 2689 2574 2740 quod
2591 2689 2781 2730 Hercules
2799 2693 2919 2730 Ama·
2966 2722 2969 2723 γ
2999 2690 3004 2717 ἶ

1617 2763 1781 2803 zonibus
1811 2763 1915 2802 hanc
1945 2762 2146 2812 regionem
2176 2772 2199 2801 a
2233 2761 2386 2811 Mycale
2411 2761 2463 2801 ad
2481 2761 2648 2802 Pitanen
2668 2761 2920 2802 concesserit.
2999 2769 3001 2776 ·

1619 2896 1757 2946 Steph.
1791 2895 1820 2935 l.
1852 2895 1907 2946 l.,
1938 2894 2093 2935 seducti
2119 2893 2176 2934 illi
2193 2895 2330 2935 nostro
2352 2894 2466 2944 loco,
2495 2893 2567 2934 ubi
2592 2893 2785 2934 edebatur
2809 2895 2847 2934 οἱ
2882 2893 2922 2934 ἐν
2966 2916 2971 2932 ,-
2999 2885 3004 2904 ¹

1620 2954 1736 3005 Ἄθῳ.
2974 2987 2975 2990 ,
2999 2957 3005 2987 f·

1672 3014 1833 3054 XXXII
1863 3014 1958 3063 Κεφ.
1963 3011 2069 3063 ]om.
2083 3013 2140 3052 Ca
2147 3011 2221 3062 b95
2236 3011 2470 3063 Κεφαλήνων
2488 3010 2530 3052 d.
2544 3008 2924 3062 -Κεφαλληνίᾳ]ῠ,
3001 3012 3004 3021 “

1620 3071 1864 3124 Κεφαλληνία
1883 3072 1976 3111 cett.
2006 3091 2059 3100 ·--
2082 3070 2341 3122 Προμνήσου]
2370 3069 2504 3110 Fuerit
2535 3069 2762 3122 Πρωνήσου.
2782 3068 2922 3120 steph.
3001 3100 3004 3118 ἶ

1620 3133 1712 3181 Byz.
1731 3142 1741 3169 t
1757 3129 1912 3181 Κράνιοι
1925 3157 1937 3178 ,
1951 3129 2058 3175 πόλις
2074 3129 2112 3168 ἐν
2131 3129 2374 3180 Κεφαλληνίᾳ
2391 3133 2439 3180 τῇ
2454 3129 2577 3179 νήσῳ.
2593 3126 2824 3179 Τετράπολις
2842 3128 2883 3168 δὲ
2897 3129 2923 3175 ἡ

1619 3194 1733 3237 νῆσος
1750 3189 1827 3228 ἀπὸ
1846 3192 1923 3228 τῶν
1942 3188 2116 3238 Κεφάλου
2133 3188 2295 3238 παίδων,
2314 3190 2348 3228 11
2359 3188 2567 3239 ρονήσου
2579 3215 2591 3237 ,
2608 3186 2755 3238 Σάμου,
2765 3187 2924 3234 Πήλεως

1621 3246 2014 3299 (Πρωνουσσάμα
2045 3246 2246 3292 συπήλεως
2273 3245 2363 3287 cod.
2385 3244 2585 3296 Rhedig.).
2606 3243 2788 3296 Κρανίου.
2810 3243 2926 3296 Apud

1622 3304 1859 3346 Strabonem
1874 3306 1926 3353 X,
1942 3315 1983 3354 p.
2003 3307 2078 3344 455
2094 3303 2283 3344 scribitur
2298 3304 2523 3355 Πρώνησος.
2535 3302 2651 3354 Apud
2666 3301 2845 3354 Thucyd.
2861 3304 2922 3353 11,

1623 3369 1673 3404 30
1684 3363 1826 3403 incolae
1842 3362 2011 3402 audiunt
2026 3365 2231 3414 Προνναῖοι
2243 3391 2254 3412 ,
2269 3362 2488 3413 (πρόνναιοι
2501 3390 2513 3411 ,
2531 3364 2708 3413 προναῖοι
2719 3390 2732 3412 ,
2750 3361 2922 3413 πρόναιοι
2942 3395 2944 3398 .

1621 3432 1708 3461 var.
1723 3420 1847 3470 lect.);
1861 3431 1925 3471 ap.
1939 3422 2070 3471 Etym.
2085 3422 2138 3460 M.
2154 3430 2193 3470 p.
2209 3423 2299 3469 507,
2315 3425 2362 3460 28
2378 3434 2388 3459 z
2405 3419 2588 3470 Πρόνοοι;
2603 3418 2839 3470 Lycophron
2848 3421 2920 3459 791
2945 3456 2947 3459 ,

1621 3480 1741 3518 vocat
1769 3479 1968 3530 Πρωνίους
1978 3508 1989 3527 ,
2004 3478 2191 3529 Polybius
2203 3481 2253 3524 V,
2267 3481 2290 3517 3
2301 3507 2313 3528 ,
2332 3483 2354 3517 3
2373 3477 2637 3528 Πρὸννους.-
2648 3475 2839 3528 ἐπικλεὴς]
2850 3477 2927 3517 00-
2946 3510 2948 3526 ς

1623 3547 1754 3587 rayus3
1765 3534 1963 3586 ἐπικλέωςζ
1982 3538 2036 3582 0,·
2052 3535 2207 3580 πίκλεος
2215 3534 2270 3575 ab
2279 3546 2295 3580 ;
2306 3535 2368 3575 ἐπὶ
2377 3535 2484 3579 κλέος
2495 3534 2580 3575 Pet
2588 3532 2927 3584 reliquimdd.,ut
2942 3535 2943 3538 ’

1621 3594 1802 3643 videtur;
1820 3594 2021 3644 ἐπίκληρος
2037 3593 2245 3635 Blancard.
2261 3592 2312 3632 ad
2330 3592 2470 3633 Tuom.
2487 3594 2590 3642 Mag.
2606 3603 2647 3643 p.
2666 3595 2756 3641 345,
2767 3594 2815 3632 C.
2831 3591 2924 3633 Sin·

1623 3653 1724 3693 tenis
1739 3653 1779 3692 et
1795 3651 2131 3692 Schneidewinus.
2143 3657 2242 3691 —2.
2259 3653 2518 3702 μαρτυρεῖται,
2535 3649 2592 3690 bd
2601 3661 2619 3696 ;
2634 3653 2814 3701 μαρτυρεῖ
2827 3651 2922 3690 cett.

1624 3732 1672 3740 —
1688 3713 1755 3750 καὶ
1772 3710 1923 3757 Ἰθάκην
1940 3712 2064 3755 ACP;
2081 3720 2163 3749 om.
2185 3708 2343 3760 reliqui.
2362 3729 2416 3739 -·
2429 3708 2494 3748 ὅτε
2507 3709 2573 3748 καὶ
2593 3707 2697 3760 τοὺς]
2711 3707 2844 3759 abal),
2836 3718 2846 3729 ·
2863 3707 2933 3751 ὅτε

1622 3783 1710 3815 τους
1733 3769 1890 3819 reliqui.
1910 3771 1970 3809 De
1985 3779 2028 3808 re
2057 3778 2097 3807 v.
2123 3767 2206 3807 vit.
2228 3770 2386 3808 Homer
2414 3766 2582 3807 Pseudo·
2585 3765 2808 3807 Herodotea
2825 3776 2862 3806 c.
2884 3765 2932 3819 7,
2942 3778 2946 3817 ζ

1623 3825 1824 3866 Welcker.
1849 3825 1959 3876 Cycl.
1978 3834 2018 3874 p
2047 3826 2143 3872 189,
2161 3822 2233 3874 qui
2251 3823 2359 3863 hunc
2374 3824 2583 3864 centonem
2599 3833 2622 3863 e
2642 3822 2861 3864 Heraclidis
2874 3822 2945 3865 Ii-.

1623 3884 1696 3924 bro
1718 3885 1812 3935 Περὶ
1833 3883 2004 3935 Ὁμήρου
2023 3852 2201 3921 assutiim
2221 3890 2306 3920 esse
2323 3880 2574 3932 opinabatur.
2918 3886 2950 3930 J

1675 3943 1859 3982 XXXIII.
1888 3942 1931 3981 ‘P
1941 3954 1962 3980 ο
1972 3939 2015 3980 δ’
2003 3954 2014 3979 ι
2025 3938 2102 3991 ων]
2124 3938 2416 3980 Schneidewin.
2441 3939 2514 3979 ‘Po'
2525 3939 2546 3978 δ
2558 3952 2580 3979 ο
2593 3954 2610 3986 ς
2639 3936 2848 3980 Peruscus.
2867 3939 2945 4001 Dq

1624 4010 1667 4040 re
1678 4010 1718 4039 v
1738 3998 1894 4039 Pindar.
1918 3998 1982 4038 Ol.
2002 3999 2099 4047 VII,
2117 3999 2204 4046 114;
2226 3995 2386 4036 Diodor.
2397 3998 2447 4046 V,
2463 4000 2512 4037 56
2527 3992 2661 4046 ibique
2675 3994 2930 4045 interpreter

1627 4057 1798 4108 Polyzeli
1814 4055 1954 4097 Rhodii
1970 4055 2018 4095 sr.
2041 4060 2075 4095 1.
2127 4051 2130 4055 ’
2932 4106 2938 4110 ,.

1676 4117 1856 4156 XXXIV.
1884 4113 2046 4166 Ἐφεσί
2056 4112 2137 4164 ων]
2168 4111 2609 4162 801ιιιθίᾱεινν.”Εφεσος
2629 4113 2834 4151 Peruscus.
2867 4111 2941 4171 m,

1628 4184 1669 4212 re
1686 4185 1723 4212 v.
1744 4172 1965 4223 Stephanus
1982 4173 2075 4221 Byz.
2101 4181 2141 4210 v
2158 4170 2348 4221 Ἔφεσος;
2366 4170 2497 4220 Etym.
2516 4170 2571 4209 M.
2589 4179 2626 4220 p.
2644 4171 2742 4217 402,
2761 4173 2806 4216 8;
2825 4169 2924 4207 Pau
2939 4184 2942 4186 -

1628 4232 1755 4271 sanias
1773 4233 1868 4280 VII,
1888 4235 1934 4279 23
1959 4232 2002 4269 E.
2023 4229 2142 4269 Guhl.
2164 4228 2382 4278 Ephesiaca
2394 4238 2433 4278 p.
2458 4231 2522 4267 99.
