3016 4628
13 1943 15 1946 '
48 1927 59 1966 s
92 1953 149 1983 ex
182 1937 406 1982 Cicerone
434 1937 608 1999 (Legg.
641 1939 734 1994 III,
763 1938 817 1993 6,
850 1938 962 2000 Ilo),

1114 243 1198 297 DE
1236 250 1431 298 REBUS
1470 251 1763 300 PUBLlClS.

54 336 305 431 ’ἕέβουλομ
306 364 408 414 νοις,
428 373 523 401 non
542 372 653 401 vero
678 357 785 401 solis
807 354 1039 410 Laciadis,
1059 364 1111 398 ut
1131 356 1397 399 Aristoteles

54 440 56 442 ’
80 427 321 483 tradidit.
356 432 527 476 Verum
565 429 740 472 etiamsi
776 442 834 472 ne
880 442 999 470 unus
1034 427 1224 485 quidem
1267 427 1397 470 locus

47 521 98 562 :j
95 510 331 556 exstaret,
373 516 467 560 quo
504 500 728 545 dissensus
772 498 1028 543 Heraclidis
1062 506 1107 542 et
1140 499 1396 543 Aristotelis

48 566 99 662 L}
112 574 408 636 probaretur,
443 581 582 630 atque
623 572 798 616 etiamsi
835 585 1004 630 negare
1045 571 1185 614 velles
1207 580 1393 614 utrum—

68 657 203 708 que
234 659 291 689 ex
325 644 488 688 iisdem
511 643 717 687 fontibus
744 643 966 698 hausisse,
993 643 1066 686 vel
1101 643 1192 687 hoc
1216 658 1361 687 unum
1378 676 1390 697 ,

63 773 68 777 ι
72 709 239 778 quod
270 716 390 760 inter
425 716 577 759 varios
613 714 882 760 Heraclides
917 715 1104 758 nonnisi
1143 716 1387 760 Ponticum

52 783 435 871 J’bphilosophum
453 787 512 832 de
529 788 667 831 rebus
689 787 892 846 politicis
907 787 1136 846 scripsisse
1158 788 1388 842 novimus,

45 848 130 932 ⁴⁹⁴
107 860 270 906 isvero
289 859 544 904 Aristotelis
567 859 819 940 discipulus
839 858 950 914 fuit,
975 859 1064 903 hoc
1088 875 1234 903 unum
1262 858 1391 902 suffi—

65 918 74 933 ’
106 939 254 987 ceret,
276 939 328 975 ut
347 945 591 975 consensus
614 931 694 990 qui
715 932 836 975 inter
855 931 1132 975 Heraclidea
1152 940 1198 975 et
1212 933 1397 976 Aristo-

53 1055 62 1059 ,
107 1003 211 1048 telia
231 1002 485 1063 fragmenta
504 1002 886 1062 deprehenditur,
913 1003 1263 1062 explicationem
1288 1004 1387 1047 ido-

41 1063 58 1090 Χ·
103 1089 235 1120 neam
258 1074 535 1122 admitteret.
574 1076 736 1134 Neque
766 1075 886 1119 hanc
907 1076 1030 1118 viam
1065 1075 1387 1120 Schneidewi-

63 1149 69 1155 ’
103 1161 188 1191 nus
217 1146 452 1191 obturasse
473 1145 707 1206 putandus
745 1156 811 1190 est
839 1162 895 1191 eo
929 1146 1061 1206 quod
1094 1148 1387 1192 Heraclidem

39 1264 46 1280 ,Β
101 1232 128 1271 e
172 1233 367 1262 numero
409 1217 745 1277 discipulorum
785 1219 1044 1262 Aristotelis
1089 1219 1387 1264 eximendum

41 1285 75 1351 'ff
100 1290 332 1350 opinatur,
351 1290 493 1349 idque
514 1299 678 1335 contra
695 1290 864 1335 diserta
881 1299 1090 1335 veterum
1108 1292 1252 1336 testim
1260 1294 1382 1348 onia,

38 1357 58 1395 »Γ
100 1361 268 1420 quibus
297 1361 566 1407 Heraclides
601 1371 706 1422 post
727 1364 969 1408 Platonem
993 1373 1038 1408 et
1068 1364 1381 1424 Speusippum

55 1426 57 1428 ’
98 1435 236 1478 etiam
272 1436 565 1480 Aristotelem
598 1435 794 1481 audiisse
818 1435 1032 1482 traditur.
1066 1438 1278 1494 Quorum
1317 1448 1382 1482 te·

37 1531 43 1537 ,
96 1507 234 1550 stium
269 1508 607 1566 antiquissimus
643 1522 730 1551 nec
754 1508 893 1567 longe
916 1508 974 1551 ab
1000 1509 1258 1553 Heraclidis
1285 1526 1382 1554 aevo

97 1577 266 1622 distans
295 1576 462 1622 Sotion
486 1588 552 1622 est
575 1579 618 1623 ἓν
654 1577 887 1640 Διαδοχαῖς
919 1578 1020 1638 (ap.
1045 1581 1184 1640 Diog.
1222 1584 1276 1625 L.
1319 1585 1379 1637 V,

95 1648 212 1712 86),
240 1651 321 1709 qui
341 1650 696 1695 Schneidewino
733 1667 831 1695 non
847 1652 1086 1695 historiam
1109 1652 1284 1696 referre
1308 1654 1382 1695 vi-

93 1721 247 1778 detur,
268 1722 350 1767 sed
373 1722 685 1780 conjecturam
707 1723 875 1782 cepisse
900 1737 957 1766 ex
979 1738 1057 1780 eo,
1084 1724 1214 1782 quod
1233 1726 1382 1783 persi-

93 1794 190 1838 mili
207 1794 258 1837 in
287 1809 456 1854 genere
482 1795 719 1839 literarum
741 1803 974 1839 versatum
993 1805 1147 1840 nosset
1171 1797 1382 1840 Heracli-

56 1880 57 1883 ’
93 1866 213 1911 dem.
237 1865 409 1925 quue,
435 1867 590 1910 nescio
615 1881 710 1925 quo
733 1865 863 1924 jure,
892 1867 1051 1927 colligi
1073 1883 1205 1927 posse
1226 1877 1379 1913 censet

1001 1940 1082 1997 qui
1105 1940 1166 1984 ita
1189 1940 1329 1984 habet
1364 1957 1374 1984 :

35 2028 55 2062 13
91 2013 349 2073 Aristoteles
363 2012 792 2056 illustravitomnem
811 2010 932 2054 hunc
949 2013 1124 2056 civilem
1152 2017 1199 2056 in
1218 2014 1373 2072 dispu-

91 2085 233 2129 tando
265 2085 411 2128 locum
444 2084 801 2142 Heraclidesque
829 2084 1043 2128 Ponticus
1051 2082 1288 2144 profectus
1313 2087 1371 2128 ab

88 2156 245 2200 eodem
277 2155 491 2209 Platone,
539 2154 871 2214 Theophrastus
902 2171 1014 2199 vero
1054 2160 1278 2200 institutus
1313 2158 1373 2200 ab

9 2283 11 2285 Ι
87 2228 332 2273 ‘Art'stotele
347 2226 571 2271 habitavit
587 2231 710 2272 ineo
728 2243 894 2288 genere
917 2243 1084 2275 rerum.

154 2301 303 2360 Igitur
336 2299 467 2358 quod
502 2301 552 2343 in
585 2299 851 2360 fragmentis
888 2301 1115 2345 nonnulla
1138 2302 1371 2361 leguntur,

58 2415 60 2419 ,
86 2386 191 2431 quae
214 2372 496 2417 verbotenus
527 2372 624 2417 fere
659 2386 716 2416 ex
739 2373 987 2418 Aristotele
1022 2373 1282 2433 descripta,
1318 2391 1374 2419 ex

40 2432 144 2488 ¹‘meo
167 2459 252 2504 per
273 2459 320 2490 se
346 2445 537 2489 minime
560 2444 769 2503 sequitur
788 2446 968 2505 reliqua
995 2447 1177 2501 omnia,
1205 2462 1306 2506 quae
1327 2448 1375 2490 in

35 2511 59 2580 ,ξῖ
72 2530 263 2561 -summa
283 2532 334 2562 re
349 2532 447 2561 non
470 2515 745 2561 dissentiunt
761 2517 818 2561 ab
839 2518 1110 2573 Aristotele,
1131 2527 1375 2577 totumque

32 2580 39 2587 ”
86 2588 204 2634 adeo
225 2589 450 2648 libellum,
467 2603 524 2633 ex
543 2588 790 2634 Aristotele
809 2604 903 2636 esse
927 2598 1162 2649 excerpta.
1190 2590 1374 2634 Adver-

42 2705 53 2724 -.
44 2669 243 2706 ¹santur
265 2671 420 2706 autem
442 2661 551 2705 huic
569 2662 804 2706 sententiae
827 2670 873 2706 et
898 2662 1157 2707 Heraclidis
1172 2678 1345 2708 nomen
1359 2698 1371 2720 ‚

39 2717 217 2792 {equod
241 2733 427 2778 codices
459 2731 757 2793 profitentur,
784 2743 830 2779 et
867 2735 1047 2780 ordinis
1081 2735 1289 2780 defectus
1326 2738 1375 2780 in

0 2834 1 2839 =
85 2806 200 2852 serie
223 2806 496 2850 Politiarum
531 2807 820 2866 conspicuus.
850 2809 962 2866 Quae
986 2808 1220 2852 obstacula
1245 2824 1374 2867 quo—

72 2877 230 2925 modo
259 2878 638 2923 Schneidewinus
668 2880 806 2924 unico
840 2896 924 2925 suo
962 2889 1237 2941 argumento
1267 2880 1374 2927 fisus

24 2976 54 3013 ...22
85 2951 358 3009 removerit,
395 2966 536 3011 supra
568 2951 785 2996 vidimus.
829 2955 896 2998 Ac
939 2954 1146 3013 primum
1183 2953 1374 3012 quidem

85 3022 380 3068 Heraclidem
402 3039 502 3067 non
524 3025 772 3068 Ponticum
796 3025 926 3069 illum
951 3027 1240 3070 notissimum
1257 3060 1270 3086 ,
1303 3028 1373 3070 uti

46 3123 69 3145 «,
85 3099 264 3140 tantum
310 3111 410 3139 non
455 3111 615 3141 omnes
661 3104 941 3154 statuerunt,
980 3113 1072 3143 esse
1119 3099 1241 3154 vult,
1291 3098 1373 3143 sed

39 3187 43 3190 ⁴
58 3162 296 3228 ignotum
324 3167 559 3227 quendam
594 3168 798 3227 ejusdem
836 3172 1038 3215 nominis
1073 3173 1252 3228 virum,
1291 3172 1373 3231 qui

38 3237 375 3295 ⁴&Aristotelem
397 3241 508 3284 olim
540 3242 860 3300 excerpsisset‚
888 3258 1123 3303 quemque
1154 3243 1373 3303 deinceps

35 3297 75 3367 ³37:ss
70 3306 199 3356 {lius
227 3311 418 3371 quidam
439 3327 696 3371 anonymus
718 3313 769 3356 in
802 3314 989 3358 brevius
1009 3314 1276 3375 redegisset.
1307 3343 1371 3351 --

39 3370 143 3427 '21d
159 3397 270 3428 vero
291 3399 456 3444 parum
489 3384 735 3443 probabile
758 3399 851 3430 esse
873 3387 988 3430 mihi
1003 3386 1205 3431 videtur.
1233 3388 1372 3433 Haud

22 3429 231 3517 fffiauca
264 3455 456 3515 quidem
499 3457 716 3501 novimus
757 3458 950 3504 nomina
985 3468 1256 3515 auctorum,
1291 3462 1371 3519 qui

47 3527 333 3587 &grandiora
367 3528 666 3573 historiarum
710 3544 852 3589 opera
890 3531 940 3574 in
978 3530 1246 3576 breviorem
1288 3532 1371 3578 sed

45 3595 351 3645 ‘continuam
387 3610 541 3646 tamen
570 3603 886 3647 narrationem
918 3611 1251 3648 contraxerunt
1265 3638 1277 3660 ,
1304 3606 1369 3649 si—

45 3673 61 3705 '2‘
87 3671 180 3716 cuti
201 3673 404 3718 Justinus
423 3673 566 3734 Trogi
587 3674 799 3734 Pompeii
819 3675 1057 3734 epitomen
1079 3675 1333 3720 elaboravit
1357 3693 1366 3719 ε

46 3783 51 3787 ,
79 3743 303 3804 -eelogarii
335 3754 514 3802 autem,
543 3747 626 3805 qui
656 3747 862 3807 singulos
888 3747 1116 3807 quosdam
1149 3748 1278 3791 locos
1314 3764 1371 3793 ex

35 3832 54 3881 &ss
86 3811 287 3861 historiis
306 3831 396 3876 pro
416 3818 554 3862 libitu
570 3826 786 3874 enotant,
807 3833 907 3862 non
925 3819 1075 3862 solent
1094 3818 1161 3861 illi
1181 3820 1369 3863 nomina

34 3894 36 3898 ’
41 3898 167 3957 »sua
188 3887 515 3947 scriptionibus
545 3890 671 3934 hisce
695 3891 920 3949 operariis
949 3888 1206 3950 praefigere.
1233 3890 1369 3948 Ejus-

39 3919 217 4015 iimodi
244 3970 357 4004 vero
378 3970 597 4021 excerpta
621 3970 667 4006 et
671 3963 762 4006 iam
782 3970 941 4006 nostra
961 3961 1217 4021 fragmenta
1238 3973 1367 4019 sunt,

66 4029 260 4075 etiamsi
279 4032 426 4076 olim'
412 4049 463 4077 m
484 4034 814 4094 integrioribus
836 4034 1076 4078 codicibus
1095 4035 1254 4093 paullo
1278 4036 1371 4094 ple·

21 4093 41 4111 ‘'
62 4099 220 4161 mora
237 4101 424 4148 fuerint.
447 4105 595 4150 Series
610 4115 764 4150 autem
784 4105 1149 4150 infortuniorum
1165 4139 1178 4162 ,
1198 4121 1289 4165 qua
1310 4107 1368 4151 ab

47 4183 61 4231 J
87 4169 213 4229 justae
235 4175 447 4233 epitomae
470 4176 620 4221 forma
643 4177 702 4222 ad
725 4186 998 4236 praesentem
1020 4177 1207 4222 demum
1225 4179 1366 4222 mise—

2664 263 2757 310 205

1474 356 1588 399 riam
1605 358 1856 416 fragmenta
1870 359 1963 402 haec
1979 360 2263 416 devenerint,
2276 371 2368 406 tum
2386 363 2571 408 demum
2586 364 2759 427 tingere

1470 428 1778 484 probabiliter
1809 431 1938 486 licet,
1979 432 2058 473 ubi
2092 433 2190 475 aliis
2217 433 2395 477 indiciis
2431 437 2490 479 ad
2521 437 2608 481 tale
2643 433 2757 497 quid

1469 500 1764 543 statuendum
1779 502 2009 561 cogimur.
2033 504 2214 559 Quanto
2230 505 2412 563 longius
2431 508 2570 567 igitur
2589 512 2758 568 petitus

1469 579 1534 613 est
1569 572 1836 616 Heraclides
1876 573 2066 631 quidam
2106 583 2368 633 excerptor,
2414 585 2539 621 tanto
2580 580 2758 626 facilius

1466 642 1699 701 plerisque
1723 658 1816 686 sese
1854 644 2023 686 obtulit
2062 644 2329 688 Heraclides
2353 648 2592 705 Ponticus,
2618 667 2756 710 quem
2812 701 2814 703 .

1471 711 1578 776 Περὶ
1595 711 1762 774 νόμων,
1789 712 1896 777 Περὶ
1914 714 2050 777 ἀρχῆς
2069 712 2141 759 καὶ
2166 712 2219 759 τὰ
2249 719 2430 778 συγγενῑῖι
2457 717 2616 772 τούτοις
2645 726 2755 767 scri-

1466 787 1605 845 psisse
1625 789 1903 846 accepimus.
1929 788 2200 831 Politiarum
2222 788 2411 846 quidem
2437 805 2553 848 opus
2580 793 2757 838 disertis

1465 858 1618 902 verbis
1658 875 1885 918 nusquam
1928 868 2235 914 memoratur3
2280 860 2329 903 id
2369 876 2481 905 vero
2520 878 2618 906 rem
2659 882 2757 910 non

1466 930 1653 975 dirimit.
1679 933 1800 975 Num
1831 931 1889 976 de
1910 932 2166 976 Dicaearchi
2188 932 2365 976 Politiis
2395 943 2647 991 constaret,
2669 941 2755 983 nisi

1464 1002 1626 1047 Cicero
1651 1004 1798 1048 tribus
1823 1004 1977 1047 verbis
2002 1004 2287 1047 mentionem
2310 1019 2468 1048 earum
2501 1006 2756 1064 injecisset?

1462 1075 1580 1119 Num
1622 1076 1812 1120 Critiam
1851 1077 2038 1120 Politias
2088 1090 2228 1134 prosa
2272 1077 2484 1121 oratione
2525 1080 2754 1138 scripsisse

1463 1157 1755 1206 compertum
1774 1148 2075 1203 haberemus,
2098 1149 2184 1191 nisi
2208 1148 2418 1191 Athenaei
2436 1150 2549 1193 locis
2571 1150 2755 1197 duobus

1463 1219 1854 1263 admoneremur?
1886 1221 2118 1263 Nimirum
2153 1220 2274 1263 fama
2311 1221 2465 1279 operis
2500 1223 2754 1267 Aristotelii

1460 1291 1751 1350 reliquorum
1791 1293 2066 1335 memoriam
2111 1292 2392 1339 obscuravit.
2436 1295 2571 1338 Mitto
2620 1296 2753 1354 quod

1461 1377 1562 1420 quae
1600 1363 1872 1407 Plutarchus
1909 1378 1967 1407 ex
2008 1363 2254 1407 Heraclide
2289 1365 2486 1408 Pontico
2525 1366 2661 1411 affert
2694 1369 2753 1413 de

1459 1435 1652 1490 Solone,
1679 1434 1738 1479 de
1765 1436 2024 1491 Pisistrato,
2052 1435 2110 1479 de
2143 1436 2313 1494 proelio
2349 1437 2666 1495 Marathonio,
2694 1438 2752 1485 de

1459 1507 1633 1550 Pericle
1665 1505 1849 1566 (Solon.
1885 1523 1925 1551 c.
1962 1523 2000 1551 1.
2028 1523 2106 1551 22.
2135 1507 2211 1550 31.
2248 1507 2326 1552 32.
2354 1510 2522 1556 Pericl.
2552 1526 2629 1567 27.
2671 1511 2747 1559 35.

1456 1578 1572 1623 Vide
1595 1576 1781 1640 supra),
1816 1594 1874 1623 ex
1898 1580 2249 1623 Atheniensium
2278 1581 2446 1624 Politia
2471 1581 2751 1644 deprompta

1459 1664 1550 1693 esse
1570 1660 1784 1708 possunt;
1805 1653 1942 1695 mitto
1970 1651 2174 1710 denique
2195 1652 2454 1696 Heraclidis
2472 1649 2628 1698 locum
2648 1655 2745 1720 (ap.

1456 1721 1601 1767 Cicer.
1626 1725 1696 1767 De
1717 1723 1861 1769 divin.
1883 1725 1929 1779 I,
1961 1720 2042 1784 53)
2066 1723 2124 1768 de
2143 1739 2275 1768 more
2298 1724 2504 1783 quodam
2523 1726 2720 1772 Ceorum
2735 1765 2747 1785 ,

1457 1794 1538 1850 qui
1562 1810 1669 1838 cum
1706 1796 1760 1839 iis
1784 1811 1886 1854 quae
1911 1796 1961 1839 in
1999 1796 2201 1840 Ceorum
2233 1797 2477 1855 republica
2499 1810 2748 1847 narrantur

1456 1866 1670 1910 cohaeret.
1702 1869 1760 1910 Et
1783 1882 1842 1911 ne
1876 1867 2001 1912 dicas
2035 1868 2331 1913 Heraclidem
2357 1885 2449 1914 esse
2471 1871 2604 1915 illum
2637 1876 2747 1933 qui-

1456 1937 1561 1982 dem
1611 1940 1883 1995 Ponticum,
1925 1940 2006 1984 sed
2044 1949 2217 1985 temere
2267 1942 2527 1987 Aristotelis
2566 1949 2747 1991 nomini

1454 2010 1751 2054 substitutum
1768 2011 1903 2055 fuisse
1925 2027 1935 2055 :
1955 2027 2061 2056 nam
2080 2014 2339 2058 contrarius
2354 2015 2492 2073 plane
2509 2031 2610 2060 mos
2626 2018 2749 2060 obti-

1453 2093 1556 2128 net:
1570 2086 1715 2130 multa
1734 2086 2006 2129 tribuuntur
2019 2087 2269 2143 Aristoteli,
2289 2103 2390 2146 quae
2406 2098 2512 2132 sunt
2525 2091 2746 2150 aliorum,

1452 2171 1551 2199 non
1570 2158 1671 2201 vice
1702 2172 1849 2201 versa.
1876 2158 2024 2217 Igitur
2047 2168 2222 2216 quanto
2246 2161 2453 2206 notiores
2476 2170 2607 2205 erant
2637 2163 2746 2205 Ari-

1452 2230 1645 2274 stoteliae
1657 2230 1834 2274 Politiae
1846 2263 1858 2285 ,
1875 2239 1920 2274 et
1936 2239 2112 2289 quanto
2133 2232 2346 2291 cupidius
2362 2234 2560 2278 aliorum
2576 2236 2746 2294 scripta

1452 2302 1756 2346 celeberrimo
1770 2303 1992 2362 Stagiritae
2006 2302 2359 2363 affingebantur,
2373 2312 2501 2349 tanto
2517 2306 2665 2364 major
2680 2316 2747 2352 est

1451 2373 1716 2418 Heraclidei
1729 2375 1930 2418 nominis
1941 2409 1954 2431 ‚
1975 2375 2105 2435 quod
2122 2375 2390 2436 fragmentis
2406 2379 2575 2422 nostris
2589 2380 2745 2423 inscri-

1449 2445 1593 2501 bitur,
1615 2447 1880 2494 auctoritas,

1516 2518 1542 2560 J
1545 2532 1617 2560 am
1633 2518 1669 2561 si
1683 2518 1778 2562 haec
1795 2519 1844 2561 in
1858 2519 2165 2577 suspicionem
2183 2520 2362 2564 ducunt
2383 2520 2566 2566 subesse
2582 2532 2742 2568 nostro

1450 2587 1608 2631 libello
1636 2588 1832 2632 fundum
1862 2589 2106 2648 -quendam
2132 2590 2499 2652 fragmentorum
2531 2596 2743 2639 Heracli-

1451 2660 1672 2718 deorum‚
1698 2662 1866 2721 quibus
1889 2664 2155 2708 Aristotelia
2184 2679 2241 2708 ex
2269 2665 2368 2709 aliis
2396 2666 2567 2726 eclogis
2586 2669 2660 2712 vel
2686 2683 2744 2713 ex

1449 2733 1754 2792 scriptoribus
1793 2735 2092 2779 Aristotelem
2124 2736 2293 2794 passim
2317 2738 2622 2782 excitantibus
2654 2740 2743 2783 ad—

1449 2805 1595 2850 mixta
1628 2807 1719 2850 sint
1742 2822 1752 2850 ε
1784 2805 2022 2851 videamus
2046 2806 2290 2867 deinceps,
2316 2824 2431 2852 num
2451 2810 2589 2854 series
2619 2811 2742 2872 frag-

1447 2886 1715 2922 mentorum
1735 2878 1883 2923 faveat
1904 2879 2014 2923 huic
2037 2882 2272 2924 sententiae
2297 2896 2356 2925 an
2376 2881 2650 2942 refragetur.
2678 2910 2744 2918 -—

1449 2950 1632 2994 Etenim
1649 2951 2049 3010 quemadmodum
2065 2953 2113 2995 in
2136 2953 2325 3013 singulis
2341 2952 2606 3014 fragmentis
2623 2957 2741 3001 ordo

1447 3036 1606 3067 rerum
1624 3024 1986 3084 percommodus
2015 3034 2105 3080 est,
2131 3026 2193 3069 sic
2218 3027 2356 3069 etiam
2386 3027 2437 3069 in
2462 3028 2578 3072 serie
2614 3030 2742 3072 Poli-

1448 3096 1616 3140 tiarum
1629 3131 1640 3153 ,
1663 3098 1700 3141 si
1717 3097 1907 3156 quidem
1924 3113 2072 3142 unum
2090 3098 2242 3143 Aristo
2250 3099 2347 3143 telis
2367 3113 2483 3159 opus
2498 3110 2741 3162 excerptor

1447 3178 1553 3214 ante
1577 3170 1739 3214 oculos
1771 3170 1958 3226 habuit,
1994 3172 2243 3230 pristinum
2269 3170 2484 3215 ordinem
2512 3183 2741 3218 servatum

1447 3256 1541 3287 esse
1564 3250 1892 3302 exspectamus
1915 3242 2066 3302 quue
2089 3244 2186 3302 ipse
2213 3243 2591 3288 Schneidewinus
2622 3261 2739 3290 con-

1447 3314 1595 3371 cedit3
1611 3330 1774 3359 verum
1791 3330 1937 3374 quum
1947 3316 2178 3360 rationem
2193 3315 2329 3373 hujus
2347 3314 2526 3360 ordinis
2541 3317 2739 3362 reddere

1445 3401 1545 3431 non
1577 3388 1743 3446 possit,
1778 3388 1871 3432 hoc
1906 3403 1963 3432 eo
2004 3403 2223 3433 excusare
2250 3386 2431 3444 studet,
2468 3389 2599 3448 quod
2625 3391 2738 3448 quid

1446 3459 1713 3503 Aristoteles
1734 3459 1784 3502 in
1806 3459 1892 3504 hac
1921 3474 1973 3503 re
2007 3468 2189 3504 secutus
2221 3460 2306 3517 sit,
2342 3475 2512 3519 parum
2545 3460 2732 3520 liqueat.

1447 3531 1550 3574 Hoc
1572 3546 1736 3574 verum
1754 3530 1946 3591 quidem
1970 3539 2062 3586 est;
2089 3540 2137 3575 at
2161 3531 2280 3576 illud
2297 3540 2450 3576 tamen
2471 3533 2618 3591 liquet
2641 3549 2737 3576 non

1447 3602 1821 3662 qualemcunque
1844 3603 2121 3647 Politiarum
2142 3604 2310 3648 seriem
2333 3619 2435 3648 eam
2459 3618 2551 3648 esse
2577 3620 2731 3663 posse,

1447 3688 1586 3732 quam
1610 3674 1877 3718 Aristoteles
1896 3673 2206 3734 adoptaverit.
2236 3678 2405 3721 Nostra
2422 3683 2574 3720 autem
2597 3678 2735 3721 series

1445 3747 1548 3791 talis
1575 3755 1665 3802 est,
1692 3747 1839 3805 qualis
1857 3762 1884 3790 a
1914 3762 2032 3791 sanae
2056 3749 2224 3793 mentis
2245 3749 2473 3806 scriptore
2498 3746 2730 3806 proficisci

1446 3819 1639 3862 omnino
1688 3834 1787 3863 non
1824 3820 1994 3879 potuit.
2033 3822 2196 3878 Neque
2234 3820 2491 3879 quidquam
2537 3820 2730 3863 lucraris

1444 3899 1645 3935 statuens
1673 3892 1840 3935 multas
1875 3891 2064 3936 Politias
2102 3891 2355 3936 Aristotelis
2376 3891 2433 3934 ab
2460 3899 2730 3947 excerptore

1446 3964 1630 4007 omissas
1653 3978 1763 4009 esse.
1786 3965 1905 4008 Nam
1934 3964 1998 4007 sic
2021 3978 2212 4022 quoque
2236 3977 2292 4007 ex
2314 3961 2627 4020 superstitibus
2647 3962 2729 4003 Po-

1445 4036 1554 4079 litiis
1575 4035 1832 4093 conjunctae
1853 4050 1946 4080 esse
1971 4035 2145 4079 debent
2165 4049 2228 4078 eae
2253 4048 2353 4091 quae
2373 4031 2507 4075 simul
2531 4038 2728 4090 propter

1446 4109 1674 4168 originem
1705 4116 1752 4151 et
1782 4107 1981 4151 formam
2012 4106 2278 4164 reipublicae
2302 4111 2346 4146 et
2376 4103 2511 4144 situm
2533 4115 2727 4160 geogra—

1443 4181 1633 4238 phicum
1647 4214 1658 4234 ‚
1675 4181 1767 4224 sive
1790 4187 1985 4238 propter
2004 4193 2055 4223 ea
2074 4178 2225 4220 omnia
2240 4210 2252 4230 ‚
2275 4189 2375 4232 quae
2394 4174 2442 4216 in
2459 4171 2728 4216 ordinandis
