3016 4628
24 1237 59 1283 t.

31 1300 49 1329 'sl

26 1340 50 1383 ἴ·

25 1424 28 1430 .
37 1400 58 1420 nl·-

7 1518 38 1586 l

33 393 50 415 '⁵
89 403 227 448 titulis
252 395 548 447 enumeratis,
575 392 804 450 Diogenes
831 386 959 430 addit
990 386 1085 428 haec
1114 399 1123 425 :

86 473 130 520 δέ
149 489 256 524 τινες
273 471 367 516 κατ’
394 465 503 514 ἰδίαν
522 465 570 510 ἐκ
591 464 675 508 τῶν
696 455 1047 520 ’Υπομνημοίτων
1065 451 1304 500 καὶταῦτα·

27 1175 75 1269 *⁵1²1*
25 1127 58 1165 ζ]
25 754 75 1118 ’Ῥ’·*”ἿΨἯ-
35 718 58 733 ’ἵ
35 686 44 698 ”

1019 267 1433 319 DEMOCRITUS
1468 264 1802 314 ABDERlTA.

1150 378 1369 427 Τάττουσι

153 587 185 618 1.
219 567 286 616 Τὸ
307 566 404 629 περὶ
425 565 508 609 τῶν
528 563 570 608 ἐν
595 557 826 607 Βαὸυλῶνι
842 558 966 620 ἱερῶν
991 550 1280 640 γραμμάτων.

149 659 183 689 2.
222 638 331 703 Περὶ
351 636 474 683 τῶν’
455 653 496 680 εν
519 630 717 697 Μερόῃὶε
723 632 804 692 ρῶν
827 626 1098 693 γραμμάτων
1124 623 1158 686 (*
1163 626 1193 685 ).

152 730 187 760 3.
225 709 335 774 Περὶ
363 703 569 770 ἱστορίης.

152 801 191 831 4.
227 776 472 830 Χαλδαϊκὸς
493 775 630 838 λόγος.

93 862 96 864 ’
150 874 184 904 5.
219 851 408 918 Φρύγιος
420 848 554 912 λόγος.

153 945 188 976 ο.
214 924 325 990 Περὶ
349 925 533 986 πυρετοῦ
558 919 631 967 καὶ
657 918 739 963 τῶν
761 914 845 961 ἀπὸ
869 911 995 960 νόσου
1012 910 1258 975 βησσόντων
1283 909 1350 971 μ’).

152 1015 186 1048 7-
218 993 393 1057 Νομικὰ
416 994 551 1040 αἴτια.

150 1088 190 1120 8-
221 1065 411 1132 Χερνικὰ
427 1062 456 1122 ἢ
481 1059 789 1126 προὸλήματα.

151 1161 220 1204 De
241 1157 312 1201 his
347 1152 619 1199 Mullachius
641 1165 690 1208 p.
735 1162 818 1192 101
860 1162 871 1190 ε
906 1165 924 1185 «
951 1147 1008 1189 In
1038 1142 1380 1188 commentariis

73 1230 248 1283 ethicis
277 1228 435 1287 plures
453 1231 585 1268 erant
606 1221 664 1265 de
686 1218 946 1279 peregrinis
976 1216 1192 1276 gentihus
1214 1214 1379 1272 dispu-

83 1301 319 1371 tationeS,
337 1312 448 1358 quas
478 1293 720 1347 nonnulli,
741 1299 795 1334 ut
821 1305 876 1334 ex
899 1290 1111 1348 Diogene
1132 1286 1374 1338 discimus,

26 1381 58 1401 ’Υ
90 1389 117 1418 a
136 1373 318 1430 reliquo
352 1365 798 1413 commentariorum
830 1375 1032 1419 Corpore
1063 1366 1378 1410 secernentes,

35 1444 295 1506 peculial
298 1457 344 1486 es
358 1439 540 1483 libellos
551 1435 840 1495 judicabant,
867 1442 1006 1490 atque
1029 1431 1218 1474 nomine
1241 1444 1291 1473 ar
1294 1443 1381 1487 gu-

92 1516 238 1561 menti
275 1523 449 1558 naturae
490 1509 796 1554 conveniente
834 1503 1134 1564 appellabant
1159 1521 1179 1542 »
1219 1506 1231 1556 (
1254 1498 1379 1545 conf.

25 1623 30 1633 .
93 1589 213 1634 idem
230 1604 280 1647 p.
314 1591 399 1638 124
421 1584 455 1644 ).
475 1581 615 1640 Quod
637 1596 735 1624 non
746 1577 1095 1638 persuasitmihi
1114 1576 1187 1619 vii
1208 1575 1384 1619 doctis-

54 1680 55 1685 *
95 1663 250 1706 simus,
281 1661 458 1712 Immo,
487 1670 633 1714 quum
656 1647 981 1712 Ὑπομνήαατα
1013 1649 1182 1692 diversi
1207 1651 1387 1708 generis

95 1731 506 1778 commentationes
533 1726 974 1784 complecterentur,
1000 1735 1386 1780 unumquemque

94 1805 264 1849 librum
283 1818 371 1862 pro
394 1799 618 1861 peculiari
649 1811 792 1856 opere
820 1795 994 1839 habere
1023 1793 1215 1847 licebat,
1248 1803 1387 1852 atque

97 1885 204 1920 octo
236 1875 382 1928 tituli,
412 1887 530 1931 quos
566 1871 800 1929 Diogenes
827 1868 989 1922 affert,
1014 1864 1301 1924 respondent
1326 1866 1388 1908 li-

98 1949 192 1992 bris
224 1956 332 1991 octo
358 1940 728 2003 Ὑπομνημάτων.
752 1943 818 1973 -'—
841 1941 1057 1984 Ceterum
1091 1938 1300 1996 quamvis
1330 1938 1389 1983 de

99 2019 377 2081 argumentis
414 2015 687 2076 paucissima
718 2012 975 2069 eademque
1003 2010 1107 2054 satis
1139 2009 1338 2054 obscura
1364 2026 1391 2055 a

27 2088 47 2146 Ἀ
101 2091 333 2137 veteribus
367 2087 627 2141 tradantur,
667 2085 743 2128 vel
766 2091 832 2127 'ex
875 2083 1055 2126 levibus
1087 2082 1158 2124 his
1191 2083 1392 2142 vestigiis

101 2162 270 2222 colligo
287 2156 611 2220 ‘I'mp-w'luotw
630 2173 729 2201 non
754 2156 888 2200 fuisse
910 2155 1190 2209 Democriti,
1217 2154 1298 2198 sed
1321 2170 1394 2199 se-

96 2234 237 2277 rioris
264 2232 467 2276 hominis
499 2230 664 2273 foetum
698 2228 782 2272 sub
823 2227 1095 2287 philosophi
1128 2226 1320 2269 nomine
1343 2227 1393 2268 in

101 2307 265 2364 vulgus
289 2304 483 2348 editum.

167 2377 416 2421 PliniusH.
441 2375 500 2418 N.
528 2374 702 2427 XXIV,
734 2387 844 2426 102,
865 2387 912 2430 p.
944 2370 1003 2414 36
1025 2370 1230 2414 Tauchn.
1260 2371 1394 2413 :De-

105 2452 279 2493 mocriti
304 2457 423 2491 certe
462 2445 748 2490 Cltirocmeta
783 2459 878 2487 esse
914 2451 1105 2487 constat.
1141 2443 1207 2484 Ac
1248 2445 1295 2483 in
1323 2441 1397 2484 his

35 2523 51 2578 ξ,
104 2523 187 2566 ille
225 2530 336 2580 post
392 2518 706 2576 Pythagoram
756 2531 992 2575 magorum
1041 2515 1396 2557 studiosissimus

105 2603 276 2652 quanto
287 2594 621 2655 portentosiora
644 2589 803 2632 tradit.
801 2589 820 2620 ’Ἰ
852 2589 906 2630 In
934 2586 1231 2645 sequentibus
1251 2601 1308 2628 ex
1340 2601 1396 2629 eo

107 2666 229 2708 libro
247 2665 392 2708 multa
417 2662 553 2707 affert
570 2661 628 2705 de
645 2661 802 2704 herbis
827 2661 875 2703 vi
900 2661 1078 2719 magica
1100 2658 1320 2717 praeditis.
1341 2686 1400 2692 —

109 2737 238 2781 Patet
270 2735 471 2780 eundem
493 2734 668 2776 librum
689 2732 915 2787 indicari,
947 2746 1087 2789 quem
1113 2725 1301 2792 Χερνικὰ
1323 2743 1401 2787 ap·

106 2810 248 2868 pellat
275 2809 507 2866 Diogenes
533 2802 629 2865 (μ).
654 2807 798 2849 Verus
822 2804 981 2846 titulus
1012 2801 1094 2860 qui
1126 2802 1267 2845 fuerit
1305 2816 1404 2843 non

113 2896 297 2940 quaero3
324 2888 370 2923 at
381 2893 518 2922 nemo
537 2877 726 2937 negabit
746 2877 1019 2920 alienissima
1032 2890 1058 2918 a
1075 2884 1231 2918 vetere
1247 2874 1402 2933 philo-

115 2952 261 3011 sopho
287 2966 378 2994 esse
401 2958 607 2994 monstra
627 2949 704 2992 illa
727 2948 1070 3002 narrationum,
1089 2962 1286 3005 quarum
1298 2960 1403 3004 per-

115 3023 260 3068 multa
282 3022 340 3066 de
368 3031 465 3069 arte
496 3031 542 3065 et
577 3020 790 3064 doctrina
831 3021 1010 3078 magica
1034 3035 1091 3062 ex
1130 3019 1403 3062 Democrito

116 3095 228 3140 aflei
231 3104 372 3138 untur
407 3093 474 3155 (v.
521 3090 742 3136 Mullach.
778 3108 828 3152 p.
875 3091 933 3148 73
990 3106 1093 3149 sqq.
1135 3091 1168 3151 ).
1222 3090 1406 3134 Etenim

116 3167 424 3225 Pythagoras,
455 3166 772 3224 Empedocles,
820 3166 1115 3217 Democritus,
1165 3164 1303 3206 Plato
1345 3162 1411 3204 ad

116 3239 234 3284 hanc
256 3243 468 3297 magicen
487 3238 750 3281 discendam
772 3241 1062 3294 navigavere,
1086 3237 1242 3279 exiliis
1256 3238 1410 3278 verius

59 3314 66 3363 .⁷
118 3327 254 3371 (luam
265 3314 630 3371 peregrinationi
634 3309 714 3353 bus
723 3313 953 3367 susceptis.
967 3310 1017 3352 H
1016 3323 1102 3351 anc
1116 3312 1280 3351 reversi
1289 3323 1411 3367 proe-

119 3385 324 3428 dicavere

47 3438 81 3506 3,
123 3445 455 3515 Apollobechen
495 3453 700 3512 Coptiten
732 3450 836 3514 (⁴⁰⁹)
864 3462 911 3496 et
929 3453 1201 3495 Dardanum
1229 3466 1253 3498 e
1271 3452 1413 3496 Plzoe-

363 3399 377 3425 .-
409 3381 533 3428 hane
567 3386 615 3424 ln
659 3386 844 3424 arcanis
866 3380 1080 3424 habuere.
1124 3381 1409 3424 Democritus

174 3593 222 3643 (*)
267 3596 309 3632 ln
341 3565 699 3632 Aldobrandiniana
725 3591 820 3631 edit.
854 3593 944 3630 est:
978 3593 1071 3642 Περὶ
1098 3594 1175 3630 τῶν
1215 3592 1253 3629 ἐν
1283 3590 1412 3642 Μερόῃ

66 3670 71 3677 ·
129 3651 298 3691 ὠκεανοῦ
310 3651 513 3702 περίπλους
523 3664 535 3698 ;
561 3650 724 3700 reliquae
741 3650 854 3689 editt.
870 3661 1010 3689 omnes
1030 3651 1083 3688 ita
1100 3650 1246 3688 habent
1258 3678 1269 3698 ,
1286 3651 1332 3688 ut
1347 3648 1415 3688 su-'

46 3714 66 3763 gfl
129 3718 199 3759 pra
219 3709 435 3758 posuimus.

181 3766 252 3818 (**)
281 3766 390 3806 Adde
418 3765 574 3806 vitruv.
599 3769 676 3815 lx,
696 3771 716 3805 3
753 3782 761 3805 ι
786 3767 948 3806 Multas
975 3777 1040 3805 res
1062 3765 1312 3808 accendens,
1341 3766 1418 3805 ad·

131 3825 262 3863 miror
287 3826 419 3864 etiam
449 3827 674 3864 Democriti
699 3824 750 3863 cle
778 3808 921 3863 reruni
942 3827 1106 3863 natura
1133 3825 1351 3864 volumina
1379 3827 1421 3863 el

39 3878 73 3935 ἦ
133 3881 222 3930 ejus
236 3884 587 3921 comtraeeizlare'um
599 3909 610 3926 ,
635 3881 748 3932 quod
764 3882 1018 3921 inserimur
1034 3885 1065 3921 X
1078 3896 1095 3920 ε
1106 3896 1117 3920 ι
1128 3896 1147 3932 ρ
1158 3895 1178 3920 ο
1189 3897 1213 3920 κ
1224 3883 1283 3931 μή
1296 3897 1316 3921 τ
1327 3897 1388 3920 ων
1401 3913 1412 3931 ,

133 3940 180 3977 in
201 3948 283 3988 quo
297 3939 501 3979 utebatur
530 3940 718 3988 annulo,
735 3942 911 3989 siquans
928 3951 1027 3979 cera
1056 3941 1177 3979 molli
1199 3951 1295 3990 quoe
1317 3943 1427 3980 ess-ec

135 3997 329 4045 expertus
362 3996 445 4045 (se.
470 4007 642 4046 quorum
666 3997 750 4035 vim
771 3997 964 4047 magicam
981 3999 1169 4046 expertus
1187 4001 1288 4037 esset
1303 3998 1332 4048 ).
1366 4001 1422 4037 De

135 4051 252 4092 titulo
266 4052 358 4092 vide
383 4064 472 4103 quae
499 4054 758 4104 probabiliter
781 4054 956 4104 disputat
985 4055 1201 4094 Salmasius
1219 4067 1283 4106 ap.
1319 4057 1422 4095 Mul-

60 4115 74 4133 ·“
137 4107 241 4150 lach.
258 4119 298 4160 p.
319 4114 391 4150 126
406 4122 464 4160 sq.

191 4173 284 4222 (***)
315 4174 606 4224 Apollonidem
623 4179 828 4216 Moenum
846 4188 947 4217 corr·
978 4178 1181 4217 Reine>ius
1207 4179 1245 4218 in
1262 4179 1422 4229 Suppl.‚

140 4230 248 4283 quod
267 4239 289 4267 a
304 4241 398 4269 vcro
423 4231 620 4273 abhorret.

2675 269 2736 308 25

1444 382 1547 421 nice
1563 379 1814 429 illustravit,
1856 376 2161 419 voluminibus
2177 375 2390 417 Dardani
2415 378 2461 417 in
2478 375 2731 433 sepulcrum

1445 465 1544 506 ejus
1566 452 1730 508 petitis
1739 462 1753 502 ,·
1781 451 1876 490 suis
1909 462 2007 490 vero
2029 461 2089 489 ex
2104 447 2357 504 disciplina
2380 460 2531 489 eorum
2555 447 2691 489 editis
2717 463 2731 489 :

1446 538 1551 581 quoe
1569 531 1752 581 recepta
1770 521 1830 563 ab
1846 521 1956 562 aliis
1974 518 2204 562 hominum
2233 526 2369 573 atque
2393 522 2624 560 trcmsiisse
2651 534 2738 576 per

1448 598 1717 638 memoriam
1739 608 1870 651 oeque
1910 607 1966 634 ac
1999 590 2100 633 nihi
2154 593 2199 632 in
2226 593 2329 631 vita
2360 591 2618 632 mirandum
2654 600 2735 636 est.

1446 670 1507 711 In
1536 676 1711 710 tantum
1735 665 1863 724 fides
1885 667 1982 707 istis
1998 660 2175 720 fasque
2198 675 2331 704 omne
2361 661 2504 714 deest,
2545 662 2662 705 adeo
2694 673 2742 704 ut

1450 742 1504 792 ii,
1536 741 1613 796 qui
1638 747 1788 780 cetera
1814 741 1861 779 in
1901 740 1993 778 viro
2035 736 2113 777 illo
2141 733 2355 792 probant,
2388 731 2490 774 hoec
2520 737 2617 788 ejus
2647 749 2742 776 esse

1449 825 1589 868 opera
1632 810 1719 868 ins
1719 813 1913 863 cientur.
1950 809 2056 850 Haec
2098 805 2270 848 Plinius
2295 803 2450 859 XXX,
2494 818 2540 860 2,
2564 819 2614 862 p.
2649 803 2735 848 251

1451 883 1656 926 Tauchn.

1515 957 1695 998 Auctm
1727 954 1901 996 hoium
1933 925 2289 995 mendaciorum
2330 963 2426 1007 prae
2456 950 2620 992 ceteris
2657 949 2744 993 fuit

1452 1027 1592 1070 Bolus
1609 1025 1894 1079 Mendesius,
1918 1023 1976 1067 de
1990 1038 2085 1081 quo
2106 1023 2168 1065 ita
2188 1019 2376 1064 Suidas:

1522 1099 1688 1153 Βῶλος,
1714 1090 2322 1159 Δημοκρίτειος,,φιλόσοφος.
2346 1089 2560 1154 Ἱστορίαν
2580 1089 2654 1139 καὶ
2675 1089 2745 1137 τέ-

1452 1185 1565 1233 χνην
1586 1163 1802 1231 ἰατρικήν·
1831 1164 1921 1229 ἔχει
1947 1165 1990 1211 δὲ
2019 1163 2152 1217 ἰάσεις
2177 1163 2356 1229 φυσικὰς
2379 1162 2463 1211 ἀπό
2488 1182 2614 1210 τινων
2642 1165 2745 1227 βοη-

1455 1248 1507 1299 οη
1516 1241 1662 1303 μάτων
1683 1243 1758 1297 τῆς
1778 1241 1957 1303 φύσεως.

1525 1316 1669 1366 Βῶλος
1708 1311 1969 1369 Μενδήσιος,
2002 1309 2307 1373 Πυθαγόρειος.
2336 1307 2449 1373 Περὶ
2483 1310 2567 1354 τῶν
2594 1309 2642 1354 ἐκ
2672 1311 2748 1365 τ’ἧς

1458 1385 1740 1451 ἀναγνώσεως
1764 1389 1848 1431 τῶν
1865 1375 2064 1446 ἱστοριῶν
2079 1384 2136 1435 εἷς
2161 1381 2384 1428 ἐπίστασιν
2398 1385 2516 1442 ἡμᾶς
2540 1380 2744 1443 ἀγόντων.

1458 1460 1568 1525 Περὶ
1585 1457 1855 1522 θαυμασίων.
1883 1455 2061 1505 Φυσικοί
2094 1456 2351 1519 [δυναμερά
2373 1455 2416 1517 ]·
2446 1453 2537 1518 ἔχει
2574 1452 2616 1500 δὲ
2652 1454 2750 1519 περὶ

1460 1535 1735 1595 συμπαθειῶν
1760 1532 1832 1577 καὶ
1851 1531 2146 1575 ἀντιπαθειῶν.
2171 1528 2188 1590 [
2205 1527 2340 1590 Περὶ]
2358 1527 2486 1572 λίθων
2507 1527 2619 1574 κατὰ
2634 1547 2751 1575 στοι-

1459 1607 1623 1670 χεῖον.-
1668 1602 1778 1667 Περὶ
1807 1600 1998 1664 σημείων
2031 1603 2116 1646 τῶν
2148 1599 2190 1654 ἐξ
2224 1598 2347 1656 ἡλίου
2376 1597 2450 1644 καὶ
2475 1599 2656 1657 σελήνης
2678 1603 2752 1646 καὶ

1462 1679 1619 1743 ἄρκτου
1641 1675 1716 1723 καὶ
1742 1674 1902 1740 λύχνου
1926 1673 2000 1721 καὶ
2024 1671 2171 1738 ἴριδος.
2213 1674 2281 1719 Cf.
2314 1673 2494 1717 Eudoc.
2532 1689 2582 1733 p.
2619 1673 2679 1734 93
2709 1684 2754 1718 et

1462 1758 1543 1815 94·

1527 1825 1722 1871 Fallitur
1759 1821 1922 1868 Suidas
1958 1821 2081 1864 inter
2120 1820 2288 1863 Bolum
2323 1819 2671 1863 Democriteum
2711 1828 2757 1862 et

1462 1897 1755 1943 Mendesium
1790 1895 2090 1954 distinguens.
2129 1893 2261 1935 Unus
2293 1900 2492 1949 uterque
2537 1900 2582 1934 et
2611 1891 2752 1935 idem.

1466 1970 1724 2016 Columella
1746 1970 1833 2013 VII
1849 2002 1862 2023 ,
1891 1966 1916 2011 5
1941 1982 1951 2010 ε
1975 1966 2072 2010 Sed
2091 1967 2297 2024 AE'gyptii
2317 1968 2466 2022 gentis
2488 1974 2647 2007 auctor
2664 1981 2755 2007 me·

1466 2043 1705 2089 morabilis
1720 2043 1862 2085 Bolus
1884 2039 2163 2092 Mendesius,
2195 2042 2322 2094 cujus
2340 2048 2596 2081 commenta
2612 2072 2621 2087 ‚
2655 2054 2758 2096 quae

1468 2117 1762 2175 appellantur
1773 2127 1925 2171 graece
1942 2107 2256 2169 ὑπομνήματα,
2280 2110 2362 2153 sub
2388 2114 2569 2153 nomine
2589 2112 2756 2154 Demo-

1468 2193 1568 2232 criti
1579 2186 1713 2244 salso
1726 2186 1998 2246 produntur,
2023 2193 2133 2236 etc.,
2159 2192 2248 2225 etc.
2279 2182 2515 2240 (sequitur
2553 2183 2682 2226 locus
2702 2182 2760 2226 de

1470 2262 1809 2321 pustulosarum
1837 2258 1996 2301 ovium
2030 2254 2320 2314 curatione).
2361 2255 2546 2298 Horum
2594 2271 2761 2314 parum

1468 2348 1648 2378 memor
1668 2330 1923 2376 Columella
1946 2329 2037 2371 alio
2055 2329 2161 2370 loco
2185 2343 2274 2386 pro
2300 2327 2413 2373 Bolo
2431 2328 2567 2385 ponit
2586 2329 2763 2371 Demo-

1472 2408 1655 2451 critum.
1682 2405 1754 2447 Ita
1778 2404 1902 2446 enim
1923 2403 2008 2456 XI,
2034 2399 2057 2443 3
2090 2416 2099 2443 z
2127 2400 2224 2442 Sed
2250 2401 2536 2443 Democritus
2571 2404 2618 2442 in
2636 2415 2689 2443 eo
2716 2401 2764 2442 li-

1473 2481 1550 2523 bro
1569 2481 1646 2536 qui
1662 2476 1922 2519 inscribitur
1936 2469 2046 2534 Περὶ
2069 2472 2330 2528 ἀντιπαθῶν,
2352 2469 2563 2530 affirmat
2585 2472 2673 2515 has
2689 2473 2765 2516 be*

1472 2553 1631 2595 stiolas
1649 2548 1834 2609 (erucas
1851 2547 1864 2606 )
1881 2550 2075 2600 enecari,
2088 2549 2129 2587 si
2144 2546 2317 2599 mulier,
2347 2560 2450 2603 quoe
2464 2550 2511 2588 in
2526 2550 2766 2588 menstruis

1474 2627 1549 2670 est,
1590 2617 1744 2659 solutis
1780 2613 1980 2655 crinibus
2017 2621 2063 2654 et
2103 2612 2223 2654 nudo
2248 2612 2370 2669 pede
2399 2626 2767 2669 unamquamque

1475 2704 1633 2732 aream
1660 2697 1728 2730 ter
1741 2690 1989 2728 circumeat
2003 2699 2018 2724 :
2032 2681 2234 2742 posthoc
2246 2686 2367 2725 enim
2381 2682 2591 2725 decidere
2614 2697 2769 2726 omnes

1475 2759 1748 2804 vermiculos
1768 2767 1811 2800 et
1829 2761 1896 2799 ita
1917 2759 2071 2800 emori.
2095 2753 2153 2815 (Ἴ

1542 2834 1645 2875 Jam
1667 2830 1821 2873 nullus
1842 2828 2006 2871 dubito
2037 2829 2151 2885 quin
2169 2826 2288 2869 liber
2315 2828 2637 2871 Democriteus
2658 2825 2770 2888 Περὶ

1478 2899 1665 2966 ἱστορίης
1685 2901 1811 2945 idem
1833 2901 1890 2943 sit
1910 2915 2016 2942 cum
2034 2914 2089 2942 eo
2107 2933 2119 2954 ,
2145 2914 2285 2957 quem
2310 2899 2450 2942 Bolus
2462 2900 2640 2958 scripsit
2663 2895 2768 2963 ssepi

1479 2976 1564 3021 τῶν
1597 2975 1644 3019 ἐκ
1676 2975 1752 3029 τῆς
1794 2967 2076 3032 ἀναγνώσεως
2108 2971 2191 3013 τῶν
2223 2970 2419 3032 ἱστοριῶν
2455 2969 2513 3021 εἷς
2548 2969 2772 3015 ἐπίστασιν

1480 3051 1596 3105 ἡμᾶς
1621 3044 1825 3109 ἀγόντων,
1850 3047 1944 3089 sive
1978 3047 2048 3089 De
2070 3044 2268 3087 utilitate
2306 3058 2447 3101 quam
2480 3059 2537 3087 ex
2574 3045 2772 3088 lectione

1482 3123 1779 3167 historiarum
1805 3120 2027 3178 capimus.
2069 3119 2218 3161 Porro
2242 3117 2398 3160 nescio
2431 3131 2488 3159 an
2517 3117 2635 3159 liber
2666 3116 2774 3178 Περὶ

1485 3193 1675 3256 σημείων
1692 3194 1777 3238 τῶν
1799 3190 1840 3246 ἐξ
1859 3190 1980 3247 ἡλίου
2003 3189 2096 3235 κτλ.
2119 3191 2257 3234 lateat
2274 3191 2323 3232 in
2338 3190 2490 3244 titulo,
2510 3205 2652 3248 quem
2668 3192 2776 3234 Dio-

1485 3284 1622 3330 genes
1638 3268 1802 3322 habet,
1830 3262 1985 3325 νομικὰ
2010 3261 2126 3308 αἴτια
2143 3297 2154 3319 ,
2178 3264 2209 3306 i.
2235 3278 2274 3306 e.
2302 3260 2592 3324 ἀστρονομικὰ
2627 3260 2772 3307 αἴτια;

1486 3331 1810 3402 argumentum
1833 3355 1938 3383 cum
1959 3352 2204 3398 magorum
2226 3336 2439 3380 doctrina
2457 3336 2776 3393 conjunctissi-

1540 3482 1589 3532 (*)
1621 3485 1679 3521 Ex
1704 3482 1794 3520 loco
1813 3479 2047 3520 columellae
2078 3480 2186 3528 patet
2209 3479 2424 3518 Kusterum
2444 3478 2494 3516 ad
2516 3478 2649 3516 locum
2668 3478 2778 3518 Suid.

1489 3545 1596 3580 :ecte
1621 3540 1807 3579 lacunam
1823 3538 2027 3587 statuisse,
2047 3541 2085 3576 et
2102 3537 2342 3588 supplevisse
2358 3535 2472 3587 [περὶ]
2486 3537 2613 3575 Λίθων
2625 3566 2636 3584 ,
2654 3547 2779 3585 quum

1490 3598 1756 3639 Bernhardius
1778 3597 1916 3646 jungat
1933 3598 2018 3647 περὶ
2051 3610 2089 3634 σ.
2108 3609 2147 3633 κ.
2171 3610 2208 3634 α.
2239 3595 2369 3632 λίθων.
2399 3615 2448 3622 —-
2478 3594 2586 3633 Idem
2614 3593 2699 3643 περὶ
2720 3595 2781 3630 ἀν-

1491 3666 1696 3707 rimopus
1715 3654 1940 3693 laudatura
1966 3653 2093 3692 schol.
2115 3653 2165 3698 ad
2185 3652 2367 3693 Nicandr.
2401 3652 2518 3691 Ther.
2543 3662 2579 3689 v.
2605 3654 2694 3699 764,
2714 3651 2780 3688 ubi

1491 3726 1563 3764 pro
1587 3714 1715 3757 Βῶλος
1731 3713 1851 3762 vulgo
1866 3712 2009 3761 legitur
2024 3713 2179 3755 Ῥῶλος.
2201 3710 2391 3750 Similiter
2408 3710 2504 3748 abiit
2527 3709 2567 3747 in
2587 3711 2694 3747 Orus
2715 3719 2780 3756 ap.

1493 3773 1630 3812 Galen.
1656 3775 1714 3811 De
1735 3771 1904 3810 antidot.
1935 3774 1994 3820 ΙΙ,
2013 3774 2034 3810 7
2049 3801 2059 3820 ,
2078 3771 2118 3808 in
2137 3770 2267 3810 Dolus
2285 3780 2348 3819 ap..
2368 3768 2575 3808 Columell.
2595 3777 2633 3816 p.
2654 3768 2724 3804 344
2744 3769 2783 3804 et

1496 3833 1570 3869 444
1594 3829 1657 3868 ed.
1687 3824 1923 3868 Commelin.
1938 3859 1948 3877 ,
1967 3830 2007 3867 in
2035 3829 2225 3868 Eubolus
2250 3839 2314 3878 ap.
2335 3831 2504 3866 Vari-on.
2538 3828 2583 3864 R.
2603 3827 2648 3863 R.
2671 3826 2688 3862 Ι
2700 3853 2710 3872 ,
2738 3829 2748 3860 1
2771 3853 2781 3871 ,

1496 3899 1587 3938 quac
1613 3887 1710 3925 citat
1736 3888 1925 3926 Mullach.
1960 3899 1999 3937 p.
2038 3893 2123 3926 156.
2154 3886 2424 3935 Theophrasto
2443 3883 2642 3933 juniorem
2668 3882 2783 3920 fuisse

1495 3946 1685 3984 docemur
1705 3956 1728 3983 a
1745 3946 1931 3994 stephan.
1956 3948 2047 3995 Byz.
2067 3957 2106 3983 v.
2133 3945 2314 3995 Ἄψυνυος
2331 3956 2339 3980 :
2365 3942 2498 3982 ἔστιδὲ
2515 3941 2580 3979 καὶ
2602 3941 2703 3983 εἶδος
2717 3953 2779 3988 φυ-

1496 4007 1588 4052 τοῦ,
1605 4004 1689 4053 περὶ
1708 4003 1752 4041 οὗ
1772 4005 1900 4048 Βῶλος
1929 4005 1949 4042 ὁ
1978 4003 2275 4053 Δημοκρίτειος,
2306 4002 2365 4039 ὅτι
2395 4000 2634 4049 Θεόφραστος
2666 3998 2705 4036 ἐν
2727 4001 2782 4045 τῷ

1497 4063 1582 4112 περὶ
1614 4064 1739 4112 φυτῶν
1768 4061 1889 4112 ἐνάτῳ
1916 4062 1964 4100 τὰ
1993 4061 2168 4111 πρόὸατα
2204 4062 2241 4099 ἐν
2269 4063 2325 4109 τῷ
2362 4058 2498 4107 Πόντῳ
2533 4056 2575 4094 τὸ
2604 4055 2783 4104 ἀψύνθιον

1499 4119 1689 4168 νεμόμενα
1709 4120 1780 4157 οὐκ
1799 4120 1901 4169 ἔχειν
1922 4120 2054 4169 χολήν.
2081 4118 2194 4168 Apud
2214 4120 2430 4155 Varronem
2443 4115 2469 4153 l.
2486 4114 2511 4152 l.
2529 4112 2627 4152 ordo
2647 4115 2784 4151 aucto-

1502 4189 1591 4216 rum
1615 4178 1673 4215 esl
1693 4194 1701 4215 ;
1727 4177 1946 4226 Euphorio
1962 4207 1972 4223 ,
1996 4177 2204 4222 Eubulus,
2237 4173 2534 4223 Lysimachus,
2563 4175 2756 4211 jurensem
2767 4183 2782 4216 ;

1505 4235 1623 4284 igilur
1651 4235 1724 4274 suh
1750 4235 1884 4284 primis
1915 4234 2135 4273 Ptolemaeis
2167 4234 2307 4270 vixisse
2337 4231 2507 4270 xidctur.
