3016 4628
110 402 116 406 -
220 365 438 430 ημένος·
463 334 555 412 ἐπεὶ
575 362 688 412 κατά
705 381 753 427 γε
770 360 846 420 τὴν
866 360 1013 426 χώραν
1037 359 1110 408 καὶ
1132 360 1207 414 τὰς
1217 379 1340 427 στρα-

82 457 85 461 ·
104 464 134 493 ;
145 437 451 495 ἀνυπόδητος
471 435 537 483 ἀεὶ
562 435 635 482 καὶ
658 433 814 498 γυμνὸς
833 432 1038 492 ἐὸάδιζεν,
1058 433 1095 478 εἰ
1114 429 1174 494 μὴ
1207 434 1343 496 ψῦχος

127 509 329 568 θάλλον
349 508 414 568 εἴη
434 507 508 556 καὶ
527 505 880 571 δυσκαρτέρητον,
897 503 1006 551 ὥστε
1024 503 1097 551 καὶ
1119 504 1343 557 παίζοντας

106 652 110 660 ”
122 652 351 716 μεγάλου
367 653 580 699 ποιεῖσθαι
595 651 805 714 χειμῶνος
817 644 1085 709 ἐνδεδυμένον
1109 645 1343 695 Φωκίωνα.

113 726 388 791 Plutarch.
408 723 756 791 Apophthegm.
780 748 831 795 p.
860 731 1046 792 187,F

110 831 111 834 ¹
335 837 413 886 23.
442 836 540 899 (01.
574 834 688 893 115,
708 835 760 894 33
779 851 819 881 a.
845 835 896 880 C.
922 830 1063 895 318?)

186 947 352 996 .ibid.
387 963 429 993 c.
468 960 564 1004 17:
598 943 655 992 ‘O
674 947 774 1007 γοῦν
798 945 949 1007 Δουρις
981 940 1124 1005 ειρηκε
1106 961 1167 1006 ν,
1180 945 1244 995 ὡς
1269 941 1343 1004 με’·

182 992 404 1085 γενόμενος
441 1013 751 1104 (Ἀλέξανδρος)
793 1014 867 1063 καὶ
909 1014 1091 1080 Δαρείου
1129 1014 1347 1080 κρατήσας

83 1090 125 1155 ’“
140 1090 209 1138 ”le
237 1109 321 1137 των
357 1090 594 1136 ἐπιστολῶν
630 1087 680 1135 τὸ
714 1089 975 1152 Χαίρειν,
1009 1086 1164 1144 πλὴνῖ
1146 1107 1187 1135 εν
1229 1086 1347 1140 ὅσαις

78 1155 219 1229 ζραφε
235 1159 465 1220 Φωκίωνι,
476 1179 624 1208 τουτον
646 1158 690 1207 δὲ
709 1159 860 1248 μόνον,
885 1157 1032 1222 ὥσπερ
1057 1158 1346 1224 Ἀντίπατρον,

145 1233 172 1282 δι
191 1253 265 1282 του
286 1233 510 1299 Χαίρειν
529 1231 834 1297 προσηγόρευε.
870 1233 1009 1280 Τοῦτο
1029 1228 1075 1278 δὲ
1100 1230 1172 1278 καὶ
1197 1231 1348 1297 Χάρης

105 1337 107 1339 ·
112 1298 263 1372 όρηκε
292 1306 378 1367 (fr.
413 1307 472 1360 46
500 1302 528 1367 ).

75 1377 196 1428 Cf.
222 1380 391 1425 AElian.
417 1381 474 1425 V.
499 1380 560 1423 H.
582 1379 632 1434 Ι,
657 1376 734 1423 25.
761 1379 1012 1423 Damnatus
1034 1377 1243 1422 Phocion
1271 1378 1345 1422 01.

71 1450 247 1511 15,3.
269 1451 473 1498 Diodor.
500 1452 673 1509 XVIII,
701 1450 780 1508 67.

78 1623 79 1626 ¹
336 1562 414 1610 2·li
443 1556 546 1619 (Ol.
573 1554 680 1613 115,
705 1561 826 1618 4;3.
859 1556 909 1600 C.
939 1554 1073 1616 317.)

70 1666 74 1671 ’
128 1668 374 1714 Athenaeus
386 1667 522 1723 XIII,
538 1681 590 1726 p.
617 1663 729 1720 560,
742 1665 809 1710 F:
829 1661 1032 1726 Δουριςδ’
1052 1663 1132 1707 55*
1095 1660 1260 1722 ..άμιος
1275 1659 1348 1707 καὶ

68 1735 101 1806 ζ
106 1740 232 1784 ιῶτον
261 1734 455 1800 γενέσθαι
477 1733 664 1797 πόλεμόν
689 1752 793 1809 φησι
817 1730 890 1779 δυο
917 1736 1146 1796 γυναικῶν,
1181 1732 1350 1794 Ὀλυμ-

93 1809 212 1863 ρ’δοις
238 1807 312 1855 καὶ
341 1807 603 1872 Εὐρυδίκης·
645 1809 688 1853 ἐν
726 1809 762 1872 ᾧ
798 1805 877 1863 τὴν
915 1804 992 1866 μὲν
1030 1803 1347 1870 βακχικώτερον

75 1840 174 1973 :giiii
185 1879 445 1960 τυμπάνων
481 1879 715 1943 προελθεῖν,
739 1853 820 1934 ἴτὴν
850 1876 887 1923 δ’
925 1875 1164 1939 Εὐρυδίκην
1199 1879 1349 1924 Μακε-

101 1948 237 2000 ’Λκῶς
253 1944 630 2007 καθωπλισμενην,
646 1943 904 2000 ἀσκηθεῖσαν
927 1941 982 1988 τὰ
998 1939 1212 2006 πολεμικὰ
1231 1940 1351 2005 παρὰ

104 2016 338 2082 υννανητη
361 2015 576 2082 Ἰλλυρίδι.
600 2017 671 2063 Cf.
695 2020 923 2078 Droysen.
949 2017 983 2064 l.
999 2017 1032 2064 l.
1049 2031 1099 2076 p.
1129 2020 1218 2069 244
1243 2031 1348 2075 sqq.

350 2116 428 2164 25.
469 2118 564 2180 (ol.
591 2118 705 2175 116,
738 2134 778 2162 1.
808 2133 850 2163 a.
879 2118 928 2163 C.
951 2116 1088 2177 316.)

80 2227 298 2277 Strabo
321 2228 372 2284 Ι,
402 2242 452 2286 p.
486 2225 590 2282 60:
617 2225 766 2287 Δουρις
798 2220 843 2269 δὲ
867 2219 943 2275 τὰς
973 2220 1135 2285 Ῥάγας
1162 2223 1177 2285 (
1188 2221 1350 2286 Ῥαγέ-

126 2299 127 2302 ’
95 2297 279 2385 fflvgo)
298 2296 375 2351 τὰς
397 2294 511 2344 κατὰ
534 2294 710 2354 Μηδίαν
735 2293 983 2356 ὠνομάσθαι
1006 2293 1170 2359 φησὶν“
1154 2294 1238 2341 υπὸ
1265 2315 1351 2343 σει-

96 2383 101 2385 *
134 2372 190 2414 ”v
212 2368 412 2435 ῥαγείσης
432 2388 508 2426 της
523 2367 622 2432 περὶ
638 2366 713 2420 τὰς
739 2365 938 2420 Κασπίας
955 2366 1092 2420 πύλας
1114 2370 1218 2430 γῆς,
1243 2386 1354 2415 ωστε

107 2460 370 2510 τραπηναι
400 2439 544 2494 πόλεις
568 2437 726 2503 συχνὰς
755 2438 829 2486 καὶ
853 2437 1002 2499 κώμας
1025 2437 1100 2484 καὶ
1135 2438 1355 2500 ποταμους

120 2511 265 2571 'fstkotc
291 2511 533 2575 μεταὸολὰς
557 2513 600 2559 δε
591 2510 772 2566 ’.ξασθαι
793 2513 861 2558 Cf.
881 2513 1048 2557 Strabo
1067 2514 1153 2569 XI,
1173 2529 1221 2574 p.
1240 2513 1352 2574 539.

139 2602 236 2648 em
258 2588 503 2649 fragmenti
539 2586 714 2631 iudicat
733 2584 934 2631 Diodor.
967 2586 1108 2642 XIX,
1132 2590 1219 2646 44,
1271 2588 1352 2631 ubi

106 2660 398 2722 Wessehng

47 2902 50 2915 ,
100 2867 179 2936 :9⁰
201 2863 425 2914 lavantem,
452 2874 526 2903 nec
550 2874 714 2902 manum
740 2864 854 2903 extra
879 2864 1066 2915 pallium,
1094 2866 1126 2904 si
1149 2877 1196 2904 00
1225 2867 1362 2906 amici·

119 640 121 644 ,
128 579 259 636 τοὺς
277 577 635 647 στρατευομένους
661 579 832 641 (συστρ.
857 577 979 635 conj.
1001 577 1137 623 Gent.
1156 572 1344 636 )σύμ60-
1377 598 1382 617 ι

1168 254 1575 304 FRAGMENTA.

1375 494 1382 596 1

2583 267 2675 308 ⁴⁷⁸

1695 378 1772 421 26.
1814 374 1906 436 (ol.
1940 377 2042 434 116,
2068 394 2120 434 23
2143 394 2183 425 a.
2211 382 2260 424 C.
2283 380 2416 440 315.)

1662 508 1697 550 E
1730 507 1912 551 Lumo
1947 507 2173 552 DECIMO
2207 510 2448 566 QUINTO

1482 634 2363 696 801101.Α9011.Β11.1Υ,264,Δοῦρις
2386 634 2428 681 δὲ
2453 637 2494 682 ἐν
2511 636 2694 695 niumm

1418 703 1533 750 καὶ
1515 702 1682 768 οεκάτῳ
1704 706 1787 749 τῶν
1806 703 2127 760 Μακεδονικῶν,
2162 704 2345 766 Ἀρκάδα
2384 708 2524 769 φησὶν,
2556 709 2671 773 ἀφ”ι
2648 703 2694 755 οὗ

1418 779 1444 833 ἡ
1470 751 1669 839 Ἀρκαδία
1694 776 1914 832 καλεῖται,
1942 773 2207 838 Ὀρχομενου
2238 778 2348 822 υἱόν·
2379 778 2442 823 διο
2471 798 2543 824 και
2576 781 2694 827 πῶι

1419 850 1493 905 τῆς
1516 846 1738 911 Ἀρκαδίας
1753 845 2036 910 Ὀρχομενόν.

1484 922 1541 965 In
1556 921 1701 966 schol.
1721 920 1877 966 Aldin.
1892 922 1940 964 111
1955 921 2189 979 Aristoph.
2207 921 2328 966 Nub.
2347 919 2433 979 397
2453 922 2677 968 haectrans

1421 993 1524 1036 tulit
1547 994 1787 1047 Musurus,
1809 993 1891 1035 ubi
1914 1007 2001 1051 pro
2035 990 2158 1036 πόλιν
2191 1006 2432 1051 perperam
2453 993 2695 1038 1131105το-

1419 1060 1574 1122 ταμόν.
1598 1063 1808 1108 Ceterum
1834 1062 1894 1107 ct.
1918 1063 2170 1106 Aristotelis
2194 1062 2249 1108 fr.
2272 1062 2348 1120 89.
2368 1088 2431 1096 --
2452 1064 2695 1122 Fragmen-

1420 1143 1518 1178 tum
1534 1135 1593 1179 ad
1611 1143 1789 1195 captam
1810 1150 1835 1179 a
1853 1134 2106 1179 Cassandro
2132 1134 2476 1180 Orchomenum
2495 1134 2611 1179 bene
2630 1151 2699 1180 re·
2711 1134 2727 1143 '

1421 1208 1524 1251 tulit
1544 1208 1855 1251 Hullemanus.

2025 1338 2101 1378 27·

1684 1451 1718 1494 E
1753 1450 1937 1496 LIBRO
1970 1451 2201 1496 DECIMO
2235 1451 2447 1500 SEXTO.

1487 1582 1732 1625 Athenaeus
1746 1582 1860 1636 XII,
1888 1597 1939 1641 p.
1966 1580 2076 1636 542,
2091 1582 2158 1627 C:
2184 1580 2428 1645 Δημήτριος
2446 1582 2488 1629 δὲ
2502 1586 2530 1630 ὃ
2554 1585 2707 1641 ‹tuh-,-

1425 1649 1539 1716 ρευς,
1557 1648 1613 1704 ὥς
1632 1670 1736 1716 φησι
1755 1654 1952 1715 Δουρις’
1934 1671 1976 1698 εν
2000 1655 2052 1718 τῇ
2072 1653 2354 1717 ἑκκαιδεκάτῃ
2371 1658 2454 1701 τῶν
2477 1652 2707 1721 Ἱστοριῶν,

1422 1722 1573 1787 χιλίων
1593 1741 1665 1769 και
1687 1723 1911 1771 διακοσίων
1928 1724 2146 1771 ταλάντων
2163 1728 2259 1772 κατ’
2280 1725 2466 1773 ἐνιαυτὸν
2485 1726 2622 1789 κύριος
2638 1747 2707 1790 γε·

1424 1794 1621 1856 νόμενος,
1649 1794 1722 1842 καὶ
1760 1795 1846 1842 ἀπὸ
1876 1795 2035 1842 τούτων
2073 1797 2238 1861 βραχέα
2282 1800 2481 1844 δαπανῶν
2512 1800 2570 1851 εἰς
2612 1818 2708 1851 τους

1427 1864 1691 1930 στρατιώτας
1730 1885 1802 1913 και
1825 1864 1901 1923 τὴν
1941 1871 2015 1924 τῆς
2040 1867 2204 1922 πόλεως
2239 1869 2460 1926 διοίκησιν,
2490 1889 2544 1916 τα
2579 1869 2707 1916 λοιπα

1429 1939 1572 1984 πάντα
1598 1937 1668 1985 διὰ
1700 1938 1777 1995 τὴν
1811 1938 2042 2002 ἔμφυτον’
2019 1940 2229 2004 ακρασίαν
2255 1941 2461 2006 ἠφάνιζε,
2497 1941 2635 1994 θοίνας
2662 1961 2705 1987 τε

1426 2013 1520 2059 καθ’
1537 2009 1723 2069 ἑκάστην
1741 2010 1906 2075 ἡμέραν
1927 2011 2129 2075 λαμπρὰς
2148 2014 2369 2073 ἐπιτελῶν,
2397 2013 2471 2060 καὶ
2492 2014 2649 2070 πλῆθός
2670 2033 2709 2059 τι

1419 2082 1686 2137 συνδείπνων
1725 2082 1860 2147 ἔχων·
1896 2082 1970 2130 καὶ
1995 2087 2087 2136 ταῖς
2115 2083 2168 2145 μὲ
2171 2103 2192 2129 ν
2218 2084 2427 2139 δαπάναις
2461 2085 2553 2137 ταῖς
2576 2086 2634 2139 εἰς
2657 2087 2709 2130 τὰ

1428 2155 1577 2201 δεῖπνα
1600 2173 1698 2207 τους
1718 2157 1845 2203 Mans
1828 2153 2007 2209 ‘deotc'
1992 2174 2118 2220 υπερε
2100 2154 2254 2216 έὸαλε,
2279 2160 2332 2220 τῇ
2358 2155 2400 2203 δὲ
2435 2157 2709 2219 καθαριότητι

1429 2225 1646 2292 Κυπρίους
1679 2228 1753 2274 καὶ
1796 2227 2029 2282 Φοίνικας·
2061 2228 2260 2292 ῥάσματά
2285 2247 2331 2275 τε
2354 2227 2499 2294 μύρων
2534 2228 2708 2275 ἔπιπτεν

1428 2298 1500 2345 ἐπι
1522 2298 1599 2356 τὴν
1625 2319 1723 2362 γην,
1751 2298 1897 2346 ἀνθινά
1926 2319 1971 2347 τε
2002 2299 2055 2346 τὰ
2079 2300 2218 2347 πολλὰ
2251 2303 2333 2347 τῶν
2377 2302 2423 2347 ἐδ
2400 2318 2506 2366 αφ(
2497 2320 2541 2346 1ν
2565 2301 2608 2346 ἔν
2627 2300 2711 2352 τοῖς

1431 2372 1615 2464 ἀνδρῶσι
1638 2372 1988 2430 κατεσκευάζετο,
2014 2371 2427 2433 διαπεποικιλμένα*
2412 2372 2493 2419 υπὸ
2511 2373 2709 2435 δημιουρ-

1428 2447 1530 2507 γῶν.
1553 2436 1757 2491 ὟΗσανδὲ
1786 2444 1858 2491 καὶ
1880 2463 1981 2510 προς
2003 2451 2206 2506 γυναῖκας
2224 2443 2387 2506 ὁμιλίαι
2411 2443 2712 2504 σιωπώμεναι,

1430 2534 1505 2562 και
1520 2515 1753 2563 νεανίσκων
1777 2515 1926 2580 ἔρωτες
1948 2515 2206 2580 νυκτερινοὶ,
2234 2516 2306 2561 καὶ
2328 2518 2351 2562 ὁ
2373 2519 2457 2568 τοῖς
2478 2515 2619 2566 ἄλλοις
2649 2533 2709 2559 τι·

1432 2586 1601 2649 θέμενος
1642 2587 1820 2650 θεσμους
1856 2587 2123 2651 Δημήτριος,
2154 2586 2229 2634 καὶ
2259 2606 2352 2639 τους
2387 2587 2499 2650 βίους
2534 2587 2712 2640 τάττων,

1432 2659 1742 2719 ἀνομοθέτητον
1769 2661 1909 2706 ἑαυτῶ
1933 2659 2004 2706 τὸν
2040 2658 2130 2723 βίον
2168 2657 2491 2713 κατεσκεύαζεν.
2527 2657 2713 2717 Ἐπεμε-

1433 2732 1547 2777 λεῖτο
1571 2731 1614 2777 δὲ
1640 2730 1714 2777 καὶ
1734 2735 1808 2788 τ’ῆς
1838 2708 1997 2796 (iditum,
2019 2730 2096 2787 τήν
2132 2750 2178 2778 τε
2200 2730 2327 2794 τρίχα
2352 2749 2429 2786 την
2464 2729 2534 2776 ἐπὶ
2554 2733 2628 2785 τῆς
2651 2746 2714 2774 κε·

1435 2868 1593 2918 Caspias
1618 2871 1773 2918 portas,
1791 2869 2091 2918 compluroeque
2106 2878 2251 2907 eversae
2271 2867 2387 2907 urbes
2400 2870 2441 2906 et
2456 2866 2564 2917 pagi,
2582 2875 2628 2903 ac
2640 2863 2713 2902 ssu-

57 2919 59 2922 ’
115 2976 117 2978 q
132 2939 198 3025 ·r,
217 2928 486 2979 exserentem3
506 2927 652 2967 etenim
677 2927 759 2966 ruri
777 2930 848 2967 aut
874 2928 1028 2967 militiae
1055 2929 1186 2968 nudus
1210 2941 1363 2980 semper
1434 2932 1598 2973 viorum
1614 2933 1734 2972 variae
1747 2932 1952 2972 inciderint
1970 2932 2219 2972 mutationes.

238 3002 280 3032 e
304 2992 447 3032 calceis
466 2986 701 3040 incedebat,
732 2991 807 3031 nisi
822 2993 943 3042 frigus
970 2993 1360 3033 vehementissimum

106 3051 388 3099 intolerabile
413 3056 638 3106 incidisset,
666 3055 722 3095 ita
747 3057 792 3095 ut
819 3067 890 3106 per
908 3056 1043 3106 Jocum
1071 3059 1189 3096 etiam
1219 3059 1364 3099 milites

184 3130 277 3159 um
294 3120 385 3171 gelu
401 3119 612 3170 significari
626 3119 772 3159 amicto
792 3120 988 3160 Phocione
1010 3121 1199 3161 dicerent.

684 3200 756 3240 23.

107 3314 112 3326 .
145 3279 182 3311 τήν
215 3270 250 3310 15
266 3270 478 3311 auctorest
491 3271 777 3321 Alexandrum,
794 3283 919 3323 quum
927 3272 1010 3322 jam
1026 3271 1131 3313 victo
1148 3273 1266 3313 Dario
1279 3284 1365 3313 ma·

193 3335 295 3375 esset
308 3363 321 3384 ,
335 3336 377 3374 in
392 3335 565 3386 epistolis
578 3337 660 3376 suis
674 3337 820 3376 nemini
833 3337 1010 3377 Salutem
1031 3339 1253 3388 ascripsisze
1264 3369 1275 3387 ,
1294 3339 1367 3376 nisi

124 3415 127 3419 ·
158 3407 229 3438 uas
239 3397 440 3448 scripserit
464 3397 675 3440 Phocioni:
694 3401 802 3440 hunc
814 3411 937 3439 unum
956 3402 1101 3450 pariter
1116 3404 1236 3451 atque
1253 3401 1365 3440 Anti·

109 3482 146 3516 Ὗ·
175 3471 243 3501 um
263 3461 382 3502 fuisse
401 3473 501 3513 quos
523 3464 727 3514 praemissa
752 3465 879 3504 salute
903 3465 1131 3515 appellaret.
1188 3465 1297 3505 ldem
1327 3466 1368 3503 et

120 3534 154 3587 ᾗ)
187 3535 230 3583 es
243 3526 445 3566 memoriae
460 3525 647 3576 prodidit.

691 3609 764 3649 24.

64 3710 67 3711 ν
102 3678 170 3745 '³⁷75'
201 3689 423 3730 rissamius
455 3691 512 3730 ait
543 3690 716 3740 primum
744 3702 768 3730 a
787 3691 1016 3731 mulieribus
1037 3694 1188 3742 gestum
1220 3691 1367 3731 bellum

56 3754 59 3759 ·
103 3746 201 3807 jur.
223 3752 470 3804 olympiadis
490 3754 531 3794 et
556 3754 795 3804 Eurydices;
827 3755 868 3794 in
899 3765 980 3804 quo
1006 3754 1283 3805 Olympiadem
1316 3755 1371 3794 ait

110 3810 165 3867 ’ᾖ
193 3817 324 3858 antis
353 3818 476 3869 magis
508 3818 549 3871 in
574 3829 727 3859 morem
757 3830 848 3859 cum
875 3820 1071 3871 tympanis
1089 3830 1172 3860 esse
1193 3831 1370 3870 progres-

184 3907 198 3931 ,
218 3879 439 3932 Eurydicen
457 3892 553 3922 vero
578 3882 832 3923 Macedonico
851 3894 963 3923 more
982 3884 1175 3923 armatam
1190 3912 1201 3931 ‚
1218 3885 1264 3922 ut
1280 3893 1371 3932 quae

126 3946 144 3952 “
160 3944 162 3946 ’
176 3958 190 3976 a
200 3960 219 3976 ιι
242 3941 425 3984 Bellicam
435 3944 556 3984 etiam
565 3946 780 3986 exercitata
789 3946 924 3986 suisset
932 3946 1038 3997 apud
1052 3949 1263 3996 Cynnanen
1281 3945 1373 3995 llly-

696 4062 768 4104 25.

123 4139 264 4181 *iuris
285 4141 437 4204 Rhagas
449 4172 462 4192 ‚
481 4153 572 4193 quae
597 4143 639 4183 in
666 4143 795 4184 Media
813 4145 928 4193 sunt,
946 4153 1091 4182 nomen
1120 4143 1211 4183 inde
1230 4143 1374 4183 habere

132 4202 306 4266 &quud
322 4205 442 4250 terrae
470 4205 644 4246 motibus
670 4208 788 4257 rupta
810 4207 926 4247 suerit
941 4206 1124 4260 (ἐρράγη)
1145 4209 1249 4247 terra
1269 4206 1372 4257 apud

2041 3034 2113 3074 26.

1488 3103 1604 3162 Duris
1618 3122 1719 3162 libro
1735 3122 1888 3162 decimo
1904 3122 2041 3172 quinto
2060 3123 2113 3160 De
2130 3119 2247 3159 rebus
2259 3117 2515 3158 Macedonum
2529 3119 2583 3157 ait
2599 3121 2714 3157 Aren·

1438 3185 1550 3236 dem,
1564 3197 1588 3225 a
1606 3197 1686 3236 quo
1703 3186 1867 3226 Arcadia
1887 3195 2031 3224 nomen
2047 3184 2167 3224 habet
2181 3214 2192 3233 ,
2213 3182 2451 3223 orchomeni
2466 3182 2590 3222 filium
2612 3191 2714 3225 esse.

1439 3248 1529 3288 inde
1547 3249 1666 3288 etiam
1684 3250 1822 3289 urbem
1837 3248 2012 3289 Arcadiae
2028 3248 2341 3287 Orchomenum.

2044 3353 2116 3392 27.

1492 3442 1715 3481 Demetrius
1734 3440 1967 3488 Phalereus,
1985 3440 2029 3479 ut
2052 3439 2169 3479 Duris
2190 3440 2322 3478 narrat
2340 3438 2595 3477 ilistoriarum
2616 3438 2713 3476 libro

1441 3504 1598 3543 decimo
1617 3506 1752 3552 sexto,
1774 3514 1897 3553 quum
1920 3503 2027 3542 mille
2037 3505 2084 3541 'et
2109 3502 2281 3541 ducenta
2292 3501 2436 3539 talenta
2452 3500 2660 3549 quotannis
2681 3512 2714 3536 ri

1441 3567 1635 3615 redirent,
1649 3567 1831 3615 exiguam
1845 3565 1965 3615 liuius
1979 3576 2145 3604 summm
2163 3567 2315 3614 partem
2334 3562 2374 3601 in
2388 3562 2553 3600 militum
2569 3563 2711 3611 stipen-

1441 3630 1506 3668 dia
1518 3632 1557 3668 et
1573 3629 1612 3668 in
1630 3629 1799 3668 civitatis
1814 3628 2004 3678 impendit
2018 3627 2408 3673 administrationem,
2427 3625 2573 3674 reliqua
2586 3626 2713 3662 omnm

1441 3705 1512 3744 pro
1532 3693 1648 3733 insita
1666 3693 1739 3732 sibi
1759 3693 2058 3742 intemperantia
2070 3692 2256 3742 profudit.
2274 3691 2389 3746 epula
2401 3689 2573 3739 quotidie
2586 3688 2711 3737 quivu-

1441 3758 1534 3798 dida
1549 3769 1691 3807 magno
1710 3759 1968 3797 convivarum
1984 3767 2148 3796 numero
2171 3756 2380 3803 exhibens;
2396 3757 2433 3794 et
2452 3754 2609 3801 sumptu
2626 3752 2709 3799 qui·

1442 3821 1533 3860 dem
1560 3822 1599 3861 in
1616 3832 1748 3861 coenas
1771 3822 1875 3860 facto
1907 3819 2139 3860 Macedonas
2165 3819 2382 3870 superavit,
2410 3814 2595 3864 elegantia
2621 3824 2712 3851 veru

1445 3886 1610 3936 Cyprios
1628 3888 1668 3926 et
1692 3886 1896 3926 Phoenicae
1910 3899 1922 3935 ;
1938 3887 1979 3925 et
2004 3887 2203 3934 unguenta
2227 3884 2382 3933 largiter
2397 3882 2436 3919 in
2457 3883 2600 3919 terrain
2621 3889 2710 3927 pro-

1449 3949 1728 3999 fundebantur,
1759 3952 1799 3989 et
1827 3949 1954 3990 multa
1979 3949 2019 3987 in
2052 3947 2262 3987 coenaculis
2290 3946 2509 3996 pavimenta
2538 3942 2713 3980 1055011110

1444 4024 1561 4063 opere
1576 4012 1714 4052 florida
1734 4018 1774 4053 et
1785 4014 1992 4053 artificiose
2004 4012 2195 4061 variegata
2218 4013 2341 4048 erant.
2359 4011 2477 4047 Erant
2494 4016 2584 4044 vero
2596 4006 2710 4043 etiam

1444 4076 1554 4116 taciti
1573 4087 1665 4116 cum
1685 4077 1915 4116 mulieribus
1931 4085 2180 4125 congressus,
2208 4074 2247 4111 et
2274 4072 2461 4120 juvenum
2482 4078 2632 4107 amores
2647 4077 2710 4105 nov

1446 4143 1598 4192 cturni;
1618 4143 1658 4182 et
1676 4141 1745 4192 qui
1759 4141 1845 4181 aliis
1864 4142 1966 4191 leges
1986 4137 2246 4189 sumptuarias
2272 4134 2465 4174 scribebat
2498 4131 2714 4171 Demetrius

1444 4207 1646 4257 vitamque
1665 4216 1802 4247 eorum
1820 4204 2108 4251 moderabatur,
2126 4202 2227 4240 idem
2243 4193 2314 4238 sihi
2325 4199 2404 4249 ipse
2414 4198 2531 4237 vitam
2550 4196 2711 4245 elegerat
