3016 4628
235 294 291 332 26
1173 277 1577 328 DEMOCRlTUS
1613 275 1952 325 ABDERl'l'A.

227 409 371 438 mum.
392 394 460 437 Ac
471 407 617 452 quum
631 393 796 437 Bolum
816 391 944 452 apud
958 394 1214 437 Varronem
1233 391 1282 434 in
1300 391 1342 433 Ε
1343 390 1524 452 αόοἰᾳηι

227 475 502 525 corruptum
519 465 782 522 videamus,
808 464 952 509 facilis
976 464 1244 522 conjectura
1260 471 1326 507 est
1358 478 1383 506 a
1406 461 1524 506 Bolo

225 548 387 583 nostro
402 554 500 581 non
532 537 766 582 diversum
797 553 891 582 esse
903 537 1162 590 Eubulum,
1184 537 1265 594 qui
1281 534 1524 578 historiam

229 608 410 656 Mithrae
427 611 729 671 consignavit.
749 611 1064 669 Hieronymus
1076 608 1196 654 Adv.
1216 609 1242 651 J
1248 608 1373 651 ovin.
1399 622 1409 649 :
1431 607 1526 649 Eu·—

227 686 358 728 bulas
373 698 549 744 quoque
567 686 644 743 qui
672 683 912 727 historiam
941 681 1138 726 Mithrae
1161 681 1317 724 multis
1337 680 1502 722 volumi
1509 705 1519 710 -

225 751 355 794 nibus
383 750 651 809 explicavit,
693 758 858 792 narrat
887 749 1017 808 apud
1038 747 1204 790 Persas
1237 749 1324 789 tria
1350 759 1525 802 genera

225 837 464 880 magorum
478 857 488 876 ,
522 837 711 880 quorum
741 825 938 880 primos,
969 824 1049 880 qui
1071 823 1168 862 sint
1198 819 1448 862 doctissimi
1482 826 1528 860 et

225 897 596 953 eloquentissimi,
630 903 827 952 excepta
848 890 1023 949 farina
1057 901 1103 935 et
1122 892 1245 935 olere
1266 889 1388 933 m‘ln’l
1418 904 1525 932 am-

218 969 347 1026 ·plius
368 971 418 1014 in
438 968 540 1011 cibo
562 982 755 1010 sumere.
779 965 992 1009 Eundem
1021 964 1258 1008 Eubulum
1285 971 1526 1006 auctorem

225 1040 504 1083 narrationis
529 1038 587 1083 de
613 1047 748 1082 antro
767 1037 1091 1097 Nympharum
1124 1034 1283 1079 laudat
1309 1035 1527 1094 Porphy-

226 1127 337 1155 rius.

291 1185 484 1227 Restant
500 1184 609 1227 libri
640 1182 698 1226 de
723 1182 868 1226 literis
884 1162 1021 1225 sacris
1036 1215 1048 1236 ,
1072 1196 1190 1239 quos
1213 1181 1325 1224 item
1362 1180 1422 1225 de
1446 1175 1546 1225 do-‘

227 1257 378 1300 ctrina
396 1271 643 1315 magorum
657 1255 791 1298 fuisse
816 1269 999 1298 censeo.
1020 1255 1287 1297 Tractatum
1306 1250 1419 1315 Περὶ
1441 1254 1527 1298 τῶν

228 1328 272 1372 ἐν
290 1326 516 1374 Βαὸυλῶνι
537 1328 660 1391 ἱερῶν
675 1325 948 1388 γραμμάτων
962 1327 1154 1385 respicit
1170 1326 1380 1371 Clemens
1394 1327 1526 1373 Alex.

228 1399 403 1445 Strom.
425 1402 475 1455 I,
502 1415 552 1459 p.
592 1399 675 1443 131
707 1399 835 1458 Sylb.
867 1396 993 1462 (356
1025 1400 1152 1443 Pott.
1177 1397 1190 1459 )
1224 1415 1234 1442 ε
1260 1395 1529 1461 Δημόκριτος

228 1469 326 1524 τοὺς
351 1470 652 1524 Βαὸυλωνίους
677 1469 826 1532 λόγους
855 1469 1028 1527 ἠθικοὺς
1051 1468 1308 1527 πεποίηται·
1357 1469 1529 1532 λέγεται

229 1544 314 1609 γὰρ
347 1543 427 1600 τὴν
464 1542 693 1607 Ἀκικοίρου
723 1542 888 1600 στήλην
933 1545 1264 1609 ἓρμηνευθεῖσαν
1300 1550 1386 1597 τοῖς
1411 1543 1531 1598 ἰδίοις

231 1615 435 1671 συντάξαι
459 1615 790 1679 συγγράμμασι.
810 1638 861 1643 -
878 1619 948 1662 De
965 1619 1163 1662 Acicaro
1182 1633 1350 1677 parum
1364 1619 1526 1677 liquet.

237 1688 368 1735 ldem
402 1700 558 1734 tamen
591 1691 687 1734 sine
712 1690 859 1734 dubio
899 1699 967 1734 est
1002 1691 1084 1748 qui
1123 1687 1172 1736 'A
1186 1683 1312 1751 κίχα
1327 1707 1411 1753 ρος
1449 1707 1525 1750 ap.

232 1765 373 1823 Diog.
394 1765 450 1807 L.
471 1760 528 1818 V,
551 1762 625 1807 50.
642 1765 714 1806 Ita
734 1763 857 1806 enim
877 1763 1220 1822 Theophrastus
1238 1764 1532 1823 inscripserat

232 1835 406 1878 librum
422 1868 435 1891 ‚
456 1850 596 1894 quem
622 1836 856 1895 Diogenes
883 1851 989 1879 cum
1010 1834 1215 1893 ejusdem
1233 1837 1414 1896 scriptis
1433 1834 1531 1900 περὶ

240 1904 482 1963 αὐξήσεως,
533 1904 633 1971 περὶ
673 1905 901 1951 δικανικῶν
939 1906 1104 1968 λόγων,
1153 1906 1251 1970 περὶ
1295 1906 1542 1971 διαὸολῆς,·

241 1979 489 2031 ἐπιστολαῖς
526 1981 773 2039 componit
810 1978 862 2042 (*)
873 2015 883 2025 .
913 1981 1060 2040 Apud>
1079 1982 1358 2026 Strabonem
1389 1985 1498 2029 XVI
1512 2019 1524 2040 ,

234 2069 266 2112 p
275 2089 284 2097 .
301 2053 393 2110 762
406 2051 447 2098 ’A
454 2071 484 2115 χ
487 2049 662 2116 αΐκαρος
671 2056 967 2113 Bosporanus
975 2056 1154 2114 sapiens
1164 2071 1267 2099 cum
1280 2071 1533 2116 gymnoso-

292 2190 343 2238 (*)
374 2191 478 2228 Num
499 2190 603 2229 sorte
629 2189 796 2229 eandem
820 2190 1116 2240 inscriptionem
1136 2190 1365 2243 (Ἀκίχαρος
1389 2194 1451 2232 vel
1475 2194 1533 2234 Ἀ-

235 2247 448 2298 χαΐκαρος)
482 2247 677 2286 habebant
714 2248 892 2297 epistolae
921 2248 1188 2298 Theopompi,
1217 2261 1316 2299 quas
1346 2250 1534 2302 ἀρχαῑκὰς

237 2305 501 2413 ἕθίιόἕφιῑῦὰγς
533 2304 662 2357 vulg&
678 2305 887 2356 inscriptas
910 2304 1075 2344 dicunt?
1109 2305 1172 2355 (v.
1194 2309 1353 2358 Fragm.
1382 2309 1533 2348 Histor.

1597 387 1759 445 phistis
1782 385 2008 431 Indorum
2023 419 2035 442 ,
2055 402 2162 431 cum
2186 390 2331 450 magis
2349 391 2608 446 Persarum,
2625 406 2730 435 cum
2754 391 2896 436 Chat-

1600 459 1711 503 daeis
1733 460 2053 519 Assyriorum,
2079 461 2178 506 aliis
2205 472 2518 522 comparatur.
2543 463 2687 522 Quod
2710 465 2894 525 Bospo—

1599 547 1761 587 ranus,
1781 548 1880 576 non
1909 547 2022 576 vero
2042 533 2325 604 BaPylonius
2362 535 2552 592 dicitur,
2577 536 2694 580 nihil
2711 551 2894 593 moror,

1599 620 1781 648 memor
1805 619 1970 649 eorum
1983 639 1996 660 ,
2033 620 2136 665 quae
2157 606 2216 651 de
2239 609 2391 668 patria
2406 609 2665 652 Zoroastris
2680 608 2897 654 diversis-

1598 677 1711 721 sima
1731 676 2194 722 circumferebantur.
2215 681 2427 724 Fortasse
2441 681 2663 725 Acicarus
2685 671 2813 726 idem
2830 689 2899 726 est

1599 765 1652 793 ac
1667 752 1924 806 Azonacus,
1941 765 2080 810 quem
2096 753 2331 797 Zoroastri
2343 754 2614 814 magistrum
2633 752 2770 798 fuisse
2781 753 2898 798 dicit

1599 823 1774 866 Plinius
1791 823 1951 878 XXX,
1971 838 1998 867 2
2028 821 2117 884 (1).
2141 825 2551 882 Quemadmodum
2563 825 2708 886 igitur
2723 825 2802 870 hic
2818 827 2901 871 Ba-

1599 894 1772 954 bylone
1790 911 1880 939 suae
1901 897 2135 956 sapientiae
2159 907 2462 942 monumenta
2489 898 2614 942 stelae
2638 898 2899 958 insculpse-

1599 978 1671 1013 rat
1689 1003 1701 1024 ,
1727 971 1790 1013 sic
1813 969 1939 1013 idem
1959 970 2074 1014 alius
2095 969 2301 1028 ejusdem
2314 971 2495 1030 generis
2508 971 2655 1015 homo
2667 971 2719 1015 in
2735 968 2901 1016 Meroe

1600 1040 1756 1085 fecisse
1790 1041 2026 1100 putandus
2059 1051 2138 1086 est.
2179 1043 2401 1101 Suspicor
2441 1058 2548 1087 eum
2596 1042 2734 1088 fuisse
2762 1043 2903 1088 istum
2938 1039 2939 1043 ¹
2995 1036 3002 1052 ’

1600 1113 1958 1171 Apollobechen
1992 1114 2237 1173 Coptiten,
2278 1130 2418 1173 quem
2446 1115 2745 1160 Democritus
2767 1115 2902 1160 sicuti
2996 1108 3005 1161 ἶ,

1599 1184 1871 1228 Dardanum
1897 1182 1910 1248 (
1929 1186 1978 1229 in
1998 1182 2181 1248 Φρυγίῳ
2204 1182 2318 1248 λόγῳ
2337 1186 2380 1246 i’)
2401 1187 2648 1230 illustrasse
2671 1186 2902 1232 credeba-
2998 1195 3002 1233 ἑ

1602 1265 1691 1300 tur.
1709 1255 1868 1301 Simile
1908 1266 2235 1318 argumentum
2263 1266 2477 1302 tractasse
2498 1255 2752 1304 Χαλδαῖκὸν
2773 1255 2902 1320 λόγον
2954 1261 2958 1269 ’
2998 1271 3003 1278 ’

1602 1338 1768 1388 sponte
1793 1331 2085 1389 intelligitur.
2105 1330 2366 1375 Obscurum
2403 1345 2518 1373 vero
2543 1329 2659 1388 quid
2683 1337 2916 1375 tractave-⁴
2958 1360 2961 1361 ν
2999 1378 3006 1388 1

1603 1403 1666 1446 rit
1684 1411 1847 1446 auctor
1866 1403 1916 1446 in
1929 1403 2052 1446 libro
2063 1400 2162 1464 περὶ
2185 1404 2370 1464 πυρετοῦ
2394 1401 2516 1457 κτλ.;
2537 1401 2769 1461 siquidem
2785 1417 2901 1462 pro·
2918 1459 2922 1463 η

1602 1475 1757 1519 babile
1778 1485 1844 1519 est
1868 1477 2002 1520 etiam
2020 1475 2159 1534 hujus
2181 1476 2290 1519 libri
2314 1491 2423 1519 cum
2446 1475 2639 1534 reliquis
2657 1475 2904 1536 cognatio-

1603 1563 1710 1591 nem
1723 1548 1925 1607 aliquam
1945 1548 2092 1593 fuisse.
2105 1549 2224 1593 Utut
2237 1557 2328 1602 est,
2349 1548 2441 1591 hoc
2457 1548 2563 1591 satis
2577 1582 2590 1603 ‚
2613 1557 2752 1608 puto,
2773 1547 2905 1592 intel-

1604 1621 1762 1680 ligitur
1785 1617 2081 1680 ὑπομνήματα
2101 1621 2386 1676 Democriti,
2408 1620 2484 1664 vel
2505 1620 2600 1678 ejus
2613 1621 2795 1680 potius,
2822 1621 2904 1679 qui

1602 1694 1874 1752 philosophi
1901 1709 2078 1738 nomen
2099 1695 2320 1738 mentitus
2338 1701 2427 1748 est,
2450 1693 2567 1736 nihil
2595 1693 2874 1737 continuisse
2888 1727 2902 1749 ,

1606 1765 1738 1825 quod
1759 1781 1868 1810 vere
1883 1766 2160 1811 historicum
2174 1766 2327 1810 fuerit.
2347 1765 2465 1810 Cum
2481 1767 2593 1810 stela
2605 1765 2788 1810 Acicari
2798 1763 2909 1824 jure
2967 1783 2971 1786 ⁴
3004 1756 3008 1758 V

1609 1847 1689 1882 tuo
1711 1838 1923 1883 conferas
1955 1855 2080 1896 eam,
2119 1854 2178 1883 ex
2202 1854 2294 1899 qua
2318 1838 2519 1883 deorum
2548 1838 2789 1883 historiam
2819 1837 2908 1883 de·
2962 1830 2964 1832 ’

1606 1913 1788 1972 scripsit
1805 1913 2072 1959 Evemerus.
2090 1944 2094 1947 -

1659 2050 1709 2102 (*)
1736 2054 1906 2105 Movers.
1927 2052 2180 2092 Pkoenizien
2197 2049 2352 2102 tom.1,
2376 2063 2417 2103 p.
2442 2057 2490 2094 97
2517 2052 2669 2103 (Bona.
2696 2052 2906 2104 1841)pro

1606 2109 1808 2162 Ἀκικάρου
1823 2110 2078 2150 scribendum
2092 2097 2280 2161 propohit
2298 2110 2483 2162 Μακάρου
2495 2139 2508 2161 ,
2523 2111 2631 2162 quod
2643 2121 2796 2151 nomen
2810 2111 2904 2151 Her·
2966 2124 2968 2127 ’

1609 2169 1708 2208 culis
1726 2170 1813 2208 erat
1833 2169 1940 2219 apud
1969 2169 2174 2210 Phoenioes
2188 2170 2228 2208 et
2246 2170 2464 2220 AEgyptios.
2487 2170 2653 2210 Confert
2673 2169 2734 2209 vir
2755 2169 2904 2210 doctis-

1607 2228 1732 2268 simus
1749 2227 2012 2278 Theophilum
2030 2227 2089 2267 Ad
2102 2228 2288 2278 Autolyc.
2313 2231 2370 2268 111
2381 2258 2394 2279 ,
2412 2234 2434 2268 2
2457 2244 2466 2269 ε
2489 2228 2535 2269 Τί
2549 2228 2750 2281 ὠφέλησαν
2772 2229 2910 2269 Πυθα-

1610 2285 1726 2338 γὸραν
1757 2286 1807 2326 τὰ
1826 2286 1947 2325 ἄδυτα
1961 2287 2027 2325 καὶ
2046 2287 2338 2338 Ἡρακλέους
2355 2288 2554 2339 στῆλαι;
