3016 4628
1093 269 1156 316 VI
1160 271 1200 317 '1
1205 271 1382 319 ARUM
1421 274 1835 325 FRAGMENTA.

92 378 93 381 ’
101 394 263 463 σμων
278 357 535 440 γράμματα.
555 373 680 432 Φησὶ
700 372 744 422 δὲ
757 373 830 422 καὶ
850 372 912 421 δ’τι
930 376 952 421 6
968 373 1151 439 Χάρμος
1167 378 1224 430 εἷς
1241 374 1420 424 ἕκαστον

107 446 224 495 τῶν
243 444 593 512 παρατιθεμένων
617 443 728 510 ἔχων
747 464 788 492 τι
807 444 1054 509 πρόχειρον,
1074 449 1130 500 ὡς
1152 446 1422 512 προείρηται,

95 516 277 568 ladas:
313 522 400 574 τοῖς
442 517 700 576 Μεσσηνίοις
735 518 1072 580 πεπαιδευμένος
1107 511 1232 581 εἶναι,
1259 523 1316 573 ὡς
1352 519 1426 567 καὶ

96 596 110 643 ξ
137 591 438 656 Καλλιφάνης,
475 593 497 637 6
536 609 612 638 του
651 589 1013 655 Παραὸρύκοντος
1057 590 1248 650 κληθεὶς,
1288 591 1426 658 ἀρχὰς

52 672 55 732 ¹,
90 663 391 727 “compota-mv
433 663 603 710 πολλῶν
649 661 996 727 ἐκγραψάμενος,
1036 662 1254 728 ἀνειληφει
1296 665 1425 730 μέχρι

94 739 262 801 -ᾝτριῶν
282 735 356 783 καὶ
375 733 593 800 τεσσάρων
615 734 790 802 στίχων,
812 734 1104 797 πολυμαθείας
1132 734 1255 790 δόξαν
1284 755 1424 800 προσ-

91 807 100 837 ··‘
135 807 399 870 ποιούμενος.
423 812 604 854 Locum
629 809 754 853 hunc
781 810 1015 868 exscripsit
1041 809 1203 855 Suidas
1225 825 1268 857 v.
1297 807 1424 867 Ἀθη-

63 1272 75 1283 2
44 1107 72 1251 ‘fix-fi&
59 1083 63 1090 -ψ
48 1005 61 1034 2⁵

75 1132 87 1245 x-›<·¹,:·
79 1084 84 1090 ·
75 997 85 1015 ·.
78 967 88 976 ,-

96 876 106 938 ᾗ
135 880 249 934 ναῗος
268 891 313 926 et
332 878 525 944 Χάρμος.

103 955 109 958 ”
199 953 335 998 Idem
358 955 405 1014 Ῑ,
436 968 484 1013 Ρ.
510 958 562 1010 4,
583 955 626 998 D
657 969 668 998 z
691 949 914 1008 Κλεάνθης
933 949 976 998 δὲ
998 953 1020 997 ὁ
1043 952 1333 1015 Ταραντῖνος,
1367 944 1442 1007 ὥς

83 1032 96 1039 ‘
107 1027 119 1054 ·'
134 1042 238 1091 φησι
251 1022 490 1088 Κλέαρχος,
505 1022 648 1070 πάντα
661 1022 780 1087 παρὰ
797 1021 891 1076 τοὺς
906 1022 1058 1077 πότους
1071 1022 1264 1088 ἔμμετρα
1280 1023 1397 1087 ἔλεγε
1409 1061 1421 1083 ,

84 1094 92 1123 ·’
132 1095 206 1145 καὶ
228 1095 454 1162 Πάμφιλος
479 1097 522 1143 δὲ
547 1099 569 1143 6
590 1096 790 1155 Σικελὸς,
811 1098 868 1149 ὡς
889 1100 1050 1142 ταῦτα·

230 1212 364 1263 Ἐγχει
384 1214 481 1251 πιεῖν
499 1225 584 1262 μοι,
601 1213 666 1251 καὶ
686 1213 729 1252 τὸ
749 1212 926 1262 πέρδικος
945 1212 1092 1256 σκέλος.

230 1269 360 1320 Ἀμίδα
374 1269 473 1309 δότω
489 1275 563 1315 τις·
584 1271 608 1317 ἢ
623 1269 844 1309 πλακοῦντά
860 1283 914 1314 τις
931 1269 1048 1308 δότω.

194 1361 327 1406 Idem
347 1363 369 1405 1
383 1395 396 1417 ‚
414 1377 463 1420 p.
489 1366 514 1414 4
531 1395 542 1416 ,
565 1362 602 1405 Ε
624 1376 635 1406 :
653 1355 760 1407 “On
781 1357 1088 1422 Ἀρχέστρατος
1112 1360 1133 1404 6
1158 1357 1420 1422 Συρακόσιος

129 1431 156 1490 ἢ
173 1434 338 1486 Γελῶος
354 1435 396 1479 ἐν
409 1435 478 1496 τῇ,
493 1436 549 1486 ὡς
565 1430 819 1496 Χρύσιππος
835 1431 1083 1496 ἐπιγράφει,
1103 1431 1416 1496 Γαστρονομίᾳ,

71 1510 74 1516 '
127 1508 183 1558 ὡς
219 1503 263 1551 δὲ
297 1503 488 1567 Λυγκευς
523 1523 597 1551 και
630 1503 936 1567 Καλλίμαχος,
963 1501 1256 1567 Ἡδυπαθείᾳ,
1284 1505 1342 1556 ὡς
1373 1503 1417 1550 δὲ

129 1576 378 1640 Κλέαρχος,
413 1575 719 1638 Δειπνολογία,
752 1577 809 1628 ὡς
830 1577 865 1621 δ’
896 1574 1046 1637 ἄλλοι,

33 1643 83 1700 Ῠξςῇἰ,
125 1647 270 1695 ἐπικὸν
295 1647 339 1696 δὲ
361 1648 409 1695 τὸ
434 1648 628 1710 ποίημα,
653 1651 701 1694 οὖ
721 1649 794 1704 η’
771 1646 909 1712 αρχή·

1085 1574 1323 1639 Ὅψοποιίᾳ
1352 1604 1416 1610 -

223 1756 404 1807 Ἱστορίης
427 1755 628 1806 ἐπίδειγμα
643 1733 868 1806 ποιούμενος
888 1753 1038 1793 Ἑλλάδι
1062 1753 1221 1803 πάσῃ...

187 1848 320 1893 Idem
339 1849 454 1907 1,.p
479 1846 532 1904 5,
550 1849 618 1892 F·
640 1843 865 1908 Κλέαρχος
883 1842 928 1889 δέ
947 1861 1050 1908 φησι
1067 1841 1297 1898 Φιλοςενον
1314 1862 1414 1907 προ-

122 1918 346 1983 λουόμενον
360 1915 748 1982 περιέρχεσθαιτὰς
767 1914 922 1973 οἰκίας,
937 1912 1279 1962 ἀκολουθούντων
1296 1916 1412 1980 αὐτῷ

121 1989 286 2037 παίδων
320 1989 394 2051 καὶ
413 1989 626 2053 φερόντων
665 1986 830 2046 ἔλαιον,
870 1978 1004 2043 οἶνον,
1029 1986 1190 2051 γάρον,
1218 1985 1329 2041 ὄξος
1325 2006 1412 2034 και

122 2061 232 2110 ἄλλα
271 2061 524 2122 ἡδύσματα·
565 2059 714 2107 ἔπειτα
757 2059 944 2106 εἰσιόντα
987 2061 1046 2111 εἷς
1078 2058 1166 2112 τὰς
1186 2058 1411 2123 ἀλλοτρίας

29 2175 45 2204 5
107 2133 278 2211 οἰκίας,
308 2131 362 2180 τὰ
393 2132 583 2224 ἑψόμενα
605 2135 691 2184 τοῖς
729 2131 922 2186 ἄλλοις’
898 2130 1066 2195 αρτύειν
1110 2129 1409 2192 εμὸάλλοντα,

29 2252 30 2256 ,
58 2198 177 2254 stbv
214 2209 304 2254 ἐστι
341 2205 489 2271 χρεία,
533 2197 606 2252 εἷθ’
644 2202 775 2258 ου’τως
810 2203 1095 2268 ἀνακάψαντα
1134 2205 1406 2266 εὐωχεῖσθαι.

34 2281 72 2321 Ϊ-’«ἴ
117 2272 256 2334 Οὗτος
276 2281 333 2333 εἷς
347 2277 539 2343 Ἔφεσον
562 2275 887 2336 καταπλεύσας,
904 2275 1040 2340 ευρὼν
1058 2274 1135 2333 τὴν
1160 2273 1408 2339 ὀψοπωλίαν

39 2358 92 2375 “”
116 2351 258 2411 κενὴν,
283 2350 461 2399 ἐπύθετο
483 2349 562 2409 τὴν
586 2348 740 2396 αἰτίαν·
759 2348 832 2395 καὶ
861 2346 1058 2411 μαθὼν“
1033 2367 1097 2394 οτι
1127 2355 1214 2394 πᾶν
1249 2349 1306 2401 εἷς
1328 2346 1408 2409 γά-

73 2440 1759 2475 .*—-—-———„r-—,———·-———-—-——

62 2482 87 2533 ζ’
107 2490 346 2534 ‚ctaneorum
378 2499 544 2528 suorum
574 2487 771 2542 fasciculis
809 2487 988 2535 libellos,
1016 2486 1140 2525 veluti
1172 2485 1401 2535 symbolas,

63 2557 67 2575 ²
113 2553 380 2594 conserebant.
391 2552 454 2592 Ait
466 2551 608 2601 etiam,
618 2551 723 2591 Char
724 2561 852 2600 mum,
865 2561 990 2600 quum
1003 2549 1053 2588 ad
1065 2549 1242 2599 apposita
1252 2540 1404 2598 singula

46 2614 82 2658 ’.
114 2617 299 2665 fercula,
323 2617 369 2655 ut
391 2615 525 2666 paullo
549 2616 643 2654 aute
671 2613 822 2653 dictum
858 2614 941 2663 est,
974 2613 1126 2662 aliquid
1152 2614 1193 2651 in
1218 2615 1402 2662 promptu

0 2714 4 2730 ,
61 2658 78 2702 λ’
112 2679 302 2730 haberet,
309 2681 511 2721 eruditum
531 2680 663 2720 virum
680 2679 784 2730 apud
805 2681 1073 2718 Messanenses
1092 2689 1175 2718 esse
1191 2677 1370 2717 habitum
1390 2689 1400 2716 τ

0 2733 3 2750 ’
22 2743 24 2746 ’
113 2743 223 2791 quod
237 2743 278 2781 et
295 2741 519 2792 Calliphani
537 2740 728 2792 contigit,
751 2740 817 2779 cui
835 2739 1136 2789 Parabrysontis
1155 2749 1372 2788 cognomen
1389 2768 1399 2786 ,

0 2815 2 2835 ἑ
54 2807 56 2810 “
111 2807 197 2858 qui,
221 2815 347 2855 quum
362 2805 583 2844 multorum
600 2802 819 2843 carminum
836 2803 876 2841 et
900 2801 1123 2841 orationum
1149 2800 1338 2851 principia
1362 2800 1402 2838 in

111 2880 205 2909 suos
235 2868 580 2908 commentariolos
607 2867 830 2916 retulisset,
856 2867 938 2904 tres
964 2867 1034 2904 aut
1049 2866 1239 2915 quattuor
1267 2874 1403 2904 versus

22 2935 23 2938 ’
43 2918 78 2989 ἵζ’
111 2933 303 2983 cujusque
318 2931 508 2971 memoria
522 2931 697 2981 tenebat,
714 2930 859 2981 quibus
873 2928 1047 2968 recitatis
1063 2928 1290 2978 multiplicis
1308 2939 1401 2967 eru-

0 2978 1 2983 *
30 2981 68 3036 ἶ
111 2997 269 3038 ditionis
283 2997 441 3037 laudem
457 2997 682 3037 affectabat.

111 3074 114 3076 ’
163 3061 374 3103 Cleanthes
390 3061 650 3110 Tarentinus,
678 3061 724 3100 ut
746 3059 961 3100 Clearchus
981 3058 1120 3107 refert,
1142 3058 1183 3096 in
1212 3057 1401 3097 conviviis

27 3140 33 3161 ¹.
69 3123 91 3167 '.
102 3125 244 3173 *omnia
259 3125 438 3165 versibus
452 3124 975 3176 eloquebatur3pariterque
986 3123 1216 3173 Pamphilus
1225 3123 1392 3162 Siculus.

22 3169 82 3251 [νζ.
93 3174 232 3230 'velut
245 3189 319 3230 ista
337 3205 346 3227 ι

194 3270 247 3304 Da
261 3267 359 3313 quod
371 3267 512 3309 bibam,
531 3269 569 3302 et
586 3266 744 3312 perdicis
759 3276 862 3302 crus.

195 3323 367 3360 matulam
385 3323 476 3359 mihi
491 3322 638 3368 aliquis,
652 3324 715 3358 aut
730 3323 937 3368 placentam
951 3322 1128 3367 porrigat.

78 3389 403 3452 ·‘Archestratus,
438 3401 666 3452 Syracusius
707 3401 789 3441 sive
826 3402 994 3450 Gelous,
1041 3401 1082 3440 in
1123 3411 1263 3450 opere,
1308 3400 1395 3450 cui,

18 3479 27 3504 ‘s
67 3456 370 3522 jssssttihrysippum
387 3466 419 3506 si
437 3465 595 3515 audias,
612 3465 754 3505 titulus
768 3466 827 3505 est
843 3464 1118 3505 Gastronomia
1129 3493 1140 3513 ‚
1158 3463 1270 3513 quasi
1289 3463 1397 3503 dicas

30 3533 80 3584 25-
99 3531 244 3573 :Ventri
260 3532 386 3583 leges;
401 3532 436 3572 si
454 3534 656 3582 Lynceum
672 3533 712 3570 et
735 3530 1049 3579 Callimachum,
1068 3528 1334 3578 Hedypatliia,
1357 3528 1396 3567 id

39 3578 69 3609 ζ’*
108 3596 182 3644 est,
193 3595 416 3646 Voluptatis
425 3595 642 3644 institutio
655 3606 687 3634 si
700 3594 951 3642 Clearcbum
966 3592 1239 3643 Deipnologia,
1254 3593 1279 3632 i.
1295 3603 1317 3632 e
1346 3593 1395 3633 de

8 3643 10 3645 ¹
31 3643 80 3711 'J7
107 3658 243 3705 Coenae
257 3658 429 3709 ratione;
453 3658 486 3698 si
501 3658 620 3708 alios,
635 3657 870 3708 Opsopoeia‚
887 3657 914 3695 i.
930 3667 965 3696 e
984 3656 1035 3696 de
1050 3655 1312 3695 Obsoniorum
1327 3666 1392 3705 ap·

16 3718 63 3766 1³2,
73 3706 275 3792 {moretm
292 3723 352 3762 est
365 3732 460 3761 vero
480 3732 638 3762 carmen
655 3720 896 3761 hexametris
913 3719 1090 3760 versibus
1107 3719 1391 3768 compositum,

12 3770 90 3860 ,ἴς-,ἐζ-
89 3780 219 3841 ciuus
234 3784 308 3824 hoc
321 3785 509 3825 initium·
701 3793 704 3795 ’

193 3875 336 3924 Helladi
347 3875 524 3913 doctrinae
539 3876 725 3922 specimen
740 3884 844 3912 nunc
854 3875 1004 3921 praebeo
1019 3874 1130 3910 toti...

112 3953 371 3994 &Clearchus
380 3953 516 4005 tradit,
526 3955 786 3995 Philoxenum
791 3966 937 4005 ,quum
951 3954 991 3993 in
1004 3954 1144 4004 patria,
1153 3952 1264 3991 tum
1255 3963 1294 3991 m
1308 3952 1393 3992 aliis

58 4014 354 4076 ἀτιιιιιιιιιιε,
378 4018 589 4067 postquam
607 4017 800 4067 lavasset,
825 4017 963 4056 domos
986 4016 1196 4056 circumire
1215 4015 1389 4064 solitum,

4 4076 63 4099 2*
80 4049 273 4122 *inaniis
285 4079 589 4130 comitantibus,
608 4080 679 4132 qui
694 4080 827 4120 oleum
838 4110 850 4130 ,
867 4079 1008 4119 vinum
1019 4109 1031 4129 ‚
1048 4089 1214 4129 garum,
1235 4079 1390 4117 acetum

10 4134 78 4203 ’,
88 4141 261 4195 aliaque
275 4143 523 4184 condimenta
540 4145 707 4194 ferrent;
727 4147 815 4185 tum
835 4145 982 4184 alienas
996 4143 1136 4183 domos
1154 4144 1388 4193 ingressum,

25 4207 199 4299 «afwa
210 4217 282 4256 pro
296 4207 381 4248 aliis
395 4209 680 4259 coquebantur,
697 4219 744 4249 ea
759 4210 910 4259 ipsum,
931 4208 1084 4258 injectis
1099 4218 1189 4257 quae
1210 4218 1309 4257 opus
1329 4207 1387 4246 so-

2619 298 2782 339 σ309

1503 398 1604 441 μους
1625 382 1967 446 συνηγόρασται,
1989 384 2247 446 λουσάμενος
2275 407 2416 453 παρην
2440 390 2658 449 ἄκλητος’
2638 413 2696 447 ως
2712 393 2784 441 τὸν

1500 451 1696 517 νυμφίον.
1722 452 1810 501 Και
1832 453 1940 514 μετὰ
1961 454 2008 501 τὸ
2027 456 2237 503 δεῖπνον’
2210 477 2316 523 ασας
2327 461 2540 522 ὑμέναιον,
2556 458 2604 510 ου
2623 468 2650 522 ἡ
2669 466 2788 540 ἀρχὴ
2821 482 2823 485 ’

1502 544 1519 564 «
1536 524 1660 586 Γάμε
1679 528 1783 572 θεῶν
1801 526 2079 590 λαμπρότατε
2102 549 2120 569 υ
2137 519 2301 584 πάντας
2318 534 2669 596 εψυχαγώγησεν.
2703 540 2784 586 Ἠν

1500 594 1544 641 δὲ
1582 594 1955 686 διθυραμὸοποιός.
1991 597 2079 646 Καὶ
2101 602 2123 645 6
2143 602 2383 664 νυμφίος,«
2402 605 2632 665 Φιλόξενε,
2665 612 2757 655 εἰπε
2771 644 2784 666 ,

1498 665 1572 712 καὶ
1593 665 1738 731 αὔριον
1758 659 1842 715 ωδε
1859 669 2065 723 δειπνεῖς·
2053 706 2067 733 ,
2089 692 2107 714 υ
2129 670 2219 718 Καὶ
2239 675 2261 718 6
2285 673 2510 729 Φιλόξενος
2535 699 2552 719 α
2569 676 2645 725 Αν
2665 679 2792 744 ὄψον,

1499 736 1603 802 ἔφη,
1629 738 1691 800 μὴ
1712 740 1838 804 πωλῇ
1862 759 1936 794 τις.
1961 762 1980 782 υ

2109 861 2126 888 1
2139 862 2185 903 7.

1561 942 1693 987 Idem
1705 944 1793 999 IX,
1806 958 1854 1003 p.
1875 942 1986 1003 396,
2005 946 2042 988 E
2057 941 2310 1009 ’.Κλέαρχος
2332 945 2367 991 δ’
2387 947 2430 992 ἐν
2443 954 2526 1000 τοῖς
2543 948 2652 1012 Περὶ
2669 949 2785 1012 βίων,

1497 1013 1556 1066 εἷς
1574 1012 1699 1059 τοῦτό
1715 1031 1844 1077 φησιν
1859 1014 2080 1076 ὠμότητος
2098 1015 2300 1080 Φάλαριν
2314 1016 2384 1063 τὸν
2397 1017 2598 1082 τύραννον
2614 1021 2783 1085 ἐλάσαι,

1495 1086 1553 1138 ὡς
1582 1085 1805 1147 γαλαθηνὰ
1830 1090 2050 1134 θοινᾶσθαι
2073 1087 2228 1154 βρέφη.

2105 1205 2179 1252 18.

1559 1302 1690 1346 Idem
1715 1305 1835 1359 XII,
1866 1320 1914 1363 p.
1947 1303 2063 1363 539,
2088 1307 2163 1349 Β.
2193 1303 2467 1369 Κλέαρχος
2445 1305 2479 1352 ο’
2505 1308 2546 1352 ἐν
2568 1308 2652 1361 τοῖς
2678 1309 2785 1373 Περὶ

1496 1372 1622 1436 βίων,
1649 1393 1747 1437 περι
1770 1374 1952 1437 Δαρείου
1979 1374 2115 1437 λέγων
2147 1380 2220 1422 τοῦ
2245 1377 2611 1441 καθαιρεθέντοςε
2596 1379 2676 1427 υπὸ
2712 1400 2783 1427 του

1494 1444 1766 1511 Ἀλεξάνδρου
1784 1484 1796 1507 ,
1816 1446 1996 1511 φησίν·«
2025 1446 2082 1495 ‘O
2102 1450 2282 1513 Περσῶν
2305 1449 2527 1514 βασιλευς,
2550 1452 2784 1498 ἀθλοθετων

1491 1518 1577 1571 τοῖς
1615 1517 1691 1572 τὰς
1726 1517 1882 1575 ἡδονὰς
1921 1520 2037 1566 αὐτιι
2073 1520 2409 1584 γνωρίζουσιν,ε
2394 1523 2475 1569 υπὸ
2506 1524 2675 1571 πάντων
2699 1544 2782 1571 των

1491 1590 1627 1647 ἡδέων
1649 1591 1900 1653 ἡττωμένην
1923 1568 2116 1647 ἀπέδειξε
2137 1592 2216 1651 τὴν
2196 1595 2476 1658 νβασιλείαν,
2495 1616 2567 1642 και
2583 1616 2781 1660 καταγω-

1491 1658 1705 1720 νιζόμενος
1731 1660 1882 1707 ἑαυτὸν
1902 1662 1976 1707 οὐκ
1998 1661 2152 1725 ᾔσθετο
2186 1663 2403 1729 πρότερον,
2432 1664 2460 1721 ἢ
2485 1665 2534 1712 τὸ
2565 1670 2781 1731 σκῆπτρον

1490 1730 1625 1795 ἕτεροι
1647 1731 1854 1786 λαὸόντες
1873 1733 2282 1798 ἀνεκηρύχθησαν
2263 1738 2380 1784 ».Cf
2406 1739 2462 1782 fr.
2491 1738 2534 1782 5.

2105 1853 2174 1896 19.

1553 1936 1729 1981 Zenob.
1755 1937 1836 1991 IV,
1861 1935 1953 1992 87:
1975 1934 2394 1992 Λευκηπατίας
2420 1935 2641 1999 Κλέαρχος
2660 1938 2701 1982 ἐν
2719 1939 2780 1982 τῶ

1488 2005 1599 2070 Περι
1622 2005 1723 2070 βίων
1750 2006 1854 2091 φηησὶ
1881 2005 2132 2067 συμὸαίνειν
2153 2025 2194 2052 τι
2218 2007 2330 2096 περὶ
2341 2006 2388 2054 τὸ
2409 2010 2568 2072 ἧπαρ
2550 2007 2621 2054 επί
2640 2014 2779 2066 τἰνων,

1486 2076 1508 2124 ὃ
1530 2076 1690 2132 δειλους
1707 2081 1847 2125 ποιεῖ·
1869 2080 2065 2142 εἷρησθαι
2085 2082 2156 2125 οὖν
2183 2078 2254 2125 ἐπὶ
2275 2081 2358 2126 τῶν
2380 2079 2580 2126 τοιούτων
2598 2076 2673 2137 τὴν
2691 2099 2779 2126 ποι-

1487 2149 1670 2213 ροιμίοιν

2093 2268 2170 2299 20.

1549 2347 1725 2393 Zenob.
1747 2349 1832 2402 IV,
1866 2346 1921 2391 18
1955 2363 1963 2390 :
1993 2346 2236 2392 Τιθωνοῦ
2257 2348 2443 2408 γῆρας·
2486 2345 2664 2392 ἐπὶτῶν
2696 2363 2773 2392 πο·-

1479 2485 1591 2533 rent,
1606 2483 1825 2522 condivisse
1836 2513 1847 2532 ,
1858 2493 1984 2532 eoque
1996 2482 2129 2522 labore
2141 2482 2374 2522 defunctum
2388 2483 2511 2533 epulis
2526 2482 2769 2522 accubuisse.

1480 2549 1591 2589 Idem
1612 2559 1736 2599 quum
1762 2549 1961 2604 Ephesum
1988 2548 2200 2598 aliquando
2216 2548 2458 2598 navigasset,
2487 2548 2773 2598 reperissetque

1482 2623 1655 2651 vacuum
1671 2611 1834 2651 obsonio
1861 2611 2014 2661 sorum,
2033 2621 2193 2650 causam
2209 2613 2512 2660 percunctatus,
2530 2610 2598 2650 ubi
2616 2610 2668 2649 ad
2694 2622 2770 2649 nu·

1478 2678 1578 2728 ptias
1590 2677 1723 2716 omnia
1735 2678 1915 2726 coempta
1929 2676 2046 2715 fuisse
2058 2676 2263 2726 cognovit,
2277 2676 2383 2715 lotus
2398 2675 2448 2715 ad
2463 2676 2593 2726 sponsi
2605 2675 2769 2715 domum

1478 2742 1673 2792 perrexit,
1690 2753 1770 2781 non
1786 2741 1989 2780 invitatus.
2012 2744 2115 2781 Tum
2131 2743 2221 2788 post
2237 2751 2392 2780 coenam
2409 2751 2567 2780 carmen
2596 2741 2771 2790 nuptiale

1478 2819 1635 2858 canens,
1646 2807 1759 2856 cujus
1780 2809 1865 2847 erat
1879 2807 2037 2846 initium
2056 2818 2067 2845 ι
2087 2809 2283 2856 Nuptiae,
2302 2806 2483 2846 dearum
2509 2805 2767 2855 splendidis-

1475 2873 1609 2911 sima!
1630 2871 1794 2910 mirifice
1813 2881 1951 2909 omnes
1964 2870 2179 2909 oblectavit
2202 2885 2212 2909 ι
2231 2871 2316 2908 erat
2335 2870 2438 2908 enim
2460 2868 2769 2918 ditliyrambicus

1476 2938 1607 2986 poeta.
1625 2938 1802 2986 Rogante
1832 2947 1928 2975 vero
1955 2946 2123 2985 sponso,
2159 2946 2258 2974 num
2289 2934 2476 2985 postridie
2506 2946 2642 2974 rursus
2663 2935 2768 2985 apud

1476 3011 1567 3039 eum
1593 3000 1714 3040 vellet
1736 3010 1892 3039 coenare
1913 3015 1922 3038 ε
1945 3000 2008 3039 Sic
2026 3009 2144 3048 sane,
2176 2999 2326 3049 inquit,
2351 2998 2562 3038 obsonium
2593 2998 2625 3037 si
2651 3009 2767 3038 nemo

1475 3065 1633 3105 vendat.

2083 3140 2152 3179 17.

1525 3218 1739 3257 Clearchus
1766 3218 1806 3257 in
1832 3218 1934 3258 Vitis
1960 3217 2122 3266 scribit,
2144 3228 2190 3257 eo
2219 3218 2381 3256 saevitiae
2412 3227 2659 3267 progressum
2682 3227 2763 3255 csse

1474 3281 1749 3331 Phalaridem,
1779 3284 1826 3320 ut
1851 3281 2088 3321 lactentibus
2115 3282 2342 3320 vesceretur
2373 3279 2599 3319 infantibus.

2076 3362 2148 3402 18.

1526 3443 1741 3483 Clearchus
1766 3443 1807 3482 in
1833 3442 1944 3483 libris
1965 3445 2024 3482 De
2052 3441 2166 3492 vitis,
2187 3441 2237 3481 de
2269 3442 2390 3482 Dario
2420 3442 2585 3491 loquens
2613 3439 2681 3490 qui
2711 3439 2760 3477 ab

1470 3506 1694 3546 Alexandro
1713 3506 1892 3546 sublatus
1911 3507 1993 3555 est,
2013 3505 2149 3545 scribit
2174 3521 2183 3544 z
2205 3520 2224 3539 (ι
2251 3508 2458 3544 Persarum
2482 3515 2571 3551 rex,
2600 3503 2760 3553 pra¹mia

1469 3573 1646 3611 statuens
1661 3571 1722 3611 his
1740 3572 1809 3622 qui
1828 3582 1951 3611 novas
1967 3567 2039 3610 sibi
2056 3571 2279 3620 voluptates
2302 3570 2542 3618 indicarent,
2560 3569 2610 3607 ab
2628 3568 2733 3607 omni
2744 3588 2756 3594 -

1469 3634 1544 3674 bus
1559 3634 1604 3673 iis
1619 3634 1768 3674 deliciis
1783 3635 1906 3684 srang'
1923 3635 2128 3684 evertique
2151 3645 2267 3673 suum
2284 3633 2492 3684 imperium
2512 3641 2647 3681 passus
2662 3633 2718 3669 est
2743 3643 2751 3665 τ

1468 3710 1542 3739 nec
1555 3700 1663 3750 prius
1678 3700 1872 3739 intellexit
1889 3700 2019 3750 ipsum
2035 3710 2077 3739 se
2089 3699 2287 3743 debellare
2302 3729 2312 3748 ,
2331 3708 2452 3748 quam
2465 3696 2529 3735 alii
2543 3694 2753 3734 renuntiati

1467 3765 1560 3802 sunt
1574 3764 1773 3813 sceptrum
1789 3773 1911 3802 manu
1930 3765 2122 3802 tenentes.
2151 3778 2169 3795 υ

2083 3845 2150 3884 19.

1516 3924 1611 3964 Albi
1626 3925 1827 3974 jecinoris
1841 3924 1978 3975 homo]
1991 3923 2206 3967 Clearchus
2220 3922 2319 3961 libro
2337 3923 2392 3958 De
2404 3917 2494 3956 vitis
2509 3916 2649 3954 auctor
2670 3916 2725 3952 est
2737 3942 2748 3959 ‚

1465 4000 1635 4039 quorum
1653 3989 1784 4040 hepati
1804 3990 1958 4030 certum
1975 3987 2174 4039 quoddam
2193 3986 2334 4025 vitium
2355 3980 2561 4027 acciderit,
2580 3978 2745 4017 meticu-

1466 4051 1571 4092 losos
1596 4052 1720 4092 reddi.
1747 4055 1806 4093 De
1827 4052 1973 4103 quibus
1992 4051 2225 4100 usurpatum
2248 4044 2512 4097 proverbium.

2073 4129 2146 4169 20.

1519 4205 1689 4247 Tithoni
1702 4203 1910 4254 senectus]
1930 4205 1988 4244 De
2007 4199 2195 4251 longaevis
2219 4199 2257 4237 et
2273 4193 2478 4244 decrepitis
2495 4192 2740 4242 usurpatum.
