3008 4542
188 590 421 643 Suidas:
451 592 687 654 Περσαῖος,
724 587 945 650 Κιττιευς,
974 590 1199 656 φιλόσοφος
1234 593 1429 646 στωικός,

132 659 175 708 v⁴³1³
204 663 397 722 πεκλήθη
416 661 459 709 δὲ
472 661 546 709 καὶ
563 660 793 726 Δωρόθεος.
806 654 894 709 Ἠν
916 660 991 708 δὲ’
974 681 1044 708 επι
1057 682 1140 708 των
1154 663 1319 727 χρόνων
1338 665 1433 711 Ἀν-

135 737 312 800 ’ζ-’γόνου
329 755 406 784 του
426 738 595 784 Γονατᾶ
617 735 708 781 υἷου
730 733 1007 798 Δημητρίου,
1027 736 1221 795 μαθητὴς
1239 736 1436 793 Ζήνωνος

240 809 486 875 φιλοσόφου.
514 805 730 871 Ἱστορίαν
767 802 809 868 (”
817 807 1052 870 Εγραψεν*
1042 807 1228 870 ιστορίαν
1255 811 1433 854 Eudoc.

128 898 167 917 1,
185 883 348 938 ,362),

210 957 407 1016 Diogen.
430 958 486 1000 L.
506 955 615 1009 VII,
645 953 740 999 36:
772 950 977 1009 Μαθηταὶ
1003 951 1047 998 δὲ
1070 951 1266 1009 Ζηνωνος
1286 953 1436 1000 πολλοι

104 1061 107 1065 -
139 1025 242 1092 μὲν,
278 1025 449 1081 ἔνδοξοι
460 1024 504 1072 δὲ
540 1027 754 1090 Περσαῖος
779 1023 1029 1088 Δημητρίου
1067 1024 1288 1086 Κιττιευς,
1315 1025 1360 1072 ὃν
1397 1045 1435 1073 οι

94 1109 125 1134 ‘³‘
144 1097 224 1164 μὲν
247 1094 456 1164 γνώριμον
479 1100 640 1159 αὐτοῦ,
667 1099 705 1143 οἳ
727 1096 769 1143 δὲ
791 1099 879 1143 οἶκε
869 1095 960 1154 ’την
985 1095 1057 1143 ἕνα
1082 1100 1165 1144 τῶν
1187 1099 1244 1151 εἷς
1271 1098 1434 1160 βιὸλιο-

96 1184 129 1238 ³ss
123 1170 329 1238 γραφίαν
363 1169 656 1233 πεμπομένων
683 1171 802 1234 αὐτῳ
833 1169 953 1232 παρὰ
990 1169 1332 1233 Ἀντιγόνου,οὓ
1363 1171 1437 1218 καὶ

116 1242 323 1310 ’,τροφευς
357 1247 408 1301 ἠν
440 1247 514 1290 τοῦ
537 1241 687 1295 παιδὸς
711 1241 1017 1295 Ἀλκυονέως...
1046 1241 1206 1290 Βιὸλία
1233 1241 1275 1288 δὲ
1308 1245 1436 1291 αὐτου

97 1317 122 1342 ²
109 1315 318 1384 φέρεται
345 1316 472 1363 τάδε·
509 1314 619 1379 Περὶ
657 1314 893 1378 βασιλείας.
933 1314 1200 1363 Πολιτεία
1237 1318 1438 1363 Λακω-

36 1440 38 1445 ,
146 1387 291 1447 νική.
316 1388 426 1453 Περὶ
438 1387 596 1452 γάμου.
615 1386 726 1452 Περι
747 1386 947 1439 ἀσεὸείας
963 1387 1176 1445 Θυέστης.
1205 1387 1349 1452 Περι’
1331 1386 1440 1453 ερώ-

81 1459 248 1510 των.
268 1460 601 1526 Προτρεπτικοί.
622 1460 881 1526 Διατριὸῶν,
899 1463 1066 1525 Χρειῶν
1082 1459 1287 1525 τέσσαρα.
1314 1461 1439 1508 Ἀπο-

29 1592 31 1594 ,
72 1550 107 1593 ‚¹³
149 1532 648 1597 μνημονεύματα.”Πρὸς
668 1531 766 1587 τοὺς
788 1532 1022 1586 Πλάτωνος
1040 1531 1194 1595 νόμους
1218 1532 1346 1580 ἑπτά.

27 1657 30 1662 ,
70 1642 96 1653 ..
211 1604 344 1654 Idem
361 1609 448 1655 VII
462 1643 475 1664 ,
496 1608 551 1655 6:
570 1604 774 1668 Ἤκμαζε
798 1606 1068 1669 (Περσαῖος)
1089 1604 1201 1652 κατὰ
1220 1603 1295 1662 τὴν
1317 1623 1438 1669 τρια·

146 1678 303 1737 κοστὴν
320 1677 394 1726 καὶ
420 1678 655 1736 ἑκατοστὴν
679 1677 961 1739 Ὀλυμπιάδα
987 1677 998 1741 (
1013 1678 1130 1740 260)
1150 1715 1162 1736 ‚
1182 1675 1267 1735 ἤδη
1292 1676 1442 1741 γέρον-

34 1811 35 1814 ,
62 1780 95 1814 ς
146 1768 215 1806 τος
235 1750 351 1805 ὄντος
376 1750 571 1808 Ζήνωνος
599 1751 685 1813 (cf.
722 1753 924 1798 Clinton.
949 1754 1003 1798 F.
1037 1754 1097 1798 H.
1126 1753 1197 1812 ΙΙ,
1221 1767 1269 1812 p.
1301 1751 1438 1812 368).

41 1860 90 1877 ,
146 1850 208 1862 --
235 1827 322 1872 vit.
354 1828 484 1873 Arat.
520 1827 611 1884 ΙΙΙ,
633 1841 681 1886 p.
711 1824 798 1881 58,
825 1825 880 1869 16
902 1825 978 1872 ed.
1007 1826 1258 1871 Westerm.
1285 1839 1296 1871 ε
1322 1825 1438 1888 Παρ’

28 1919 95 1962 „25
146 1898 263 1962 αὐτῷ
299 1897 561 1960 (Antigono
587 1897 744 1958 Gon.)
771 1895 978 1959 διέτριὸεν
1007 1896 1221 1959 Περσαῖος
1245 1895 1438 1949 στωικός.

146 1969 269 2018 lbid.
295 1986 344 2031 p.
374 1970 456 2029 60,
483 1983 570 2017 10:
598 1967 830 2033 Σχολάσας
851 1965 1030 2032 Ἄρατος
1051 1967 1258 2033 Περσαίῳ
1284 1971 1344 2031 τῷ
1371 1987 1438 2032 <pz-

18 2029 97 2098 ἶ
87 2040 318 2107 λοσόφῳ
341 2039 542 2100 Ἀθήνησι
574 2040 648 2087 καὶ
687 2039 900 2087 συνελθὼν
925 2042 1040 2105 αυτῷ
1078 2041 1136 2094 εἷς
1167 2040 1440 2089 Μακεδονίαν

23 2115 95 2178 ’ἶῖ
148 2132 315 2176 μεταπε
320 2112 432 2176 μφθζ
414 2132 500 2161 εντι
535 2116 607 2160 ὑπ’
651 2112 908 2176 Ἀντιγόνου.
949 2113 1116 2161 AElian.
1156 2118 1210 2161 V.
1245 2117 1305 2162 Η.
1346 2116 1440 2168 ΙΙΙ,

31 2180 89 2251 ff}
151 2203 205 2245 17
225 2204 236 2236 :
260 2187 528 2252 (Περσαῖος)
553 2185 790 2249 Ἀντίγονον
805 2185 1073 2244 ἐπαίδευσεν.
1094 2189 1295 2231 Multum
1315 2188 1442 2246 apud

0 2261 1 2267 ’
144 2276 303 2335 regem
321 2263 523 2306 Persaeus
545 2262 715 2307 valuit:
741 2276 849 2305 113111
866 2259 1196 2305 Acrocorinthi
1218 2262 1439 2306 custodiae

145 2333 204 2378 ab
230 2349 286 2378 eo
298 2334 543 2394 praefectus
578 2342 667 2390 est,
693 2333 962 2378 testantibus
985 2333 1206 2378 Athenaeo
1240 2349 1289 2392 p.
1326 2334 1437 2394 162,

145 2401 210 2462 D,
236 2416 280 2451 et
303 2407 553 2452 Plutarcho
574 2408 704 2453 Arat.
729 2422 770 2450 0.
806 2405 878 2450 13.
908 2404 1028 2450 Arce
1060 2406 1118 2449 ab
1141 2408 1284 2450 Arato
1309 2415 1442 2466 capta

75 2512 80 2523 2
147 2475 247 2541 (Ol.
284 2476 771 2540 134‚1)interfectus
806 2486 872 2529 est
903 2493 992 2525 sec.
1035 2479 1304 2522 Pausaniam
1327 2480 1438 2534 VII,

28 2553 65 2601 4¹
147 2549 198 2607 8,
225 2550 278 2606 35
306 2553 379 2607 ΙΙ,
410 2551 465 2606 8,
495 2556 546 2608 4,
581 2550 690 2610 fuga
715 2551 879 2607 evasit,
914 2565 1004 2597 500.
1036 2551 1268 2594 Plutarch.
1307 2553 1437 2595 Arat.

6 2643 20 2664 κ
59 2619 67 2661 ξ
149 2622 226 2668 23.
249 2624 390 2668 Plura
421 2623 479 2668 de
503 2623 715 2667 moribus
737 2623 1031 2682 philosophi,
1066 2623 1146 2681 qui
1176 2623 1442 2667 Stoicorum

18 2716 48 2760 2}
145 2697 438 2740 severitatem
468 2711 637 2755 parum
662 2695 913 2750 decebant,
942 2695 1051 2739 vide
1078 2711 1154 2754 ap.
1182 2696 1320 2756 Diog.
1354 2698 1439 2752 L.,

23 2774 52 2798 ³-
142 2768 380 2814 Plutarch.
410 2769 441 2812 l.
479 2769 510 2814 l.
537 2778 583 2812 et
613 2783 690 2827 ap.
714 2767 882 2812 Athen.
909 2784 957 2828 p.
992 2768 1079 2812 162
1099 2803 1111 2824 ‚
1138 2770 1172 2812 Β
1195 2777 1240 2812 et
1265 2769 1374 2824 607,
1402 2772 1441 2813 A

54 2854 55 2857 ’
149 2834 348 2903 (quibus
373 2842 487 2886 locis
508 2841 757 2886 laudantur
779 2842 942 2885 Persaei
967 2839 1223 2900 Συμποτικὰ
1248 2840 1445 2900 ὑπομνή-

149 2929 286 2972 ματα,
313 2930 415 2973 quae
439 2914 604 2958 eadem
638 2914 797 2958 laudat
830 2914 965 2973 Diog.
999 2915 1117 2969 Vll,
1154 2914 1208 2975 1)
1244 2923 1290 2958 et
1322 2915 1444 2958 The—

148 2987 269 3031 mist.
297 2988 422 3032 Orat.
453 3002 503 3046 p.
546 2985 637 3031 358
672 2995 717 3031 et
748 3002 796 3046 p.
834 2985 945 3040 450.
982 2986 1050 3033 Cf.
1086 2987 1259 3032 Gellius
1294 2987 1351 3032 N.
1381 2989 1437 3033 A.

774 3130 811 3168 1.

203 3197 291 3234 Non
324 3193 629 3244 orthaqorisci‚
662 3196 708 3234 ut
741 3197 797 3234 ait
816 3195 992 3245 Polemo,
1022 3198 1217 3234 vocantur
1251 3195 1443 3234 lactantes

151 3258 328 3307 porcelli,
351 3257 420 3297 sed
435 3257 764 3308 ονιὴναρονὶεοὶ,
785 3258 878 3309 quia
906 3259 997 3310 πρὸς
1020 3259 1084 3298 τὸν
1104 3259 1248 3309 ὄρθρον,
1269 3257 1346 3298 sub
1375 3257 1441 3296 di-

154 3322 372 3372 luculum,
405 3324 596 3372 veneant,
616 3324 668 3364 ut
698 3326 875 3363 Persaeus
897 3325 952 3364 ait
977 3324 1019 3363 in
1051 3323 1442 3364 Lacedaemoniorum

152 3387 354 3436 republica
379 3389 419 3427 et
434 3387 682 3428 Dioscorides
696 3388 798 3427 libro
814 3388 1053 3438 Reipublicae
1080 3388 1267 3438 secunde,
1292 3389 1332 3427 et
1353 3387 1441 3427 Ari-

153 3451 294 3491 stocles
309 3451 349 3491 in
375 3451 502 3502 primo
526 3462 688 3503 eorum,
709 3462 808 3502 quos
828 3453 869 3492 et
891 3452 973 3503 ipse
994 3452 1044 3492 de
1053 3450 1443 3492 Lacedaemoniorum

154 3524 237 3568 rep.
261 3515 431 3566 scripsit.

784 3587 824 3624 2.

208 3653 268 3690 De
289 3651 463 3701 epaiclis
483 3653 660 3691 Persaeus
678 3651 718 3691 in
741 3651 1133 3692 Lacedaemoniorum
1162 3651 1363 3700 republica
1386 3649 1443 3688 sic

655 175 659 183 ’
706 169 1360 282 PERSAEUS
1432 175 2228 307 CITTIENSIS.

1234 431 1696 458 *w-

1509 599 1612 654 Vll,
1638 597 1726 654 363
1744 599 1906 644 suidas
1926 616 1971 647 ν.
1991 598 2261 666 Ἑρμαγόρας
2283 606 2497 666 (μαθητὴς
2516 612 2786 678 Περσαίου);

1507 670 1744 729 Menagius
1763 671 1823 715 ad
1844 674 1982 731 Diog.
2012 674 2042 716 l.
2069 675 2098 720 l.
2126 674 2320 737 (quibus
2340 681 2460 725 addc
2482 685 2549 738 11,
2577 685 2659 729 61·
2650 690 2786 742 ,‚vll

1515 756 1603 785 120
1628 743 1735 796 VII,
1780 740 1891 805 18);
1922 746 2123 801 Jonsius;
2159 749 2204 802 1,
2230 764 2284 804 2,
2314 766 2366 808 23
2393 755 2700 803 Hemsterhus.
2732 761 2792 805 ad

1508 813 1770 859 Callimach.
1798 815 1873 862 ed.
1908 818 2084 862 Ernest.
2115 835 2160 878 p.
2191 818 2282 879 590
2304 838 2372 881 sq.
2392 849 2447 863 -v-
2472 827 2671 875 Uberius
2696 831 2792 877 11πο

1507 888 1723 944 persequi
1747 887 1861 931 nihil
1884 890 2045 933 attinet
2064 889 2123 934 ad
2149 906 2260 948 nos,
2287 896 2366 952 qui
2389 906 2571 943 eatenus
2592 905 2793 947 mentio-

1509 972 1614 1000 nem
1657 960 1817 1002 Persaei
1857 975 1952 1003 non
1982 976 2172 1019 prorsus
2209 966 2508 1012 omittendam
2547 971 2788 1030 duximus,

1510 1038 1734 1087 quatenus
1764 1031 1821 1074 de
1842 1033 2099 1090 Republica
2123 1036 2455 1093 Spartanorum
2481 1041 2649 1086 librum
2672 1060 2790 1089 0011-

1511 1101 1655 1161 didit,
1681 1118 1820 1160 quem
1846 1104 2029 1148 duobus
2050 1107 2293 1152 Athenaeus
2314 1110 2426 1154 locis
2446 1127 2791 1162 commemorat.

1826 1230 2127 1279 ΛΑΚΩΝΩΝ
2166 1235 2485 1284 ΠΟΛΙΤΕΙΑ.

2141 1364 2180 1394 1.

1578 1457 1744 1504 Athen.
1775 1459 1918 1517 1v‚p.
1943 1465 2050 1514 140,
2070 1461 2132 1503 Β·
2151 1457 2280 1506 Ἀλλὰ
2300 1459 2386 1522 μὴν
2403 1462 2488 1509 οὐδ’
2507 1465 2799 1529 ὀρθαγορίσκοι

1512 1525 1741 1589 λέγονται,
1767 1525 1825 1582 ὥς
1849 1546 1977 1592 φησιν
2003 1531 2024 1574 ὃ
2050 1528 2278 1592 Πολέμων,
2310 1535 2349 1579 οἱ
2379 1535 2610 1595 γαλαθηνοὶ
2638 1538 2800 1602 χοῖροι,

1514 1598 1609 1644 ἀλλ’
1629 1600 1974 1663 ὀρθραγορίσκοι,
1993 1600 2203 1666 ἐπειπρὸς
2215 1604 2286 1650 τὸν
2303 1603 2449 1671 ὄρθρον
2469 1607 2799 1671 πιπράσκονται,

1513 1690 1569 1724 ως
1603 1673 1864 1734 Περσαῖος
1854 1674 2012 1736 ιστορεῗ
2042 1676 2085 1720 ἐν
2118 1677 2171 1738 τῇ
2197 1678 2430 1741 Λακωνικῇ
2466 1679 2686 1745 πολιτεία,
2725 1682 2799 1727 καὶ

1513 1742 1853 1806 Διοσκουρίδης’
1835 1764 1876 1791 εν
1895 1744 2076 1820 δευτέρῳ
2097 1746 2346 1806 Πολιτείας,
2363 1748 2438 1795 καὶ
2458 1748 2733 1813 Ἀριστοκλῆς
2758 1754 2800 1799 ἐν

1513 1836 1574 1879 τῳ
1594 1815 1788 1881 προτέρω
1812 1817 1886 1863 καὶ
1907 1822 2028 1871 οὗτος
2051 1821 2125 1905 τῆς
2150 1819 2369 1867 Λακώνων
2392 1822 2622 1876 πολιτείας.

2140 1952 2183 1982 2.

1579 2046 1747 2089 Athen.
1771 2048 1833 2091 JV
1838 2062 1913 2105 ,.p
1944 2053 2049 2104 140,
2069 2050 2144 2095 D.
2166 2047 2275 2110 Περὶ
2293 2046 2337 2094 δὲ
2356 2050 2440 2095 τῶν
2457 2046 2671 2097 ἐπαικλων
2696 2054 2760 2100 Πε
2743 2071 2805 2117 ‘p-

1514 2114 1631 2168 σαῖος
1651 2117 1694 2162 ἐν
1715 2119 1768 2180 τῇ
1796 2119 2030 2179 Λακωνικῇ
2057 2117 2250 2165 πολιτεία
2274 2119 2429 2166 οὖτωσι
2453 2121 2632 2185 γράφει·
2664 2124 2804 2172 «Καὶ

1514 2187 1633 2242 εὐθυς
1666 2187 1761 2243 τους
1796 2189 1873 2252 μὲν
1909 2190 2111 2256 εὐπόρους
2144 2193 2288 2253 ζημιοῖ
2322 2193 2378 2245 εἷς
2412 2192 2622 2240 ἐποίῖκλα·
2664 2200 2802 2243 ταῦτα

1515 2262 1551 2307 δ’
1576 2261 1666 2308 ἐστὶ
1696 2261 1806 2323 μετὰ
1832 2263 1894 2308 δε
1859 2281 2000 2309 ειπνον
2023 2262 2308 2326 τραγήματα·
2333 2283 2418 2317 τοις
2442 2254 2477 2311 0‘
2507 2265 2681 2331 ἀπόροις
2708 2269 2802 2314 ἐπι-

1514 2332 1658 2380 τάττει
1678 2332 1876 2396 κάλαμον
1892 2331 1919 2391 ἢ
1938 2334 2164 2382 στιὸάδα
2141 2356 2168 2393 η
2188 2335 2364 2400 φύλλα“
2341 2337 2500 2401 οοίφνης
2516 2337 2671 2402 φέρειν,
2684 2337 2804 2394 ὅπως

1515 2405 1647 2470 ἔχωσι
1668 2405 1722 2452 τὰ
1744 2406 1930 2453 ἐπάϊκλα
1952 2408 2129 2454 κάπτειν
2159 2408 2268 2470 μετὰ
2290 2409 2473 2458 δειπνον.
2529 2409 2697 2457 Γίνεται
2717 2411 2802 2477 γὰρ

1515 2477 1674 2543 ἄλφιτα
1694 2477 1862 2524 ἓλαίω’
1844 2479 2085 2543 ερραμένα,
2109 2479 2155 2526 τὸ
2175 2481 2210 2526 δ’
2227 2477 2373 2527 ὅλον“’
2343 2499 2487 2544 ωσπερ
2503 2482 2740 2544 πολίτευμά
2763 2502 2804 2530 τι

1514 2553 1639 2597 τοῦτο
1659 2549 1710 2607 δὴ
1737 2549 1987 2598 συνίσταται
2008 2551 2174 2616 μικρόν.
2228 2551 2318 2600 Καὶ
2338 2550 2419 2616 γὰρ
2443 2549 2584 2599 ὅντινα
2603 2554 2664 2600 δέ
2629 2573 2664 2600 ει
2686 2557 2802 2621 πρῶ-

1514 2640 1584 2668 τον
1609 2620 1934 2669 κατακεῖσθαι
1910 2643 1938 2680 η
1964 2622 2174 2688 δεύτερον,
2197 2622 2224 2680 ἢ
2250 2623 2321 2670 ἐπὶ
2341 2643 2414 2670 του
2439 2625 2695 2687 σκιμποδίου
2719 2645 2800 2673 κα-

1515 2698 1684 2753 θησθαι,
1702 2694 1844 2742 πάντα
1865 2714 2042 2743 τοιαυτα
2059 2700 2253 2744 ποιοῦσιν
2271 2698 2327 2750 εἷς
2343 2695 2543 2745 ε’πάϊκλα.
2559 2717 2579 2740 ν
2591 2696 2658 2746 Τὰ
2678 2697 2803 2761 ὅμοια

1515 2769 1677 2831 ἱστορεῖ
1697 2767 1770 2813 καὶ
1794 2767 2112 2832 Διοσκουρίδης.

1549 2843 1552 2846 ’
1582 2842 1745 2885 Persaei
1769 2857 1942 2885 nomen
1965 2844 1985 2885 J
1994 2843 2150 2886 onsius
2168 2844 2335 2901 reponi
2357 2843 2506 2886 voluit
2530 2857 2603 2902 ap.
2633 2843 2800 2890 Athen.

1516 2916 1594 2970 IV,
1615 2930 1666 2973 p.
1702 2919 1784 2966 141
1806 2947 1820 2973 ,
1845 2916 1879 2958 Β
1899 2911 1987 2973 pro
2019 2913 2176 2966 Σκαῖος
2191 2949 2202 2970 ,
2221 2931 2315 2974 quo
2341 2916 2447 2959 loco
2470 2931 2593 2958 nunc
2616 2916 2806 2975 legimus

1519 2986 1723 3050 Σφαῖρος.

1515 3129 1651 3170 scribit
1670 3146 1679 3168 :
1700 3145 1718 3164 «
1737 3131 1788 3170 Et
1803 3129 1938 3169 statim
1954 3129 2020 3169 ille
2036 3130 2242 3180 opulentos
2260 3130 2430 3169 mulctat
2448 3129 2613 3180 pecunia
2631 3128 2679 3168 ad
2696 3131 2804 3179 epai-

1516 3194 1673 3232 clorum
1694 3195 1876 3244 sumptus
1895 3193 2132 3232 conferenda
2155 3206 2164 3231 :
2187 3196 2279 3232 sunt
2303 3195 2436 3233 autem
2456 3193 2604 3242 epaicla
2627 3195 2713 3243 post
2726 3203 2804 3231 011·-

1517 3268 1609 3296 113111
1622 3257 1785 3297 bellaria
1803 3273 1812 3296 :
1831 3257 2014 3307 inopibus
2026 3267 2120 3296 vero
2133 3258 2303 3307 imperat
2316 3256 2547 3296 arundinem
2565 3258 2634 3295 aut
2649 3255 2804 3294 frondes

1517 3323 1718 3371 conferre,
1753 3324 1824 3361 aut
1858 3322 1960 3361 lauri
1992 3322 2107 3371 folia,
2139 3321 2282 3372 quibus
2312 3324 2516 3361 uterentur
2547 3321 2596 3360 ad
2631 3320 2803 3359 voranda

1517 3386 1665 3437 epaicla
1688 3387 1807 3426 :sunt
1827 3386 1930 3426 enim
1958 3385 2154 3437 (epaicla)
2183 3386 2341 3436 polenta
2367 3386 2454 3427 oleo
2479 3385 2612 3434 rigata.
2632 3384 2802 3423 Omnino

1516 3462 1612 3491 vcro
1641 3453 1700 3491 est
1726 3452 1814 3491 liaec
1845 3451 1966 3491 veluti
1991 3461 2126 3501 parvae
2148 3451 2355 3500 cujusdam
2379 3449 2603 3500 reipublicae
2630 3448 2800 3487 admini-

1518 3516 1670 3556 stratio.
1711 3519 1812 3556 Nam
1844 3517 1883 3555 et
1909 3526 2030 3566 quem
2072 3516 2252 3565 oporteat
2277 3515 2404 3565 primo
2430 3514 2500 3552 aut
2525 3511 2696 3550 secundo
2715 3511 2801 3550 loco

1518 3580 1765 3620 discumbere
1795 3581 1864 3619 aut
1887 3579 1926 3618 in
1950 3579 2095 3619 lectulo
2126 3578 2282 3628 sedere,
2315 3577 2447 3616 omnia
2477 3575 2567 3615 talia
2594 3575 2733 3613 curant
2761 3573 2800 3612 in

1518 3644 1687 3694 epaielis.
1708 3660 1727 3678 »
