<?xml version="1.0" encoding="UTF-8"?>
<!DOCTYPE html PUBLIC "-//W3C//DTD XHTML 1.0 Transitional//EN"
    "http://www.w3.org/TR/xhtml1/DTD/xhtml1-transitional.dtd">
<html xmlns="http://www.w3.org/1999/xhtml" xml:lang="en" lang="en">
 <head>
  <title>
</title>
<meta http-equiv="Content-Type" content="text/html;charset=utf-8" />
  <meta name='ocr-system' content='tesseract 3.04.00' />
  <meta name='ocr-capabilities' content='ocr_page ocr_carea ocr_par ocr_line ocrx_word'/>
</head>
<body>
  <div class='ocr_page' id='page_1' title='image "./fragmentahistori02mueluoft_0139.png"; bbox 0 0 3016 4628; ppageno 0'>
   <div class='ocr_carea' id='block_1_1' title="bbox 176 380 1454 443">
    <p class='ocr_par' dir='ltr' id='par_1_1' title="bbox 75 351 1454 443">
     <span class='ocr_line' id='line_1_1' title="bbox 176 380 1454 443; baseline -0.001 -16.073"><span class='ocrx_word' id='word_1_1' title='bbox 176 391 308 430; x_wconf 61' lang='lat' dir='ltr'><strong>’Nam</strong></span> <span class='ocrx_word' id='word_1_2' title='bbox 332 382 505 430; x_wconf 86' lang='lat' dir='ltr'><strong>Eadem</strong></span> <span class='ocrx_word' id='word_1_3' title='bbox 525 382 682 443; x_wconf 88' lang='lat' dir='ltr'><strong>paullo</strong></span> <span class='ocrx_word' id='word_1_4' title='bbox 696 381 827 426; x_wconf 86' lang='lat' dir='ltr'><strong>aliter</strong></span> <span class='ocrx_word' id='word_1_5' title='bbox 852 380 1017 424; x_wconf 84' lang='lat' dir='ltr'><strong>Athen.</strong></span> <span class='ocrx_word' id='word_1_6' title='bbox 1044 380 1176 434; x_wconf 90' lang='lat' dir='ltr'><strong>VIII,</strong></span> <span class='ocrx_word' id='word_1_7' title='bbox 1202 396 1251 439; x_wconf 90' lang='lat' dir='ltr'><strong>p.</strong></span> <span class='ocrx_word' id='word_1_8' title='bbox 1282 381 1392 437; x_wconf 73' lang='lat'><strong>344,</strong></span> <span class='ocrx_word' id='word_1_9' title='bbox 1419 384 1454 426; x_wconf 93' lang='lat' dir='ltr'>B</span> 
     </span>
    </p>
   </div>
   <div class='ocr_carea' id='block_1_2' title="bbox 1208 273 2836 336">
    <p class='ocr_par' dir='ltr' id='par_1_2' title="bbox 1208 273 2836 336">
     <span class='ocr_line' id='line_1_2' title="bbox 1208 273 2836 336; baseline 0.009 -16"><span class='ocrx_word' id='word_1_10' title='bbox 1208 273 1289 321; x_wconf 76' lang='lat' dir='ltr'><strong>ET</strong></span> <span class='ocrx_word' id='word_1_11' title='bbox 1321 274 1831 334; x_wconf 82' lang='lat' dir='ltr'><strong>THEOCHRESTUS.</strong></span> <span class='ocrx_word' id='word_1_12' title='bbox 2780 300 2836 336; x_wconf 72' lang='lat'><strong>87</strong></span> 
     </span>
    </p>
   </div>
   <div class='ocr_carea' id='block_1_3' title="bbox 190 448 1481 1234">
    <p class='ocr_par' dir='ltr' id='par_1_3' title="bbox 194 448 1481 875">
     <span class='ocr_line' id='line_1_3' title="bbox 200 448 1481 516; baseline -0.002 -16"><span class='ocrx_word' id='word_1_13' title='bbox 200 457 367 515; x_wconf 85' lang='lat' dir='ltr'><strong>quibus</strong></span> <span class='ocrx_word' id='word_1_14' title='bbox 389 454 572 514; x_wconf 87' lang='lat' dir='ltr'><strong>subjicit</strong></span> <span class='ocrx_word' id='word_1_15' title='bbox 602 469 612 498; x_wconf 88' lang='lat'><strong>:</strong></span> <span class='ocrx_word' id='word_1_16' title='bbox 640 453 729 499; x_wconf 77' lang='grc' dir='ltr'><strong>Τοῦ</strong></span> <span class='ocrx_word' id='word_1_17' title='bbox 756 451 884 496; x_wconf 82' lang='grc' dir='ltr'>αὐτοῦ</span> <span class='ocrx_word' id='word_1_18' title='bbox 909 449 996 511; x_wconf 91' lang='lat' dir='ltr'><strong>(sc.</strong></span> <span class='ocrx_word' id='word_1_19' title='bbox 1023 448 1249 502; x_wconf 83' lang='grc' dir='ltr'>Διοκλέους</span> <span class='ocrx_word' id='word_1_20' title='bbox 1271 455 1343 497; x_wconf 78' lang='grc' dir='ltr'><strong>τοῦ</strong></span> <span class='ocrx_word' id='word_1_21' title='bbox 1379 453 1481 516; x_wconf 74' lang='grc' dir='ltr'>ὀψο-</span> 
     </span>
     <span class='ocr_line' id='line_1_4' title="bbox 198 519 1481 591; baseline -0.004 -18"><span class='ocrx_word' id='word_1_22' title='bbox 198 525 364 591; x_wconf 81' lang='grc' dir='ltr'>φοίγου)</span> <span class='ocrx_word' id='word_1_23' title='bbox 387 524 461 572; x_wconf 81' lang='grc' dir='ltr'><strong>καὶ</strong></span> <span class='ocrx_word' id='word_1_24' title='bbox 480 523 551 571; x_wconf 83' lang='grc' dir='ltr'><strong>τὸν</strong></span> <span class='ocrx_word' id='word_1_25' title='bbox 583 521 712 586; x_wconf 83' lang='grc' dir='ltr'>ἀγρὸν</span> <span class='ocrx_word' id='word_1_26' title='bbox 736 519 1118 583; x_wconf 73' lang='grc' dir='ltr'>καταὸεὸρωκότος</span> <span class='ocrx_word' id='word_1_27' title='bbox 1143 522 1200 574; x_wconf 87' lang='grc' dir='ltr'><strong>εἷς</strong></span> <span class='ocrx_word' id='word_1_28' title='bbox 1226 522 1481 586; x_wconf 70' lang='grc' dir='ltr'>ὀψοφαγίαν,</span> 
     </span>
     <span class='ocr_line' id='line_1_5' title="bbox 197 591 1480 660; baseline -0.001 -17"><span class='ocrx_word' id='word_1_29' title='bbox 197 595 371 654; x_wconf 81' lang='grc' dir='ltr'>ἐπειδὴ,</span> <span class='ocrx_word' id='word_1_30' title='bbox 399 594 553 660; x_wconf 86' lang='grc' dir='ltr'>θερμόν</span> <span class='ocrx_word' id='word_1_31' title='bbox 575 612 679 640; x_wconf 90' lang='grc' dir='ltr'>ποτε</span> <span class='ocrx_word' id='word_1_32' title='bbox 703 591 1050 657; x_wconf 66' lang='grc' dir='ltr'>καταδροχθίσας</span> <span class='ocrx_word' id='word_1_33' title='bbox 1074 591 1212 655; x_wconf 72' lang='grc' dir='ltr'>ἰχθὺν,</span> <span class='ocrx_word' id='word_1_34' title='bbox 1245 592 1376 658; x_wconf 82' lang='grc' dir='ltr'>ἔφησε</span> <span class='ocrx_word' id='word_1_35' title='bbox 1409 594 1480 642; x_wconf 82' lang='grc' dir='ltr'><strong>τὸν</strong></span> 
     </span>
     <span class='ocr_line' id='line_1_6' title="bbox 197 661 1480 730; baseline 0 -16"><span class='ocrx_word' id='word_1_36' title='bbox 197 667 371 730; x_wconf 80' lang='grc' dir='ltr'>οὐρανὸν</span> <span class='ocrx_word' id='word_1_37' title='bbox 397 667 768 721; x_wconf 79' lang='grc' dir='ltr'><strong>κατακεκαῦσθαι,</strong></span> <span class='ocrx_word' id='word_1_38' title='bbox 793 663 972 721; x_wconf 85' lang='grc' dir='ltr'>Λοιπὸν,</span> <span class='ocrx_word' id='word_1_39' title='bbox 996 661 1166 728; x_wconf 79' lang='grc' dir='ltr'>ἔφησεν,</span> <span class='ocrx_word' id='word_1_40' title='bbox 1185 665 1300 726; x_wconf 68' lang='grc' dir='ltr'>ἐστὶ,</span> <span class='ocrx_word' id='word_1_41' title='bbox 1327 669 1348 712; x_wconf 83' lang='grc' dir='ltr'><em>ὃ</em></span> <span class='ocrx_word' id='word_1_42' title='bbox 1364 665 1480 714; x_wconf 89' lang='grc' dir='ltr'>Θεό-</span> 
     </span>
     <span class='ocr_line' id='line_1_7' title="bbox 194 735 1480 805; baseline -0.002 -18"><span class='ocrx_word' id='word_1_43' title='bbox 194 757 353 805; x_wconf 82' lang='grc' dir='ltr'>κριτος,</span> <span class='ocrx_word' id='word_1_44' title='bbox 374 737 439 784; x_wconf 83' lang='grc' dir='ltr'><strong>σοὶ</strong></span> <span class='ocrx_word' id='word_1_45' title='bbox 457 736 529 784; x_wconf 78' lang='grc' dir='ltr'><strong>καὶ</strong></span> <span class='ocrx_word' id='word_1_46' title='bbox 550 735 627 795; x_wconf 80' lang='grc' dir='ltr'><strong>τὴν</strong></span> <span class='ocrx_word' id='word_1_47' title='bbox 652 735 871 782; x_wconf 83' lang='grc' dir='ltr'>θάλασσαν</span> <span class='ocrx_word' id='word_1_48' title='bbox 893 736 1070 793; x_wconf 83' lang='grc' dir='ltr'>ἐκπιεῖν,</span> <span class='ocrx_word' id='word_1_49' title='bbox 1105 735 1178 782; x_wconf 83' lang='grc' dir='ltr'><strong>καὶ</strong></span> <span class='ocrx_word' id='word_1_50' title='bbox 1206 735 1283 800; x_wconf 85' lang='grc' dir='ltr'><strong>ἔσῃ</strong></span> <span class='ocrx_word' id='word_1_51' title='bbox 1306 736 1402 801; x_wconf 89' lang='grc' dir='ltr'>τρία</span> <span class='ocrx_word' id='word_1_52' title='bbox 1427 736 1480 784; x_wconf 86' lang='grc' dir='ltr'><strong>τὰ</strong></span> 
     </span>
     <span class='ocr_line' id='line_1_8' title="bbox 195 805 1393 875; baseline -0.003 -18"><span class='ocrx_word' id='word_1_53' title='bbox 195 812 378 874; x_wconf 86' lang='grc' dir='ltr'>μέγιστα</span> <span class='ocrx_word' id='word_1_54' title='bbox 395 808 628 875; x_wconf 81' lang='grc' dir='ltr'>ἠφανικὼς,</span> <span class='ocrx_word' id='word_1_55' title='bbox 653 811 732 871; x_wconf 76' lang='grc' dir='ltr'><strong>γῆν</strong></span> <span class='ocrx_word' id='word_1_56' title='bbox 758 805 832 854; x_wconf 86' lang='grc' dir='ltr'><strong>καὶ</strong></span> <span class='ocrx_word' id='word_1_57' title='bbox 857 806 1079 854; x_wconf 85' lang='grc' dir='ltr'>θάλασσαν</span> <span class='ocrx_word' id='word_1_58' title='bbox 1101 806 1175 853; x_wconf 82' lang='grc' dir='ltr'><strong>καὶ</strong></span> <span class='ocrx_word' id='word_1_59' title='bbox 1199 808 1393 871; x_wconf 75' lang='grc' dir='ltr'>οὐρανόν.</span> 
     </span>
    </p>

    <p class='ocr_par' dir='ltr' id='par_1_4' title="bbox 190 880 1476 1083">
     <span class='ocr_line' id='line_1_9' title="bbox 257 880 1476 943; baseline -0.002 -14"><span class='ocrx_word' id='word_1_60' title='bbox 257 886 395 929; x_wconf 89' lang='lat' dir='ltr'><strong>Plura</strong></span> <span class='ocrx_word' id='word_1_61' title='bbox 423 884 520 942; x_wconf 84' lang='lat' dir='ltr'><strong>ejus</strong></span> <span class='ocrx_word' id='word_1_62' title='bbox 541 883 721 943; x_wconf 81' lang='lat' dir='ltr'><strong>generis</strong></span> <span class='ocrx_word' id='word_1_63' title='bbox 749 880 857 925; x_wconf 87' lang='lat' dir='ltr'><strong>vide</strong></span> <span class='ocrx_word' id='word_1_64' title='bbox 878 895 955 940; x_wconf 86' lang='lat' dir='ltr'><strong>ap.</strong></span> <span class='ocrx_word' id='word_1_65' title='bbox 982 881 1216 925; x_wconf 84' lang='lat' dir='ltr'><strong>Stobaeum</strong></span> <span class='ocrx_word' id='word_1_66' title='bbox 1241 882 1387 926; x_wconf 86' lang='lat' dir='ltr'><strong>Scrm.</strong></span> <span class='ocrx_word' id='word_1_67' title='bbox 1423 899 1476 939; x_wconf 82' lang='lat'><strong>2,</strong></span> 
     </span>
     <span class='ocr_line' id='line_1_10' title="bbox 194 950 1478 1014; baseline -0.002 -13"><span class='ocrx_word' id='word_1_68' title='bbox 194 962 240 1012; x_wconf 72' lang='lat'><strong>4,</strong></span> <span class='ocrx_word' id='word_1_69' title='bbox 261 971 340 1012; x_wconf 81' lang='lat'><strong>21,</strong></span> <span class='ocrx_word' id='word_1_70' title='bbox 365 955 442 1012; x_wconf 84' lang='lat'><strong>38,</strong></span> <span class='ocrx_word' id='word_1_71' title='bbox 465 955 543 1011; x_wconf 88' lang='lat'><strong>81,</strong></span> <span class='ocrx_word' id='word_1_72' title='bbox 563 953 796 998; x_wconf 87' lang='lat' dir='ltr'>Plutarch.</span> <span class='ocrx_word' id='word_1_73' title='bbox 817 952 984 999; x_wconf 86' lang='lat' dir='ltr'><strong>Moral.</strong></span> <span class='ocrx_word' id='word_1_74' title='bbox 1005 968 1055 1012; x_wconf 90' lang='lat' dir='ltr'><strong>p.</strong></span> <span class='ocrx_word' id='word_1_75' title='bbox 1084 950 1194 1009; x_wconf 77' lang='lat'><strong>534,</strong></span> <span class='ocrx_word' id='word_1_76' title='bbox 1220 954 1274 1014; x_wconf 75' lang='lat' dir='ltr'><strong>C3</strong></span> <span class='ocrx_word' id='word_1_77' title='bbox 1296 954 1478 1013; x_wconf 66' lang='lat' dir='ltr'><strong>631,‘F‚</strong></span> 
     </span>
     <span class='ocr_line' id='line_1_11' title="bbox 190 1026 718 1083; baseline -0.013 -8"><span class='ocrx_word' id='word_1_78' title='bbox 190 1027 400 1076; x_wconf 90' lang='lat' dir='ltr'><strong>Macrob.</strong></span> <span class='ocrx_word' id='word_1_79' title='bbox 418 1030 510 1075; x_wconf 85' lang='lat' dir='ltr'><strong>Sat.</strong></span> <span class='ocrx_word' id='word_1_80' title='bbox 536 1028 648 1083; x_wconf 92' lang='lat' dir='ltr'><strong>VII,</strong></span> <span class='ocrx_word' id='word_1_81' title='bbox 676 1026 718 1070; x_wconf 79' lang='lat'><strong>3.</strong></span> 
     </span>
    </p>

    <p class='ocr_par' dir='ltr' id='par_1_5' title="bbox 190 1094 1476 1234">
     <span class='ocr_line' id='line_1_12' title="bbox 254 1094 1476 1159; baseline 0 -14"><span class='ocrx_word' id='word_1_82' title='bbox 254 1101 487 1147; x_wconf 83' lang='lat' dir='ltr'><strong>Plutarch.</strong></span> <span class='ocrx_word' id='word_1_83' title='bbox 511 1099 680 1144; x_wconf 87' lang='lat' dir='ltr'><strong>Moral.</strong></span> <span class='ocrx_word' id='word_1_84' title='bbox 702 1113 749 1157; x_wconf 90' lang='lat' dir='ltr'><strong>p.</strong></span> <span class='ocrx_word' id='word_1_85' title='bbox 776 1095 889 1152; x_wconf 77' lang='lat'><strong>633,</strong></span> <span class='ocrx_word' id='word_1_86' title='bbox 918 1097 953 1142; x_wconf 92' lang='lat' dir='ltr'>C</span> <span class='ocrx_word' id='word_1_87' title='bbox 984 1112 994 1140; x_wconf 88' lang='lat'><strong>:</strong></span> <span class='ocrx_word' id='word_1_88' title='bbox 1022 1094 1254 1159; x_wconf 86' lang='grc' dir='ltr'>Θεόκριτον</span> <span class='ocrx_word' id='word_1_89' title='bbox 1280 1095 1351 1144; x_wconf 85' lang='grc' dir='ltr'><strong>τὸν</strong></span> <span class='ocrx_word' id='word_1_90' title='bbox 1371 1099 1476 1145; x_wconf 86' lang='grc' dir='ltr'>Χῖον</span> 
     </span>
     <span class='ocr_line' id='line_1_13' title="bbox 190 1169 1475 1234; baseline -0.003 -16"><span class='ocrx_word' id='word_1_91' title='bbox 190 1169 435 1218; x_wconf 84' lang='grc' dir='ltr'>ἀπέκτεινεν</span> <span class='ocrx_word' id='word_1_92' title='bbox 471 1170 755 1234; x_wconf 83' lang='lat' dir='ltr'>(Antigonus</span> <span class='ocrx_word' id='word_1_93' title='bbox 788 1184 872 1214; x_wconf 85' lang='lat' dir='ltr'><strong>rex</strong></span> <span class='ocrx_word' id='word_1_94' title='bbox 905 1169 1050 1213; x_wconf 85' lang='lat' dir='ltr'><strong>altero</strong></span> <span class='ocrx_word' id='word_1_95' title='bbox 1089 1184 1248 1213; x_wconf 88' lang='lat' dir='ltr'><strong>carens</strong></span> <span class='ocrx_word' id='word_1_96' title='bbox 1283 1171 1475 1230; x_wconf 89' lang='lat' dir='ltr'><strong>oculo),</strong></span> 
     </span>
    </p>
   </div>
   <div class='ocr_carea' id='block_1_4' title="bbox 64 1235 1477 1308">
    <p class='ocr_par' dir='ltr' id='par_1_6' title="bbox 64 1235 1477 1308">
     <span class='ocr_line' id='line_1_14' title="bbox 64 1235 1477 1308; baseline -0.004 -17"><span class='ocrx_word' id='word_1_97' title='bbox 64 1235 67 1242; x_wconf 18' lang='grc' dir='ltr'><strong>Ἴ</strong></span> <span class='ocrx_word' id='word_1_98' title='bbox 131 1257 141 1259; x_wconf 71' lang='grc'><em>”</em></span> <span class='ocrx_word' id='word_1_99' title='bbox 189 1243 278 1305; x_wconf 80' lang='grc' dir='ltr'>ὅτι,</span> <span class='ocrx_word' id='word_1_100' title='bbox 302 1241 516 1308; x_wconf 82' lang='grc' dir='ltr'>φήσαντός</span> <span class='ocrx_word' id='word_1_101' title='bbox 537 1259 673 1302; x_wconf 86' lang='grc' dir='ltr'>τινος,</span> <span class='ocrx_word' id='word_1_102' title='bbox 703 1241 760 1294; x_wconf 90' lang='grc' dir='ltr'><strong>εἷς</strong></span> <span class='ocrx_word' id='word_1_103' title='bbox 781 1237 876 1292; x_wconf 90' lang='grc' dir='ltr'>τους</span> <span class='ocrx_word' id='word_1_104' title='bbox 896 1237 1184 1304; x_wconf 79' lang='grc' dir='ltr'>ὅφθαλμους</span> <span class='ocrx_word' id='word_1_105' title='bbox 1164 1258 1215 1286; x_wconf 91' lang='grc' dir='ltr'><strong>αν</strong></span> <span class='ocrx_word' id='word_1_106' title='bbox 1246 1243 1318 1287; x_wconf 77' lang='grc' dir='ltr'><strong>τοῦ</strong></span> <span class='ocrx_word' id='word_1_107' title='bbox 1351 1243 1477 1304; x_wconf 81' lang='grc' dir='ltr'>βασι-</span> 
     </span>
    </p>
   </div>
   <div class='ocr_carea' id='block_1_5' title="bbox 186 1303 1477 1667">
    <p class='ocr_par' dir='ltr' id='par_1_7' title="bbox 186 1303 1477 1667">
     <span class='ocr_line' id='line_1_15' title="bbox 187 1303 1477 1379; baseline -0.002 -17"><span class='ocrx_word' id='word_1_108' title='bbox 187 1314 294 1368; x_wconf 83' lang='grc' dir='ltr'>λέως</span> <span class='ocrx_word' id='word_1_109' title='bbox 317 1313 640 1379; x_wconf 84' lang='grc' dir='ltr'>παραγένηται,</span> <span class='ocrx_word' id='word_1_110' title='bbox 667 1315 870 1370; x_wconf 78' lang='grc' dir='ltr'>σωθῆναι·</span> <span class='ocrx_word' id='word_1_111' title='bbox 908 1310 1039 1358; x_wconf 75' lang='grc' dir='ltr'>Ἀλλά</span> <span class='ocrx_word' id='word_1_112' title='bbox 1077 1330 1174 1374; x_wconf 90' lang='grc' dir='ltr'>μοι,</span> <span class='ocrx_word' id='word_1_113' title='bbox 1207 1303 1300 1358; x_wconf 86' lang='grc' dir='ltr'>ειπε</span> <span class='ocrx_word' id='word_1_114' title='bbox 1283 1331 1343 1374; x_wconf 86' lang='grc' dir='ltr'>..ν,</span> <span class='ocrx_word' id='word_1_115' title='bbox 1374 1313 1477 1359; x_wconf 83' lang='grc' dir='ltr'>ἀδύ-</span> 
     </span>
     <span class='ocr_line' id='line_1_16' title="bbox 187 1385 1474 1450; baseline 0 -17"><span class='ocrx_word' id='word_1_116' title='bbox 187 1406 314 1435; x_wconf 85' lang='grc' dir='ltr'>νατον</span> <span class='ocrx_word' id='word_1_117' title='bbox 338 1387 494 1446; x_wconf 85' lang='grc' dir='ltr'>υπέθης</span> <span class='ocrx_word' id='word_1_118' title='bbox 517 1385 748 1450; x_wconf 85' lang='grc' dir='ltr'>σωτηρίαν.</span> <span class='ocrx_word' id='word_1_119' title='bbox 766 1412 833 1421; x_wconf 95' lang='grc'>-</span> <span class='ocrx_word' id='word_1_120' title='bbox 855 1385 989 1431; x_wconf 86' lang='lat' dir='ltr'><strong>Idem</strong></span> <span class='ocrx_word' id='word_1_121' title='bbox 1012 1387 1074 1431; x_wconf 89' lang='lat' dir='ltr'><strong>ib.</strong></span> <span class='ocrx_word' id='word_1_122' title='bbox 1099 1401 1146 1446; x_wconf 91' lang='lat' dir='ltr'><strong>p.</strong></span> <span class='ocrx_word' id='word_1_123' title='bbox 1179 1402 1253 1443; x_wconf 93' lang='lat'><strong>11,</strong></span> <span class='ocrx_word' id='word_1_124' title='bbox 1277 1389 1355 1432; x_wconf 90' lang='lat' dir='ltr'><strong>A:</strong></span> <span class='ocrx_word' id='word_1_125' title='bbox 1384 1385 1474 1433; x_wconf 83' lang='grc' dir='ltr'><strong>Ἀν-</strong></span> 
     </span>
     <span class='ocr_line' id='line_1_17' title="bbox 187 1456 1476 1523; baseline -0.001 -17"><span class='ocrx_word' id='word_1_126' title='bbox 187 1458 351 1522; x_wconf 82' lang='grc' dir='ltr'>τίγονον</span> <span class='ocrx_word' id='word_1_127' title='bbox 385 1457 429 1505; x_wconf 82' lang='grc' dir='ltr'><strong>δὲ</strong></span> <span class='ocrx_word' id='word_1_128' title='bbox 455 1458 525 1518; x_wconf 84' lang='grc' dir='ltr'><strong>τὸν</strong></span> <span class='ocrx_word' id='word_1_129' title='bbox 557 1456 737 1523; x_wconf 83' lang='grc' dir='ltr'><strong>βασιλέα</strong></span> <span class='ocrx_word' id='word_1_130' title='bbox 767 1459 852 1504; x_wconf 81' lang='grc' dir='ltr'><strong>τῶν</strong></span> <span class='ocrx_word' id='word_1_131' title='bbox 876 1456 1139 1505; x_wconf 84' lang='grc' dir='ltr'>Μακεδόνων</span> <span class='ocrx_word' id='word_1_132' title='bbox 1164 1457 1476 1523; x_wconf 82' lang='grc' dir='ltr'>ἑτερόφθαλμον</span> 
     </span>
     <span class='ocr_line' id='line_1_18' title="bbox 186 1527 1477 1596; baseline -0.001 -18"><span class='ocrx_word' id='word_1_133' title='bbox 186 1530 314 1590; x_wconf 84' lang='grc' dir='ltr'>ὅντα,</span> <span class='ocrx_word' id='word_1_134' title='bbox 335 1529 413 1588; x_wconf 82' lang='grc' dir='ltr'><strong>τὴν</strong></span> <span class='ocrx_word' id='word_1_135' title='bbox 432 1529 625 1596; x_wconf 82' lang='grc' dir='ltr'>πήρωσιν</span> <span class='ocrx_word' id='word_1_136' title='bbox 643 1527 863 1594; x_wconf 80' lang='grc' dir='ltr'>προφέρων</span> <span class='ocrx_word' id='word_1_137' title='bbox 890 1530 949 1582; x_wconf 88' lang='grc' dir='ltr'><strong>εἷς</strong></span> <span class='ocrx_word' id='word_1_138' title='bbox 983 1529 1030 1575; x_wconf 83' lang='grc' dir='ltr'><strong>οὖ</strong></span> <span class='ocrx_word' id='word_1_139' title='bbox 1052 1528 1227 1594; x_wconf 82' lang='grc' dir='ltr'>μετρίαν</span> <span class='ocrx_word' id='word_1_140' title='bbox 1248 1527 1376 1594; x_wconf 77' lang='grc' dir='ltr'>ὀργὴν</span> <span class='ocrx_word' id='word_1_141' title='bbox 1402 1550 1477 1577; x_wconf 84' lang='grc' dir='ltr'><strong>κα-</strong></span> 
     </span>
     <span class='ocr_line' id='line_1_19' title="bbox 186 1601 1475 1667; baseline -0.002 -15"><span class='ocrx_word' id='word_1_142' title='bbox 186 1602 383 1660; x_wconf 81' lang='grc' dir='ltr'>τέστησε.</span> <span class='ocrx_word' id='word_1_143' title='bbox 404 1602 490 1651; x_wconf 81' lang='grc' dir='ltr'><strong>Τὸν</strong></span> <span class='ocrx_word' id='word_1_144' title='bbox 506 1601 589 1666; x_wconf 84' lang='grc' dir='ltr'>γὰρ</span> <span class='ocrx_word' id='word_1_145' title='bbox 610 1601 917 1667; x_wconf 79' lang='grc' dir='ltr'>ἀρχιμάγειρον</span> <span class='ocrx_word' id='word_1_146' title='bbox 937 1601 1221 1666; x_wconf 69' lang='grc' dir='ltr'>Ἐὐτροπίωνα</span> <span class='ocrx_word' id='word_1_147' title='bbox 1239 1602 1475 1665; x_wconf 75' lang='grc' dir='ltr'>γεγενημέ-</span> 
     </span>
    </p>
   </div>
   <div class='ocr_carea' id='block_1_6' title="bbox 114 1668 1471 1740">
    <p class='ocr_par' dir='ltr' id='par_1_8' title="bbox 114 1668 1471 1740">
     <span class='ocr_line' id='line_1_20' title="bbox 114 1668 1471 1740; baseline -0.001 -17"><span class='ocrx_word' id='word_1_148' title='bbox 114 1668 121 1672; x_wconf 46' lang='grc'><em>”</em></span> <span class='ocrx_word' id='word_1_149' title='bbox 185 1694 254 1723; x_wconf 86' lang='grc' dir='ltr'><strong>νον</strong></span> <span class='ocrx_word' id='word_1_150' title='bbox 269 1677 312 1722; x_wconf 82' lang='grc' dir='ltr'><strong>ἐν</strong></span> <span class='ocrx_word' id='word_1_151' title='bbox 325 1673 735 1740; x_wconf 74' lang='grc' dir='ltr'>τάξει[ἐκπέμψας],</span> <span class='ocrx_word' id='word_1_152' title='bbox 749 1671 1067 1738; x_wconf 81' lang='grc' dir='ltr'>παραγενέσθαι</span> <span class='ocrx_word' id='word_1_153' title='bbox 1079 1673 1182 1739; x_wconf 80' lang='grc' dir='ltr'>πρὸς</span> <span class='ocrx_word' id='word_1_154' title='bbox 1196 1673 1321 1720; x_wconf 78' lang='grc' dir='ltr'>αὐτὸν</span> <span class='ocrx_word' id='word_1_155' title='bbox 1336 1674 1471 1735; x_wconf 76' lang='grc' dir='ltr'>ἧξίου,</span> 
     </span>
    </p>
   </div>
   <div class='ocr_carea' id='block_1_7' title="bbox 185 1744 1475 2028">
    <p class='ocr_par' dir='ltr' id='par_1_9' title="bbox 185 1744 1475 2028">
     <span class='ocr_line' id='line_1_21' title="bbox 186 1744 1475 1811; baseline -0.001 -16"><span class='ocrx_word' id='word_1_156' title='bbox 186 1747 260 1796; x_wconf 78' lang='grc' dir='ltr'><strong>καὶ</strong></span> <span class='ocrx_word' id='word_1_157' title='bbox 289 1746 412 1809; x_wconf 88' lang='grc' dir='ltr'>λόγον</span> <span class='ocrx_word' id='word_1_158' title='bbox 435 1748 579 1794; x_wconf 79' lang='grc' dir='ltr'>δοῦναι</span> <span class='ocrx_word' id='word_1_159' title='bbox 599 1745 673 1793; x_wconf 83' lang='grc' dir='ltr'><strong>καὶ</strong></span> <span class='ocrx_word' id='word_1_160' title='bbox 695 1745 861 1792; x_wconf 71' lang='grc' dir='ltr'>λαὸεῒν·</span> <span class='ocrx_word' id='word_1_161' title='bbox 894 1748 1032 1791; x_wconf 75' lang='grc' dir='ltr'>ταῦτα</span> <span class='ocrx_word' id='word_1_162' title='bbox 1064 1744 1108 1792; x_wconf 82' lang='grc' dir='ltr'><strong>δὲ</strong></span> <span class='ocrx_word' id='word_1_163' title='bbox 1134 1746 1475 1811; x_wconf 81' lang='grc' dir='ltr'>ἀπαγγέλλοντος</span> 
     </span>
     <span class='ocr_line' id='line_1_22' title="bbox 186 1811 1472 1884; baseline -0.001 -17"><span class='ocrx_word' id='word_1_164' title='bbox 186 1819 345 1867; x_wconf 84' lang='grc' dir='ltr'>ἐκείνου</span> <span class='ocrx_word' id='word_1_165' title='bbox 363 1818 467 1884; x_wconf 80' lang='grc' dir='ltr'>πρὸς</span> <span class='ocrx_word' id='word_1_166' title='bbox 483 1817 627 1877; x_wconf 79' lang='grc' dir='ltr'>αὐτὸν,</span> <span class='ocrx_word' id='word_1_167' title='bbox 647 1817 720 1865; x_wconf 84' lang='grc' dir='ltr'><strong>καὶ</strong></span> <span class='ocrx_word' id='word_1_168' title='bbox 744 1816 952 1871; x_wconf 81' lang='grc' dir='ltr'>πολλάκις</span> <span class='ocrx_word' id='word_1_169' title='bbox 974 1817 1221 1882; x_wconf 85' lang='grc' dir='ltr'>προσιόντος</span> <span class='ocrx_word' id='word_1_170' title='bbox 1234 1855 1248 1881; x_wconf 87' lang='grc'><strong>,</strong></span> <span class='ocrx_word' id='word_1_171' title='bbox 1271 1812 1334 1866; x_wconf 58' lang='lat' dir='ltr'><strong>E&amp;</strong></span> <span class='ocrx_word' id='word_1_172' title='bbox 1353 1811 1472 1882; x_wconf 65' lang='grc' dir='ltr'>οἶδα,</span> 
     </span>
     <span class='ocr_line' id='line_1_23' title="bbox 186 1888 1473 1958; baseline 0 -20"><span class='ocrx_word' id='word_1_173' title='bbox 186 1889 356 1958; x_wconf 79' lang='grc' dir='ltr'>ἔφησεν,</span> <span class='ocrx_word' id='word_1_174' title='bbox 379 1889 444 1938; x_wconf 80' lang='grc' dir='ltr'><strong>ὅτι</strong></span> <span class='ocrx_word' id='word_1_175' title='bbox 474 1889 592 1954; x_wconf 80' lang='grc' dir='ltr'>ὠμόν</span> <span class='ocrx_word' id='word_1_176' title='bbox 625 1909 680 1952; x_wconf 89' lang='grc' dir='ltr'><strong>με</strong></span> <span class='ocrx_word' id='word_1_177' title='bbox 710 1888 843 1942; x_wconf 80' lang='grc' dir='ltr'>θέλεις</span> <span class='ocrx_word' id='word_1_178' title='bbox 866 1891 927 1954; x_wconf 79' lang='grc' dir='ltr'><strong>τῷ</strong></span> <span class='ocrx_word' id='word_1_179' title='bbox 957 1888 1168 1938; x_wconf 84' lang='grc' dir='ltr'>Κύκλωπι</span> <span class='ocrx_word' id='word_1_180' title='bbox 1191 1895 1473 1956; x_wconf 85' lang='grc' dir='ltr'>παραθεῖναι·</span> 
     </span>
     <span class='ocr_line' id='line_1_24' title="bbox 185 1958 1467 2028; baseline -0.002 -15"><span class='ocrx_word' id='word_1_181' title='bbox 185 1963 409 2022; x_wconf 72' lang='grc' dir='ltr'>ὀνειδίζων,</span> <span class='ocrx_word' id='word_1_182' title='bbox 425 1963 496 2011; x_wconf 85' lang='grc' dir='ltr'><strong>τὸν</strong></span> <span class='ocrx_word' id='word_1_183' title='bbox 519 1961 614 2026; x_wconf 84' lang='grc' dir='ltr'>μὲν,</span> <span class='ocrx_word' id='word_1_184' title='bbox 634 1961 698 2010; x_wconf 76' lang='grc' dir='ltr'><strong>ὅτι</strong></span> <span class='ocrx_word' id='word_1_185' title='bbox 717 1961 876 2027; x_wconf 82' lang='grc' dir='ltr'>πηρὸς,</span> <span class='ocrx_word' id='word_1_186' title='bbox 906 1960 978 2009; x_wconf 83' lang='grc' dir='ltr'><strong>τὸν</strong></span> <span class='ocrx_word' id='word_1_187' title='bbox 999 1960 1065 2021; x_wconf 81' lang='grc' dir='ltr'><strong>δὲ,</strong></span> <span class='ocrx_word' id='word_1_188' title='bbox 1086 1961 1152 2008; x_wconf 78' lang='grc' dir='ltr'><strong>ὅτι</strong></span> <span class='ocrx_word' id='word_1_189' title='bbox 1175 1962 1376 2028; x_wconf 84' lang='grc' dir='ltr'>μάγειρος</span> <span class='ocrx_word' id='word_1_190' title='bbox 1400 1958 1467 2023; x_wconf 69' lang='grc' dir='ltr'><strong>ἦν·</strong></span> 
     </span>
    </p>
   </div>
   <div class='ocr_carea' id='block_1_8' title="bbox 185 2032 1552 2102">
    <p class='ocr_par' dir='ltr' id='par_1_10' title="bbox 185 2032 1552 2102">
     <span class='ocr_line' id='line_1_25' title="bbox 185 2032 1552 2102; baseline 0 -18"><span class='ocrx_word' id='word_1_191' title='bbox 185 2038 396 2094; x_wconf 75' lang='grc' dir='ltr'>κάκεῖνος,</span> <span class='ocrx_word' id='word_1_192' title='bbox 430 2038 690 2102; x_wconf 80' lang='grc' dir='ltr'>Τοιγαροῦν,</span> <span class='ocrx_word' id='word_1_193' title='bbox 727 2033 875 2093; x_wconf 80' lang='grc' dir='ltr'>εἰπὼν,</span> <span class='ocrx_word' id='word_1_194' title='bbox 902 2033 978 2093; x_wconf 87' lang='grc' dir='ltr'><strong>τὴν</strong></span> <span class='ocrx_word' id='word_1_195' title='bbox 1007 2032 1197 2101; x_wconf 84' lang='grc' dir='ltr'>κεφαλὴν</span> <span class='ocrx_word' id='word_1_196' title='bbox 1234 2038 1316 2100; x_wconf 82' lang='grc' dir='ltr'><strong>οὐχ</strong></span> <span class='ocrx_word' id='word_1_197' title='bbox 1342 2035 1467 2093; x_wconf 79' lang='grc' dir='ltr'>ἕξεις,</span> <span class='ocrx_word' id='word_1_198' title='bbox 1544 2073 1552 2083; x_wconf 49' lang='lat' dir='ltr'><strong><em>s</em></strong></span> 
     </span>
    </p>
   </div>
   <div class='ocr_carea' id='block_1_9' title="bbox 185 2105 1469 2174">
    <p class='ocr_par' dir='ltr' id='par_1_11' title="bbox 185 2105 1469 2174">
     <span class='ocr_line' id='line_1_26' title="bbox 185 2105 1469 2174; baseline 0 -18"><span class='ocrx_word' id='word_1_199' title='bbox 185 2107 297 2156; x_wconf 80' lang='grc' dir='ltr'>ἀλλὰ</span> <span class='ocrx_word' id='word_1_200' title='bbox 324 2112 400 2168; x_wconf 76' lang='grc' dir='ltr'><strong>τῆς</strong></span> <span class='ocrx_word' id='word_1_201' title='bbox 427 2105 736 2174; x_wconf 83' lang='grc' dir='ltr'>ἀθυροστομίας</span> <span class='ocrx_word' id='word_1_202' title='bbox 762 2105 922 2164; x_wconf 77' lang='grc' dir='ltr'>ταύτης</span> <span class='ocrx_word' id='word_1_203' title='bbox 950 2106 1024 2155; x_wconf 71' lang='grc' dir='ltr'><strong>καὶ</strong></span> <span class='ocrx_word' id='word_1_204' title='bbox 1050 2107 1205 2169; x_wconf 84' lang='grc' dir='ltr'>μανίας</span> <span class='ocrx_word' id='word_1_205' title='bbox 1226 2106 1375 2162; x_wconf 83' lang='grc' dir='ltr'>δώσεις</span> <span class='ocrx_word' id='word_1_206' title='bbox 1406 2109 1469 2156; x_wconf 85' lang='grc' dir='ltr'>δί-</span> 
     </span>
    </p>
   </div>
   <div class='ocr_carea' id='block_1_10' title="bbox 67 2178 1470 2245">
    <p class='ocr_par' dir='ltr' id='par_1_12' title="bbox 67 2178 1470 2245">
     <span class='ocr_line' id='line_1_27' title="bbox 67 2178 1470 2245; baseline -0.001 -16"><span class='ocrx_word' id='word_1_207' title='bbox 67 2188 70 2195; x_wconf 87' lang='grc'><strong>’</strong></span> <span class='ocrx_word' id='word_1_208' title='bbox 103 2211 105 2222; x_wconf 69' lang='grc' dir='ltr'>ι</span> <span class='ocrx_word' id='word_1_209' title='bbox 183 2201 279 2241; x_wconf 90' lang='grc' dir='ltr'>κην,</span> <span class='ocrx_word' id='word_1_210' title='bbox 311 2182 546 2244; x_wconf 85' lang='grc' dir='ltr'>ἀπήγγειλε</span> <span class='ocrx_word' id='word_1_211' title='bbox 582 2179 638 2227; x_wconf 79' lang='grc' dir='ltr'><strong>τὰ</strong></span> <span class='ocrx_word' id='word_1_212' title='bbox 676 2178 881 2245; x_wconf 77' lang='grc' dir='ltr'>εἰρημένα</span> <span class='ocrx_word' id='word_1_213' title='bbox 914 2181 975 2244; x_wconf 83' lang='grc' dir='ltr'><strong>τῷ</strong></span> <span class='ocrx_word' id='word_1_214' title='bbox 1014 2180 1196 2243; x_wconf 80' lang='grc' dir='ltr'>βασιλεῖ·</span> <span class='ocrx_word' id='word_1_215' title='bbox 1235 2180 1308 2227; x_wconf 81' lang='grc' dir='ltr'><strong>καὶ</strong></span> <span class='ocrx_word' id='word_1_216' title='bbox 1343 2184 1365 2228; x_wconf 79' lang='grc' dir='ltr'><em>ὃ</em></span> <span class='ocrx_word' id='word_1_217' title='bbox 1393 2181 1470 2243; x_wconf 81' lang='grc' dir='ltr'><strong>μὲν</strong></span> 
     </span>
    </p>
   </div>
   <div class='ocr_carea' id='block_1_11' title="bbox 180 2250 1472 2531">
    <p class='ocr_par' dir='ltr' id='par_1_13' title="bbox 183 2250 877 2318">
     <span class='ocr_line' id='line_1_28' title="bbox 183 2250 877 2318; baseline -0.001 -18"><span class='ocrx_word' id='word_1_218' title='bbox 183 2253 359 2318; x_wconf 82' lang='grc' dir='ltr'>πέμψας</span> <span class='ocrx_word' id='word_1_219' title='bbox 375 2253 517 2299; x_wconf 85' lang='grc' dir='ltr'>ἀνεῖλε</span> <span class='ocrx_word' id='word_1_220' title='bbox 535 2250 606 2298; x_wconf 80' lang='grc' dir='ltr'><strong>τὸν</strong></span> <span class='ocrx_word' id='word_1_221' title='bbox 624 2251 877 2316; x_wconf 89' lang='grc' dir='ltr'>Θεόκριτον.</span> 
     </span>
    </p>

    <p class='ocr_par' dir='ltr' id='par_1_14' title="bbox 180 2323 1472 2531">
     <span class='ocr_line' id='line_1_29' title="bbox 247 2323 1472 2387; baseline -0.002 -16"><span class='ocrx_word' id='word_1_222' title='bbox 247 2327 414 2387; x_wconf 82' lang='lat' dir='ltr'><strong>Igitur,</strong></span> <span class='ocrx_word' id='word_1_223' title='bbox 428 2326 465 2370; x_wconf 91' lang='lat' dir='ltr'><strong>si</strong></span> <span class='ocrx_word' id='word_1_224' title='bbox 478 2323 593 2369; x_wconf 89' lang='lat' dir='ltr'>fides</span> <span class='ocrx_word' id='word_1_225' title='bbox 602 2323 817 2368; x_wconf 89' lang='lat' dir='ltr'><strong>habenda</strong></span> <span class='ocrx_word' id='word_1_226' title='bbox 826 2323 950 2368; x_wconf 87' lang='lat' dir='ltr'><strong>hisce</strong></span> <span class='ocrx_word' id='word_1_227' title='bbox 962 2325 1331 2381; x_wconf 82' lang='lat' dir='ltr'><strong>narratiunculis,</strong></span> <span class='ocrx_word' id='word_1_228' title='bbox 1349 2341 1472 2370; x_wconf 89' lang='lat' dir='ltr'><strong>mor-</strong></span> 
     </span>
     <span class='ocr_line' id='line_1_30' title="bbox 184 2393 1470 2456; baseline -0.002 -12"><span class='ocrx_word' id='word_1_229' title='bbox 184 2409 287 2444; x_wconf 89' lang='lat' dir='ltr'><strong>tuus</strong></span> <span class='ocrx_word' id='word_1_230' title='bbox 304 2406 371 2443; x_wconf 91' lang='lat' dir='ltr'><strong>est</strong></span> <span class='ocrx_word' id='word_1_231' title='bbox 379 2397 651 2442; x_wconf 85' lang='lat' dir='ltr'><strong>Theocritus</strong></span> <span class='ocrx_word' id='word_1_232' title='bbox 665 2405 770 2440; x_wconf 87' lang='lat' dir='ltr'><strong>ante</strong></span> <span class='ocrx_word' id='word_1_233' title='bbox 782 2410 857 2439; x_wconf 89' lang='lat' dir='ltr'><strong>an.</strong></span> <span class='ocrx_word' id='word_1_234' title='bbox 881 2394 968 2439; x_wconf 83' lang='lat'><strong>301</strong></span> <span class='ocrx_word' id='word_1_235' title='bbox 987 2410 1027 2441; x_wconf 87' lang='lat' dir='ltr'><strong>a.</strong></span> <span class='ocrx_word' id='word_1_236' title='bbox 1043 2393 1153 2441; x_wconf 87' lang='lat' dir='ltr'><strong>Chr.</strong></span> <span class='ocrx_word' id='word_1_237' title='bbox 1174 2393 1313 2456; x_wconf 83' lang='lat'><strong>(*).—-</strong></span> <span class='ocrx_word' id='word_1_238' title='bbox 1330 2398 1470 2455; x_wconf 88' lang='lat' dir='ltr'><strong>Quod</strong></span> 
     </span>
     <span class='ocr_line' id='line_1_31' title="bbox 180 2468 1469 2531; baseline -0.002 -14"><span class='ocrx_word' id='word_1_239' title='bbox 180 2473 352 2531; x_wconf 85' lang='lat' dir='ltr'><strong>scripta</strong></span> <span class='ocrx_word' id='word_1_240' title='bbox 385 2470 482 2529; x_wconf 86' lang='lat' dir='ltr'><strong>ejus</strong></span> <span class='ocrx_word' id='word_1_241' title='bbox 505 2471 690 2524; x_wconf 84' lang='lat' dir='ltr'><strong>attinet,</strong></span> <span class='ocrx_word' id='word_1_242' title='bbox 727 2468 884 2530; x_wconf 87' lang='grc' dir='ltr'>Χρεῖαι</span> <span class='ocrx_word' id='word_1_243' title='bbox 907 2468 1001 2512; x_wconf 85' lang='lat' dir='ltr'><strong>sive</strong></span> <span class='ocrx_word' id='word_1_244' title='bbox 1033 2470 1176 2512; x_wconf 82' lang='lat' dir='ltr'><strong>Acute</strong></span> <span class='ocrx_word' id='word_1_245' title='bbox 1197 2470 1319 2513; x_wconf 82' lang='lat' dir='ltr'><strong>dicta</strong></span> <span class='ocrx_word' id='word_1_246' title='bbox 1343 2471 1469 2514; x_wconf 85' lang='lat' dir='ltr'><strong>haud</strong></span> 
     </span>
    </p>
   </div>
   <div class='ocr_carea' id='block_1_12' title="bbox 31 2533 1468 2603">
    <p class='ocr_par' dir='ltr' id='par_1_15' title="bbox 31 2533 1468 2603">
     <span class='ocr_line' id='line_1_32' title="bbox 31 2533 1468 2603; baseline -0.002 -14"><span class='ocrx_word' id='word_1_247' title='bbox 31 2533 80 2603; x_wconf 42' lang='lat' dir='ltr'><strong>..J</strong></span> <span class='ocrx_word' id='word_1_248' title='bbox 107 2540 110 2543; x_wconf 41' lang='grc'>“</span> <span class='ocrx_word' id='word_1_249' title='bbox 181 2545 324 2589; x_wconf 90' lang='lat' dir='ltr'><strong>dubie</strong></span> <span class='ocrx_word' id='word_1_250' title='bbox 339 2559 438 2587; x_wconf 89' lang='lat' dir='ltr'><strong>non</strong></span> <span class='ocrx_word' id='word_1_251' title='bbox 455 2551 584 2598; x_wconf 87' lang='lat' dir='ltr'><strong>sunt,</strong></span> <span class='ocrx_word' id='word_1_252' title='bbox 609 2556 711 2600; x_wconf 85' lang='lat' dir='ltr'><strong>quae</strong></span> <span class='ocrx_word' id='word_1_253' title='bbox 730 2541 873 2585; x_wconf 89' lang='lat' dir='ltr'><strong>literis</strong></span> <span class='ocrx_word' id='word_1_254' title='bbox 893 2541 1233 2600; x_wconf 83' lang='lat' dir='ltr'><strong>consignaverit</strong></span> <span class='ocrx_word' id='word_1_255' title='bbox 1251 2542 1468 2586; x_wconf 86' lang='lat' dir='ltr'><strong>Theocri-</strong></span> 
     </span>
    </p>
   </div>
   <div class='ocr_carea' id='block_1_13' title="bbox 0 0 147 2683">
    <p class='ocr_par' dir='ltr' id='par_1_16' title="bbox 0 0 147 2683">
     <span class='ocr_line' id='line_1_33' title="bbox 0 0 147 2683; baseline 0 0"><span class='ocrx_word' id='word_1_256' title='bbox 0 0 147 2683; x_wconf 95' lang='lat' dir='ltr'><strong> </strong></span> 
     </span>
    </p>
   </div>
   <div class='ocr_carea' id='block_1_14' title="bbox 180 2612 1467 2674">
    <p class='ocr_par' dir='ltr' id='par_1_17' title="bbox 180 2612 1467 2674">
     <span class='ocr_line' id='line_1_34' title="bbox 180 2612 1467 2674; baseline -0.003 -13"><span class='ocrx_word' id='word_1_257' title='bbox 180 2624 277 2661; x_wconf 87' lang='lat' dir='ltr'><strong>tus.</strong></span> <span class='ocrx_word' id='word_1_258' title='bbox 298 2615 502 2674; x_wconf 57' lang='lat' dir='ltr'><strong>sed‘quae</strong></span> <span class='ocrx_word' id='word_1_259' title='bbox 521 2613 709 2672; x_wconf 88' lang='lat' dir='ltr'><strong>jecerit,</strong></span> <span class='ocrx_word' id='word_1_260' title='bbox 733 2613 846 2656; x_wconf 88' lang='lat' dir='ltr'><strong>alius</strong></span> <span class='ocrx_word' id='word_1_261' title='bbox 870 2627 982 2656; x_wconf 87' lang='lat' dir='ltr'><strong>vero</strong></span> <span class='ocrx_word' id='word_1_262' title='bbox 1007 2612 1204 2656; x_wconf 80' lang='lat' dir='ltr'><strong>collecta</strong></span> <span class='ocrx_word' id='word_1_263' title='bbox 1222 2613 1305 2657; x_wconf 90' lang='lat' dir='ltr'><strong>sub</strong></span> <span class='ocrx_word' id='word_1_264' title='bbox 1332 2615 1467 2658; x_wconf 91' lang='lat' dir='ltr'><strong>titulo</strong></span> 
     </span>
    </p>
   </div>
   <div class='ocr_carea' id='block_1_15' title="bbox 29 2668 1467 2750">
    <p class='ocr_par' dir='ltr' id='par_1_18' title="bbox 29 2668 1467 2750">
     <span class='ocr_line' id='line_1_35' title="bbox 29 2668 1467 2750; baseline 0.001 -22"><span class='ocrx_word' id='word_1_265' title='bbox 29 2668 53 2739; x_wconf 85' lang='grc' dir='ltr'>Ξ</span> <span class='ocrx_word' id='word_1_266' title='bbox 99 2705 103 2709; x_wconf 91' lang='grc'><strong><em>·</em></strong></span> <span class='ocrx_word' id='word_1_267' title='bbox 180 2687 336 2750; x_wconf 86' lang='grc' dir='ltr'>Χρεῖαι</span> <span class='ocrx_word' id='word_1_268' title='bbox 359 2683 595 2748; x_wconf 87' lang='grc' dir='ltr'>Θεοκρίτου</span> <span class='ocrx_word' id='word_1_269' title='bbox 624 2687 674 2728; x_wconf 92' lang='lat' dir='ltr'><strong>in</strong></span> <span class='ocrx_word' id='word_1_270' title='bbox 695 2685 864 2744; x_wconf 81' lang='lat' dir='ltr'><strong>vulgus</strong></span> <span class='ocrx_word' id='word_1_271' title='bbox 883 2683 1100 2728; x_wconf 84' lang='lat' dir='ltr'><strong>ediderit.</strong></span> <span class='ocrx_word' id='word_1_272' title='bbox 1129 2711 1193 2716; x_wconf 97' lang='lat'><strong>—</strong></span> <span class='ocrx_word' id='word_1_273' title='bbox 1216 2685 1467 2730; x_wconf 86' lang='lat' dir='ltr'><strong>Historiam</strong></span> 
     </span>
    </p>
   </div>
   <div class='ocr_carea' id='block_1_16' title="bbox 0 4018 88 4628">
    <p class='ocr_par' dir='ltr' id='par_1_19' title="bbox 0 4018 88 4628">
     <span class='ocr_line' id='line_1_36' title="bbox 0 4018 88 4628; baseline 0 0"><span class='ocrx_word' id='word_1_274' title='bbox 0 4018 88 4628; x_wconf 95' lang='lat' dir='ltr'><strong> </strong></span> 
     </span>
    </p>
   </div>
   <div class='ocr_carea' id='block_1_17' title="bbox 176 2755 1467 3252">
    <p class='ocr_par' dir='ltr' id='par_1_20' title="bbox 178 2755 1467 3107">
     <span class='ocr_line' id='line_1_37' title="bbox 178 2755 1466 2818; baseline -0.002 -15"><span class='ocrx_word' id='word_1_275' title='bbox 178 2759 401 2818; x_wconf 83' lang='lat' dir='ltr'><strong>Libycam</strong></span> <span class='ocrx_word' id='word_1_276' title='bbox 419 2758 492 2801; x_wconf 88' lang='lat' dir='ltr'><strong>vel</strong></span> <span class='ocrx_word' id='word_1_277' title='bbox 509 2772 535 2801; x_wconf 90' lang='lat' dir='ltr'><strong>a</strong></span> <span class='ocrx_word' id='word_1_278' title='bbox 551 2756 691 2802; x_wconf 87' lang='lat' dir='ltr'><strong>Suida</strong></span> <span class='ocrx_word' id='word_1_279' title='bbox 708 2756 974 2800; x_wconf 86' lang='lat' dir='ltr'><strong>dubitanter</strong></span> <span class='ocrx_word' id='word_1_280' title='bbox 990 2755 1239 2799; x_wconf 83' lang='lat' dir='ltr'><strong>Theocrito</strong></span> <span class='ocrx_word' id='word_1_281' title='bbox 1255 2757 1466 2815; x_wconf 73' lang='lat' dir='ltr'><strong>sophistae</strong></span> 
     </span>
     <span class='ocr_line' id='line_1_38' title="bbox 179 2824 1467 2891; baseline -0.002 -16"><span class='ocrx_word' id='word_1_282' title='bbox 179 2831 322 2876; x_wconf 88' lang='lat' dir='ltr'><strong>tribui</strong></span> <span class='ocrx_word' id='word_1_283' title='bbox 346 2829 578 2874; x_wconf 87' lang='lat' dir='ltr'><strong>indicatur</strong></span> <span class='ocrx_word' id='word_1_284' title='bbox 598 2828 767 2872; x_wconf 85' lang='lat' dir='ltr'><strong>vocula</strong></span> <span class='ocrx_word' id='word_1_285' title='bbox 793 2824 980 2891; x_wconf 77' lang='grc' dir='ltr'>φέρεται.</span> <span class='ocrx_word' id='word_1_286' title='bbox 1009 2828 1076 2870; x_wconf 91' lang='lat' dir='ltr'><strong>Ac</strong></span> <span class='ocrx_word' id='word_1_287' title='bbox 1104 2842 1211 2871; x_wconf 88' lang='lat' dir='ltr'><strong>sane</strong></span> <span class='ocrx_word' id='word_1_288' title='bbox 1237 2843 1308 2871; x_wconf 91' lang='lat' dir='ltr'><strong>res</strong></span> <span class='ocrx_word' id='word_1_289' title='bbox 1331 2844 1356 2872; x_wconf 88' lang='lat' dir='ltr'><strong>a</strong></span> <span class='ocrx_word' id='word_1_290' title='bbox 1379 2829 1467 2873; x_wconf 89' lang='lat' dir='ltr'><strong>de-</strong></span> 
     </span>
     <span class='ocr_line' id='line_1_39' title="bbox 178 2898 1465 2964; baseline -0.002 -17"><span class='ocrx_word' id='word_1_291' title='bbox 178 2917 376 2964; x_wconf 87' lang='lat' dir='ltr'><strong>magogo</strong></span> <span class='ocrx_word' id='word_1_292' title='bbox 407 2903 553 2946; x_wconf 87' lang='lat' dir='ltr'><strong>aliena</strong></span> <span class='ocrx_word' id='word_1_293' title='bbox 586 2915 679 2946; x_wconf 92' lang='lat' dir='ltr'><strong>esse</strong></span> <span class='ocrx_word' id='word_1_294' title='bbox 706 2899 908 2944; x_wconf 79' lang='lat' dir='ltr'><strong>videtur.</strong></span> <span class='ocrx_word' id='word_1_295' title='bbox 932 2898 1206 2945; x_wconf 84' lang='lat' dir='ltr'><strong>Afferuntur</strong></span> <span class='ocrx_word' id='word_1_296' title='bbox 1231 2909 1385 2945; x_wconf 88' lang='lat' dir='ltr'><strong>tamen</strong></span> <span class='ocrx_word' id='word_1_297' title='bbox 1409 2917 1465 2945; x_wconf 86' lang='lat' dir='ltr'><strong>ex</strong></span> 
     </span>
     <span class='ocr_line' id='line_1_40' title="bbox 178 2971 1467 3033; baseline -0.003 -13"><span class='ocrx_word' id='word_1_298' title='bbox 178 2975 454 3031; x_wconf 84' lang='lat' dir='ltr'><strong>Theocrito,</strong></span> <span class='ocrx_word' id='word_1_299' title='bbox 487 2989 591 3033; x_wconf 87' lang='lat' dir='ltr'><strong>quae</strong></span> <span class='ocrx_word' id='word_1_300' title='bbox 627 2973 678 3017; x_wconf 89' lang='lat' dir='ltr'><strong>in</strong></span> <span class='ocrx_word' id='word_1_301' title='bbox 705 2972 892 3031; x_wconf 84' lang='lat' dir='ltr'><strong>Libycis</strong></span> <span class='ocrx_word' id='word_1_302' title='bbox 928 2971 1133 3016; x_wconf 85' lang='lat' dir='ltr'><strong>historiis</strong></span> <span class='ocrx_word' id='word_1_303' title='bbox 1169 2980 1275 3032; x_wconf 87' lang='lat' dir='ltr'><strong>apte</strong></span> <span class='ocrx_word' id='word_1_304' title='bbox 1310 2973 1467 3020; x_wconf 84' lang='lat' dir='ltr'><strong>locum</strong></span> 
     </span>
     <span class='ocr_line' id='line_1_41' title="bbox 178 3046 642 3107; baseline 0.002 -16"><span class='ocrx_word' id='word_1_305' title='bbox 178 3046 348 3092; x_wconf 88' lang='lat' dir='ltr'><strong>habere</strong></span> <span class='ocrx_word' id='word_1_306' title='bbox 369 3054 642 3107; x_wconf 88' lang='lat' dir='ltr'><strong>potuerunt.</strong></span> 
     </span>
    </p>

    <p class='ocr_par' dir='ltr' id='par_1_21' title="bbox 176 3115 1465 3252">
     <span class='ocr_line' id='line_1_42' title="bbox 241 3115 1465 3180; baseline -0.003 -14"><span class='ocrx_word' id='word_1_307' title='bbox 241 3120 506 3180; x_wconf 78' lang='lat' dir='ltr'><strong>Fulgentius</strong></span> <span class='ocrx_word' id='word_1_308' title='bbox 520 3117 717 3178; x_wconf 82' lang='lat' dir='ltr'><strong>Mythol.</strong></span> <span class='ocrx_word' id='word_1_309' title='bbox 743 3118 789 3172; x_wconf 93' lang='grc' dir='ltr'><strong>Ι,</strong></span> <span class='ocrx_word' id='word_1_310' title='bbox 810 3115 874 3161; x_wconf 83' lang='lat'><strong>26</strong></span> <span class='ocrx_word' id='word_1_311' title='bbox 892 3132 902 3160; x_wconf 92' lang='lat'>:</span> <span class='ocrx_word' id='word_1_312' title='bbox 934 3115 1194 3161; x_wconf 77' lang='lat' dir='ltr'><strong>Theocritus</strong></span> <span class='ocrx_word' id='word_1_313' title='bbox 1215 3121 1465 3177; x_wconf 86' lang='lat' dir='ltr'><strong>antiquita·</strong></span> 
     </span>
     <span class='ocr_line' id='line_1_43' title="bbox 176 3186 1454 3252; baseline -0.002 -15"><span class='ocrx_word' id='word_1_314' title='bbox 176 3202 269 3247; x_wconf 13' lang='lat' dir='ltr'><strong>‘tum</strong></span> <span class='ocrx_word' id='word_1_315' title='bbox 293 3190 685 3252; x_wconf 79' lang='lat' dir='ltr'><strong>historiographus</strong></span> <span class='ocrx_word' id='word_1_316' title='bbox 708 3187 854 3247; x_wconf 80' lang='lat' dir='ltr'><strong>refert</strong></span> <span class='ocrx_word' id='word_1_317' title='bbox 872 3188 1098 3235; x_wconf 78' lang='lat' dir='ltr'><strong>Plzorcum</strong></span> <span class='ocrx_word' id='word_1_318' title='bbox 1109 3186 1265 3246; x_wconf 84' lang='lat' dir='ltr'><strong>fuisse</strong></span> <span class='ocrx_word' id='word_1_319' title='bbox 1287 3206 1454 3250; x_wconf 72' lang='lat' dir='ltr'><strong>regem,</strong></span> 
     </span>
    </p>
   </div>
   <div class='ocr_carea' id='block_1_18' title="bbox 123 3263 1466 3397">
    <p class='ocr_par' dir='ltr' id='par_1_22' title="bbox 123 3263 1466 3397">
     <span class='ocr_line' id='line_1_44' title="bbox 123 3263 1466 3325; baseline -0.001 -16"><span class='ocrx_word' id='word_1_320' title='bbox 123 3297 127 3305; x_wconf 81' lang='lat'><strong>.</strong></span> <span class='ocrx_word' id='word_1_321' title='bbox 158 3270 256 3325; x_wconf 87' lang='lat' dir='ltr'><strong>-qui</strong></span> <span class='ocrx_word' id='word_1_322' title='bbox 267 3275 356 3310; x_wconf 84' lang='lat' dir='ltr'><strong>tres</strong></span> <span class='ocrx_word' id='word_1_323' title='bbox 360 3265 491 3322; x_wconf 83' lang='lat' dir='ltr'><strong>filias</strong></span> <span class='ocrx_word' id='word_1_324' title='bbox 503 3265 751 3324; x_wconf 68' lang='lat' dir='ltr'><strong>‚locupletes</strong></span> <span class='ocrx_word' id='word_1_325' title='bbox 761 3264 1021 3322; x_wconf 80' lang='lat' dir='ltr'><strong>dereliquit.</strong></span> <span class='ocrx_word' id='word_1_326' title='bbox 1043 3263 1246 3320; x_wconf 85' lang='lat' dir='ltr'><strong>Quarum</strong></span> <span class='ocrx_word' id='word_1_327' title='bbox 1265 3264 1466 3307; x_wconf 85' lang='lat' dir='ltr'><strong>Medusa</strong></span> 
     </span>
     <span class='ocr_line' id='line_1_45' title="bbox 161 3334 1465 3397; baseline -0.002 -15"><span class='ocrx_word' id='word_1_328' title='bbox 161 3342 341 3396; x_wconf 78' lang='lat' dir='ltr'><strong>-maJ&#39;or,</strong></span> <span class='ocrx_word' id='word_1_329' title='bbox 369 3353 472 3397; x_wconf 88' lang='lat' dir='ltr'><strong>quoe</strong></span> <span class='ocrx_word' id='word_1_330' title='bbox 480 3334 650 3393; x_wconf 80' lang='lat' dir='ltr'><strong>fuerat</strong></span> <span class='ocrx_word' id='word_1_331' title='bbox 676 3337 889 3394; x_wconf 57' lang='lat' dir='ltr'><strong>lampas,</strong></span> <span class='ocrx_word' id='word_1_332' title='bbox 918 3349 1195 3394; x_wconf 79' lang='lat' dir='ltr'><strong>regnumque</strong></span> <span class='ocrx_word' id='word_1_333' title='bbox 1226 3338 1465 3380; x_wconf 85' lang='lat' dir='ltr'><strong>incolendo</strong></span> 
     </span>
    </p>
   </div>
   <div class='ocr_carea' id='block_1_19' title="bbox 175 3407 1465 3543">
    <p class='ocr_par' dir='ltr' id='par_1_23' title="bbox 175 3407 1465 3542">
     <span class='ocr_line' id='line_1_46' title="bbox 175 3407 1465 3470; baseline -0.002 -17"><span class='ocrx_word' id='word_1_334' title='bbox 175 3407 586 3470; x_wconf 79' lang='lat' dir='ltr'><strong>fructficandoque</strong></span> <span class='ocrx_word' id='word_1_335' title='bbox 608 3409 935 3467; x_wconf 73' lang='lat' dir='ltr'><strong>ampliaverat;</strong></span> <span class='ocrx_word' id='word_1_336' title='bbox 965 3408 1085 3450; x_wconf 84' lang='lat' dir='ltr'><strong>unde</strong></span> <span class='ocrx_word' id='word_1_337' title='bbox 1108 3417 1156 3451; x_wconf 81' lang='lat' dir='ltr'><strong>et</strong></span> <span class='ocrx_word' id='word_1_338' title='bbox 1180 3408 1361 3467; x_wconf 82' lang='lat' dir='ltr'><strong>Gorgon</strong></span> <span class='ocrx_word' id='word_1_339' title='bbox 1392 3409 1465 3451; x_wconf 82' lang='lat' dir='ltr'><strong>di-</strong></span> 
     </span>
     <span class='ocr_line' id='line_1_47' title="bbox 178 3479 1464 3543; baseline -0.001 -17"><span class='ocrx_word' id='word_1_340' title='bbox 178 3491 252 3526; x_wconf 87' lang='lat' dir='ltr'><strong>cta</strong></span> <span class='ocrx_word' id='word_1_341' title='bbox 267 3491 354 3538; x_wconf 83' lang='lat' dir='ltr'><strong>est,</strong></span> <span class='ocrx_word' id='word_1_342' title='bbox 379 3486 514 3542; x_wconf 80' lang='lat' dir='ltr'><strong>quasi</strong></span> <span class='ocrx_word' id='word_1_343' title='bbox 530 3496 764 3543; x_wconf 77' lang='lat' dir='ltr'><strong>georgon:</strong></span> <span class='ocrx_word' id='word_1_344' title='bbox 781 3496 890 3524; x_wconf 83' lang='lat' dir='ltr'><strong>nam</strong></span> <span class='ocrx_word' id='word_1_345' title='bbox 909 3479 1125 3542; x_wconf 58' lang='grc' dir='ltr'>γεωργοὶὸ</span> <span class='ocrx_word' id='word_1_346' title='bbox 1107 3495 1254 3523; x_wconf 70' lang='lat' dir='ltr'><strong>o‘raece</strong></span> <span class='ocrx_word' id='word_1_347' title='bbox 1272 3482 1464 3525; x_wconf 74' lang='lat' dir='ltr'><strong>cultores</strong></span> 
     </span>
    </p>
   </div>
   <div class='ocr_carea' id='block_1_20' title="bbox 169 3547 1468 3630">
    <p class='ocr_par' dir='ltr' id='par_1_24' title="bbox 169 3547 1468 3630">
     <span class='ocr_line' id='line_1_48' title="bbox 169 3547 1468 3630; baseline -0.001 -32"><span class='ocrx_word' id='word_1_348' title='bbox 169 3553 402 3630; x_wconf 77' lang='lat' dir='ltr'><strong>dicuntur.</strong></span> <span class='ocrx_word' id='word_1_349' title='bbox 416 3547 686 3614; x_wconf 85' lang='lat' dir='ltr'><strong>Serpentino</strong></span> <span class='ocrx_word' id='word_1_350' title='bbox 699 3568 798 3598; x_wconf 74' lang='lat' dir='ltr'><strong>vero</strong></span> <span class='ocrx_word' id='word_1_351' title='bbox 818 3556 969 3612; x_wconf 83' lang='lat' dir='ltr'><strong>capite</strong></span> <span class='ocrx_word' id='word_1_352' title='bbox 982 3552 1085 3596; x_wconf 83' lang='lat' dir='ltr'><strong>ideo</strong></span> <span class='ocrx_word' id='word_1_353' title='bbox 1106 3553 1233 3596; x_wconf 83' lang='lat' dir='ltr'><strong>dicta</strong></span> <span class='ocrx_word' id='word_1_354' title='bbox 1244 3562 1320 3606; x_wconf 88' lang='lat' dir='ltr'><strong>est,</strong></span> <span class='ocrx_word' id='word_1_355' title='bbox 1346 3554 1468 3611; x_wconf 84' lang='lat' dir='ltr'><strong>quod</strong></span> 
     </span>
    </p>
   </div>
   <div class='ocr_carea' id='block_1_21' title="bbox 179 3670 1463 3780">
    <p class='ocr_par' dir='ltr' id='par_1_25' title="bbox 179 3670 1462 3780">
     <span class='ocr_line' id='line_1_49' title="bbox 230 3670 1462 3723; baseline 0.001 -11"><span class='ocrx_word' id='word_1_356' title='bbox 230 3670 282 3723; x_wconf 85' lang='lat'><strong>(*)</strong></span> <span class='ocrx_word' id='word_1_357' title='bbox 309 3671 449 3712; x_wconf 78' lang='lat' dir='ltr'><strong>Nescio</strong></span> <span class='ocrx_word' id='word_1_358' title='bbox 465 3682 518 3712; x_wconf 87' lang='lat' dir='ltr'><strong>an</strong></span> <span class='ocrx_word' id='word_1_359' title='bbox 539 3671 739 3714; x_wconf 81' lang='lat' dir='ltr'><strong>Theocriti</strong></span> <span class='ocrx_word' id='word_1_360' title='bbox 754 3683 902 3713; x_wconf 90' lang='lat' dir='ltr'><strong>nomen</strong></span> <span class='ocrx_word' id='word_1_361' title='bbox 929 3673 1165 3722; x_wconf 87' lang='lat' dir='ltr'><strong>corruptum</strong></span> <span class='ocrx_word' id='word_1_362' title='bbox 1182 3672 1232 3712; x_wconf 88' lang='lat' dir='ltr'><strong>sit</strong></span> <span class='ocrx_word' id='word_1_363' title='bbox 1252 3682 1316 3722; x_wconf 88' lang='lat' dir='ltr'><strong>ap.</strong></span> <span class='ocrx_word' id='word_1_364' title='bbox 1337 3673 1462 3715; x_wconf 82' lang='lat' dir='ltr'><strong>Athe-</strong></span> 
     </span>
     <span class='ocr_line' id='line_1_50' title="bbox 179 3730 1463 3780; baseline 0.002 -12"><span class='ocrx_word' id='word_1_365' title='bbox 179 3737 311 3769; x_wconf 78' lang='lat' dir='ltr'><strong>nmum</strong></span> <span class='ocrx_word' id='word_1_366' title='bbox 333 3740 374 3780; x_wconf 87' lang='lat' dir='ltr'><strong>p.</strong></span> <span class='ocrx_word' id='word_1_367' title='bbox 408 3733 469 3780; x_wconf 78' lang='lat'><strong>¹4,</strong></span> <span class='ocrx_word' id='word_1_368' title='bbox 483 3733 531 3780; x_wconf 86' lang='lat' dir='ltr'><strong>E,</strong></span> <span class='ocrx_word' id='word_1_369' title='bbox 560 3730 631 3770; x_wconf 87' lang='lat' dir='ltr'><strong>ubi</strong></span> <span class='ocrx_word' id='word_1_370' title='bbox 654 3746 664 3770; x_wconf 92' lang='lat'><strong>:</strong></span> <span class='ocrx_word' id='word_1_371' title='bbox 687 3730 894 3778; x_wconf 76' lang='grc' dir='ltr'>Διαὸόητοι.</span> <span class='ocrx_word' id='word_1_372' title='bbox 909 3731 949 3770; x_wconf 86' lang='grc' dir='ltr'><strong>δὲ</strong></span> <span class='ocrx_word' id='word_1_373' title='bbox 969 3731 1030 3769; x_wconf 86' lang='grc' dir='ltr'><strong>ἐπὶ</strong></span> <span class='ocrx_word' id='word_1_374' title='bbox 1049 3734 1228 3780; x_wconf 82' lang='grc' dir='ltr'>σφαιρικῇ</span> <span class='ocrx_word' id='word_1_375' title='bbox 1243 3731 1463 3780; x_wconf 82' lang='grc' dir='ltr'>Δημοτέλης</span> 
     </span>
    </p>
   </div>
   <div class='ocr_carea' id='block_1_22' title="bbox 151 3786 1463 3838">
    <p class='ocr_par' dir='ltr' id='par_1_26' title="bbox 151 3786 1463 3838">
     <span class='ocr_line' id='line_1_51' title="bbox 151 3786 1463 3838; baseline 0.004 -15"><span class='ocrx_word' id='word_1_376' title='bbox 151 3812 162 3823; x_wconf 13' lang='grc' dir='ltr'><strong>,γ</strong></span> <span class='ocrx_word' id='word_1_377' title='bbox 179 3787 203 3825; x_wconf 80' lang='grc' dir='ltr'><strong>ὁ</strong></span> <span class='ocrx_word' id='word_1_378' title='bbox 225 3786 480 3837; x_wconf 71' lang='grc' dir='ltr'>Θεόγνιδος</span> <span class='ocrx_word' id='word_1_379' title='bbox 499 3791 583 3826; x_wconf 84' lang='grc' dir='ltr'><strong>τοῦ</strong></span> <span class='ocrx_word' id='word_1_380' title='bbox 605 3786 727 3826; x_wconf 83' lang='grc' dir='ltr'>Χίου</span> <span class='ocrx_word' id='word_1_381' title='bbox 747 3791 930 3838; x_wconf 80' lang='grc' dir='ltr'>σοφιστοῦ</span> <span class='ocrx_word' id='word_1_382' title='bbox 947 3787 1118 3837; x_wconf 84' lang='grc' dir='ltr'>ἀδελφός.</span> <span class='ocrx_word' id='word_1_383' title='bbox 1148 3789 1303 3826; x_wconf 84' lang='lat' dir='ltr'><strong>Nomen</strong></span> <span class='ocrx_word' id='word_1_384' title='bbox 1318 3789 1463 3828; x_wconf 83' lang='lat' dir='ltr'><strong>notum</strong></span> 
     </span>
    </p>
   </div>
   <div class='ocr_carea' id='block_1_23' title="bbox 180 3843 1319 3898">
    <p class='ocr_par' dir='ltr' id='par_1_27' title="bbox 180 3843 1319 3898">
     <span class='ocr_line' id='line_1_52' title="bbox 180 3843 1319 3898; baseline 0.002 -16"><span class='ocrx_word' id='word_1_385' title='bbox 180 3843 411 3894; x_wconf 73' lang='lat' dir='ltr'><strong>requiritur-5</strong></span> <span class='ocrx_word' id='word_1_386' title='bbox 439 3843 490 3883; x_wconf 87' lang='lat' dir='ltr'><strong>de</strong></span> <span class='ocrx_word' id='word_1_387' title='bbox 507 3844 737 3898; x_wconf 86' lang='lat' dir='ltr'><strong>Theognide</strong></span> <span class='ocrx_word' id='word_1_388' title='bbox 759 3844 935 3894; x_wconf 84' lang='lat' dir='ltr'><strong>sophista</strong></span> <span class='ocrx_word' id='word_1_389' title='bbox 953 3845 1080 3885; x_wconf 86' lang='lat' dir='ltr'><strong>altum</strong></span> <span class='ocrx_word' id='word_1_390' title='bbox 1104 3844 1319 3885; x_wconf 87' lang='lat' dir='ltr'><strong>silentium.</strong></span> 
     </span>
    </p>
   </div>
   <div class='ocr_carea' id='block_1_24' title="bbox 453 3966 1172 4118">
    <p class='ocr_par' dir='ltr' id='par_1_28' title="bbox 453 3966 1172 4118">
     <span class='ocr_line' id='line_1_53' title="bbox 453 3966 1172 4016; baseline 0.001 -2"><span class='ocrx_word' id='word_1_391' title='bbox 453 3966 538 4014; x_wconf 88' lang='grc' dir='ltr'><strong>ΤΗ</strong></span> <span class='ocrx_word' id='word_1_392' title='bbox 543 3967 706 4015; x_wconf 85' lang='lat' dir='ltr'>EOCH</span> <span class='ocrx_word' id='word_1_393' title='bbox 713 3967 894 4016; x_wconf 87' lang='lat' dir='ltr'><strong>RESTI</strong></span> <span class='ocrx_word' id='word_1_394' title='bbox 929 3968 1172 4016; x_wconf 90' lang='lat' dir='ltr'><strong>LIBYCA.</strong></span> 
     </span>
     <span class='ocr_line' id='line_1_54' title="bbox 580 4065 1037 4118; baseline 0.002 -3"><span class='ocrx_word' id='word_1_395' title='bbox 580 4065 764 4116; x_wconf 85' lang='lat' dir='ltr'><strong>LIBER</strong></span> <span class='ocrx_word' id='word_1_396' title='bbox 795 4073 1037 4118; x_wconf 87' lang='lat' dir='ltr'><strong>PRIMUS.</strong></span> 
     </span>
    </p>
   </div>
   <div class='ocr_carea' id='block_1_25' title="bbox 231 4158 1456 4208">
    <p class='ocr_par' dir='ltr' id='par_1_29' title="bbox 231 4158 1456 4208">
     <span class='ocr_line' id='line_1_55' title="bbox 231 4158 1456 4208; baseline 0.002 -10"><span class='ocrx_word' id='word_1_397' title='bbox 231 4158 457 4208; x_wconf 76' lang='lat' dir='ltr'><strong>Euphemus</strong></span> <span class='ocrx_word' id='word_1_398' title='bbox 484 4161 525 4202; x_wconf 89' lang='lat' dir='ltr'><strong>in</strong></span> <span class='ocrx_word' id='word_1_399' title='bbox 547 4162 740 4202; x_wconf 86' lang='lat' dir='ltr'><strong>Laconica</strong></span> <span class='ocrx_word' id='word_1_400' title='bbox 761 4163 811 4203; x_wconf 87' lang='lat' dir='ltr'><strong>ad</strong></span> <span class='ocrx_word' id='word_1_401' title='bbox 839 4174 951 4204; x_wconf 89' lang='lat' dir='ltr'><strong>oram</strong></span> <span class='ocrx_word' id='word_1_402' title='bbox 977 4163 1217 4202; x_wconf 84' lang='lat' dir='ltr'><strong>maritimam</strong></span> <span class='ocrx_word' id='word_1_403' title='bbox 1249 4162 1456 4202; x_wconf 84' lang='lat' dir='ltr'><strong>habitavit.</strong></span> 
     </span>
    </p>
   </div>
   <div class='ocr_carea' id='block_1_26' title="bbox 1467 381 2846 450">
    <p class='ocr_par' dir='ltr' id='par_1_30' title="bbox 1467 381 2846 450">
     <span class='ocr_line' id='line_1_56' title="bbox 1467 381 2846 450; baseline 0.014 -26"><span class='ocrx_word' id='word_1_404' title='bbox 1467 415 1480 438; x_wconf 89' lang='lat'><strong>,</strong></span> <span class='ocrx_word' id='word_1_405' title='bbox 1557 388 1750 427; x_wconf 81' lang='lat' dir='ltr'><strong>astutior</strong></span> <span class='ocrx_word' id='word_1_406' title='bbox 1758 381 1926 439; x_wconf 80' lang='lat' dir='ltr'><strong>fuerit.</strong></span> <span class='ocrx_word' id='word_1_407' title='bbox 1950 387 2085 442; x_wconf 78' lang='lat' dir='ltr'><strong>Cujus</strong></span> <span class='ocrx_word' id='word_1_408' title='bbox 2110 403 2298 446; x_wconf 76' lang='lat' dir='ltr'><strong>regnum</strong></span> <span class='ocrx_word' id='word_1_409' title='bbox 2330 398 2528 450; x_wconf 83' lang='lat' dir='ltr'><strong>opimum</strong></span> <span class='ocrx_word' id='word_1_410' title='bbox 2563 397 2751 440; x_wconf 77' lang='lat' dir='ltr'><strong>Perseus</strong></span> <span class='ocrx_word' id='word_1_411' title='bbox 2775 404 2846 442; x_wconf 79' lang='lat' dir='ltr'><strong>iu·</strong></span> 
     </span>
    </p>
   </div>
   <div class='ocr_carea' id='block_1_27' title="bbox 1551 452 2844 811">
    <p class='ocr_par' dir='ltr' id='par_1_31' title="bbox 1551 452 2843 810">
     <span class='ocr_line' id='line_1_57' title="bbox 1559 452 2842 515; baseline 0.012 -18"><span class='ocrx_word' id='word_1_412' title='bbox 1559 452 1725 498; x_wconf 55' lang='lat' dir='ltr'><strong>&amp;adens</strong></span> <span class='ocrx_word' id='word_1_413' title='bbox 1749 460 1896 515; x_wconf 80' lang='lat' dir='ltr'><strong>ipsane</strong></span> <span class='ocrx_word' id='word_1_414' title='bbox 1922 459 2103 515; x_wconf 87' lang='lat' dir='ltr'><strong>quidem</strong></span> <span class='ocrx_word' id='word_1_415' title='bbox 2130 463 2373 506; x_wconf 79' lang='lat' dir='ltr'><strong>interemit.</strong></span> <span class='ocrx_word' id='word_1_416' title='bbox 2401 466 2512 509; x_wconf 85' lang='lat' dir='ltr'><strong>Ideo</strong></span> <span class='ocrx_word' id='word_1_417' title='bbox 2534 470 2747 513; x_wconf 72' lang='lat' dir='ltr'><strong>volaticus</strong></span> <span class='ocrx_word' id='word_1_418' title='bbox 2770 473 2842 515; x_wconf 75' lang='lat' dir='ltr'><strong>di..</strong></span> 
     </span>
     <span class='ocr_line' id='line_1_58' title="bbox 1556 530 2840 595; baseline 0.014 -26"><span class='ocrx_word' id='word_1_419' title='bbox 1556 531 1683 582; x_wconf 87' lang='lat' dir='ltr'><strong>citur,</strong></span> <span class='ocrx_word' id='word_1_420' title='bbox 1713 530 1836 586; x_wconf 87' lang='lat' dir='ltr'><strong>quod</strong></span> <span class='ocrx_word' id='word_1_421' title='bbox 1854 530 2043 572; x_wconf 76' lang='lat' dir='ltr'><strong>navibus</strong></span> <span class='ocrx_word' id='word_1_422' title='bbox 2070 537 2248 577; x_wconf 76' lang='lat' dir='ltr'><strong>venerit.</strong></span> <span class='ocrx_word' id='word_1_423' title='bbox 2273 534 2407 590; x_wconf 84' lang='lat' dir='ltr'><strong>Cujus</strong></span> <span class='ocrx_word' id='word_1_424' title='bbox 2425 543 2590 595; x_wconf 81' lang='lat' dir='ltr'><strong>capite,</strong></span> <span class='ocrx_word' id='word_1_425' title='bbox 2618 545 2650 586; x_wconf 82' lang='lat' dir='ltr'><strong>i.</strong></span> <span class='ocrx_word' id='word_1_426' title='bbox 2673 557 2714 587; x_wconf 92' lang='lat' dir='ltr'><strong>e.</strong></span> <span class='ocrx_word' id='word_1_427' title='bbox 2737 545 2840 586; x_wconf 83' lang='lat' dir='ltr'><strong>sub·</strong></span> 
     </span>
     <span class='ocr_line' id='line_1_59' title="bbox 1555 598 2843 668; baseline 0.013 -28"><span class='ocrx_word' id='word_1_428' title='bbox 1555 602 1729 641; x_wconf 80' lang='lat' dir='ltr'><strong>stantia</strong></span> <span class='ocrx_word' id='word_1_429' title='bbox 1748 599 1909 642; x_wconf 83' lang='lat' dir='ltr'><strong>ablata</strong></span> <span class='ocrx_word' id='word_1_430' title='bbox 1921 627 1942 654; x_wconf 54' lang='grc' dir='ltr'>,ι</span> <span class='ocrx_word' id='word_1_431' title='bbox 1962 600 2101 644; x_wconf 87' lang='lat' dir='ltr'><strong>ditior</strong></span> <span class='ocrx_word' id='word_1_432' title='bbox 2106 598 2270 657; x_wconf 82' lang='lat' dir='ltr'><strong>factus</strong></span> <span class='ocrx_word' id='word_1_433' title='bbox 2285 619 2373 647; x_wconf 88' lang='lat' dir='ltr'><strong>non</strong></span> <span class='ocrx_word' id='word_1_434' title='bbox 2387 622 2545 664; x_wconf 79' lang='lat' dir='ltr'><strong>parva</strong></span> <span class='ocrx_word' id='word_1_435' title='bbox 2568 626 2711 668; x_wconf 76' lang='lat' dir='ltr'><strong>regna</strong></span> <span class='ocrx_word' id='word_1_436' title='bbox 2734 615 2843 657; x_wconf 84' lang='lat' dir='ltr'><strong>obti-</strong></span> 
     </span>
     <span class='ocr_line' id='line_1_60' title="bbox 1556 671 2844 742; baseline 0.012 -30"><span class='ocrx_word' id='word_1_437' title='bbox 1556 675 1672 716; x_wconf 82' lang='lat' dir='ltr'><strong>nuit.</strong></span> <span class='ocrx_word' id='word_1_438' title='bbox 1703 671 1913 730; x_wconf 85' lang='lat' dir='ltr'><strong>Denique</strong></span> <span class='ocrx_word' id='word_1_439' title='bbox 1938 682 1986 715; x_wconf 81' lang='lat' dir='ltr'><strong>et</strong></span> <span class='ocrx_word' id='word_1_440' title='bbox 2005 675 2207 717; x_wconf 83' lang='lat' dir='ltr'><strong>Atlantis</strong></span> <span class='ocrx_word' id='word_1_441' title='bbox 2231 690 2420 732; x_wconf 75' lang='lat' dir='ltr'><strong>regnum</strong></span> <span class='ocrx_word' id='word_1_442' title='bbox 2443 682 2679 734; x_wconf 74' lang='lat' dir='ltr'><strong>inv-,adem</strong></span> <span class='ocrx_word' id='word_1_443' title='bbox 2713 692 2844 742; x_wconf 78' lang='lat' dir='ltr'><strong>quasi</strong></span> 
     </span>
     <span class='ocr_line' id='line_1_61' title="bbox 1551 744 2839 811; baseline 0.01 -26"><span class='ocrx_word' id='word_1_444' title='bbox 1551 758 1640 802; x_wconf 81' lang='lat' dir='ltr'><strong>per</strong></span> <span class='ocrx_word' id='word_1_445' title='bbox 1665 744 1789 804; x_wconf 81' lang='lat' dir='ltr'><strong>Gorg</strong></span> <span class='ocrx_word' id='word_1_446' title='bbox 1763 748 1889 787; x_wconf 63' lang='lat' dir='ltr'><strong>conis</strong></span> <span class='ocrx_word' id='word_1_447' title='bbox 1910 755 2073 804; x_wconf 82' lang='lat' dir='ltr'><strong>caput,</strong></span> <span class='ocrx_word' id='word_1_448' title='bbox 2116 746 2169 788; x_wconf 83' lang='lat' dir='ltr'><strong>id</strong></span> <span class='ocrx_word' id='word_1_449' title='bbox 2187 756 2254 790; x_wconf 77' lang='lat' dir='ltr'><strong>est</strong></span> <span class='ocrx_word' id='word_1_450' title='bbox 2277 762 2372 805; x_wconf 80' lang='lat' dir='ltr'><strong>per</strong></span> <span class='ocrx_word' id='word_1_451' title='bbox 2391 750 2688 795; x_wconf 70' lang='lat' dir='ltr'><strong>substantiam</strong></span> <span class='ocrx_word' id='word_1_452' title='bbox 2712 760 2839 811; x_wconf 58' lang='grc' dir='ltr'>ιγ’-ιω,</span> 
     </span>
    </p>
   </div>
   <div class='ocr_carea' id='block_1_28' title="bbox 1484 814 2841 879">
    <p class='ocr_par' dir='ltr' id='par_1_32' title="bbox 1484 814 2841 879">
     <span class='ocr_line' id='line_1_62' title="bbox 1484 814 2841 879; baseline 0.01 -22"><span class='ocrx_word' id='word_1_453' title='bbox 1484 818 1495 828; x_wconf 86' lang='grc'><em>“</em></span> <span class='ocrx_word' id='word_1_454' title='bbox 1555 830 1656 858; x_wconf 87' lang='lat' dir='ltr'><strong>eum</strong></span> <span class='ocrx_word' id='word_1_455' title='bbox 1682 820 1731 859; x_wconf 85' lang='lat' dir='ltr'><strong>in</strong></span> <span class='ocrx_word' id='word_1_456' title='bbox 1750 826 1944 860; x_wconf 85' lang='lat' dir='ltr'><strong>montem</strong></span> <span class='ocrx_word' id='word_1_457' title='bbox 1957 814 2048 877; x_wconf 50' lang='lat' dir='ltr'><strong>fite,</strong></span> <span class='ocrx_word' id='word_1_458' title='bbox 2030 832 2130 860; x_wconf 65' lang='lat' dir='ltr'><strong>‘rere</strong></span> <span class='ocrx_word' id='word_1_459' title='bbox 2151 821 2385 879; x_wconf 82' lang='lat' dir='ltr'><strong>compulit.</strong></span> <span class='ocrx_word' id='word_1_460' title='bbox 2422 822 2555 865; x_wconf 82' lang='lat' dir='ltr'><strong>Unde</strong></span> <span class='ocrx_word' id='word_1_461' title='bbox 2577 827 2623 865; x_wconf 89' lang='lat' dir='ltr'><strong>in</strong></span> <span class='ocrx_word' id='word_1_462' title='bbox 2648 838 2841 871; x_wconf 82' lang='lat' dir='ltr'><strong>montem</strong></span> 
     </span>
    </p>
   </div>
   <div class='ocr_carea' id='block_1_29' title="bbox 1554 890 2842 1027">
    <p class='ocr_par' dir='ltr' id='par_1_33' title="bbox 1554 890 2842 1027">
     <span class='ocr_line' id='line_1_63' title="bbox 1554 890 2104 935; baseline 0.004 -5"><span class='ocrx_word' id='word_1_463' title='bbox 1554 903 1651 931; x_wconf 78' lang='lat' dir='ltr'><strong>con(</strong></span> <span class='ocrx_word' id='word_1_464' title='bbox 1654 904 1786 932; x_wconf 87' lang='lat' dir='ltr'><strong>ersus</strong></span> <span class='ocrx_word' id='word_1_465' title='bbox 1804 903 1899 932; x_wconf 82' lang='lat' dir='ltr'><strong>esse</strong></span> <span class='ocrx_word' id='word_1_466' title='bbox 1920 890 2104 935; x_wconf 73' lang='lat' dir='ltr'><strong>(licitur.</strong></span> 
     </span>
     <span class='ocr_line' id='line_1_64' title="bbox 1621 956 2842 1027; baseline 0.009 -23"><span class='ocrx_word' id='word_1_467' title='bbox 1621 956 1723 1005; x_wconf 90' lang='lat' dir='ltr'><strong>Hoc</strong></span> <span class='ocrx_word' id='word_1_468' title='bbox 1765 962 1958 1022; x_wconf 76' lang='lat' dir='ltr'><strong>egregiae</strong></span> <span class='ocrx_word' id='word_1_469' title='bbox 1990 961 2214 1006; x_wconf 86' lang='lat' dir='ltr'><strong>doctrinae</strong></span> <span class='ocrx_word' id='word_1_470' title='bbox 2239 966 2474 1023; x_wconf 87' lang='lat' dir='ltr'><strong>specimen</strong></span> <span class='ocrx_word' id='word_1_471' title='bbox 2503 966 2711 1027; x_wconf 79' lang='lat' dir='ltr'><strong>Theolyti</strong></span> <span class='ocrx_word' id='word_1_472' title='bbox 2741 972 2842 1015; x_wconf 80' lang='lat' dir='ltr'><strong>Me·-</strong></span> 
     </span>
    </p>
   </div>
   <div class='ocr_carea' id='block_1_30' title="bbox 1554 1030 2844 1166">
    <p class='ocr_par' dir='ltr' id='par_1_34' title="bbox 1554 1030 2844 1166">
     <span class='ocr_line' id='line_1_65' title="bbox 1555 1030 2844 1101; baseline 0.011 -28"><span class='ocrx_word' id='word_1_473' title='bbox 1555 1031 1788 1090; x_wconf 78' lang='lat' dir='ltr'><strong>thymnaei,</strong></span> <span class='ocrx_word' id='word_1_474' title='bbox 1810 1030 2631 1096; x_wconf 63' lang='lat' dir='ltr'><strong>qu109pouq(Annales)conscr1ps1t</strong></span> <span class='ocrx_word' id='word_1_475' title='bbox 2646 1055 2738 1085; x_wconf 89' lang='lat' dir='ltr'><strong>esse</strong></span> <span class='ocrx_word' id='word_1_476' title='bbox 2759 1058 2844 1101; x_wconf 86' lang='lat' dir='ltr'><strong>pu-</strong></span> 
     </span>
     <span class='ocr_line' id='line_1_66' title="bbox 1554 1098 2839 1166; baseline 0.01 -27"><span class='ocrx_word' id='word_1_477' title='bbox 1554 1098 1667 1140; x_wconf 89' lang='lat' dir='ltr'><strong>tavit</strong></span> <span class='ocrx_word' id='word_1_478' title='bbox 1700 1098 2104 1158; x_wconf 78' lang='lat' dir='ltr'><strong>Schweighaeuser.</strong></span> <span class='ocrx_word' id='word_1_479' title='bbox 2133 1098 2194 1142; x_wconf 90' lang='lat' dir='ltr'><strong>ad</strong></span> <span class='ocrx_word' id='word_1_480' title='bbox 2223 1100 2394 1145; x_wconf 87' lang='lat' dir='ltr'><strong>Athen.</strong></span> <span class='ocrx_word' id='word_1_481' title='bbox 2432 1109 2530 1146; x_wconf 87' lang='lat' dir='ltr'><strong>tom</strong></span> <span class='ocrx_word' id='word_1_482' title='bbox 2561 1105 2647 1160; x_wconf 93' lang='lat' dir='ltr'><strong>VI,</strong></span> <span class='ocrx_word' id='word_1_483' title='bbox 2681 1121 2729 1164; x_wconf 91' lang='lat' dir='ltr'><strong>p.</strong></span> <span class='ocrx_word' id='word_1_484' title='bbox 2759 1123 2839 1166; x_wconf 89' lang='lat'><strong>9¹</strong></span> 
     </span>
    </p>
   </div>
   <div class='ocr_carea' id='block_1_31' title="bbox 1552 1169 2844 1298">
    <p class='ocr_par' dir='ltr' id='par_1_35' title="bbox 1552 1169 2844 1298">
     <span class='ocr_line' id='line_1_67' title="bbox 1552 1169 2843 1234; baseline 0.009 -23"><span class='ocrx_word' id='word_1_485' title='bbox 1552 1169 1660 1212; x_wconf 82' lang='lat' dir='ltr'><strong>Non</strong></span> <span class='ocrx_word' id='word_1_486' title='bbox 1677 1169 1845 1228; x_wconf 81' lang='lat' dir='ltr'><strong>credo,</strong></span> <span class='ocrx_word' id='word_1_487' title='bbox 1868 1171 2123 1229; x_wconf 82' lang='lat' dir='ltr'><strong>praesertim</strong></span> <span class='ocrx_word' id='word_1_488' title='bbox 2144 1185 2290 1228; x_wconf 90' lang='lat' dir='ltr'><strong>quum</strong></span> <span class='ocrx_word' id='word_1_489' title='bbox 2313 1173 2416 1233; x_wconf 82' lang='grc' dir='ltr'>ὧροι</span> <span class='ocrx_word' id='word_1_490' title='bbox 2437 1174 2649 1234; x_wconf 85' lang='lat' dir='ltr'><strong>Theolyti</strong></span> <span class='ocrx_word' id='word_1_491' title='bbox 2670 1178 2746 1221; x_wconf 87' lang='lat' dir='ltr'><strong>vix</strong></span> <span class='ocrx_word' id='word_1_492' title='bbox 2767 1180 2843 1232; x_wconf 87' lang='lat' dir='ltr'><strong>alii</strong></span> 
     </span>
     <span class='ocr_line' id='line_1_68' title="bbox 1552 1230 2844 1298; baseline 0.01 -24"><span class='ocrx_word' id='word_1_493' title='bbox 1552 1233 1638 1276; x_wconf 88' lang='lat' dir='ltr'><strong>nisi</strong></span> <span class='ocrx_word' id='word_1_494' title='bbox 1661 1234 1722 1279; x_wconf 87' lang='grc' dir='ltr'><strong>Λε</strong></span> <span class='ocrx_word' id='word_1_495' title='bbox 1727 1230 1861 1278; x_wconf 68' lang='grc' dir='ltr'>σὸίων</span> <span class='ocrx_word' id='word_1_496' title='bbox 1884 1234 2073 1279; x_wconf 88' lang='lat' dir='ltr'><strong>fuerint.</strong></span> <span class='ocrx_word' id='word_1_497' title='bbox 2108 1235 2401 1281; x_wconf 87' lang='lat' dir='ltr'><strong>Probabilius</strong></span> <span class='ocrx_word' id='word_1_498' title='bbox 2426 1237 2732 1298; x_wconf 78' lang='lat' dir='ltr'><strong>fiagmentum</strong></span> <span class='ocrx_word' id='word_1_499' title='bbox 2764 1259 2844 1287; x_wconf 87' lang='lat' dir='ltr'><strong>re-</strong></span> 
     </span>
    </p>
   </div>
   <div class='ocr_carea' id='block_1_32' title="bbox 1547 1303 2851 1867">
    <p class='ocr_par' dir='ltr' id='par_1_36' title="bbox 1547 1303 2851 1867">
     <span class='ocr_line' id='line_1_69' title="bbox 1551 1303 2844 1368; baseline 0.009 -20"><span class='ocrx_word' id='word_1_500' title='bbox 1551 1303 1668 1349; x_wconf 79' lang='lat' dir='ltr'><strong>feres</strong></span> <span class='ocrx_word' id='word_1_501' title='bbox 1684 1306 1744 1350; x_wconf 87' lang='lat' dir='ltr'><strong>ad</strong></span> <span class='ocrx_word' id='word_1_502' title='bbox 1760 1304 1987 1358; x_wconf 81' lang='grc' dir='ltr'>ἐπιστολὰς</span> <span class='ocrx_word' id='word_1_503' title='bbox 2005 1304 2271 1366; x_wconf 86' lang='grc' dir='ltr'>θαυμαστὰς,</span> <span class='ocrx_word' id='word_1_504' title='bbox 2287 1309 2382 1353; x_wconf 89' lang='lat' dir='ltr'><strong>sive</strong></span> <span class='ocrx_word' id='word_1_505' title='bbox 2404 1310 2617 1368; x_wconf 88' lang='lat' dir='ltr'><strong>epistolas</strong></span> <span class='ocrx_word' id='word_1_506' title='bbox 2630 1312 2688 1357; x_wconf 93' lang='lat' dir='ltr'><strong>de</strong></span> <span class='ocrx_word' id='word_1_507' title='bbox 2706 1315 2844 1359; x_wconf 89' lang='lat' dir='ltr'><strong>rebus</strong></span> 
     </span>
     <span class='ocr_line' id='line_1_70' title="bbox 1550 1375 2844 1449; baseline 0.01 -31"><span class='ocrx_word' id='word_1_508' title='bbox 1550 1376 1838 1421; x_wconf 88' lang='lat' dir='ltr'><strong>mirabilibus</strong></span> <span class='ocrx_word' id='word_1_509' title='bbox 1857 1375 1941 1438; x_wconf 90' lang='lat' dir='ltr'><strong>(cf.</strong></span> <span class='ocrx_word' id='word_1_510' title='bbox 1967 1377 2193 1431; x_wconf 79' lang='grc' dir='ltr'>ἐπιστολὰς</span> <span class='ocrx_word' id='word_1_511' title='bbox 2216 1376 2422 1441; x_wconf 81' lang='grc' dir='ltr'>ἐρωτικὰς</span> <span class='ocrx_word' id='word_1_512' title='bbox 2445 1384 2622 1439; x_wconf 86' lang='lat' dir='ltr'><strong>Zonaei,</strong></span> <span class='ocrx_word' id='word_1_513' title='bbox 2651 1402 2712 1444; x_wconf 92' lang='grc' dir='ltr'><strong>μα</strong></span> <span class='ocrx_word' id='word_1_514' title='bbox 2714 1402 2844 1449; x_wconf 70' lang='grc' dir='ltr'>(ειρι-</span> 
     </span>
     <span class='ocr_line' id='line_1_71' title="bbox 1551 1443 2841 1518; baseline 0.01 -28"><span class='ocrx_word' id='word_1_515' title='bbox 1551 1443 1629 1498; x_wconf 82' lang='grc' dir='ltr'><strong>κὰς</strong></span> <span class='ocrx_word' id='word_1_516' title='bbox 1654 1449 1929 1493; x_wconf 88' lang='lat' dir='ltr'><strong>Melesermi.</strong></span> <span class='ocrx_word' id='word_1_517' title='bbox 1957 1450 2074 1495; x_wconf 89' lang='lat' dir='ltr'><strong>Vide</strong></span> <span class='ocrx_word' id='word_1_518' title='bbox 2101 1451 2258 1496; x_wconf 85' lang='lat' dir='ltr'><strong>Ebert.</strong></span> <span class='ocrx_word' id='word_1_519' title='bbox 2291 1453 2409 1499; x_wconf 92' lang='lat' dir='ltr'><strong>Diss.</strong></span> <span class='ocrx_word' id='word_1_520' title='bbox 2434 1454 2575 1498; x_wconf 92' lang='lat' dir='ltr'><strong>Sicul.</strong></span> <span class='ocrx_word' id='word_1_521' title='bbox 2618 1470 2664 1514; x_wconf 91' lang='lat' dir='ltr'><strong>p.</strong></span> <span class='ocrx_word' id='word_1_522' title='bbox 2695 1473 2713 1501; x_wconf 89' lang='lat'>1</span> <span class='ocrx_word' id='word_1_523' title='bbox 2727 1457 2841 1518; x_wconf 85' lang='lat'><strong>75),</strong></span> 
     </span>
     <span class='ocr_line' id='line_1_72' title="bbox 1551 1520 2839 1588; baseline 0.009 -26"><span class='ocrx_word' id='word_1_524' title='bbox 1551 1534 1653 1578; x_wconf 87' lang='lat' dir='ltr'><strong>quae</strong></span> <span class='ocrx_word' id='word_1_525' title='bbox 1672 1520 1832 1565; x_wconf 89' lang='lat' dir='ltr'><strong>indole</strong></span> <span class='ocrx_word' id='word_1_526' title='bbox 1850 1523 2018 1566; x_wconf 88' lang='lat' dir='ltr'><strong>similes</strong></span> <span class='ocrx_word' id='word_1_527' title='bbox 2036 1522 2209 1567; x_wconf 85' lang='lat' dir='ltr'><strong>fuerint</strong></span> <span class='ocrx_word' id='word_1_528' title='bbox 2230 1527 2315 1575; x_wconf 89' lang='grc' dir='ltr'>τοῖς</span> <span class='ocrx_word' id='word_1_529' title='bbox 2335 1521 2548 1577; x_wconf 88' lang='grc' dir='ltr'>Ἀπίστοις</span> <span class='ocrx_word' id='word_1_530' title='bbox 2570 1525 2839 1588; x_wconf 86' lang='lat' dir='ltr'><strong>Palaephati.</strong></span> 
     </span>
     <span class='ocr_line' id='line_1_73' title="bbox 1550 1590 2842 1657; baseline 0.009 -23"><span class='ocrx_word' id='word_1_531' title='bbox 1550 1590 1642 1634; x_wconf 90' lang='lat' dir='ltr'><strong>Sed</strong></span> <span class='ocrx_word' id='word_1_532' title='bbox 1658 1592 1848 1636; x_wconf 88' lang='lat' dir='ltr'><strong>eodem</strong></span> <span class='ocrx_word' id='word_1_533' title='bbox 1831 1609 1936 1651; x_wconf 84' lang='lat' dir='ltr'><strong>Jure</strong></span> <span class='ocrx_word' id='word_1_534' title='bbox 1952 1594 2048 1637; x_wconf 90' lang='lat' dir='ltr'><strong>haec</strong></span> <span class='ocrx_word' id='word_1_535' title='bbox 2062 1595 2111 1637; x_wconf 89' lang='lat' dir='ltr'><strong>in</strong></span> <span class='ocrx_word' id='word_1_536' title='bbox 2129 1595 2286 1654; x_wconf 78' lang='lat' dir='ltr'><strong>Libyae</strong></span> <span class='ocrx_word' id='word_1_537' title='bbox 2298 1595 2492 1640; x_wconf 85' lang='lat' dir='ltr'><strong>historia</strong></span> <span class='ocrx_word' id='word_1_538' title='bbox 2506 1598 2594 1657; x_wconf 84' lang='lat' dir='ltr'><strong>legi</strong></span> <span class='ocrx_word' id='word_1_539' title='bbox 2610 1609 2842 1657; x_wconf 89' lang='lat' dir='ltr'><strong>poterant.</strong></span> 
     </span>
     <span class='ocr_line' id='line_1_74' title="bbox 1548 1663 2851 1726; baseline 0.008 -19"><span class='ocrx_word' id='word_1_540' title='bbox 1548 1663 1667 1707; x_wconf 84' lang='lat' dir='ltr'><strong>Utut</strong></span> <span class='ocrx_word' id='word_1_541' title='bbox 1686 1674 1776 1720; x_wconf 88' lang='lat' dir='ltr'><strong>est,</strong></span> <span class='ocrx_word' id='word_1_542' title='bbox 1800 1666 1899 1709; x_wconf 86' lang='lat' dir='ltr'><strong>noli</strong></span> <span class='ocrx_word' id='word_1_543' title='bbox 1920 1667 2125 1726; x_wconf 83' lang='lat' dir='ltr'><strong>cogitare</strong></span> <span class='ocrx_word' id='word_1_544' title='bbox 2145 1666 2204 1711; x_wconf 88' lang='lat' dir='ltr'><strong>de</strong></span> <span class='ocrx_word' id='word_1_545' title='bbox 2224 1664 2342 1711; x_wconf 86' lang='lat' dir='ltr'><strong>Chio</strong></span> <span class='ocrx_word' id='word_1_546' title='bbox 2364 1668 2632 1714; x_wconf 87' lang='lat' dir='ltr'><strong>Theocrito.</strong></span> <span class='ocrx_word' id='word_1_547' title='bbox 2659 1664 2851 1717; x_wconf 76' lang='lat' dir='ltr'><strong>Nomen¹</strong></span> 
     </span>
     <span class='ocr_line' id='line_1_75' title="bbox 1547 1736 2845 1804; baseline 0.008 -26"><span class='ocrx_word' id='word_1_548' title='bbox 1547 1737 1717 1794; x_wconf 88' lang='lat' dir='ltr'><strong>procul</strong></span> <span class='ocrx_word' id='word_1_549' title='bbox 1740 1736 1885 1780; x_wconf 90' lang='lat' dir='ltr'><strong>dubio</strong></span> <span class='ocrx_word' id='word_1_550' title='bbox 1913 1746 2188 1797; x_wconf 84' lang='lat' dir='ltr'><strong>corruptum</strong></span> <span class='ocrx_word' id='word_1_551' title='bbox 2211 1748 2277 1783; x_wconf 90' lang='lat' dir='ltr'><strong>est</strong></span> <span class='ocrx_word' id='word_1_552' title='bbox 2305 1754 2362 1784; x_wconf 84' lang='lat' dir='ltr'><strong>ex</strong></span> <span class='ocrx_word' id='word_1_553' title='bbox 2385 1737 2685 1804; x_wconf 82' lang='grc' dir='ltr'>Θεόχρηστος,</span> <span class='ocrx_word' id='word_1_554' title='bbox 2714 1744 2845 1803; x_wconf 77' lang='lat' dir='ltr'><strong>cujus</strong></span> 
     </span>
     <span class='ocr_line' id='line_1_76' title="bbox 1547 1807 2181 1867; baseline 0.005 -16"><span class='ocrx_word' id='word_1_555' title='bbox 1547 1807 1720 1867; x_wconf 87' lang='lat' dir='ltr'><strong>Libyca</strong></span> <span class='ocrx_word' id='word_1_556' title='bbox 1741 1809 1928 1854; x_wconf 85' lang='lat' dir='ltr'><strong>aliunde</strong></span> <span class='ocrx_word' id='word_1_557' title='bbox 1950 1812 2181 1855; x_wconf 85' lang='lat' dir='ltr'><strong>novimus.</strong></span> 
     </span>
    </p>
   </div>
   <div class='ocr_carea' id='block_1_33' title="bbox 2035 1929 2336 1950">
    <p class='ocr_par' dir='ltr' id='par_1_37' title="bbox 2035 1929 2336 1950">
     <span class='ocr_line' id='line_1_77' title="bbox 2035 1929 2336 1950; baseline 0 2678"><span class='ocrx_word' id='word_1_558' title='bbox 2035 1929 2336 1950; x_wconf 95' lang='lat' dir='ltr'><strong> </strong></span> 
     </span>
    </p>
   </div>
   <div class='ocr_carea' id='block_1_34' title="bbox 1842 2029 2557 2082">
    <p class='ocr_par' dir='ltr' id='par_1_38' title="bbox 1842 2029 2557 2082">
     <span class='ocr_line' id='line_1_78' title="bbox 1842 2029 2557 2082; baseline 0.004 -6"><span class='ocrx_word' id='word_1_559' title='bbox 1842 2029 2271 2080; x_wconf 87' lang='grc' dir='ltr'>ΘΕΟΧΡΗΣΤΟΥ</span> <span class='ocrx_word' id='word_1_560' title='bbox 2306 2034 2557 2082; x_wconf 86' lang='grc' dir='ltr'><strong>ΛΙΒΥΚΑ.</strong></span> 
     </span>
    </p>
   </div>
   <div class='ocr_carea' id='block_1_35' title="bbox 1611 2146 2837 2320">
    <p class='ocr_par' dir='ltr' id='par_1_39' title="bbox 1611 2146 2837 2318">
     <span class='ocr_line' id='line_1_79' title="bbox 1956 2146 2420 2193; baseline 0.009 -4"><span class='ocrx_word' id='word_1_561' title='bbox 1956 2147 2139 2191; x_wconf 83' lang='lat' dir='ltr'><strong>LIBER</strong></span> <span class='ocrx_word' id='word_1_562' title='bbox 2173 2146 2420 2193; x_wconf 87' lang='lat' dir='ltr'><strong>PRIMUS.</strong></span> 
     </span>
     <span class='ocr_line' id='line_1_80' title="bbox 1611 2248 2837 2320; baseline 0.008 -26"><span class='ocrx_word' id='word_1_563' title='bbox 1611 2248 1769 2294; x_wconf 90' lang='lat' dir='ltr'><strong>Schol.</strong></span> <span class='ocrx_word' id='word_1_564' title='bbox 1791 2252 2012 2311; x_wconf 91' lang='lat' dir='ltr'><strong>Apollon</strong></span> <span class='ocrx_word' id='word_1_565' title='bbox 2037 2253 2199 2297; x_wconf 83' lang='lat' dir='ltr'><strong>Rhod.</strong></span> <span class='ocrx_word' id='word_1_566' title='bbox 2219 2255 2299 2309; x_wconf 93' lang='lat' dir='ltr'><strong>IV,</strong></span> <span class='ocrx_word' id='word_1_567' title='bbox 2325 2251 2485 2311; x_wconf 82' lang='lat'>1750:</span> <span class='ocrx_word' id='word_1_568' title='bbox 2511 2252 2763 2320; x_wconf 59' lang='grc' dir='ltr'>Εὔρημος”</span> <span class='ocrx_word' id='word_1_569' title='bbox 2734 2276 2818 2304; x_wconf 90' lang='grc' dir='ltr'><strong>ωκε</strong></span> <span class='ocrx_word' id='word_1_570' title='bbox 2823 2278 2837 2304; x_wconf 80' lang='grc' dir='ltr'>ι</span> 
     </span>
    </p>
   </div>
   <div class='ocr_carea' id='block_1_36' title="bbox 1535 2315 2899 3537">
    <p class='ocr_par' dir='ltr' id='par_1_40' title="bbox 1542 2315 2899 2817">
     <span class='ocr_line' id='line_1_81' title="bbox 1544 2315 2837 2399; baseline 0.006 -33"><span class='ocrx_word' id='word_1_571' title='bbox 1544 2317 1622 2377; x_wconf 82' lang='grc' dir='ltr'><strong>τὴν</strong></span> <span class='ocrx_word' id='word_1_572' title='bbox 1647 2319 1905 2378; x_wconf 83' lang='grc' dir='ltr'>Λακωνικὴν</span> <span class='ocrx_word' id='word_1_573' title='bbox 1938 2319 2058 2384; x_wconf 84' lang='grc' dir='ltr'>παρὰ</span> <span class='ocrx_word' id='word_1_574' title='bbox 2081 2321 2150 2368; x_wconf 87' lang='grc' dir='ltr'><strong>τὸν</strong></span> <span class='ocrx_word' id='word_1_575' title='bbox 2183 2321 2396 2384; x_wconf 83' lang='grc' dir='ltr'>αἰγιαλόν.</span> <span class='ocrx_word' id='word_1_576' title='bbox 2427 2315 2503 2378; x_wconf 77' lang='grc' dir='ltr'>Εἰς</span> <span class='ocrx_word' id='word_1_577' title='bbox 2537 2325 2582 2370; x_wconf 84' lang='grc' dir='ltr'><strong>δέ</strong></span> <span class='ocrx_word' id='word_1_578' title='bbox 2577 2345 2669 2399; x_wconf 48' lang='lat' dir='ltr'><strong>”rte</strong></span> <span class='ocrx_word' id='word_1_579' title='bbox 2704 2328 2837 2375; x_wconf 77' lang='grc' dir='ltr'>αὐτου</span> 
     </span>
     <span class='ocr_line' id='line_1_82' title="bbox 1544 2391 2839 2464; baseline 0.006 -24"><span class='ocrx_word' id='word_1_580' title='bbox 1544 2395 1628 2440; x_wconf 82' lang='grc' dir='ltr'><strong>τῶν</strong></span> <span class='ocrx_word' id='word_1_581' title='bbox 1651 2391 1872 2454; x_wconf 87' lang='grc' dir='ltr'>ἀπογόνων</span> <span class='ocrx_word' id='word_1_582' title='bbox 1900 2393 2108 2456; x_wconf 81' lang='grc' dir='ltr'>Σήσαμος</span> <span class='ocrx_word' id='word_1_583' title='bbox 2135 2394 2328 2461; x_wconf 83' lang='grc' dir='ltr'>ἀπῴκισε</span> <span class='ocrx_word' id='word_1_584' title='bbox 2353 2394 2528 2462; x_wconf 82' lang='grc' dir='ltr'>Θήραν·</span> <span class='ocrx_word' id='word_1_585' title='bbox 2554 2401 2602 2443; x_wconf 82' lang='grc' dir='ltr'><strong>οὗ</strong></span> <span class='ocrx_word' id='word_1_586' title='bbox 2629 2401 2839 2464; x_wconf 90' lang='grc' dir='ltr'>ἀπόγονος</span> 
     </span>
     <span class='ocr_line' id='line_1_83' title="bbox 1543 2464 2838 2558; baseline 0.007 -48"><span class='ocrx_word' id='word_1_587' title='bbox 1543 2464 1713 2527; x_wconf 86' lang='grc' dir='ltr'>γέγονεν</span> <span class='ocrx_word' id='word_1_588' title='bbox 1739 2464 2056 2527; x_wconf 77' lang='grc' dir='ltr'>Ἀριστοτέλης,</span> <span class='ocrx_word' id='word_1_589' title='bbox 2090 2464 2132 2520; x_wconf 82' lang='grc' dir='ltr'>ὃς</span> <span class='ocrx_word' id='word_1_590' title='bbox 2159 2470 2234 2524; x_wconf 73' lang='grc' dir='ltr'><strong>τῆς</strong></span> <span class='ocrx_word' id='word_1_591' title='bbox 2268 2467 2366 2558; x_wconf 83' lang='grc' dir='ltr'>περὶ</span> <span class='ocrx_word' id='word_1_592' title='bbox 2403 2467 2604 2533; x_wconf 82' lang='grc' dir='ltr'>Κυρήνην</span> <span class='ocrx_word' id='word_1_593' title='bbox 2637 2472 2838 2526; x_wconf 83' lang='grc' dir='ltr'>ἀποικίας</span> 
     </span>
     <span class='ocr_line' id='line_1_84' title="bbox 1542 2535 2837 2606; baseline 0.007 -23"><span class='ocrx_word' id='word_1_594' title='bbox 1542 2535 1755 2600; x_wconf 84' lang='grc' dir='ltr'>ἡγησατο.</span> <span class='ocrx_word' id='word_1_595' title='bbox 1784 2536 2039 2603; x_wconf 77' lang='grc' dir='ltr'>Ἱστορεῗται</span> <span class='ocrx_word' id='word_1_596' title='bbox 2062 2558 2200 2585; x_wconf 87' lang='grc' dir='ltr'>ταυτα</span> <span class='ocrx_word' id='word_1_597' title='bbox 2224 2538 2345 2604; x_wconf 82' lang='grc' dir='ltr'>παρὰ</span> <span class='ocrx_word' id='word_1_598' title='bbox 2371 2541 2414 2588; x_wconf 91' lang='grc' dir='ltr'>Π</span> <span class='ocrx_word' id='word_1_599' title='bbox 2420 2539 2576 2606; x_wconf 87' lang='grc' dir='ltr'>ινοαρω</span> <span class='ocrx_word' id='word_1_600' title='bbox 2605 2543 2647 2588; x_wconf 81' lang='grc' dir='ltr'><strong>ἐν</strong></span> <span class='ocrx_word' id='word_1_601' title='bbox 2670 2545 2837 2592; x_wconf 88' lang='grc' dir='ltr'>Πυθιο-</span> 
     </span>
     <span class='ocr_line' id='line_1_85' title="bbox 1543 2607 2899 2682; baseline 0.007 -27"><span class='ocrx_word' id='word_1_602' title='bbox 1543 2607 1691 2662; x_wconf 82' lang='grc' dir='ltr'>νίκαις·</span> <span class='ocrx_word' id='word_1_603' title='bbox 1717 2608 2046 2674; x_wconf 85' lang='grc' dir='ltr'>επιμελέστερον</span> <span class='ocrx_word' id='word_1_604' title='bbox 2071 2610 2115 2658; x_wconf 82' lang='grc' dir='ltr'><strong>δὲ</strong></span> <span class='ocrx_word' id='word_1_605' title='bbox 2150 2611 2270 2675; x_wconf 79' lang='grc' dir='ltr'>παρὰ</span> <span class='ocrx_word' id='word_1_606' title='bbox 2304 2611 2573 2676; x_wconf 86' lang='grc' dir='ltr'>Θεοχρήστῳ</span> <span class='ocrx_word' id='word_1_607' title='bbox 2607 2633 2649 2660; x_wconf 92' lang='grc' dir='ltr'><strong>εν</strong></span> <span class='ocrx_word' id='word_1_608' title='bbox 2675 2615 2837 2682; x_wconf 85' lang='grc' dir='ltr'>πρώτῳ</span> <span class='ocrx_word' id='word_1_609' title='bbox 2897 2665 2899 2668; x_wconf 23' lang='lat'><strong>⁴</strong></span> 
     </span>
     <span class='ocr_line' id='line_1_86' title="bbox 1542 2680 2834 2752; baseline 0.005 -22"><span class='ocrx_word' id='word_1_610' title='bbox 1542 2680 1763 2741; x_wconf 72' lang='grc' dir='ltr'>Λιὸυκῶν,</span> <span class='ocrx_word' id='word_1_611' title='bbox 1787 2683 1861 2730; x_wconf 79' lang='grc' dir='ltr'><strong>καὶ</strong></span> <span class='ocrx_word' id='word_1_612' title='bbox 1884 2683 2004 2749; x_wconf 83' lang='grc' dir='ltr'>παρὰ</span> <span class='ocrx_word' id='word_1_613' title='bbox 2029 2683 2341 2750; x_wconf 83' lang='grc' dir='ltr'>Ἀκεσοίνδρω’</span> <span class='ocrx_word' id='word_1_614' title='bbox 2322 2704 2365 2731; x_wconf 91' lang='grc' dir='ltr'><strong>εν</strong></span> <span class='ocrx_word' id='word_1_615' title='bbox 2391 2685 2550 2751; x_wconf 85' lang='grc' dir='ltr'>πρώτῳ</span> <span class='ocrx_word' id='word_1_616' title='bbox 2571 2687 2708 2752; x_wconf 83' lang='grc' dir='ltr'>[περι]</span> <span class='ocrx_word' id='word_1_617' title='bbox 2736 2691 2834 2737; x_wconf 76' lang='lat' dir='ltr'><strong>Ku-</strong></span> 
     </span>
     <span class='ocr_line' id='line_1_87' title="bbox 1544 2754 1686 2817; baseline -0.024 -6"><span class='ocrx_word' id='word_1_618' title='bbox 1544 2754 1686 2817; x_wconf 82' lang='grc' dir='ltr'>ρήνης</span> 
     </span>
    </p>

    <p class='ocr_par' dir='ltr' id='par_1_41' title="bbox 1535 2829 2834 3537">
     <span class='ocr_line' id='line_1_88' title="bbox 1606 2829 2830 2891; baseline 0.009 -21"><span class='ocrx_word' id='word_1_619' title='bbox 1606 2829 1677 2871; x_wconf 89' lang='lat' dir='ltr'><strong>De</strong></span> <span class='ocrx_word' id='word_1_620' title='bbox 1698 2843 1748 2871; x_wconf 86' lang='lat' dir='ltr'><strong>re</strong></span> <span class='ocrx_word' id='word_1_621' title='bbox 1775 2837 2018 2887; x_wconf 85' lang='lat' dir='ltr'><strong>exponunt</strong></span> <span class='ocrx_word' id='word_1_622' title='bbox 2039 2829 2317 2888; x_wconf 86' lang='lat' dir='ltr'><strong>interpretes</strong></span> <span class='ocrx_word' id='word_1_623' title='bbox 2340 2829 2400 2874; x_wconf 90' lang='lat' dir='ltr'><strong>ad</strong></span> <span class='ocrx_word' id='word_1_624' title='bbox 2422 2830 2561 2877; x_wconf 89' lang='lat' dir='ltr'><strong>Pind.</strong></span> <span class='ocrx_word' id='word_1_625' title='bbox 2588 2830 2725 2891; x_wconf 72' lang='lat' dir='ltr'><strong>Pyth.</strong></span> <span class='ocrx_word' id='word_1_626' title='bbox 2752 2837 2830 2881; x_wconf 93' lang='lat' dir='ltr'><strong>IV.</strong></span> 
     </span>
     <span class='ocr_line' id='line_1_89' title="bbox 1543 2896 2833 2961; baseline 0.008 -19"><span class='ocrx_word' id='word_1_627' title='bbox 1543 2896 1603 2956; x_wconf 82' lang='lat'><strong>57</strong></span> <span class='ocrx_word' id='word_1_628' title='bbox 1625 2914 1723 2958; x_wconf 86' lang='lat' dir='ltr'><strong>sqq.</strong></span> <span class='ocrx_word' id='word_1_629' title='bbox 1745 2914 1791 2943; x_wconf 88' lang='lat' dir='ltr'><strong>et</strong></span> <span class='ocrx_word' id='word_1_630' title='bbox 1810 2901 1864 2945; x_wconf 90' lang='lat' dir='ltr'><strong>O.</strong></span> <span class='ocrx_word' id='word_1_631' title='bbox 1885 2901 2067 2945; x_wconf 80' lang='lat' dir='ltr'><strong>Mulier.</strong></span> <span class='ocrx_word' id='word_1_632' title='bbox 2086 2902 2211 2948; x_wconf 75' lang='lat' dir='ltr'><strong>Min.</strong></span> <span class='ocrx_word' id='word_1_633' title='bbox 2230 2917 2275 2961; x_wconf 89' lang='lat' dir='ltr'><strong>p.</strong></span> <span class='ocrx_word' id='word_1_634' title='bbox 2299 2899 2393 2946; x_wconf 80' lang='lat'><strong>350</strong></span> <span class='ocrx_word' id='word_1_635' title='bbox 2414 2918 2513 2961; x_wconf 90' lang='lat' dir='ltr'><strong>sqq.</strong></span> <span class='ocrx_word' id='word_1_636' title='bbox 2531 2926 2596 2932; x_wconf 80' lang='lat'><strong>—</strong></span> <span class='ocrx_word' id='word_1_637' title='bbox 2615 2906 2696 2949; x_wconf 90' lang='lat' dir='ltr'><strong>Uti</strong></span> <span class='ocrx_word' id='word_1_638' title='bbox 2715 2909 2833 2952; x_wconf 89' lang='lat' dir='ltr'><strong>Ace·</strong></span> 
     </span>
     <span class='ocr_line' id='line_1_90' title="bbox 1540 2971 2834 3037; baseline 0.007 -22"><span class='ocrx_word' id='word_1_639' title='bbox 1540 2971 1723 3028; x_wconf 87' lang='lat' dir='ltr'><strong>sander,</strong></span> <span class='ocrx_word' id='word_1_640' title='bbox 1746 2973 1808 3016; x_wconf 91' lang='lat' dir='ltr'><strong>sic</strong></span> <span class='ocrx_word' id='word_1_641' title='bbox 1832 2973 1970 3016; x_wconf 87' lang='lat' dir='ltr'><strong>etiam</strong></span> <span class='ocrx_word' id='word_1_642' title='bbox 1994 2973 2355 3031; x_wconf 87' lang='lat' dir='ltr'><strong>Theochrestus,</strong></span> <span class='ocrx_word' id='word_1_643' title='bbox 2381 2976 2469 3018; x_wconf 89' lang='lat' dir='ltr'><strong>nisi</strong></span> <span class='ocrx_word' id='word_1_644' title='bbox 2493 2975 2645 3032; x_wconf 78' lang='lat' dir='ltr'><strong>fallor,</strong></span> <span class='ocrx_word' id='word_1_645' title='bbox 2664 2993 2834 3037; x_wconf 85' lang='lat' dir='ltr'><strong>genere</strong></span> 
     </span>
     <span class='ocr_line' id='line_1_91' title="bbox 1540 3043 2827 3110; baseline 0.005 -22"><span class='ocrx_word' id='word_1_646' title='bbox 1540 3044 1785 3102; x_wconf 76' lang='lat' dir='ltr'><strong>Cyrenaeus</strong></span> <span class='ocrx_word' id='word_1_647' title='bbox 1814 3043 1920 3099; x_wconf 81' lang='lat' dir='ltr'><strong>fuit3</strong></span> <span class='ocrx_word' id='word_1_648' title='bbox 1950 3044 2094 3103; x_wconf 89' lang='lat' dir='ltr'><strong>idque</strong></span> <span class='ocrx_word' id='word_1_649' title='bbox 2119 3046 2290 3106; x_wconf 83' lang='lat' dir='ltr'><strong>colligo</strong></span> <span class='ocrx_word' id='word_1_650' title='bbox 2319 3061 2376 3090; x_wconf 88' lang='lat' dir='ltr'><strong>ex</strong></span> <span class='ocrx_word' id='word_1_651' title='bbox 2398 3045 2591 3092; x_wconf 89' lang='lat' dir='ltr'><strong>Pausan.</strong></span> <span class='ocrx_word' id='word_1_652' title='bbox 2615 3051 2677 3093; x_wconf 94' lang='lat' dir='ltr'><strong>VI</strong></span> <span class='ocrx_word' id='word_1_653' title='bbox 2693 3084 2705 3106; x_wconf 93' lang='lat'><strong>,</strong></span> <span class='ocrx_word' id='word_1_654' title='bbox 2745 3067 2799 3095; x_wconf 85' lang='lat'><strong>12</strong></span> <span class='ocrx_word' id='word_1_655' title='bbox 2814 3087 2827 3110; x_wconf 90' lang='lat'>‚</span> 
     </span>
     <span class='ocr_line' id='line_1_92' title="bbox 1542 3115 2830 3177; baseline 0.007 -19"><span class='ocrx_word' id='word_1_656' title='bbox 1542 3131 1587 3172; x_wconf 91' lang='lat'><strong>7,</strong></span> <span class='ocrx_word' id='word_1_657' title='bbox 1615 3117 1695 3175; x_wconf 92' lang='lat' dir='ltr'><strong>qui</strong></span> <span class='ocrx_word' id='word_1_658' title='bbox 1716 3115 1835 3160; x_wconf 91' lang='lat' dir='ltr'><strong>duos</strong></span> <span class='ocrx_word' id='word_1_659' title='bbox 1857 3117 2192 3162; x_wconf 90' lang='lat' dir='ltr'><strong>Theochrestos</strong></span> <span class='ocrx_word' id='word_1_660' title='bbox 2215 3119 2480 3177; x_wconf 85' lang='lat' dir='ltr'><strong>Cyrenaeos,</strong></span> <span class='ocrx_word' id='word_1_661' title='bbox 2507 3135 2644 3164; x_wconf 88' lang='lat' dir='ltr'><strong>avum</strong></span> <span class='ocrx_word' id='word_1_662' title='bbox 2669 3131 2714 3166; x_wconf 91' lang='lat' dir='ltr'><strong>et</strong></span> <span class='ocrx_word' id='word_1_663' title='bbox 2743 3141 2830 3168; x_wconf 88' lang='lat' dir='ltr'><strong>ne-</strong></span> 
     </span>
     <span class='ocr_line' id='line_1_93' title="bbox 1536 3188 2830 3251; baseline 0.006 -20"><span class='ocrx_word' id='word_1_664' title='bbox 1536 3196 1715 3247; x_wconf 85' lang='lat' dir='ltr'><strong>potem,</strong></span> <span class='ocrx_word' id='word_1_665' title='bbox 1732 3197 1976 3233; x_wconf 88' lang='lat' dir='ltr'><strong>memorat.</strong></span> <span class='ocrx_word' id='word_1_666' title='bbox 1999 3188 2122 3235; x_wconf 86' lang='lat' dir='ltr'><strong>AEtas</strong></span> <span class='ocrx_word' id='word_1_667' title='bbox 2134 3191 2343 3235; x_wconf 77' lang='lat' dir='ltr'><strong>historici</strong></span> <span class='ocrx_word' id='word_1_668' title='bbox 2357 3190 2541 3236; x_wconf 85' lang='lat' dir='ltr'><strong>definiri</strong></span> <span class='ocrx_word' id='word_1_669' title='bbox 2560 3195 2736 3251; x_wconf 89' lang='lat' dir='ltr'><strong>nequit.</strong></span> <span class='ocrx_word' id='word_1_670' title='bbox 2756 3198 2830 3240; x_wconf 85' lang='lat' dir='ltr'><strong>Ei-</strong></span> 
     </span>
     <span class='ocr_line' id='line_1_94' title="bbox 1539 3258 2827 3307; baseline -0.002 -2"><span class='ocrx_word' id='word_1_671' title='bbox 1539 3260 1647 3305; x_wconf 85' lang='lat' dir='ltr'><strong>dem</strong></span> <span class='ocrx_word' id='word_1_672' title='bbox 1666 3258 1980 3306; x_wconf 90' lang='lat' dir='ltr'><strong>Theochresto</strong></span> <span class='ocrx_word' id='word_1_673' title='bbox 2007 3262 2162 3306; x_wconf 74' lang='lat' dir='ltr'><strong>tribuo</strong></span> <span class='ocrx_word' id='word_1_674' title='bbox 2184 3263 2354 3306; x_wconf 86' lang='lat' dir='ltr'><strong>librum</strong></span> <span class='ocrx_word' id='word_1_675' title='bbox 2376 3263 2435 3307; x_wconf 87' lang='lat' dir='ltr'><strong>de</strong></span> <span class='ocrx_word' id='word_1_676' title='bbox 2457 3264 2615 3307; x_wconf 87' lang='lat' dir='ltr'><strong>Rebus</strong></span> <span class='ocrx_word' id='word_1_677' title='bbox 2637 3261 2827 3306; x_wconf 86' lang='lat' dir='ltr'><strong>mirabi-</strong></span> 
     </span>
     <span class='ocr_line' id='line_1_95' title="bbox 1537 3331 2829 3393; baseline 0.003 -19"><span class='ocrx_word' id='word_1_678' title='bbox 1537 3331 1674 3387; x_wconf 89' lang='lat' dir='ltr'><strong>libus,</strong></span> <span class='ocrx_word' id='word_1_679' title='bbox 1691 3347 1746 3376; x_wconf 84' lang='lat' dir='ltr'><strong>ex</strong></span> <span class='ocrx_word' id='word_1_680' title='bbox 1764 3347 1915 3391; x_wconf 90' lang='lat' dir='ltr'><strong>eoque</strong></span> <span class='ocrx_word' id='word_1_681' title='bbox 1930 3334 2075 3392; x_wconf 88' lang='lat' dir='ltr'><strong>petita</strong></span> <span class='ocrx_word' id='word_1_682' title='bbox 2091 3333 2280 3389; x_wconf 80' lang='lat' dir='ltr'><strong>fuerint,</strong></span> <span class='ocrx_word' id='word_1_683' title='bbox 2309 3349 2415 3393; x_wconf 85' lang='lat' dir='ltr'><strong>quae</strong></span> <span class='ocrx_word' id='word_1_684' title='bbox 2433 3337 2630 3379; x_wconf 85' lang='lat' dir='ltr'><strong>servavit</strong></span> <span class='ocrx_word' id='word_1_685' title='bbox 2657 3335 2829 3378; x_wconf 88' lang='lat' dir='ltr'><strong>Plinius</strong></span> 
     </span>
     <span class='ocr_line' id='line_1_96' title="bbox 1538 3405 2830 3464; baseline 0.001 -16"><span class='ocrx_word' id='word_1_686' title='bbox 1538 3405 1596 3449; x_wconf 94' lang='lat' dir='ltr'><strong>H.</strong></span> <span class='ocrx_word' id='word_1_687' title='bbox 1621 3405 1677 3448; x_wconf 91' lang='lat' dir='ltr'><strong>N.</strong></span> <span class='ocrx_word' id='word_1_688' title='bbox 1702 3406 1956 3461; x_wconf 88' lang='lat' dir='ltr'><strong>XXXVII,</strong></span> <span class='ocrx_word' id='word_1_689' title='bbox 1987 3421 2061 3461; x_wconf 89' lang='lat'><strong>11,</strong></span> <span class='ocrx_word' id='word_1_690' title='bbox 2095 3421 2136 3460; x_wconf 92' lang='lat'><strong>1,</strong></span> <span class='ocrx_word' id='word_1_691' title='bbox 2161 3420 2211 3464; x_wconf 90' lang='lat' dir='ltr'><strong>p.</strong></span> <span class='ocrx_word' id='word_1_692' title='bbox 2243 3410 2331 3458; x_wconf 77' lang='lat'><strong>104</strong></span> <span class='ocrx_word' id='word_1_693' title='bbox 2363 3407 2508 3450; x_wconf 92' lang='lat' dir='ltr'><strong>Tchn.</strong></span> <span class='ocrx_word' id='word_1_694' title='bbox 2541 3423 2551 3450; x_wconf 90' lang='lat'>:</span> <span class='ocrx_word' id='word_1_695' title='bbox 2585 3406 2830 3451; x_wconf 75' lang='lat' dir='ltr'><strong>Theochre-</strong></span> 
     </span>
     <span class='ocr_line' id='line_1_97' title="bbox 1535 3475 2827 3537; baseline 0.002 -19"><span class='ocrx_word' id='word_1_696' title='bbox 1535 3484 1629 3518; x_wconf 82' lang='lat' dir='ltr'><strong>s-tus</strong></span> <span class='ocrx_word' id='word_1_697' title='bbox 1661 3477 1844 3520; x_wconf 81' lang='lat' dir='ltr'><strong>Oceano</strong></span> <span class='ocrx_word' id='word_1_698' title='bbox 1862 3477 1915 3519; x_wconf 85' lang='lat' dir='ltr'><strong>id</strong></span> <span class='ocrx_word' id='word_1_699' title='bbox 1929 3475 2201 3537; x_wconf 84' lang='lat' dir='ltr'><strong>(electrum)</strong></span> <span class='ocrx_word' id='word_1_700' title='bbox 2220 3487 2506 3521; x_wconf 63' lang='lat' dir='ltr'><strong>exaestuante</strong></span> <span class='ocrx_word' id='word_1_701' title='bbox 2526 3479 2594 3520; x_wconf 86' lang='lat' dir='ltr'><strong>ad</strong></span> <span class='ocrx_word' id='word_1_702' title='bbox 2608 3479 2827 3534; x_wconf 81' lang='lat' dir='ltr'><strong>Pyrenoei</strong></span> 
     </span>
    </p>
   </div>
   <div class='ocr_carea' id='block_1_37' title="bbox 1532 3550 2814 3608">
    <p class='ocr_par' dir='ltr' id='par_1_42' title="bbox 1532 3550 2814 3608">
     <span class='ocr_line' id='line_1_98' title="bbox 1532 3550 2814 3608; baseline 0.001 -17"><span class='ocrx_word' id='word_1_703' title='bbox 1532 3551 1846 3606; x_wconf 84' lang='lat' dir='ltr'><strong>promontoria</strong></span> <span class='ocrx_word' id='word_1_704' title='bbox 1879 3552 2026 3605; x_wconf 81' lang='lat' dir='ltr'><strong>ejici:</strong></span> <span class='ocrx_word' id='word_1_705' title='bbox 2051 3550 2176 3608; x_wconf 88' lang='lat' dir='ltr'><strong>quod</strong></span> <span class='ocrx_word' id='word_1_706' title='bbox 2203 3558 2250 3592; x_wconf 77' lang='lat' dir='ltr'><strong>et</strong></span> <span class='ocrx_word' id='word_1_707' title='bbox 2285 3550 2569 3593; x_wconf 83' lang='lat' dir='ltr'><strong>Xenocrates</strong></span> <span class='ocrx_word' id='word_1_708' title='bbox 2601 3550 2814 3603; x_wconf 82' lang='lat' dir='ltr'><strong>credidit,</strong></span> 
     </span>
    </p>
   </div>
   <div class='ocr_carea' id='block_1_38' title="bbox 1535 3620 2823 3822">
    <p class='ocr_par' dir='ltr' id='par_1_43' title="bbox 1535 3620 2823 3822">
     <span class='ocr_line' id='line_1_99' title="bbox 1536 3620 2822 3680; baseline 0.001 -17"><span class='ocrx_word' id='word_1_709' title='bbox 1536 3623 1616 3678; x_wconf 85' lang='lat' dir='ltr'><strong>qai</strong></span> <span class='ocrx_word' id='word_1_710' title='bbox 1648 3621 1707 3663; x_wconf 90' lang='lat' dir='ltr'><strong>de</strong></span> <span class='ocrx_word' id='word_1_711' title='bbox 1745 3623 1803 3664; x_wconf 82' lang='lat' dir='ltr'><strong>iis</strong></span> <span class='ocrx_word' id='word_1_712' title='bbox 1837 3625 2096 3679; x_wconf 81' lang='lat' dir='ltr'><strong>nuperrime</strong></span> <span class='ocrx_word' id='word_1_713' title='bbox 2116 3625 2316 3680; x_wconf 82' lang='lat' dir='ltr'><strong>scripsit.</strong></span> <span class='ocrx_word' id='word_1_714' title='bbox 2353 3620 2460 3665; x_wconf 86' lang='lat' dir='ltr'><strong>Haec</strong></span> <span class='ocrx_word' id='word_1_715' title='bbox 2495 3629 2560 3664; x_wconf 89' lang='lat' dir='ltr'><strong>est</strong></span> <span class='ocrx_word' id='word_1_716' title='bbox 2601 3622 2822 3665; x_wconf 84' lang='lat' dir='ltr'><strong>sententia</strong></span> 
     </span>
     <span class='ocr_line' id='line_1_100' title="bbox 1536 3691 2823 3751; baseline 0 -16"><span class='ocrx_word' id='word_1_717' title='bbox 1536 3707 1722 3748; x_wconf 86' lang='lat' dir='ltr'><strong>eorum,</strong></span> <span class='ocrx_word' id='word_1_718' title='bbox 1747 3693 1829 3751; x_wconf 90' lang='lat' dir='ltr'><strong>qui</strong></span> <span class='ocrx_word' id='word_1_719' title='bbox 1849 3693 1898 3736; x_wconf 90' lang='lat' dir='ltr'><strong>in</strong></span> <span class='ocrx_word' id='word_1_720' title='bbox 1927 3693 2161 3737; x_wconf 87' lang='lat' dir='ltr'><strong>Rhodano</strong></span> <span class='ocrx_word' id='word_1_721' title='bbox 2186 3691 2330 3737; x_wconf 87' lang='lat' dir='ltr'><strong>fluvio</strong></span> <span class='ocrx_word' id='word_1_722' title='bbox 2356 3695 2420 3738; x_wconf 86' lang='lat' dir='ltr'><strong>E1</strong></span> <span class='ocrx_word' id='word_1_723' title='bbox 2422 3693 2612 3737; x_wconf 82' lang='lat' dir='ltr'><strong>idanum</strong></span> <span class='ocrx_word' id='word_1_724' title='bbox 2633 3707 2823 3737; x_wconf 81' lang='lat' dir='ltr'><strong>cerneie</strong></span> 
     </span>
     <span class='ocr_line' id='line_1_101' title="bbox 1535 3762 2816 3822; baseline 0 -16"><span class='ocrx_word' id='word_1_725' title='bbox 1535 3762 1622 3806; x_wconf 91' lang='lat' dir='ltr'><strong>sibi</strong></span> <span class='ocrx_word' id='word_1_726' title='bbox 1639 3763 1936 3808; x_wconf 86' lang='lat' dir='ltr'><strong>videbantur.</strong></span> <span class='ocrx_word' id='word_1_727' title='bbox 1965 3765 2035 3808; x_wconf 90' lang='lat' dir='ltr'><strong>Tu</strong></span> <span class='ocrx_word' id='word_1_728' title='bbox 2061 3764 2138 3808; x_wconf 90' lang='lat' dir='ltr'><strong>adi</strong></span> <span class='ocrx_word' id='word_1_729' title='bbox 2161 3765 2463 3809; x_wconf 87' lang='lat' dir='ltr'><strong>Welckerum</strong></span> <span class='ocrx_word' id='word_1_730' title='bbox 2495 3766 2543 3807; x_wconf 91' lang='lat' dir='ltr'><strong>in</strong></span> <span class='ocrx_word' id='word_1_731' title='bbox 2574 3764 2743 3821; x_wconf 77' lang='lat' dir='ltr'><strong>Trilog.</strong></span> <span class='ocrx_word' id='word_1_732' title='bbox 2766 3779 2816 3822; x_wconf 91' lang='lat' dir='ltr'><strong>p.</strong></span> 
     </span>
    </p>
   </div>
   <div class='ocr_carea' id='block_1_39' title="bbox 1493 3814 1720 3894">
    <p class='ocr_par' dir='ltr' id='par_1_44' title="bbox 1493 3814 1720 3894">
     <span class='ocr_line' id='line_1_102' title="bbox 1493 3814 1720 3894; baseline 0 -15"><span class='ocrx_word' id='word_1_733' title='bbox 1493 3814 1500 3864; x_wconf 69' lang='lat'>¹</span> <span class='ocrx_word' id='word_1_734' title='bbox 1537 3832 1631 3894; x_wconf 85' lang='lat'><strong>569</strong></span> <span class='ocrx_word' id='word_1_735' title='bbox 1655 3850 1720 3894; x_wconf 92' lang='lat' dir='ltr'><strong>sq.</strong></span> 
     </span>
    </p>
   </div>
   <div class='ocr_carea' id='block_1_40' title="bbox 2741 3923 2807 3934">
    <p class='ocr_par' dir='ltr' id='par_1_45' title="bbox 2741 3923 2807 3934">
     <span class='ocr_line' id='line_1_103' title="bbox 2741 3923 2807 3934; baseline 0.015 -1"><span class='ocrx_word' id='word_1_736' title='bbox 2741 3923 2807 3934; x_wconf 47' lang='grc' dir='ltr'><strong>η...</strong></span> 
     </span>
    </p>
   </div>
   <div class='ocr_carea' id='block_1_41' title="bbox 1533 3966 2815 4084">
    <p class='ocr_par' dir='ltr' id='par_1_46' title="bbox 1533 3966 2815 4084">
     <span class='ocr_line' id='line_1_104' title="bbox 1534 3966 2814 4020; baseline -0.002 -14"><span class='ocrx_word' id='word_1_737' title='bbox 1534 3966 1664 4009; x_wconf 85' lang='lat' dir='ltr'><strong>duxit.</strong></span> <span class='ocrx_word' id='word_1_738' title='bbox 1705 3968 1833 4018; x_wconf 87' lang='lat' dir='ltr'><strong>Hujus</strong></span> <span class='ocrx_word' id='word_1_739' title='bbox 1865 3981 1887 4010; x_wconf 85' lang='lat' dir='ltr'><strong>e</strong></span> <span class='ocrx_word' id='word_1_740' title='bbox 1926 3970 2108 4020; x_wconf 82' lang='lat' dir='ltr'><strong>prosapia</strong></span> <span class='ocrx_word' id='word_1_741' title='bbox 2135 3968 2328 4008; x_wconf 86' lang='lat' dir='ltr'><strong>oriundus</strong></span> <span class='ocrx_word' id='word_1_742' title='bbox 2352 3966 2600 4014; x_wconf 86' lang='lat' dir='ltr'><strong>Aristoteles,</strong></span> <span class='ocrx_word' id='word_1_743' title='bbox 2638 3966 2706 4015; x_wconf 88' lang='lat' dir='ltr'><strong>qui</strong></span> <span class='ocrx_word' id='word_1_744' title='bbox 2743 3976 2814 4004; x_wconf 91' lang='lat' dir='ltr'><strong>co—</strong></span> 
     </span>
     <span class='ocr_line' id='line_1_105' title="bbox 1533 4028 2815 4084; baseline -0.002 -14"><span class='ocrx_word' id='word_1_745' title='bbox 1533 4031 1650 4072; x_wconf 86' lang='lat' dir='ltr'><strong>loniae</strong></span> <span class='ocrx_word' id='word_1_746' title='bbox 1673 4032 1714 4072; x_wconf 88' lang='lat' dir='ltr'><strong>iu</strong></span> <span class='ocrx_word' id='word_1_747' title='bbox 1737 4033 1996 4084; x_wconf 82' lang='lat' dir='ltr'><strong>cyrenaicam</strong></span> <span class='ocrx_word' id='word_1_748' title='bbox 2022 4031 2263 4072; x_wconf 66' lang='lat' dir='ltr'><strong>deducendae</strong></span> <span class='ocrx_word' id='word_1_749' title='bbox 2282 4032 2451 4082; x_wconf 79' lang='lat' dir='ltr'><strong>praefuit.</strong></span> <span class='ocrx_word' id='word_1_750' title='bbox 2481 4030 2699 4070; x_wconf 83' lang='lat' dir='ltr'><strong>Narrantur</strong></span> <span class='ocrx_word' id='word_1_751' title='bbox 2728 4028 2815 4068; x_wconf 79' lang='lat' dir='ltr'><strong>haec</strong></span> 
     </span>
    </p>
   </div>
   <div class='ocr_carea' id='block_1_42' title="bbox 1530 4093 2825 4213">
    <p class='ocr_par' dir='ltr' id='par_1_47' title="bbox 1530 4093 2825 4213">
     <span class='ocr_line' id='line_1_106' title="bbox 1530 4093 2814 4148; baseline -0.003 -14"><span class='ocrx_word' id='word_1_752' title='bbox 1530 4097 1638 4146; x_wconf 87' lang='lat' dir='ltr'><strong>apud</strong></span> <span class='ocrx_word' id='word_1_753' title='bbox 1676 4097 1916 4148; x_wconf 80' lang='lat' dir='ltr'><strong>Pindarum,</strong></span> <span class='ocrx_word' id='word_1_754' title='bbox 1965 4097 2187 4137; x_wconf 84' lang='lat' dir='ltr'><strong>accuratius</strong></span> <span class='ocrx_word' id='word_1_755' title='bbox 2228 4106 2322 4134; x_wconf 88' lang='lat' dir='ltr'><strong>vero</strong></span> <span class='ocrx_word' id='word_1_756' title='bbox 2359 4093 2464 4144; x_wconf 89' lang='lat' dir='ltr'><strong>apud</strong></span> <span class='ocrx_word' id='word_1_757' title='bbox 2502 4093 2814 4132; x_wconf 86' lang='lat' dir='ltr'><strong>Theochrestum</strong></span> 
     </span>
     <span class='ocr_line' id='line_1_107' title="bbox 1530 4155 2825 4213; baseline -0.002 -13"><span class='ocrx_word' id='word_1_758' title='bbox 1530 4161 1632 4201; x_wconf 89' lang='lat' dir='ltr'><strong>libro</strong></span> <span class='ocrx_word' id='word_1_759' title='bbox 1651 4162 2054 4213; x_wconf 85' lang='lat' dir='ltr'><strong>primoLihycorum,</strong></span> <span class='ocrx_word' id='word_1_760' title='bbox 2079 4162 2120 4201; x_wconf 78' lang='lat' dir='ltr'><strong>et</strong></span> <span class='ocrx_word' id='word_1_761' title='bbox 2141 4159 2245 4211; x_wconf 86' lang='lat' dir='ltr'><strong>apud</strong></span> <span class='ocrx_word' id='word_1_762' title='bbox 2269 4156 2533 4198; x_wconf 84' lang='lat' dir='ltr'><strong>Acesandrum</strong></span> <span class='ocrx_word' id='word_1_763' title='bbox 2564 4155 2664 4196; x_wconf 72' lang='lat' dir='ltr'><strong>fibro</strong></span> <span class='ocrx_word' id='word_1_764' title='bbox 2684 4156 2825 4206; x_wconf 67' lang='lat' dir='ltr'><strong>prium</strong></span> 
     </span>
    </p>
   </div>
   <div class='ocr_carea' id='block_1_43' title="bbox 181 4222 1778 4278">
    <p class='ocr_par' dir='ltr' id='par_1_48' title="bbox 181 4222 1778 4278">
     <span class='ocr_line' id='line_1_108' title="bbox 181 4222 1778 4278; baseline 0.002 -15"><span class='ocrx_word' id='word_1_765' title='bbox 181 4222 291 4264; x_wconf 82' lang='lat' dir='ltr'><strong>Unus</strong></span> <span class='ocrx_word' id='word_1_766' title='bbox 303 4234 353 4264; x_wconf 86' lang='lat' dir='ltr'><strong>ex</strong></span> <span class='ocrx_word' id='word_1_767' title='bbox 368 4225 532 4277; x_wconf 71' lang='lat' dir='ltr'><strong>posteris</strong></span> <span class='ocrx_word' id='word_1_768' title='bbox 549 4226 634 4278; x_wconf 86' lang='lat' dir='ltr'><strong>ejus</strong></span> <span class='ocrx_word' id='word_1_769' title='bbox 650 4231 832 4269; x_wconf 83' lang='lat' dir='ltr'><strong>Sesamus</strong></span> <span class='ocrx_word' id='word_1_770' title='bbox 843 4229 1038 4268; x_wconf 87' lang='lat' dir='ltr'><strong>coloniam</strong></span> <span class='ocrx_word' id='word_1_771' title='bbox 1053 4229 1091 4268; x_wconf 90' lang='lat' dir='ltr'><strong>in</strong></span> <span class='ocrx_word' id='word_1_772' title='bbox 1104 4229 1273 4268; x_wconf 73' lang='lat' dir='ltr'><strong>&#39;l&#39;heram</strong></span> <span class='ocrx_word' id='word_1_773' title='bbox 1287 4227 1457 4267; x_wconf 86' lang='lat' dir='ltr'><strong>insulam</strong></span> <span class='ocrx_word' id='word_1_774' title='bbox 1531 4226 1580 4266; x_wconf 82' lang='lat' dir='ltr'><strong>de</strong></span> <span class='ocrx_word' id='word_1_775' title='bbox 1603 4226 1778 4275; x_wconf 87' lang='lat' dir='ltr'><strong>Cyrenis.</strong></span> 
     </span>
    </p>
   </div>
   <div class='ocr_carea' id='block_1_44' title="bbox 1102 4352 1891 4386">
    <p class='ocr_par' dir='ltr' id='par_1_49' title="bbox 1102 4352 1891 4386">
     <span class='ocr_line' id='line_1_109' title="bbox 1102 4352 1891 4386; baseline 0.015 -11"><span class='ocrx_word' id='word_1_776' title='bbox 1102 4352 1891 4386; x_wconf 48' lang='lat' dir='ltr'><strong>.-0.....,===&gt;0oo‹=÷--—---</strong></span> 
     </span>
    </p>
   </div>
  </div>
 </body>
</html>
