3008 4542
191 224 303 330 ἱ506
1261 284 1485 332 BEROSl
1526 283 1825 334 CBALDAE1

197 386 371 451 ρωσσός.
411 389 541 433 Idem
564 390 817 434 Mer-adach
841 392 1062 434 Baladan
1084 394 1131 435 in
1154 393 1303 447 LXX,
1340 394 1410 436 vel
1437 401 1490 436 ut
1521 396 1529 487 Ι
1565 393 1794 455 Κρατῆσαι
1815 392 1860 440 δέ
1878 412 1983 460 φησι
1999 394 2070 441 τὸν
2093 393 2367 443 Βαὸυλώνιον
2389 392 2611 459 Αἷγίπτου
2625 435 2638 459 ,
2661 398 2850 464 Συρίας,

190 463 361 508 Euseb.
381 477 518 522 supra
536 462 592 509 fr.
622 478 676 506 12
708 464 826 518 init„
853 464 1174 509 Marudachus
1197 466 1451 509 Baldanes.
1562 464 1793 524 Φοινίκης,
1830 465 2055 531 Ἀραδίοις,
2079 467 2244 522 πάντας
2280 466 2324 515 δὲ
2364 467 2712 533 ὕπερὸαλόμενον
2751 472 2846 526 ταῖς

756 573 761 578 .
1560 534 1738 600 πράξεσι
1769 536 1864 593 τοὺς
1887 538 1970 603 πρὸ
2008 542 2137 586 αὐτοῦ
2172 538 2404 588 Χαλδαίων
2442 539 2516 587 καὶ
2557 541 2851 590 Βαὸυλωνίων

570 585 606 628 Ε
640 585 825 630 LIBRO
863 587 1102 632 TERTIO·
1564 608 1941 679 βεὸασιλευκότας.
1974 604 2068 660 Εἶθ’
2095 611 2189 670 ἑξῆς
2223 611 2502 666 ὖποκαταὸὰς
2535 613 2676 676 ὀλίγον
2713 617 2736 661 ὁ
2765 617 2854 678 Ba·

812 691 883 738 14,
1563 681 1724 745 ρωσσὸς
1740 681 1875 731 πάλιν
1890 684 2173 746 παρατίθεται
2191 685 2232 731 ἐν
2259 687 2313 747 τῇ
2337 687 2413 742 τ’ἧς
2436 685 2716 749 ἀρχαιότητος
2735 689 2851 734 ἱστο·

1562 754 1816 821 ριογραφίᾳ·
1858 755 1969 803 αὐτὰ
2009 756 2053 803 δὲ
2076 756 2388 821 παραθήσομαι
2418 757 2474 805 τὰ
2509 762 2583 805 τοῦ
2614 761 2855 823 Βηρωσσοῧ

1559 830 1707 874 τοῦτον
1732 827 1886 891 ἔχοντα
1904 827 1974 875 τὸν
1992 827 2162 912 τρόπον.

1626 901 1778 946 Verba
1807 903 1897 946 Be1
1900 904 1993 960 osi,
2017 918 2118 962 quae
2140 903 2238 962 jam
2259 913 2536 963 sequuntur,
2572 905 2667 964 jam
2694 907 2857 951 exseri·

1557 974 1648 1032 psit
1666 975 1716 1016 in
1741 976 1847 1020 Ant.
1863 974 1974 1019 Jud.
1996 976 2059 1030 X,
2091 991 2167 1033 11,
2186 991 2235 1035 p.
2258 975 2346 1035 391
2371 977 2450 1024 ed.
2468 978 2632 1034 Didot‚
2654 978 2740 1022 ubi
2757 979 2852 1024 sic·
2840 1013 2858 1023 -

257 829 293 871 Ε
312 828 436 871 libro
458 828 596 872 tertio
613 829 757 888 petita
774 836 839 872 est
858 837 1088 887 postrema
1106 842 1215 886 pals
1242 826 1487 887 fragmenti

192 900 477 944 duodecimi.

254 973 481 1032 Josephus
497 973 547 1017 C.
566 973 734 1032 Apion.
747 972 786 1028 I,
812 988 892 1031 19:
912 968 1031 1024 Λέξω
1049 969 1093 1015 δὲ
1114 973 1184 1016 νῦν
1202 968 1285 1027 ἤδη
1301 967 1354 1015 τὰ
1366 968 1486 1033 παρὰ

190 1041 464 1095 Χαλδαίοις’
441 1060 572 1103 αναγε
555 1039 806 1106 γραμμένα
829 1040 901 1087 καὶ
922 1040 1204 1106 ἱστορούμενα
1229 1049 1328 1105 περὶ
1347 1043 1486 1100 ἡμων,

192 1112 303 1177 ἅπερ
342 1113 432 1177 ἔχει
466 1114 630 1171 πολλὴν
656 1113 886 1176 ὁμολογίαν
912 1113 985 1161 καὶ
1005 1133 1103 1177 περι
1134 1133 1218 1160 των
1240 1113 1381 1159 ἄλλων
1401 1116 1488 1167 τοῖς

189 1186 413 1250 ἡμετέροις
446 1185 695 1250 γράμμασι.
741 1186 919 1250 Μάρτυς
958 1185 1002 1232 δὲ
1033 1185 1193 1233 τούτων
1230 1186 1485 1250 Βηρωσσὸς,

191 1256 299 1321 ἀνὴρ
335 1258 550 1311 Χαλδαῖος
575 1257 680 1321 μὲν
677 1258 741 1304 τὸ
778 1257 921 1322 γένος,
938 1256 1170 1350 γνώριμος
1191 1257 1235 1305 δὲ
1268 1260 1356 1311 τοῖς
1389 1277 1487 1322 περι

187 1328 435 1376 παιδείαν’
411 1328 818 1397 αναστρεφομένοις,
837 1329 986 1387 ἐπειδὴ
1006 1330 1105 1395 περί
1134 1350 1180 1377 τε
1204 1330 1488 1397 ἀστρονομίας

189 1422 265 1450 και
292 1422 389 1468 περι
411 1406 494 1449 τῶν
532 1403 653 1467 παρὰ
688 1402 923 1457 Χαλδαίοις
958 1402 1336 1469 φιλοσοφουμένων
1361 1403 1489 1458 αὐτὸς

188 1477 247 1528 εἷς
287 1495 384 1529 τους
418 1475 641 1534 “Ελληνας
665 1475 863 1540 ἐξήνεγκε
897 1475 973 1530 τὰς
1004 1475 1269 1542 συγγραφάς.
1349 1469 1488 1530 Οὗτος

188 1546 326 1594 τοίνυν
368 1551 390 1594 ὁ
427 1549 660 1614 Βηρωσσὸς
699 1569 791 1604 ταις
828 1549 1134 1614 ἀρχαιοτάταις
1183 1551 1485 1596 ἐπακολουθῶν

191 1623 468 1710 ἀναγραφαῖς
496 1621 594 1686 περί
623 1641 668 1668 τε
706 1627 779 1669 τοῦ
815 1621 1045 1684 γενομένου
1081 1623 1389 1683 κατακλυσμου
1414 1621 1487 1668 καὶ

187 1695 262 1749 τῆς
282 1695 328 1740 ἐν
356 1694 472 1740 αὐτῶ
504 1698 659 1759 φθορᾶς
682 1698 766 1741 τῶν
803 1694 1055 1760 ἀνθρώπων,
1078 1693 1275 1759 καθάπερ
1297 1697 1487 1751 Μωῦσης
1561 1694 1775 1760 ἐκράτησε
1794 1694 1868 1741 καὶ
1890 1693 1968 1751 τὴν
1984 1694 2136 1759 χώραν
2157 1697 2205 1743 ἐκ
2224 1694 2383 1754 ταύτης
2401 1700 2477 1754 τῆς
2501 1699 2638 1761 ἀρχῆς
2675 1695 2758 1744 υπὸ
2775 1695 2858 1754 τὴν.

185 1763 319 1819 οὕτως
345 1765 571 1829 ἱστόρηκε·
610 1769 685 1814 καὶ
708 1767 806 1831 περὶ
831 1788 905 1824 της
924 1767 1163 1834 λάρνακος,
1203 1770 1247 1814 ἐν
1275 1773 1299 1832 ᾑ
1330 1769 1486 1830 Νῶχος
1561 1771 1691 1815 αυτου
1712 1766 1933 1830 βασιλείαν
1964 1766 2212 1823 ἐποιήσατο.
2238 1771 2316 1834 Τῷ
2338 1768 2381 1816 δὲ
2406 1769 2540 1834 πατρὶ
2558 1771 2687 1816 αὐτου
2707 1767 2853 1818 Ναὸο·

1560 1207 1638 1241 σας
1681 1188 1765 1234 δ’ὁ
1789 1186 1934 1254 πατὴρ
1969 1190 2098 1236 αὐτου
2124 1183 2535 1256 Ναὸοπαλάσσαρος
2573 1190 2638 1238 ὅτι
2672 1194 2695 1238 ὁ
2727 1210 2856 1240 τετα-

189 1841 212 1883 ὁ
235 1841 307 1884 τοῦ
333 1836 477 1901 γένους
502 1858 626 1901 ημών
663 1839 850 1905 ἀρχηγὸς
885 1840 1090 1898 διεσώθη,
1128 1839 1485 1916 προσενεχθείσης
1560 1840 1834 1904 παλασσάρῳ
1872 1838 2028 1897 συνέὸη
2060 1843 2159 1887 κατ’
2185 1841 2312 1888 αὐτὸν
2343 1841 2415 1889 τὸν
2447 1841 2595 1906 καιρὸν
2633 1841 2858 1929 ἀρρωστή-Δ

1560 1260 1714 1322 γμένος
1739 1261 1966 1325 σατράπης
1986 1260 2036 1308 ἔν·
2053 1281 2100 1309 τε
2124 1262 2334 1327 Αἰγύπτῳ
2352 1282 2428 1309 και
2452 1269 2539 1316 τοῖς
2562 1262 2661 1327 περὶ
2692 1264 2860 1329 Συρίαν

1560 1332 1637 1390 τὴν
1658 1333 1807 1392 κοίλην
1827 1332 1901 1380 καὶ
1932 1333 2011 1390 τὴν
2037 1334 2250 1392 Φοινίκην
2280 1333 2423 1389 τόποις
2443 1336 2689 1394 ἀποστάτης
2721 1337 2858 1384 αὐτοῦ

1560 1405 1748 1496 γέγονεν,
1774 1407 1820 1453 οὔ
1843 1405 2073 1468 δυνάμενος
2092 1406 2218 1460 αὒτὸς
2249 1406 2311 1453 ἔτι
2335 1410 2612 1467 κακοπαθειν,
2638 1407 2861 1466 συστήσας

1560 1479 1622 1543 τῷ
1644 1498 1719 1524 uto:
1746 1476 2169 1543 Ναὸουχοδονοσόρω
2190 1477 2318 1526 ὄντι’
2300 1499 2342 1526 εν
2364 1478 2513 1542 ἡλικίᾳ
2530 1478 2639 1544 μέρη
2661 1478 2756 1527 τινὰ
2776 1484 2854 1539 τῆς

1561 1525 1806 1612 δύνάμεως,
1832 1548 2108 1615 ἐξέπεμψεν’
2089 1550 2156 1597 επ’
2179 1551 2325 1601 αὐτόν.
2355 1550 2582 1613 Συμμίξας
2610 1550 2654 1599 δὲ
2671 1547 2851 1600 Ναὸου·

1559 1621 1837 1688 χοδονόσορος
1854 1625 1914 1669 τῶ
1932 1622 2154 1688 ἀποστάτῃ
2177 1623 2251 1670 καὶ
2271 1623 2628 1689 παραταξάμενος
2651 1625 2780 1672 αὐτοῦ
2802 1644 2852 1672 τε

188 1910 321 1966 αὖτ’ῆς
341 1911 431 1965 ταῖς
453 1911 708 1976 ἀκρωρείαις
730 1932 813 1958 των
835 1912 1112 1976 Ἀρμενίων’
1093 1932 1222 1976 ορων.
1249 1905 1362 1961 Εἰτα
1391 1931 1485 1965 τους
1560 1929 1682 1957 σαντι
1708 1913 1750 1958 ἐν
1785 1915 1838 1976 τῇ
1863 1910 2152 1959 Βαὸυλωνίων
2191 1911 2314 1959 πόλει
2341 1913 2606 1974 μεταλλάξαι
2633 1913 2704 1960 τὸν
2732 1913 2849 1976 βίον,

187 1980 275 2027 ἀπὸ
301 1983 459 2047 Νώχου
477 1983 728 2047 καταλέγων
753 1985 825 2031 καὶ
843 2004 938 2038 τους
961 1985 1138 2049 χρόνους
1156 1986 1297 2038 αὐτοῖς
1313 2003 1487 2048 προστι-
1561 1982 1637 2041 ἔτη
1662 1982 1967 2046 βασιλεύσαντι
1985 1984 2118 2032 εἴκοσι
2137 1985 2211 2031 καὶ
2239 1984 2300 2032 ἕν.
2328 1985 2592 2047 Αἷσθόμενος
2615 1985 2659 2033 δὲ
2685 1988 2779 2049 μετ’
2801 1988 2855 2034 οὐ

186 2053 337 2117 θεις,’
318 2074 389 2102 επι
410 2056 821 2121 Ναὸοπαλάσσαρον
839 2057 1150 2122 παραγίνεται,
1169 2057 1239 2104 τὸν
1265 2057 1485 2106 Βαὸυλω-
1558 2054 1692 2102 πολυν
1714 2055 1867 2120 χρόνον
1890 2055 1968 2114 τὴν
1947 2075 2068 2103 ντου
2092 2055 2253 2122 πατρὸς
2285 2057 2489 2116 τελευτὴν
2521 2058 2852 2123 Ναὸουχοδονό·

187 2146 255 2181 νος
292 2129 366 2175 καὶ
404 2128 639 2177 Χαλδαίων
680 2128 894 2193 βασιλέα,
922 2149 995 2176 και
1027 2128 1102 2183 τὰς
1133 2128 1283 2176 τούτου
1310 2127 1485 2193 πράξεις
1559 2146 1682 2193 σορος
1727 2127 1801 2175 καὶ
1825 2128 2103 2186 καταστήσας
2140 2129 2195 2176 τὰ
2229 2129 2343 2177 κατὰ
2366 2129 2444 2188 τὴν
2485 2130 2706 2195 Αἴγυπτον
2734 2132 2851 2196 πράΟ

188 2201 481 2265 ἀφηγούμενος
500 2201 640 2263 λέγει,
668 2201 762 2248 τίνα
794 2201 954 2267 τρόπον
992 2200 1214 2267 πέμψας’
1197 2221 1268 2247 επι
1301 2200 1379 2258 τὴν
1403 2199 1484 2248 Αἴ-
1558 2218 1708 2262 γματα
1731 2198 1805 2247 καὶ
1835 2198 1913 2257 τὴν
1937 2199 2091 2258 λοιπὴν
2110 2199 2274 2266 χώραν,
2305 2200 2380 2248 καὶ
2412 2200 2510 2257 τους
2548 2202 2855 2268 αἰχμαλώτους

185 2293 345 2336 γυπτον
370 2273 443 2322 καὶ
468 2273 539 2320 ἐπι
562 2273 640 2331 τὴν
665 2274 879 2337 ἡμετέραν
903 2293 983 2336 γην
1008 2275 1080 2321 τὸν
1118 2273 1207 2321 υἱὸν
1233 2273 1303 2320 τὸν
1330 2275 1482 2320 ἑαυτοῦ
1558 2272 1781 2320 Ἰουδαίων
1806 2292 1851 2319 τε
1871 2292 1945 2320 και
1965 2271 2180 2320 Φοινίκων
2199 2292 2273 2320 και
2290 2273 2441 2339 Σύρων
2461 2275 2536 2322 καὶ
2556 2295 2641 2324 των
2654 2278 2750 2323 κατ’
2769 2274 2851 2325 Αἴ-

1558 2364 1718 2408 γυπτον
1741 2348 1869 2393 ἐθνων
1908 2344 2116 2400 συντάξας
2139 2365 2224 2394 τισι
2248 2348 2333 2393 τῶν
2358 2345 2490 2413 φίλων
2532 2346 2641 2410 μετὰ
2671 2366 2747 2406 της
2772 2350 2852 2412 βα·

1561 2418 1746 2483 ρυτάτης
1766 2418 1999 2481 δυνΑάμεως
2018 2417 2092 2466 καὶ
2131 2438 2207 2477 της
2228 2419 2380 2476 λοιπῆς
2401 2418 2611 2484 ὠφελείας
2627 2417 2850 2482 ἀνακομί-

1558 2492 1642 2544 ζειν
1668 2491 1725 2544 εἷς
1745 2488 1822 2548 τὴν
1852 2490 2156 2549 Βαὸυλωνίαν,
2186 2490 2312 2545 αὐτὸς
2324 2491 2520 2556 ὁρμήσας
2544 2490 2761 2556 ὀλιγοστὸς
2783 2489 2855 2539 διὸ

1558 2583 1635 2622 της
1655 2562 1818 2627 ἐρήμου
1842 2562 2128 2628 παραγίνεται
2153 2565 2211 2616 εἷς
2234 2563 2496 2613 Βαὸυλῶνα.
2570 2559 2856 2630 Παραλαὲὼν

1559 2635 1603 2683 δὲ
1624 2635 1680 2683 τὰ
1704 2636 1944 2702 πράγματα
1981 2636 2295 2700 διοικούμενα
2278 2636 2363 2685 υπὸ
2396 2657 2481 2684 των
2522 2636 2755 2686 Χαλδαίων
2778 2636 2857 2685 καὶ

1559 2711 1900 2775 διατηρουμένην
1931 2708 2008 2769 τὴν
2047 2709 2311 2775 βασιλείανε
2295 2709 2380 2758 υπὸ
2412 2729 2486 2758 του
2525 2710 2747 2775 βελτίστου
2770 2709 2848 2756 αὖ·

186 2345 619 2410 Ναόουχοδονόσορον
644 2345 752 2409 μετὰ
785 2348 948 2404 πολλης
982 2346 1226 2409 δυνάμεως,
1251 2346 1483 2412 ἐπειδήπερ

186 2422 438 2485 ἀφεστῶτας
465 2421 616 2476 αὐτους
642 2422 833 2479 ἐπύθετο,
856 2420 1029 2468 πάντων
1055 2420 1295 2486 ἐκράτησε,
1319 2420 1393 2467 καὶ
1410 2419 1482 2467 τὸν

183 2493 282 2540 ναὸν
319 2493 526 2559 ἐνέπρησε
554 2514 625 2540 τον
659 2495 700 2540 ἐν
738 2493 1075 2558 Ιεροσολύμοις,
1122 2493 1231 2547 ολως
1265 2513 1311 2540 τε
1335 2493 1480 2540 πάντα

183 2566 255 2612 τὸν
272 2567 373 2630 παρ’
397 2569 523 2627 ἡμων
541 2566 647 2614 λαὸν
676 2566 922 2624 ἀναστήσας
954 2568 1012 2620 εἷς
1034 2566 1275 2615 Βαὸυλωνα
1297 2565 1484 2631 μετώκι-

185 2658 272 2688 σεν.
301 2639 470 2698 Συνέὸη
489 2639 533 2686 δὲ
554 2639 628 2686 καὶ
648 2659 725 2696 την
749 2638 872 2686 πόλιν
899 2641 1176 2704 ἐρημωθηναι
1193 2637 1346 2703 χρόνον
1375 2641 1481 2685 ἐτων

185 2711 483 2774 ἑὸδομήκοντα
539 2712 668 2778 μέχρι
715 2712 859 2778 Κύρου
905 2716 979 2759 τοῦ
1022 2714 1205 2776 Περσων
1257 2710 1483 2776 βασιλέως.

556 2854 596 2900 Ε
629 2855 816 2902 LIBRO
853 2855 1106 2902 TERTIO,
1552 2862 1686 2901 regem
1706 2854 1935 2891 Persarum.
1990 2850 2120 2890 Dicit
2109 2861 2270 2901 insuper
2284 2850 2391 2900 quod
2416 2849 2657 2901 Babylonius
2678 2848 2854 2889 tenuerit

1554 2916 1768 2966 AEgyptum
1784 2945 1795 2960 ‚
1813 2916 1967 2965 Syriam
1979 2945 1990 2963 ‚
2011 2915 2225 2954 Phoenicen
2238 2944 2250 2964 ,
2270 2913 2454 2952 Arabiam
2470 2926 2481 2960 ς
2501 2913 2689 2963 quodque
2703 2912 2856 2964 priores

797 2957 865 2996 ¹4·
1555 2978 1836 3018 Chaldaeorum
1861 2980 1900 3017 et
1920 2978 2230 3027 Babyloniorum
2257 2987 2367 3026 reges
2390 2976 2596 3016 universos
2621 2976 2738 3015 rebus
2757 2986 2782 3015 a
2806 2986 2851 3016 se

235 3038 327 3075 Jam
349 3046 445 3075 vero
464 3046 510 3075 ea
532 3046 640 3074 nunc
658 3037 824 3075 referam
844 3046 935 3086 quae
951 3035 1000 3075 de
1014 3035 1128 3075 nobis
1148 3035 1255 3085 apud
1275 3035 1482 3075 Chaldaeos
1515 3032 1520 3091 1
1553 3041 1671 3092 gestis
1689 3041 1898 3090 superarit.
1953 3040 2104 3080 Deinde
2130 3039 2292 3080 inferius
2308 3040 2442 3090 paullo
2458 3040 2544 3078 haec
2566 3039 2712 3079 iterum
2732 3039 2852 3079 refert

183 3099 387 3140 literarum
409 3100 676 3139 monumensss
699 3100 885 3139 mandas&
902 3101 996 3138 sunt
1010 3130 1020 3148 ‚
1047 3110 1139 3149 ‘11¹ae
1157 3110 1250 3138 011111
1281 3099 1391 3138 libris
1407 3110 1481 3138 ¹¹0·
1555 3108 1720 3145 Berosus
1734 3105 1774 3143 in
1792 3104 2130 3155 Antiquitatibus:
2148 3103 2232 3154 ipsa
2247 3114 2343 3143 vero
2355 3103 2488 3143 Berosi
2501 3103 2623 3143 verba
2637 3103 2850 3154 proferam,

183 3164 275 3204 stris
290 3164 409 3204 etiam
426 3175 544 3214 super
560 3164 646 3203 aliis
662 3164 782 3203 rebus
798 3164 838 3202 in
851 3164 1047 3214 plerisque
1062 3163 1326 3202 consentiunt.
1357 3163 1482 3202 Testis
1517 3189 1520 3194 -
1554 3170 1604 3209 ad
1619 3170 1727 3209 hunc
1742 3169 1907 3208 modum
1927 3180 1968 3208 se
1988 3168 2187 3208 habentia.

184 3230 319 3268 aufem
348 3230 493 3267 horum
514 3231 572 3267 est
602 3230 790 3276 Berosus
810 3239 872 3266 V¹¹'
898 3238 1038 3277 genere
1061 3227 1221 3277 quldssm
1245 3226 1480 3277 ΟῙΠῙᾶωΰὸ,
1605 3238 1753 3275 Rerum
1790 3238 1925 3276 antem
1954 3247 1978 3275 a
2007 3235 2404 3275 Nabuchodonosoro
2440 3234 2637 3285 gestarum
2671 3232 2853 3274 meminit

185 3307 234 3335 ¹¹8
263 3306 359 3334 Vffl'O
390 3306 470 3334 1¹0¹¹
501 3295 657 3345 ¹g¹¹01¹¹S
684 3306 751 3344 <1¹¹¹
790 3305 831 3333 ¹¹¹
858 3293 1062 3333 ῙΙῐθῑἮῐἮῐΰ
1089 3293 1228 3332 Stu‘th
1257 3294 1480 3342 versantur,
1554 3301 1673 3340 etiam
1702 3304 1868 3341 Berosus
1893 3302 1934 3341 in
1957 3301 2075 3341 tertio
2099 3300 2283 3341 Historiae
2320 3299 2546 3340 chaldaicae
2575 3298 2705 3346 libro,
2742 3298 2850 3340 hisee

184 3361 374 3412 quoniam
394 3361 539 3410 scripta
559 3360 608 3399 de
623 3360 864 3399 astronomia
884 3361 924 3399 et
940 3359 1217 3399 Chaldaeorum
1238 3359 1482 3409 philosophia
1516 3329 1522 3393 l
1555 3366 1686 3405 verbis
1719 3382 1729 3405 :
1762 3382 1781 3401 «
1813 3369 2029 3416 Quumque
2059 3365 2232 3404 audisset
2262 3365 2376 3415 pater
2398 3363 2483 3413 ejus
2512 3363 2849 3414 Nabopalassarus

183 3426 267 3476 ipse
283 3426 516 3464 Graecorum
546 3424 586 3463 in
614 3435 731 3463 usum
761 3423 894 3463 edidit.
951 3427 990 3463 ls
1019 3423 1139 3474 igitur
1166 3426 1358 3473 Berosus,
1377 3410 1521 3504 anti-1
1555 3440 1675 3478 eum,
1697 3429 1767 3480 qui
1794 3429 1834 3469 in
1854 3431 2022 3480 AEgypto
2048 3431 2088 3468 et
2115 3430 2222 3468 circa
2244 3428 2378 3468 Coelen
2396 3426 2550 3477 Syriam
2577 3429 2618 3467 et
2637 3425 2852 3467 Phoenicen

184 3489 395 3539 quissimas
424 3490 617 3538 sequutus
643 3488 849 3538 historias,
870 3488 919 3527 de
954 3487 1103 3527 diluvio
1127 3490 1166 3528 et
1193 3454 1419 3528 hominibus
1442 3489 1482 3527 in
1517 3410 1794 3534 ‘constitutus
1834 3494 1989 3544 fuerat,
2021 3494 2206 3543 satrapen
2236 3492 2287 3531 ab
2325 3502 2373 3532 eo
2406 3491 2615 3541 defecisse,
2648 3490 2731 3541 ipse
2766 3489 2849 3540 iam

1515 4045 1564 4154 i

184 3564 232 3593 eo
253 3554 507 3604 pereuntibus
530 3553 668 3592 eadem
690 3554 806 3603 plane
830 3565 876 3592 ae
897 3557 1049 3604 Moyses
1075 3555 1252 3593 narravit
1274 3570 1283 3593 :
1305 3555 1422 3594 simul
1442 3556 1482 3594 et
1556 3558 1724 3598 serendis
1760 3557 1964 3597 laboribus
2000 3557 2145 3608 impar,
2176 3556 2259 3596 filio
2292 3554 2684 3595 Nabuchodonosoro
2717 3552 2848 3593 adhue

185 3618 235 3657 de
258 3629 350 3658 area
368 3618 407 3657 in
428 3629 507 3668 qua
528 3620 661 3658 Noeus
687 3618 839 3666 generis
860 3618 984 3656 nostri
1007 3617 1187 3668 princeps
1202 3620 1380 3658 servatus
1396 3620 1480 3669 est,
1552 3622 1688 3672 juveni
1713 3622 1879 3662 tradidit
1905 3622 2058 3672 partem
2087 3621 2288 3660 exercitus
2313 3618 2501 3669 misitque
2533 3617 2583 3656 ad
2609 3618 2724 3658 illum
2745 3616 2852 3658 beno

185 3683 275 3733 ipsa
296 3683 446 3723 scilicet
466 3683 505 3723 in
528 3682 799 3722 summitatem
820 3683 1015 3722 montium
1036 3683 1315 3723 Armeniorum
1338 3683 1481 3723 delata.
1554 3687 1886 3738 persequendum,
1940 3685 2352 3727 Nabuchodonosorus
2377 3694 2472 3724 vero
2497 3693 2728 3733 congressus
2755 3690 2850 3725 oum

184 3748 335 3788 Deinde
355 3750 464 3787 ortos
490 3758 514 3787 a
540 3750 648 3787 Noeo
664 3756 899 3786 enumerans
919 3748 958 3786 et
977 3757 1048 3785 sua
1066 3746 1289 3796 quibusque
1303 3748 1482 3797 tempora
1553 3751 1644 3797 illo,
1662 3751 1732 3802 qui
1752 3750 1992 3799 desciverat,
2011 3749 2173 3800 acieque
2195 3749 2378 3787 conserta
2391 3779 2403 3797 ‚
2432 3747 2472 3786 et
2494 3757 2586 3786 eum
2601 3747 2718 3796 vicit,
2737 3747 2776 3786 et
2791 3755 2849 3787 re-

184 3812 406 3861 assignans,
428 3810 478 3850 ad
498 3810 854 3860 Nabopalassarum
878 3810 1038 3849 tandem
1065 3810 1197 3859 venit,
1217 3811 1426 3861 Babylonis
1442 3810 1482 3850 et
1554 3815 1709 3865 gionem
1732 3815 1782 3854 ab
1801 3815 1876 3854 hoe
1894 3813 2008 3853 initio
2024 3814 2064 3853 in
2083 3812 2190 3863 regni
2210 3811 2272 3851 sui
2288 3811 2477 3850 ditionem
2494 3810 2656 3860 redegit.
2710 3810 2762 3850 At
2775 3806 2854 3850 sub

185 3875 467 3915 Chaldaeorum
497 3885 626 3925 regem
639 3903 650 3922 ,
679 3884 820 3923 resque
844 3884 890 3912 eo
909 3874 960 3913 ab
983 3875 1110 3923 gestas
1123 3886 1348 3915 memorans
1364 3876 1483 3916 refert
1553 3878 1594 3917 id
1613 3881 1769 3928 tempus
1795 3879 1927 3917 evenit
1945 3879 1991 3916 ut
2009 3876 2342 3926 Nabopalassarus
2361 3875 2486 3924 pater,
2514 3885 2639 3924 quum
2663 3872 2851 3916 morbum

185 3940 525 3990 quemadmodum
556 3940 597 3979 in
630 3940 843 3989 AEgyptum
875 3941 915 3978 et
958 3940 1105 3978 terram
1147 3942 1324 3980 nostram
1365 3942 1481 3982 misso
1554 3942 1830 3991 contraxisset,
1846 3943 1887 3980 in
1900 3941 1998 3981 urbe
2014 3939 2320 3990 Babyloniorum
2337 3938 2444 3978 diem
2459 3938 2587 3978 obiret
2601 3946 2843 3989 supremum,

187 4006 268 4044 filio
285 4017 355 4045 suo
371 4005 761 4045 Nabuchodonosoro
778 4004 913 4044 multis
926 4015 1016 4043 cum
1033 4005 1175 4054 copiis,
1194 4007 1401 4055 postquam
1415 4018 1483 4046 eos
1554 4007 1766 4056 postquam
1786 4008 1965 4055 regnarat
1988 4004 2101 4043 annis
2119 4003 2254 4052 viginti
2275 4003 2314 4041 et
2336 4013 2426 4040 nno.
2482 4001 2843 4043 Nabuchodonoso-

186 4071 374 4111 desecisse
399 4071 613 4121 intellexit,
634 4081 774 4110 omnes
789 4070 956 4118 devicit,
975 4072 1015 4109 et
1041 4071 1234 4120 templum
1254 4072 1480 4121 Hierosoly·
1555 4082 1622 4111 rus
1647 4081 1762 4117 vero,
1791 4081 1872 4108 non
1898 4069 2024 4108 multo
2046 4069 2134 4119 post
2158 4067 2280 4118 patris
2299 4069 2427 4107 morte
2455 4067 2631 4117 cognita,
2652 4066 2844 4117 rebusque
2904 4063 2905 4066 ’

188 4135 380 4173 mitanum
396 4134 586 4182 incendit,
605 4136 876 4184 cunctumque
891 4134 1018 4184 gentis
1033 4136 1178 4173 nostrae
1197 4136 1387 4184 populum
1400 4137 1482 4175 suis
1556 4137 1592 4175 in
1623 4136 1789 4185 AEgypto
1829 4137 1870 4174 et
1900 4134 2050 4184 reliqua
2091 4133 2247 4183 regione
2277 4132 2492 4181 ordinatis,
2535 4133 2575 4172 et
2608 4131 2771 4182 captivis
2794 4140 2846 4171 ex
2881 4172 2891 4183 ι

188 4211 210 4237 e
226 4199 383 4238 sedibus
405 4200 620 4240 excitatum
649 4200 890 4250 Babylonem
918 4199 1021 4238 tulit.
1077 4199 1191 4238 Unde
1219 4202 1257 4237 et
1279 4199 1480 4239 civitatem
1555 4202 1578 4239 J
1584 4199 1708 4239 udaeis
1725 4199 1765 4237 et
1790 4198 2037 4238 Phoenicibus
2060 4200 2099 4237 et
2125 4197 2232 4247 Syris
2253 4198 2360 4235 etex
2383 4196 2540 4246 AEgypti
2563 4196 2718 4246 populis
2734 4204 2844 4235 com·
2878 4191 2898 4246 J„

190 4263 351 4313 contigit
384 4263 599 4304 desolatam
636 4265 820 4303 mansisse
847 4263 959 4302 annis
990 4274 1065 4302 Lxx
1093 4274 1219 4313 nsque
1247 4263 1295 4302 acl
1333 4266 1480 4314 Cyrum
1554 4262 1748 4303 mendatis
1773 4273 1935 4302 suorum
1960 4260 2197 4312 quibusdam
2215 4260 2456 4309 amicorum,
2486 4261 2531 4299 ut
2559 4270 2625 4299 eos
2655 4269 2732 4298 una
2752 4267 2848 4298 cum
2884 4277 2905 4315 2'.

1627 1041 1860 1105 Μέμνηται
1885 1044 1920 1090 δ’
1939 1046 2066 1092 αὐτου
2080 1047 2164 1092 τῶν
2182 1044 2378 1110 πράξεων
2400 1065 2475 1093 και
2492 1047 2763 1112 Βηρωσσὸς’
2744 1052 2854 1112 εντῇ
3005 1050 3008 1078 ³

1560 1114 1682 1180 τρίτῃ
1704 1135 1787 1162 των
1813 1117 2074 1164 Χαλδαϊκῶν
2091 1119 2312 1182 ἱστοριων,
2341 1117 2480 1181 λέγων
2503 1117 2650 1173 ουτως·
2669 1142 2690 1163 «ι
2709 1119 2855 1168 Ἀκού-
2919 1137 2954 1166 ”.
