3016 4628
421 283 927 339 SAMOTHRACUM,
966 278 1525 333 MY'rlLENAEORUM,
1561 276 1896 322 SAMlORUM
1937 276 2346 325 RESPUBHCAE.

63 395 181 451 τικὸις
211 388 316 443 ειναι
349 393 424 448 τὰς
454 389 704 456 ὀλιγαρχίας
741 385 825 433 ὑπὸ
855 387 938 431 τῶν
978 385 1020 430 ἐν
1055 403 1108 447 τῃ
1144 379 1340 445 πολιτείᾳ

10 471 185 530 ,τινῶν
210 463 558 530 δυσχερανάντων
581 446 892 516 κατελύθησαν,
917 454 1063 519 ὥσπερ
1082 458 1110 512 ἡ
1131 455 1175 500 ἐν
1198 452 1342 515 Κνίδῳ

61 538 135 588 καὶ
159 542 185 595 ἡ
210 538 254 584 ἐν
278 536 372 600 Χίῳ
393 532 639 599 ὀλιγαρχία.

127 612 444 668 1d.1v,1.‚1
528 605 593 655 '16
632 601 860 668 ἐμπορικὸν
891 603 935 648 ἐν
957 599 1110 663 Αἰγίνῃ
1143 616 1215 646 και
1246 596 1341 661 Χίῳ

64 680 332 751 (πολύοχλόν
361 681 524 741 ἐστιν).

128 757 318 811 1b.III,
349 754 376 798 8
390 759 543 811 ‚4‚v.
565 751 624 797 fr.
655 764 772 806 1723
800 750 856 804 V,
884 762 910 791 2
929 742 1338 805 ,11,v.fr.173.

567 859 826 908 ΣΑΜΙΩΝ.

646 967 752 1027 175.

87 1102 93 1106 -
125 1068 297 1116 Plinius
315 1069 375 1111 H.
390 1067 449 1110 N.
470 1067 508 1110 V
522 1098 534 1121 ‚
554 1063 610 1121 37
628 1079 639 1108 ι
661 1066 808 1108 Ionioe
823 1077 906 1106 om
917 1061 1113 1106 habet...
1128 1060 1300 1104 Samon
1319 1093 1328 1103 .

63 1123 365 1194 :Parthenium
380 1139 582 1198 primum
601 1138 887 1196 appellatam
902 1135 1170 1178 Aristoteles
1183 1134 1335 1187 tradit,

57 1222 216 1275 postea
239 1212 470 1270 Dryusam
489 1244 502 1266 ,
528 1210 696 1254 deinde
713 1207 1065 1252 Anthemusam.
1094 1205 1163 1250 Cf.
1193 1207 1344 1249 Hera-

62 1282 169 1332 clid.
193 1285 330 1342 Resp.
358 1283 477 1328 Sam.
496 1281 553 1326 fr.
583 1296 639 1325 10
656 1314 668 1334 ‚
696 1296 714 1324 1
733 1314 745 1336 ,
761 1279 1028 1324 Callimach.
1051 1279 1100 1321 in
1122 1278 1226 1322 Del.
1256 1276 1315 1331 45
1332 1311 1343 1333 ,

61 1354 228 1403 Strabo
249 1356 323 1411 X,
357 1367 406 1414 p.
445 1351 562 1410 457;
594 1353 733 1408 XIV,
757 1368 807 1411 p.
839 1350 929 1407 637
947 1385 959 1406 ,
981 1351 1140 1409 steph.
1169 1351 1274 1409 Byz.
1297 1366 1342 1393 v,

14 1418 15 1421 Ἰ
62 1423 225 1487 Σάμος.
250 1427 388 1471 Plura
407 1425 485 1470 dat
498 1421 704 1470 Panofka
725 1423 830 1485 (Res
849 1423 1108 1468 Samiorum
1129 1437 1174 1481 p.
1192 1421 1219 1465 8
1232 1420 1342 1481 sq.).

656 1523 755 1580 176.

127 1619 281 1664 Schol.
308 1619 530 1677 Apollon.
564 1615 655 1661 Rh.
677 1618 715 1672 Ι,
749 1615 836 1660 188
862 1632 872 1659 ε
909 1612 1218 1678 Παρθενίης
1238 1611 1349 1675 Ἀγ-

63 1707 127 1738 κα
139 1695 243 1741 ἷος·
261 1686 552 1776 Ἀριστοτέλης
570 1686 675 1752 φησὶ
694 1705 791 1750 περι
811 1684 1026 1748 Ἀγκαίου,
1046 1684 1269 1750 ὅτιφιλογέ
1270 1703 1348 1748 ωρ-

10 1784 11 1787 =
62 1779 134 1823 γος
155 1778 229 1817 ων,
260 1759 332 1806 καὶ
358 1758 548 1824 φυτεύων
573 1761 839 1820 ἀμπελῶνα,
866 1755 998 1822 βαρὺς
1029 1755 1220 1803 ἐπέκειτο
1259 1759 1347 1809 τοῖς

51 1830 259 1895 οἰκέταις.
286 1823 362 1884 Εἷς
384 1829 427 1877 δὲ
450 1849 533 1877 των
556 1832 643 1877 οἶκε
647 1850 730 1877 των
750 1829 829 1894 ἔφη
849 1828 908 1891 μὴ
936 1827 1260 1893 μεταλήψεσθαι
1275 1829 1346 1875 τὸν

65 1902 274 1960 δεσπότην
293 1921 366 1949 του
390 1906 575 1967 καρποῦ.
598 1901 653 1950 Ὁ
675 1900 718 1948 δὲ
742 1901 952 1964 Ἀγκαῖος,
971 1900 1118 1958 ἐπειδὴ
1139 1903 1160 1947 6
1184 1899 1349 1964 καρπὸς

65 1976 271 2041 ἐφθάκει,
297 1973 502 2038 χαίρων’
484 1973 672 2038 ετρύγα,
697 1973 771 2020 καὶ
795 1973 868 2020 τὸν
896 1974 1066 2031 οἰκέτην
1091 1972 1259 2020 ἐκέλευε
1285 1991 1350 2019 κε-

42 2095 43 2098 ,
63 2046 196 2112 ράσαι
209 2047 339 2093 αὐτῶ.
362 2046 592 2094 Μέλλων
570 2065 615 2093 οε
599 2044 702 2104 τὴν
722 2046 877 2093 κύλικα
894 2044 1149 2112 προσφέρειν
1169 2048 1231 2110 τῷ
1250 2044 1348 2092 στό-

63 2130 170 2182 ματι
185 2154 198 2176 ,
243 2117 566 2180 ὑπεμίμνησκεν
605 2119 735 2164 αὐτοῦ
769 2122 843 2164 τοῦ
877 2117 1021 2181 λόγου.
1060 2117 1115 2166 Ὁ
1153 2115 1197 2164 δὲ
1239 2116 1350 2181 ἔφη·

66 2187 221 2244 Πολλὰ
249 2189 406 2251 μεταξυ
439 2189 560 2236 πέλει
585 2188 755 2243 κύλικος
777 2188 851 2236 καὶ
871 2187 1086 2253 χείλεος
1058 2207 1206 2253 ακρου.
1244 2188 1352 2237 Τού-

38 2281 148 2318 4·ἰ·ων
170 2261 231 2309 ἔτι
252 2259 515 2325 λεγομένων,
539 2254 620 2319 ἧκέ
637 2281 698 2315 τις
722 2261 959 2326 ἀγγέλλων,
977 2264 1034 2314 ὡς
1058 2261 1352 2325 υπερμεγέθης

59 2344 145 2388 ους
167 2333 422 2396 λυμαίνεται
441 2333 514 2380 τὸν
540 2333 740 2399 ὄρχατον.
765 2333 817 2381 Ὁ
835 2333 878 2381 δὲ
898 2334 1094 2396 ’Λγκαῖος
1117 2332 1351 2380 ἀποὸαλὼν

65 2406 146 2465 ’τὴν
166 2406 308 2465 πόσιν,
327 2406 399 2454 ἐπὶ
415 2404 486 2452 τὸν
508 2425 583 2453 συν
607 2404 812 2470 ὥρμησε·
833 2405 907 2452 καὶ
923 2405 1141 2469 πληγεὶς
1126 2405 1200 2452 υπ’
1222 2407 1350 2452 αὐτου

60 2477 357 2536 ΐτελεύτησεν.
383 2476 519 2525 εὈθεν
538 2481 565 2536 ἡ
592 2477 806 2542 παροιμία
830 2477 901 2525 ἐπι
919 2480 1002 2524 τῶν
1022 2476 1143 2542 παρὰ
1168 2479 1354 2542 προσδο-

66 2550 162 2600 κίαν
183 2569 224 2598 τι
243 2549 532 2616 πραττόντων.

132 2627 280 2670 Tzetz.
305 2627 417 2684 Lyo.
453 2622 582 2677 488·
606 2620 761 2686 Ὁγὰρ
786 2621 981 2685 ’Λγκαῖος
1005 2625 1149 2683 ουτος,
1185 2619 1272 2675 υιὸς
1293 2619 1352 2668 ὢν

48 2695 338 2748 Ποσειδῶνος
361 2694 435 2741 καὶ
455 2693 798 2752 Ἀστυπαλαίας,
826 2698 902 2752 τῆς
925 2694 1152 2784 Φρίνικος,
1180 2692 1355 2759 ἐφύτευ-

69 2785 141 2814 σεν
164 2766 377 2827 ἄμπελον,
405 2764 518 2814 κατὰ
535 2765 806 2831 Ἀριστοτέλη
830 2764 902 2813 τὸν
921 2785 1018 2819 τους
1036 2764 1233 2819 Πέπλους
1252 2764 1353 2828 (τὸν

67 2838 273 2889 Πέπλουν
291 2841 434 2885 codd.
463 2841 559 2885 duo
580 2837 592 2904 )
612 2838 892 2892 συντάξαντα.
912 2838 1078 2893 Μάντις
1097 2839 1141 2884 δέ
1158 2856 1219 2891 τις
1238 2841 1353 2884 εἶπεν

70 2913 212 2976 αὖτῶ,
235 2914 292 2966 ὡς
308 2913 353 2959 οὗ
375 2911 467 2958 πίοι
490 2903 599 2958 οἶνον
626 2913 673 2957 ἐκ
692 2909 866 2968 ταύτης.
887 2910 1172 2975 Ἐνηνοχυίας
1202 2909 1247 2957 δὲ
1280 2930 1357 2968 της

67 2983 266 3047 ιἂμπιέλου
294 2983 479 3050 καρπὸν,
518 2983 748 3049 ἀπέθλιψεν
771 2986 793 3030 6
814 2983 1007 3046 Ἀγκαῖος
1034 2983 1110 3041 τὴν
1133 2982 1355 3048 σταφυλὴν

0 3057 5 3097 l
73 3057 177 3118 εἷς’
153 3062 340 3146 αγγεῖον,
357 3056 488 3120 ἤγουν
508 3055 692 3115 κύλικα,
715 3059 770 3110 ὡς
789 3054 1015 3119 πιόμενος,
1048 3055 1122 3102 καὶ
1143 3053 1355 3118 κατεγέλα

0 3146 3 3172 ε
74 3131 147 3176 του
173 3126 378 3188 μάντεως,
400 3127 600 3176 δεικνύων
616 3128 692 3187 τὴν
715 3129 898 3176 κύλικα·
915 3131 937 3176 6
954 3130 990 3176 6’
1017 3128 1125 3196 ἔφη·

137 3200 289 3248 Πολλὰ
307 3199 463 3263 μεταξυ
481 3200 601 3248 πέλει
618 3200 786 3256 κύλικος
803 3221 876 3249 και
891 3200 1058 3266 χείλεος
1078 3200 1226 3267 ἄκρου

30 3344 32 3346 ·
69 3343 159 3375 rum
176 3335 217 3375 in
234 3347 369 3376 servos
384 3337 558 3388 imperiis
571 3337 741 3388 similes,
762 3348 785 3377 a
805 3320 1044 3389 quibusdam
1067 3338 1356 3389 rempublicam

0 3425 2 3433 ι
46 3399 335 3463 ι,ιογιιιιιιιιιιιιίῐιιι
355 3400 744 3450 administrantibuS‚
760 3402 881 3442 talem
896 3402 1146 3442 dominatum
1172 3413 1276 3452 aegre
1297 3402 1354 3442 fe-

0 3486 4 3541 ss
69 3456 250 3566 mtabps
273 3473 423 3504 eversae
453 3465 568 3516 sunt,
600 3465 942 3516 quemadmodum
969 3467 1011 3506 in
1038 3466 1165 3507 Cnido
1188 3468 1229 3506 et
1259 3465 1359 3506 Chio

0 3544 3 3569 ἰ
72 3525 158 3570 mei

123 3585 171 3630 ln
188 3591 325 3642 AEgina
338 3592 379 3633 et
390 3592 491 3634 Chio
506 3594 776 3635 mercatorum
793 3604 938 3644 magna
958 3593 1075 3634 turba
1095 3595 1166 3633 est.

529 3693 892 3742 SAMIORUM.

663 3802 764 3843 176.

81 3894 316 3945 Ancaeus,
333 3896 394 3936 uti
412 3895 641 3938 Aristoteles
655 3898 812 3947 narrat,
837 3897 899 3937 vir
928 3897 1182 3947 agriculturae
1209 3897 1361 3938 studio-

77 3958 164 4008 m,
180 3955 304 4008 quum
333 3960 456 4007 vitem
485 3961 706 4012 plantabat,
739 3961 862 4001 durus
889 3961 1061 4001 instabat
1083 3963 1219 4002 servis.
1253 3965 1362 4010 Quo-

32 4026 37 4031 '
77 4013 170 4065 i'um
188 4034 292 4065 unus
312 4024 518 4066 dominum
543 4037 626 4075 non
653 4027 870 4066 fruiturum
890 4028 1025 4066 fructu
1056 4026 1170 4066 dixit.
1195 4033 1364 4067 Ancaeus

72 4087 199 4137 Ῡοῐο,
229 4090 319 4129 uvis
335 4092 564 4142 maturatis,
595 4091 712 4131 laetus
729 4091 1008 4141 vindemiavit,
1026 4092 1222 4141 jussitque
1250 4103 1364 4131 servo

81 4150 129 4189 ut
155 4117 292 4191 vinum
317 4153 391 4203 ipsi
414 4154 613 4194 misceret.
642 4157 813 4204 Jamque
832 4155 891 4194 ori
917 4157 1108 4205 poculum
1131 4156 1365 4195 admoturus

84 4209 233 4253 {letum
249 4215 284 4254 ei
303 4216 340 4254 in
361 4217 593 4276 memoriam
614 4218 830 4258 revocavit.
865 4219 935 4258 llle
963 4221 1120 4267 autem,
1152 4219 1362 4268 Multum,

2607 286 2695 326 159

1384 383 1386 386 ’
1417 378 1587 435 Βοηςδὲ
1608 378 1865 440 γενομένης,
1895 382 1950 431 ὡς
1971 378 2068 431 συὸς
2090 382 2454 442 ὶυυ.αινον.ιέν-ου
2433 402 2508 438 την
2533 381 2697 470 χιῖ,)ραν

1416 451 1498 507 θεὶς
1525 450 1603 508 τὴν
1624 450 1778 496 κύλικα
1817 453 1839 495 ὃ
1874 450 2086 511 Ἀγκαῖος,
2118 454 2156 496 3
2141 450 2328 507 ζῆλθεν
2311 453 2378 498 επὶ
2414 452 2485 499 τὸν
2513 459 2603 512 σ’ῦν,
2623 473 2696 500 και

1415 526 1582 588 πρῶτος
1601 521 1785 587 ἀνῃρέθη
1809 523 1884 567 ἀπ’
1906 524 2053 569 αὐτοῦ.

1483 599 1678 657 Peplum
1700 597 2152 641 Aristotelis'Tzetzes
2169 596 2218 641 h.
2236 597 2267 639 l.
2287 600 2582 642 nonmeliorc
2599 599 2703 656 jur<-

1421 669 1671 714 adduxerit
1695 683 1836 727 quam
1854 682 1991 726 supra
2009 667 2069 712 fr.
2103 682 2120 709 1
2136 674 2190 712 15
2206 701 2217 722 ,
2239 669 2320 710 etsi
2340 668 2431 727 legi
2450 670 2635 714 historia
2659 673 2702 713 in

1416 741 1563 799 Peplo
1600 748 1804 798 poterat.
1850 738 2024 783 Eadem
2071 747 2230 782 narrat
2271 740 2538 784 Heraclides
2576 744 2697 799 Rq).

1416 814 1538 858 Sam.
1563 811 1620 858 fr.
1652 826 1733 866 10,
1757 827 1801 857 2.
1827 811 1985 855 Schol.
2005 812 2147 856 Hom.
2175 810 2263 854 Od.
2286 811 2350 864 X,
2378 827 2432 870 93
2454 814 2628 856 Zenob.
2648 816 2703 866 V,

1388 932 1393 937 ,
1421 900 1506 942 713
1543 885 1823 944 Diogenian.
1846 884 1961 938 VII,
1987 882 2073 938 463
2098 883 2295 943 Gregor.
2325 884 2463 942 Cypr.
2486 886 2584 943 ΙΙΙ,
2611 884 2700 938 383

1417 958 1630 1016 Apostol.
1650 957 1782 1011 XVI,
1808 955 1887 1012 283
1919 956 2164 1001 Athenaeus
2180 956 2279 1011 XI,
2304 970 2352 1014 p.
2384 954 2493 1011 478,
2518 957 2582 1011 Ε;
2603 957 2707 1001 Gel-

1418 1030 1505 1074 lius
1520 1031 1579 1074 N.
1600 1031 1657 1074 A.
1679 1029 1816 1084 XIII,
1849 1044 1933 1086 173
1958 1028 2163 1072 Stobaeus
2185 1028 2314 1072 Flor.
2338 1028 2461 1082 CXI,
2491 1033 2564 1083 143
2587 1028 2709 1071 Bois-

1417 1117 1518 1145 son.
1540 1103 1630 1146 An.
1649 1102 1715 1156 II,
1745 1099 1859 1156 450,
1888 1101 2057 1144 citante
2078 1100 2325 1144 Leutschio
2343 1099 2392 1142 in
2407 1101 2706 1158 Paroemiogr.

1420 1181 1536 1218 tom.
1569 1175 1608 1229 Ι,
1634 1188 1684 1232 p.
1720 1171 1808 1226 [48
1833 1188 1905 1230 sq.

1485 1246 1628 1306 Apud
1646 1244 1942 1289 Heraclidem
1962 1244 2179 1303 deinceps
2197 1252 2485 1288 memoratur
2506 1244 2713 1287 hirundo

1421 1318 1550 1372 alba,
1585 1331 1692 1375 quae
1726 1316 1775 1358 in
1813 1316 1951 1360 Samo
1974 1317 2279 1375 apparuerit.
2312 1315 2587 1374 Prodigium
2622 1317 2713 1358 hoc

1421 1403 1528 1431 cum
1541 1387 1697 1430 nescio
1723 1402 1815 1445 qua
1835 1387 2029 1431 historia
2054 1387 2356 1445 conjunctum
2378 1402 2435 1431 ex
2457 1388 2715 1430 Aristotelis

1420 1461 1542 1518 Rep.
1573 1459 1860 1514 Samiorum,
1899 1468 1953 1503 ut
1975 1459 2179 1515 videtur,
2224 1467 2384 1504 narrat
2412 1458 2622 1503 AElianus
2654 1461 2710 1502 N.

1421 1533 1509 1576 An.
1523 1533 1673 1585 XVII,
1694 1546 1781 1577 20:
1802 1529 2099 1594 Ἀριστοτέλης
2114 1528 2231 1592 λέγει
2248 1523 2437 1593 γίνεσθαι
2455 1529 2712 1592 (·(ενέσθαιἐ’)

1423 1603 1466 1647 ἐν
1492 1600 1634 1666 Σάμῳ
1650 1599 1807 1659 λευκὴν
1826 1601 2043 1665 χελιδόνα.

2019 1697 2124 1740 177·

1490 1760 1698 1804 AElianus
1720 1762 1777 1804 N.
1805 1727 1893 1805 An.
1919 1762 2041 1815 XII,
2070 1766 2168 1813 40:
2186 1758 2422 1821 Τιμωσιδὲ
2450 1757 2532 1822 ἄρα
2555 1759 2714 1806 Δελοοι

1426 1850 1479 1889 με
1481 1849 1502 1877 ν
1521 1828 1668 1892 λύκον,
1694 1830 1856 1893 Σάμιοι
1877 1830 1922 1878 δὲ
1943 1830 2210 1895 πρόὸατον...
2234 1831 2346 1880 'W
2324 1831 2367 1878 03
2385 1830 2503 1877 αἴτια
2523 1834 2598 1888 τῆς
2619 1831 2717 1877 ἑκά-

1426 1921 1527 1950 στου
1559 1921 1688 1964 τιμης
1715 1905 1850 1950 εἰπεῖν
1874 1904 1953 1950 οὐκ
1982 1903 2097 1950 ἔστιν
2126 1903 2206 1958 ἔξω
2238 1905 2367 1962 τησδε
2401 1907 2475 1960 τῆς
2510 1905 2715 1961 σπουδης.

1424 1977 1604 2041 Δελφοῖς
1622 1974 1700 2038 μὲν
1725 1975 1901 2040 χρυσίον
1921 1975 2032 2039 ἱερὸν
2056 1976 2346 2039 σεσυλημένον
2367 1995 2441 2022 και
2466 1977 2508 2021 ἐν
2528 1979 2585 2021 τῶ
2602 1978 2721 2040 Παρ-

1426 2050 1572 2094 νασσῶ
1608 2046 1988 2113 κατορωρυγμένον
2026 2046 2272 2112 ἀνίχνευσεν
2299 2051 2321 2094 6
2355 2045 2504 2100 λύκος·
2537 2024 2722 2109 Σαμίοις

1428 2118 1472 2167 δὲ
1497 2120 1571 2167 καὶ
1596 2121 1738 2173 αὐτοῖς
1761 2125 1928 2167 τοιοῦτο
1954 2119 2128 2184 χρυσίον
2146 2119 2310 2167 κλαπὲν
2327 2119 2545 2184 πρόὸατον
2571 2123 2719 2182 ἀνευρε

1428 2191 1502 2239 καὶ
1524 2195 1711 2239 ἐντευθεν
1741 2192 2074 2256 Μανδρόὸουλος
2097 2196 2119 2239 6
2140 2192 2307 2282 Σάμιρς
2329 2196 2382 2257 τῇ
2407 2191 2530 2256 ἽΙρα
2556 2190 2721 2255 ⁷3:66oe-

1427 2284 1498 2312 τον
1545 2266 1747 2327 ἀνάθημα
1777 2267 1956 2333 ἀν’ἦψεν.
2010 2264 2098 2313 Καὶ
2132 2265 2181 2311 τὸ
2225 2265 2278 2326 μὲ
2282 2285 2302 2311 ν
2347 2264 2560 2326 Πολέμων
2606 2261 2720 2325 λέγει

1426 2336 1475 2382 τὸ
1497 2335 1717 2400 πρότερον,
1743 2335 1791 2382 τὸ
1812 2315 1857 2382 63
1890 2336 2181 2401 Αριστοτέλης
2204 2336 2251 2383 τὸ
2268 2335 2480 2399 δεύτερον.
2504 2340 2574 2382 De
2601 2338 2717 2395 lupo

1427 2411 1656 2470 Delphico
1683 2427 1730 2454 v.
1771 2412 2015 2455 Pausanias
2051 2412 2120 2467 X,
2164 2416 2247 2467 14,
2278 2418 2332 2467 4;
2364 2411 2422 2457 de
2454 2425 2540 2454 ove
2565 2407 2717 2454 Samia

1429 2483 1486 2528 cf.
1529 2483 1674 2528 Clem.
1712 2483 1845 2527 Alex.
1882 2484 2035 2527 Protr.
2075 2499 2124 2542 p.
2165 2499 2183 2527 1
2199 2499 2217 2526 1
2257 2483 2426 2541 Sylb.:
2462 2478 2715 2544 Πρόοατον,

1429 2550 1485 2605 ὥς
1509 2571 1634 2613 φησιν
1655 2551 1878 2621 Εὐφορίων
1906 2554 2119 2614 (fi.123
2153 2555 2228 2598 ed.
2257 2554 2460 2598 Meinek.
2482 2552 2523 2614 ),
2547 2550 2720 2597 σέὸουσι

1432 2624 1609 2686 Σάμιοι.
1631 2652 1698 2660 -
1722 2625 1931 2687 ἐντεῦθεν]
1955 2627 2102 2670 Aliter
2121 2626 2338 2685 Ephorus
2365 2624 2448 2685 (fr.
2474 2625 2555 2669 161
2579 2625 2611 2684 )‚
2635 2625 2714 2668 ubi

1430 2699 1768 2743 Mandrobulus
1809 2714 2026 2742 aureum
2040 2699 2231 2742 arietem
2274 2697 2506 2741 dedicasse
2551 2696 2721 2739 dicitur

1429 2781 1681 2831 proptelea
1709 2771 1839 2830 quod
1852 2772 2116 2856 peperisset
2145 2767 2193 2814 τὸ
2217 2769 2259 2814 ἐν
2290 2767 2431 2831 Σάμω
2463 2765 2716 2831 γεωράνιον.

1434 2843 1709 2906 [Laudatur
1748 2844 1815 2887 ibi
1852 2837 2045 2905 Ἔφορος
2078 2860 2176 2905 περι
2210 2839 2380 2923 χωρίων
2414 2839 2468 2897 θ’,
2503 2857 2594 2900 pio
2627 2857 2723 2899 quo

1431 2915 1702 2960 Boissonad.
1719 2916 1927 2975 Epimer.
1949 2915 2206 2959 Herodian.
2224 2914 2458 2974 ingeniose
2477 2914 2726 2973 proposuit

1431 2983 1534 3050 Ἐφ.
1556 2987 1598 3031 ἓν
1624 2985 1866 3050 ἐπιχωρίῳ,
1892 2987 1975 3032 sed
2000 2987 2200 3031 delenda
2224 2988 2417 3030 omnino
2443 3002 2485 3030 v.
2508 2983 2608 3047 περὶ
2632 3002 2724 3047 χω-

1435 3055 1534 3120 ρίων
1571 3057 1675 3122 (καὶ
1709 3056 1868 3122 χοιρίον
1904 3061 2018 3104 alius
2054 3059 2160 3103 eod.
2181 3060 2214 3117 ).
2253 3061 2427 3117 Aperte
2471 3059 2594 3101 enim
2635 3074 2723 3101 vox

1433 3127 1602 3193 χωρίων
1627 3133 1813 3191 irrepsit
1828 3147 1885 3176 ex
1903 3141 2123 3191 sequente
2140 3133 2286 3192 glossa
2306 3130 2718 3190 Harpocrationis:

1434 3199 1646 3259 Ιηπέδον,
1679 3201 1729 3248 τὸ
1768 3201 1944 3266 χωρίον,
1984 3219 2074 3263 pro
2115 3204 2284 3262 quibus
2319 3212 2543 3262 quattuor
2581 3202 2723 3248 codd.

1432 3337 1587 3388 inquit,
1620 3341 1736 3378 inter
1771 3338 1975 3389 poculum
2017 3341 2079 3378 cst
2114 3338 2324 3388 labraque
2354 3347 2538 3376 summa.
2573 3336 2726 3384 Quibus

1432 3401 1572 3451 dictis,
1590 3413 1704 3450 ecce,
1723 3403 1898 3442 accurrit
1923 3403 2066 3453 aliquis
2083 3402 2274 3442 nuntians
2302 3402 2465 3441 bortum
2484 3401 2534 3439 ab
2555 3412 2650 3452 apro
2670 3402 2727 3439 in·

1432 3467 1548 3515 gente
1591 3465 1803 3505 devastari
1849 3466 1971 3515 Igitur
2005 3470 2197 3515 Ancaeus,
2235 3466 2356 3509 misso
2387 3466 2554 3515 poculo,
2588 3467 2726 3503 contia

1434 3539 1575 3579 aprum
1597 3529 1811 3579 egreditur,
1843 3530 1893 3569 ab
1925 3540 2052 3579 eoque
2081 3529 2187 3568 ictus
2215 3529 2332 3579 perit.
2354 3529 2452 3569 lnde
2471 3539 2612 3579 proven
2615 3529 2724 3567 bium

1434 3592 1484 3630 de
1507 3591 1575 3642 iis,
1593 3593 1740 3643 quibus
1756 3595 1893 3633 contra
1909 3593 2243 3643 exspectatIonem
2262 3591 2411 3643 aliquid
2427 3592 2592 3641 accidit,
2611 3603 2655 3629 us
2647 3602 2725 3628 m·-

1435 3656 1567 3706 patur.

2034 3747 2134 3786 177.

1488 3843 1645 3891 Lupum
1674 3842 1813 3892 Delphi
1841 3843 2001 3893 colunt,
2025 3842 2146 3883 Samii
2174 3853 2292 3882 ovem
2308 3840 2592 3880 venerantur..
2625 3839 2724 3876 Cau·

1435 3914 1500 3943 sas
1519 3906 1652 3944 autem
1669 3906 1928 3955 quamobrem
1949 3906 2176 3957 hujusmodi
2193 3905 2341 3946 bestias
2366 3902 2488 3942 divini
2506 3901 2637 3939 cultus
2658 3900 2723 3937 bo-

1436 3978 1534 4007 nore
1567 3971 1873 4019 prosequantur,
1905 3981 1985 4009 non
2019 3970 2194 4009 alienum
2224 3969 2283 4008 est
2309 3966 2519 4017 explicare.
2564 3962 2724 4011 Delphis

1438 4040 1581 4069 aurum
1614 4042 1772 4071 sacrum
1793 4033 1900 4072 turto
1928 4033 2126 4083 direptum
2164 4033 2263 4072 etin
2291 4034 2482 4070 Parnasso
2501 4026 2723 4072 defossum.

1437 4093 1540 4132 sicut
1557 4093 1651 4133 dicit
1675 4095 1856 4146 Polemo,
1878 4096 2127 4146 investigavit
2153 4095 2291 4145 lupus;
2314 4091 2452 4132 Samiis
2467 4089 2559 4128 item
2581 4099 2723 4126 aurum

1438 4157 1544 4196 furto
1577 4158 1779 4198 sublatum
1810 4159 1896 4199 ovis
1928 4160 2100 4209 invenit;
2124 4169 2245 4208 quare
2272 4153 2550 4196 mandrobulus
2572 4153 2725 4191 Samius

1439 4221 1587 4259 Junoni
1604 4232 1720 4261 ovem
1742 4222 2009 4271 consecrant
2030 4225 2073 4261 ut
2090 4221 2317 4262 Aristoteles
2333 4217 2464 4257 tradit.
