3016 4628
256 294 344 334 4‘04

253 390 561 453 ὀνομαζόμενον
603 388 783 451 Σίλλαν,
825 388 971 455 ῥέοντα
1009 388 1052 436 δὲ
1086 388 1134 436 ἔκ
1169 403 1276 441 τινος
1310 387 1538 450 ὁμωνύμου

253 464 431 526 κρήνης·
454 462 523 507 ἐπὶ
551 460 633 525 γὰρ
653 461 803 509 τούτου
829 463 959 524 μόνου
988 464 1070 508 τῶν
1097 459 1298 507 ἁπάντων
1333 462 1541 520 ποταμῶν

250 534 344 582 οὐδὲ
331 555 369 580 -ν
405 552 488 580 των
522 532 858 596 ἐμὸαλλομένων
902 535 958 585 εἷς
995 532 1122 579 αὐτὸν
1162 533 1358 589 ἐπιπλεῖ,
1397 531 1538 577 πάντα

254 600 287 654 δ’
309 626 366 660 εις
390 606 460 652 τὸν
482 604 608 666 βυθὸν
629 605 889 652 καταδύεται
910 603 1173 670 παραδόξως.

317 679 574 726 XXXVII!-
604 695 657 726 18.
681 676 832 734 Ἱὴνδ’
863 676 965 735 ὅλην
992 675 1175 732 Ινδικὴν
1196 678 1325 722 οὖσαν
1346 677 1537 736 ὑπερμε-

251 750 350 813 γέθη
388 748 558 812 λέγεται
594 755 808 796 κατοικεῖν
840 747 936 804 ἔθνη
969 745 1110 794 πολλὰ
1146 746 1219 793 καὶ
1254 742 1535 801 παντοδαπὰ,

251 822 323 869 καὶ
348 820 506 869 τούτοιν
527 820 661 882 μηδὲν
687 819 800 884 ἔχειν
828 819 904 876 τὴν
930 818 972 873 ἐξ
1005 820 1143 882 ἀρχῆς
1173 816 1336 880 γένεσιν
1360 815 1537 873 ἔπηλυν,

250 893 359 941 ἀλλὰ
380 893 521 940 πάντα
543 893 678 940 δοκεῖν
699 891 906 956 ὑπάρχειν
926 890 1177 953 αὐτόχθονα,
1195 888 1298 952 πρὸς
1319 887 1363 934 δὲ
1377 887 1539 940 τούτοις

251 966 359 1027 μήτε
388 965 550 1021 ξενικὴν
577 963 776 1010 ἀποικίαν
801 960 1113 1025 προσδέχεσθαι
1144 959 1319 1006 πώποτε
1343 959 1452 1021 μήτε
1481 960 1538 1011 εἷς

250 1040 355 1086 ἄλλο
386 1038 499 1090 ἔθνος
536 1034 867 1082 ἀπεσταλκέναι.
942 1032 1013 1096 (19)
1044 1034 1340 1094 Μυθολογοῦσι
1365 1030 1409 1078 δὲ
1445 1029 1539 1084 τοὺς

251 1110 556 1175 ἀρχαιοτάτους
587 1106 830 1171 ἀνθρώπους
863 1112 1036 1171 τροφαῖς
1069 1103 1146 1166 μὲν
1175 1107 1415 1169 κεχρῆσθαι
1452 1104 1539 1157 τοῖς

251 1182 499 1245 αὐτομάτως
533 1179 753 1245 φυομένοις
790 1180 837 1224 ἐκ
868 1182 943 1235 τ’ἧς
967 1180 1045 1239 γῆς
1079 1183 1286 1240 καρποῖς,
1313 1177 1461 1233 ἐσθῆσι
1492 1175 1536 1222 δὲ

250 1259 343 1308 ταῖς
379 1256 518 1318 δοραῖς
551 1255 632 1299 τῶν
670 1252 889 1315 ἐγχωρίων
927 1248 1062 1313 ζῴων,
1100 1248 1296 1311 καθάπερ
1330 1247 1404 1293 καὶ
1435 1247 1537 1310 παρ’

249 1326 462 1384 Ἕλλησιν
480 1340 490 1351 ·
513 1323 667 1387 ὁμοίως
693 1324 736 1371 δὲ
756 1322 829 1370 καὶ
853 1325 935 1370 τῶν
960 1323 1121 1385 τεχνῶν
1142 1319 1218 1374 τὰς
1249 1319 1433 1385 εὑρέσεις
1458 1320 1534 1367 καὶ

250 1403 334 1446 τῶν
359 1399 497 1446 ἄλλων
523 1400 604 1448 τῶν
625 1397 729 1462 πρὸς
756 1395 845 1460 βίον
865 1394 1090 1460 χρησίμοιν
1116 1395 1164 1440 ἐκ
1183 1397 1258 1441 τοῦ
1279 1392 1374 1440 κατ’
1396 1393 1536 1455 ὀλίγον

251 1471 469 1535 γενέσθαι,
504 1474 579 1528 τ’ῆς
609 1469 754 1534 χρείας
787 1471 917 1525 αὐτῆς
949 1466 1244 1533 ὑφηγουμένης
1271 1467 1417 1531 εὐφυεῖ
1442 1466 1537 1532 ζῴῳ

251 1544 325 1592 καὶ
346 1542 567 1609 συνεργοὺς
584 1542 725 1607 ἔχοντι
741 1542 845 1608 πρὸς
866 1541 1036 1589 ἅπαντα
1055 1547 1203 1605 χεῖρας
1221 1539 1295 1586 καὶ
1317 1538 1442 1603 λόγον
1463 1539 1538 1587 καὶ

250 1620 391 1682 ψυχῆς
411 1616 645 1680 ἀγχίνοιαν.

315 1707 375 1738 20.
415 1691 709 1752 Μυθολογοῦσι
734 1686 778 1735 δὲ
798 1685 917 1752 παρὰ
942 1693 1025 1741 τοῖς
1049 1686 1200 1739 Ἰνδοῖς
1223 1687 1261 1733 οἱ
1279 1683 1537 1749 λογιώτατοι

250 1762 349 1827 περὶ
373 1755 429 1809 ὧν
458 1765 643 1818 καθῆκον
667 1761 715 1808 ἂν
742 1759 805 1818 εἴη
840 1759 1056 1822 συντόμως
1083 1760 1276 1807 διελθεῖν.
1303 1760 1427 1807 Φασὶ
1454 1757 1536 1823 γὰρ

251 1838 294 1883 ἐν
333 1835 417 1888 τοῖς
457 1833 754 1900 ἀρχαιοτάτοις
795 1831 985 1898 χρόνοις,
1031 1833 1134 1896 παρ’
1174 1832 1318 1884 αὐτοῖς
1355 1829 1418 1877 ἔτι
1452 1835 1536 1878 τῶν

252 1907 485 1972 ἀνθρώπων
538 1906 736 1967 κωμηδὸν
790 1905 1037 1963 οἰκούντων,
1096 1902 1416 1968 παραγενέσθαι
1465 1903 1536 1951 τὸν

251 1979 452 2028 Διόνυσον
478 1982 525 2025 ἐκ
552 1982 635 2025 τῶν
658 1979 763 2043 πρὸς
793 1976 974 2040 ἑσπέρας
999 1977 1140 2024 τόπων
1167 1975 1324 2041 ἔχοντα
1353 1975 1535 2039 δύναμιν

252 2051 488 2113 ἀξιόλογον·
515 2052 704 2098 ἐπελθεῖν
730 2050 773 2097 δὲ
793 2048 869 2108 τὴν
888 2050 1068 2107 Ἰνδικὴν
1099 2049 1275 2096 ἅπασαν
1290 2088 1302 2109 ,
1325 2051 1538 2112 μηδεμιᾶς

250 2123 377 2181 οὔσης
407 2123 624 2185 ἀξιολόγου
660 2123 821 2176 πόλεως
852 2127 927 2181 τῆς
953 2121 1188 2185 δυναμένης
1214 2122 1534 2178 ἀντιτάξασθαι.

251 2196 321 2260 (21)
349 2195 686 2259 Ἰζπιγενομένων
712 2196 755 2241 δὲ
775 2197 1008 2257 καυμάτων
1030 2195 1249 2258 μεγάλων,
1270 2194 1342 2242 καὶ
1362 2198 1446 2242 τῶν
1462 2199 1538 2242 τοῦ

252 2267 454 2315 Διονύσου
498 2271 770 2333 στρατιωτῶν
805 2270 978 2333 λοιμικῇ
1014 2267 1126 2333 νόσῳ
1160 2268 1537 2334 διαφθειρομένων,

251 2340 414 2386 συνέσει
440 2340 692 2405 διαφέροντα
717 2340 788 2387 τὸν
822 2341 1013 2403 ἡγεμόνα
1038 2346 1185 2389 τοῦτον
1218 2344 1461 2406 ἀπαγαγεῖν
1489 2341 1539 2389 τὸ

249 2413 532 2477 στρατόπεδον
571 2415 618 2459 ἐκ
645 2416 728 2459 τῶν
768 2414 947 2460 πεδινῶν
971 2412 1112 2460 τόπων
1149 2416 1207 2467 εἷς
1236 2412 1314 2472 τὴν
1350 2413 1538 2479 ὀρεινήν·

249 2488 427 2532 ἐνταῦθα
454 2484 497 2531 δὲ
531 2485 742 2533 πνεόντων
775 2489 952 2551 ψυχρῶν
985 2486 1154 2549 ἀνέμων
1183 2487 1256 2534 καὶ
1291 2490 1376 2534 τῶν
1399 2506 1541 2550 ναμα-

247 2557 394 2603 τιαίων
416 2557 578 2604 ὑδάτων
604 2562 800 2622 καθαρῶν
825 2559 1001 2624 ῥεόντων
1032 2559 1138 2623 πρὸς
1169 2561 1318 2613 αὐταῖς
1342 2562 1437 2613 ταῖς
1456 2579 1539 2618 πη-

246 2696 336 2734 'loca
364 2696 517 2746 irriget,
543 2707 756 2747 amnesque
782 2699 928 2738 multos
947 2700 1091 2749 gignat.
1123 2700 1202 2750 (17)
1228 2701 1278 2740 At
1294 2711 1376 2750 prae
1397 2699 1538 2740 ceteris

250 2759 374 2798 indiae
397 2760 525 2798 liuviis
542 2762 740 2810 peculiare
760 2762 965 2813 quidpiam
986 2764 1132 2802 accidit
1150 2764 1232 2814 illi,
1253 2774 1374 2814 quem
1398 2765 1536 2805 sillam

253 2826 421 2871 vocant,
447 2836 496 2864 ex
513 2826 618 2865 sonte
637 2827 810 2876 ejusdem
829 2829 1000 2868 nominis
1017 2829 1230 2880 profluenti
1249 2846 1258 2870 :
1277 2830 1380 2870 inter
1398 2840 1538 2869 omnes

248 2888 361 2926 ‘enim
380 2888 519 2927 ssuvios
536 2890 598 2928 bic
614 2891 720 2929 solus
743 2892 838 2931 nihil
858 2892 1045 2941 injectum
1061 2896 1316 2944 supernatare
1331 2893 1450 2942 sinit,
1469 2893 1537 2933 sed

254 2953 397 2990 cuncta
425 2952 463 2990 in
487 2953 722 3002 profundum
752 2955 930 2996 demersa
960 2957 1129 2997 mirabili
1165 2969 1259 2998 sane
1284 2950 1438 2998 ratione
1464 2951 1536 2997 ab-

253 3014 397 3054 sorbet.

307 3082 445 3122 XXXV
450 3082 517 3119 111.
549 3084 604 3120 l8.
638 3081 744 3121 ludia
766 3094 884 3135 porro
907 3096 1032 3135 quum
1053 3085 1107 3125 sit
1130 3086 1245 3136 longe
1271 3085 1535 3137 amplissima,

256 3143 392 3182 multis
407 3144 601 3193 variisque
620 3146 797 3194 gentibus
814 3147 955 3198 incoli,
970 3160 1142 3199 quarum
1164 3150 1274 3190 nulla
1289 3150 1537 3200 peregrinam

250 3207 399 3247 habeat
429 3208 616 3257 originem
632 3239 642 3258 ,
670 3210 738 3249 sed
760 3222 896 3252 omnes
919 3214 1111 3264 indigenae
1126 3217 1342 3266 putentur;
1365 3226 1440 3255 uec
1459 3227 1536 3255 un-

256 3281 377 3321 quam
393 3271 454 3310 vel
471 3271 520 3310 ab
536 3273 680 3312 exteris
695 3275 885 3324 accepisse
896 3307 907 3326 ,
933 3278 995 3317 vel
1016 3278 1055 3317 in
1071 3279 1191 3318 aliam
1216 3279 1418 3319 nationem
1435 3280 1537 3319 emi-

257 3335 351 3374 sisse
360 3335 538 3376 colonias
551 3336 791 3386 perhibetur.
846 3341 927 3391 (19)
947 3342 1247 3393 antiquissimos
1258 3344 1340 3383 illic
1355 3344 1538 3384 homines

257 3400 449 3440 fructibus
463 3411 485 3440 e
504 3402 609 3440 terra
625 3405 760 3452 sponte
775 3404 875 3444 natis
898 3416 967 3456 pro
982 3407 1100 3457 cibis,
1122 3410 1162 3448 et
1187 3409 1356 3460 pellibus
1380 3409 1536 3451 anima-

257 3463 357 3502 lium
372 3494 383 3512 ,
401 3465 445 3503 ut
460 3462 578 3503 etiam
598 3465 699 3514 apud
719 3467 877 3508 Graecos
889 3498 900 3518 ,
914 3479 989 3519 pro
1002 3471 1178 3512 vestibus
1193 3484 1286 3513 usos
1302 3484 1387 3514 esse
1409 3484 1460 3514 ex
1477 3475 1537 3513 la·

258 3527 363 3566 bulis
377 3527 546 3577 antiquis
566 3528 739 3568 referunt
768 3546 777 3569 2
806 3531 984 3572 similiter
1011 3536 1114 3574 artes
1133 3538 1172 3576 et
1191 3538 1322 3576 cetera
1349 3537 1400 3577 ad
1414 3538 1538 3578 vitam

258 3590 478 3630 necessaria
490 3590 682 3640 paulatim
701 3592 860 3633 inventa
870 3624 881 3644 ‚
904 3606 1028 3644 quum
1041 3598 1122 3648 ipsa
1135 3601 1345 3641 necessitas
1360 3602 1537 3652 animali,

259 3654 401 3693 natura
428 3653 647 3703 ingenioso,
672 3656 712 3694 et
728 3656 792 3694 cui
819 3667 980 3708 manus,
1008 3659 1187 3713 loquela,
1210 3664 1331 3704 animi
1349 3665 1540 3716 sagacitas

258 3717 307 3756 ad
332 3718 463 3757 omnia
480 3717 706 3767 adjumento
722 3720 800 3759 sint
813 3750 823 3770 ,
840 3731 886 3760 ea
902 3723 1141 3773 subjecisset.

310 3787 375 3822 20.
397 3780 640 3821 Fabulantur
667 3793 762 3821 vero
788 3784 977 3825 indorum
996 3787 1208 3830 doctissimi
1238 3793 1464 3844 complura,
1490 3793 1541 3834 de

258 3844 403 3894 quibus
415 3855 540 3895 pauca
557 3845 621 3884 hlc
640 3856 841 3885 recensere
857 3859 938 3887 non
954 3850 1123 3891 alienum
1144 3865 1226 3894 esse
1246 3858 1356 3904 puto.
1395 3859 1539 3897 Remo-

260 3910 440 3959 tissimis,
469 3910 607 3959 aiunt,
638 3912 907 3961 temporibus,
940 3924 1065 3962 quum
1098 3919 1283 3959 mortales
1313 3920 1366 3959 ibi
1407 3921 1539 3961 adhuc

260 3973 421 4013 vicatim
451 3973 673 4014 habitarent
709 3975 892 4025 dispersi,
928 3978 1106 4017 Bacchus
1132 3991 1181 4019 cx
1215 3983 1390 4024 occiduis
1422 3987 1540 4025 terrae

261 4037 437 4086 partibus
452 4049 544 4077 cum
563 4050 772 4078 numeroso
788 4041 962 4079 exercitu
976 4042 1211 4093 adventans,
1230 4047 1377 4087 lndiam
1390 4079 1400 4098 ,
1418 4050 1541 4089 nulla·

261 4099 357 4138 «lum
375 4099 471 4138 urbe
491 4101 760 4148 memorabili,
781 4112 871 4152 quae
885 4104 1099 4143 resistendo
1117 4106 1270 4155 suisset,
1293 4109 1540 4161 instructam,

263 4164 387 4201 lolam
407 4163 641 4212 peragravit.
700 4164 782 4214 (21)
809 4167 940 4210 Quum
961 4178 1052 4205 vero
1070 4169 1221 4217 magnis
1244 4173 1374 4211 vexati
1392 4174 1541 4213 ardori·

257 4225 335 4262 {ms
375 4227 517 4265 milites
542 4229 648 4276 peste
680 4228 903 4278 inlerirent,
932 4229 1012 4269 dux
1034 4231 1097 4270 ille
1118 4233 1322 4282 prudentia
1348 4237 1543 4278 excellens

1380 280 1508 328 M‘EG
1520 280 1675 328 ASTH
1686 280 1826 328 ENIS

1613 390 1707 448 γαῖς
1722 424 1734 445 ,
1759 388 2067 450 ἀπαλλαγῆναι
2090 391 2165 446 τ’ῆς
2183 387 2307 436 νόσου
2331 387 2381 436 τὸ
2403 388 2710 453 στρατόπεδον·
2749 390 2820 441 ὀνο
2864 398 2869 429 5
2892 384 2916 401 Ἰ
2950 445 2957 455 ‚

1614 461 1758 514 ζεσθαι
1785 458 1829 504 δὲ
1857 462 1932 514 τῆς
1951 461 2117 524 ὀρεινῆς
2138 458 2210 506 τὸν
2232 459 2362 506 τόπον
2381 463 2531 508 τοῦτον
2551 461 2725 528 Μηρὸν,
2745 464 2876 514 καθ’ῑ

1612 533 1634 576 ὃ
1666 530 1867 583 Διόνυσος
1886 528 2081 595 ἐξέτρεψε
2100 530 2176 584 τὰς
2194 530 2433 593 δυνάμεις’
2417 551 2467 580 εκ
2486 536 2562 590 τῆς
2585 534 2741 582 νόσου·
2765 535 2874 605 ἀφ

1613 601 1664 658 δὴ
1690 602 1765 649 καὶ
1789 601 1884 655 τους
1906 600 2131 660 (Έλληνας
2148 602 2246 667 περὶ
2270 622 2344 651 του
2367 608 2464 652 θεοῦ
2487 604 2650 654 τούτου
2657 610 2892 674 παραδεὺςξ

1615 672 1734 719 κέναι
1757 676 1842 727 τοῖς
1864 673 2246 740 μεταγενεστέροις
2268 675 2503 743 τετράφθαι
2532 677 2604 725 τὸν
2629 676 2900 770 Διόνυσονῑῖ-’Ϊ
2884 676 2908 695 ”
2954 720 2957 728 ,

1612 764 1754 810 μηρω.
1829 745 1904 808 (22)
1925 744 2058 793 Μετὰ
2079 745 2124 793 δὲ
2141 751 2280 794 ταῦτα
2304 751 2379 806 τῆς
2398 749 2676 814 παραθέσεως
2700 754 2786 799 τῶν
2804 770 2866 800 κ

1610 835 1703 862 πων
1729 816 2045 878 ἐπιμεληθέντα
2083 817 2359 879 μεταδιδόναι
2393 824 2481 874 τοῖς
2517 821 2694 886 Ἰνδοῖς,
2717 842 2794 871 και
2847 751 2899 892 ἑ

1611 888 1776 952 εὕρεσιν
1802 893 1877 935 τοῦ
1897 908 2011 936 οινου
2035 889 2109 936 καὶ
2126 893 2213 937 τῶν
2234 890 2378 940 ἄλλων
2402 895 2487 940 τῶν
2508 895 2566 948 εἷς
2587 893 2659 943 τὸν
2688 894 2778 960 βίον
2798 912 2905 966 χρὴ

1612 959 1750 1022 σίμων
1775 962 2065 1051 παραδοῦναι,
2090 961 2209 1026 Προς
2233 961 2278 1010 δὲ
2309 961 2473 1018 τούτοις
2495 964 2662 1012 πόλεών
2682 985 2728 1014 τε
2745 965 2828 1022 ἀξι
2860 991 2876 1017 ῑι
2897 983 2911 1012 ‘t

1610 1052 1697 1096 γων
1730 1038 1962 1095 γενηθηναι
1995 1034 2196 1093 κτίστην,
2222 1035 2523 1100 μεταγαγόντα
2550 1036 2627 1091 τὰς
2661 1039 2842 1100 κώμας
2880 1058 2901 1077 ²>

1610 1104 1707 1159 τοὺς
1731 1105 1922 1160 εὐθέτους
1942 1107 2120 1166 τόπους,
2138 1114 2270 1194 τιμᾶν
2295 1126 2343 1154 τε
2366 1108 2616 1165 καταδεῖξαι
2636 1109 2686 1157 τὸ
2701 1114 2815 1159 θεῖον

1610 1176 1763 1240 νόμους
1791 1177 2106 1241 εἰσηγήσασθαι
2122 1179 2196 1227 καὶ
2219 1179 2506 1245 δικαστήρια,
2527 1181 2712 1231 καθόλου
2733 1182 2778 1231 δὲ
2797 1179 2911 1244 ’κολᾷΙ

1610 1251 1696 1297 λῶν
1723 1250 1799 1298 καὶ
1825 1253 1971 1298 καλῶν
1994 1250 2129 1316 ἔργων
2162 1251 2397 1316 εἰσηγητὴν
2422 1252 2649 1318 γενόμενον
2671 1254 2764 1303 θεὸν
2782 1273 2831 1304 νο
2863 1312 2866 1313 ⁷
2896 1263 2916 1311 ζ

1610 1326 1762 1381 σθῆναι
1791 1323 1866 1370 καὶ
1901 1327 2048 1389 τυχεῖν
2086 1325 2310 1386 ἀθανάτων
2340 1329 2494 1388 τιμῶν.
2564 1325 2638 1390 (23)
2674 1325 2917 1440 ‘luto-5⁴3}

1612 1395 1648 1441 δ’
1678 1394 1807 1441 αὐτὸν
1833 1393 1908 1442 καὶ
1946 1399 2162 1459 γυναικῶν
2192 1397 2354 1454 πλῆθος
2381 1399 2491 1459 μετὰ
2514 1401 2605 1444 τοῦ
2619 1395 2876 1463 στρατοπέ
2877 1388 2897 1395 ⁵*

1610 1465 1912 1554 περιάγεσθαι,
1935 1487 2011 1515 και
2026 1466 2141 1515 κατὰ
2159 1467 2236 1523 τὰς
2257 1469 2300 1515 ἐν
2318 1468 2406 1523 τοῖς
2422 1469 2629 1533 πολέμοις
2651 1428 2918 1574 wupoero'tffsss}

1610 1539 1850 1603 τυμπάνοις
1877 1539 1952 1587 καὶ
1972 1540 2210 1603 κυμὸάλοις
2229 1545 2496 1606 κεχρησθαι,
2519 1541 2654 1604 μήπω
2677 1540 2898 1606 σάλπιγπιζ

1611 1612 1866 1677 ευρημένης.
1906 1613 2241 1662 Βασιλεύσαντα
2277 1614 2322 1661 δὲ
2350 1614 2498 1672 πάσης
2527 1618 2608 1673 τῆς
2632 1614 2900 1675 Ἰνδικηςέ
2906 1632 2941 1660 ¹5·

1611 1684 1685 1732 δύο
1703 1684 1809 1749 πρὸς
1830 1692 1918 1742 τοῖς
1937 1685 2208 1745 πεντήκοντα
2225 1685 2341 1777 γήρα
2355 1687 2641 1746 τελευτησαι·
2666 1686 2824 1744 διαδεξ
2886 1671 2943 1741 3

1610 1776 1705 1813 νους
1731 1756 1774 1805 δὲ
1805 1757 1901 1813 τους
1929 1758 2044 1814 υιους
2079 1761 2210 1808 αὐτοῦ
2247 1759 2326 1816 τὴν
2351 1757 2595 1823 ἡγεμονίαν
2619 1757 2686 1807 ἀεὶ
2718 1767 2806 1815 τοῖς
2879 1729 2943 1814 ’ξιξ

1611 1833 1775 1878 ἑαυτῶν
1806 1832 2035 1880 ἀπολιπεῖν
2072 1830 2150 1890 τὴν
2183 1831 2347 1897 ἀρχήν·
2382 1831 2432 1880 τὸ
2470 1830 2516 1880 δὲ
2537 1832 2781 1880 τελευταῖον
2805 1851 2853 1880 π
2874 1829 2944 1893 3³1⁴

1610 1905 1708 1958 λαῖς
1729 1911 1896 1967 γενεαῖς
1919 1903 2096 1972 υστερον
2130 1903 2445 1963 καταλυθείσης
2467 1907 2542 1963 τῆς
2571 1903 2874 1970 ἡγεμονίας

1615 1979 1941 2040 μοκρατηθηναι
1960 1975 2035 2031 τὰς
2047 1976 2210 2031 πόλεις.

1676 2050 1893 2098 ΧΧΧΙΧ.
1918 2065 1979 2098 24.
2027 2049 2140 2115 Περὶ
2175 2035 2251 2113 μὲν
2279 2041 2352 2096 οὖν
2380 2067 2454 2097 του
2487 2048 2696 2099 Διονύσου
2712 2049 2853 2098 καὶ
2852 2050 2910 2068 ””
2936 2055 2939 2058 ’

1613 2120 1834 2186 ἀπογόνων
1867 2122 1998 2169 αὐτου
2022 2140 2203 2169 τοιαυτα
2236 2123 2541 2188 μυθολογοῦσιν
2568 2124 2608 2171 οἱ
2632 2121 2711 2181 τὴν
2736 2124 2902 2194 ὄρει
2855 2153 2892 2176 2
2902 2107 2944 2151 ³

1614 2213 1691 2252 της
1731 2193 1915 2252 Ἰνδικης
1957 2198 2273 2249 κατοικοῦντες.
2317 2193 2408 2244 Τόν
2453 2214 2501 2243 τε
2541 2193 2767 2260 Ἡρακλέα

1613 2285 1702 2332 παρ
1729 2270 1870 2321 αὑτοῖς
1896 2271 2173 2332 γεγενησθαι,
2189 2267 2263 2315 καὶ
2282 2266 2600 2333 παραπλησίως
2614 2273 2703 2323 τοῖς
2720 2266 2783 2318 Ἔ
2838 2299 2845 2311 ι

1613 2339 1662 2387 τό
1685 2359 1732 2387 τε
1752 2339 1940 2405 ῥόπαλον
1961 2338 2036 2388 καὶ
2058 2338 2137 2398 τὴν
2171 2341 2360 2398 λεοντῆν
2385 2340 2503 2407 αὖτῷ
2521 2339 2845 2406 προσάπτουσι·,
2859 2337 2903 2394 ‚1²¹
2928 2367 2945 2377 »-

1615 2412 1660 2459 δὲ
1679 2416 1755 2460 τοῦ
1779 2411 1981 2476 σώματος
2003 2410 2129 2478 ῥώμῃ
2153 2411 2228 2460 καὶ
2250 2413 2364 2478 ἀλκῇ
2388 2414 2540 2479 πολλῷ
2559 2415 2644 2462 τῶν
2668 2411 2812 2478 ἄλλων
2881 2421 2906 2461 ,Γ
2927 2412 2946 2480 3'

1618 2484 1800 2550 θρώπων
1824 2487 2067 2548 διενεγκεῖν,
2098 2485 2174 2541 καὶ
2204 2485 2401 2551 καθαρὰν
2427 2489 2611 2544 ποιῆσαι
2633 2488 2720 2534 τῶν
2751 2489 2894 2552 θηρ]
2938 2494 2949 2537 ἰ

1619 2563 1699 2622 γῆν
1717 2578 1764 2606 τε
1788 2558 1864 2606 καὶ
1884 2560 2120 2608 θάλατταν.
2166 2558 2240 2623 (25)
2268 2558 2542 2623 Γαμήσαντα
2564 2557 2616 2607 ,δὲ
2631 2558 2828 2615 πλείους.
2855 2585 2890 2607 ι,
2943 2559 2950 2585 ”

1726 2681 1732 2687 .
2933 2655 2947 2688 ι

1618 2710 1641 2739 e
1665 2699 1983 2750 campestrihus
1973 2711 2015 2740 ιιι
2033 2701 2225 2740 montana
2255 2700 2393 2751 copias
2414 2699 2576 2740 duxit.
2609 2698 2680 2740 ubi
2708 2697 2794 2740 l'ri'
2766 2714 2811 2746 μ·
2824 2697 2853 2732 ἰ
2926 2724 2929 2726 -

1611 2774 1724 2803 aurae
1750 2764 1891 2805 afflatu
1909 2767 1950 2804 et
1964 2763 2146 2817 purioris
2163 2775 2301 2814 aquae,
2325 2763 2376 2803 ad
2401 2764 2507 2814 ipsas
2529 2763 2698 2803 fontium
2716 2760 2925 2818 scatebra&

1612 2830 1886 2877 promanantis
1903 2855 1915 2874 ,
1951 2828 2096 2868 haustu
2129 2827 2324 2876 recreati,
2354 2827 2496 2867 morbo
2518 2826 2748 2867 liberantur.
2767 2827 2922 2873 Loem

1610 2891 1678 2931 ille
1690 2893 1927 2932 montanus
1914 2922 1926 2942 ‚
1943 2903 2026 2942 quo
2041 2892 2194 2942 pestem
2210 2901 2235 2930 a
2247 2891 2370 2942 copiis
2383 2891 2466 2930 suis
2479 2889 2645 2940 depulit,
2663 2892 2798 2931 Marus
2811 2888 2914 2939 (hoc

1613 2957 1704 2996 est:
1723 2958 1899 2998 Femur.
1917 2959 2074 2997 Nomen
2093 2955 2288 2996 Indicum
2303 2957 2459 2994 montis
2474 2965 2488 2993 .·
2507 2953 2656 3004 meru)
2677 2953 2911 3004 appellatur.

1610 3019 1714 3060 Hinc
1730 3019 1851 3071 igitur
1866 3020 1996 3062 Graeci
2009 3019 2237 3060 Bacchum
2226 3030 2267 3059 ιιι
2280 3019 2431 3059 femore
2445 3017 2641 3058 nutritum
2657 3017 2824 3068 posteris
2835 3018 2922 3057 tra·

1614 3084 1726 3124 didei
1728 3086 1815 3124 unt
1839 3083 1922 3135 (22)
1947 3087 1985 3124 Is
2005 3083 2224 3134 posthaec,
2248 3083 2390 3132 aiunt,
2409 3081 2604 3122 fructibus
2620 3080 2923 3141 comportandis

1610 3145 1814 3197 diligenter
1826 3146 2060 3187 incumbens
2068 3156 2162 3186 cum
2171 3144 2276 3185 ludis
2284 3155 2352 3185 eos
2363 3143 2694 3184 communicavit.
2705 3143 2923 3198 inventu„

1611 3211 1730 3251 etiam
1746 3212 1828 3252 vini
1843 3211 2096 3262 aliorumque
2111 3210 2206 3250 vitae
2222 3209 2533 3250 conducentium
2555 3219 2674 3249 usum
2693 3207 2772 3249 illis
2786 3207 2910 3262 (νύξ’

1611 3274 1687 3316 dit.
1726 3276 1855 3316 Urbes
1881 3286 2042 3327 quoque
2079 3273 2306 3325 magnificas
2339 3272 2562 3323 exstruxit,
2589 3271 2698 3324 pagis
2725 3271 2778 3312 ad
2808 3267 2910 3330 siffis

1611 3340 1901 3382 commodiores
1933 3338 2140 3384 traductis.
2177 3340 2282 3378 Tum
2319 3336 2497 3377 numinis
2523 3335 2680 3377 colendi
2715 3336 2908 3394 rationaii

1613 3406 1868 3455 monstravit,
1904 3406 2086 3456 legesque
2112 3415 2160 3444 ac
2186 3403 2337 3454 judicia
2366 3402 2550 3443 instituit.
2579 3401 2757 3443 Tandem
2781 3409 2868 3469 σῃ

1612 3470 1740 3510 multa
1770 3469 1890 3511 indos
1919 3469 2111 3521 praeclara
2135 3467 2380 3516 edocuisset,
2410 3467 2514 3506 inter
2543 3465 2638 3506 deos
2666 3477 2702 3506 r·
2743 3482 2821 3500 ἰἰ
2848 3481 2852 3495 ι
2873 3497 2875 3499 ,

1613 3534 1862 3574 immortales
1891 3532 2067 3574 obtinuit
2097 3531 2281 3572 bonores.
2355 3530 2437 3582 (23)
2468 3530 2725 3573 Feminarum
2746 3539 2832 3581 qut
2838 3542 2903 3625 ι,

1608 3609 1756 3649 agmen
1785 3598 1826 3638 in
1859 3598 2040 3638 exercitu
2079 3587 2415 3645 circumduxisse,
2449 3596 2490 3635 et
2522 3593 2563 3634 iu
2595 3593 2682 3634 acie
2714 3594 2848 3645 tyni·
2842 3612 2899 3664 3

1618 3663 1911 3714 cymbalisque,
1939 3662 2039 3703 tuba
2060 3660 2239 3701 nondum
2258 3660 2446 3711 inventa,
2471 3670 2587 3700 usum
2603 3643 2891 3718 memorant,

1613 3728 1825 3778 postquam
1841 3726 1964 3767 indiae
1978 3725 2103 3766 totius
2117 3735 2281 3775 regnum
2299 3735 2370 3775 per
2385 3711 2672 3775 quinquaginta
2687 3721 2768 3762 duo
2795 3738 2798 3755 -·
2822 3734 2836 3755 ι·
2850 3738 2853 3744 ’

1612 3791 1824 3841 tenuisset,
1847 3783 2026 3831 extrema
2046 3789 2204 3829 senecta
2236 3787 2470 3836 decessisse,
2494 3786 2586 3827 filiis
2614 3785 2724 3836 regni
2741 3796 2781 3825 a·
2805 3809 2821 3819 ιἸ
2826 3758 2889 3818 *f

1613 3853 1805 3894 stratione
1819 3853 1955 3894 relicta
1969 3882 1982 3904 ,
1998 3852 2068 3903 qui
2086 3851 2170 3892 suis
2180 3850 2364 3901 deinceps
2382 3849 2549 3901 posteris
2563 3859 2652 3890 eam
2667 3859 2740 3901 per
2751 3859 2821 3890 su

1614 3918 1766 3959 sionem
1795 3917 2069 3967 tradiderunt,
2103 3915 2232 3956 donec
2263 3915 2401 3955 multis
2433 3915 2523 3966 post
2552 3913 2695 3954 seculis
2722 3913 2773 3955 ab
2803 3930 2844 3947 ··>

1612 3983 1809 4033 potestate
1827 3981 1955 4032 regia,
1976 3980 2165 4032 populare
2179 3978 2361 4031 civitates
2374 3978 2548 4029 regimen
2563 3977 2783 4020 instituere.-
2835 4005 2838 4008 -

1667 4048 1846 4086 XXXIX.
1865 4047 1928 4085 24.
1949 4046 2044 4085 Haec
2054 4043 2105 4083 de
2124 4042 2280 4083 Baccho
2296 4041 2460 4098 ejusque
2475 4040 2658 4092 progenie
2671 4050 2695 4079 a
2710 4049 2805 4097 mon
2832 4054 2836 4073 ι

1618 4108 1739 4149 indiae
1764 4107 2056 4149 habitatoribus
2070 4106 2313 4146 referuntur.
2331 4103 2555 4154 Adliciunt,
2573 4103 2788 4144 Herculem
2805 4112 2832 4152 q
2851 4101 2853 4106 '

1617 4183 1697 4223 que
1724 4172 1829 4223 apud
1852 4182 1895 4213 se
1922 4171 2066 4220 luisse,
2085 4172 2151 4219 et,
2183 4167 2386 4221 quomodo
2407 4167 2564 4217 Graeci,
2588 4166 2702 4206 clava
2730 4165 2831 4206 leon'

1620 4250 1700 4289 que
1736 4238 1848 4278 illum
1879 4237 2098 4278 instruunt.
2128 4239 2185 4275 Ac
2218 4233 2360 4274 robore
2390 4231 2565 4283 corporis
2598 4227 2857 4294 tortitudin·

2463 4298 2484 4325 0
2831 4298 2838 4304 .
