3016 4628
195 358 250 394 ω
314 301 333 313 ’
1090 322 1583 378 DlONYSODORUS.
1621 314 1871 369 ANAxis

258 449 429 495 Similia
458 448 653 493 ''l‘imaeus
692 445 954 490 declamitat
984 457 1059 501 ap.
1098 442 1216 486 Plut.
1259 441 1287 483 1.
1332 441 1360 484 l.
1382 472 1394 493 ,
1429 445 1471 481 et

1610 426 1857 490 Τιμωνίδης
1885 419 2180 468 scribendum
2203 424 2358 460 censet
2379 412 2758 459 Westermannus
2776 405 2837 456 ad

193 528 370 570 Tzetzes
400 521 513 569 illst.
532 521 596 575 X,
619 534 684 563 vs.
714 516 807 561 830
827 532 926 575 sqq.
965 515 1034 559 Cf.
1062 515 1198 558 etiam
1219 512 1373 556 Timaei
1399 525 1472 554 se-
1546 507 1672 550 voss.
1708 499 1823 544 Hist.
1851 497 1931 542 Gr.
1962 508 2069 553 pag.
2101 491 2186 535 IX·
2205 485 2410 551 (Σῖληνθς
2434 485 2584 528 voluit
2603 483 2841 557 Dorvill.)

194 606 414 641 ctatorem
435 592 698 639 Diodorum
718 587 851 644 XVI,
883 587 962 642 16,
992 585 1036 633 3.

791 673 876 736 (3.)

262 769 417 814 Schol.
440 766 674 811 Theocrit.
695 765 747 822 1,
773 760 832 806 63
859 778 868 805 :
900 757 1143 819 Σιμωνίδης
1168 754 1210 801 δὲ
1236 755 1278 799 ἐν
1301 755 1361 815 τῷ
1378 750 1475 814 περὶ

200 837 401 891 Σικελίας
425 836 583 892 Αἴτνην
598 834 703 899 φησὶ
726 833 865 897 κρῖναι
885 828 1127 895 ’Ἥφαιστον
1146 826 1220 874 καὶ
1238 825 1473 889 Δήμητραν

201 909 299 975 περὶ
319 912 395 967 τῆς
415 906 560 973 χώρας
584 905 821 970 ἐρίσαντας.

1546 577 1607 619 At
1632 573 1774 616 dubia
1797 583 1892 622 res,
1920 579 2065 624 quum
2088 567 2415 620 argumentum
2434 555 2681 616 fragmenti
2708 557 2755 600 e't
2777 555 2841 598 ti·-

1548 645 1669 688 tulus
1701 640 1809 685 libri
1843 637 1962 681 male
2002 633 2283 677 conveniant
2326 629 2536 689 epistolis
2563 625 2839 672 'I'i1nonidis.

1548 718 1754 760 Fortasse
1775 707 2077 769 cogitandum
2101 704 2160 748 de
2193 701 2446 748 Simonidis
2462 709 2614 763 p'oetae
2639 699 2845 744 carmine

1547 787 1708 832 Siciliae
1729 782 1888 828 laudes
1906 778 2184 824 celebrante.

822 1051 865 1090 3.

257 1122 474 1164 Simonides
496 1122 544 1160 de
570 1120 698 1162 Sicilia
729 1120 892 1168 loquens
924 1118 1080 1156 AEtnam
1106 1112 1280 1162 judicem
1311 1108 1479 1157 sedisse,

1554 1047 1680 1086 quum
1696 1034 1899 1074 Vulcanus
1913 1033 1954 1072 et
1977 1033 2099 1071 Ceres
2113 1028 2164 1069 de
2178 1029 2297 1068 terrae
2318 1024 2437 1076 hujus
2452 1023 2698 1077 poaeaesione
2714 1021 2848 1075 litiga·
2916 1066 2920 1067 ⁷

1553 1110 1655 1147 rent.

345 1517 1465 1638 DloNYsoDoRUS.
1538 1516 2096 1622 ANAXIS.
2170 1483 2713 1624 ZOILUS.

282 1766 1134 1856 GEPHlSODORUS.
1223 1667 1957 1847 DEMDPHILUS.
2055 1755 2782 1840 THEOCRITUS.

221 2219 225 2242 ι
285 2161 769 2242 DIoNYSODORUS
802 2188 880 2235 ET
914 2185 1145 2235 ANAxls
1180 2183 1418 2232 BOEOTI.

284 2323 522 2369 Diodorus
538 2323 640 2377 XV,
667 2319 753 2381 95,
775 2318 800 2365 5
828 2317 912 2378 (ad
935 2333 1105 2363 annum
1120 2316 1400 2375 Nicophemi
1429 2329 1496 2358 ar-

221 2391 421 2450 chontis,
444 2395 517 2439 Ol.
543 2397 649 2447 104,
673 2397 718 2445 4.
753 2407 794 2435 a.
818 2391 867 2436 C.
895 2389 1004 2445 360,
1030 2390 1111 2447 qui
1125 2389 1341 2448 proxime
1366 2395 1498 2431 ante-
1524 2406 1525 2409 ¹

222 2467 342 2511 cedit
370 2481 538 2511 annum
554 2499 566 2520 ‚
593 2479 686 2523 quo
707 2458 947 2522 Philippus
966 2463 1163 2521 imperio
1184 2461 1457 2522 potitusest)
1483 2475 1494 2503 ε

223 2539 322 2585 Τῶν
344 2535 387 2583 δὲ
407 2536 680 2598 συγγραφέων
701 2533 1092 2596 Διονυσόδωρος
1119 2531 1209 2578 καὶ
1228 2529 1432 2585 Ἄναξις
1452 2532 1498 2577 οἱ

226 2606 445 2656 Βοιωτοὶ
477 2606 554 2663 τὴν
583 2608 667 2652 τῶν
703 2602 1025 2662 Ἑλληνικῶν
1049 2597 1237 2668 ἱστορίαν
1273 2603 1331 2656 εἷς
1352 2602 1498 2649 τοῦτον

224 2680 294 2726 τὸν
324 2677 509 2726 ἐνιαυτὸν
529 2677 840 2743 κατεστράφασι
862 2675 937 2730 τὰς
961 2674 1190 2730 συντάξεις.

293 2749 626 2814 Διονυσόδωρος]
641 2753 703 2795 sic
718 2754 773 2796 L.
791 2751 1006 2796 Dindors.
1027 2766 1115 2810 pro
1132 2751 1259 2810 vulg.
1280 2744 1504 2796 Διονυσιό-

230 2825 375 2887 δωρος.
399 2825 463 2869 Cs.
491 2824 546 2869 G.
564 2823 778 2867 Dindorf.
803 2824 852 2866 in
871 2821 1027 2882 Steph.
1055 2824 1187 2868 Thes.
1211 2838 1255 2868 V.
1281 2818 1501 2868 Διονυσόδ.

230 2923 295 2932 —
321 2917 339 2935 α
372 2898 479 2940 Post
504 2892 691 2957 ἱστορίαν
712 2896 871 2954 supple
891 2893 1226 2958 ἀναγράψαντες.
1257 2914 1278 2935 »
1306 2892 1505 2946 Βῌοοο-

234 2982 444 3024 κακῶς
474 2987 490 3005 κ
518 2968 602 3010 nisi
621 2968 801 3013 minore
822 2968 1058 3012 molimine
1071 2969 1283 3012 malueris
1297 2969 1410 3022 τῆς..
1434 2967 1507 3011 ἳσ-

231 3038 373 3103 τορίας
391 3056 432 3086 κ.
453 3056 495 3084 τ.
512 3055 555 3084 σ.
583 3059 601 3078 »
620 3035 908 3084 WssssEmNo.
928 3041 1011 3084 τῶν
1031 3037 1296 3096 Ἑλληνικῶν
1309 3040 1507 3102 ἱστοριῶν

234 3128 324 3172 pro
337 3108 413 3165 τὴν
430 3111 513 3158 τῶν
534 3107 603 3156 Ὲ.
625 3110 760 3171 ἱστορ.
789 3109 968 3155 Rmsm.
994 3112 1263 3157 Dindorfius
1277 3113 1511 3172 vulgatam

236 3184 452 3241 retinuit,
478 3197 620 3240 quum
637 3183 842 3226 similiter
859 3184 939 3227 lib.
957 3185 1083 3239 XIV,
1115 3199 1252 3241 107,7
1273 3185 1382 3228 libri
1397 3199 1512 3243 proe·

238 3257 376 3300 beant
408 3270 418 3298 t
449 3251 736 3308 Καλλισθένης
761 3251 839 3309 τὴν
862 3256 944 3299 τῶν
968 3252 1231 3311 Ἑλληνικῶν
1257 3253 1508 3309 σύνταξιν...

238 3324 315 3381 τὴν
338 3323 525 3387 ἱστορίαν
546 3316 701 3386 ἦρκται
724 3325 915 3388 γράφειν.
939 3329 1213 3386 Quanquam
1237 3330 1301 3373 sic
1325 3328 1513 3373 Diodo-

241 3414 342 3443 rum
363 3398 567 3448 locutum
583 3411 674 3440 esse
695 3398 969 3456 persuadere
991 3400 1103 3443 mihi
1125 3416 1222 3444 non
1242 3402 1392 3459 potui.

307 3473 375 3514 Dc
400 3470 490 3513 vita
519 3469 831 3527 Dionysodori
855 3472 968 3514 nihil
996 3481 1186 3517 constat.
1212 3474 1384 3518 Vixisse
1411 3488 1518 3517 eum

243 3540 445 3601 Philippi
461 3549 505 3585 et
518 3541 765 3584 Alexandri
781 3544 1063 3602 temporibus
1074 3559 1128 3588 ex
1145 3546 1360 3601 termino,
1381 3560 1518 3604 quem

243 3614 443 3659 historiis
473 3613 562 3656 suis
585 3613 761 3671 posuit,
790 3614 982 3671 conjeci.
1018 3619 1082 3660 Ac
1106 3618 1259 3661 nescio
1285 3632 1343 3662 an
1365 3627 1522 3662 noster

245 3687 301 3730 sit
320 3700 456 3744 quem
482 3699 625 3728 unum
656 3684 840 3729 aliunde
872 3688 979 3730 novi
1004 3687 1378 3747 Dionysodorum
1396 3689 1523 3734 The-

246 3757 435 3801 banum.
463 3757 506 3799 Is
536 3755 644 3798 olim
680 3756 799 3799 ludis
831 3758 1079 3817 Olympicis
1101 3759 1256 3820 <sicuti
1278 3760 1417 3806 Duris
1438 3763 1524 3807 Sa-

247 3832 386 3890 mius)
403 3833 642 3876 victoriam
657 3843 994 3892 reportaverat3
1012 3846 1168 3895 postea
1182 3853 1323 3896 quum
1335 3840 1527 3884 Alexan-

249 3906 334 3949 der
348 3904 442 3962 jam
475 3905 521 3948 in
555 3906 707 3949 Asiam
739 3905 1000 3963 trajecerat,
1023 3922 1114 3951 una
1138 3923 1242 3952 cum
1268 3911 1525 3968 Iphicrate,

250 3976 380 4019 ducis
398 3976 684 4020 celeberrimi
703 3976 816 4032 filio,
834 3978 1105 4037 legationem
1118 3994 1205 4037 pro
1227 3982 1401 4026 civibus
1414 3983 1531 4028 obiit

251 4046 309 4090 ad
334 4048 521 4091 Darium
546 4047 914 4092 Codomannum.
937 4050 1040 4106 Quo
1073 4049 1130 4093 ad
1154 4051 1295 4095 Issum
1321 4053 1528 4110 devicto,

252 4118 601 4177 Dionysodorus
630 4120 835 4179 captivus
858 4118 916 4163 ad
945 4121 1257 4166 Alexandrum
1281 4124 1529 4182 adductus,

253 4204 411 4233 verum
435 4191 675 4234 incolumis
698 4207 724 4236 a
742 4206 848 4250 rege
864 4193 1212 4250 generosissimo
1230 4195 1437 4241 dimissus
1453 4207 1530 4242 est.

257 4261 411 4305 Refert
432 4262 525 4305 lianc
550 4264 766 4308 Arrianus
789 4265 905 4322 Exp.
931 4266 997 4320 11,
1033 4264 1111 4320 15,
1145 4264 1187 4309 5.

1630 2180 1962 2241 Fragmentum
1974 2213 1987 2236 ‚
2007 2174 2138 2238 quod
2154 2187 2284 2223 certo
2294 2174 2477 2236 ,judicio
2497 2170 2737 2220 vindicare
2752 2187 2862 2236 pos-

1566 2255 1651 2299 sim
1672 2253 2010 2299 Dmmcsonono
2025 2285 2037 2307 ,
2051 2267 2150 2295 non
2163 2250 2336 2294 habeo.
2362 2249 2524 2295 Varios
2546 2246 2643 2305 ejus
2663 2248 2870 2292 nominis

1568 2327 1840 2386 scriptoreS,
1864 2324 1924 2369 ad
1939 2339 2026 2368 nos
2045 2324 2162 2367 nihil
2184 2323 2495 2382 pertinentes,
2515 2320 2625 2364 vide
2647 2335 2724 2379 ap.
2741 2320 2871 2364 viros

1571 2399 1736 2444 doctos
1761 2397 1822 2442 ad
1841 2395 2034 2442 Suidam
2057 2411 2093 2440 s.
2116 2396 2166 2439 h.
2193 2411 2239 2439 v.
2264 2411 2312 2454 p.
2340 2392 2460 2453 1398
2484 2392 2561 2438 ed.
2579 2391 2870 2452 Bernhardy.

1571 2471 1647 2517 Ad
1664 2473 1879 2515 Boeotum
1896 2469 2087 2513 fortasse
2099 2467 2271 2512 referas
2283 2467 2441 2512 Schol.
2463 2465 2617 2525 Apoll.
2635 2463 2796 2510 Rhod.
2813 2465 2837 2509 Ι
2852 2496 2869 2521 ,

1574 2556 1687 2603 917,
1711 2543 1795 2586 ubi
1816 2542 1965 2586 tribus
1988 2541 2166 2586 Cabiris
2189 2540 2248 2584 ab
2269 2540 2368 2584 aliis
2384 2538 2497 2583 addi
2515 2537 2631 2582 dicit
2648 2547 2868 2597 quartum

1574 2616 1834 2662 Cadmilum
1854 2613 1969 2675 (sive
1987 2614 2230 2659 Casmilum
2242 2611 2258 2674 )
2271 2647 2284 2668 ‚
2303 2609 2346 2664 ὃς
2363 2609 2533 2674 Ἑρμῆς
2550 2610 2682 2667 ἐστιν,
2704 2610 2762 2662 ὡς
2779 2610 2866 2656 Δια

1574 2685 1810 2749 νυσόδωρος
1829 2686 1897 2746 (v.
1914 2686 2036 2730 Lob.
2057 2684 2291 2746 Aglaoph.
2310 2700 2359 2743 p.
2386 2698 2503 2728 1221
2515 2717 2527 2737 ,
2545 2682 2730 2727 Miiller.
2747 2682 2869 2727 Min.

1575 2777 1625 2821 p.
1655 2756 1790 2820 455);
1822 2758 1905 2804 sed
1937 2758 2230 2818 probabilius
2263 2755 2451 2811 haecssad
2487 2758 2549 2800 D.
2581 2755 2876 2799 Troezenium

1580 2833 1932 2894 grammaticum
1943 2830 2153 2875 referunt
2165 2829 2375 2875 Lobeck.
2389 2829 2422 2872 l.
2435 2829 2464 2874 l.
2477 2837 2522 2872 et
2535 2826 2876 2873 Schneidewin.

1578 2905 1759 2950 Praefat.
1783 2904 1844 2949 ad
1863 2906 2061 2948 Paroem.
2094 2919 2143 2962 p.
2170 2903 2285 2956 VII,
2309 2901 2392 2959 qui
2423 2900 2576 2944 eidem
2596 2908 2766 2959 praeter
2788 2899 2878 2943 alia

1581 2979 1720 3022 etiam
1741 2977 2067 3021 collectionem
2090 2974 2392 3034 epistolarum
2413 2971 2651 3016 Ptolemaei
2667 2971 2785 3030 Lagi
2803 2984 2880 3014 as—

1581 3051 1730 3110 signat
1757 3047 1980 3109 (Lucian.
2009 3049 2102 3092 Pro
2123 3048 2255 3106 lapsu
2275 3046 2397 3088 inter
2415 3044 2515 3088 salt.
2540 3059 2582 3087 c.
2611 3058 2687 3099 10,
2707 3058 2759 3103 p.
2785 3042 2879 3088 206
2926 3072 2938 3084 .

1581 3119 1872 3182 Didot.).His
1883 3119 2148 3165 addiderim
2160 3116 2482 3175 schol.Eurip.
2500 3113 2742 3174 Hippolyt.
2760 3128 2880 3159 122:

1586 3191 1698 3258 Περὶ
1715 3191 1793 3250 τὴν
1814 3188 2071 3256 Τροιζηνίαν
2095 3187 2157 3243 τίς
2177 3190 2268 3236 ἐστι
2288 3185 2426 3252 πέτρα
2440 3222 2454 3244 ,
2477 3184 2519 3240 ἐξ
2543 3178 2594 3243 ἧς
2616 3185 2666 3232 τὸ
2690 3202 2886 3252 καταιρε-

1589 3264 1765 3331 ρόμενον
1789 3263 1904 3328 ὕδωρ
1937 3262 2094 3328 βάπτει
2113 3259 2190 3315 τὰς
2217 3258 2384 3324 ὑδρίας,
2416 3260 2474 3312 ὥς
2498 3256 2815 3323 Διονυσόδωρος
2837 3258 2882 3304 ἐν

1588 3333 1649 3393 τῷ
1671 3329 1803 3395 Περὶ
1825 3331 2076 3391 ποταμῶν
2093 3327 2228 3390 λέγει.
2252 3329 2377 3373 Num
2396 3326 2521 3371 idem
2546 3327 2604 3370 sit
2623 3325 2890 3370 Troezenius

1590 3421 1697 3450 cum
1724 3419 1808 3461 e0,
1841 3419 1983 3463 quem
2005 3401 2198 3446 laudant
2219 3400 2362 3460 Diog.
2385 3399 2441 3446 L.
2476 3399 2548 3455 ΙΙ,
2580 3401 2640 3451 42
2671 3405 2720 3442 et
2735 3396 2884 3442 schol.

1590 3479 1735 3523 Hom.
1754 3477 1811 3521 11.
1831 3477 1950 3532 11,-1
1965 3491 1983 3519 1
1997 3489 2039 3530 1,
2063 3482 2116 3518 tu
2135 3472 2310 3517 videas.
2837 3510 2841 3515 ,

1655 3549 1813 3594 Nihilo
1862 3547 2022 3592 notior
2065 3553 2132 3590 est
2185 3546 2385 3589 Anaxi-r.
2425 3543 2640 3588 Fortasse
2687 3538 2891 3585 eundem

1594 3624 1888 3674 Anaxilaum
1908 3619 2022 3664 dicit
2032 3607 2281 3678 Dionysius
2293 3614 2352 3660 H.
2368 3614 2530 3673 Antiq.
2548 3614 2610 3659 R.
2630 3613 2673 3670 Ι,
2696 3627 2724 3657 2
2743 3625 2756 3660 ε
2773 3607 2893 3659 Οὔτε

1597 3690 1802 3745 διαὸολὰς
1831 3693 1928 3738 καθ’
1954 3687 2110 3754 ἑτέρων
2135 3684 2330 3750 ἐγνωκὼς
2346 3687 2563 3733 ποιεῖσθαι
2593 3680 2892 3750 συγγραφέων,

1597 3763 1744 3829 ὥσπερ
1764 3762 2008 3818 Ἀναξίλαος
2027 3761 2102 3809 καὶ
2114 3759 2378 3822 Θεόπομπος
2392 3758 2434 3805 ἓν
2452 3759 2538 3811 τοῖς
2554 3753 2793 3820 προοιμίοις
2807 3755 2894 3802 τῶν

1597 3839 1797 3903 ἱστοριῶν
1811 3834 2034 3894 ἐποίησαν.
2051 3832 2139 3882 Sed
2155 3834 2315 3879 malim
2328 3832 2526 3892 intelligi
2540 3831 2894 3884 Anaximenem‚

1598 3912 1753 3955 virum
1771 3912 1840 3955 uti
1863 3917 2042 3955 constat
2062 3905 2564 3952 maledicentissimum.
2586 3903 2626 3950 Α
2639 3903 2679 3948 Α
2696 3911 2743 3947 et
2765 3901 2814 3948 M
2838 3901 2897 3945 li-

1603 3991 1710 4027 terae
1734 3983 1951 4027 facillime
1973 3978 2343 4026 confunduntur.
2372 3978 2589 4023 Ceterum
2619 3974 2897 4025 Anaxilamn

1604 4054 1762 4100 laudat
1781 4055 1919 4099 etiam
1941 4055 2142 4114 Diogen.
2163 4052 2219 4098 L.
2244 4051 2295 4106 1,
2334 4065 2421 4107 107
2448 4045 2714 4110 (Ἀναξίλαος
2737 4045 2774 4092 δ’
2798 4043 2899 4109 Ἀρ-

1605 4123 1717 4171 κάδα
1739 4142 1804 4171 sc.
1838 4124 2078 4185 Mysonem
2100 4124 2353 4184 sapientem
2375 4136 2470 4167 esse
2493 4121 2608 4166 dicit
2631 4123 2688 4167 V.
2709 4116 2896 4165 Miiller.

1606 4199 1718 4243 Dor.
1739 4198 1785 4243 11
1799 4233 1810 4255 ,
1828 4213 1878 4258 p.
1902 4195 2165 4258 ²9)·H¹1110
2189 4194 2392 4241 eundem
2416 4209 2524 4239 cum
2539 4192 2766 4239 Anaxilao
2777 4190 2901 4236 Dio-

1608 4271 1724 4330 nysii
1744 4286 1837 4316 esse
1860 4271 2036 4330 placuit
2068 4269 2231 4316 Vossio
2262 4282 2315 4327 p.
2346 4265 2458 4322 484.
2491 4265 2769 4311 Anaxilaum
2801 4277 2900 4317 me·

2991 2557 3016 2595 ,ἰ

2988 2606 3016 2638 ¹.

2985 2647 3016 2693 ³]

2999 2776 3016 2812 ’Ξ

2975 2813 3016 2843 >5

3009 2848 3016 2866 Ξ

3009 2867 3016 2894 ἒ

3008 2909 3016 2936 i

3007 2994 3016 3024 Ξ

3007 3041 3016 3121 Ξ

2982 3164 3012 3184 -ἶ,
