3016 4628
278 317 366 357 ‘262

272 418 401 471 αὐτῆς
426 416 589 477 ἀναιρεῖ
602 415 651 474 τῇ
665 414 778 475 ὀσμῗΙ
795 431 806 442 ·
833 413 886 476 (4)
910 412 1110 471 τοιαύτην
1134 410 1210 470 τὴν
1229 411 1406 475 δύναμιν
1427 412 1536 478 ἔχει,

272 494 357 537 τοῖς
387 489 424 532 δ’
455 484 689 549 ἀνθρώποις
724 488 844 544 ἡδεῖα
870 485 1202 551 καταφαίνεται·
1228 490 1279 550 τῇ
1306 491 1379 533 τοῦ
1405 486 1539 548 θύμου

269 559 352 623 γάρ
386 561 498 605 ἐστιν
523 560 741 611 ἀνθοῦντος
777 560 888 624 ὀσμῇ
920 558 1229 621 παραπλησία,
1266 557 1360 611 τοὺς
1393 558 1435 604 δὲ
1466 559 1540 613 δη-

270 630 444 693 χθέντας
479 629 546 694 ὑφ’
575 632 777 676 οὗποτοῧν
802 630 934 696 ὄφεως
965 633 1006 677 ἐν
1031 628 1128 694 οἴνῳ
1165 631 1331 677 δοθεῖσα
1363 629 1536 692 ὑγιάζει.

274 700 322 762 (⁵)
363 700 531 749 Φύεται
555 700 591 746 δ’
620 702 662 747 ἐν
690 703 749 765 τῷ
787 701 874 766 ὄρει
908 700 982 748 καὶ
1014 702 1175 764 καρπὸς
1199 701 1412 763 ἀκάνθης,
1448 704 1540 753 ταῖς

276 775 448 824 λευκαῖς
482 773 783 829 παραπλήσιος
822 773 1018 837 μύρτοις·
1060 773 1105 819 ὃν
1145 772 1244 818 ὅταν
1289 792 1349 826 τις
1387 772 1540 837 τρίψας

270 843 402 907 ἐλαίῳ
436 843 696 907 καταχρίσαι
734 845 783 891 τὸ
817 847 965 905 σῶμα,
999 849 1071 890 τοῦ
1107 843 1311 905 μεγίστου
1335 846 1542 906 χειμῶνος

272 919 320 964 οὐ
345 918 557 978 λαμὸάνει
576 916 652 974 τὴν
673 918 923 975 ἐπαίσθησιν
944 917 971 974 ἢ
996 917 1107 963 πάνυ
1129 922 1334 981 βραχεῖαν
1349 936 1359 946 ·
1381 916 1474 963 οὐδὲ
1493 918 1536 962 ἐν

271 991 331 1053 τῷ
351 988 460 1053 θέρει
483 994 557 1035 τοῦ
581 988 796 1050 καύματος
828 991 842 1051 (
864 988 1095 1041 κωλύοντος
1128 994 1199 1035 τοῦ
1233 989 1462 1052 φαρμάκου
1486 991 1538 1051 τῇ

273 1064 403 1107 αὐτοῦ
427 1060 669 1125 πυκνώσει)
691 1059 760 1107 τὸν
787 1060 935 1115 ἔξωθεν
957 1059 1062 1123 ἀέρα
1083 1061 1345 1120 καταμάθοις
1371 1061 1540 1106 διϊκνεῒ-

273 1137 370 1179 σθαι
401 1137 476 1179 τοῦ
512 1132 726 1194 σώματος.
803 1134 854 1195 (ο)
890 1131 1074 1184 Σπάνιος
1113 1132 1147 1178 δ’
1187 1132 1298 1178 ἐστὶν
1324 1134 1346 1177 ὃ
1379 1130 1538 1195 καρπὸς

271 1198 388 1257 οἶτος
411 1205 483 1251 καὶ
506 1207 548 1250 ἐν
570 1203 751 1267 φάραγξι
785 1204 856 1249 καὶ
888 1206 929 1249 ἐν
952 1203 1094 1256 τόποις
1116 1203 1319 1268 φυόμενος
1339 1203 1535 1268 ἀποκρή-

272 1296 413 1338 μνοις,
429 1276 538 1323 ὥστε
561 1278 681 1338 μόλις
698 1275 774 1336 μὲν
794 1276 944 1339 εὑρεῖν,
966 1274 1015 1321 ἂν
1040 1275 1075 1321 δ’
1101 1275 1199 1338 εὕρῃ
1221 1294 1304 1337 τις,
1328 1274 1388 1337 μὴ
1413 1278 1535 1339 εὐχε-

272 1345 351 1411 ρῶς
374 1348 575 1394 δύνασθαι
598 1346 761 1403 λαὸεῑν,
782 1346 831 1392 ἂν
853 1345 890 1392 δ’
905 1348 1098 1410 ἐπιχειρῇ
1119 1345 1373 1408 λαμὸοίνειν,
1394 1345 1533 1393 κινδύ-

271 1418 404 1464 νεύειν
431 1418 515 1464 ἀπὸ
538 1422 620 1464 τῶν
653 1421 818 1480 πετρῶν
842 1416 1534 1481 κατακυλισθέντα«διαφθαρῆναι.

272 1490 403 1536 Μένει
420 1490 455 1536 δ’
475 1494 501 1546 ἡ
526 1489 700 1550 δύναμις
724 1488 799 1542 ἕως
822 1490 1030 1546 ἐνιαυτοῦ,
1053 1491 1322 1552 χρονισθεῖσα
1343 1487 1379 1534 δ’
1397 1486 1536 1535 ἀπόλ-

271 1563 367 1607 λυσι
388 1561 465 1618 τὴν
485 1565 635 1619 ἑαυτῆς
658 1560 883 1625 ἐνέργειαν.

334 1636 369 1680 ⁶5.
396 1633 590 1695 Ποταμοὶ
607 1634 650 1680 δὲ
669 1632 736 1679 διὰ
755 1638 826 1680 τοῦ
839 1632 958 1696 ὄρους
976 1631 1113 1696 ῥέουσι
1127 1630 1228 1690 δύο,
1253 1631 1533 1696 Κραυσίνδων

268 1721 313 1749 τε
339 1704 595 1764 καλούμενος
617 1704 689 1750 καὶ
718 1703 919 1768 Βρύχων·
953 1706 975 1750 ὁ
1005 1702 1082 1764 μὲν
1108 1702 1205 1756 τοὺς
1234 1702 1317 1749 ὑπὸ
1339 1705 1432 1756 ταῖς
1458 1707 1532 1749 τοῦ

271 1775 435 1831 Πηλίου
460 1776 483 1797 ⁴
503 1776 837 1838 γεωργουμένους
857 1775 1042 1839 ἀρδεύων
1061 1773 1233 1840 ἀγρούς·
1255 1778 1277 1821 ὃ
1295 1775 1338 1821 δὲ
1363 1794 1533 1839 παραρ-

270 1846 372 1909 ρέων
410 1845 484 1907 μὲν
518 1847 565 1893 τὸ
592 1851 667 1903 τῆς
707 1846 900 1904 [Ιηλαίας
938 1847 1092 1905 ἄλσος,
1134 1846 1358 1894 ἐκὸάλλων
1393 1847 1437 1895 δὲ
1477 1849 1535 1902 εἷς

268 1919 499 1965 θάλασσαν.
570 1920 622 1981 (s)
650 1918 750 1966 Ἐπ’
775 1919 909 1983 ἄκρας
931 1919 974 1965 δὲ
1000 1923 1073 1976 τῆς
1097 1923 1171 1966 τοῦ
1195 1918 1317 1984 ὅρους
1347 1924 1534 1986 κορυφῆς

268 1988 477 2046 σπήλαιόν
514 1991 603 2036 ἐστι
645 1990 693 2036 τὸ
730 1990 988 2053 καλούμενον
1027 1990 1277 2057 Χειρώνιον,
1320 1990 1394 2038 καὶ
1435 1991 1536 2046 Διὸς

267 2060 443 2107 ἀκταίου
477 2060 603 2125 ἱερὸν,
636 2062 700 2127 ἐφ’
733 2061 755 2110 ὃ
788 2062 898 2110 κατὰ
935 2063 1056 2118 κυνὸς
1080 2064 1291 2122 ἀνατολὴν
1333 2063 1447 2111 κατὰ
1485 2064 1535 2112 τὸ

268 2131 552 2192 ἀκμαιότατον
585 2138 732 2194 καῦμα
757 2134 1033 2184 ἀναὸαίνουσι
1056 2139 1141 2184 τῶν
1165 2139 1351 2184 πολιτῶν
1377 2139 1415 2183 οἱ
1441 2138 1534 2183 ἐπι-

266 2203 516 2265 φανέστατοι
532 2204 605 2251 καὶ
624 2213 713 2259 ταῖς
735 2207 919 2264 ἡλικίαις
934 2207 1214 2271 ἀκμάζοντες,
1237 2208 1530 2274 ἐπιλεχθέντες

265 2274 332 2320 ἐπὶ
366 2280 437 2322 τοῦ
476 2276 640 2340 ἱερέως,
674 2278 949 2341 ἐνεζωσμένοι
987 2279 1123 2328 κώδια
1158 2281 1344 2346 τρίποκα
1384 2281 1533 2328 καινά·

264 2350 446 2393 τοιοῦτον
488 2349 712 2410 συμὸαίνει
754 2350 823 2398 ἐπὶ
863 2356 937 2398 τοῦ
979 2352 1100 2415 ὄρους
1140 2353 1189 2401 τὸ
1230 2357 1366 2419 ψῦχος
1406 2345 1529 2402 εἶναι.

268 2420 321 2480 (⁹)
345 2420 431 2466 Τοῦ
456 2420 496 2466 δὲ
517 2421 633 2484 ὄρους
652 2426 679 2480 ἡ
706 2422 781 2485 μὲν
802 2423 917 2487 [μία]
940 2425 1105 2489 πλευρὰ
1127 2426 1246 2491 παρά
1267 2446 1313 2473 τε
1333 2425 1409 2484 τὴν
1430 2428 1532 2474 Μα-

263 2491 437 2551 γνησίαν
477 2493 549 2539 καὶ
584 2495 832 2543 Θεσσαλίαν
877 2497 1091 2562 παρήκει,
1127 2499 1233 2563 πρός
1266 2518 1310 2546 τε
1358 2498 1532 2563 ζέφυρον

263 2562 333 2607 καὶ
354 2563 471 2618 ἡλίου
492 2564 606 2610 δύσιν
626 2566 922 2631 ἐστραμμένη·
943 2572 970 2626 ἡ
997 2570 1034 2616 δ’
1053 2569 1121 2616 ἐπὶ
1139 2569 1209 2617 τὸν
1233 2568 1348 2618 Ἄθω
1363 2570 1437 2616 καὶ
1462 2570 1533 2617 τὸν

266 2637 552 2684 Μακεδονικὸν
576 2639 905 2702 ἐπικεκλημένον
931 2642 1114 2701 κόλπον,
1139 2643 1328 2708 πλαγίαν
1368 2642 1530 2708 ἔχουσα

264 2713 406 2753 πᾶσαν
426 2709 497 2755 καὶ
521 2718 720 2775 τραχεῖαν
737 2712 813 2770 τὴν
831 2715 887 2767 εἷς
906 2713 983 2772 τὴν
1007 2716 1256 2765 Θεσσαλίαν
1277 2715 1533 2781 ἐστραμμέ-

265 2796 339 2835 νην
362 2779 526 2844 χώραν.
554 2783 623 2844 (10)
649 2783 712 2831 Τὸ
736 2782 779 2830 δὲ
802 2783 896 2849 ὄρος
920 2786 1260 2851 πολυφάρμακόν
1277 2787 1324 2834 τέ
1348 2790 1438 2835 ἐστι
1458 2787 1532 2834 καὶ

264 2852 423 2906 πολλὰς
454 2852 549 2917 ἔχον
573 2854 645 2901 καὶ
682 2856 954 2912 παντοδαπὰς
988 2859 1187 2921 δυνάμεις
1222 2859 1298 2914 τοίς
1332 2879 1377 2907 τε
1415 2859 1529 2925 ὄψεις

265 2924 403 2969 αὐτῶν
435 2925 686 2987 γινώσκουσι
719 2929 792 2976 καὶ
827 2933 1013 2994 χρῆσθαι
1051 2931 1318 2994 δυναμένοις·
1352 2931 1454 2994 μίαν
1489 2930 1534 2979 δέ

263 3014 355 3042 τινα
373 2996 497 3059 [ἥτις]
518 2998 605 3062 ἔχει
624 2999 792 3064 [ἄλλας]
808 3002 879 3049 καὶ
898 3002 1029 3057 ἄλλας
1047 3003 1242 3066 δυνάμεις
1257 3003 1530 3067 (ἀνομοίους).

264 3066 431 3114 (Mem
449 3068 491 3116 δὲ
510 3070 557 3117 τὸ
577 3071 741 3136 δένδρον
758 3077 818 3138 τῷ
836 3073 1002 3137 μεγέθει
1015 3075 1092 3137 μὲν
1113 3078 1159 3123 οὐ
1180 3076 1310 3124 πλέον
1325 3075 1353 3134 ἢ
1370 3075 1533 3139 πήχεος

267 3214 336 3253 pro
352 3205 385 3243 δ.
407 3206 527 3245 δοκεῖν
548 3208 646 3258 ἔχειν
663 3209 763 3250 ἐπικ.
779 3211 883 3261 quod
904 3214 965 3252 est
983 3213 1023 3252 in
1042 3214 1129 3253 cod.
1149 3215 1349 3264 Parisino;
1373 3214 1414 3254 in
1440 3213 1531 3253 cod.

269 3261 444 3300 Gudiano
460 3263 597 3311 legitur
625 3281 635 3304 ε
658 3267 783 3317 δῆγμα
799 3270 901 3307 ἰᾶται
914 3299 925 3317 ,
945 3271 1067 3310 δοκεῖν
1088 3272 1188 3322 ἔχειν
1204 3273 1323 3321 ἐπικ.,
1343 3272 1411 3311 ubi
1428 3273 1533 3311 ἰᾶται

269 3319 400 3355 ortum
419 3322 514 3367 puto
533 3332 580 3359 ex
600 3323 751 3372 ἰᾶσθαι,
774 3326 876 3374 quod
895 3327 1000 3366 scioli
1018 3329 1207 3378 glossema
1228 3332 1310 3370 erat
1325 3329 1373 3369 ad
1392 3340 1533 3369 vocem

208 3432 212 3434 Π
269 3373 421 3424 ἀπέχειν
434 3376 493 3415 vel
514 3377 657 3427 εἵργειν.
676 3383 787 3420 Nunc
803 3383 907 3422 enim
926 3386 1080 3425 nonnisi
1092 3387 1142 3427 de
1157 3388 1196 3426 vi
1209 3387 1366 3427 arcendi
1382 3398 1534 3428 morsus

269 3441 396 3469 sermo
424 3435 501 3480 (κη
534 3434 592 3472 vis
626 3437 804 3476 medendi
828 3440 1050 3482 hominibus
1075 3454 1230 3484 morsus
1250 3444 1332 3494 jam
1362 3444 1534 3495 expertis

270 3494 507 3529 memoratur
540 3492 576 3529 in
603 3503 710 3542 seqq.
745 3497 836 3534 Mox
862 3498 1050 3548 scriptum
1072 3501 1168 3540 velis
1198 3517 1207 3540 :
1233 3503 1319 3548 τοὺς
1347 3503 1414 3553 μὲν
1441 3503 1530 3554 γὰρ.

269 3548 449 3584 osannus
481 3549 639 3587 parisini
674 3550 761 3590 libri
796 3552 1002 3595 lectionem
1032 3557 1234 3608 ignorans,
1263 3561 1414 3599 censuit
1442 3563 1534 3600 ante

270 3603 388 3642 verba
415 3604 499 3649 τοὺς
527 3606 592 3654 μὲν
620 3606 662 3644 ἐκ
691 3612 754 3654 τῆς
784 3609 908 3659 χώρας
938 3614 1019 3651 κτλ.
1040 3614 1251 3655 desiderari
1273 3618 1530 3667 sententiam,

267 3670 346 3709 qna
371 3660 500 3709 planta
521 3662 592 3701 ista
606 3664 850 3712 serpentibus
861 3678 945 3707 esse
957 3670 1173 3719 periculosa
1188 3673 1405 3723 dicei-etum
1422 3674 1531 3714 ideo·

267 3727 343 3765 que
361 3717 609 3756 serim-ndum
636 3721 832 3768 proposuit
855 3737 864 3760 :
884 3724 987 3763 δοκεῖ
1001 3727 1033 3765 δ’
1048 3727 1172 3777 ἔχεσιν
1194 3730 1445 3779 ἐπικίνδυνος,
1461 3733 1533 3770 aut

266 3775 370 3813 δοκεῖ
387 3775 420 3814 δ’
435 3776 532 3826 ἔχειν
550 3777 673 3827 ἐχεσιν
691 3777 917 3819 ἐπικίνδυνα.
935 3798 952 3815 «
971 3786 1056 3830 Qua
1073 3786 1110 3824 in
1126 3787 1412 3837 emendatione,
1424 3789 1532 3828 Fuh-

267 3832 347 3870 rius
381 3843 419 3880 p.
455 3836 528 3871 lois»
555 3833 710 3882 adjicit,
742 3835 892 3876 etiamsi
923 3838 972 3877 de
1008 3842 1315 3894 palmographica
1348 3847 1532 3887 facilitate

267 3900 343 3928 uon
378 3889 540 3939 «lubin»,
572 3901 809 3942 magnopere
838 3897 966 3935 tamen
999 3897 1197 3950 displicet,
1229 3903 1333 3952 quod
1364 3905 1532 3955 scriptor

266 3957 388 3997 quum
410 3948 572 3986 vixdum
593 3948 713 3997 ὄφεων
735 3951 980 4002 protulisset,
1005 3955 1143 3996 deinde
1162 3960 1216 3997 ita
1234 3960 1454 4000 variaverit.
1485 3986 1532 3998 ..-

265 4007 365 4054 ὀσμῇ
390 4007 539 4056 παραπ).
572 4006 704 4058 Jeep-7³,
726 4021 766 4046 π.
794 4008 881 4047 eod.
902 4012 1019 4051 Paris.
1044 4035 1095 4043 —
1116 4021 1151 4055 5.
1170 4018 1351 4067 καρπὸς
1377 4019 1434 4057 ἀκ
1458 4020 1531 4060 άν-

265 4063 347 4106 ίιης
369 4063 448 4100 κτλ.
468 4061 480 4112 ]
509 4062 674 4102 Aliunde
700 4064 749 4102 ‹le
780 4065 839 4103 his
862 4078 941 4107 non
964 4073 1118 4110 winstat
1138 4072 1209 4111 nisi
1232 4085 1281 4112 ex
1320 4077 1531 4117 Heraclidis

265 4129 380 4166 opere
415 4121 502 4169 Περὶ
531 4125 606 4158 τῶν
627 4121 665 4159 ἐν
694 4126 740 4171 τῇ
772 4122 923 4163 Ἐλλάδι
952 4126 1099 4166 πόλεων
1126 4139 1189 4179 ap.
1227 4131 1406 4180 Apollon.
1440 4134 1530 4174 Mir.

265 4187 298 4211 r„
331 4180 397 4224 19,
420 4176 484 4214 nbi
507 4178 589 4216 lime
609 4190 616 4215 t
635 4180 881 4229 Ἡρακλείδης
906 4183 944 4223 δὲ
961 4185 982 4223 ὁ
998 4187 1159 4236 κριτικὸς
1189 4188 1391 4239 (κρητικός
1415 4191 1529 4244 ΙίΙ)ι-ἰ)

266 4233 303 4269 ἐν
329 4237 383 4280 τῷ
411 4235 498 4283 Περὶ
520 4241 595 4274 τῶν
623 4238 659 4274 ἐν
681 4243 727 4287 τῄ
754 4238 901 4278 Ἑλλάδι
926 4242 1072 4281 πόλεων
1099 4245 1198 4283 κατὰ
1216 4246 1258 4284 τὸ
1282 4248 1423 4292 Πήλιον
1446 4248 1530 4296 ὄρος

267 4288 422 4334 φύεσθαὶ
451 4305 560 4340 φησιν
584 4294 746 4334 ἄκανθαν
774 4299 1030 4349 καρποφόρον,
1056 4300 1099 4350 ἧς
1123 4299 1186 4342 τὸν
1212 4305 1356 4354 καρπὸν
1385 4305 1449 4345 ἐάν
1475 4319 1529 4351 τις

1243 303 1604 354 nmAEAchi
1640 305 1928 354 messem}
2074 346 2083 350 ,
2453 299 2456 302 ’
2891 304 2906 322 ’

1617 420 1774 460 occidit.
1795 421 1808 469 (
1819 420 1856 469 4)
1871 416 2077 468 Eiusmodi
2091 417 2242 468 pollens
2259 416 2411 456 vlribus
2422 416 2655 458 suavissima
2668 395 2929 473 csthmniniffi>¹
2977 402 2986 433 ἐ’

1617 509 1716 549 odor
1731 509 1877 559 quippe
1899 507 2004 546 illius
2029 505 2183 545 accedit
2210 505 2260 544 ad
2284 505 2414 555 thymi
2436 505 2614 547 florentis
2629 507 2904 560 fragrantiam,

1619 608 1768 637 morsos
1785 607 1879 636 vero
1895 607 1919 634 a
1935 595 2144 646 quibusvis
2169 595 2416 644 serpentibus
2433 595 2480 635 -in
2498 597 2592 636 vino
2610 601 2771 650 sumpta
2794 601 2908 642 resti·

1618 689 1694 728 tuit
1707 687 1881 728 sani-tati.
1901 687 2086 727 Nascitur
2105 685 2225 725 etiam
2242 684 2282 724 in
2301 685 2378 725 hoc
2394 688 2531 728 monte
2547 672 2702 731 fructus
2719 681 2879 736 acanthi
2891 674 2908 743 ,¹
2982 702 2985 721 ³

1617 773 1906 824 propemodum
1930 771 1982 810 ad
2001 772 2103 811 albae
2125 771 2246 822 myrti
2267 771 2584 821 similitudinem.
2608 777 2740 822 Quem
2763 777 2798 816 si
2816 777 2910 828 quis

1616 870 1706 898 cum
1731 860 1823 898 oleo
1834 859 1973 898 tritum
1993 858 2163 898 illeverit
2183 859 2360 910 corpori,
2382 860 2636 902 intensissimi
2651 863 2808 923 frigoris
2824 874 2907 905 non
2966 835 2975 918 ζ.

1614 949 1687 988 nisi
1713 948 1985 988 brevissimam
2009 947 2090 986 vim
2117 948 2260 988 sentiet
2291 965 2301 988 ι
2323 960 2454 999 neque
2476 950 2626 991 aestatis
2652 953 2832 1003 tempore
2850 953 2905 1012 vi·
2959 947 2963 949 ’

1616 1035 1709 1075 deas
1729 1046 1873 1085 corpus
1891 1035 1941 1074 ab
1956 1036 2056 1074 aestu
2080 1034 2281 1084 infestari,
2303 1035 2382 1075 hac
2397 1036 2481 1086 ipsa
2497 1037 2622 1077 herba
2640 1046 2710 1088 per
2723 1038 2922 1094 spissitu->

1613 1118 1748 1158 dinem
1783 1129 1894 1158 suam
1921 1118 2161 1158 exteriorem
2181 1130 2315 1158 aerem
2337 1119 2586 1170 prohibente.
2643 1123 2700 1174 (6)
2735 1123 2789 1164 At
2814 1134 2910 1165 ram

1613 1204 1776 1243 obvium
1813 1207 1874 1244 est
1903 1204 1980 1244 hoc
2011 1205 2167 1245 fructus
2200 1216 2346 1255 genus,
2368 1199 2516 1257 'neque
2549 1208 2726 1249 occurrit
2757 1209 2834 1250 nisi
2863 1209 2907 1254 in
2976 1198 2985 1248 εἶ

1610 1289 1838 1339 praecipitiis
1858 1289 2035 1340 locisque
2048 1290 2274 1341 praeruptis.
2300 1290 2519 1332 Difficulter
2534 1276 2669 1343 itaque
2682 1285 2904 1345 invenitur,

1612 1375 1905 1427 inventumque
1916 1353 2001 1416 non
2016 1376 2133 1416 facile
2150 1378 2282 1428 potest
2295 1378 2430 1429 carpi,
2464 1378 2558 1429 quia
2579 1379 2803 1431 periculum
2821 1381 2905 1436 est,
2967 1421 2973 1426 ,

1609 1471 1660 1500 ne
1678 1461 1748 1511 qni
1767 1462 1865 1512 petit
1877 1492 1891 1511 ,
1911 1472 2011 1513 rupe
2039 1463 2250 1515 prolapsus
2269 1465 2418 1514 pereat.
2435 1464 2551 1505 Vires
2567 1467 2702 1506 servat
2717 1467 2790 1518 per
2805 1467 2903 1508 ann'
2967 1465 2969 1467 ’

1610 1551 1783 1601 spatium
1795 1579 1807 1600 ,
1824 1552 1867 1591 at
1882 1551 2061 1602 tempore
2079 1551 2189 1591 ultro
2201 1552 2442 1603 procedente
2460 1553 2680 1595 efficaciam
2698 1555 2862 1597 amittit.

1660 1645 1698 1681 7.
1726 1640 1857 1681 Fluvii
1885 1640 1969 1681 duo
1996 1627 2136 1681 Pelion
2160 1643 2388 1692 permeant,
2417 1654 2591 1694 quorum
2614 1644 2729 1685 alteri
2755 1656 2906 1687 nome-
2970 1645 2975 1647 Α

2274 1741 2285 1765 :
2317 1725 2384 1766 ille
2414 1737 2528 1777 agros
2541 1757 2554 1778 ,
2583 1727 2654 1778 qui
2683 1729 2733 1769 ad
2762 1723 2904 1780 pedem
2964 1780 2967 1782 ,

1607 1805 1757 1846 montis
1776 1805 1977 1857 coluntur,
2003 1806 2129 1858 rigat3
2158 1807 2224 1847 hic
2245 1803 2480 1859 praeterssuit
2511 1810 2656 1850 Pelaeae
2676 1822 2839 1864 nemus,
2855 1824 2905 1854 ac

1608 1888 1750 1930 deinde
1769 1892 1962 1930 exonerat
1990 1901 2033 1931 se
2059 1890 2101 1930 in
2128 1901 2255 1932 marc.
2294 1891 2354 1942 (8)
2373 1894 2426 1932 In
2453 1887 2645 1933 altissimo
2667 1893 2816 1934 montis
2834 1903 2903 1932 ca-
2960 1926 2965 1942 i

1608 1723 1857 1764 crausindon
1871 1754 1883 1774 ,
1917 1723 2032 1764 alteri
2057 1725 2241 1775 Brychon

1609 1972 1769 2012 cumine
1789 1975 1850 2013 est
1868 1983 2010 2023 specus
2031 1972 2270 2030 Chironium
2295 1974 2337 2014 et
2368 1973 2510 2014 'fanum
2543 1975 2658 2016 Jovis
2684 1975 2840 2026 Actaei,
2859 1975 2908 2015 in·

1608 2055 1717 2106 quod
1739 2054 1815 2094 sub
1840 2057 1977 2096 ortum
2001 2056 2219 2107 caniculae,
2239 2067 2366 2107 quum
2383 2058 2505 2097 aestus
2525 2058 2590 2098 est
2605 2057 2912 2100 vehementissi-

1608 2144 1720 2182 mus,
1740 2134 1975 2174 nobilissimi
1996 2134 2147 2185 quique
2166 2146 2189 2175 e
2204 2135 2375 2176 civitatis
2399 2137 2542 2177 incolis
2557 2139 2599 2178 et
2613 2138 2781 2187 juvenes
2794 2149 2900 2179 asa-
2922 2183 2923 2186 ,
2959 2145 2960 2148 ’

1608 2217 1769 2257 cerdote
1795 2217 1847 2256 ad
1880 2216 1958 2256 hoc
1990 2216 2134 2256 delecti
2167 2216 2412 2267 ascendunt,
2439 2216 2568 2256 induti
2593 2217 2763 2268 pellibus
2787 2220 2907 2260 novis

1607 2294 1759 2345 optimo
1788 2293 1937 2334 vellere
1961 2294 2125 2344 propter
2143 2293 2299 2344 frigoris
2332 2289 2375 2333 in
2407 2295 2545 2334 monte
2569 2295 2908 2345 magnitudincnx

1609 2373 1663 2423 (9)
1686 2373 1816 2422 Atque
1835 2372 2007 2411 alterum
2024 2371 2189 2421 quidem
2204 2371 2352 2411 montis
2374 2372 2480 2412 latus
2495 2372 2716 2415 secundum
2741 2375 2901 2425 Magne*

1607 2451 1706 2491 siam
1727 2450 2050 2500 Thessaliamque
2077 2449 2348 2500 protenditur,
2375 2452 2595 2500 zephyrum
2617 2461 2758 2492 versus
2781 2452 2898 2493 solis-

1607 2540 1686 2579 que
1709 2539 1898 2569 occasum
1913 2529 2098 2579 spectans
2112 2541 2124 2578 ;
2141 2528 2313 2567 alterum
2336 2538 2433 2567 vero
2447 2539 2586 2569 versus
2600 2528 2705 2569 Atho
2719 2530 2902 2572 montem

1607 2609 1648 2648 et
1667 2607 1797 2647 sinum
1811 2606 2132 2655 Macedonicum,
2148 2604 2352 2656 obliquam
2363 2605 2490 2644 totam
2505 2605 2654 2646 habens
2664 2606 2706 2646 ct
2720 2614 2902 2658 asperam

1607 2686 1666 2726 sui
1680 2687 1849 2736 partem,
1863 2683 2109 2724 Thessaliam
2121 2692 2259 2723 versus
2271 2693 2519 2723 conversam.
2537 2683 2620 2735 (10)
2634 2684 2906 2727 Plurimarum

1607 2766 1802 2816 praeterea
1818 2763 2033 2803 herbarum
2053 2763 2161 2802 ferax
2183 2763 2244 2802 est
2259 2773 2375 2802 mons
2390 2761 2465 2802 iste
2475 2793 2487 2812 ,
2511 2773 2603 2814 quae
2619 2763 2731 2804 varia
2747 2743 2905 2806 virtute

1606 2841 1762 2882 medica
1775 2840 1972 2891 gaudent,
1994 2839 2027 2879 si
2042 2839 2134 2890 quis
2154 2844 2220 2878 eas
2235 2838 2360 2889 probe
2375 2838 2603 2890 dignoscere
2633 2841 2676 2880 et
2696 2841 2805 2881 recte
2821 2841 2904 2881 illis
2944 2867 2946 2870 -

1607 2919 1668 2958 uti
1687 2917 1857 2958 noverit.
1913 2918 1974 2956 Ex
2002 2915 2111 2955 hisce
2130 2925 2211 2954 una
2238 2914 2420 2965 pluribus
2437 2915 2556 2954 etiam
2582 2915 2711 2967 iisque
2735 2915 2904 2957 diversis
2944 2908 2954 2959 ¹,
2982 2900 2986 2941 Ῐ

1607 2998 1771 3050 praestat
1793 2996 1966 3045 viribus.¹
2010 2996 2081 3035 Est
2099 2994 2219 3043 {enim
2244 2993 2454 3039 arbustum
2471 2993 2586 3045 nigro
2612 2995 2772 3046 colore,
2791 2995 2900 3044 quod
2952 2982 2958 3058 s

1607 3078 1818 3120 altitudine
1835 3088 1908 3117 sua
1921 3107 1934 3127 ,
1950 3076 2148 3128 quantum
2159 3075 2247 3125 eius
2263 3084 2385 3125 supra
2397 3075 2547 3114 terram
2561 3074 2736 3125 conspici
2754 3076 2900 3126 potest,
2944 3084 2945 3087 ’

1605 3211 1740 3263 τρίψας
1757 3209 1838 3261 μετ’
1861 3207 1990 3248 ἐλαίου
2005 3208 2070 3246 καὶ
2086 3207 2222 3251 ὕδατος
2238 3205 2353 3257 χρίσῃ
2383 3205 2427 3245 τὸ
2446 3206 2565 3244 αὑτοῦ
2587 3205 2612 3252 ἢ
2643 3205 2761 3245 ἄλλου
2782 3209 2900 3256 σῶμα

1605 3273 1793 3321 χειμῶνος
1825 3267 1930 3312 ὄντος
1961 3267 2032 3305 οὐκ
2058 3266 2331 3312 ἐπαισθήσεται
2357 3267 2426 3303 τοῦ
2460 3264 2623 3315 ψύχους.
2661 3279 2682 3299 ι(
2716 3266 2900 3308 omnus

1606 3327 1783 3377 eju-dem
1808 3324 1960 3365 fruticis
1983 3325 2153 3374 utroque
2181 3322 2268 3361 loco
2289 3321 2534 3361 mentionem
2553 3320 2638 3361 fieri
2666 3322 2707 3361 et
2725 3321 2792 3362 vel
2821 3321 2894 3362 dc·

1606 3385 1859 3435 scriptionem
1889 3382 2103 3432 utrobique
2121 3380 2290 3421 similem
2307 3391 2391 3420 esse
2418 3379 2738 3420 animadvertens
2756 3379 2897 3430 conje-
2918 3387 2919 3390 ’

1606 3445 1761 3484 cturam
1780 3442 1822 3482 in
1850 3440 1981 3480 medio
2004 3439 2171 3490 proferri
2192 3448 2306 3489 posse
2325 3437 2590 3486 existimavit,
2619 3446 2700 3487 qua
2727 3437 2895 3477 Heracli·
2917 3453 2926 3474 x

1606 3502 1676 3542 des
1705 3500 1776 3551 (in
1802 3499 1955 3546 incerto
1980 3499 2114 3537 tamen
2146 3496 2307 3547 reliquit
2332 3497 2471 3535 utrum
2493 3494 2545 3553 de
2567 3493 2732 3534 Pontico
2746 3503 2801 3534 nn
2816 3493 2922 3539 alios

1606 3559 1780 3610 quodam
1807 3555 2063 3606 cogitandum
2090 3555 2220 3604 esset)
2249 3553 2345 3594 Pelii
2373 3551 2680 3603 descriptionem
2703 3551 2912 3610 contenis-s¹

1605 3619 1680 3656 set.
1709 3633 1728 3651 n
1760 3615 1897 3656 Fuhr.
1932 3625 1972 3665 p.
1995 3616 2085 3653 401.
2106 3636 2159 3647 —
2186 3608 2572 3663 παραπλήσιος]
2592 3607 2682 3648 cod.
2705 3607 2829 3650 Paris.
2855 3612 2897 3650 et

1604 3675 1748 3722 Fuhr.;
1768 3673 1886 3723 vulgo
1897 3672 2179 3723 παραπλήσιον.
2197 3691 2250 3699 -
2262 3667 2461 3720 τρίψας]
2481 3667 2612 3719 τρῖψαι
2627 3665 2718 3707 cod.
2737 3668 2827 3709 Par.-
2843 3679 2908 3711 -ς

1605 3731 1744 3784 ἐλαίῳ]
1757 3734 1964 3778 Osannus;
1977 3730 2076 3768 λεῖον
2090 3728 2192 3768 libri.
2206 3748 2260 3757 —
2273 3740 2432 3778 κοιταχ
2441 3725 2483 3777 ρί
2492 3723 2598 3775 σαι]
2617 3723 2761 3774 Fuhr.;
2777 3736 2902 3766 ιιαταᾳ

1605 3791 1732 3842 χρίσοι
1745 3799 1832 3839 ng.
1844 3809 1897 3816 —-
1911 3802 1937 3826 κ
1949 3801 2004 3826 ατ
2016 3801 2041 3826 α
2055 3786 2141 3837 μάθ
2151 3800 2194 3825 οι
2205 3785 2249 3838 ς]
2267 3785 2512 3835 καταμάθους
2534 3781 2623 3822 ced.
2642 3784 2746 3830 Pam
2770 3782 2902 3831 Felice
2910 3811 2911 3814 =

1605 3848 1760 3898 scripsit
1784 3862 1794 3886 z
1813 3845 1892 3885 οὐδ’
1916 3847 1963 3884 ἂν
1979 3846 2017 3884 ἐν
2037 3848 2094 3895 τῷ
2122 3845 2216 3896 θέρει
2233 3846 2302 3883 τοῦ
2323 3856 2364 3881 κ.
2382 3841 2614 3891 καταμάθοι,
2631 3839 2906 3897 malumne·

1605 3907 1696 3957 ἀέρα
1712 3905 1933 3945 διικνεῖσθαι
1949 3917 1983 3943 τ.
1996 3917 2034 3942 σ.
2051 3928 2099 3935 -
2118 3899 2476 3952 ἀποκρήμνοις]
2494 3897 2583 3938 cod.
2608 3897 2913 3967 Ριὶῐίευςὲπικῆ

1605 3963 1775 4003 Gudian.
2863 3968 2899 3991 τ

1657 4025 1696 4062 7.
1720 4023 1750 4060 Π
1766 4034 1790 4067 η
1802 4020 1824 4058 λ
1837 4018 1912 4058 ίου
1929 4018 1944 4069 ]
1964 4018 2361 4068 ῥίζαιςθυῐίωοιιιιυε
2373 4045 2384 4064 ,
2396 4020 2475 4061 τοῖς
2497 4014 2587 4054 ποσὶ
2607 4011 2784 4053 Minerus
2796 4002 2909 4066 suff

1604 4078 1794 4128 piendum
1827 4079 2004 4117 monent.
2035 4075 2204 4116 Dativus
2237 4073 2380 4125 aliquis
2406 4073 2598 4126 extrusus
2625 4079 2709 4110 esse
2735 4067 2826 4108 vide
2842 4093 2844 4097 -
2887 4092 2896 4099 -

1605 4135 1852 4186 irrumpente
1867 4134 2099 4185 glossemate
2119 4149 2129 4172 ι
2147 4132 2293 4172 etenim
2313 4131 2353 4171 in
2371 4129 2460 4171 cod.
2474 4128 2598 4170 Paris.
2611 4126 2755 4193 legitur
2770 4137 2829 4174 γε
2843 4150 2870 4186 3,

1603 4193 1809 4243 γουμένους
1829 4191 2024 4240 κειμένους
2047 4189 2228 4240 ἀρδεὺων.
2255 4187 2384 4228 Possis
2403 4188 2539 4228 tamen
2557 4195 2608 4225 ex
2628 4183 2691 4224 his
2710 4192 2826 4250 ενιιε,
2859 4189 2908 4246 ‘’1¹2’‘

1603 4251 1690 4294 τοὺς
1710 4250 1982 4299 ὑποκειμένους
2009 4251 2066 4297 τῷ
2087 4247 2222 4294 Πηλίῳ
2246 4259 2286 4295 γ.
2303 4246 2342 4285 ἀ.
2360 4246 2398 4285 ἀ.
2426 4243 2597 4284 Fuhrius
2612 4241 2800 4298 proponit
2820 4249 2876 4280 :-
2896 4252 2898 4254 ·

1604 4311 1681 4352 τοῖς
1702 4308 1778 4347 ὑπὸ
1804 4307 1919 4354 rint„
1947 4306 2017 4345 aut
2039 4306 2125 4351 τοὺς
2149 4305 2186 4344 ἐν
2203 4303 2374 4356 ὑπωρείᾳ
2396 4306 2465 4343 τοῦ
2492 4301 2655 4349 Πηλίου.
2675 4320 2728 4329 -
2743 4297 2913 4361 ἄλσος,
