3016 4628
468 284 1677 420 THE'MISTOGENES.
1747 284 2740 424 soPHAENETUS.

1206 529 2002 651 CRATIPPUS.

812 525 835 542 Χ

419 971 945 1029 THEMISTOGENES
980 959 1440 1017 SYRACUSANUS.

358 1091 626 1150 Xenophon
656 1089 702 1131 in
748 1081 997 1129 IIellenicis
1017 1077 1138 1136 (ΙΙΙ,
1171 1090 1212 1130 1,
1234 1070 1285 1132 2)
1312 1071 1396 1114 ubi
1431 1069 1491 1114 ad
1524 1084 1578 1113 ea

296 1176 504 1223 tempora
544 1160 752 1212 devenit,
793 1154 960 1213 quibus
998 1150 1144 1207 Cyrus
1187 1153 1349 1189 contra
1379 1142 1570 1186 fratrem

296 1236 639 1297 expeditionem
664 1228 879 1290 parabat,
907 1225 976 1268 his
999 1221 1144 1265 utitur
1174 1216 1328 1261 verbis
1355 1231 1366 1258 x
1394 1211 1470 1265 Ὡς
1499 1209 1576 1274 μὲν

295 1300 366 1354 οὖν
408 1309 546 1369 Κῦρος
578 1297 823 1366 στράτευμά
856 1315 900 1342 τε
939 1289 1158 1351 συνέλεξε,
1196 1286 1269 1335 καὶ
1309 1284 1422 1332 τοῦτ’
1464 1282 1576 1348 ἔχων

298 1377 431 1435 ἁνέὸη
469 1376 538 1423 ἐπὶ
563 1374 632 1421 τὸν
654 1369 835 1435 ἀδελφὸν
845 1405 857 1426 ,
883 1365 956 1414 καὶ
976 1367 1032 1418 ὡς
1059 1368 1086 1421 ἡ
1123 1359 1246 1424 μάχη
1271 1356 1463 1421 ἐγένετο,
1501 1355 1576 1402 καὶ

297 1454 353 1503 ὡς
382 1448 568 1495 ἀπέθανε
583 1483 596 1508 ,
622 1444 695 1492 καὶ
719 1445 777 1495 ὡς
799 1443 846 1487 ἐκ
865 1437 1015 1486 τούτου
1036 1433 1323 1489 ἀπεσώθησαν
1343 1432 1381 1477 οἳ
1399 1427 1576 1484 ζΈλλη-

297 1541 363 1574 νες
383 1520 452 1568 ἐπὶ
473 1518 711 1574 θάλατταν,
728 1506 1112 1575 Θεμιστογένει
1137 1507 1203 1569 τῷ
1229 1500 1576 1566 Συρακουσίῳ

297 1593 550 1657 γέγραπται.

363 1669 474 1724 Quze
505 1667 565 1708 ita
601 1659 903 1708 Schneiderus
922 1654 1171 1708 intellexit,
1200 1661 1253 1695 ut
1277 1648 1580 1708 Xenophon-

302 1750 391 1783 tem
422 1753 548 1782 suam
583 1736 687 1794 Cyri
723 1731 954 1777 Anabasin
995 1738 1092 1772 tum
1114 1724 1325 1770 nondum
1350 1722 1582 1781 scripsisse

301 1821 345 1856 et
363 1820 606 1870 propterea
626 1806 684 1851 ad
705 1806 815 1849 alius
832 1816 947 1861 opus
969 1801 1192 1844 lectorem
1215 1796 1446 1856 ablegasse
1470 1808 1582 1837 cen—

301 1892 433 1927 seret.
476 1885 535 1926 At
572 1878 800 1924 Anabasin
837 1872 1165 1932 Xenophontis
1199 1878 1306 1914 ante
1341 1867 1583 1913 Hellenica

303 1971 394 1999 csse
418 1954 587 1998 editam
617 1950 757 1994 hodie
790 1948 891 1992 satis
913 1947 1075 2004 liquet.
1101 1945 1266 2001 Itaque
1291 1941 1412 1985 hanc
1435 1941 1584 1999 ipsam

304 2028 452 2071 xerbis
480 2025 672 2069 laudatis
694 2021 887 2065 indicari
912 2028 1009 2062 tum
1038 2032 1124 2077 per
1144 2031 1190 2060 se
1221 2013 1471 2074 probabile
1492 2019 1580 2067 est,

304 2110 400 2144 tum
422 2107 608 2143 testatur
638 2094 904 2140 Plutarchus
926 2094 995 2135 De
1030 2091 1149 2150 glor.
1189 2088 1361 2133 Athen.
1388 2101 1429 2132 c.
1458 2101 1502 2142 1,
1524 2100 1575 2144 p.

307 2179 396 2224 .‘.23
419 2171 492 2215 ed.
511 2169 696 2214 Didot.:
722 2166 923 2229 Ξενοφῶν
948 2160 1023 2224 μὲν
1039 2158 1123 2226 γὰρ
1142 2158 1267 2212 αὐτὸς
1290 2160 1443 2205 ἑαυτοῦ
1459 2155 1583 2220 γέγο-

306 2262 368 2288 νεν
397 2240 585 2304 ἱστορία,
614 2238 782 2303 γράψας
816 2236 843 2283 ἃ
875 2234 1171 2299 ἐστρατήγησε
1195 2230 1270 2279 καὶ
1293 2229 1583 2295 καθώρθωσε,

305 2315 376 2360 καὶ
405 2311 699 2375 Θεμιστογένη
735 2312 818 2372 (sc.
843 2307 949 2374 ἔφη)
984 2306 1086 2372 περὶ
1119 2304 1279 2352 τούτων
1300 2300 1587 2366 συντετάχθαι

306 2388 374 2433 τὸν
397 2385 683 2452 Συρακούσιον
699 2422 713 2447 ,
731 2382 801 2431 ἵνα
826 2372 1119 2447 πιστότεροςῆ
1146 2375 1423 2443 διηγούμενος
1436 2374 1586 2423 ἑαυτὸν

305 2465 360 2514 ὡς
384 2459 533 2518 ἄλλον,
558 2457 688 2523 ἑτέρῳ
710 2455 787 2514 τὴν
807 2458 890 2503 τῶν
909 2454 1047 2517 λόγων
1065 2452 1189 2509 δόξαν
1212 2449 1510 2516 χαριζόμενος.
1530 2449 1589 2496 Οἱ

308 2533 342 2578 δ’
367 2533 486 2579 ἄλλοι
506 2530 659 2585 πάντες
678 2527 906 2595 ἱστορικοὶ,
932 2527 1252 2589 Κλειτόδημοι,
1271 2523 1473 2581 Δίυλλοι,
1499 2523 1589 2570 Φι-

309 2604 502 2669 λόχορος,
556 2602 789 2668 Φύλαρχος
805 2639 819 2663 ,
873 2598 1109 2665 ἀλλοτρίων
1156 2595 1377 2661 γεγόνασιν
1427 2594 1590 2661 ἔργων,

311 2676 452 2740 ὥσπερ
469 2675 696 2741 δραμάτων
711 2712 724 2736 ‚
749 2673 992 2740 ὑποκριταὶ,
1014 2674 1111 2720 κτλ.

377 2752 509 2796 Adde
527 2752 672 2795 schol.
696 2750 857 2795 inedit.
885 2749 992 2794 cod.
1018 2748 1160 2793 Paris.
1189 2743 1315 2790 2565
1345 2745 1361 2789 τ’
1387 2742 1593 2806 Ξενοφῶν

315 2820 526 2886 ἐπέγραψε
555 2820 631 2878 τὴν
661 2819 805 2884 Κύρου
847 2819 1061 2866 ἀνάδασιν
1101 2814 1412 2881 Θεμιστογένει
1438 2816 1592 2880 Συρα-

316 2895 496 2958 κουσίῳ,
521 2895 597 2940 κάν
620 2892 905 2958 ἐπεκράτησεν
931 2891 1045 2951 ὅμως
1068 2890 1143 2938 καὶ
1162 2888 1293 2936 πάλιν
1319 2887 1595 2952 Ξενοφῶντος

317 2967 551 3014 καλεῖσθαι.
577 2970 711 3012 Hunc
734 2969 890 3012 locum
918 2969 1142 3011 Kiisterus
1166 2963 1372 3012 enotavit
1399 2961 1458 3006 ad
1486 2961 1618 3006 Sui-·

319 3039 449 3093 dam,
477 3039 556 3096 qui
588 3040 649 3082 sic
679 3039 818 3082 habet
848 3055 858 3083 ε
892 3036 1233 3100 Θεμιστογένης,
1274 3032 1597 3099 Συρακούσιος,

319 3106 545 3175 ἱστορικός.
578 3107 718 3172 Κύρου
749 3109 983 3167 ἀνάδασιν,
1017 3108 1109 3167 ἥτις
1134 3110 1176 3156 ἐν
1202 3111 1288 3162 τοῖς
1321 3108 1600 3171 Ξενοφῶντος

323 3178 514 3243 φέρεται·
550 3178 621 3225 καὶ
662 3179 769 3225 ἄλλα
805 3179 899 3227 τινὰ
934 3180 1031 3246 περὶ
1068 3184 1144 3238 τῆς
1184 3183 1337 3228 ἑαυτοῦ
1377 3177 1598 3242 πατρίδος.

323 3254 444 3297 Olim
466 3262 571 3311 post
594 3253 863 3315 Ξενοφῶντος
882 3256 1121 3315 legebatur
1141 3251 1439 3311 Ἑλληνικοῖς,
1470 3250 1603 3312 quod

325 3325 538 3369 codicum
575 3327 840 3370 auctoritate
862 3328 1084 3371 Kiisterus
1108 3327 1293 3373 delevit.

392 3396 456 3441 Ex
477 3399 620 3442 allatis
642 3400 825 3442 maximi
848 3402 1067 3444 momenti
1105 3409 1210 3444 sunt
1243 3398 1464 3445 Suidiana
1497 3396 1600 3454 illa,

327 3472 493 3530 quibus
534 3472 924 3530 'l'liemistogenem
975 3482 1142 3531 praeter
1186 3472 1418 3516 Anabasin
1467 3469 1605 3514 etiam

329 3544 414 3587 alia
441 3542 648 3601 quaedam
681 3542 738 3586 de
772 3545 917 3602 patria
951 3559 1030 3588 sua
1067 3544 1376 3603 composuisse
1413 3542 1601 3586 dicitur.

334 3615 465 3658 lYnde
503 3615 590 3658 hoc
629 3624 750 3658 certe
781 3617 1011 3675 colligitur
1034 3632 1130 3660 non
1162 3616 1375 3660 fictitium
1397 3630 1489 3658 csse
1512 3628 1606 3657 no—

333 3702 435 3729 men
467 3686 838 3743 'l'heniistogenis.
884 3690 1156 3746 Quanquam
1194 3688 1380 3732 aliunde
1419 3686 1478 3730 de
1513 3686 1607 3729 hoc

333 3767 520 3800 :nu-tore
549 3772 643 3799 non
678 3767 867 3803 consuit.
894 3761 1105 3803 Ceterum
1126 3776 1237 3804 num
1265 3759 1379 3818 quid
1401 3768 1447 3802 et
1469 3756 1608 3816 quid-

1632 2335 1633 2339 *
1665 2333 1772 2362 cum
1795 2317 2075 2376 Sophaeneto
2099 2315 2407 2375 Stymphalio,
2432 2316 2542 2376 Cyri
2570 2315 2766 2359 minoris
2781 2311 2982 2375 hospite
3002 2323 3004 2327 '

1648 956 1942 1003 Familiarem
1975 953 2110 998 fuisse
2142 953 2503 1012 Xenophontis,
2537 953 2726 1015 ejusque
2759 953 2819 1000 de
2841 955 2961 1015 Cyri

1651 1029 1951 1088 expeditione
2005 1027 2366 1070 commentarios
2412 1027 2587 1086 partim
2638 1029 2688 1072 in
2733 1027 2966 1074 ordinem
2995 1040 2997 1042 ·

1650 1102 1878 1162 redegisse
1895 1101 2069 1160 partim
2091 1114 2206 1144 vero
2233 1109 2580 1145 consummatos
2605 1102 2813 1162 vulgasse
2836 1117 2945 1147 cen-
2964 1112 2978 1162 ζῇ

1651 1184 1718 1219 set
1747 1174 1989 1218 Jacobsius
2025 1172 2221 1233 (Opusc.
2258 1173 2352 1228 VI,
2376 1187 2428 1232 p.
2472 1171 2589 1234 60),
2629 1175 2700 1218 uti
2738 1173 2868 1219 disco
2893 1190 2976 1219 ex

1651 1246 1956 1306 Bernhardyo
1975 1245 2035 1290 ad
2055 1244 2186 1290 Suid.
2219 1245 2251 1291 l.
2274 1245 2328 1301 l.‚
2345 1245 2543 1290 eandem
2557 1244 2833 1292 sententiam
2851 1262 2987 1292 am-.

1653 1320 1900 1378 plectente.
1929 1319 2295 1378 Themistogenis
2318 1333 2438 1378 opus
2459 1334 2486 1363 a
2502 1319 2856 1379 Xenophonteo
2881 1308 2963 1364 ‹li-²

1651 1408 1835 1437 versum
1878 1392 2043 1448 fuisse,
2087 1405 2242 1450 neque
2264 1391 2389 1436 ultra
2415 1391 2692 1438 Graecorum
2728 1391 2792 1442 ad
2811 1384 2986 1441 ‘'uiare3·

1653 1465 1906 1510 adventum
1931 1464 2079 1523 (Xen.
2106 1466 2201 1509 An.
2227 1464 2291 1510 IV
2321 1459 2466 1527 extr.)
2489 1456 2766 1527 pertinuisse
2801 1473 2987 1525 ceni-»ets¹

1653 1538 1906 1582 Creuzerus
1928 1538 1978 1580 in
1998 1538 2114 1583 Hist.
2134 1538 2299 1581 Kunst.
2321 1552 2374 1596 p.
2399 1537 2512 1583 230.
2539 1537 2666 1598 Quid
2683 1528 2995 1585 Ιὶίιιᾶοτίίιιεῇ

1653 1612 1702 1654 in
1719 1611 1898 1670 praefat.
1927 1610 1987 1654 ad
2006 1611 2158 1654 Anab.
2177 1625 2227 1669 p.
2253 1611 2343 1656 VII
2359 1619 2406 1654 et
2422 1612 2628 1672 Kriiger.
2650 1611 2722 1663 De
2744 1610 2828 1655 vit.
2853 1611 2981 1656 Xe—2·

1653 1684 1802 1743 noph.
1830 1699 1881 1743 p.
1915 1688 1970 1736 14
1993 1682 2338 1742 judicaverint,
2366 1685 2550 1744 nescio,
2577 1699 2726 1747 quum
2750 1683 2884 1734 libris
2903 1684 2935 1727 ii

1660 1772 1858 1802 caream.

2815 1883 2848 1900 a*

2992 1842 3008 1871 4

1869 1975 2285 2048 SOPHAENET'US
2315 1974 2761 2045 STYMPHALIUS.
3001 1916 3012 1968 ἑ

1734 2097 2062 2157 Sophaenetus,
2088 2086 2311 2156 tanquam
2341 2106 2507 2146 auctor
2537 2096 2755 2146 historiae·
2776 2095 2837 2143 de
2856 2033 3014 2157 Cyri*²7ss

1662 2171 1980 2230 expeditione,
2004 2179 2227 2229 quattuor
2247 2171 2362 2215 locis
2377 2169 2595 2216 laudatur
2613 2168 2742 2232 apud
2765 2169 2960 2230 Stepha·
2979 2166 3012 2220 οἱ

1662 2259 1778 2288 num
1813 2244 2104 2302 Byzantium.
2146 2242 2282 2287 Idem
2316 2251 2407 2299 est,
2447 2243 2540 2287 nisi
2577 2242 2764 2303 egregie
2805 2239 2961 2300 fallor,
2981 2223 3006 2253 ⁴

1668 2390 1916 2451 (Xenoph.
1952 2389 2105 2434 Anah.
2147 2390 2201 2447 Ι,
2250 2405 2303 2445 1,
2342 2386 2457 2450 11),
2498 2389 2582 2448 qui
2618 2387 2757 2432 mille
2783 2386 3016 2457 peditem-3

1665 2463 1816 2524 gravis
1847 2471 2091 2506 armaturae
2131 2459 2192 2505 ad
2235 2459 2429 2506 fratrem
2465 2459 2736 2505 Artaxerxis
2769 2457 2968 2504 adduxit
2983 2444 3013 2522 ’ᾗ

1670 2537 1770 2598 (lb.
1797 2537 1845 2593 Ι,
1867 2550 1912 2592 2,
1940 2530 2024 2598 9),
2049 2535 2172 2579 inter
2205 2533 2348 2579 duces
2365 2532 2667 2579 redeuntium
2695 2524 2968 2579 Graecorum
2999 2547 3016 2585 1‘

1664 2618 1777 2655 natu
1819 2609 2048 2653 maximus
2061 2641 2074 2664 ,
2118 2607 2226 2666 plus
2265 2607 2408 2652 semel
2451 2607 2533 2652 ille
2574 2621 2603 2652 a
2644 2605 2970 2666 Xenophonte
2989 2599 3016 2668 3

1665 2690 1951 2726 memoratus
1992 2678 2086 2742 (II,
2116 2678 2171 2736 5,
2194 2679 2274 2736 37.
2316 2680 2407 2736 IV,
2445 2684 2499 2736 4,
2545 2694 2621 2739 19.
2646 2681 2712 2735 V,
2742 2677 2797 2735 3,
2839 2679 2963 2739 1-V,
2995 2685 3016 2702 ⁸

1670 2754 1698 2800 8
1711 2789 1724 2812 ,
1756 2770 1776 2798 1
1793 2753 1826 2814 ).

2020 2863 2231 2915 ΚΥΡΟΥ
2273 2865 2482 2914 ΑΝΑΒΑ
2490 2865 2610 2912 ΣΙΣ.

2002 3071 2004 3073 ’
2995 3059 3016 3096 ³³}

1743 3116 1905 3178 steph.
1933 3118 2026 3176 Byz
2050 3129 2062 3163 z
2089 3111 2364 3177 Χαρμάνδη,
2388 3110 2512 3166 πόλις
2527 3111 2664 3176 πέραν
2690 3115 2765 3159 τοῦ
2791 3099 3016 3175 Etizppo't-J}

1673 3209 1766 3238 του.
1787 3186 2044 3254 Σοφαίνετος
2059 3187 2102 3233 ἐν
2121 3184 2268 3250 Κύρου
2291 3183 2522 3232 ἀναδάσει·
2536 3206 2557 3228 α
2577 3182 2685 3233 Ἐπὶ
2702 3181 2748 3230 δὲ
2763 3181 2972 3231 Βαὸυλω·

1674 3261 1782 3315 νίαις
1798 3258 1953 3314 πύλαις
1966 3258 2103 3319 πέραν
2116 3262 2192 3305 τοῦ
2210 3255 2437 3322 Εὐφράτου
2455 3260 2657 3319 ποταμοῦ
2673 3255 2799 3309 πόλις
2814 3253 2979 3320 ᾤκιστο

1675 3337 1812 3395 ὄνομα
1836 3330 2100 3396 Χαρμάνδη.
2123 3352 2141 3371 »
2158 3330 2472 3391 Cf.Xenoph.
2500 3333 2591 3378 An.
2608 3333 2654 3387 Ι,
2676 3328 2722 3387 5,
2749 3345 2826 3374 10.
2852 3331 2976 3374 Prae-

1682 3418 1753 3453 ter
1771 3403 2140 3466 Xenophontem
2164 3415 2211 3450 et
2233 3405 2567 3464 Sophaenetum
2582 3404 2698 3448 alius
2717 3416 2859 3446 nemo
2883 3401 2976 3445 liu-·
3003 3406 3016 3450 ἱζ

1674 3482 1748 3541 jus
1770 3481 1899 3525 urbis
1916 3479 2205 3523 mentionem
2228 3478 2354 3522 facit.
2372 3479 2428 3524 V.
2453 3478 2686 3521 Mannert.
2717 3475 2884 3534 Geogr.
2909 3476 2947 3519 V
2961 3506 2975 3528 ,
3007 3478 3016 3494 ““

1683 3553 1730 3610 5,
1755 3569 1806 3614 p.
1829 3558 1942 3609 2413
1969 3551 2216 3612 Forbiger.
2248 3550 2412 3608 Geogr.
2435 3549 2509 3604 ΙΙ,
2528 3557 2579 3608 Ρ.
2594 3546 2706 3605 637.

2305 3670 2351 3699 2.

1750 3752 1915 3799 Idem:
1946 3749 2148 3807 Φύσκος,
2171 3747 2294 3801 πόλις
2314 3744 2580 3812 Λοκρίδος...
2608 3743 2832 3809 Καρίας...
2872 3746 2979 3792 Μα-

335 3845 437 3872 uam
491 3830 531 3871 ei
587 3844 690 3870 cuin
737 3830 1061 3889 Xenophontis
1114 3832 1308 3876 Anabasi
1361 3843 1610 3875 commune
1685 3823 1924 3877 κεδονίας...
1948 3821 2082 3870 Ἔστι
2116 3820 2192 3869 καὶ
2225 3817 2420 3882 ποταμὸς
2454 3820 2657 3880 Φύσκος,
2693 3817 2807 3865 καθά
2845 3835 2976 3881 φησιν
3006 3858 3016 3889 ‘-

339 3902 494 3954 sun-ii,
530 3901 718 3959 quaestio
757 3910 820 3944 cst
844 3903 890 3944 iu
922 3918 1068 3947 meras
1096 3912 1273 3948 retrusa
1304 3902 1610 3960 conjecturas.

1688 3895 1951 3962 Σοφαίνετος
1964 3897 2006 3942 ἐν
2033 3893 2178 3960 Κύρου
2203 3892 2432 3942 ἀναὸάᾰει.
2453 3897 2524 3940 De
2548 3894 2727 3953 Physco
2752 3893 2874 3936 amni
2901 3895 2980 3939 As-

730 4091 872 4139 CYRl
914 4093 1224 4141 ANABASlS.

1690 4036 1784 4085 cyri
1813 4035 1983 4076 Anabasi
2019 4050 2029 4074 ε
2063 4050 2083 4069 «
2112 4034 2174 4091 Ad
2197 4032 2432 4084 Babylonias
2455 4032 2591 4083 portas
2615 4031 2726 4070 trans
2741 4028 2982 4080 Euphratem
3011 4063 3016 4070 .

1692 4098 1858 4138 nuvium
1874 4099 1970 4138 urbs
1985 4098 2232 4138 incolebatur
2247 4095 2498 4137 Chai-manda
2514 4093 2687 4134 nomine.
2705 4109 2724 4127 υ
2943 4105 2946 4108 ·
3008 4091 3011 4097 ’

2313 4165 2356 4203 2.

1746 4236 1814 4274 Est
1831 4235 1950 4274 etiam
1971 4234 2115 4273 fluvius
2131 4220 2329 4282 Pliyscus,
2348 4230 2463 4281 cnjus
2476 4228 2655 4270 meminit
2671 4227 2933 4278 sophaenetus
2946 4226 2985 4267 in
3014 4243 3016 4246 ·

396 4293 665 4341 Cliarmamln,
690 4294 781 4331 urbs
802 4296 907 4332 liuns
929 4295 1164 4343 liuplnatmn
1190 4296 1275 4333 nita.
1299 4297 1555 4346 Sophaenvlus
1582 4295 1620 4333 in
1696 4299 1787 4347 Cyri
1808 4299 1988 4339 Anabasi.
