3016 4628
112 29 121 37 ν
179 15 181 17 .

12 0 107 137 γξι

10 106 34 125 ,ι’
67 112 69 114 ’

10 124 22 151 τ,
50 128 90 166 „¹5

61 166 74 188 ,ι

30 198 42 207 ,γ
67 197 71 204 .

13 223 35 236 ll
59 223 62 228 »

12 236 26 257 7.

1034 311 1448 361 MENECRATES
1484 313 1838 363 NYSAENsts.

12 466 15 472 ,
117 429 331 476 Trachin,
376 425 468 478 354
514 439 524 468 :
563 416 812 484 Φερεκύδης
855 416 982 482 φησὶν
1020 419 1094 481 (v.
1137 421 1194 467 fr.
1225 420 1396 483 30)

12 478 26 530 ff
118 496 393 564 Μενεκράτης
430 494 474 543 δὲ
501 493 614 541 οὕτω
647 491 799 554 λέγει·
811 489 1032 554 Ἠρακλέα
1067 493 1125 544 εἷς
1161 491 1391 554 ἐπιθυμίαν

27 623 30 627 ,
118 571 254 628 Ἰόλης
275 566 500 634 ἀφικέσθαι
526 569 602 623 τῆς
625 548 852 628 Εὗρώτου,
873 561 944 608 τὸν
980 560 1024 608 δὲ
1051 562 1111 625 μὴ
1137 564 1271 610 θελεῒν
1292 563 1398 610 διδό-

50 643 54 647 ’
117 659 209 689 ναι·
232 641 316 706 ἤρα
339 658 384 686 τε
407 637 490 704 γὰρ
515 638 645 694 αὖτης
662 653 735 683 και
753 633 981 697 μίγνυσθαι
1001 632 1076 696 ἔμε
1078 635 1242 699 λλεντῇ
1269 639 1398 698 θυγα-

117 712 210 778 τρὶ,
228 710 346 775 εἰμὴ
370 710 546 775 Ἀργεῖοι
565 706 734 765 ἐξῆλθον
761 708 816 758 εἷς
838 704 917 763 τὴν
936 705 1143 755 Εὔὸοιαν.
1166 710 1235 755 Cf.
1261 712 1399 755 etiam

118 785 321 831 Eustath.
347 783 406 829 ad
427 782 484 828 Il.
511 783 579 838 11,
607 795 633 824 α
656 788 701 824 et
726 795 776 824 11
785 795 867 839 ‚.p
897 778 989 838 857
1018 792 1063 825 et
1085 779 1199 841 859
1226 783 1399 828 -06-

118 866 269 903 terum
307 855 429 900 idem
452 853 732 900 Menecrates
753 867 893 910 quem
914 852 973 896 de
1012 854 1209 913 Megarae
1244 855 1400 899 liberis

119 928 266 974 schol.
288 924 474 971 Pindari
497 923 677 979 laudat,
698 923 757 967 de
774 924 924 967 Nieaea
944 924 1246 968 urbelibrum
1268 941 1413 969 corn-⁵

0 1045 1 1049 ,
117 999 319 1060 posuisse
350 995 551 1042 videtur.
585 996 702 1039 Nam
727 995 789 1040 ita
810 997 992 1041 Tzetzes
1016 996 1075 1041 ad
1103 999 1215 1056 Lyc.
1251 997 1344 1042 662
1387 1015 1396 1042 :

0 1071 2 1109 l
117 1065 389 1132 Μενεκράτης
417 1068 440 1112 ὁ
462 1064 570 1130 Περὶ
605 1065 788 1119 Νικαίας
811 1064 1034 1132 γεγραφὼς
1073 1066 1266 1114 Ἀλκαῖόν
1296 1085 1399 1132 φησι

0 1115 2 1183 l
115 1137 316 1205 πρότερον
343 1138 566 1184 καλεῖσθαι
587 1136 834 1200 ἹΙρακλέα,
852 1136 981 1185 ὁπότε
1005 1157 1101 1192 τους
1125 1139 1173 1184 ἐκ
1190 1137 1396 1203 Μεγάρας

116 1211 230 1276 αὐτῷ
266 1210 593 1274 γεγεννημένους
628 1210 741 1257 ὀκτὼ
767 1211 946 1268 παῖδας,
978 1210 1052 1257 καὶ
1087 1211 1133 1258 οὗ
1157 1209 1396 1275 τέσσαρας,

54 1276 345 1344 ἆνέλεν,
315 1301 371 1335 ως
393 1300 497 1345 φησι
524 1281 1424 1347 Hiv8ozpoc(lsthm.III,104).Verum'

37 1414 43 1424 .
56 1357 212 1405 haec
245 1365 404 1416 apeite
438 1357 622 1401 Tzetzes
644 1356 793 1400 hausit
819 1371 874 1401 ex
909 1357 1054 1403 schol.
1083 1356 1293 1412 Pindari,
1315 1357 1397 1400 ubi

51 1447 81 1502 ss?
74 1429 231 1475 nihil
271 1429 441 1488 legitur
493 1428 551 1473 ele
597 1430 860 1473 Menecrate
909 1429 1141 1473 Nicaensis
1199 1429 1401 1472 histmiae

115 1508 334 1556 auctore,
372 1516 510 1559 quem
543 1502 756 1545 asciverit
789 1516 845 1545 ex
893 1502 1145 1546 Plutarcho
1189 1502 1324 1547 T.hes
1355 1517 1397 1547 c.

42 1517 72 1622 ⁶}
119 1573 208 1630 26,
229 1573 312 1618 ubi
333 1573 552 1618 laudatur
576 1571 853 1635 Μενεκράτης
875 1591 955 1625 τις
977 1571 1167 1635 ἱστορίαν
1193 1571 1290 1635 περὶ
1318 1573 1402 1619 Νι-

60 1682 61 1685 ,
87 1691 90 1697 .
116 1642 298 1696 καίας...
325 1642 586 1696 ἐκδεδωκώς.
613 1647 730 1690 Nam
751 1647 908 1706 legisse
929 1647 1122 1690 Tzetzen
1139 1647 1263 1689 hunc
1286 1647 1402 1690 Plu-

2 1748 4 1754 s
56 1720 74 1767 Τί
114 1715 263 1762 warchi
296 1717 453 1762 locum
485 1724 613 1776 patet
654 1732 709 1762 ex
733 1718 876 1763 schol.
920 1717 1017 1776 ejus
1048 1718 1108 1762 ad
1146 1716 1400 1763 Antehom.

3 1783 6 1797 ³
59 1808 85 1814 ·”
113 1791 166 1851 p'.
211 1788 304 1834 238
343 1789 418 1833 ed.
463 1790 645 1834 Jacobs.
694 1789 837 1850 (vide
885 1790 1123 1834 Herodori
1162 1791 1219 1835 sr.
1288 1806 1339 1847 ¹7
1366 1791 1399 1848 ).

116 1862 268 1920 Quare
318 1877 432 1906 num
471 1876 634 1906 levera
668 1863 952 1906 Menecrates
991 1877 1128 1921 quem
1164 1863 1404 1906 scholiasta

117 2003 256 2053 suerit
274 2021 394 2078 unus
415 2006 660 2066 idemque,
686 2008 734 2050 in
757 2007 914 2051 medio
935 2008 1180 2066 relinquo.

526 2136 674 2183 ΠΕΡΙ
711 2136 992 2185 ΝΙΚΑΙΑΣ.

50 2248 88 2291 ῑ“·”’
437 2282 465 2299 ,
739 2252 784 2299 8.

187 2381 420 2428 Plutarch.
459 2382 589 2427 Thes.
626 2398 668 2429 c.
698 2382 757 2427 26
792 2398 804 2429 :
841 2378 1192 2445 Μενεκράτης
1235 2379 1280 2426 δέ
1318 2398 1403 2437 τις,

90 2450 357 2517 ἱστορίαν
375 2470 496 2517 περι
513 2451 741 2505 Νικαίας
762 2472 860 2510 της
877 2454 929 2499 ἐν
948 2451 1178 2515 Βιθυνία
1206 2449 1407 2503 πόλεως

36 2542 46 2595 {⁴
87 2576 89 2578 ,
112 2523 467 2580 &Sason-,m
510 2523 669 2581 Θησέα
712 2524 817 2589 φησὶ
858 2523 936 2582 τὴν
984 2523 1208 2580 Ἀντιόπην
1252 2523 1406 2586 ἔχοντα

10 2599 13 2635 ἶ
46 2600 119 2681 ’ᾗ
112 2594 341 2685 διατρῖψαι
364 2615 462 2659 περι
498 2596 666 2650 τούτους
692 2616 786 2650 τους
813 2595 991 2650 τόπους·
1012 2595 1237 2659 τυγχάνειν
1259 2594 1303 2642 δὲ
1327 2613 1407 2641 συ-

79 2687 428 2762 στρατευοντας
452 2671 568 2716 αὐτω
593 2676 703 2733 τρεῖς
725 2667 1007 2722 νεανίσκουςε
991 2667 1031 2723 ἐξ
1053 2668 1259 2727 Ἇθηνων,
1289 2668 1408 2714 ἀδελ·

50 2770 113 2838 {a
111 2740 224 2807 φους
271 2738 489 2806 ἀλληλων,
534 2717 706 2789 Εὔνεων
743 2760 816 2788 και
848 2740 1023 2790 Θόαντα
1063 2760 1135 2787 και
1177 2739 1406 2787 Σολόεντα.

69 2823 112 2879 ⁷}-
104 2815 286 2865 Τουτον
304 2832 374 2862 ουν
397 2815 560 2877 ἐρῶντα
577 2816 651 2870 τῆς
669 2812 915 2875 Ἀντιόπης,
934 2832 1008 2859 και
1025 2812 1289 2860 λανθάνοντα
1313 2831 1408 2864 τους

83 2879 295 2965 θλους,
321 2885 498 2941 ἐξειπεῖν
515 2885 620 2950 πρὸς
644 2905 717 2932 ενα
738 2888 823 2933 τῶν
845 2884 1061 2943 συνήθων·
1080 2884 1236 2932 ἐκείνου
1253 2883 1296 2931 δὲ
1310 2902 1408 2948 περι

34 2947 279 3061 &remmia
317 2957 563 3022 ἐντυχόντος
601 2961 654 3021 τῇ
679 2957 905 3023 Ἀντιόπῃ,
939 2956 1014 3015 τὴν
1045 2956 1120 3019 μὲν
1156 2955 1232 3013 τὴν
1255 2961 1408 3021 πεῖραν

66 3138 122 3243 ξ
587 3119 672 3166 DE
708 3119 935 3168 NICAEA.

745 3253 788 3292 8.

42 3364 46 3370 ’
102 3339 126 3402 ζ·”
150 3361 155 3386 ῖ
174 3353 415 3394 Menecrates
426 3355 587 3405 quidam
600 3385 611 3404 ,
625 3355 692 3405 qui
710 3356 921 3395 Historiam
937 3355 1077 3395 Nicaeae
1095 3356 1204 3395 urbis
1219 3355 1410 3405 Bithyniae

173 3415 187 3425 '
215 3417 478 3466 it,'rheseum
505 3421 724 3467 memorat,
756 3430 882 3468 quum
905 3419 1116 3468 Antiopam
1149 3419 1322 3468 teneret,
1343 3418 1411 3457 de-

75 3508 82 3541 ..
161 3523 163 3526 Α
233 3481 320 3522 tum
340 3483 584 3534 aliquamdiu
607 3483 683 3523 illis
710 3483 748 3522 in
770 3483 849 3523 oris
867 3498 876 3522 :
895 3483 1078 3524 habuisse
1093 3485 1228 3522 autem
1245 3493 1336 3522 eum
1352 3493 1412 3522 se-

54 3544 86 3603 32?
123 3551 218 3596 mm
229 3547 527 3595 commilitones,
540 3549 619 3587 tres
630 3547 881 3586 Athenienses
890 3547 1067 3596 Juvenes
1085 3547 1223 3586 tratres
1240 3547 1340 3586 inter
1354 3558 1410 3595 se,

84 3599 328 3660 δ’·ἘΙίΙιευῐιι,
355 3610 578 3651 Thoantem
595 3611 987 3651 etsoloenta.11unc
1008 3611 1186 3661 Antiopoe
1202 3622 1335 3652 amore
1352 3611 1411 3650 in-

21 3699 23 3704 ·
68 3678 110 3718 l<
122 3668 386 3724 summatum,
401 3686 524 3726 quum
550 3675 731 3716 ardorem
751 3687 869 3716 suum
881 3677 1024 3716 celaret
1050 3676 1166 3726 alios,
1198 3676 1264 3714 uni
1285 3686 1334 3714 ex
1351 3676 1409 3714 sa-

74 3727 342 3802 [salinaribus
357 3739 572 3789 detexisse;
589 3741 659 3791 qui
676 3749 802 3791 quum
820 3741 1028 3791 Antiopam
1050 3741 1124 3779 hac
1143 3706 1193 3779 (le
1212 3751 1255 3779 re
1273 3741 1408 3790 appel-

75 3783 246 3850 Qum,
268 3811 355 3841 eam
367 3803 669 3844 attentationem
692 3804 813 3854 huJus
828 3804 1015 3854 repulisse
1027 3805 1182 3851 acriter,
1195 3803 1410 3854 prudenter

73 3861 168 3903 viil
179 3865 313 3904 tamen
325 3865 463 3906 tulisse
477 3868 518 3906 et
533 3866 687 3917 leniter,
709 3876 839 3918 neque
853 3867 903 3907 ad
923 3868 1118 3908 Theseum
1136 3867 1335 3906 detulisse.
1361 3869 1409 3905 At

70 3927 275 3990 §idme
290 3929 457 3971 abscissa
477 3942 544 3982 spe
561 3943 687 3982 quum
707 3933 747 3972 in
763 3943 921 3972 amnem
937 3943 1014 3983 qu(
1016 3933 1134 3971 udam
1151 3943 1191 3972 se
1207 3932 1409 3981 ahJecisset

2661 329 2752 370 ³⁴5

1474 422 1658 486 ἰσχυρῶς
1688 422 2035 486 ἀποτρίψασθαι,
2055 423 2102 469 τὸ
2133 425 2176 470 δὲ
2201 433 2379 487 πρᾶγμα
2407 427 2630 491 σωφρόνως
2663 427 2757 490 ἅμα

1473 494 1548 539 καὶ
1575 491 1720 558 πρᾴως
1742 494 1925 554 ἐνεγκεῖν
1941 530 1954 555 ,
1987 494 2059 540 καὶ
2082 495 2184 558 πρὸς
2207 496 2278 542 τὸν
2303 498 2454 555 Θησέα
2481 498 2540 559 μὴ
2567 518 2757 562 κατηγο-

1476 568 1619 629 ρῆσαι.
1639 567 1730 612 Τοῦ
1751 564 1795 610 δὲ
1820 564 2048 618 Σολόεντος
2065 602 2076 623 ,
2099 569 2154 618 ὡς
2175 569 2368 629 ἀπέγνω,
2390 570 2583 634 ῥίψαντος
2607 569 2754 618 ἑαυτὸν

1474 638 1532 690 εἷς
1554 635 1749 697 ποταμόν
1769 655 1862 682 τινα
1881 635 1953 683 καὶ
1972 637 2289 702 διαφθαρέντος,
2309 640 2546 701 ’ᾐσθημένον
2565 640 2659 688 τότε
2680 641 2756 698 τὴν

1475 708 1615 755 αἰτίαν
1639 726 1712 754 και
1728 708 1775 754 τὸ
1801 708 1934 761 πάθος
1957 726 2029 754 του
2052 707 2271 754 νεανίσκου
2294 708 2364 754 τὸν
2399 710 2551 766 Θησέα
2596 711 2756 775 βαρέως

1474 784 1618 844 ἔνεγκε
1624 800 1676 840 ιν,
1701 798 1775 827 και
1798 781 2086 855 δυσφορουντα
2110 779 2251 843 λόγιόν
2274 799 2315 826 τι
2330 781 2625 844 πυθόχρηστον
2657 785 2752 829 ἀνε·

1474 858 1639 916 νεγκεῖν
1670 871 1775 917 προς
1799 851 1976 898 ἑαυτόν·
2007 855 2116 898 εἶναι
2146 850 2229 915 γὰρ
2251 852 2367 897 αὐτῶ
2393 852 2758 914 προστεταγμένον

1474 927 1517 972 ἐν
1549 926 1727 989 Δελφοῖς
1761 924 1844 971 υπὸ
1876 927 1951 982 τῆς
1985 923 2175 982 Πυθίας,
2210 922 2311 969 ὅταν
2348 923 2415 968 ἐπὶ
2453 923 2568 1011 ξένης
2609 926 2757 987 ἀνιαθῇ

1477 995 1668 1058 μάλιστα
1686 994 1759 1042 καὶ
1781 994 2012 1059 περίλυπος
2033 995 2226 1057 γένηται,
2246 993 2370 1042 πόλιν
2396 995 2484 1039 ἐκεῖ
2500 994 2658 1051 κτίσαι,
2684 994 2758 1040 καὶ

1475 1071 1559 1115 τῶν
1590 1070 1699 1133 ἀμφ’
1725 1066 1852 1114 αὑτὸν
1877 1065 1992 1120 τινὰς
2023 1065 2238 1129 ἡγεμόνας
2269 1067 2537 1114 καταλιπεῖν.
2607 1066 2688 1114 Ἐκ
2716 1067 2758 1112 δὲ

1479 1139 1631 1187 τούτου
1654 1139 1731 1198 τὴν
1758 1138 1834 1202 μὲν
1867 1140 2005 1197 πόλιν,
2025 1139 2077 1196 ἣν
2099 1138 2280 1196 ἔκτισεν,
2313 1136 2487 1185 ἀπὸτοῦ
2508 1141 2602 1184 θεοῦ
2625 1137 2762 1185 Πυθό-

1476 1213 1600 1259 πολιν
1617 1215 1984 1276 προσαγορεῦσαι·
2013 1210 2226 1259 Σολόεντα
2252 1209 2294 1257 δὲ
2317 1209 2387 1256 τὸν
2424 1209 2604 1267 πλησίον
2627 1228 2762 1256 ποτα-

1476 1283 1555 1347 μὸν
1578 1285 1647 1330 ἐπι
1672 1288 1778 1348 τιμῇ
1802 1303 1876 1330 του
1898 1283 2134 1332 νεανίσκου.
2205 1282 2456 1331 Καταλιπε”
2441 1301 2478 1328 ιν
2501 1280 2545 1328 δὲ
2573 1280 2645 1328 καὶ
2666 1300 2762 1335 τους

1476 1354 1680 1422 ἀδελφους
1701 1357 1829 1402 αυτοῦ
1864 1347 1992 1402 οῖον’
1973 1354 2205 1408 επιστάτας
2223 1373 2297 1400 και
2319 1352 2570 1415 νομοθέτας,
2597 1351 2669 1399 καὶ
2688 1351 2763 1399 συν

1477 1429 1619 1482 αὐτοῖς
1651 1427 1846 1492 ”Ερμον,
1886 1426 2020 1491 ἄνδρα
2062 1445 2145 1473 των
2186 1424 2406 1483 Ἀθήνησιν
2450 1425 2759 1487 Εὐπατριδῶν

1477 1502 1548 1566 ἀφ’
1569 1494 1615 1548 ου
1642 1519 1716 1548 και
1740 1499 1870 1547 τόπον
1889 1498 2053 1563 Ἑρμοῦ
2074 1498 2220 1544 καλεῖν
2240 1497 2376 1545 οἰκίαν
2399 1497 2495 1550 τοὺς
2524 1495 2763 1543 Πυθοπολί-

1476 1593 1551 1626 τας
1575 1574 1651 1619 οὐκ
1669 1574 1800 1637 ὀρθῶς
1818 1571 1893 1629 τὴν
1913 1571 2111 1635 δευτέραν
2139 1569 2358 1627 συλλαὸὴν
2378 1571 2675 1630 περισπῶντας
2692 1568 2763 1615 καὶ

1476 1645 1554 1703 τὴν
1574 1644 1695 1700 δόξαν
1718 1645 1788 1691 ἐπὶ
1814 1643 1906 1691 θεὸν
1931 1643 2016 1690 ἀπὸ
2043 1642 2178 1708 ἥρωος
2200 1642 2514 1706 μετατιθέντας.

1544 1873 1768 1930 Reliquos
1788 1872 2059 1929 script01e5‚
2087 1869 2255 1927 quibus
2275 1868 2549 1915 Menecratis
2570 1882 2760 1921 nomen,

115 1933 304 1980 Pindari
335 1933 514 1989 laudat,
550 1943 688 1993 atque
722 1943 887 1978 auctor
917 1935 1119 1978 historiae
1167 1935 1400 1978 Nicaensis
1438 1962 1442 2007 γ
1477 1954 1530 1988 ut
1554 1946 1791 1988 Mil'esjum
1812 1942 2161 2003 grammaticum
2187 1938 2282 2003 (ap
2302 1940 2446 1984 schol
2467 1942 2607 1984 Hom
2635 1940 2690 1983 11
2714 1945 2760 1993 4,

1479 2015 1812 2076 94311‚677;
1835 2021 1911 2069 24,
1934 2010 2062 2074 804),
2090 2022 2135 2057 et
2159 2012 2433 2072 Ephesium,
2451 2013 2577 2056 Arati
2593 2025 2763 2070 praece

1479 2100 1662 2149 ptorem
1680 2087 1858 2150 (Suidas
1873 2103 1918 2132 v,
1938 2081 2157 2147 Αρατος),
2174 2085 2388 2129 carminis
2400 2083 2458 2126 de
2467 2083 2764 2143 Agricultura

1481 2171 1717 2206 auctorem
1757 2157 1938 2222 (Varro
1976 2159 2034 2202 R.
2083 2159 2141 2203 R.
2175 2158 2221 2214 Ι,
2260 2172 2301 2211 1,
2340 2156 2522 2216 93111,
2560 2154 2645 2210 16,
2685 2153 2762 2212 183

1480 2235 1597 2279 Plin.
1637 2235 1694 2279 H.
1718 2233 1776 2278 N.
1801 2233 1924 2286 VIII,
1952 2239 1997 2274 et
2022 2231 2115 2285 IX,
2143 2228 2224 2289 7);
2252 2243 2395 2287 porro
2431 2228 2506 2273 M.
2545 2231 2762 2270 comicum

1485 2305 1718 2366 (Suidasv.
1736 2301 2239 2364 MsvexpNMeineeke
2267 2302 2398 2346 Com.
2423 2300 2479 2343 fr.
2500 2300 2543 2355 1,
2558 2314 2607 2358 p.
2628 2298 2760 2359 493),

1478 2379 1765 2433 Smyrnaeum
1797 2385 1982 2435 poetam
2009 2372 2168 2434 (cujus
2205 2372 2300 2416 duo
2336 2372 2665 2431 epigrammata
2715 2371 2765 2413 in

1480 2450 1671 2495 Anthol.
1688 2451 1790 2508 I,p.
1809 2447 1944 2510 476),
1963 2446 2298 2504 Syracusanum
2316 2443 2549 2487 medicum
2571 2442 2762 2502 (Athen.

1479 2539 1530 2582 p.
1560 2521 1677 2581 289,
1700 2523 1754 2577 B,
1773 2519 1934 2564 Suidas
1947 2535 1994 2564 v.
2022 2514 2323 2578 Μενεκράτης,
2345 2514 2577 2560 Plutarch.
2600 2514 2763 2573 Agesil.

1483 2611 1537 2638 21
1558 2630 1570 2653 ‚
1594 2594 1764 2639 AElian.
1806 2593 1947 2638 V.'H.
1972 2591 2090 2644 XII,
2132 2588 2187 2633 51
2220 2586 2261 2649 ),
2281 2588 2421 2631 alium
2438 2588 2503 2633 M.
2530 2585 2761 2630 medicum

1482 2682 1619 2726 quem
1639 2665 1796 2709 laudat
1821 2664 1988 2709 Coelius
2019 2661 2177 2706 Aurel.
2209 2660 2380 2705 Chron.
2411 2674 2529 2717 pass.
2568 2659 2611 2712 1,
2639 2662 2662 2709 4
2680 2690 2691 2711 ,
2721 2666 2765 2700 et

1482 2740 1666 2782 tertium
1690 2739 1800 2780 item
1825 2735 2081 2789 medicum,
2112 2732 2170 2776 de
2198 2747 2293 2791 quo
2315 2747 2355 2773 ν.
2399 2730 2581 2775 Fabric.
2609 2731 2661 2773 B.
2684 2729 2762 2774 Gr.

1479 2811 1595 2855 XIII
1612 2846 1624 2866 ,
1652 2825 1697 2868 p.
1726 2807 1816 2851 332
1843 2818 1887 2852 et
1915 2806 2153 2866 Sprengel.
2187 2802 2350 2848 Gesch.
2381 2803 2439 2846 (Ie
2462 2801 2674 2847 Arzneik.
2697 2802 2765 2855 11,

1480 2899 1530 2942 p.
1562 2898 1618 2939 72
1641 2897 1730 2939 sq„
1762 2881 1846 2923 hos
1867 2894 2047 2933 omnes,
2072 2879 2286 2936 inquam,
2313 2874 2459 2918 verbo
2490 2887 2766 2917 memorasse

1481 2957 1585 2999 satis
1606 2963 1685 3000 est.

1480 3105 1520 3144 et
1543 3102 1778 3150 interiisset,
1794 3101 1997 3151 explorata
2012 3101 2110 3139 tunc
2129 3108 2246 3137 causa
2262 3098 2301 3136 et
2327 3093 2583 3135 adolescentis
2607 3102 2740 3132 amore
2754 3121 2765 3139 ,
2825 3142 2828 3145 Δ

1480 3167 1617 3207 tulisse
1640 3166 1835 3206 Theseum
1860 3174 1943 3203 rem
1969 3163 2153 3214 graviter,
2180 3159 2540 3208 discruciatumque
2561 3156 2767 3196 oraculum

1481 3231 1680 3282 quoddam
1703 3229 1891 3281 Apollinis
1907 3227 1957 3289 ad
1972 3239 2013 3267 se
2031 3226 2258 3278 applicasse.
2276 3228 2378 3266 Nam
2393 3235 2417 3262 a
2439 3222 2579 3273 Pythia
2594 3221 2667 3260 sibi
2681 3220 2765 3259 Del·

1482 3297 1568 3347 phis
1586 3300 1857 3347 paeceptum,
1889 3304 2013 3344 quum
2043 3302 2204 3343 peregre
2236 3288 2464 3339 gravissime
2491 3287 2698 3335 angeretur
2725 3287 2765 3323 et

1481 3362 1583 3399 esset
1599 3358 1807 3410 pertristis,
1825 3357 1965 3396 urbem
1983 3356 2036 3395 ibi
2052 3357 2097 3395 ut
2108 3354 2309 3402 conderet,
2329 3353 2368 3391 et
2383 3351 2534 3401 aliquos
2548 3349 2597 3388 de
2611 3349 2692 3388 suis
2709 3358 2764 3387 re·

1482 3424 1677 3474 linqueret
1696 3422 1780 3471 ejus
1795 3423 1978 3461 rectores.
2000 3419 2100 3459 Hinc
2117 3413 2277 3466 urbem,
2299 3425 2419 3465 quam
2445 3412 2640 3460 condidit,
2661 3422 2683 3450 a
2703 3411 2765 3449 (1ιί

1482 3486 1641 3526 nomine
1668 3484 1900 3535 Pythopolin
1918 3491 2184 3532 nuncupasse3
2221 3482 2342 3529 atque
2361 3478 2400 3516 in
2418 3477 2604 3516 honorem
2633 3474 2764 3512 adole·

1482 3552 1626 3591 scentis
1640 3581 1649 3598 ,
1667 3550 1932 3600 propinquum
1958 3547 2106 3586 numen
2122 3576 2132 3594 ‚
2149 3546 2372 3585 soloentem
2392 3558 2402 3581 z
2430 3541 2629 3590 reliquisse
2644 3538 2765 3578 etiam

1482 3616 1586 3655 illius
1601 3615 1741 3654 fratres
1759 3613 1868 3651 velut
1885 3613 2055 3650 rectores
2071 3612 2111 3649 et
2125 3609 2387 3658 legislatores,
2404 3616 2493 3643 cum
2516 3604 2638 3653 iisque
2665 3604 2761 3640 ller-

1483 3689 1617 3726 mum,
1651 3676 1925 3717 Atheniensem
1953 3686 2002 3714 ex
2032 3674 2225 3724 patriciis;
2256 3683 2279 3710 a
2312 3681 2393 3720 quo
2412 3670 2541 3708 locum
2566 3664 2761 3715 quendam

1482 3743 1623 3792 Ἑρμοῦ
1646 3740 1770 3779 οἰκίαν
1787 3739 1800 3788 (
1818 3739 1864 3779 id
1878 3741 1940 3778 est
1957 3737 2063 3777 aedes
2078 3740 2235 3777 Hermio
2247 3732 2483 3785 [Mercurii],
2501 3739 2631 3781 quum
2648 3726 2757 3765 deb«-

1482 3816 1505 3843 r
1508 3807 1578 3844 ent
1593 3805 1740 3855 Ἕρμου
1755 3831 1767 3851 ,
1785 3801 1917 3842 Hermi
1935 3803 1948 3851 )
1963 3800 2093 3840 dicere
2104 3798 2401 3850 Pythopolitas:
2419 3795 2486 3844 qui
2502 3801 2639 3842 parum
2657 3790 2765 3827 recte

1481 3867 1798 3907 circumflectunt
1813 3863 2026 3904 secundam
2043 3863 2234 3914 syllabam
2278 3862 2546 3906 honoremque
2571 3852 2619 3891 ad
2639 3851 2756 3889 deum

1482 3931 1719 3970 Mercurium
1735 3929 1786 3968 ab
1810 3929 1927 3968 heroe
1943 3927 2170 3967 traducunt.
