3016 4628
39 1637 43 1644 -
27 1608 43 1625 ·-.
25 1589 47 1596 ἶ
20 1389 53 1575 sva-2¹23*

1056 302 1390 350 GERGlTflu
1426 303 1834 351 FRAGMENTA.

125 413 303 478 zanca,
326 410 506 476 χαύνους
531 408 603 456 καὶ
627 406 769 461 κενους
785 410 1010 466 ποιοῦντα,
1021 406 1193 454 πάντων
1213 409 1297 454 ἐνε
1282 425 1408 471 υπερ·

0 499 1 539 ζ
57 502 60 505 ·
122 489 207 552 σχῇ
230 486 332 556 παρ’
365 482 506 534 αὐτοῖς
545 478 925 541 ὓπολαμὸάνεσθαι
952 477 1363 533 κατασκευάζεσθαι
1386 500 1405 519 ι»

126 550 254 614 Ἑξῆς
267 574 314 602 τε
335 552 607 616 διηγούμενος
629 550 728 617 περί
747 569 854 605 τινος
874 549 1118 614 μειρακίου,
1136 549 1308 616 Παφίου
1330 548 1407 612 μὲν

28 611 63 690 ,η’
123 627 172 676 τὸ
194 626 332 692 γένος,
367 623 575 690 βασιλέως
609 621 653 670 δὲ
680 622 756 680 τὴν
784 622 936 688 τύχην,
969 644 987 662 α
1024 624 1162 670 Τοῦτο
1190 621 1326 688 (φησὶ)
1359 621 1407 669 τὸ

19 694 35 740 Ῐ
62 707 66 755 f
125 698 343 764 μειράκιον
367 698 431 761 (οὐ
447 694 582 760 λέγων
601 697 727 742 αὐτοῦ
744 693 946 757 τοῦνομα)
964 693 1184 742 κατέκειτο
1206 693 1257 741 δι’
1275 697 1406 759 ὑπερ-

125 771 366 820 ὄοίλλουσαν
389 767 551 834 τρυφὴν
578 767 648 815 ἐπὶ
675 765 962 832 ἀργυρόποδος
984 766 1130 825 κλίνης
1146 803 1160 830 ,
1185 768 1406 831 ὑπεστρω-

125 841 252 905 μένης
297 841 517 906 Σαρδιανῇ
568 838 817 904 ψιλοτάπιδι
860 842 944 886 τῶν
985 838 1098 886 πάνυ
1144 839 1404 888 πολυτελων.

124 913 423 972 Ἐπεὸέῧλητο
449 913 486 960 δ’
506 913 623 978 αὐτῷ
651 915 891 977 πορφυροῦν
918 910 1162 976 ἀμφίταπον
1189 909 1417 976 ἀμοργίνῳ»

51 988 62 996 ”
123 986 378 1050 καλυμματι
394 983 765 1050 περιειλημμένον
787 983 1182 1049 Προσκεφάλαιαδ’
1199 976 1290 1047 εἶχε
1309 983 1406 1048 τρία

123 1057 240 1121 μὲνζ
224 1057 305 1104 υπὸ
329 1060 382 1123 τῇ
402 1058 568 1122 κεφαλῇ
597 1055 778 1122 βύσσινα
799 1059 1079 1146 παραλουργη
1094 1094 1105 1115 ,
1134 1056 1186 1103 δι’
1206 1060 1265 1102 ὧν
1292 1056 1405 1118 ἠμύ-

121 1147 215 1178 νετο
247 1129 296 1177 τὸ
319 1134 490 1191 καῦμα,
525 1127 598 1175 δύο
633 1129 669 1174 δ’
712 1128 794 1174 υπὸ
831 1131 917 1183 τοῖς
950 1147 1097 1189 ποσιν,
1142 1127 1405 1192 ὑσγινοὸαφῆ

121 1205 205 1250 τῶν
246 1205 452 1267 Δωρικῶν
492 1200 784 1264 καλουμένων·
822 1201 886 1267 ἐφ’
917 1194 976 1248 ὧν
1018 1200 1240 1249 κατέκειτο
1274 1202 1405 1265 λευκῇ

119 1273 327 1341 χλαμύδι.
355 1295 374 1316 »

187 1368 206 1389 α
232 1344 606 1413 Παραδεδεγμένοι
624 1346 661 1392 δ’
681 1346 761 1392 εἶσι
778 1344 932 1400 πάντες
949 1348 986 1392 οἱ
1006 1345 1118 1393 κατὰ
1137 1345 1214 1404 τὴν
1232 1344 1406 1410 Κύπρον

121 1417 340 1483 μόναρχοι
347 1417 395 1465 τὸ
414 1421 497 1464 τῶν
518 1420 700 1481 εὐγενῶν
715 1416 911 1464 κολάκων
935 1416 1078 1480 γένος,
1096 1421 1152 1472 ὥς
1170 1416 1402 1482 χρήσιμον.

121 1489 245 1538 Πάνυ
266 1489 348 1553 γὰρ
369 1489 416 1536 τὸ
439 1492 586 1549 κτῆμα
613 1488 863 1552 τυραννικόν
888 1490 993 1537 ἐστι.
1029 1489 1116 1537 Καὶ
1137 1489 1298 1536 τούτων
1321 1480 1406 1535 οἷον

118 1559 431 1622 Ἀρεοπαγιτῶν
455 1580 578 1607 τινων
603 1558 699 1607 οὔτε
725 1559 775 1608 τὸ
797 1561 956 1617 πλῆθος
979 1558 1075 1606 οὔτε
1095 1559 1169 1613 τὰς
1192 1559 1367 1626 ὄψεις””
1328 1579 1407 1614 εςω

47 1640 49 1643 ’
116 1635 201 1678 τῶν
226 1631 574 1698 ἐπιφανεστάτων
599 1624 708 1679 οἶδεν
744 1631 894 1686 οὐδείς.
920 1632 1203 1696 Διῃρημ.ε’νων
1236 1633 1280 1680 δὲ
1306 1634 1406 1696 διχῆ

117 1703 231 1751 κατὰ
256 1703 504 1768 συγγένειαν
528 1707 611 1751 τῶν
631 1706 674 1752 ἐν
695 1707 747 1768 τῇ
774 1705 993 1766 Σαλαμινι
1013 1706 1226 1771 κολάκων,
1251 1707 1328 1770 ἀφ
1347 1709 1406 1752 ὡν

117 1778 221 1824 εἰσιν
257 1777 295 1823 οἳ
330 1774 443 1822 κατὰ
477 1774 554 1833 τὴν
588 1775 723 1834 ἄλλην
758 1775 932 1840 Κύπρον
970 1764 1175 1835 κόλακες,
1202 1796 1298 1830 τους
1330 1776 1407 1844 μὲν

118 1845 365 1913 Γεργίνους,
403 1851 499 1902 τοὺς
545 1846 587 1895 δὲ
637 1848 962 1914 Προμάλαγγας
1000 1848 1405 1914 προσαγορεύουσιν.

115 1912 203 1970 *nv
241 1923 279 1968 οι
316 1919 393 1982 μὲν
416 1921 610 1985 Γεργῖνοι
636 1919 1052 1984 συναναμιγνύμενοι
1081 1924 1166 1974 τοῖς
1190 1920 1304 1969 κατὰ
1329 1921 1406 1980 τὴν

83 1999 86 2002 ’
115 1991 286 2040 mim*
262 2012 305 2040 εν
325 2012 371 2040 τε
391 1995 477 2047 τοῖς
494 1992 785 2058 ἐργαστηρίοις
809 1991 883 2040 καὶ
903 2000 995 2046 ταῖς
1020 1994 1194 2058 ἀγοραῖς
1213 1995 1405 2041 ὠτακου-

26 2061 63 2117 ”,
116 2069 288 2127 στοῦσι,
303 2064 590 2112 κατασκόπων
609 2063 776 2130 ἔχοντες
791 2064 924 2124 τάξιν,
942 2065 968 2113 ὅ
980 2085 1021 2114 τι
1042 2066 1078 2113 δ’
1096 2064 1146 2114 ἂν
1166 2065 1406 2114 ἀκούσωσιν

116 2136 398 2202 ἀναφέρουσιν
431 2137 618 2195 ἑκάστης
651 2137 816 2203 ἡμέρας
853 2138 957 2203 πρὸς
982 2137 1090 2192 ’τοὺς
1120 2137 1407 2199 καλουμένους

54 2209 63 2226 ”
100 2208 317 2264 ἄνακτας.
346 2212 403 2257 Οἱ
429 2209 472 2257 δὲ
510 2210 830 2275 Προμάλαγγες
853 2213 1050 2268 ζητοῦσιν
1079 2210 1174 2257 ἀντὶ
1205 2213 1288 2257 τῶν
1325 2209 1408 2257 ὑπὸ

42 2317 59 2334 -Ὶ
90 2283 199 2328 ’τῶν
239 2281 452 2347 Γεργίνων
491 2282 917 2346 προσαγγελθέντων,
951 2281 977 2328 δ’
998 2302 1039 2329 τι
1071 2281 1123 2329 ἂν
1155 2281 1270 2337 ἄξιον
1299 2275 1407 2328 εἶναι

54 2348 61 2397 Ϊ
115 2352 329 2412 ζητήσεως
364 2352 492 2418 δόξῃ,
519 2353 635 2408 ὄντες
671 2352 780 2407 τινὲς
824 2353 1065 2418 ἐρευνηταί.
1114 2353 1206 2402 Καὶ
1245 2353 1406 2401 τούτων

9 2512 11 2514 -
113 2491 217 2530 Tum
234 2500 350 2539 vero,
364 2500 489 2539 quum
503 2488 587 2539 jam
604 2500 674 2540 per
689 2499 731 2528 se
746 2488 870 2528 inflati
900 2489 978 2528 sint
997 2489 1023 2528 ii
1046 2489 1192 2539 quibus
1207 2490 1404 2529 assentan-

9 2563 11 2614 ζ
49 2573 61 2601 v:
111 2553 193 2602 tur,
214 2564 374 2603 prorsus
385 2554 505 2592 etiam
530 2563 653 2592 vanos
668 2552 879 2603 futilesque
895 2564 963 2594 eos
977 2563 1049 2592 sua
1063 2552 1292 2592 adulatione
1316 2552 1405 2593 red-

111 2615 235 2666 dunt,
254 2617 481 2666 faciuntque
499 2617 544 2656 ut
561 2627 681 2665 supra
702 2627 839 2656 omnes
860 2616 959 2656 alios
974 2617 1098 2656 elatos
1116 2627 1159 2656 se
1187 2616 1245 2655 illi
1265 2616 1402 2656 existi-

111 2681 236 2720 ment.
277 2695 310 2722 n,
333 2683 435 2720 Tum
470 2679 520 2719 de
556 2679 849 2720 adolescentulo
883 2679 1057 2729 quodam
1087 2679 1209 2719 verba
1235 2680 1398 2730 faciens,

115 2744 263 2794 Paphio
285 2755 450 2795 genere,
474 2744 700 2784 conditione
723 2755 842 2794 rege:
862 2759 880 2778 «
903 2745 977 2784 Hic
990 2744 1307 2784 adolescentulus
1321 2774 1332 2793 ,
1350 2744 1406 2784 ait

50 2812 65 2844 '1
113 2808 273 2857 (nomen
283 2807 368 2858 eJus
379 2818 460 2853 non
468 2807 622 2856 edidit).
631 2808 683 2848 ob
698 2807 956 2848 immodicum
969 2809 1112 2848 luxum
1124 2808 1295 2847 cubabat
1303 2809 1344 2847 in
1352 2807 1405 2848 le·

59 2876 63 2898 z
112 2871 222 2911 ctulo
233 2871 397 2923 pedibus
413 2873 432 2911 f
430 2872 513 2911 ulto
523 2872 715 2922 argenteis
725 2903 736 2923 ‚
747 2874 948 2912 constrato
957 2874 1087 2922 tapete
1099 2871 1208 2911 nudo
1217 2871 1405 2912 Sardiano

32 2985 36 2994 ⁵
54 2974 57 2978 ,
111 2945 162 2975 ex
174 2946 222 2974 eo
234 2946 374 2985 genere
386 2935 562 2986 quisunt
573 2935 858 2985 pretiosissimi.
879 2938 1058 2985 superne
1074 2935 1405 2986 corporiinjectus

37 3018 39 3020 ·
113 3001 198 3041 erat
224 3011 446 3051 purpureus
474 3001 586 3051 tapes
614 3001 816 3050 utrimque
843 3001 1028 3050 villosus,
1051 3001 1115 3039 cui
1148 3001 1405 3051 Amorginum

0 3114 3 3119 γ
55 3063 58 3065 ’
83 3107 91 3112 ,
112 3066 270 3115 tegmen
286 3065 576 3105 circumdatum
593 3068 690 3105 erat.
727 3068 824 3105 Tres
853 3067 987 3105 autem
1021 3065 1194 3105 habebat
1224 3065 1406 3115 pulvinos

52 3132 81 3174 ζ’»
114 3120 289 3179 byssinos
299 3128 508 3179 purpureis
523 3128 687 3168 fimbriis
699 3130 912 3179 praetextos
923 3158 934 3178 ,
953 3129 1097 3178 quibus
1112 3139 1153 3168 se
1168 3128 1405 3169 defendebat

113 3200 164 3233 ne
181 3191 288 3232 calor
315 3191 388 3242 ipsi
416 3192 754 3242 incommodaret;
779 3192 880 3231 duos
899 3202 993 3231 vero
1012 3202 1036 3230 a
1051 3191 1216 3242 pedibus
1242 3191 1405 3242 hysgino

0 3310 2 3315 y
49 3251 91 3301 ¹12,
113 3255 258 3296 tinctos
272 3267 324 3296 ex
338 3267 384 3296 eo
400 3267 542 3306 genere
557 3258 624 3307 qui
645 3257 776 3297 Dorici
789 3258 986 3296 vocantur
1005 3273 1015 3296 :
1034 3267 1152 3307 super
1172 3257 1233 3297 his
1248 3268 1404 3296 recum-

52 3354 54 3358 .
75 3342 85 3389 3
118 3317 236 3366 bcbat
251 3320 416 3360 candida
437 3321 540 3360 laena
559 3320 733 3360 indutus.
759 3337 778 3355 ι»

167 3399 187 3421 «ι
199 3387 267 3425 Est
277 3387 408 3426 autem
421 3387 580 3426 vetusto
595 3397 669 3425 usu
682 3385 787 3436 apud
796 3396 933 3425 omnes
946 3385 1064 3435 Cypri
1078 3395 1186 3435 reges
1202 3386 1403 3435 receptum

62 3424 89 3505 ff*
114 3447 305 3488 nobilium
314 3451 603 3497 assentatorum
615 3460 752 3499 genus,
769 3451 962 3499 tanquam
974 3448 1091 3487 rebus
1102 3448 1278 3498 ipsorum
1290 3449 1403 3488 utile.

59 3508 298 3561 ''³',.lnprimis
322 3513 430 3552 enim
455 3512 711 3561 commodum
738 3514 798 3552 est
827 3514 1020 3562 tyranno,
1041 3512 1142 3551 tales
1167 3511 1346 3551 homines
1364 3512 1405 3552 in

116 3578 252 3627 parato
270 3576 428 3616 habere.
458 3579 612 3617 Horum
641 3578 798 3626 autem,
827 3576 938 3626 quasi
966 3575 1130 3626 quidam
1161 3577 1405 3626 Areopagitae

117 3640 266 3690 essent,
281 3650 411 3690 neque
434 3651 644 3681 numerum
656 3671 668 3691 ,
687 3651 817 3691 neque
838 3640 1002 3689 faciem,
1018 3639 1194 3690 exceptis
1224 3639 1406 3679 illustris-

117 3701 246 3752 simis,
262 3703 374 3744 novit
390 3714 523 3744 nemo.
559 3706 651 3744 Jam
668 3704 736 3754 qui
758 3704 800 3743 in
817 3703 917 3743 urbe
935 3702 1131 3744 Salamine
1160 3704 1254 3742 sunt
1279 3713 1408 3742 assen-

117 3767 286 3816 moras,
306 3777 331 3807 a
349 3768 496 3820 quibus
513 3779 651 3809 omnes
666 3768 706 3807 in
731 3768 883 3818 reliqua
899 3770 1035 3818 cypro
1055 3767 1245 3817 originem
1271 3768 1405 3806 traxe·

119 3831 237 3882 runt,
267 3830 309 3872 in
341 3831 440 3872 duas
471 3833 764 3874 distribuuntur
794 3832 985 3882 familias,
1015 3841 1137 3872 unam
1170 3842 1309 3870 eorum
1337 3830 1404 3881 qui

74 3903 98 3947 st.
119 3893 275 3948 Gergini
314 3895 580 3946 appellantur,
619 3897 786 3936 alteram
829 3907 967 3936 eorum
1002 3894 1073 3946 qui
1111 3894 1402 3944 Promalanges.

71 3965 89 4007 f
111 3957 180 3998 Ex
203 3956 264 3995 his
287 3958 468 4009 Gergini‚
502 3959 766 4000 immiscentes
794 3970 837 4000 se
866 3958 1091 4009 oppidanis,
1118 3968 1244 4008 quum
1267 3958 1307 3996 ln
1340 3968 1405 3996 ar-

71 4023 97 4088 2-
116 4017 272 4061 tificum
290 4020 479 4071 officinis,
499 4024 587 4062 tum
614 4022 656 4062 in
675 4022 791 4073 foris,
807 4023 1034 4063 auscultant
1061 4032 1286 4070 sermoneS,
1313 4031 1404 4071 spe·

71 4072 344 4125 *caletorum
374 4086 461 4127 vice
494 4087 724 4138 fungentes,
762 4089 803 4128 et
835 4086 1030 4138 quidquid
1064 4086 1324 4134 audiverunt,
1363 4084 1404 4124 id

79 4148 295 4198 quotidie
312 4151 426 4202 regiis
454 4153 725 4204 principibus,
752 4164 854 4204 quos
868 4153 1033 4199 ἄνακτας
1063 4154 1235 4202 vocant,
1255 4161 1401 4191 renun-

123 4211 355 4259 ‹iant-'rum
377 4217 650 4268 Promalanges
676 4228 813 4257 corum
837 4228 976 4266 cansa,
1001 4227 1092 4267 quse
1108 4216 1157 4255 ab
1176 4216 1236 4255 liis
1256 4225 1402 4255 renun-

49 4461 117 4628 ωὲἓλᾼῐι·
77 4342 99 4420 gfff·
69 4303 76 4307 '

2661 319 2745 359 311

1483 406 1615 461 ούτως
1649 406 1840 470 ἔντεχνος
1874 427 1946 454 και
1985 407 2143 466 πιθανὴ
2170 429 2270 473 προς
2295 412 2483 466 ἅπαντας
2511 418 2537 471 ἡ
2562 414 2651 460 ἔντε
2656 434 2698 460 υ
2684 435 2762 472 ,ις,

1482 475 1584 524 ὥστ’
1625 477 1770 540 ἔμοιγε
1813 479 1952 536 δοκεῖ,
1993 479 2186 544 καθάπερ
2225 482 2296 527 καὶ
2331 485 2448 530 αὐτοί
2491 504 2618 549 φασι,
2657 489 2761 550 παρ’

1483 548 1653 596 ἐκείνοιν
1678 552 1736 603 εἰς
1755 549 1850 604 τους
1867 549 1945 604 ἔξω
1967 548 2119 603 τόπους
2138 552 2402 600 διαδεδόσθαι
2422 555 2469 602 τὸ
2487 575 2565 602 σπε
2550 556 2659 621 ζραα
2678 578 2761 605 των

1483 621 1719 685 ἐλλογίμων
1743 621 1955 671 κολάκων.
1981 621 2070 670 Καὶ
2092 622 2174 684 γὰρ
2194 642 2240 669 ου
2244 642 2274 686 χ
2297 644 2380 671 οιον
2404 629 2581 690 μετρίως
2610 630 2680 675 ἐπι
2703 650 2763 693 τῳ

1482 693 1708 759 πράγματι
1748 693 2025 756 σεμνύνονται
2054 693 2123 741 διὰ
2157 695 2206 740 τὸ
2243 700 2494 757 τετιμῆσθαι
2524 701 2642 763 παρὰ
2679 705 2766 754 τοῖς

1485 767 1752 830 βασιλεῦσιν,
1775 764 1887 812 ἀλλὰ
1919 766 1992 812 καὶ
2013 765 2205 829 λέγουσιν
2226 765 2291 812 ὅτι
2321 771 2403 814 τῶν
2437 771 2647 833 Γεργίνων
2681 792 2765 828 τις,

1483 837 1690 901 ἀπόγονος
1712 838 1771 885 ὢν
1791 840 1876 884 τῶν
1895 837 2098 902 Τρώων’
2079 838 2271 896 εκείνων,
2294 838 2364 893 οὓς
2380 842 2605 905 Τεῦκρος
2583 843 2666 889 απὸ
2683 847 2765 890 τῶν

1484 909 1775 984 αἰχμαλώτων
1807 908 2189 971 κατακτησάμενος
2219 911 2276 962 εἷς
2308 910 2529 974 Κύπρον”
2507 931 2616 975 εχων
2649 914 2765 961 ἀπώ-

1482 1000 1616 1040 κισεν,
1642 985 1763 1036 ουτος
1786 979 1855 1028 διὰ
1874 1000 1950 1039 της
1969 980 2187 1046 παραλίας
2211 984 2304 1043 μετ’
2323 981 2476 1044 ὀλίγων
2504 983 2714 1037 στείλας’
2696 987 2767 1032 επὶ

1482 1057 1557 1112 τῆς
1586 1053 1781 1108 Αἰολίδος
1805 1052 1920 1101 κατὰ
1944 1052 2097 1101 πύστιν
2130 1053 2224 1117 ἅμα
2255 1073 2328 1101 και
2359 1054 2552 1115 οἰκισμὸν
2586 1060 2660 1113 ’.ἧς
2686 1078 2766 1104 των

1484 1125 1701 1190 προγόνων
1744 1126 1913 1190 χώρας,
1954 1126 2079 1174 πόλιν
2123 1127 2295 1174 οἰκίσειε
2330 1127 2428 1187 περὶ
2468 1127 2544 1184 τὴν
2568 1130 2767 1191 Τρωικὴν

1482 1197 1623 1258 Ἴδην,
1653 1198 2010 1263 συμπαραλαὸών
2036 1218 2153 1252 τινας
2172 1202 2256 1246 τῶν
2284 1202 2460 1247 Μυσῶν·
2480 1200 2507 1257 ἣ
2528 1202 2663 1246 πάλαι
2693 1201 2769 1262 μὲν

1484 1270 1570 1317 ἀπὸ
1601 1275 1674 1317 τοῦ
1710 1270 1854 1334 γένους
1894 1270 2099 1335 Γέργινα,
2132 1275 2205 1318 νῦν
2243 1269 2288 1318 δὲ
2323 1270 2507 1335 Γέργιθα
2549 1272 2767 1330 κέκληται.

1483 1343 1648 1391 Τούτου
1669 1343 1751 1407 γὰρ
1768 1380 1781 1404 ,
1803 1345 1860 1396 ὡς
1884 1341 1995 1390 ἔοικε
2009 1380 2022 1405 ,
2039 1347 2112 1390 τοῦ
2135 1341 2286 1390 στόλου
2303 1345 2412 1397 τινὲς
2429 1346 2771 1398 ἀποσπασθέντες

1483 1417 1526 1463 ἐν
1543 1419 1595 1480 τῇ
1617 1414 1797 1478 Κυμαίᾳ
1802 1414 2045 1479 .κατε’σχον,
2061 1417 2109 1463 ἐκ
2128 1415 2307 1480 Κύπρου
2319 1415 2367 1463 τὸ
2384 1416 2499 1479 γένος
2519 1416 2633 1471 ὄντες
2646 1454 2657 1475 ,
2676 1419 2769 1464 ἀλλ’

1483 1489 1560 1535 οὐκ
1583 1489 1631 1534 ἐκ
1653 1491 1730 1545 τῆς
1763 1489 2034 1544 Θετταλικῆς
2053 1486 2268 1552 Ἰρίκκης,
2294 1488 2488 1553 καθάπερ
2511 1490 2619 1543 τινὲς
2652 1491 2770 1554 εἰρή-

1483 1577 1623 1618 κασιν,
1646 1552 1705 1606 ὡν
1733 1561 1954 1624 ἰατρεῦσαι
1995 1558 2072 1618 τὴν
2113 1559 2321 1625 ἄγνοιαν,
2328 1560 2414 1608 οὐδ’
2441 1560 2771 1618 Ἀσκληπιάδαις

1482 1630 1608 1678 τοῦτό
1631 1649 1678 1693 γε
1702 1629 1863 1694 νομίζω
1882 1630 2093 1680 δεδόσθαι.
2123 1653 2141 1673 »

1552 1725 1572 1744 «ι
1596 1702 1806 1767 Γεγόνασι
1833 1702 1878 1751 δὲ
1906 1705 2011 1767 παρ’
2037 1706 2141 1765 ἡμῖν
2174 1703 2246 1751 καὶ
2278 1704 2349 1751 ἐπὶ
2386 1705 2496 1753 Γλοῦ
2531 1709 2604 1752 τοῦ
2633 1706 2772 1770 Καρὸς

1483 1776 1557 1823 καὶ
1587 1783 1782 1839 γυναῖκες
1813 1775 1895 1823 υπὸ
1924 1776 2000 1831 τὰς
2036 1776 2252 1835 ἀνάσσας,
2284 1779 2328 1823 αἱ
2367 1775 2773 1843 προσαγορευθεῖσαι

1482 1849 1720 1903 κολακίδες.
1741 1849 1834 1915 Ἀφ’
1855 1852 1914 1895 ὡν
1939 1850 2164 1903 υπολιπεῖς
2185 1867 2293 1903 τινες
2317 1851 2376 1903 εἰς
2392 1848 2440 1895 τὸ
2465 1849 2599 1913 πέραν
2623 1850 2771 1914 ἀφικό·

1484 1940 1610 1983 μεναι
1647 1921 1950 1984 μετάπεμπτοι
1984 1920 2089 1986 πρός
2119 1940 2165 1968 τε
2199 1919 2275 1976 τὰς
2299 1920 2562 1986 Ἀρταὸάζου
2589 1920 2663 1968 καὶ
2697 1920 2772 1974 τὰς

1484 1992 1699 2059 Μέντορος
1721 1995 1947 2058 γυναῖκας,
1977 1993 2227 2056 κλιμακίδες
2249 1994 2660 2057 μετωνομάσθησαν,
2686 1994 2772 2041 ἀπὸ

1482 2064 1680 2125 τοιαύτης
1689 2066 1895 2131 πράξεως·
1905 2069 1996 2119 ταῖς
2010 2066 2426 2131 μεταπεμψαμέναις
2440 2066 2771 2132 ἀρεσκευόμεναι

1482 2139 1675 2201 κλίμακα
1698 2140 2011 2195 κατεσκεύαζον
2036 2138 2078 2194 ἐξ
2102 2142 2264 2187 ἑαυτῶν
2288 2138 2443 2197 οὕτως,
2467 2138 2569 2186 ὥστ’
2590 2141 2660 2186 ἐπὶ
2685 2142 2770 2192 τοῖς

1482 2210 1629 2264 νώτοις
1649 2213 1789 2258 αὐτῶν
1813 2211 1891 2269 τὴν
1913 2210 2122 2258 ἀνάδασιν
2142 2211 2359 2275 γίγνεσθαι
2379 2211 2452 2258 καὶ
2475 2211 2553 2268 τὴν
2575 2210 2770 2258 κατάὸα-

1483 2301 1548 2329 σιν
1573 2290 1664 2337 ταῖς
1686 2284 1755 2330 ἐπὶ
1774 2287 1857 2330 τῶν
1880 2282 2055 2344 ἁμαξῶν
2080 2282 2348 2347 ὀχουμέναις.
2368 2285 2442 2337 Εἰς
2457 2287 2579 2331 τοῦτο
2595 2286 2774 2347 τρυφῆς,

1482 2352 1553 2401 ἵνα
1574 2354 1634 2416 μὴ
1658 2354 1905 2412 ἀθλιότητος
1926 2354 2057 2413 εἴπω,
2081 2354 2378 2419 προηγάγοντο
2404 2354 2671 2418 τεχνώμεναι
2694 2352 2769 2408 τὰς

1482 2491 1583 2530 tiata
1601 2493 1716 2540 sunt,
1730 2490 1890 2531 uberius
1908 2491 2134 2541 inquirunt,
2154 2491 2185 2530 si
2212 2490 2309 2541 quid
2331 2489 2582 2541 inquisitione
2606 2478 2768 2541 dignum

1481 2554 1610 2593 visum
1626 2557 1709 2603 est;
1737 2556 1910 2604 suntque
1938 2554 2060 2594 veluti
2086 2554 2396 2604 investigatores.
2430 2555 2482 2594 Et
2507 2555 2600 2594 sunt
2628 2556 2769 2594 borum

1480 2628 1710 2668 congressus
1735 2620 1776 2658 et
1803 2618 2000 2669 colloquia
2017 2629 2111 2657 cum
2131 2618 2316 2658 omnibus
2342 2618 2397 2657 ita
2423 2618 2633 2657 artificiosa
2650 2619 2772 2667 atque

1479 2683 1646 2734 blanda,
1667 2685 1716 2724 ut
1736 2695 1877 2724 verum
1898 2684 1997 2723 mihi
2019 2684 2201 2723 videatur
2226 2683 2267 2723 id
2283 2683 2392 2734 quod
2418 2682 2491 2733 ipsi
2518 2683 2768 2733 profitentur,

1480 2747 1531 2788 ab
1551 2747 1610 2787 his
1624 2748 1665 2788 in
1685 2748 1821 2787 extera
1838 2748 1925 2787 loca
1943 2758 2121 2797 sparsum
2141 2758 2224 2787 oese
2247 2757 2383 2787 semen
2405 2746 2619 2786 illustrium
2642 2756 2771 2784 assen-

1479 2813 1667 2851 tatorum.
1691 2814 1771 2851 Nec
1793 2811 1900 2851 enim
1919 2810 2170 2851 mediocriter
2189 2821 2263 2850 sua
2291 2812 2379 2850 arte
2403 2809 2636 2860 gloriantur,
2662 2808 2770 2858 quod

1479 2876 1521 2916 in
1550 2876 1702 2916 honore
1732 2877 1827 2916 sunt
1855 2876 1960 2927 apud
1983 2887 2118 2926 reges,
2134 2886 2276 2916 verum
2301 2875 2422 2916 etiam
2456 2876 2644 2923 narrant,
2666 2875 2770 2914 Ger·

1479 2940 1661 2991 ginorum
1687 2942 1859 2991 aliquem
1874 2972 1886 2991 ‚
1907 2952 1958 2980 ex
1985 2941 2052 2980 illo
2078 2941 2341 2989 Trojanorum
2362 2950 2502 2990 genere
2526 2939 2766 2986 oriundum.

1479 3015 1580 3055 quos
1598 3015 1647 3044 ex
1667 3005 1831 3055 captivis
1846 3005 1920 3044 sibi
1943 3006 2094 3044 Teucer
2114 3003 2320 3053 adJunxit,
2341 3015 2432 3043 cum
2460 3003 2594 3053 eisque
2620 3003 2660 3042 in
2686 3005 2768 3052 Cy·

1480 3079 1596 3118 prum
1614 3068 1838 3108 habitatum
1858 3068 2075 3115 concessit,
2091 3067 2204 3107 illum
2224 3067 2343 3117 igitur
2371 3067 2609 3116 Gerginum,
2630 3065 2772 3113 aiunt,

1479 3133 1615 3183 paucis
1646 3131 1928 3172 comitantibus
1956 3131 2175 3171 secundum
2197 3142 2310 3171 oram
2350 3130 2590 3170 maritimam
2636 3139 2769 3168 versus

1481 3195 1674 3236 AEolidem
1697 3196 1923 3245 navigasse,
1950 3194 2099 3245 priscas
2127 3194 2325 3244 majorum
2343 3193 2453 3233 sedes
2475 3192 2767 3242 exquisiturum

1479 3259 1893 3309 instauraturumque3
1917 3259 2207 3308 assumptisque
2229 3260 2432 3308 Mysorum
2457 3256 2678 3304 nonnullis,
2694 3266 2765 3304 op·

1480 3322 1616 3373 pidum
1634 3323 1738 3362 circa
1751 3322 1859 3362 Idam
1877 3324 2051 3362 montem
2067 3321 2232 3362 Troadis
2246 3320 2476 3361 condidisse.
2492 3318 2769 3370 oppidumque

1478 3385 1577 3425 illud
1597 3386 1692 3425 olim
1712 3386 1874 3436 quidem
1900 3396 1924 3424 a
1951 3385 2110 3426 familiae
2137 3383 2320 3433 nomine,
2350 3383 2458 3422 unde
2477 3385 2611 3421 ortum
2630 3381 2766 3430 duxit,

1477 3439 1649 3498 'Gergina
1661 3449 1862 3488 nominata
1871 3451 1945 3497 est,
1957 3459 2065 3488 nunc
2076 3459 2172 3488 vero
2184 3447 2370 3497 Gergitha
2384 3448 2562 3485 vocatur.
2574 3444 2767 3484 Videntur

1480 3513 1584 3552 enim
1604 3512 1783 3552 nonnulli
1799 3514 1938 3552 exista
1959 3511 2208 3562 navigatione
2234 3510 2420 3550 abstracti
2448 3510 2487 3548 in
2509 3513 2764 3549 Cumaeorum

1479 3575 1637 3626 regione
1651 3575 1862 3625 appulisse,
1881 3575 2014 3625 Cyprii
2033 3585 2176 3626 genere
2186 3603 2198 3624 ,
2218 3585 2298 3613 non
2316 3584 2367 3613 ex
2379 3571 2600 3612 Thessalica
2614 3569 2763 3615 Tricca,

1480 3640 1527 3678 ut
1545 3638 1792 3679 affirmarunt
1817 3638 2019 3688 nonnulli;
2051 3648 2224 3689 quorum
2243 3636 2392 3676 mederi
2419 3635 2540 3674 errori
2562 3644 2610 3671 ne
2631 3632 2760 3670 Ascle-

1482 3703 1608 3754 piadis
1626 3702 1787 3753 quidem
1804 3702 1943 3743 datum
1963 3713 2047 3759 esse
2065 3702 2250 3742 arbitror.
2272 3717 2291 3735 υ

1535 3782 1553 3801 «
1574 3767 1754 3807 Fuerunt
1771 3776 1867 3806 vero
1895 3765 2003 3816 apud
2021 3777 2094 3806 nos
2123 3765 2241 3805 etiam
2258 3763 2332 3804 sub
2351 3763 2453 3803 Glue
2482 3762 2581 3799 Care
2608 3756 2761 3796 seminae

1481 3840 1642 3881 quoque
1659 3829 1898 3880 principibus
1912 3829 2102 3870 matronis
2113 3828 2281 3869 addictae
2291 3856 2304 3877 ,
2317 3836 2407 3877 quae
2422 3820 2621 3864 Colacides
2634 3819 2761 3868 appel-

1481 3893 1679 3933 labantur.
1703 3895 1886 3940 Quarum
1905 3893 2069 3943 reliquae
2089 3892 2317 3938 nonnullae,
2334 3898 2424 3938 quae
2440 3886 2496 3924 cis
2522 3892 2629 3922 mare
2647 3881 2762 3919 adm·

1480 3958 1645 4006 nerunt,
1666 3955 1717 3996 ad
1746 3956 1929 3997 Artabazi
1958 3958 1998 3995 et
2027 3955 2215 3996 Mentoris
2250 3962 2393 3992 uxores
2421 3947 2580 3992 accitae,
2605 3945 2761 3981 mutato

1478 4020 1640 4060 nomine
1657 4019 1894 4060 Climacidcs
1922 4019 2127 4070 appellatae
2154 4019 2269 4066 sunt,
2292 4012 2450 4054 nomine
2475 4019 2499 4047 a
2527 4006 2668 4055 reipsa
2695 4004 2758 4044 de

1479 4086 1661 4135 sumpto,
1681 4094 1773 4134 quae
1787 4085 1872 4124 erat
1886 4082 2125 4133 hujusmodi.
2151 4084 2240 4128 Quo
2257 4077 2452 4129 placerent
2468 4069 2721 4115 mulieribus,
2735 4080 2758 4107 a

1478 4148 1624 4198 quibus
1642 4150 1755 4187 erant
1773 4136 1991 4196 arcessitae,
2014 4146 2159 4186 scalam
2189 4140 2409 4182 efficiebant
2431 4147 2481 4175 ex
2508 4145 2549 4173 sc
2566 4133 2677 4182 ipsis,
2702 4133 2757 4170 ita

1481 4215 1526 4253 ut
1545 4223 1613 4264 per
1640 4212 1817 4263 ipsarum
1845 4213 1953 4261 terga
1980 4210 2081 4258 illae,
2110 4209 2262 4258 quoties
2288 4201 2481 4252 carpentis
2506 4197 2755 4243 veherentur,
