3016 4628
409 301 984 362 COLOPHONIORUM,
1020 302 1406 363 MAGNETUM,
1442 298 1844 361 MiLEsioRUM
1879 316 2015 365 ETc.
2056 320 2468 374 Reseussmese.

2675 339 2760 380 165

116 415 354 470 ἔννοηθεῒσα
392 415 449 466 ὡς
489 410 620 459 δεινὸν
657 410 777 475 ἔργον
813 409 1036 474 δεδράκοι,
1070 410 1145 456 καὶ
1180 410 1318 464 ἄλλως
1349 411 1393 458 δὲ
1472 418 1652 462 σθοῧντα
1688 416 1734 464 ὃν
1766 418 1922 482 τρὸπον
1947 423 2181 485 ἠδούλετο,
2215 431 2355 476 πολλὰ
2380 434 2586 497 χρήματα
2612 410 2761 486 συλλέ-

50 474 62 512 ²3
114 485 298 550 καιομένη
323 485 491 550 σφοδρῷ
503 482 629 548 ἔρωτι
646 487 720 530 τοῦ
742 480 908 539 παιδὸς,
922 483 1088 548 ἀναρτᾷ
1105 481 1278 540 ἑαυτήν.
1297 482 1392 531 Φό-

1474 484 1605 540 ξαντα
1629 488 1860 550 ἐπιδεῖξαι,
1884 491 1948 539 ὅτι
1977 495 2122 558 ῥᾴδιόν
2145 500 2234 547 ἐστι
2258 504 2454 551 πλουτεῖν
2478 514 2564 561 τοῖς
2588 512 2759 574 φιλοσό-

113 557 202 612 ὅιος
224 555 368 621 μέντοι
389 554 459 602 διὰ
482 553 643 612 ταύτην
667 551 744 611 τὴν
774 551 915 599 αἰτίαν
934 553 991 606 ὡς
1016 551 1171 616 ἐναγὴς
1197 552 1395 618 παρεχώ-
1470 576 1583 622 φοις,
1613 558 1664 606 ἂν
1695 562 1964 624 βούλωνται,
1986 559 2088 613 ’ἀλλ’
2109 570 2155 615 οὗ
2179 574 2289 623 τοῦτ’
2316 575 2405 622 ἐστὶ
2429 578 2525 643 περὶ
2553 574 2600 626 οῧ
2626 601 2759 629 σπου-

111 647 213 694 ρησε
235 627 416 694 Φρυγίῳ
431 629 507 685 τῆς
527 627 677 690 ἀρχῆς.
693 621 896 689 Ἐφασαν
918 621 966 669 δέ
983 642 1116 682 τινες,
1130 626 1177 672 οὗ
1190 624 1393 690 πέρδικα,

111 704 258 754 σκεῦος
291 698 337 748 δὲ
370 702 559 764 χρυσοῦν
595 698 653 750 εἷς
682 695 732 743 τὸ
762 694 896 762 φρέαρ
933 694 1280 758 βεὸλῆσθαι,ιὼς
1317 696 1392 743 καὶ

106 767 374 837 Ἀλέξανδρος
393 774 415 818 ὁ
437 767 629 822 Αἰτωλὸς
652 765 886 830 μέμνηται.

171 843 311 902 Quod
349 843 556 902 sequitur
605 840 916 902 fragmentum
958 841 1210 887 Alexandri
1249 843 1395 887 AEtoli

62 917 67 920 ’
107 915 377 960 illustratum
405 913 546 957 habes
574 927 600 956 a
630 912 848 957 Jacobsio
873 914 923 957 in
946 914 1138 959 Anthol.
1170 913 1252 960 Gr.
1275 923 1406 958 tom«

105 987 264 1046 vl1,p.
279 985 389 1045 239,
404 985 588 1029 Bachin
599 982 880 1042 Zeitsclzrfft.
895 982 936 1038 f.
957 987 1055 1029 Alt.
1071 1010 1137 1019 -·
1152 985 1230 1030 W.
1250 984 1390 1043 1837,

103 1059 166 1104 N⁰
190 1062 215 1110 4
230 1072 270 1105 1.
302 1058 374 1102 De
411 1053 708 1102 Antheaduln
727 1056 901 1101 familia
918 1056 976 1104 cf.
996 1058 1183 1101 Miiller.
1210 1058 1323 1101 Dor.
1350 1060 1389 1114 Ι,

100 1142 151 1189 p.
181 1127 286 1176 108.
311 1128 427 1174 Cum
442 1128 624 1172 Phobio
642 1137 803 1172 nostro
821 1127 880 1172 cf.
905 1128 1121 1172 Phobum
1137 1125 1395 1173 Codridam

101 1201 444 1247 Phocaeensium
463 1215 621 1262 regem
642 1202 693 1244 in
716 1200 939 1246 Charonis
959 1200 1017 1244 fr.
1042 1200 1088 1248 6.

691 1299 800 1332 200.

165 1373 411 1418 Athenaeus
435 1375 550 1430 XII,
569 1379 619 1432 p.
643 1371 756 1429 523,
779 1373 817 1416 E
837 1386 849 1417 ·.
871 1369 946 1425 Ὡς
965 1370 1003 1418 δ’
1020 1370 1280 1436 ὑπήχθησαν
1304 1372 1390 1434 (sc.

57 1484 67 1495 .
100 1445 140 1490 οἱ
171 1442 407 1507 Μιλήσιοι)
437 1445 567 1508 ἡδονῇ
591 1442 666 1490 καὶ
691 1446 859 1507 τρυφῇ,
890 1442 1106 1509 κατερρύη
1128 1444 1176 1491 τὸ
1208 1447 1283 1502 τῆς
1310 1443 1390 1491 πό-

99 1515 204 1569 λεως
234 1516 442 1581 ἀνδρεῖον,
470 1515 597 1582 φησὶν
620 1513 918 1579 Ἀριστοτέλης
934 1551 948 1577 ,
970 1515 1046 1562 καὶ
1073 1515 1287 1581 παροιμία
1321 1535 1383 1570 τις

98 1586 302 1650 ἐγεννήθη
327 1587 395 1634 ἐπ’
415 1589 578 1634 αὐτῶν·
597 1588 750 1635 Πάλαι
773 1588 870 1632 ποτ’
895 1579 1005 1644 ἦσαν
1038 1586 1216 1649 ἄλκιμοι
1239 1587 1384 1644 Μιλή·

86 1661 193 1705 σιοι.
206 1660 380 1704 Eadem
392 1675 448 1704 ex
461 1661 683 1706 Athenaeo
695 1660 902 1704 Eustath.
921 1661 977 1704 Il.
990 1660 1036 1721 ψ,
1049 1665 1160 1716 444,
1179 1677 1228 1720 p.
1252 1677 1269 1705 1
1282 1661 1390 1719 358,

46 1727 51 1732 ’
98 1730 142 1778 5.
164 1733 274 1790 Quae
304 1732 584 1777 antecedunt
613 1747 690 1794 ap.
715 1732 992 1776 Athenaeum
1009 1732 1110 1776 ¹vid.
1138 1733 1187 1776 in
1210 1733 1388 1792 Ephor.

96 1803 154 1850 fr.
182 1818 260 1864 92.

191 1868 202 1874 -
603 1885 606 1888 ’
659 1880 816 1944 [201.]

161 1967 381 2023 [Aristot.
420 1967 521 2012 Pol.
559 1970 609 2024 Ι,
635 1972 682 2023 4,
718 1966 744 2012 5
776 1984 786 2012 :
820 1958 925 2014 Οἷον
947 1966 1021 2013 καὶ
1045 1966 1093 2013 τὸ
1120 1966 1284 2017 Θάλεω
1312 1972 1386 2014 τοῦ

46 2080 53 2086 .,
94 2036 334 2095 Μιλησίου·Δ
358 2040 482 2086 τοῦτο
506 2037 590 2103 γάρ
614 2039 707 2085 ἐστι
737 2038 995 2101 κατανόημά
1020 2058 1061 2086 τι
1092 2045 1386 2104 χρηματιστι-

93 2108 184 2168 κὸν,
205 2109 300 2156 ἀλλ’
323 2110 470 2176 ἐκείνῳ
484 2109 561 2172 μὲν
583 2109 654 2158 διὰ
670 2108 747 2168 τὴν
765 2110 916 2176 σοφίαν
937 2111 1263 2176 προσάπτουσι,
1282 2131 1387 2175 τυγ-

91 2179 216 2244 χάνει
246 2179 291 2227 δὲ
323 2181 507 2230 καθόλου
537 2201 579 2229 τι
609 2181 672 2232 ὄν.
708 2181 1028 2238 Ὀνειδιζόντων
1053 2181 1137 2247 γὰρ
1166 2184 1283 2248 αὐτῷ
1315 2181 1386 2230 διὰ

71 2259 81 2271 ‘
97 2250 176 2310 τὴν
196 2251 346 2299 πενίαν
367 2255 428 2307 ὡς
451 2255 691 2317 ἀνωφελοῦς
706 2257 782 2313 τῆς
802 2255 1051 2320 φιλοσοφίας
1072 2254 1202 2313 οὔσης
1217 2293 1230 2318 ,
1252 2273 1389 2302 κατα-

93 2323 312 2382 νοήσαντά
345 2343 476 2390 φασιν
507 2325 635 2374 αὐτὸν
668 2328 825 2375 ἐλαιῶν
849 2326 983 2393 φορὰν
1012 2327 1219 2389 ἐσομένην
1243 2329 1290 2375 ἐκ
1313 2331 1389 2385 τῆς

93 2397 400 2462 ἀστρολογίας,
429 2395 494 2444 ἔτι
526 2401 738 2462 χειμῶνος
765 2398 909 2462 ὄντος,
944 2399 1243 2464 εὐπορήσαντα
1274 2419 1388 2464 χρη-

69 2475 72 2480 ’
95 2468 247 2532 μάτων
270 2468 426 2531 ὀλίγων
451 2470 704 2536 ἀρραὸῶνας
739 2472 958 2518 διαδοῦναι
989 2474 1074 2518 τῶν
1106 2471 1384 2535 ἐλαιουργίων

91 2544 176 2588 τῶν
197 2543 235 2588 τ’
259 2543 301 2588 ἐν
327 2541 513 2607 Μιλήτῳ
542 2542 616 2589 καὶ
639 2542 737 2607 Χίῳ
766 2544 958 2606 πάντων,
987 2542 1130 2606 ὀλίγου
1167 2542 1385 2605 μισθωσά-

37 2635 45 2647 ·
92 2632 237 2676 μενον,
273 2613 340 2660 ἅτ’
375 2614 541 2669 οὐθενὸς
565 2614 900 2669 ἐπιὸάλλοντος·
925 2615 1073 2673 ἐπειδὴ
1111 2617 1149 2662 δ’
1181 2619 1204 2663 ὁ
1240 2614 1385 2679 καιρὸς

45 2684 49 2687 ’
89 2677 198 2747 ἧκε,
234 2686 406 2733 πολλῶν
445 2685 712 2748 ζητουμένων
758 2686 850 2749 ἅμα
887 2688 960 2734 καὶ
1004 2687 1226 2753 ἐξαίφνης,
1254 2689 1380 2749 ἐκμι-

91 2825 178 2873 lpsa
187 2834 283 2863 vero
298 2824 432 2864 animo
445 2825 610 2864 volvens
626 2835 747 2875 quam
763 2835 881 2874 grave
900 2824 1092 2875 flagitium
1104 2827 1380 2875 perpetrasset,

89 2889 209 2936 atque
225 2887 320 2926 alias
331 2887 448 2927 etiam
465 2888 691 2927 vehementi
704 2888 964 2928 adolescentis
979 2899 1114 2928 amore
1130 2888 1296 2939 flagrans
1313 2919 1324 2939 ,
1337 2899 1380 2929 se

88 2949 212 3000 ipsam
222 2950 437 3000 suspendit.
454 2954 576 2991 Porro
588 2951 760 2991 Phobius
771 2951 824 2991 ob
839 2952 1004 2991 eandem
1018 2962 1178 2992 causam
1188 2955 1377 3003 tanquam

27 3010 30 3011 ⁷
89 3013 274 3053 scelestus
296 3013 463 3064 Phrygio
482 3025 648 3065 regnum
669 3015 800 3055 cessit.
826 3016 1023 3055 Dixcrunt
1039 3017 1173 3055 autem
1195 3017 1375 3056 nonnulli

87 3086 166 3116 non
185 3076 381 3127 perdicem
393 3106 405 3126 ‚
421 3077 489 3118 sed
504 3079 713 3118 vasculum
730 3090 898 3120 aureum
910 3080 950 3119 in
966 3081 1132 3131 puteum
1156 3080 1378 3131 proiectum

87 3141 298 3200 (visseim.
314 3141 535 3183 Alexander
557 3144 730 3184 AEtolus.
979 3136 983 3140 ’

676 3226 732 3266 20
765 3250 776 3266 .

67 3286 75 3291 ’
136 3288 275 3331 Milesii
296 3291 505 3342 postquam
520 3228 789 3343 voluptatibzs
811 3294 851 3333 et
870 3293 1038 3332 luxuriae
1054 3292 1374 3341 succubuerunt,

85 3353 317 3392 enervatum
338 3354 510 3394 concidit
521 3355 689 3396 civitatis
701 3356 837 3406 robur,
851 3358 896 3396 ut
904 3356 959 3395 ait
976 3357 1218 3405 AristoteleS,
1233 3357 1272 3395 et
1284 3366 1376 3394 ena-

39 3420 68 3452 ”2
84 3414 172 3455 tum
183 3414 224 3455 in
235 3426 302 3456 eos
314 3419 373 3457 est
387 3418 640 3472 proverbium
660 3435 669 3459 ε
689 3422 834 3460 Fortes
845 3419 1144 3470 olimsuerunt
1157 3419 1332 3459 Milesii.

39 3464 94 3502 “³³“
657 3493 803 3547 [201]

50 3532 105 3619 ἶ
135 3558 364 3609 cujusmodi
378 3557 438 3602 est
459 3561 579 3602 etiam
596 3562 692 3602 illud
710 3562 884 3602 Thaletis
906 3562 1046 3602 Milesii
1070 3577 1079 3601 z
1103 3572 1196 3600 nam
1215 3561 1292 3600 hoc
1316 3561 1373 3600 in·

87 3624 247 3664 ventum
275 3625 477 3675 quoddam
503 3629 666 3666 acutum
697 3629 756 3667 est
797 3627 847 3666 ad
878 3628 1087 3677 pecuniam
1116 3625 1373 3676 quaerendam

47 3714 59 3748 .‘
84 3688 452 3740 accommodatum,
475 3701 705 3741 quanquam
729 3691 785 3731 illi
802 3690 964 3740 quidem
980 3690 1019 3729 id
1035 3691 1196 3741 propter
1219 3689 1371 3739 sapien-

58 3798 65 3802 ·
84 3749 180 3791 tiam
197 3753 431 3794 attribuunt.
450 3757 582 3802 Quum
595 3757 701 3795 enim
713 3755 750 3796 ei
765 3755 1039 3806 paupertatem
1052 3756 1150 3794 vitio
1170 3755 1371 3793 verterent

83 3814 204 3866 atque
217 3817 523 3869 exprobrarent,
535 3821 727 3871 tanquam
740 3820 944 3871 sapientiae
959 3819 1137 3859 studium
1147 3818 1286 3858 inutile
1297 3819 1369 3868 sit,

52 3927 66 3935 Δ
83 3875 196 3917 aiunt
208 3888 324 3931 eum,
339 3891 466 3931 quum
489 3892 538 3922 ex
555 3885 763 3936 astrologia
780 3885 1035 3925 intellexisset
1049 3885 1227 3923 olearum
1253 3883 1367 3921 uber·

85 3943 207 3985 utem
232 3943 340 3994 sore,
369 3943 499 3985 hieme
526 3948 702 3988 nondum
722 3950 885 3997 exacta,
907 3959 1125 3999 paucorum
1153 3956 1368 3986 numorum

37 4013 50 4052 ’ξ
68 4007 196 4059 ‚eopia
224 4008 484 4062 instructum,
515 4023 654 4052 omnes
686 4013 811 4052 molas
840 4013 880 4052 et
906 4012 1026 4051 cellas
1048 4011 1249 4058 oleareas‚
1278 4020 1368 4059 quae

27 4070 207 4129 (milen
234 4073 276 4112 et
303 4073 345 4112 in
372 4075 473 4114 chio
499 4077 650 4124 essent,
674 4075 776 4115 datis
805 4075 1095 4114 arrhabonibus
1125 4084 1247 4124 parvo
1270 4083 1364 4111 con-

57 4131 260 4184 sanxisse,
271 4135 416 4186 quippe
433 4148 557 4187 quum
570 4138 739 4178 licitator
754 4137 888 4177 nullus
899 4167 910 4186 ,
931 4137 1001 4187 qui
1017 4135 1239 4176 mercedem
1254 4146 1366 4185 auge·

62 4198 157 4248 aret,
172 4199 393 4240 exstitisset.
411 4201 486 4240 Ubi
499 4202 633 4242 autem
644 4202 801 4252 tempus
814 4202 936 4251 venit,
954 4213 1079 4250 quum
1096 4201 1234 4239 multae
1245 4199 1360 4238 simul

82 4261 122 4301 et
139 4262 269 4303 subito
299 4265 573 4312 quaererentur
602 4265 742 4316 molae,
761 4264 835 4307 illis
855 4275 927 4305 suo
953 4264 1144 4304 arbitratu
1162 4265 1199 4304 et
1223 4263 1363 4314 quanti
1398 4297 1400 4299 .

1473 629 1684 684 δάζουσιν.

1535 705 1607 750 Id.
1630 706 1695 750 ib.
1723 709 1780 767 V,
1806 713 1857 766 4,
1873 709 1899 754 5
1926 726 1936 754 2
1964 709 2213 774 Ἐγίγνοντο
2236 714 2281 760 δὲ
2301 719 2541 781 τυραννίδες
2557 723 2758 788 πρότερον

1471 774 1636 836 μᾶλλον
1661 773 1689 832 ἢ
1714 780 1786 823 νῦν
1810 778 1884 825 καὶ
1912 780 1982 827 διὰ
2007 781 2056 828 τὸ
2077 783 2269 846 μεγάλας
2294 787 2429 852 ἀρχὰς
2455 793 2758 856 ἐγχειρίζεσθαί

1469 863 1599 920 τισιν,Ι
1631 845 1778 914 ὥσπερ
1813 852 1857 897 ἐν
1889 852 2076 920 Μιλήτῳ
2113 857 2162 902 ἐκ
2185 860 2260 915 τῆς
2283 847 2563 924 πρυτανείας·
2589 869 2759 914 πολλῶν

1468 916 1552 982 γὰρ
1570 921 1622 975 ἠν
1641 918 1715 966 καὶ
1741 920 1941 984 μεγάλων
1961 924 2104 989 κύριος
2127 930 2149 973 ὁ
2169 927 2389 992 πρύτανις.
2414 933 2431 995 ]

1531 994 1603 1037 -De
1627 994 1931 1054 Hippodamo
1945 1044 1948 1048 ,
1962 999 2141 1044 Milesio
2165 1003 2245 1060 qui
2266 1005 2433 1067 πρῶτος
2457 1008 2539 1051 τῶν
2560 1005 2620 1068 μὴ
2641 1011 2761 1056 πολι·

1468 1062 1709 1125 τευομένων
1726 1066 1973 1131 ἐνεχείρησέ
1995 1088 2036 1116 τι
2059 1070 2158 1134 περὶ
2179 1074 2395 1128 πολιτείας
2414 1078 2545 1123 εἰπεῖν
2570 1082 2647 1136 τῆς
2668 1082 2761 1145 ἀρί-

1468 1153 1650 1195 στης,ν.
1678 1141 1816 1187 Arist.
1836 1142 1908 1198 ΙΙ,
1935 1141 1978 1198 5,
2007 1143 2155 1200 1-5;
2181 1145 2240 1190 de
2257 1148 2437 1193 Telecle
2462 1152 2660 1214 Milesio,
2680 1157 2761 1213 qui

1468 1210 1578 1254 item
1600 1210 1833 1259 Πολιτείαν
1857 1216 2052 1274 scripsit,
2082 1233 2128 1260 v.
2149 1217 2212 1262 id.
2237 1220 2318 1274 IV,
2355 1235 2426 1278 11,
2451 1221 2493 1268 3.

1956 1344 2271 1408 quean

2030 1482 2115 1512 201
2147 1483 2188 1512 a.

1531 1577 1686 1624 schol.
1713 1581 1826 1624 Ven.
1853 1582 1908 1627 Il.
1934 1583 1984 1626 B.
2017 1583 2105 1627 126
2138 1600 2146 1627 ε
2176 1580 2302 1637 Ἔθος
2328 1584 2524 1638 πλείονας
2546 1589 2626 1633 τῶν
2655 1589 2759 1635 δέκα

1467 1645 1526 1707 μὴ
1541 1649 1788 1708 συνεσθίειν,
1807 1654 1865 1704 ὡς
1885 1652 1958 1698 καὶ
1982 1652 2279 1717 Ἀριστοτέλης
2300 1659 2341 1703 ἐν
2368 1659 2624 1713 Πολιτείαις.
2653 1666 2758 1708 Haec

1465 1721 1524 1764 ad
1548 1723 1799 1768 Iasensium
1821 1727 1990 1786 Remp.
2018 1729 2161 1773 refert
2188 1730 2413 1788 Grashof„
2445 1744 2641 1792 propter
2666 1738 2760 1780 He-

1463 1794 1650 1838 raclidis
1665 1797 1845 1842 Pontici
1862 1798 1920 1841 fr.
1948 1798 2024 1857 39.

1945 1938 2269 2003 [mmmm

2036 2053 2193 2117 μοι]

1528 2177 1737 2239 [Aristot.
1754 2179 1856 2224 Pol.
1874 2182 1938 2236 V,
1963 2178 2014 2236 5,
2043 2180 2067 2223 3
2095 2196 2105 2227 :
2137 2179 2366 2227 Μετέὸαλε
2387 2180 2431 2228 δὲ
2452 2182 2525 2229 καὶ
2548 2184 2590 2229 ἐν
2613 2183 2755 2249 Κνίδῳ

1462 2250 1488 2304 ἡ
1511 2248 1744 2313 ὀλιγαρχία
1758 2286 1772 2312 ,
1795 2250 2123 2297 στασιασάντων
2140 2254 2225 2297 τῶν
2245 2252 2471 2317 γνωρίμων
2490 2256 2628 2301 αὐτῶν
2650 2256 2755 2319 πρὸς

1462 2318 1626 2378 αὖτοὺς,
1646 2320 1715 2367 διὰ
1734 2321 1783 2368 τὸ
1807 2320 1974 2384 ὀλίγους
1996 2321 2213 2386 μετέχειν,
2234 2324 2307 2370 καὶ
2321 2360 2333 2381 ,
2350 2324 2545 2390 καθάπερ
2564 2325 2751 2390 εἴρηται,

1461 2395 1497 2439 εἷ
1519 2393 1685 2457 πατὴρ,
1712 2394 1802 2441 υἱὸν
1827 2394 1887 2456 μὴ
1910 2394 2132 2459 μετέχειν,
2164 2396 2265 2457 μηδ’
2290 2399 2326 2443 εἰ
2350 2398 2522 2452 πλείους
2547 2399 2750 2465 ἀδελφοὶ,

1460 2467 1558 2513 ἀλλ’
1580 2464 1608 2523 ἢ
1629 2465 1699 2512 τὸν
1718 2466 2038 2532 πρεσδύτατοψ
2058 2468 2369 2531 ἐπιλαὸόμενος
2392 2469 2474 2535 γὰρ
2499 2472 2750 2526 στασιαζόν-

1459 2558 1542 2585 των
1568 2542 1590 2585 ὂ
1622 2538 1756 2600 δῆμος
1778 2539 1851 2586 καὶ
1875 2538 2021 2586 λαὸὼν
2047 2540 2294 2604 προστάτην
2326 2544 2374 2588 ἐκ
2394 2545 2479 2589 τῶν
2501 2543 2747 2608 γνωρίμων,

1459 2611 1704 2674 ἐπιθέμενος
1723 2612 1980 2676 ε’κράτησεν’
2001 2613 2172 2667 ἀσθενὲς
2191 2613 2274 2678 γὰρ
2295 2614 2342 2662 τὸ
2364 2616 2647 2680 στασιάζοι]

1522 2688 1678 2732 Alium
1696 2687 1754 2731 de
1779 2688 1954 2732 Cnidiis
1970 2689 2127 2732 locuni
2163 2687 2249 2749 (V,
2273 2688 2298 2733 5
2314 2723 2325 2744 ,
2363 2706 2379 2733 1
2396 2706 2411 2733 1
2434 2688 2446 2751 )
2467 2706 2511 2734 ν.
2548 2691 2605 2738 fr.
2639 2698 2744 2748 174.

1456 2825 1600 2874 vellet,
1623 2825 1810 2874 elocatis,
1828 2825 1975 2864 multas
1994 2826 2182 2874 pecunias
2201 2827 2371 2875 coegisse
2389 2829 2509 2877 atque
2533 2827 2587 2880 ita
2615 2832 2747 2868 osten-

1456 2888 1558 2928 disse
1574 2918 1585 2938 ,
1602 2888 1716 2928 facile
1736 2900 1819 2928 esse
1842 2888 2107 2940 philosophis,
2129 2889 2159 2927 si
2182 2890 2305 2928 velint
2320 2920 2330 2939 ,
2347 2890 2538 2931 ditescere
2558 2908 2566 2931 ε
2586 2892 2653 2932 sed
2672 2893 2747 2931 hoc

1455 2965 1536 2993 non
1557 2965 1640 2994 esse
1655 2954 1718 3004 id,
1744 2955 1785 2993 in
1813 2955 1919 3005 quod
1943 2955 2119 2994 studium
2135 2965 2251 2994 suum
2270 2956 2487 2996 conserant.

1505 3016 1759 3057 exsistebant
1786 3018 2016 3068 tyrannides
2038 3020 2155 3058 antea
2174 3019 2296 3069 magis
2316 3030 2437 3068 quam
2467 3031 2597 3070 nunc,
2627 3023 2744 3061 etiam

1456 3082 1550 3132 quia
1579 3093 1722 3132 magna
1753 3082 1918 3132 imperia
1948 3082 2066 3122 certis
2100 3082 2327 3121 hominibus
2356 3084 2615 3123 tradebantur
2648 3101 2657 3124 ι
2698 3089 2743 3126 ut

1453 3148 1577 3187 Mileti
1596 3147 1773 3197 tyrannis
1788 3159 1839 3186 ex
1865 3148 2045 3197 prytania
2070 3147 2174 3187 facta
2190 3150 2249 3187 est
2275 3164 2285 3187 ε
2318 3149 2535 3188 multarum
2562 3151 2666 3190 enim
2695 3156 2737 3191 et

1453 3224 1688 3264 magnarum
1704 3224 1837 3253 rerum
1854 3224 1973 3263 penes
1992 3213 2191 3263 prytanim
2217 3216 2390 3263 potestas
2410 3216 2508 3253 erat.

1747 3284 1756 3307 l

1876 3315 2306 3379 (IASENSIUM.)

2011 3424 2091 3464 201
2128 3432 2168 3464 a.

1498 3520 1583 3557 Mos
1602 3520 1686 3558 erat
1720 3519 1734 3567 ζ
1751 3518 1872 3568 apud
1892 3519 2110 3567 Jasenses)
2140 3530 2220 3559 non
2255 3521 2359 3560 ultra
2382 3526 2519 3561 deceni
2551 3523 2734 3562 convivio

1446 3582 1655 3631 adhibere,
1670 3584 1715 3622 ut
1737 3582 1963 3622 Aristoteles
1978 3582 2019 3621 in
2036 3583 2188 3623 Politiis
2207 3584 2275 3623 ait.

1874 3674 2307 3739 [emmenum]

2018 3782 2170 3838 [202]

1493 3878 1661 3929 [Mutata
1673 3880 1793 3918 etiam
1804 3879 1843 3918 in
1856 3880 1982 3919 Cnido
1994 3880 2207 3930 oligarchia
2219 3882 2291 3930 est,
2303 3892 2427 3930 quum
2441 3882 2648 3930 optimates
2657 3882 2727 3931 ipsi

1442 3942 1544 3981 inter
1562 3952 1605 3981 se
1619 3941 1869 3982 dissedissent
1883 3972 1895 3992 ‚
1918 3944 2134 3993 propterea,
2153 3944 2259 3994 quod
2276 3944 2391 3993 pauci
2415 3944 2640 3992 reipublicae
2655 3946 2724 3983 ad-

1442 4007 1739 4055 ministrationis
1755 4007 1964 4057 participes
1978 4010 2091 4058 erant
2110 4024 2118 4047 z
2137 4011 2198 4057 et,
2220 4008 2556 4058 quemadmodum
2573 4008 2722 4047 dictum

1441 4073 1501 4109 est
1514 4100 1524 4119 ,
1554 4070 1587 4109 si
1613 4072 1725 4121 pater
1755 4059 2028 4121 magistratum
2056 4071 2280 4119 obtinebat,
2314 4071 2417 4108 iilius
2443 4080 2465 4108 a
2490 4070 2721 4119 magistratu

1440 4135 1751 4184 excludebatur;
1770 4137 1808 4175 et
1831 4136 1862 4175 si
1887 4136 2016 4186 plures
2039 4136 2177 4174 fratres
2197 4136 2328 4183 erant,
2351 4134 2419 4173 soli
2436 4136 2529 4172 natu
2549 4136 2722 4175 maximo

1440 4198 1569 4238 aditus
1579 4198 1629 4238 ad
1642 4199 1894 4248 magistratus
1910 4199 2082 4247 patebat.
2100 4200 2197 4236 Nam
2214 4208 2337 4246 quum
2351 4197 2518 4246 populus
2536 4208 2603 4236 cos
2619 4198 2720 4238 inter

1441 4274 1480 4302 sc
1506 4261 1738 4310 dissidentes
1753 4263 2004 4311 occupasset,
2021 4262 2124 4307 etex
2137 4259 2384 4310 optimatium
2401 4270 2566 4302 numero
2577 4260 2720 4307 duceni
