3016 4628
290 298 380 350 '290

883 405 960 452 82.

349 527 509 572 Cicero
548 524 733 571 Tuscul.
771 527 818 581 1,
863 541 918 570 10
957 541 967 569 :
1026 526 1323 568 Aristoxenus
1370 522 1563 567 musicus

286 600 494 658 idemque
525 597 826 659 philosophus
861 601 999 657 ipsius
1040 598 1238 655 corporis
1272 598 1560 637 intentionem

283 671 514 729 quandam
547 675 753 717 animam
795 685 890 714 esse
925 669 1049 712 dixit
1069 683 1087 722 ,·
1105 668 1236 711 velut
1274 670 1321 708 in
1359 674 1494 708 cantu
1518 674 1563 707 et

276 740 474 800 fidibus,
504 759 608 803 quoe
634 742 876 787 harmonia
897 742 1072 793 dicitur,
1103 743 1171 782 sic
1193 753 1254 782 ex
1275 740 1469 796 corporis
1493 745 1562 779 to-

283 818 371 857 tius
398 824 565 858 natura
592 823 639 858 et
651 814 804 872 figura
819 816 975 856 varios
1005 819 1147 854 motus
1168 812 1299 862 cieri,
1327 817 1558 866 tamquam

285 891 333 928 in
349 895 486 929 cantu
504 901 654 931 sonos.

349 957 424 1002 1d.
448 957 563 1002 ibid.
590 973 600 1001 ι
631 958 718 1001 Hic
745 960 1033 1008 Aristoxenus
1063 954 1122 997 ab
1150 951 1342 1010 artificio
1370 965 1450 992 suo
1468 963 1558 993 non

284 1034 482 1084 recessit,
510 1040 556 1074 et
578 1041 728 1074 tamen
745 1031 864 1072 dixit
883 1027 1075 1085 aliquid,
1113 1024 1234 1083 quod
1253 1027 1399 1082 ipsum
1423 1023 1559 1080 quale

282 1111 416 1155 esset,
463 1112 564 1145 erat
602 1104 742 1145 multo
779 1110 885 1143 ante
915 1099 1082 1141 (lictum
1114 1106 1159 1139 et
1197 1096 1494 1154 explanatum
1527 1109 1559 1136 a

283 1173 477 1217 Platone
502 1172 581 1232 (in
600 1172 754 1217 Phaed.
777 1187 827 1231 p.
856 1168 1068 1230 390-392
1094 1167 1126 1229 ).

347 1243 419 1291 ld.
437 1244 501 1291 ib.
519 1260 561 1291 c.
583 1261 599 1288 1
611 1243 638 1288 8
658 1260 669 1288 ι
697 1241 1007 1287 Dicaearchum
1022 1256 1132 1285 vero
1148 1255 1246 1283 cum
1263 1240 1546 1292 Aristoxeno,

282 1318 457 1376 oequali
478 1326 523 1360 et
544 1317 844 1375 condiscipulo
875 1330 973 1364 suo,
1007 1315 1158 1357 doctos
1178 1326 1290 1355 sane
1318 1309 1522 1355 homines
1541 1343 1553 1365 ,

280 1391 543 1432 omittamus
570 1404 585 1431 .·
615 1403 796 1447 quorum
825 1388 944 1431 alter
975 1401 1031 1429 ne
1065 1385 1341 1428 condoluisse
1374 1382 1553 1442 quidem

281 1474 481 1518 unquam
507 1459 697 1511 videtur,
735 1461 811 1517 qui
840 1462 1044 1500 animam
1065 1471 1113 1499 se
1144 1455 1312 1499 habere
1341 1470 1430 1498 non
1459 1469 1556 1497 sen-

284 1535 393 1586 tiat;
414 1532 535 1575 alter
551 1535 616 1574 ita
634 1532 882 1574 delectatur
891 1533 980 1573 suis
1000 1530 1205 1572 cantibus
1217 1563 1228 1583 ,
1254 1538 1305 1571 ut
1317 1542 1392 1572 eos
1412 1531 1551 1570 etiam

282 1604 350 1646 ad
364 1602 465 1647 hoec
489 1600 736 1660 transferre
759 1612 957 1647 conetur.
991 1604 1294 1645 Harmoniam
1318 1609 1468 1643 autem
1493 1615 1555 1646 ex

279 1676 526 1719 intervallis
546 1690 751 1719 sonorum
779 1690 909 1718 nosse
925 1688 1184 1734 possumus,
1212 1687 1395 1731 quorum
1414 1675 1552 1715 varia

279 1751 538 1807 compositio
557 1753 693 1791 etiam
725 1747 990 1791 harmonias
1014 1744 1162 1805 efficit
1183 1747 1339 1804 plures
1363 1759 1378 1786 :
1409 1759 1550 1788 mem-

279 1821 454 1863 brorum
473 1835 583 1864 veno
598 1825 709 1863 situs
726 1829 771 1863 et
776 1821 939 1878 figura
954 1822 1162 1878 corporis,
1190 1831 1366 1861 vacans
1379 1820 1540 1870 animo,

278 1907 412 1949 quam
433 1896 577 1950 possit
602 1891 886 1935 harmoniam
917 1888 1122 1949 efficere,
1159 1905 1247 1934 non
1273 1890 1410 1933 video
1432 1905 1447 1931 :
1472 1889 1554 1932 sed

281 1962 358 2005 hic
388 1964 565 2022 quidem
604 1967 807 2022 quamvis
836 1964 1035 2006 eruditus
1070 1967 1147 2018 sit,
1183 1967 1300 2005 sicut
1316 1971 1406 2014 est,
1448 1960 1550 2004 hoec

279 2040 494 2093 magistro
510 2036 730 2079 concedat
748 2036 983 2079 Aristoteli
1005 2052 1018 2077 .·
1045 2049 1209 2077 canere
1228 2037 1321 2092 ipse
1340 2033 1512 2076 doceat.

344 2108 607 2151 Lactantius
619 2108 766 2152 Instit.
790 2107 895 2151 Div.
923 2107 1032 2162 VII,
1065 2106 1118 2149 13
1146 2122 1154 2149 :
1187 2106 1309 2163 Quid
1318 2106 1550 2149 Aristoxe-

274 2194 356 2221 nus
369 2181 394 2221 ‚³
405 2183 479 2237 qui
493 2183 676 2237 negavit
690 2184 871 2223 omnino
891 2180 1032 2222 ullam
1054 2194 1149 2222 esse
1165 2182 1381 2231 animam,
1408 2181 1547 2221 etiam

272 2252 377 2294 dum
401 2255 509 2295 vivit
523 2254 567 2295 in
587 2267 787 2312 corpore,
818 2252 902 2294 sed
926 2255 1044 2294 sicut
1063 2255 1108 2294 in
1118 2251 1298 2310 fidibus
1320 2265 1381 2294 ex
1397 2253 1548 2293 inten—

275 2327 395 2366 tione
413 2339 641 2367 nervorum
658 2321 787 2382 effici
801 2324 1063 2369 concordem
1092 2338 1247 2367 sonum
1281 2332 1417 2381 atque
1435 2338 1548 2365 can-

273 2404 387 2448 tum,
419 2411 546 2455 quem
568 2401 724 2440 musici
742 2396 1026 2442 harmoniam
1059 2405 1231 2440 vocant
1238 2411 1254 2451 ;
1285 2399 1352 2439 ita
1377 2397 1424 2438 in
1448 2410 1546 2439 cor-

267 2469 446 2525 poribus
457 2484 515 2511 ex
531 2484 747 2530 compage
764 2475 989 2514 viscerum
1005 2485 1061 2513 ac
1075 2473 1236 2530 vigore
1252 2468 1548 2514 membrorum

271 2543 366 2582 vim
384 2541 604 2584 sentiendi
624 2545 849 2585 exsistere.
882 2543 981 2600 Quo
1007 2508 1153 2585 nihil0
1149 2543 1243 2585 dici
1259 2543 1448 2585 delirius
1458 2558 1548 2602 po-

274 2622 316 2653 tr*
314 2622 369 2656 ,ΨΑ

338 2683 466 2727 Idem
509 2686 576 2728 De
629 2683 754 2744 Opis.
789 2688 876 2729 Dei
919 2702 960 2732 c.
1007 2688 1130 2730 XVI
1178 2703 1192 2729 .·
1238 2687 1370 2730 Illud
1396 2696 1547 2730 autem

273 2770 378 2797 cave
424 2771 480 2798 ne
521 2773 713 2816 unquam
756 2761 905 2802 simile
953 2764 1057 2802 veri
1113 2763 1368 2818 putaveris,
1431 2761 1553 2818 quod

275 2829 563 2870 Aristoxenus
590 2829 735 2882 dixit,
778 2840 968 2874 mentem
1001 2836 1184 2875 omnino
1221 2832 1396 2874 nullam
1432 2846 1538 2886 esse,

272 2900 354 2942 secl
381 2904 509 2957 quasi
542 2899 826 2945 harmoniam
857 2908 903 2946 in
921 2902 1101 2962 fidibus
1135 2921 1194 2948 em
1224 2908 1549 2948 constructione

273 2975 468 3030 corporis
506 2981 551 3014 et
585 2974 870 3033 compagibus
919 2979 1141 3020 viscerum
1184 2980 1279 3020 vim
1325 2976 1549 3020 sentiendi

274 3046 500 3101 exsistere.
540 3042 703 3086 Musici
724 3049 839 3088 enim
874 3050 1160 3093 intentionem
1201 3059 1548 3108 concentumque

274 3129 504 3157 nervorum
541 3120 586 3158 in
619 3121 817 3176 integros
847 3121 998 3163 modos
1028 3126 1127 3166 sine
1154 3125 1251 3166 ulla
1289 3120 1548 3179 offensione

274 3191 608 3231 consonantium
645 3187 926 3235 harmoniam
969 3206 1153 3241 vocant.
1206 3197 1377 3240 Volunt
1411 3198 1551 3253 igitur

274 3261 472 3301 animum
502 3262 642 3302 simili
678 3266 851 3306 ratione
885 3275 1088 3326 constare
1123 3271 1169 3309 in
1208 3267 1409 3322 homine,
1456 3283 1548 3326 qua

274 3334 467 3389 corporis
480 3335 678 3390 partium
685 3334 831 3391 firma
850 3341 1124 3393 conjunctio,
1164 3340 1547 3399 membrorumque

274 3406 468 3445 omnium
504 3409 775 3448 consentiens
809 3411 854 3450 in
888 3424 1020 3452 unum
1053 3414 1189 3470 vigor
1218 3419 1386 3455 motum
1417 3413 1545 3455 illum

280 3475 530 3518 sensibilem
555 3474 731 3531 saciat,
790 3484 1075 3540 animumque
1117 3489 1373 3538 concinnet,
1419 3488 1537 3528 sicut

676 3614 1131 3667 COMMENTARH.

875 3715 945 3753 83.

328 3786 581 3828 Aristoxenus
609 3789 646 3828 ln
682 3790 882 3831 ilistoricis
911 3796 1201 3835 commentariis
1232 3798 1307 3848 ait,
1331 3800 1546 3840 Democriti

275 3852 589 3901 commentaria,
609 3863 700 3903 qum
721 3854 900 3903 colligere
928 3857 1100 3906 potnerit
1114 3888 1124 3906 ,
1145 3859 1347 3902 Platonem
1375 3864 1547 3904 voluisse

277 3915 510 3956 comburere
529 3932 537 3956 ε
561 3927 699 3958 verum
721 3918 771 3960 ab
788 3920 949 3970 Amycla
965 3923 1004 3960 et
1021 3922 1146 3962 Clinia
1164 3926 1413 3977 Pythagoreis
1431 3931 1548 3970 fuisse

274 3978 516 4027 prohibitum
532 4010 543 4030 ‚
557 3980 652 4020 nihii
669 3980 705 4020 ld
719 3982 860 4022 afferre
878 3983 1058 4023 utilitatis
1074 3985 1318 4039 diormitium
1335 3992 1414 4041 jam
1443 3994 1547 4034 enlm

276 4041 345 4078 lion
364 4041 482 4081 libros
505 4043 608 4094 apud
629 4044 835 4096 plerosque
855 4047 1016 4086 servari.

876 4129 946 4169 84.

325 4201 495 4243 odorum
510 4216 558 4244 vx
579 4209 670 4246 culo
682 4207 943 4256 gratissimum
968 4208 1115 4249 efflasse
1138 4211 1468 4256 Alexandrinum.
1486 4230 1553 4266 ,οῖ

1215 291 1594 342 ARISTOXENI
1629 284 1975 337 TARENTINI

1606 383 1623 394 ⁶
1641 403 1765 444 nervi
1782 400 1893 443 bene
1917 397 2075 440 intenti
2097 394 2433 451 conspirantem
2451 405 2626 439 sonum.
2651 392 2714 436 Et
2724 395 2859 439 sicuti
2876 398 2927 439 in·

1616 1170 1798 1233 ρικοῖς(
1783 1165 2065 1228 υπομνήμασι
2089 1164 2219 1232 φησὶ,
2241 1163 2461 1214 Πλάτωνα
2481 1166 2661 1223 θελησαι
2683 1163 2923 1232 συμφλέξαι

1632 471 1802 530 fidibus
1816 505 1830 531 ‚
1865 482 2000 528 quum
2035 465 2218 525 aliquid
2251 472 2334 507 aut
2379 466 2678 523 interruptum
2707 473 2795 510 aut
2806 465 2924 510 rela-

1634 553 1795 587 xatum
1821 550 1907 595 est,
1951 542 2098 582 omnis
2130 536 2328 580 canendi
2356 538 2476 580 ratio
2509 536 2719 580 turbatur
2744 546 2802 582 et
2823 540 2924 584 sole-

1637 619 1770 669 uitur,
1793 618 1855 658 ita
1871 615 1917 656 in
1932 624 2131 669 corpore,
2160 623 2295 668 quum
2307 623 2423 667 pars
2437 609 2600 668 aliqua
2623 610 2938 662 membrorum*

1634 688 1819 730 duxerit
1863 688 2029 729 vitium
2043 715 2058 736 ,
2114 681 2284 724 destrui
2338 684 2565 735 universa,
2616 686 2925 744 corruptisque

1633 758 1841 803 omnibus
1861 765 1997 814 atque
2016 752 2227 806 turbatiS,
2269 752 2477 796 occidere
2504 767 2707 809 sensum,
2727 769 2925 816 eamque

1634 839 1820 874 mortem
1843 842 2019 872 vocare.
2049 843 2068 863 »

2241 894 2316 940 83.

1876 993 2179 1044 ΙΣΤΟΡΙΚΑ
2214 992 2679 1042 ΥΠΟΜΝΗΜΑΤΑ.

1696 1099 1834 1157 Diog.
1860 1099 2013 1157 Laert.
2041 1096 2138 1151 IX,
2170 1099 2232 1148 4ο
2258 1110 2268 1138 :
2292 1090 2580 1156 Ἀριστόξενος
2595 1092 2639 1139 ἐν
2661 1091 2749 1146 τοῖς
2777 1090 2924 1146 Ἱστο-
2960 1079 2976 1142 ξ1

1632 1239 1686 1288 τὰ
1710 1238 1985 1303 Δημοκρίτου
2021 1237 2372 1328 συγγράμματα,
2397 1237 2540 1285 ὁπόσα
2554 1236 2758 1296 -ἠδυνήθη
2792 1252 2923 1287 συνα-
3012 1254 3014 1256 ’

1630 1313 1790 1376 γαγεῗν.
1813 1310 2030 1372 Αμύκλαν
2057 1310 2100 1358 δὲ
2133 1329 2208 1358 και
2243 1309 2446 1359 Κλεινίαν
2475 1309 2571 1365 τους
2598 1310 2969 1378 Πυθαγορικοὺς

1629 1385 1822 1431 κωλυσαι
1861 1382 2006 1442 αυτὸν,
2038 1386 2095 1437 ὣς
2127 1380 2248 1430 οὐδὲν
2278 1380 2450 1447 ὄφελος·
2484 1379 2605 1447 παρὰ
2637 1381 2811 1437 πολλοῖς
2836 1379 2967 1449 γὰρ

1631 1460 1738 1502 εἰναι
1756 1454 1811 1502 τὰ
1832 1454 1979 1520 βιὸλία
2004 1455 2106 1514 ἤδη.
2148 1502 2151 1505 ,

2942 1456 3013 1478 3

2929 1492 2952 1531 it

2235 1530 2314 1583 84.
2630 1559 2632 1562 >

1694 1623 1931 1669 Plutarch.
1955 1624 2294 1672 Alexandr.'M.
2321 1639 2363 1668 c.
2394 1628 2420 1676 4
2443 1638 2455 1670 t
2477 1618 2586 1670 “ou
2602 1619 2648 1669 δὲ
2662 1624 2739 1670 τοῦ
2756 1620 2923 1689 χρωτὸς

1627 1694 1798 1753 ἥδιστον
1834 1694 2040 1755 ἀπέπνει,
2077 1695 2151 1743 καὶ
2185 1695 2234 1743 τὸ
2261 1694 2401 1758 στόμα
2435 1701 2636 1760 κατεῖχεν
2667 1694 2822 1742 εὐωδία
2846 1692 2921 1743 καὶ

1627 1765 1704 1824 τὴν
1732 1766 1873 1832 σάρκα
1892 1775 2054 1826 πᾶσαν,
2080 1766 2487 1831 ὥστεπληροῦσθαι
2501 1765 2600 1820 τοὺς
2616 1762 2920 1831 χιτωνίσκους,

1627 1837 1870 1900 ἀνέγνωμεν
1898 1841 1940 1886 ἓν
1965 1838 2302 1902 Ὑπομνήμασιν
2325 1835 2681 1956 Ἀριστοξενείοις.

1690 1912 1902 1956 Eadem
1889 1929 1939 1956 ιη
1960 1914 2128 1958 Mor-al.
2151 1929 2202 1974 p.
2229 1911 2350 1970 623,
2425 1926 2710 1972 ‚suppresso
2729 1908 2930 1993 nomine·

1626 1985 1910 2029 Aristoxeni.

1723 2079 1828 2126 -ΤΑ
1866 2079 2041 2128 ΚΑΤΑ
2075 2078 2286 2128 ΒΡΑΧΥ
2316 2074 2790 2130 YIIOMNHMATA.

2227 2173 2305 2220 85.

1691 2263 1937 2307 Athenaeus
1972 2263 2104 2321 XIV,
2143 2262 2255 2322 619,
2292 2264 2359 2320 D,
2391 2261 2451 2306 de
2485 2261 2763 2322 Harpalyee.
2801 2259 2939 2308 Vide!

1626 2333 1792 2394 fragm.
1813 2349 1891 2392 72·
2915 2369 2923 2376 .

2233 2411 2313 2458 86.

1850 2511 2192 2561 ΣΥΜΜΙΚΤΑ
2217 2509 2699 2587 ΥΠοΜΝιιΜΑςιῑᾼ.
2738 2490 2765 2547 ’.

1689 2613 1977 2674 Porphyrius
2003 2614 2182 2659 Comm.
2214 2615 2266 2661 in
2289 2604 2412 2659 Ptol.
2444 2606 2674 2662 Har-mon.
2703 2627 2752 2674 p.
2785 2602 2960 2672 257'2'4‘*⁴

1625 2684 1681 2732 ‘O
1710 2683 1788 2746 μέν
1811 2704 1876 2732 τοι
1906 2683 2191 2749 Ἀριστόξενος
2215 2684 2507 2748 ἀληπτότερον
2531 2685 2610 2732 οὔκ
2632 2683 2704 2731 ἐπὶ
2733 2685 2817 2731 τῶν
2839 2682 2920 2750 ψό-

1625 2777 1714 2823 φων
1741 2757 1977 2815 πεποίηται
1999 2756 2071 2804 τὸν
2091 2757 2237 2820 λόγον,
2261 2757 2356 2804 ἀλλ’
2381 2757 2453 2805 ἐπὶ
2473 2760 2550 2814 τ’ῆς
2566 2759 2707 2822 φωνῆς
2720 2754 2774 2814 ἢν
2794 2759 2920 2819 ἡμεῖς

1623 2829 1881 2895 προϊέμεθα,
1921 2833 1983 2896 τῷ
2020 2828 2244 2893 λέγεσθαι,
2286 2828 2404 2883 τινὰς
2440 2827 2600 2895 ψόφους
2632 2827 2918 2894 ὅπερὸοίλλειν

1622 2902 1700 2961 τὴν
1741 2901 1956 2966 ἡμετέραν
2002 2901 2134 2960 ἀκοὴν
2178 2901 2254 2949 καὶ
2287 2901 2359 2950 διὰ
2400 2906 2524 2949 τοῦτο
2566 2899 2656 2987 μὴΝ
2665 2898 2917 2959 ἅκουεσθαι,

1623 2978 1679 3029 ὡς
1703 2973 1990 3037 ἐπιδείξομεν·
2014 2976 2060 3022 οὔ
2099 2973 2183 3036 μὴν
2213 2973 2325 3021 ἀλλὰ
2360 2972 2434 3021 καὶ
2465 2971 2565 3039 περὶ
2601 2991 2678 3031 της
2702 2970 2917 3038 ἡμετέρας
2986 2982 2989 2983 ’

1623 3066 1763 3111 φωνης
1786 3046 1860 3094 καὶ
1883 3049 2013 3104 ἀκοῆς
2041 3046 2292 3109 ποιούμενος
2315 3045 2389 3093 τὸν
2412 3045 2582 3108 λόγον’
2562 3063 2606 3092 εν
2623 3043 2702 3108 μὲν
2725 3063 2810 3092 τινι
2827 3048 2916 3093 τῶν

1623 3118 1933 3181 Συμμίκτωαε
1917 3119 2240 3182 υπομνημοίτων
2265 3117 2371 3184 φησὶ
2402 3117 2451 3166 τὸ
2481 3117 2682 3181 με’γιστον
2705 3116 2783 3165 καὶ
2809 3116 2916 3166 ἑλοί-

1621 3210 1770 3256 χιστον
1809 3190 2026 3254 διάστημα
2062 3190 2324 3245 ὑπεναντίως
2353 3189 2468 3254 ἔχειν
2501 3193 2554 3253 τῇ
2594 3188 2774 3253 δυνάμει
2807 3187 2916 3256 ’πρὸς

1620 3263 1697 3320 τὴν
1715 3262 1912 3321 αἴσθησιν
1937 3266 2078 3325 ἡμων.
2100 3265 2293 3310 Causam
2311 3264 2449 3323 hujus
2467 3265 2537 3309 rei
2551 3262 2765 3322 subjicit,
2778 3263 2915 3324 qnod

1623 3339 1670 3381 in
1680 3353 1852 3399 magno
1864 3338 2109 3383 intervallo
2120 3339 2365 3397 loquentes
2378 3337 2510 3382 citius
2523 3334 2765 3384 deficimus
2775 3351 2915 3396 quam

1620 3410 1885 3467 audientes,
1913 3411 1963 3454 in
1989 3425 2136 3470 parvo
2162 3418 2318 3454 autem
2341 3410 2590 3454 sentientes
2616 3407 2748 3468 prius
2770 3416 2914 3502 quam

1619 3482 1928 3528 modulantes.

1618 3619 1704 3670 ejus
1718 3617 1931 3671 totumque
1947 3630 2092 3671 corpus
2103 3618 2317 3660 reddidisse
2330 3608 2584 3669 fragrantiam
2593 3646 2606 3668 ,
2619 3622 2746 3669 quam
2754 3602 2898 3659 intorto

1618 3696 1682 3725 res
1689 3685 1838 3726 tunicae
1855 3685 2093 3735 retinebant,
2111 3685 2151 3724 in
2170 3683 2478 3725 Commentariis
2490 3682 2715 3725 Aristoxeni
2725 3681 2898 3734 legimns

2229 3760 2303 3802 86.

1673 3836 1931 3878 Aristoxenus
1971 3835 2166 3875 rationem
2203 3811 2490 3887 imperceptam
2529 3844 2612 3875 non
2640 3833 2684 3874 in
2718 3830 2889 3876 soultih

1620 3899 1754 3950 ponit,
1777 3898 1843 3939 sed
1874 3898 1916 3938 in
1935 3909 2036 3939 voce
2052 3909 2175 3949 quam
2202 3909 2277 3939 nos
2298 3899 2542 3949 emittimus,
2557 3897 2735 3939 dicens·
2728 3912 2749 3940 η
2786 3912 2814 3930 ·-

1620 3965 1773 4005 sonitus
1791 3975 1977 4015 superare
1991 3964 2173 4004 auditum
2191 3965 2375 4005 nostrum
2390 3966 2431 4006 et
2445 3964 2656 4015 propterea
2667 3969 2751 4005 non
2764 3971 2790 4007 ,ι
2849 3961 2858 3970 “
2910 4011 2911 4014 ¹

1622 4029 1674 4068 Et
1695 4038 1791 4068 vero
1820 4027 1871 4068 de
1903 4029 2041 4069 nostra
2061 4038 2160 4068 voce
2193 4029 2235 4068 et
2263 4028 2403 4069 auditu
2425 4027 2631 4078 disputans
2660 4025 2706 4068 in
2734 4010 2881 4083 mitid:->

1622 4092 1965 4133 Miscellaueorum
1986 4092 2371 4132 Commentariorum
2395 4091 2474 4143 ait,
2491 4090 2719 4131 maximum
2728 4089 2774 4131 et
2792 4099 2850 4129 m
2896 4138 2897 4141 Ἰ

1624 4168 1734 4197 mum
1756 4156 2012 4199 intervallum
2041 4167 2083 4197 se
2113 4157 2387 4198 subcontrario
2417 4156 2537 4198 modo
2558 4155 2705 4196 habore
2723 4145 2870 4206 pote
2899 4210 2903 4214 ‚

1624 4220 1671 4260 ad
1695 4231 1851 4262 sonsum
1871 4220 2067 4262 nostrum.
2888 4218 2906 4245 ”
