3016 4628
209 457 243 489 a.
281 441 418 502 Κῦρος
443 434 509 494 δὲ,
543 433 789 486 καταλύσας
811 431 888 490 τὴν
911 431 1151 492 πολιτείαν,
1184 439 1416 498 μοναρχεῖ-

7 485 71 570 'V
147 517 243 561 σθαι
267 508 418 563 αὖτοὺς
435 505 646 564 ἐποίησεν.

40 564 81 638 ὲ
207 599 246 632 ο.
283 580 483 639 Φείδων,
519 577 628 640 ἀνὴρ
663 575 861 638 δόκιμος,
901 575 1068 624 πλείοσι
1094 575 1307 639 μετέδωκε
1341 579 1418 634 τῆς

47 639 69 671 ⁵³
143 652 384 712 πολιτείας,
406 650 532 714 νόμον
556 649 660 707 θεὶς,
689 646 867 695 ἕκαστον
899 647 1136 712 ἐπάναγκες
1154 647 1319 712 τρέφειν
1338 646 1415 695 ἵπ-

142 745 236 773 πον.
270 721 522 790 Προμηθεὺς
559 719 606 768 δέ
626 739 690 773 τις
706 755 720 782 ,
759 719 868 785 ἀνὴρ
892 720 1145 785 δραστήριος
1167 720 1241 767 καὶ
1271 719 1418 775 ἱκανὸς

139 798 293 857 εἰπεῖν,
310 794 461 861 χιλίοις
479 790 702 858 παρέδωκε
721 789 797 847 τὴν
821 790 1058 838 πολιτείαν.

516 907 620 956 ΧΠ.
660 906 1035 956 ΕΡΕΤΡΙΕΩΝ.

131 1038 133 1042 ’
201 1021 390 1087 Διαγόρᾳ
427 1022 487 1075 εἷς
520 1019 730 1084 Σπάρτην
757 1019 1030 1086 πορευομένῳ
1053 1020 1126 1068 καὶ
1147 1023 1189 1069 ἐν
1222 1020 1416 1089 Κορίνθῳ

134 1094 432 1152 τελευτήσαντι
456 1093 686 1159 Ἐρετριεῖς
709 1091 850 1139 εἷκόνα
877 1091 1082 1151 ἔστησαν.

469 1208 604 1256 ΧΙΙΙ.
644 1208 1078 1257 ΠΕΠΑΡΗΘΙΩΝ.

198 1323 317 1383 Αὕτη
336 1328 363 1382 ἡ
391 1327 516 1383 νῆσος
552 1323 710 1378 εὔοινός
747 1326 838 1371 ἐστι
873 1323 946 1372 καὶ
967 1323 1183 1391 εὔδενδρος
1203 1326 1277 1374 καὶ
1297 1330 1412 1377 σῖτον

133 1395 265 1469 φέρει..
1227 1396 1239 1408 ”

485 1511 617 1561 XIV.
656 1511 1050 1561 ΛΕΠΡΕΑΤΩΝ.

194 1626 401 1690 Λεπρεεῒς
423 1623 494 1678 οὒς
526 1623 576 1670 ἂν
600 1623 770 1671 λάὸωσι
804 1624 979 1690 μοιχοὺς
1010 1626 1265 1691 περιάγουσι
1299 1629 1412 1693 τρεῖς

128 1696 290 1760 ἡμέρας
314 1695 392 1754 τὴν
427 1696 552 1742 πόλιν
586 1695 833 1758 δεδεμένους
857 1697 931 1743 καὶ
967 1700 1166 1759 ἀτιμοῦσι
1188 1699 1257 1746 διὰ
1295 1701 1409 1765 βίου·

51 1777 54 1780 ’
127 1767 203 1825 τὴν
234 1765 278 1814 δὲ
301 1773 482 1835 γυναῖκα
506 1767 655 1814 ἕνδεκα
692 1768 759 1814 ἐπ’
792 1770 948 1834 ἀγορᾶς
978 1769 1164 1833 ἄζωστον
1191 1774 1234 1819 ἐν
1259 1777 1410 1837 χιτῶνι

127 1841 322 1905 διαφανεῖ
357 1841 502 1887 ἱστᾶσι
532 1839 606 1887 καὶ
643 1843 883 1902 ἀτιμοῦσιν.

561 1954 666 2003 XV.
705 1955 851 2003 ΛΥΚΙ
862 1955 964 2004 ΩΝ.

190 2068 344 2123 Λύκιοι
375 2069 520 2132 δι’ἧγον
545 2068 838 2133 λῃστεύοντες.
863 2068 1026 2132 Νόμοις
1047 2069 1092 2117 δὲ
1111 2073 1158 2118 οὐ
1191 2076 1407 2137 χρῶνται,

125 2141 221 2191 ἀλλ’
245 2141 384 2203 ἔθεσι,
422 2140 496 2188 καὶ
530 2143 578 2188 ἐκ
600 2143 787 2188 παλαιοῦ
812 2146 1263 2206 γυναικοκρατοῦνται.
1303 2147 1406 2192 Πω-

101 2214 245 2260 1λοῧσι
277 2210 321 2259 δὲ
351 2211 446 2267 τοὺς
465 2212 840 2277 ψευδομάρτυρας,
873 2213 947 2260 καὶ
979 2212 1055 2266 τὰς
1089 2215 1233 2269 οὐσίας
1268 2217 1407 2262 αὐτῶν

8 2345 10 2353 Ὺ
63 2300 79 2346 ’,
124 2283 394 2352 δημεύουσιν.

32 2432 64 2474 ,s
477 2375 628 2451 xvi.
664 2401 1024 2454 ΤΥΡΡΗΝΩΝ.

46 2572 55 2579 ..
71 2564 82 2578 J
101 2547 114 2572 ·.
187 2511 402 2577 Τυρρηνοὶ
422 2510 575 2575 τέχνας
592 2512 737 2576 ἔχουσι
754 2512 972 2568 πλείστας.
993 2514 1159 2569 Πάντες
1182 2515 1226 2562 δὲ
1246 2516 1328 2564 ὑπὸ
1344 2519 1406 2582 τῷ

9 2609 11 2611 ·
35 2580 69 2639 ‘3
123 2584 238 2649 αὐτῷ
254 2583 413 2649 ἱματίῳ
433 2583 543 2646 μετὰ
562 2588 646 2631 τῶν
666 2588 877 2648 γυναικῶν
899 2587 1198 2646 κατάκεινται,
1218 2587 1299 2634 κᾶν
1319 2608 1403 2636 πα-

28 2685 60 2731 '51
123 2655 228 2719 ρῶσί
258 2675 380 2710 τινες.
397 2656 401 2661 ’
420 2655 510 2704 Καὶ
545 2655 641 2710 τοὺς
682 2657 977 2712 καταλύοντας
1017 2658 1154 2713 ξένους
1195 2662 1404 2725 φιλοῦσιν.

0 2741 1 2744 ,
49 2728 72 2794 2...
122 2725 266 2776 ειΟταν
300 2727 347 2775 δέ
381 2748 443 2781 τις
475 2729 654 2794 ὀφείλων
682 2727 807 2793 χρέος
831 2729 892 2791 μὴ
921 2732 1092 2796 ἀποδῷ,
1124 2734 1405 2796 περιακολου-

0 2828 3 2874 5
43 2796 70 2846 ’τῖ
121 2803 259 2866 Θοῦσιν
280 2803 318 2849 οἳ
338 2803 512 2866 παῖδες,
530 2803 697 2867 ἔχοντες
713 2803 833 2850 κενὸν
857 2803 1054 2852 θυλάκιον
1081 2807 1138 2859 εἷς
1159 2805 1397 2854 δυσωπίαν.

477 2913 627 2964 XVII.
665 2916 1035 2965 ΜΟΛΟΤΤΩΝ.

183 3020 396 3070 Μολοττοὶ
421 3023 496 3080 τῆς
528 3021 771 3088 Ἀρτέμιδος
801 3023 1064 3081 συλήσαντες
1092 3024 1141 3072 τὸ
1165 3025 1302 3090 ἱερὸν,
1323 3026 1400 3073 καὶ

0 3152 1 3206 ἶ
66 3149 86 3186 7*
118 3166 308 3198 moeorum
329 3158 479 3210 legem,
510 3170 601 3210 quae
626 3160 793 3200 eandem
817 3158 962 3201 veteris
989 3161 1089 3211 juris
1113 3162 1405 3212 simplicitatem

0 3222 4 3239 ¹
117 3215 287 3256 ostendit
310 3216 394 3266 (ap.
421 3216 536 3257 Arist.
559 3217 645 3257 Pol.
662 3219 724 3267 11,
741 3223 788 3268 5,
809 3219 909 3269 12),
937 3220 977 3259 et
996 3219 1143 3259 ibidem
1174 3231 1212 3270 p.
1237 3226 1324 3260 225.
1354 3245 1405 3254 .-

55 3277 95 3339 ξε
117 3274 329 3325 5.,αὐτοὺς]
344 3273 467 3325 edem
487 3275 603 3322 αὐτῆς
618 3278 706 3324 ΑΡ,
721 3278 847 3322 αὐτοῖς
870 3281 901 3318 0
914 3306 925 3325 ,
942 3278 1055 3317 αὐτὸν
1071 3278 1094 3317 b
1106 3307 1118 3327 ‚
1135 3279 1251 3325 αὐτὴν
1266 3289 1339 3328 ap.
1354 3300 1403 3307 —-

0 3347 1 3351 ¹
35 3341 69 3386 -ssl'
85 3355 89 3358 -
103 3335 156 3371 sifi.
170 3332 319 3371 Φείδων
344 3333 426 3371 κτλ.
444 3331 461 3383 ]
478 3334 584 3373 ACP
594 3343 610 3378 ,·
627 3333 769 3383 reliqui
789 3334 904 3374 codd.
921 3335 1009 3375 haec
1023 3336 1227 3376 omittunt.
1244 3337 1402 3376 Schnei-

36 3412 38 3416 ψ
115 3384 294 3444 ⁴(lewinus
305 3389 452 3428 mirans
463 3390 662 3440 quomodo
674 3391 767 3431 istas
775 3391 1001 3442 reipublicae
1017 3394 1154 3433 formae
1166 3395 1405 3433 mutationes

60 3442 340 3525 {memorare
354 3447 528 3497 potuerit
547 3449 598 3487 H.
625 3450 834 3499 postquam
855 3449 1006 3490 dictum
1020 3453 1119 3498 erat,
1134 3454 1255 3503 Κῦρος
1275 3453 1315 3491 δὲ
1334 3466 1405 3491 κα-

0 3509 2 3529 *
54 3502 282 3555 ³¹1=fm⁶⁶024
305 3506 373 3551 τὴν
389 3505 580 3544 πολιτείαν
597 3508 867 3557 μοναρχεῖσθαι
890 3508 1026 3553 αὐτοὺς
1053 3509 1231 3555 ἐποίησεν
1255 3509 1404 3549 :v'erba

55 3544 201 3619 ngJhaec
214 3563 334 3612 Κῦρος
347 3561 387 3601 δὲ
401 3562 482 3600 κτλ.
495 3563 792 3613 transponenda
806 3565 939 3604 censet
949 3567 1036 3614 post
1052 3566 1186 3616 χιλίοις
1205 3567 1402 3617 παρέδωκε

108 3617 183 3664 τὴν
194 3619 400 3659 πολιτείαν.
413 3618 526 3660 Idem
538 3630 633 3659 vero
646 3620 969 3661 Schneidewinus
985 3637 993 3661 :
1012 3637 1032 3656 «
1047 3625 1134 3663 Non
1147 3625 1280 3663 tamen
1293 3623 1401 3663 dissi-

52 3707 91 3732 2,
110 3673 296 3722 mulabo,
313 3675 390 3726 ait,
408 3686 498 3726 quae
513 3675 563 3715 de
576 3675 751 3718 Phidone
766 3679 807 3717 et
827 3679 1063 3720 Prometheo
1079 3682 1289 3719 narrantur
1304 3680 1402 3719 mihi

13 3746 37 3779 χ
61 3758 82 3770 -.
114 3731 274 3771 omnino
294 3742 318 3771 a
344 3733 513 3773 cumaeis
537 3733 621 3774 visa
645 3745 729 3775 esse
756 3736 971 3787 separanda
984 3767 996 3787 ,
1013 3739 1132 3788 atque
1161 3737 1402 3778 intercidisse

83 3791 86 3795 '
110 3787 260 3828 'lemma
276 3791 364 3840 post
379 3791 473 3841 Cyri
496 3791 715 3833 κατάλυσιν.
734 3796 849 3834 Nunc
864 3805 987 3845 quum
1024 3796 1243 3846 praesertim
1274 3797 1398 3836 Χίλιοι

49 3859 82 3904 ,τε
109 3842 285 3887 <cumaeis
308 3847 407 3888 bene
429 3851 690 3901 conveniant,
712 3851 754 3892 in
775 3853 1080 3902 transpositione
1101 3854 1317 3894 verborum
1335 3865 1398 3894 ac-

114 3903 272 3961 quiesco
289 3919 326 3944 ».
347 3906 415 3946 Sin
432 3918 526 3947 vere
541 3907 593 3948 ad
607 3910 790 3950 Cumaeos
809 3911 928 3951 verba
945 3912 1164 3962 pertinent,
1188 3912 1284 3951 nihil
1301 3912 1398 3951 adeo

63 3963 93 4013 ‘fg
109 3959 218 4011 ‘cogit
230 3962 276 4000 ut
285 3961 605 4015 transponantur;
619 3977 712 4006 nam
727 3970 854 4018 Cyrus
869 3970 1038 4008 multam
1050 3970 1224 4009 subactis
1235 3970 1399 4009 urbibus

0 4069 5 4126 Ι
35 4014 158 4127 ἕξει
183 4017 487 4115 admintistranda
506 4033 587 4072 rep.
613 4023 836 4065 libertatem
863 4026 1043 4076 reliquit,
1061 4026 1180 4066 modo
1201 4026 1396 4066 tributum

57 4111 63 4116 .
99 4100 102 4106 ι
217 4085 308 4114 eren
334 4108 341 4116 .

58 4073 252 4200 {³5ng
281 4133 464 4184 Diagoras
482 4137 547 4176 hic
559 4137 811 4188 oligarchiam
832 4141 1111 4180 Eretriensium
1129 4141 1312 4189 sustulit,
1334 4152 1395 4180 ac·

71 4199 98 4246 54-
114 4190 226 4245 cepta
240 4189 382 4241 injuria
395 4193 436 4232 in
452 4196 605 4244 negotio
617 4196 882 4247 matrimonii,
899 4199 1000 4237 teste
1017 4198 1225 4238 Aristotele
1242 4198 1324 4236 Pol.
1342 4201 1393 4246 V,

65 4246 81 4300 f
106 4249 165 4315 ⁵³.
182 4250 250 4287 10.
280 4249 581 4300 Distinguendus
612 4255 749 4303 procul
784 4254 906 4294 dubio
937 4256 995 4296 est
1022 4266 1044 4293 a
1075 4255 1241 4304 Diagora
1278 4255 1395 4294 Melio

74 4470 80 4492 i

28 4516 43 4539 ζ’
59 4524 103 4571 {s

1118 335 1203 382 DE
1246 332 1446 382 REBUS
1493 334 1783 383 PUBLICIS.

2679 360 2768 400 21⁷

1540 444 1578 478 5.
1607 441 1733 490 cyrus
1758 440 1958 490 republica
1991 443 2263 486 Cumanorum
2296 450 2521 503 antiquata,
2564 456 2670 506 regio
2700 468 2767 497 eos

1489 510 1653 562 imperio
1675 512 1855 562 subjecit.

1541 589 1580 622 o.
1609 583 1783 634 Phidon,
1802 585 1862 623 vir
1888 586 2135 637 spectabilis,
2163 592 2431 640 compluribus
2459 597 2629 638 civitatis
2647 601 2772 640 admi·

1489 642 1760 682 nistrationem
1805 644 2022 693 commisit,
2058 646 2262 696 legemque
2305 652 2393 690 tulit
2429 665 2479 691 ex
2514 667 2592 704 qua
2627 659 2772 708 singuli

1490 707 1640 746 equum
1669 697 1776 735 alere
1807 699 2061 747 cogebantur.
2082 702 2341 743 Prometheus
2368 708 2550 759 quidam,
2573 712 2632 749 vir
2655 724 2773 752 manu

1489 755 1675 794 strenuus
1696 764 1769 793 nec
1799 754 1955 794 dicendi
1984 757 2215 808 imperitus,
2236 761 2344 801 mille
2373 763 2467 803 viris
2492 770 2773 817 rempublicam

1491 812 1842 853 administrandam
1859 814 2036 855 tradidit.

1807 910 1902 957 XII
1910 944 1920 954 .
1959 910 2453 963 ERETRIENSIUM.

1541 1029 1722 1079 Diagorae
1739 1031 1919 1080 Spartam
1935 1031 2114 1081 profecto
2133 1032 2174 1072 et
2197 1034 2383 1074 Corinthi
2398 1037 2560 1077 mortuo
2575 1040 2774 1081 Eretrien-

1489 1112 1551 1142 ses
1571 1103 1743 1141 statuam
1759 1104 1990 1153 posuerunt.

1766 1213 1900 1260 XIII.
1935 1213 2496 1266 PEPARETHIORUM.

1539 1337 1636 1375 Haec
1650 1335 1776 1374 insula
1793 1333 1876 1373 vini
1891 1333 2106 1374 admodum
2123 1336 2255 1386 ferax,
2273 1348 2346 1377 nec
2358 1348 2438 1378 non
2457 1338 2663 1381 arboribus
2677 1341 2776 1383 bene

1487 1410 1637 1450 consita
1657 1412 1696 1451 et
1713 1411 1902 1451 frumenti
1921 1412 2072 1452 fertilis.

1791 1517 1920 1566 XIV.
1960 1517 2461 1570 LEPREATARUM.

1536 1637 1740 1687 Lepreatae
1773 1637 1974 1678 adulteros
2012 1636 2315 1689 comprehensos
2345 1641 2478 1681 triduo
2516 1654 2587 1693 per
2625 1644 2768 1684 urbem

1485 1695 1788 1734 circumducunt
1811 1697 1964 1735 vinctos
1987 1698 2026 1736 et
2046 1707 2114 1747 per
2133 1698 2254 1736 totam
2278 1699 2400 1738 vitam
2424 1700 2589 1740 infames
2610 1703 2772 1742 habent.

1483 1753 1688 1793 Mulierem
1711 1755 1844 1794 autem
1864 1754 2085 1793 adulteram
2109 1755 2288 1794 indutam
2316 1757 2513 1806 pellucida
2547 1762 2656 1799 veste
2686 1762 2770 1800 sinc

1484 1812 1662 1861 cingulo,
1694 1812 1735 1851 in
1764 1813 1848 1852 foro
1877 1823 1945 1863 per
1966 1812 2152 1852 undecim
2181 1813 2264 1853 dies
2281 1816 2488 1866 statuunt,
2519 1819 2639 1867 atque
2665 1819 2770 1868 igno-

1483 1870 1604 1908 minia
1619 1871 1774 1909 notant.

1877 1963 1980 2012 XV.
2024 1963 2375 2014 LYCIORUM.

1535 2087 1643 2138 Lycii
1669 2088 1793 2127 vitam
1814 2087 2060 2128 sustinebant
2088 2100 2137 2129 ex
2172 2090 2399 2130 latrociniis.
2430 2093 2594 2142 Scriptis
2624 2093 2772 2142 legibus

1483 2170 1562 2198 non
1591 2162 1774 2209 utuntur,
1808 2159 1877 2199 sed
1909 2161 2284 2209 consuetudinibus,
2313 2161 2647 2213 dominanturque
2676 2164 2773 2214 ipsis

1483 2232 1639 2271 feminae
1662 2232 1752 2270 inde
1771 2243 1794 2270 a
1824 2233 2068 2282 temporibus
2091 2233 2387 2282 antiquissimis.
2419 2234 2523 2274 Falsi
2552 2236 2769 2275 testimonii

1482 2304 1685 2344 convictos
1703 2303 1945 2354 divendunt,
1964 2304 2144 2354 bonaque
2167 2315 2303 2344 eorum
2321 2306 2536 2355 publicant.

1732 2417 1736 2420 ’
1785 2407 1914 2455 XVI.
1953 2407 2464 2457 TYBRHENORUM.

1533 2525 1726 2575 Tyrrheni
1759 2526 1863 2565 artes
1894 2525 2084 2575 plurimas
2117 2529 2315 2566 exercent.
2349 2531 2496 2570 Omnes
2526 2529 2599 2569 sub
2629 2530 2769 2570 eadem

1479 2596 1587 2634 veste
1599 2606 1689 2634 cum
1702 2595 1892 2634 uxoribus
1903 2594 2194 2644 concumbunt,
2207 2596 2437 2646 quicunque
2451 2597 2610 2636 tandem
2624 2597 2766 2637 adsint.

1479 2662 1659 2712 Hospites
1677 2662 1728 2701 ad
1753 2673 1794 2701 se
1810 2662 2055 2700 divertentes
2077 2663 2219 2712 quovis
2248 2663 2379 2702 officio
2398 2666 2704 2713 prosequuntur.
2728 2667 2769 2706 Si

1471 2735 1567 2784 quis
1592 2734 1724 2773 debito
1755 2733 1949 2773 obnoxius
1979 2734 2171 2773 solvendo
2190 2746 2270 2773 non
2290 2735 2363 2784 sit,
2391 2735 2656 2785 insequuntur
2676 2747 2768 2776 eum

1478 2807 1591 2857 pueri
1612 2817 1785 2845 vacuum
1805 2806 2000 2856 gestantes
2028 2806 2268 2856 marsupium
2294 2806 2335 2845 in
2355 2806 2439 2856 ejus
2463 2808 2760 2848 contumeliam.

1795 2909 1950 2956 XVII.
1988 2907 2440 2955 MOLOSSORUM.

1535 3038 1697 3079 Molossi
1714 3038 1885 3088 expilato
1905 3038 2041 3077 Dianae
2062 3038 2151 3076 fano
2163 3067 2174 3087 ,
2195 3048 2320 3087 quum
2344 3048 2395 3076 ex
2411 3038 2541 3077 statua
2560 3038 2644 3087 ejus
2658 3047 2766 3076 coro-

1479 3162 1596 3202 atheo
1606 3191 1616 3209 ‚
1632 3172 1751 3211 quem
1764 3161 1860 3200 item
1873 3160 2054 3201 Corinthi
2068 3159 2346 3199 obisse‘dicunt
2363 3159 2581 3209 Hesychius
2594 3158 2767 3198 Milesius

1478 3221 1518 3259 et
1538 3219 1679 3259 Suidas
1693 3230 1733 3258 v.
1755 3218 1943 3270 Διαγόρας
1960 3219 2216 3265 εκατοικήσας
2236 3218 2417 3268 Κόρινθον
2433 3217 2563 3256 αὐτόθι
2593 3218 2657 3256 τὸν
2682 3217 2765 3267 βίον

1477 3278 1744 3327 κατέστρεψεν.

1528 3337 1634 3374 ΧΙΙΙ.
1666 3337 1725 3374 De
1743 3334 1836 3372 vino
1853 3332 2083 3382 Peparethio
2099 3332 2149 3371 cf.
2163 3332 2375 3372 Athenaeus
2394 3333 2434 3381 Ι,
2458 3342 2500 3382 p.
2523 3337 2587 3377 28,
2603 3333 2634 3370 Α
2646 3359 2658 3378 ,
2679 3329 2766 3368 Pol-

1476 3391 1548 3430 lux
1589 3395 1667 3439 VI,
1703 3396 1771 3439 16,
1813 3390 1998 3440 Sophocl.
2025 3390 2202 3430 PhiloctJ
2227 3392 2316 3429 546.
2345 3388 2523 3428 Bacchus
2556 3388 2596 3427 in
2618 3388 2762 3427 numis.

1476 3450 1526 3487 V.
1550 3448 1711 3488 Eckhel.
1729 3451 1777 3487 D.
1801 3450 1848 3486 N.
1867 3447 1947 3485 vol.
1965 3449 2024 3496 Π,
2042 3457 2080 3496 p.
2106 3451 2190 3486 151.

1526 3509 1632 3546 XIV.
1660 3506 1697 3544 ἐν
1710 3504 1858 3556 χιτῶνι]
1874 3505 1926 3543 ἐνὶ
1940 3517 1979 3555 χ.
1994 3504 2133 3554 beclem
2152 3505 2204 3542 ἑνὶ
2212 3514 2260 3554 p.
2276 3503 2419 3543 Similis
2431 3503 2640 3542 mulierum
2653 3502 2762 3541 adul-

1476 3564 1652 3603 terarum
1667 3573 1782 3613 poena
1794 3561 1900 3611 apud
1911 3564 2094 3601 Cumaeos
2104 3562 2275 3610 vigebat,
2295 3562 2396 3600 teste
2407 3561 2617 3599 Plutarcho
2629 3561 2668 3599 iu
2683 3562 2759 3605 Qu.

1476 3625 1546 3662 Gr.
1572 3631 1606 3660 c.
1635 3626 1679 3670 23
1707 3631 1782 3660 nec
1801 3630 1882 3658 non
1911 3619 2017 3669 apud
2037 3619 2207 3667 Pisidas,
2228 3621 2274 3658 ut
2293 3619 2477 3658 Nic-olaus
2493 3621 2605 3657 Dam.
2628 3619 2761 3655 narrat

1475 3690 1540 3729 ap.
1562 3679 1670 3718 Stob.
1687 3679 1793 3718 Flor.
1807 3678 1949 3725 XLIV,
1964 3679 2027 3716 41.
2046 3678 2107 3716 Cf.
2127 3677 2281 3716 Miiller.
2303 3679 2402 3715 Dor.
2420 3677 2471 3723 11,
2493 3684 2530 3723 p.
2549 3679 2644 3722 226,
2670 3679 2705 3712 5.

1524 3739 1613 3776 XV.
1640 3735 1847 3786 Λυκίων]
1866 3736 1949 3785 περὶ
1968 3733 2124 3774 Λυκίων
2146 3737 2187 3775 0.
2207 3733 2328 3773 rubro
2347 3732 2491 3771 colore.
2515 3752 2566 3759 —
2580 3743 2758 3779 γύναικο·

1473 3793 1552 3845 κρ.]
1573 3797 1622 3833 V.
1645 3793 1832 3833 Herodot.
1852 3795 1893 3841 I,
1915 3797 1986 3833 173
2006 3795 2046 3833 et
2066 3803 2165 3842 quos
2181 3790 2315 3831 laudat
2331 3789 2383 3828 ibi
2404 3789 2555 3836 Baehr.;
2579 3787 2759 3826 Nicolaus

1473 3857 1652 3892 Damasc.
1670 3854 1719 3892 fr.
1741 3856 1836 3900 1033
1854 3852 2008 3892 Miiller.
2026 3856 2124 3892 Dor.
2142 3853 2175 3902 I,
2191 3862 2232 3901 p.
2252 3854 2325 3889 216
2336 3861 2349 3898 ;
2366 3845 2539 3888 Etruslc.
2554 3847 2587 3894 1,
2604 3855 2641 3894 p.
2659 3847 2755 3893 404;

1471 3911 1670 3952 Weleker.
1695 3913 1729 3950 Τ
1726 3910 1847 3959 riloq.
1864 3920 1904 3959 p.
1925 3914 2015 3950 587.
2707 3961 2722 3966 ..

1522 3972 1633 4009 XVI.
1657 3966 1908 4019 Τυρρηνοὶ]
1925 3969 1972 4012 A,
1994 3966 2097 4005 οὗτοι
2114 3965 2267 4014 reliqui.
2284 3963 2479 4012 -τέχνας
2499 3958 2582 4008 πλ.]
2595 3959 2641 3996 V.
2661 3957 2756 4022 illul·

1470 4028 1541 4067 ler.
1564 4025 1740 4068 Etrusk.
1770 4037 1808 4075 p.
1830 4027 1902 4063 242
1923 4035 2010 4073 sqq.
2031 4047 2083 4056 -
2101 4023 2191 4073 ὑπὸ]
2212 4023 2272 4060 ἐπὶ
2292 4021 2387 4069 abq.
2409 4021 2505 4057 Rem
2531 4027 2580 4054 ex
2606 4016 2754 4053 Aristo—

1470 4086 1548 4124 tele
1567 4085 1637 4134 (fr.
1662 4083 1762 4133 246)
1785 4083 1903 4121 refert
1924 4082 2148 4121 Athenaeus.
2168 4080 2227 4119 Cf.
2245 4078 2292 4116 de
2309 4075 2471 4115 mollitie
2499 4075 2754 4139 Etruscorum

1471 4142 1709 4191 Theopomp.
1733 4141 1782 4179 fr.
1805 4145 1877 4178 222
1891 4167 1901 4186 ,
1920 4138 2090 4178 Timaeus
2106 4138 2150 4175 fr.
2172 4140 2215 4175 18
2238 4156 2289 4163 -
2303 4130 2449 4180 ἀποδῷ]
2469 4132 2534 4168 ΛΟ
2545 4140 2558 4172 ;
2583 4129 2753 4194 &metesa

1470 4209 1520 4248 p,
1573 4198 1742 4247 ἀποδιδῷ
1788 4195 1943 4244 reliqui.
1986 4216 2037 4223 -—
2068 4191 2232 4243 περιακ.]
2274 4192 2342 4229 ΑΒ
2352 4203 2367 4235 ;
2411 4200 2553 4250 παρακ.
2602 4185 2751 4249 reliqui.

1521 4256 1642 4293 XVII.
1674 4251 1945 4301 Μολοττῶν]
1965 4251 2103 4289 Nullus
2118 4248 2257 4287 titulus
2283 4246 2321 4284 in
2341 4256 2382 4293 c,
2404 4254 2471 4293 qui
2488 4244 2688 4292 sequentia
2712 4253 2750 4280 in
