3016 4628
55 430 78 476 f
125 442 199 488 τοῦ
220 435 325 500 ὑπὲρ
344 438 420 500 γῆς
441 431 720 515 φαινομένου,
735 434 787 495 τῇ
807 428 852 476 δὲ
868 428 979 494 χρόα
1001 428 1136 491 μέλαν
1153 447 1162 458 ·
1183 427 1282 486 ἡ-δὲ
1309 428 1402 492 ῥίζα

123 502 484 568 ἔτερον-τοσοῦτον
520 499 610 546 ἐστι
635 495 749 543 κατὰ
775 498 853 557 γῆς
883 497 1123 559 πεφυκυῖα·
1152 491 1221 558 (ιι)
1250 493 1400 540 τούτου

24 575 32 627 J
124 573 170 623 δὲ
196 577 224 632 ἡ
250 570 326 636 μὲν
351 570 444 634 ῥίζα
467 572 688 635 τριφθεῖσα
711 568 808 614 λεῖα
833 564 907 612 καὶ
927 566 1287 612 καταπλασθεῖσα
1318 566 1402 610 τῶν

108 636 433 711 ποδαγρώντων
477 640 572 695 τοὺς
601 638 756 693 πόνους
798 636 1006 703 ἀφίστησι
1043 635 1117 683 καὶ
1157 634 1312 683 κωλύει
1351 634 1405 682 τὰ

120 722 251 783 -νίῦρα
274 713 548 782 φλεγμαίνειν
562 731 574 742 ·
592 715 614 759 ὁ
630 710 675 758 δὲ
695 708 837 776 φλοιὸς
858 706 1064 762 λειανθεὶς
1083 707 1156 754 καὶ
1174 710 1267 768 μετ’
1290 706 1403 755 οἴνου

15 778 55 825 ‘s
71 787 262 843 J'vtoflslc
277 786 371 841 τοὺς
391 783 633 838 κοιλιακοὺς
647 781 846 846 ὑγιαίνει·
870 780 926 827 τὰ
949 780 992 827 δὲ
1013 779 1154 845 φύλλα
1177 779 1406 845 τριφθέντα

24 850 82 919 ,ᾗ
125 853 196 903 καὶ
226 850 502 917 ἐγχρισθέντα
537 851 595 902 εἰς
621 847 797 906 ὀθόνιον,
829 849 914 893 τῶν
952 843 1289 911 ὀφθαλμιώντων
1333 844 1407 892 καὶ

125 925 207 974 ὑπὸ
237 928 309 972 τοῦ
343 922 552 988 ῥεύματος
583 917 951 981 κατατεινομένων
975 917 1048 965 καὶ
1082 916 1411 965 κινδυνευόντων.

35 998 82 1046 ,T
123 1001 307 1065 ’ῥαγῆναι
327 995 404 1054 τὴν
422 994 516 1060 ὄψιν
542 993 619 1051 τὴν
642 982 849 1058 ἐπιφορὰν
864 994 940 1038 τοῦ
961 989 1169 1054 ῥεύματος
1195 989 1408 1037 ἀναστέλ-

0 1067 1 1073 ¹
20 1054 75 1074 )
126 1073 191 1119 λει
217 1067 387 1134 πραέως
406 1067 480 1115 καὶΙ
499 1065 659 1114 ὡσανεὶ
682 1062 1009 1130 παραιτούμενα
1041 1062 1195 1125 μηκέτι
1220 1062 1291 1109 ἐπὶ
1312 1061 1410 1115 τοὺς

125 1139 370 1208 ὀφθαλμοὺς
391 1139 610 1206 φέρεσθαι.
685 1137 759 1200 (19.)
786 1134 965 1193 Ταύτην
991 1134 1034 1182 δὲ
1057 1133 1134 1192 τὴν
1159 1133 1340 1196 δύναμιν
1366 1132 1410 1180 ἓν

125 1217 207 1263 τῶν
227 1215 412 1261 πολιτῶν
438 1203 524 1258 οἶδε
544 1209 682 1274 γένος·
707 1208 728 1256 ὃ
750 1208 801 1265 δὴ
824 1207 997 1271 λέγεται
1014 1206 1227 1272 Χείρωνος
1246 1203 1410 1269 ἀπόγο-

3 1272 23 1312 ·’
101 1296 193 1335 ’νον
218 1279 325 1332 εἶναι
341 1303 352 1314 ·
375 1282 646 1349 παραδίδωσι
665 1282 710 1329 δὲ
733 1280 807 1328 καὶ
831 1279 1018 1326 δείκνυσι
1038 1279 1183 1344 πατὴρ
1207 1281 1285 1343 υἱῷ
1300 1314 1313 1338 ,
1337 1278 1411 1325 καὶ

125 1356 258 1412 οὕτως
272 1362 299 1416 ἡ
322 1356 501 1419 δύναμις
517 1354 806 1420 φυλάσσεται,
828 1354 885 1406 ὡς
913 1350 1046 1405 οὐδεὶς
1064 1349 1193 1404 ἄλλος
1216 1342 1302 1398 οἶδε
1325 1352 1410 1397 τῶν

72 1426 84 1471 ῗ
124 1431 333 1478 πολιτῶν·
350 1429 433 1492 οὔχ
448 1426 564 1475 ὅσιον
589 1425 634 1474 δὲ
665 1424 762 1479 τοὺς
782 1422 1089 1485 ἐπισταμένους
1113 1422 1167 1470 τὰ
1198 1422 1411 1488 φάρμακα

22 1527 28 1532 ·
55 1546 67 1563 ¹,
126 1505 277 1564 μισθοῦ
294 1503 381 1554 τοῖς
395 1499 605 1562 κάμνουσι
625 1497 808 1562 βοηθεῖν,
830 1494 941 1542 ἀλλὰ
957 1498 1132 1559 προῖκα.
1157 1493 1222 1543 Τὸ
1244 1492 1320 1556 μὲν
1340 1485 1412 1540 οὖν

51 1567 53 1632 J
127 1571 293 1629 Πήλιον
311 1570 384 1618 καὶ
399 1569 477 1629 τὴν
498 1567 784 1632 Δημητριάδα
803 1565 1053 1628 συμὸέὸηκε
1068 1564 1269 1622 τοιαύτην
1287 1556 1409 1611 εἶναι.

191 1640 297 1692 ’Ότι
320 1647 348 1701 ἡ
376 1639 453 1706 μὲν
485 1641 645 1695 Ἑλλὰς
679 1640 765 1687 ἀπὸ
800 1637 1133 1694 Πελοποννήσου
1169 1634 1246 1694 τὴν
1269 1635 1410 1702 ἀρχὴν

39 2183 51 2191 ο,
83 2162 86 2163 ’
192 2134 287 2195 Τὴν
305 2134 382 2197 μὲν
400 2127 472 2183 οὖν
490 2133 688 2185 Ἑλλάδα
709 2133 798 2181 ἀπὸ
822 2132 1156 2191 Πελοποννήσου
1172 2132 1250 2190 τὴν
1269 2131 1409 2198 ἀρχὴν

127 2207 273 2258 λαθὼν
306 2207 436 2273 μέχρι
471 2212 547 2255 τοῦ
576 2205 823 2271 Μαγνήτων
861 2205 1049 2271 ἀφορίζω
1074 2204 1303 2269 [Ὁμολίου
1339 2205 1414 2251 καὶ

25 2268 79 2332 ξ’
126 2284 211 2330 τῶν
221 2281 472 2344 Θετταλῶν]
488 2279 704 2342 στάμπου.
719 2278 739 2299 *
753 2277 888 2343 Τάχα
908 2278 953 2325 δὲ
964 2276 1148 2343 φήσουσί
1167 2296 1278 2331 τινες
1297 2281 1414 2340 ἡμᾶς

130 2354 299 2419 ᾇγνοεῖν
323 2350 401 2410 τὴν
422 2349 668 2401 Θετταλίαν
691 2353 767 2408 τῆς
787 2349 997 2402 Ἑλλάδος
1021 2353 1413 2415 καταριθμοῦντας,

31 2431 36 2439 “
87 2443 97 2466 “ὶ
130 2423 295 2491 ἄπειροι
309 2428 386 2482 τῆς
402 2426 485 2471 τῶν
505 2422 774 2488 πραγμάτων
794 2421 910 2489 ὄντες
935 2420 1151 2480 ἀληθείας.
1180 2422 1231 2484 (2)
1253 2420 1311 2470 ‘H
1332 2421 1415 2485 γὰρ

30 2504 32 2506 ’
129 2495 289 2552 Ἑλλὰς
317 2497 366 2544 τὸ
396 2495 581 2543 παλαιὸν
615 2488 721 2543 οῧσά
743 2513 848 2542 ποτε
865 2493 988 2548 πόλις
1015 2495 1089 2556 ἀφ’
1107 2491 1322 2552 ’Ἕλληνος
1342 2498 1415 2540 τοῦ

36 2556 42 2571 ‚
68 2569 288 2619 ”Αἶόλου
312 2568 471 2627 ἐκλήθη
501 2587 547 2615 τε
581 2567 656 2614 καὶ
692 2565 894 2624 ἐκτίσθη,
929 2569 1005 2623 τῆς
1042 2566 1277 2614 Θετταλῶν
1309 2556 1415 2612 offo-a

35 2675 40 2686 .
99 2652 103 2665 ”
129 2639 295 2706 χώρας,
324 2639 536 2702 ἀνάμεσον
564 2638 808 2702 Φαρσάλου
845 2655 892 2684 τε
927 2635 1102 2700 κειμένη
1134 2636 1208 2684 καὶ
1231 2640 1308 2695 τῆς
1329 2630 1415 2683 τῶν

88 2743 107 2753 ι
131 2712 404 2762 Μελιταιέων
429 2710 611 2764 πόλεως.
648 2709 865 2769 Ἕλληνες
889 2708 966 2772 μὲν
983 2708 1068 2774 γάρ
1092 2711 1173 2756 εἷσι
1191 2712 1253 2775 τῷ
1280 2707 1415 2772 γένει,

42 2790 50 2807 ''
137 2784 213 2832 καὶ
228 2787 320 2838 ταῖς
334 2784 491 2850 φωναῖς
504 2783 791 2840 ἑλληνίζουσιν
804 2783 843 2829 οἱ
864 2782 934 2847 ἀφ’
949 2779 1184 2838 υΕλληνος·
1203 2780 1417 2838 Ἀθηναῖοι

46 2910 62 2915 ,
98 2882 102 2890 ·
126 2855 178 2904 ’δὲ
202 2859 240 2904 οἱ
261 2854 338 2914 τὴν
377 2855 571 2913 Ἀττικὴν
599 2859 895 2908 κατοικοῦντες
926 2853 1114 2903 Ἀττικοὶ
1142 2852 1219 2915 μέν
1251 2858 1332 2900 εἱσι
1356 2857 1417 2916 τῷ

133 2926 270 2993 γένει,
297 2934 394 2982 ταῖς
418 2927 463 2975 δὲ
488 2926 725 2980 διαλέκτοις
755 2925 1055 2984 ἀττικίζουσιν,
1073 2923 1219 2989 ὥσπερ
1243 2929 1420 2990 Δωριεῖς

137 2998 212 3062 μὲν
235 3002 274 3048 οἳ
301 3000 386 3047 ἀπὸ
407 3000 559 3065 Δώρου
588 3003 641 3065 ,τῇ
668 3003 788 3064 φωνῇ
820 2998 1091 3063 δωρίζουσιν·
1117 2997 1349 3053 αἷολίζουσι
1375 2996 1420 3044 δὲ

112 3071 176 3126 oi
201 3072 287 3120 ἀπὸ
324 3071 506 3132 Αἰόλου,
538 3072 702 3127 ἷάζουσι
735 3071 779 3119 δὲ
803 3073 842 3119 οἱ
867 3070 954 3118 ἀπὸ
973 3067 1126 3124 Ἴωνος
1145 3074 1218 3118 τοῦ
1251 3068 1418 3117 Ξούθου

40 3217 59 3262 ζ.
83 3201 102 3248 j‘
116 3205 118 3207 ’
136 3206 336 3260 Osannus3
349 3209 464 3256 δάσος
477 3219 566 3260 vgo.
581 3213 639 3250 De
651 3209 781 3249 Pelaea
790 3238 801 3258 ,
814 3209 878 3249 cui
891 3220 1000 3249 sacer
1011 3210 1127 3248 lucus
1140 3210 1242 3258 erat,
1260 3207 1422 3247 aliunde

9 3264 11 3270 ‘
137 3274 218 3307 non
241 3270 426 3316 ,constat5
465 3279 596 3317 neque
623 3267 788 3306 flumina
817 3268 892 3306 ista
922 3267 1018 3306 alibi
1054 3269 1340 3306 memorantur.
1372 3287 1425 3295 —

42 3330 74 3364 ι’,
91 3321 371 3376 ,,’«ᾰκτα,ίου]
387 3324 547 3376 ἀκραίου
569 3327 750 3364 Osannus
769 3326 809 3364 et
830 3324 1025 3374 Fuhrius‚
1042 3326 1186 3374 praeter
1210 3323 1423 3363 necessita-

39 3385 72 3427 ¹iz
91 3383 110 3435 ’.ζ
125 3379 244 3432 fitam,
270 3384 382 3433 puto.
416 3383 477 3423 ct.
509 3382 664 3422 Miiller.
696 3383 891 3432 Proleqq.
923 3393 960 3432 p.
990 3387 1079 3431 271,
1112 3384 1291 3434 Min2p.
1324 3384 1397 3420 248
1413 3409 1424 3429 ,

38 3453 69 3487 1,
107 3438 367 3482 ’καθίησι
377 3450 414 3490 p.
433 3442 527 3488 1413
543 3438 743 3479 Prellerad
756 3440 903 3478 Polem.
922 3441 1015 3491 Περὶ
1026 3439 1264 3478 Διοσκωδίου
1279 3449 1318 3489 p.
1339 3441 1424 3486 140;

125 3500 164 3539 ,ὃς
201 3507 354 3537 rmann.
372 3497 532 3547 Antiqq.
549 3507 651 3536 sacr.
671 3503 736 3545 23,
755 3500 815 3536 23.
834 3519 887 3525 —
905 3498 958 3536 ἐπ
972 3498 1078 3536 ὶτοῠ
1108 3499 1196 3547 ἱερ.
1214 3495 1229 3547 ]
1249 3497 1324 3535 ὑπὸ
1342 3510 1375 3534 τ.
1400 3498 1426 3534 ἱ.

38 3548 78 3600 ’ῤ’
158 3555 370 3594 uttmann.
383 3575 436 3584 -—
450 3558 474 3603 ἡ
499 3555 582 3606 μὲν
600 3555 710 3606 μία]
727 3555 796 3606 μία
810 3555 919 3594 deest
934 3555 975 3594 in
996 3554 1166 3593 Gudian.
1181 3554 1324 3602 ,-·τὸν
1341 3556 1427 3592 Μα-

122 3655 124 3659 ,
138 3604 238 3658 'ateo-
254 3611 270 3664 ]
289 3612 355 3652 τὸν
372 3611 482 3652 deest
497 3613 538 3652 in
554 3612 724 3652 Gudian.
737 3625 748 3660 ;
763 3611 855 3651 dein
882 3627 891 3650 :
911 3614 1016 3651 Μακ.
1046 3609 1280 3661 καλούμενον
1297 3611 1426 3650 ἐπικε-

36 3667 325 3747 .,ἰαλημε’νον
340 3670 426 3710 cod.
455 3669 576 3710 Paris.
595 3672 635 3709 et
651 3669 820 3709 Gudian.
837 3690 889 3698 —
910 3669 1111 3716 πλαγίαν
1129 3668 1143 3719 ]
1166 3669 1270 3707 Gaii.
1289 3668 1428 3718 Fuhr.;

87 3726 323 3783 ς”,πλαγίαν
337 3727 554 3767 eod—rb
569 3727 616 3767 δὲ
638 3727 658 3766 ὅ
669 3740 720 3778 ρο
731 3742 748 3773 ς
763 3727 873 3778 κτλ.]
895 3742 913 3760 α
935 3727 1059 3766 Valde
1079 3727 1225 3765 mirum
1241 3725 1346 3775 quod
1366 3726 1428 3765 hle

56 3771 63 3814 Ῑ
97 3816 113 3838 :.
143 3784 394 3834 quasiprimo
410 3784 461 3824 de
474 3784 619 3834 plantis
635 3784 731 3824 Pelii
748 3784 894 3824 montis
913 3783 990 3823 dici
1006 3783 1176 3833 videtur,
1193 3793 1319 3833 quum
1346 3782 1428 3832 jam

40 3867 41 3871 =
60 3848 62 3851 '
82 3833 120 3893 Ὑῐ
145 3840 462 3887 nteadeearum
473 3841 777 3892 proprietatibus
785 3841 1017 3881 disseruerit
1032 3841 1296 3881 Dicoearehus.
1317 3840 1430 3880 Unde

102 3899 119 3958 ’γ
142 3895 327 3948 mingere
344 3909 418 3938 nos
436 3909 549 3949 posse
567 3897 686 3938 credo
701 3927 714 3948 ,
733 3898 811 3938 hoc
831 3898 1095 3949 fragmentum
1111 3909 1190 3938 non
1215 3908 1342 3937 unum
1368 3897 1428 3936 lo-

55 3902 125 4025 ᾗ
143 3962 242 3995 ⁴cum
258 3954 457 4006 integrum
478 3967 589 4003 esse,
609 3955 677 3996 sed
705 3956 930 4006 complures
956 3957 1064 3996 locos
1091 3957 1300 3996 consutos.
1335 3957 1430 3994 Haec

55 4023 68 4030 ⁴*
106 4018 129 4064 ,i
143 4011 210 4068 nst
232 4011 353 4057 etiam
383 4013 523 4053 Marxii
545 4013 596 4054 de
629 4013 706 4052 hoc
730 4013 887 4054 minore
916 4011 1141 4063 fragmento
1164 4012 1374 4052 sententia.
1406 4029 1427 4047 υ

3 4106 5 4110 ⁴
114 4066 400 4114 -lffltmamh
427 4091 480 4100 --
499 4070 754 4121 πολλὰςέχ
768 4071 848 4122 ον]
870 4086 910 4111 π.
935 4071 1036 4122 ἔχων
1060 4070 1148 4110 cod.
1170 4070 1275 4110 Gud.
1295 4091 1349 4100 —
1365 4072 1430 4110 καὶ

42 4126 65 4145 ⁴
100 4121 122 4170 Ξ
140 4126 328 4178 χρῆσθαι]
345 4126 475 4178 editt„
492 4127 700 4179 κεχρῆσθαι
715 4128 832 4167 codd.
847 4150 898 4157 -
916 4128 1021 4180 ἥτις]
1038 4127 1189 4168 addidit
1206 4128 1429 4178 Fabricius;

3 4227 7 4237 ,
72 4162 572 4238 {⁴¹1nmad.deest.nox
596 4185 647 4224 de
669 4194 760 4224 meo
779 4185 912 4237 addidi
933 4185 1082 4236 [ἄλλος]
1096 4199 1108 4235 ;
1141 4185 1346 4236 ἀνομοίους
1375 4185 1432 4224 in-

0 4243 9 4278 i
59 4232 122 4282 Ἃ
153 4237 252 4281 clusi
265 4268 279 4290 ‚
307 4242 446 4291 utpote
477 4243 672 4292 glossema
699 4253 843 4282 vocum
871 4243 988 4288 ἄλλοις
1018 4245 1085 4282 καὶ
1121 4243 1250 4287 ἄλλοις.
1285 4243 1433 4283 Similia

90 4295 92 4351 ζ
107 4300 138 4328 ³-
156 4295 356 4347 glossdam
371 4299 513 4350 saepius
524 4299 708 4340 vidimus.
726 4301 1009 4352 Ὺοκδυνᾰμεις
1019 4303 1106 4352 post
1119 4301 1277 4351 δύναμιν
1296 4301 1432 4351 (quam

45 4312 50 4320 t
75 4327 78 4331 u

51 4339 53 4342 “
67 4348 79 4367 γ4

80 4345 125 4449 {A

82 4452 98 4464 «q

6 4456 9 4463 ,
41 4492 55 4499 ι.
76 4461 117 4498 53⁷⁴

51 4512 56 4522 ,
133 4510 137 4514 .

1231 325 1644 373 FRAGMENTA.

2665 341 2756 379 263

1477 429 1659 468 cubitum
1677 428 1782 468 haud
1802 430 1980 479 excedit,
1998 431 2066 469 sed
2089 442 2200 481 oeque
2219 434 2338 472 allam
2358 435 2527 473 radicem
2555 436 2634 484 agit
2657 436 2760 475 infra

1478 501 1638 539 terram.
1710 500 1745 550 (1
1759 502 1791 549 l)
1812 500 1938 550 Hujus
1954 501 2065 540 radix
2085 503 2179 541 trita
2204 504 2356 543 minute
2373 509 2411 544 et
2424 506 2518 545 illita
2537 507 2760 557 podagrico·

1478 583 1566 611 rum
1582 571 1737 610 dolores
1749 572 1891 621 abigit,
1910 583 2037 622 neque
2052 583 2195 613 nervos
2207 577 2374 614 aestuare
2390 579 2594 626 permittit.
2614 583 2761 619 Cortex

1478 644 1748 683 comminutus
1784 647 1823 683 et
1850 644 1890 683 in
1911 644 2003 682 vino
2027 647 2211 695 sumptus
2245 649 2359 686 curat
2386 658 2474 696 eos,
2507 650 2572 699 qui
2601 652 2763 691 emliaro

1480 715 1619 755 morbo
1649 717 1857 755 vexantur.
1890 715 1997 755 Folia
2026 716 2142 765 trita,
2173 717 2205 755 si
2234 717 2398 756 linteum
2430 719 2506 758 illis
2536 721 2761 771 inungatur,

1480 789 1691 828 oculorum
1721 787 1858 827 dolore
1877 789 1917 828 et
1939 787 2156 827 suffusione
2183 788 2476 839 laborantibus,
2503 792 2620 830 etiam
2641 804 2763 842 quum

1481 861 1701 912 periculum
1722 862 1781 901 est
1804 860 1992 911 perdendi
2023 861 2152 909 visus,
2182 860 2372 911 impetum
2401 862 2584 903 ssuxionis
2615 865 2761 905 sistunt

1481 937 1658 977 suaviter
1677 947 1723 976 ac
1747 937 1870 976 veluti
1891 936 2145 987 deprecantis
2171 947 2220 976 ne
2246 937 2295 976 ad
2316 938 2455 977 oculos
2480 950 2605 989 usque
2623 951 2764 990 perve-

1483 1009 1582 1049 niat.
1637 1009 1717 1061 (12)
1746 1011 1842 1049 Haec
1865 1008 2079 1048 herbarum
2109 1009 2236 1048 virtus
2262 1010 2330 1048 uni
2361 1009 2518 1049 cuidam
2548 1012 2765 1052 incolarum

1483 1081 1588 1131 genti
1606 1080 1810 1133 perspecta
1829 1081 1911 1130 est,
1925 1081 1993 1132 qui
2009 1081 2191 1121 Chironis
2209 1092 2293 1122 esse
2311 1082 2457 1132 posteri
2479 1082 2666 1122 dicuntur
2692 1099 2701 1123 :
2719 1095 2766 1123 ex

1485 1154 1546 1194 his
1568 1155 1681 1204 pater
1705 1153 1873 1193 subinde
1905 1152 2087 1193 notitiam
2107 1152 2228 1192 tradit
2254 1154 2498 1204 exponItque
2517 1154 2596 1194 filio
2612 1185 2624 1205 ,
2651 1157 2771 1206 atque

1485 1226 1540 1265 ita
1558 1226 1766 1276 diligenter
1783 1225 2022 1276 custoditur,
2043 1226 2090 1264 ut
2106 1235 2223 1264 nemo
2240 1226 2432 1274 praeterea
2455 1224 2604 1264 civium
2626 1226 2689 1264 vel
2708 1226 2771 1264 in·-

1485 1299 1665 1339 rolarum
1685 1298 1808 1349 possit
1821 1299 1931 1338 illam
1948 1298 2023 1338 sibi
2039 1297 2245 1338 scientiam
2262 1295 2477 1336 vindicare.
2498 1298 2613 1336 Nefas
2635 1300 2771 1338 autem

1485 1381 1628 1421 gnaros
1648 1370 1819 1419 virium,
1842 1369 1988 1420 quibus
2012 1369 2147 1410 herbae
2174 1369 2390 1419 praestant,
2414 1367 2603 1415 mercede
2615 1371 2773 1420 sumpta

1485 1443 1647 1493 aegrotis
1661 1454 1778 1494 opem
1798 1443 1902 1483 ferre
1923 1454 1934 1482 τ
1952 1442 2072 1492 gratis
2096 1441 2202 1482 enim
2218 1441 2294 1481 hoc
2315 1441 2444 1481 facere
2459 1442 2630 1492 oportet.
2651 1441 2774 1490 Igitur

1488 1516 1616 1556 Pelius
1640 1526 1755 1556 mons
1770 1516 1811 1556 et
1835 1515 2054 1556 Demetrias
2073 1514 2169 1554 urbs
2196 1513 2426 1565 hujusmodi
2442 1516 2550 1554 sunt.

1539 1653 1671 1693 Hellas
1689 1663 1714 1692 a
1733 1653 2001 1704 Peloponneso
2014 1652 2150 1704 incipit
2164 1683 2175 1704 ,
2194 1652 2389 1704 producta
2404 1664 2531 1705 usque
2544 1654 2595 1694 ad
2615 1657 2775 1706 Magn&

22 1692 61 1794 ἴ
126 1715 359 1779 λαμὸάνει,
378 1712 593 1779 μέχριτοῧ
612 1710 856 1776 Μαγνήτων
870 1710 1079 1776 ἀφορίζων
1103 1707 1304 1771 στάμπου
1316 1708 1405 1758 ’‘**.
1484 1725 1574 1764 tum
1595 1724 1678 1762 ***.

1425 1871 1482 1917 61
1495 1907 1506 1918 .

581 2003 618 2046 E
652 1999 871 2046 CODICE
905 1998 1258 2054 PARISIENSE
1293 1998 1480 2044 REGIO
1515 2000 1578 2044 N⁰
1613 1999 1850 2044 CDXLIII
1886 2000 2325 2048 SUPPLEMENTI.

1500 2156 1502 2159 v
1542 2133 1658 2173 Fines
1667 2131 1788 2183 igitur
1803 2133 1993 2184 Helladis,
2010 2144 2034 2173 a
2048 2134 2317 2185 Peloponneso
2330 2135 2414 2184 ejus
2428 2135 2587 2175 initium
2603 2146 2785 2186 sumens,

1489 2222 1616 2262 usque
1642 2210 1691 2250 ad
1710 2208 1907 2252 Homolen
1926 2213 2155 2262 Magnetum
2183 2213 2223 2252 et
2241 2212 2292 2251 ad
2308 2213 2519 2262 (Peneum
2530 2211 2717 2262 fiuvium
2729 2216 2778 2263 Ρ)

1491 2288 1772 2327 Thessalorum
1788 2289 1976 2339 produco.
1993 2290 2195 2331 Fortassse
2210 2290 2344 2329 autem
2359 2290 2486 2347 aliqui
2502 2290 2633 2331 dicent
2648 2299 2780 2330 errare

1490 2376 1565 2405 nos
1583 2365 1828 2406 Thessaliam
1848 2365 2012 2406 Hellade
2040 2367 2420 2417 comprehendentes
2448 2383 2459 2406 ι
2480 2367 2550 2407 sed
2577 2368 2633 2408 illi
2648 2370 2783 2419 potius

1491 2455 1627 2484 rerum
1658 2444 1838 2485 veritatis
1856 2444 1980 2495 ignari
2005 2446 2112 2484 sunt.
2143 2445 2198 2495 (2)
2228 2444 2386 2484 Etenim
2409 2444 2542 2485 Hellas
2560 2445 2657 2486 olim
2685 2445 2786 2485 urbs

1492 2524 1590 2574 fuit,
1607 2535 1699 2574 quae
1725 2523 1775 2562 ab
1800 2523 1962 2563 Hellene
1986 2522 2088 2563 AEoli
2108 2524 2220 2573 patre
2248 2522 2409 2562 condita
2430 2525 2471 2563 et
2499 2523 2703 2564 nominata
2722 2528 2781 2565 est

1491 2601 1532 2640 in
1555 2601 1832 2640 Thessalorum
1859 2600 2017 2650 regione
2042 2600 2145 2640 inter
2176 2600 2418 2640 Pharsaliam
2433 2602 2474 2640 et
2496 2601 2637 2642 urbem
2666 2603 2779 2643 Meli.-

1493 2681 1715 2720 taeensium.
1732 2682 1823 2719 Jam
1834 2690 1930 2719 vero
1955 2679 2160 2730 Hellenes(
2176 2682 2400 2730 primitivo.
2423 2680 2615 2721 vocabuli
2628 2685 2780 2730 sensu)

1491 2767 1633 2807 genere
1650 2758 1743 2796 sunt
1762 2757 1801 2796 et
1816 2756 1949 2806 lingua
1964 2756 2219 2797 hellenissant
2233 2758 2256 2797 ii
2275 2757 2346 2808 qui
2366 2758 2591 2810 (proximi)
2614 2760 2666 2800 ab
2687 2761 2782 2800 Hel·

1494 2836 1586 2876 lene
1600 2835 1790 2886 originem
1809 2835 1984 2885 ducunt3
2001 2835 2173 2876 eundem
2188 2836 2230 2875 in
2254 2837 2421 2878 modum
2441 2840 2700 2879 Athenienses
2715 2841 2785 2890 qui

1497 2915 1667 2956 Atticam
1682 2914 1883 2964 incolunt,
1898 2914 2019 2954 Attici
2034 2925 2175 2964 genere
2189 2917 2284 2955 sunt
2300 2918 2343 2957 et
2356 2915 2526 2957 dialecto
2545 2918 2760 2958 atticissant
2772 2950 2784 2968 ,

1494 2993 1611 3037 sicuti
1642 2993 1851 3034 Dorienses
1869 3004 1892 3032 a
1921 2996 2028 3033 Doro
2047 2993 2205 3033 oriundi
2231 2994 2368 3034 dorica
2390 2995 2582 3045 dialecto,
2607 2997 2657 3036 ab
2674 2999 2785 3037 AEolo

1495 3073 1653 3113 oriundi
1683 3072 1820 3112 aeolica
1835 3103 1847 3123 ,
1871 3073 1922 3112 ab
1939 3076 2033 3113 lone
2049 3073 2174 3113 Xuthi
2193 3073 2276 3114 filio
2297 3075 2454 3114 oriundi
2470 3076 2597 3116 ionica
2619 3077 2786 3117 dialecto

1495 3217 1634 3246 vocem
1648 3206 1698 3245 ad
1713 3220 1799 3245 τινα
1810 3207 1993 3256 supplere
2005 3206 2209 3256 debemus)
2223 3206 2304 3247 n'on
2316 3207 2414 3248 adeo
2427 3208 2592 3248 offendit
2606 3208 2647 3248 in
2660 3221 2787 3249 excer-

1497 3266 1625 3315 ptore,
1642 3264 1862 3314 praesertim
1888 3275 2014 3314 quum
2035 3276 2151 3304 sensu
2172 3265 2331 3305 diverso
2352 3268 2579 3316 usurpetur.
2598 3289 2649 3296 —
2667 3282 2688 3306 τ
2701 3272 2783 3306 οὔ..

1497 3337 1521 3374 φ
1532 3337 1607 3362 αιν
1619 3337 1639 3362 ο
1653 3336 1681 3373 μ
1693 3323 1768 3361 ένο
1780 3322 1820 3374 υ]
1840 3323 1916 3362 τὸ..
1937 3322 2164 3374 φαινόμενον
2179 3324 2322 3373 Fuhr.,
2341 3335 2421 3374 quo
2437 3335 2517 3363 non
2533 3336 2632 3375 opus
2644 3328 2718 3365 est.
2735 3348 2786 3355 —

1497 3379 1630 3431 λεῖα]
1649 3380 1828 3429 suspicor
1846 3380 1978 3430 ἐλαίῳ,
1995 3383 2039 3419 ut
2050 3392 2169 3432 supra
2185 3381 2208 3432 §
2226 3387 2262 3420 5.
2280 3402 2332 3410 —
2348 3383 2483 3421 λειαν
2497 3383 2515 3420 θ
2530 3396 2548 3421 ε
2562 3383 2573 3420 ὶ
2588 3382 2634 3433 ς]
2655 3384 2787 3422 Fabri-

1499 3439 1608 3486 eius;
1630 3439 1791 3480 λιανθεὶς
1804 3437 1920 3477 codd.
1939 3459 1992 3466 —
2010 3438 2186 3490 ὁθὸνιον]
2206 3438 2294 3478 cod.
2326 3442 2432 3488 Par„
2454 3440 2603 3478 ὀθονίαν
2617 3440 2783 3479 Gudian.

1498 3517 1550 3524 -—
1584 3496 1884 3546 ὀφθαλμιώντων
1900 3494 1915 3545 J
1941 3495 2238 3547 ὀθθαλμιώντων,
2271 3497 2358 3535 cod.
2383 3500 2490 3545 Par„
2509 3497 2784 3547 ὀφθαλμώντων

1500 3553 1671 3592 Gudian.
1699 3573 1751 3582 ·—-
1769 3553 2086 3604 παραιτούμενοι]
2111 3553 2315 3593 Fabricius
2330 3567 2341 3604 ;
2369 3556 2651 3605 παραιτουμένη
2678 3555 2783 3602 cod.;

1499 3611 1807 3662 παραιτουμένην
1839 3611 1985 3659 (sensu
2006 3612 2161 3661 passivo
2181 3612 2217 3662 l)
2239 3622 2294 3650 sc.
2310 3612 2518 3663 ἐπιφορὰν,
2532 3612 2664 3660 Fuhr.;
2695 3623 2785 3663 quae

1499 3668 1668 3707 mutatio
1688 3668 1880 3718 exemplis
1903 3669 2096 3708 firmanda
2115 3670 2212 3709 erat.
2232 3670 2417 3709 Ceterum
2428 3671 2690 3718 παραιτεῖσθαι
2708 3671 2784 3719 ἀμ·

1501 3726 1694 3772 ὅλυωπίας
1707 3756 1718 3776 ,
1737 3726 2015 3766 hebetudinem
2025 3727 2234 3767 oculorum
2253 3727 2423 3776 amoliri,
2442 3727 2584 3776 legitur
2600 3737 2662 3776 ap.
2684 3728 2785 3766 Dio&

1501 3794 1584 3822 cor.
1604 3783 1674 3822 lib.
1690 3786 1722 3832 1,
1743 3794 1829 3834 cap.
1854 3784 1927 3823 ult.

2100 3868 2178 3908 61.

1554 3961 1739 4012 μέχρι...
1762 3961 2020 4013 στάμπου]
2037 3962 2222 4013 μέχριτοῦ
2233 3963 2447 4008 Μαγνητῶν
2464 3959 2648 4009 ἀφορίζων
2658 3958 2782 4007 στάμ-

1502 4029 1580 4055 που
1606 4017 1756 4064 codex,
1775 4019 1846 4068 qui
1875 4018 1926 4057 ad
1950 4018 2070 4058 linem
2104 4018 2223 4067 huJus
2248 4017 2387 4065 fragm.
2416 4015 2566 4065 plenius
2588 4015 2734 4063 prwhet
2773 4031 2781 4052 :

1505 4074 1576 4118 ἕως
1595 4078 1672 4113 τῶν
1688 4076 1889 4115 Θετταλῶν
1901 4075 2063 4126 στομίου
2076 4077 2141 4113 καὶ
2164 4077 2233 4113 τοῦ
2254 4077 2329 4111 τῶν
2345 4074 2558 4120 Μαγνητῶν
2579 4071 2781 4120 Ὁμολίου.

1506 4131 1609 4171 Hinc
1630 4131 1820 4182 supplevi.
1851 4132 1957 4180 Quid
1984 4133 2104 4172 lateat
2124 4132 2164 4170 in
2191 4130 2368 4179 στάμπου
2390 4129 2450 4168 vel
2471 4129 2636 4178 στομίου
2663 4131 2783 4177 (nam

1506 4191 1724 4239 utrumque
1739 4193 1973 4240 corruptum
1993 4191 2102 4238 est),
2136 4187 2241 4227 haud
2269 4187 2452 4224 decerno.
2479 4181 2650 4233 Gailius,
2669 4187 2783 4223 linit-

1506 4255 1702 4294 mannus,
1727 4247 1792 4286 alii
1811 4246 1945 4296 reponi
1963 4246 2174 4285 voluerunt
2195 4245 2385 4290 εΤεμπῶν
2400 4255 2411 4289 ;
2425 4241 2529 4290 quod
2551 4252 2621 4280 cur
2636 4244 2754 4282 nolim
2771 4271 2782 4287 ‚

1506 4302 1588 4341 dixi
1606 4314 1645 4353 p.
1672 4307 1760 4344 231.
1791 4303 2018 4344 Holstenius
2039 4302 2157 4341 ossert
2178 4300 2344 4346 κόλπου,
2369 4298 2486 4376 quod·
2515 4299 2605 4337 serri
2632 4302 2783 4351 nequit.
