3008 4542
1274 241 1709 293 ERAGMENTA.

115 355 139 403 5
147 363 243 409 quo
266 347 505 408 Syncellus
522 347 748 406 loquitur,
774 348 899 391 haud
930 347 1071 408 magis
1095 349 1156 393 ad
1182 351 1426 394 Manetho-

106 420 113 430 '‘
130 431 252 466 nem
267 428 477 464 nostrum
493 419 727 478 pertinere
743 433 883 477 quam
899 420 1103 464 carmina
1117 417 1426 480 ’·Αποτελεσμα

128 488 263 551 maz,
280 506 381 550 quae
397 491 504 534 item
523 504 580 534 ex
600 491 872 534 Hermeticis
891 491 1012 535 stelis
1027 489 1207 535 fluxisse
1225 493 1427 551 itemque

123 563 391 614 „Ptolemaeo
433 561 765 621 (Philadelpho
783 558 796 622 )
836 577 862 606 3
900 563 1177 608 Manethone
1217 564 1427 608 dedicata

107 638 236 680 οὔθ
257 633 469 678 feruntur
491 631 565 694 (Ἴ.
590 635 646 678 V.
669 634 952 692 Apotelesm.
975 634 1062 680 lib
1086 638 1126 681 V
1140 635 1242 680 init.

207 735 282 792 Ἐξ
303 736 466 784 ἀδύτων
489 738 614 808 ἱερῶν
638 736 817 801 βίὸλων,
844 738 1020 798 βασιλευ
1049 740 1293 800 Πτολεμαῖε
1309 775 1320 796 ,

195 802 278 856 καὶ
299 806 521 873 κρυφίμων
545 805 729 867 στηλῶν,
754 808 801 862 ἃς
827 807 980 873 εὕρατο
1002 808 1217 874 πάνσοφος
1236 808 1420 875 Ερμης.

103 935 107 940 .
206 883 422 930 Ceterum
443 883 503 929 ad
536 884 733 929 Sotheos
763 884 935 927 librum
965 885 1274 943 probabiliter
1307 886 1424 929 refe-

111 971 118 997 ς
137 955 283 1002 reuda
317 965 424 1000 sunt
453 971 554 1015 quae
589 955 869 1000 lamblichus
905 954 1002 1018 (De
1036 957 1172 1015 Myst.
1199 958 1329 1015 VIII,
1370 958 1422 1019 1)

106 1060 109 1062 >
138 1028 201 1074 de
227 1043 385 1072 rerum
408 1028 548 1072 initiis
570 1027 793 1072 disserens
812 1027 947 1072 affert
965 1029 1062 1072 haec
1092 1044 1101 1071 :
1131 1025 1223 1078 Τὰς
1249 1025 1325 1086 μὲν
1353 1031 1423 1074 οὖν

138 1094 239 1153 ὅλας
259 1099 344 1160 (sc
362 1096 499 1162 ἀρχὰς
520 1095 704 1162 Ἑρμης)
733 1101 775 1144 ἐν
795 1098 886 1151 ταῖς
901 1097 1140 1162 δισμυρίαις
1165 1097 1344 1162 βίὸλοις,
1370 1103 1426 1154 ὡς

93 1166 124 1234 ζ
138 1169 349 1224 Σέλευκος
386 1170 673 1236 ἀνεγράψατο,
704 1168 732 1228 ἢ
768 1172 812 1217 ἓν
846 1170 938 1219 ταῖς
972 1171 1240 1236 τρισμυρίαις
1270 1191 1315 1218 τε
1352 1192 1423 1220 και

96 1241 398 1307 *stammana
406 1261 438 1296 ις
451 1242 526 1290 καὶ
541 1242 839 1295 πεντακοσίαις
854 1242 928 1290 καὶ
940 1244 1078 1292 εἴκοσι
1095 1242 1222 1291 πέντε
1241 1245 1423 1306 (36525

94 1311 312 1379 3JJ5==25><
325 1317 441 1369 1461
461 1317 476 1378 )
495 1351 507 1373 ,
529 1318 585 1368 ὡς
605 1317 815 1368 Μανεθῶς
829 1317 1004 1379 ἱστορεῖ,
1023 1314 1177 1369 τελέως
1199 1315 1403 1371 ἀνέδειξεν

109 1379 206 1438 Cf.
245 1388 435 1435 Boeckh.
472 1403 522 1448 p.
564 1389 637 1435 16.
674 1391 763 1432 Tot
791 1389 934 1448 igitur
963 1390 1202 1433 volumina
1233 1392 1425 1436 Hermes

135 1460 318 1519 scripsit
330 1496 344 1520 ,
363 1469 480 1519 quot
501 1475 647 1505 annos
661 1461 849 1520 periodi
870 1461 1093 1507 Sothiacae
1107 1463 1271 1521 viginti
1290 1478 1404 1521 qum

99 1547 111 1585 ξ
136 1546 228 1591 que
259 1533 528 1592 continent,
559 1542 697 1592 atque
728 1548 875 1593 regno
902 1534 1232 1593 AEgyptiorum
1263 1534 1426 1578 tribu1t

133 1612 298 1648 auctor
316 1604 533 1650 Chronici
550 1606 740 1650 Veteris.

95 1717 108 1731 ,›
139 1693 143 1698 ·
201 1677 304 1721 Jam
327 1692 440 1721 vero
467 1678 708 1736 *Syncellus
730 1684 978 1736 postquam
998 1678 1207 1736 apposita
1231 1679 1424 1737 epistola

95 1760 225 1801 „nos
256 1749 315 1793 de
345 1758 617 1808 argumento
650 1749 846 1793 Sotheos
880 1749 990 1793 libri
1024 1750 1239 1805 edocuit,
1270 1759 1424 1810 pergit

100 1831 106 1839 ”
115 1819 293 1865 hunc'
279 1836 328 1864 ιιι
345 1820 575 1867 modum:
603 1818 730 1867 Μετὰ
750 1818 794 1865 δὲ
811 1822 947 1866 ταῦτα
968 1838 1041 1866 και
1065 1819 1164 1882 περὶ
1187 1839 1271 1865 των
1292 1822 1420 1866 ἐθνῶν

92 1893 98 1902 ’
123 1891 438 1957 Αἰγυπτιακῶν
461 1877 588 1937 πέντε
608 1892 650 1938 ἐν
671 1889 900 1954 τριάκοντα
932 1890 1242 1944 δυναστείαις
1233 1893 1419 1954 ιστορεῒ,

96 1962 214 2025 ,ζτῶν
237 1961 476 2025 λεγομένων
498 1962 602 2027 παρ’
626 1964 772 2015 αὐτοῖς
795 1965 900 2010 θεῶν
925 1960 998 2010 και
1028 1962 1215 2024 ἡμιθέων
1245 1962 1319 2009 καὶ
1350 1981 1415 2009 νε·

101 2031 243 2094 ῥ,κιἰων
277 2034 352 2082 καὶ
363 2037 555 2094 θνητῶν.
627 2037 892 2085 Secundum
916 2038 1013 2081 haec
1038 2038 1182 2098 igitur
1214 2036 1418 2081 Pseudo-

99 2106 348 2165 „Manetho
379 2124 478 2153 non
512 2109 658 2154 modo
683 2107 781 2172 περὶ
802 2110 885 2154 τῶν
914 2107 1158 2170 μελλόντων
1181 2109 1244 2172 τῷ
1268 2106 1419 2170 κόσμω

86 2178 345 2243 Ξ,γίγνεσθαι
368 2183 607 2241 exposuit,
630 2177 714 2227 se'd
740 2183 878 2226 etiam
900 2197 1058 2226 rerum
1077 2182 1417 2242 praeteritarum

106 2254 353 2306 rationem
377 2254 540 2298 habuit
555 2263 697 2313 atque
722 2263 961 2314 tempora,
981 2270 1069 2314 per
1099 2269 1200 2313 quae
1223 2269 1418 2315 regnum

103 2325 455 2386 .‘,.AEgyptiorum
465 2328 660 2385 steterit,
670 2327 934 2387 singillatim
949 2327 1194 2372 recenfflit.
1211 2328 1418 2386 Eamque

98 2399 100 2402 ’
123 2397 264 2445 ¹fuisse
283 2399 483 2457 Syncelli
498 2399 771 2443 sententiam
788 2400 862 2443 vel
876 2399 986 2443 inde
1002 2398 1266 2455 concludas,
1287 2401 1417 2459 quod

109 2470 189 2520 ,sic
203 2469 390 2514 demum
405 2471 700 2529 perspicitur,
725 2485 808 2514 cur
829 2472 1022 2515 omnino
1040 2480 1204 2515 auctor
1226 2471 1284 2515 de
1305 2481 1398 2515 tem

105 2541 319 2588 moribus
340 2540 662 2603 AEgyptiorum
686 2542 1023 2602 disputaturuS,
1049 2544 1125 2598 τῆς
1150 2539 1317 2595 Σώθεος
1348 2544 1416 2605 βί-

112 2611 230 2664 ξόλου
253 2615 538 2659 mentionem
568 2614 744 2674 fecerit.
816 2618 877 2660 At
897 2630 1011 2659 num
1034 2630 1142 2660 vere
1164 2631 1238 2660 res
1270 2617 1334 2659 ita
1368 2632 1415 2661 se

121 2707 145 2729 ,ι
167 2719 172 2725 .
197 2695 316 2748 -eat,
337 2702 396 2732 an
412 2687 674 2746 Syncellus,
696 2687 749 2731 iis
769 2703 871 2746 quae
897 2689 947 2730 in
971 2687 1103 2745 fonte
1122 2703 1205 2731 suo
1228 2686 1307 2748 (in
1327 2688 1387 2733 Pa

101 2751 315 2822 snodoro
332 2794 344 2815 ,
370 2759 508 2820 puta)
535 2761 733 2819 reperit,
759 2775 1008 2820 perperam
1031 2761 1297 2816 intellectis,
1336 2761 1412 2804 dl—

55 2835 254 2878 «Versa
278 2847 467 2892 prorsus
497 2847 664 2891 opera,
697 2830 1211 2877 Pseudo-Manethonis
1242 2833 1413 2876 scilicet

113 2887 187 2948 qtle
212 2892 405 2949 sothide
434 2903 608 2948 librum
641 2913 781 2962 atque
819 2904 1112 2948 Manethonis
1143 2903 1287 2947 libros
1320 2914 1410 2949 tres

100 2972 453 3036 vAiyumtoexti,
468 2976 519 3020 in
535 2991 682 3019 unum
713 2985 886 3020 temere
906 2975 1229 3032 conjunxerit,
1258 2991 1284 3020 a
1306 2977 1410 3035 ple-

57 3057 66 3082 !
112 3058 205 3092 ξι·
252 3061 278 3090 e
317 3045 580 3091 dubitatum
619 3055 699 3093 est.
734 3048 834 3108 Ego
869 3062 954 3091 cur
993 3047 1084 3091 hoc
1119 3047 1226 3090 loco
1269 3045 1411 3091 fidem

108 3117 325 3176 syncelli
368 3126 415 3162 et
449 3117 680 3176 judicium
720 3127 1058 3177 suspectemus,
1100 3118 1217 3162 nihil
1253 3114 1408 3165 vide0.

107 3250 191 3301 qui
219 3260 357 3290 sensus
383 3260 521 3290 earum
551 3250 655 3290 notis
680 3250 805 3290 literis
827 3250 1126 3301 hieroglyphicis
1157 3253 1407 3303 exprimeret.

107 3315 145 3341 ι
154 3318 225 3348 use
256 3318 305 3347 ac
338 3307 565 3347 doctissime
593 3307 643 3347 de
668 3307 731 3348 his
758 3307 946 3348 disseruit
973 3312 1139 3362 Movers.
1178 3311 1191 3358 (
1214 3312 1408 3350 Uncersu—

113 3378 127 3407 ι
139 3362 316 3423 hunqen
331 3365 436 3405 uber
457 3364 524 3404 die
541 3365 730 3426 Reliqion
747 3375 791 3404 u.
810 3365 852 3404 d.
881 3365 1119 3405 Gotthez'len
1134 3366 1210 3405 der
1230 3366 1408 3406 Phoeni-

121 3419 213 3474 εισι·
230 3425 315 3463 mit
329 3422 558 3463 ΒιιοΙιειεΙιι
573 3413 661 3471 auf
669 3423 737 3462 die
757 3422 1034 3462 verwandten
1069 3424 1189 3462 Culte
1206 3423 1282 3463 der
1304 3426 1410 3464 Car-

105 3489 110 3510 ῑ
169 3483 525 3532 aqer,AE9ypter‚
546 3482 623 3520 etc.
642 3482 768 3520 Bonn.
794 3483 906 3529 1841,
922 3491 962 3530 p
988 3485 1154 3531 105sqq.
1171 3481 1406 3531 etpassim).

109 3547 130 3578 ε
171 3538 334 3579 ..Ideler
353 3538 607 3589 Hermapion.
629 3538 809 3588 Append.
829 3549 867 3587 p.
890 3542 935 3585 5,
949 3537 1110 3577 Boeckh.
1129 3538 1155 3577 l.
1177 3538 1203 3578 l
1223 3550 1262 3589 p
1285 3544 1342 3579 17.
1359 3564 1408 3571 -

58 3589 69 3641 i}
104 3588 306 3649 Getarum
321 3596 409 3636 haec
424 3597 457 3636 si
468 3596 551 3636 sola
565 3597 790 3644 exstarent,
809 3594 1008 3646 juniorem
1025 3596 1171 3642 Σώθεος
1187 3597 1319 3647 βίὸλου
1334 3598 1409 3636 ori-

97 3653 387 3707 -zginemliaud
415 3653 649 3703 probarent,
675 3663 799 3703 quum
829 3663 969 3703 parum
997 3653 1170 3703 liqueat,
1204 3664 1410 3704 quousque

59 3708 68 3730 ‘²
98 3718 143 3752 ιι·
180 3710 324 3751 lemaei
346 3712 382 3750 11
404 3711 521 3750 aetate
535 3710 641 3750 docti
657 3710 825 3760 theologi
851 3710 893 3749 in
909 3710 1191 3760 conjungendis
1207 3711 1406 3750 variarum

60 3791 63 3818 3
154 3769 295 3808 tium
321 3769 680 3819 mythologumenis
698 3769 890 3819 progressi
913 3768 1003 3808 sint.
1059 3769 1132 3808 cui
1157 3767 1319 3818 quidem
1348 3770 1407 3808 sa-

99 3826 104 3844 ³
134 3844 139 3859 ι
161 3856 164 3859 .
200 3836 306 3866 rum
321 3825 503 3865 mixtioni
518 3826 610 3870 inde
624 3826 675 3866 ab
692 3826 903 3867 Alexandri
921 3826 1167 3876 temporibus
1181 3828 1267 3865 tum
1287 3828 1409 3867 totius

59 3903 107 3939 ,45
105 3881 229 3923 this
246 3884 444 3922 terrarum
471 3883 670 3933 conditio,
697 3885 785 3923 tum
814 3883 993 3934 inprimis
1014 3883 1146 3922 studia
1171 3884 1403 3923 Ptolemaeo-

196 3950 465 3995 ‹magnopere
479 3913 677 3981 favebant’.

59 4011 83 4036 ·.
154 3956 228 4048 (⁴¹³)
245 3999 304 4037 De
313 3997 686 4038 auctoribuseorum
699 3998 849 4048 (neque
863 3999 968 4037 enim
984 3998 1034 4037 ab
1052 4010 1129 4037 una
1140 4010 1259 4037 manu
1277 3999 1408 4038 omnia

119 4047 309 4107 &crecta
325 4054 444 4104 sunt)
488 4065 530 4094 v.
564 4057 656 4094 Axt.
693 4057 733 4094 et
773 4056 917 4106 Rigler.
948 4057 989 4095 in
1022 4055 1115 4094 edit.
1157 4057 1404 4106 Ἀποτελεσμ.

79 4110 1224 4163 ,4οοιοιιίεε1832)ρ.ΧΧΧ1ν.(π.Ηεηςειεηιιεις.οιε
1246 4115 1407 4154 Bn'cleer

60 4137 83 4215 Ῐ,
112 4163 252 4209 Moses
269 4167 363 4207 und
380 4167 603 4219 Arymaxa,
621 4181 659 4220 p.
682 4174 770 4209 219.

354 4241 585 4270 FRAGHENTA
605 4243 702 4270 nls'r.
722 4244 788 4271 GR-
815 4256 855 4260 —
884 4245 966 4271 ΥΟΕ.
992 4247 1028 4273 ΙΙ.

2686 270 2775 310 513

1504 353 1655 397 Facile
1690 357 1906 414 equidem
1939 362 2148 405 concedo
2178 364 2258 406 tibi
2290 365 2492 417 Sothidis
2523 373 2642 416 libro
2676 389 2779 417 cum

1502 423 1792 470 Manethonis
1822 443 1964 487 opere
1993 431 2212 476 historico
2248 437 2360 479 nihil
2387 454 2478 484 esse
2513 457 2778 504 commune,

1505 510 1784 556 quamquam
1807 501 1903 559 ipse
1927 503 2063 546 etiam
2083 505 2335 549 Manetho
2325 525 2371 551 m
2391 512 2590 561 historiis
2611 521 2699 563 suis
2723 520 2781 563 de

1504 570 1702 625 periodo
1724 572 1935 616 Sothiaca
1953 574 2120 631 ,cujus
2135 592 2231 620 non
2250 589 2430 636 poterat
2446 601 2540 629 non
2556 591 2780 635 rationem

1505 639 1714 696 habere‚·
1735 646 2012 702 exposuerit.
2081 649 2206 704 Quid
2243 665 2351 694 vero
2385 659 2534 714 cogit,
2570 671 2620 703 ut
2657 665 2781 722 apud

1505 711 1767 769 Syncellum
1788 715 1821 760 l.
1845 716 1877 760 l.
1901 715 1959 759 de
1982 718 2273 763 Manethonis
2293 722 2598 780 Αἰγυπτιακοῖς
2617 731 2783 788 cogite-

1505 785 1633 828 mus?
1653 787 1820 831 Nonne
1844 790 2106 847 complures
2130 791 2440 849 dynastiarum
2465 797 2670 842 lateiculi
2698 804 2781 845 suh

1505 857 1792 902 Manethonis
1812 861 2000 904 nomine
2020 862 2482 910 circumferebantm.
2473 868 2490 894 ⁰
2511 870 2717 914 Hor’um
2707 876 2783 932 igi

1506 935 1581 970 tur
1599 944 1719 973 unus
1745 932 1881 974 etiam
1908 932 2103 977 Sotheos
2124 935 2246 978 libro
2271 938 2340 980 vel
2368 938 2562 983 insertus
2598 944 2668 985 vel
2699 945 2779 987 ad-

1499 997 1646 1054 jectus
1670 1000 1829 1058 fuerit,
1854 1018 1910 1046 eo
1933 1004 2061 1048 haud
2084 1004 2225 1050 dubie
2246 1010 2437 1052 consilio
2459 1044 2470 1065 ‚
2492 1021 2544 1054 ut
2567 1014 2779 1058 ostende—

1503 1079 1575 1114 ret
1611 1082 1788 1130 auctor,
1820 1090 2068 1133 quamnam
2091 1079 2183 1120 vim
2210 1080 2431 1137 periodus
2458 1082 2533 1125 illa
2569 1084 2779 1130 Sothiaca

1504 1158 1552 1185 ιιι
1604 1148 1925 1191 conversiones
1973 1163 2129 1192 rerum
2180 1151 2487 1196 humanarum
2532 1167 2780 1204 exerceret.

1504 1214 1641 1259 Unde
1655 1220 1953 1277 consequitur
1965 1229 2172 1279 tempora
2192 1224 2518 1282 AEgyptiorum
2534 1228 2580 1269 in
2598 1242 2652 1270 eo
2665 1229 2784 1272 libro

1503 1295 1565 1330 lta
1589 1286 1722 1333 fuisse
1741 1290 1966 1335 adornata
1982 1326 1995 1348 ,
2021 1302 2072 1335 ut
2106 1304 2282 1338 certum
2311 1297 2541 1354 quendam
2569 1301 2783 1357 periodo-

1503 1374 1607 1402 rum
1638 1376 1883 1406 numerum
1904 1366 2144 1423 explerent
2174 1363 2246 1428 (*).
2274 1370 2342 1411 Ex
2368 1370 2452 1412 hac
2476 1371 2618 1428 igitur
2658 1384 2785 1431 parte

1503 1432 1770 1478 Chronicon
1786 1437 2410 1484 Pseudo-Manethonianum
2432 1457 2713 1502 componere
2732 1447 2783 1488 li-

1503 1513 1574 1547 cet
1607 1521 1714 1549 cum
1745 1509 1979 1553 Chronico
2014 1513 2201 1567 Vetere,
2237 1514 2283 1555 in
2306 1529 2399 1572 quo
2424 1529 2566 1574 regna
2591 1517 2784 1561 deorum

1502 1584 1547 1619 et
1561 1580 1829 1623 mortalium
1851 1582 2310 1640 comprehenduntur
2342 1584 2557 1643 dynastiis
2578 1589 2761 1648 triginta
2775 1628 2784 1644 ‚

1501 1651 1630 1694 annis
1645 1666 1756 1694 vero
1785 1651 1940 1696 36525
1962 1654 2054 1696 sive
2084 1652 2357 1708 254-1461.
2430 1659 2724 1718 Quapropter
2750 1664 2785 1704 si

1500 1720 1740 1779 Syncellus
1758 1739 1807 1782 p
1838 1722 1891 1766 51
1923 1724 1981 1768 de
2000 1727 2163 1770 Vetere
2186 1727 2275 1770 hoc
2297 1729 2527 1773 Chronico
2549 1732 2687 1775 verba
2715 1733 2782 1776 fa-

1501 1793 1624 1846 ciens
1641 1794 1793 1839 dicit:
1796 1793 2010 1885 γΦέρεται
2029 1796 2131 1860 παρ’
2152 1798 2402 1860 Αἰγυπτίοις
2420 1802 2602 1847 παλαιόν
2628 1821 2667 1848 τι
2683 1820 2783 1866 χρο-

1500 1871 1750 1927 νογραφεῖον
1773 1864 1814 1920 ἐξ
1830 1869 1878 1911 οὑ
1899 1885 1972 1912 και
1990 1866 2060 1913 τὸν
2080 1870 2264 1915 Μανεθω
2285 1873 2582 1928 πεπλανησθαι
2600 1876 2720 1935 vom?
2722 1894 2783 1930 ω

1500 1945 1545 1980 et
1562 1939 1722 1996 paullo
1754 1950 1900 1998 post:
1929 1938 1984 1987 ‘O
2012 1938 2093 2004 γὰρ
2117 1941 2220 2005 παρ’
2244 1944 2594 2006 Αἰγυπτιακοῖς
2576 1947 2783 2006 επισημό

1498 2027 1625 2062 τατος
1649 2012 1835 2058 Μανεθῶ
1858 2011 1956 2077 περὶ
1977 2031 2061 2058 των
2086 2015 2225 2061 αὐτῶν
2249 2014 2286 2062 λ’
2312 2017 2566 2064 δυναστειων
2596 2020 2781 2083 γράψας,

1499 2081 1547 2127 ἐκ
1561 2080 1722 2129 τούτων
1747 2083 1910 2142 δηλαδὴ
1932 2083 2076 2131 λαὸὼν
2096 2085 2172 2139 τὰς
2190 2087 2409 2151 ἀφορμὰς,
2431 2090 2542 2136 κατὰ
2563 2090 2669 2138 πολυ
2691 2093 2776 2138 δια-

1498 2160 1627 2218 φωνεῖ
1661 2174 1758 2218 περι
1782 2175 1877 2210 τους
1899 2157 2076 2220 χρόνους
2103 2178 2200 2223 περι
2231 2179 2368 2206 ταυτα
2402 2164 2580 2209 :facilis
2614 2166 2778 2223 conje-

1497 2236 1626 2272 ctura
1636 2239 1702 2273 est
1712 2230 1955 2275 referenda
1967 2234 2065 2277 haec
2076 2249 2166 2277 esse
2178 2234 2236 2277 ad
2247 2235 2781 2294 Pseudo-Manethonem‚

1494 2318 1570 2356 της
1595 2299 1761 2354 Σώθεος
1784 2300 1932 2364 βίόλου
1951 2315 2205 2352 auctorem.
2279 2307 2428 2366 quue
2445 2310 2514 2353 vel
2532 2325 2587 2352 eo
2606 2309 2780 2354 confir-

1495 2383 1662 2431 matur,
1683 2375 1814 2434 quod
1836 2377 2262 2423 Pseudo—Manetho
2276 2412 2289 2432 ‚
2320 2381 2487 2424 eodem
2515 2382 2659 2426 modo
2684 2398 2779 2441 quo

1497 2449 1632 2491 Vetus
1664 2448 1931 2492 Chronicon
1948 2483 1960 2505 ,
1989 2452 2174 2510 triginta
2209 2451 2426 2510 dynastiis
2450 2461 2494 2497 et
2518 2456 2778 2498 mortalium

1495 2528 1540 2562 et
1583 2521 1915 2564 immortalium
1952 2537 2095 2582 regna
2137 2524 2538 2583 comprehendisse
2583 2526 2778 2587 dicitur,

1495 2591 1606 2635 dum
1625 2593 1724 2636 veri
1748 2594 2038 2645 Manffonis
2063 2596 2249 2656 triginta
2274 2597 2489 2655 dynastiae
2514 2600 2694 2646 nonnisi
2720 2599 2779 2643 ad

1493 2665 1708 2709 mortales
1725 2666 1974 2724 pertinent.
2040 2669 2187 2712 Porro
2211 2678 2263 2713 ut
2282 2670 2330 2712 in
2354 2672 2516 2714 Vetere
2545 2671 2778 2715 Chronico

1492 2746 1788 2781 recensentur
1830 2739 2093 2782 mortalium
2133 2750 2178 2783 et
2221 2742 2550 2785 immortalium
2591 2757 2777 2801 genera·

1495 2809 1639 2852 tiones
1686 2809 1798 2865 113,
1840 2812 1902 2854 sic
1937 2812 2071 2855 etiam
2106 2807 2536 2856 Pseudo-lisanetho
2586 2813 2777 2857 totidem

1489 2874 1808 2942 generationes
1854 2899 2113 2928 numerasse
2165 2886 2360 2940 dicitur,
2400 2894 2510 2930 teste
2562 2886 2775 2944 Syncello

1490 2955 1518 3000 l.
1536 2955 1566 2997 l.
1586 2956 1791 2999 Ulterius
1807 2957 1901 2999 haec
1921 2957 2081 3015 paullo
2103 2957 2219 3001 infra
2240 2973 2590 3016 prosequemur.
2641 2960 2772 3002 Nunc

1493 3026 1582 3069 hoc
1623 3043 1770 3070 unum
1812 3030 2043 3072 monuisse
2079 3029 2308 3074 referebat
2325 3067 2335 3086 ,
2375 3029 2570 3075 Sotheos
2607 3032 2774 3075 librum

1489 3099 1714 3155 sequioris
1737 3115 1831 3143 esse
1852 3101 2018 3159 aetatis,
2038 3115 2188 3159 neque
2210 3103 2306 3144 ullo
2327 3103 2470 3146 modo
2489 3119 2593 3146 cum
2616 3105 2774 3147 Mane—

1487 3170 1639 3214 thonis
1662 3171 1790 3215 libris
1811 3173 1956 3216 tribus
1977 3172 2282 3233 Αἰγυπτιακῶν
2315 3174 2704 3234 conjungendum.

1553 3243 1766 3287 Ceterum
1789 3246 1825 3288 si
1853 3246 2050 3290 Sotheos
2074 3246 2179 3288 libri
2201 3254 2437 3290 auctorem
2461 3246 2773 3290 Pseudo-Ma-

1486 3315 1737 3359 nethonem
1781 3317 1925 3361 modo
1963 3318 2212 3376 appellavi,
2251 3333 2347 3360 non
2392 3320 2454 3361 ita
2488 3329 2639 3362 tamen
2681 3320 2771 3361 hoc

1485 3386 1738 3446 intelligas,
1781 3390 1909 3446 quasi
1943 3390 2122 3447 reliqua
2153 3404 2253 3447 quae
2279 3404 2335 3432 ex
2367 3391 2643 3433 Manethone
2674 3399 2767 3433 tra-

1486 3457 1678 3516 duntur,
1710 3461 1866 3504 omnia
1895 3476 2004 3504 vere
2036 3462 2392 3506 Manethoniana
2431 3472 2590 3507 essent.
2623 3465 2770 3505 Immo

1487 3545 1588 3588 quae
1621 3546 1678 3575 ex
1708 3532 2012 3594 Αἰγυπτιακῶν
2038 3534 2168 3577 libris
2191 3535 2315 3593 apud
2349 3537 2374 3578 J
2379 3536 2623 3593 osephum‚
2647 3534 2761 3578 Afri-

1485 3618 1651 3648 canum
1665 3639 1676 3661 ,
1711 3597 1961 3649 Eusebium
1975 3639 1987 3661 ,
2013 3607 2275 3665 Syncellum
2297 3608 2510 3661 citantur,
2530 3616 2768 3664 tantopere

1484 3675 1605 3719 inter
1635 3691 1683 3719 se
1703 3675 1950 3736 differunt,
1978 3687 2030 3720 ut
2063 3694 2202 3722 nemo
2227 3695 2323 3722 non
2360 3679 2508 3722 videat
2535 3678 2765 3736 dynastia—

1484 3762 1587 3790 rum
1621 3749 1975 3794 adornationem
2005 3766 2317 3809 numerosque
2341 3765 2588 3809 regnorum
2620 3765 2762 3792 anno-

1536 3882 1587 3931 θ’)
1610 3883 1672 3922 ef.
1687 3883 1878 3933 'Scaliger
1897 3883 1948 3923 ad
1967 3885 2110 3924 lausei).
2133 3896 2170 3934 p.
2191 3889 2292 3923 408·
2322 3900 2338 3916 «
2367 3883 2559 3921 videnlur
2589 3881 2755 3930 AEgyptii

1482 3951 1676 3980 annorum
1705 3951 1866 3980 suorum
1885 3943 2075 3991 epocham
2106 3942 2363 3981 certissimam
2385 3941 2460 3978 ἀπὸ
2479 3944 2543 3986 τῆς
2568 3940 2761 3984 Σωθιακῆς

1481 3999 1657 4050 περιόδου
1685 3999 1930 4049 repetivisse,
1963 4003 2008 4039 ut
2035 4000 2238 4039 manifesto
2266 3998 2458 4047 colligitur
2484 4008 2533 4035 ex
2560 3997 2761 4035 Clemente

1483 4058 1594 4096 Alex.
1615 4059 1789 4105 (Stroni.
1810 4061 1823 4096 1
1836 4070 1906 4108 ‚p.
1930 4060 2056 4106 355),
2080 4068 2208 4106 neque
2227 4056 2363 4094 dubito
2378 4056 2444 4101 τήν
2466 4056 2611 4098 Σώθεος
2632 4054 2759 4104 βίὸλον

1481 4118 1548 4153 τοῦ
1566 4117 1727 4153 Μανεθῶ
1747 4115 1796 4153 ab
1812 4115 1950 4154 eodem
1970 4115 2078 4154 initio
2095 4124 2227 4162 regum
2249 4123 2408 4151 suorum
2425 4111 2619 4160 dynastiae
2634 4109 2759 4147 dedu-

1441 4186 1445 4203 l
1483 4180 1595 4210 XISSG.
1617 4188 1635 4205 »

2476 4275 2494 4300 ὀ
2499 4277 2515 4303 ’ὁ
