3016 4628
289 288 377 327 300

885 393 962 424 22.

350 494 617 538 Plutarchus
642 494 712 537 De
737 492 903 537 defect.
937 506 1063 537 orac.
1090 507 1131 537 e.
1170 489 1227 534 23
1248 524 1261 546 ‚
1285 505 1333 548 p.
1361 493 1471 542 422,
1495 487 1531 528 Ε
1552 498 1562 529 :

284 563 440 617 Ἵππυς
475 566 497 610 6
533 562 755 627 Ῥηγῖνος,
781 566 829 609 οὗ
863 562 1077 625 μέμνηται
1103 558 1272 613 Φανίας
1296 562 1318 605 6
1349 555 1565 621 Ἐρέσιος,

284 640 442 700 ἱστορεῖ
480 634 604 691 δόξαν
639 627 746 683 εἶναι
770 633 928 693 ταύτην
973 634 1195 697 Πέτρωνος
1225 629 1298 678 καὶ
1320 628 1472 692 λόγον,
1512 629 1568 678 ὡς

287 709 437 756 ἑκατὸν
461 707 535 755 καὶ
556 707 814 772 ὀγδοηκοντα
836 706 909 755 καὶ
929 707 1039 771 τρεῖς
1058 704 1242 765 κόσμους
1264 701 1408 756 ὄντας,
1431 698 1566 744 ἁπτο-

289 782 439 842 μένους
457 781 495 828 6'
517 780 716 838 ἀλλήλων
738 778 849 826 κατὰ
872 785 1078 842 στοιχεῖον
1099 778 1192 823 κτλ.
1213 775 1347 836 (vide
1372 771 1569 831 Hippyis

288 856 488 915 ‘Rhegini
508 855 566 899 fr.
595 852 671 917 6).

356 929 474 971 Hinc
494 935 539 971 et
567 941 592 971 e
616 926 824 985 sequenti
847 924 1011 984 fragm.
1031 922 1200 980 colligo
1224 918 1447 964 Phaniam
1471 929 1569 957 non

293 998 438 1043 modo
463 998 522 1043 de
544 995 812 1052 Socraticis,
838 995 918 1039 sed
947 994 1006 1038 de
1035 992 1227 1050 reliquis
1250 990 1388 1033 etiam
1407 986 1568 1046 philo-

290 1070 445 1129 sophis
478 1070 640 1129 egisse;
683 1083 767 1112 nec
807 1065 1112 1125 improbabile
1154 1071 1218 1106 est
1246 1060 1417 1104 librum
1459 1053 1569 1118 Περὶ

292 1142 581 1202 Σωκρατικῶν
603 1141 785 1185 nonnisi
804 1147 983 1199 partem
998 1135 1184 1193 majoris
1198 1136 1268 1179 De
1279 1131 1571 1192 philosophis

292 1214 443 1273 operis
462 1213 608 1257 fuisse.

868 1292 967 1371 <2³
970 1310 982 1371 )

358 1414 549 1459 Suidas.
578 1410 800 1497 Ἀρχύτας
806 1412 1122 1474 Ταραντῖνος...
1149 1403 1438 1470 φιλοσοφίαν’
1419 1418 1569 1449 εκπαι-

295 1482 426 1530 δεύων
455 1482 647 1543 μαθητάς
676 1481 711 1528 τ’
733 1480 845 1527 ἐνδό”
829 1500 917 1534 ους
947 1479 1047 1542 ἔσχε
1070 1497 1143 1525 και
1167 1475 1313 1540 βιὸλία
1335 1472 1570 1537 συνέγραψε

295 1555 451 1603 πολλοί.
476 1558 639 1602 Ἰοῧτον
664 1556 851 1619 φανερῶς
884 1553 1078 1615 γενέσθαι
1103 1548 1360 1597 διδάσκαλον
1397 1546 1571 1607 Ἐμπε-

295 1627 503 1681 δοκλέους.

368 1722 386 1740 «
412 1704 544 1745 Latet
559 1700 757 1744 auctoris
777 1698 1029 1758 cujuspiam
1046 1710 1242 1750 nomen,
1264 1709 1350 1738 nec
1373 1692 1574 1736 multum

300 1774 468 1832 opinor
487 1773 543 1816 ab
568 1771 754 1834 φανερῶς
777 1770 1090 1828 conjecturam
1108 1766 1328 1811 recedere
1349 1760 1454 1826 φησὶ
1473 1763 1573 1809 Φα-

298 1843 387 1894 νίας
409 1846 430 1888 6
447 1840 654 1905 Ἐρέσιος.
676 1862 694 1881 a»
719 1842 1005 1898 Bernhardy.
1026 1841 1240 1885 Ceterum
1257 1837 1315 1881 de
1333 1851 1384 1881 re
1404 1835 1574 1880 tradita

297 1913 483 1957 aliunde
507 1931 602 1958 non
626 1921 826 1969 constat,
854 1928 906 1956 ac
935 1912 1124 1955 omnino
1157 1917 1282 1954 caret
1303 1908 1404 1953 veri
1441 1908 1573 1952 simi-

300 1986 510 2032 litudine.
532 1990 581 2031 V.
607 1987 750 2030 Sturz.
776 1984 1046 2043 Empedocl.
1069 1999 1120 2042 p.
1149 1997 1224 2041 19.

365 2059 668 2116 Reliquorum
692 2057 1083 2116 fragmentorum,
1110 2070 1211 2113 quae
1242 2053 1302 2099 ad
1334 2053 1576 2097 historiam

299 2130 446 2172 minus
467 2131 722 2188 pertinent,
740 2129 881 2172 verba
902 2143 1048 2188 graeca
1065 2127 1328 2187 apposuisse
1350 2126 1576 2170 hahemus

300 2208 424 2247 satis.

668 2315 835 2362 ΠΡΟΣ
870 2314 1201 2363 ΔΙΟΔΩΡΟΝ.

892 2437 971 2485 24.

362 2524 620 2569 Alexander
643 2526 890 2584 Aphrodis.
923 2527 974 2570 in
1007 2528 1119 2571 Exc.
1151 2526 1230 2572 Gr.
1259 2541 1332 2586 ap.
1369 2525 1578 2570 Brandis.

298 2598 365 2640 De
384 2595 572 2654 perditis
589 2596 692 2641 libr.
706 2597 896 2640 Aristot.
916 2599 986 2641 De
999 2597 1117 2641 ideis
1142 2607 1187 2642 et
1201 2598 1259 2642 de
1272 2598 1403 2641 bono
1421 2612 1469 2657 p.
1491 2596 1578 2644 18:

303 2666 427 2728 Λέγει
447 2666 489 2711 δὲ
508 2665 675 2719 Φανίας
692 2669 733 2712 ἐν
758 2670 819 2732 τῷ
843 2666 948 2730 πρὸς
977 2668 1192 2732 Διόδωρον
1207 2705 1219 2726 ,
1248 2667 1486 2723 Πολύξενον
1509 2667 1581 2715 τὸν

303 2757 420 2802 σοφιο
402 2757 503 2794 στην
522 2737 590 2784 τὸν
602 2738 738 2802 τρίτον
759 2738 976 2804 ἄνθρωπον
995 2739 1178 2803 εἰσάγειν
1195 2738 1397 2804 λέγοντα·
1417 2742 1452 2787 εἷ
1469 2741 1581 2787 κατὰ

305 2828 437 2871 μετοχ
438 2809 488 2865 τ’,ν
502 2828 546 2855 τε
561 2829 633 2856 και
653 2829 704 2871 υ..
707 2810 877 2857 τουσίαν
897 2815 969 2865 τῆς
992 2811 1104 2866 ιδέας
1123 2811 1197 2859 καὶ
1218 2832 1290 2860 του
1314 2812 1582 2878 αὐτοανθρώ-

304 2899 384 2926 που
411 2884 430 2926 6
448 2881 696 2944 ἄνθρωπός
680 2902 794 2940 εστι,
813 2884 871 2929 δεῖ
894 2903 988 2930 τινα
1010 2888 1118 2931 εἶναι
1139 2884 1391 2950 ἄνθρωπον,
1418 2886 1462 2939 ὃς
1479 2885 1583 2951 πρὸς

306 2952 443 3009 τὴνῬ
407 2971 442 2998 ιο
447 2951 520 2999 έαν
546 2952 624 3007 ἕξει
644 2954 690 3000 τὸ
708 2959 834 3000 εἰναι·
850 2954 943 3002 οὔτε
967 2956 1009 3002 δὲ
1027 2959 1049 3003 6
1070 2957 1455 3023 αὐτοάνθρωπος,
1430 2977 1451 3004 0
1469 2960 1582 3005 ε’στιν

309 3025 422 3082 132¹,oe
446 3023 556 3071 κατὰ
589 3028 772 3089 μετοχὴν
805 3026 938 3117 ἰδέας,
962 3027 1057 3076 οὔτε
1085 3033 1107 3076 6
1130 3049 1192 3084 τις
1227 3030 1467 3118 ἄνθρωπος·
1491 3031 1583 3077 λεί-

310 3110 438 3141 πεται·
461 3098 587 3143 ἄλλον
617 3096 710 3143 τινὰ
734 3102 839 3144 εἶναι
869 3099 1006 3163 τρίτον
1033 3100 1254 3166 ἄνθρωπον
1280 3101 1352 3148 τὸν
1377 3101 1482 3167 πρὸς
1505 3101 1584 3159 τὴν

310 3166 425 3212 ἰδέαν
462 3167 509 3214 τὸ
534 3161 683 3214 εἶναι’
662 3189 827 3232 εχοντα.
864 3174 1070 3220 F01tasse
1109 3191 1167 3220 ex
1200 3176 1324 3220 libro
1350 3173 1468 3239 Πρὸς
1490 3172 1585 3226 τοὺς

314 3236 532 3301 σοφιστάς,
552 3251 604 3286 ut
627 3244 812 3302 conjicit
835 3246 991 3293 Ebert.
1019 3248 1107 3294 1.1.

745 3351 888 3399 ΠΕΡΙ
924 3355 1152 3404 ΦΥΤΩΝ.

703 3467 739 3509 Ε
771 3468 950 3513 LIBRO
985 3470 1191 3516 PRIMO.

911 3567 985 3613 25.

383 3655 622 3699 Athenaeus
645 3658 714 3712 ΙΙ,
738 3673 800 3756 p:³
806 3658 859 3702 61
872 3660 972 3715 ‚Fz
999 3660 1167 3715 Φανίας
1186 3661 1265 3709 δὲ’
1247 3682 1290 3710 εν
1305 3662 1462 3729 πρώτῳ
1480 3662 1592 3728 Περὶ

318 3727 484 3789 φυτῶν·
511 3724 664 3774 «Τὰ
643 3725 686 3773 οὲ
708 3730 780 3774 οὐδ
785 3728 897 3794 ὲφύε
881 3730 1010 3788 ιτὴν
1037 3733 1227 3792 ἀνθίνην,
1252 3734 1346 3781 οὐδὲ
1367 3739 1442 3791 τ’ῆς
1461 3753 1588 3798 σπερ-

319 3801 502 3857 ματικῆς
525 3797 639 3861 ἴχνος
663 3800 944 3863 κορυνήσεως,
981 3803 1076 3850 οὐδὲ
1110 3806 1479 3872 σπερματώσεως,
1505 3811 1591 3854 οἱον

921 3944 992 3982 22.

371 4005 516 4055 llippys
540 4007 757 4055 Rluginus,
786 4008 897 4058 cujus
920 4009 1097 4049 meminit
1122 4012 1285 4052 Phanias
1317 4015 1593 4064 E1·esius‚Pe-

1349 271 1603 320 PHANIAE
1639 266 1846 332 ERESH

1642 367 1779 430 μύκης
1795 403 1807 427 ,
1829 364 1974 422 ὕδνον,
2004 359 2170 424 πτέρις,
2195 357 2300 412 ἕλιξ.
2331 380 2349 400 ›‚

1642 459 1729 504 ρις,
1765 437 1816 494 ἣν
1854 434 1953 481 ἔνιοι
1994 430 2178 496 βλάχνον
2209 431 2404 477 καλοῦσι.
2433 451 2452 472 »

1641 514 1762 557 libro
1779 512 1800 554 I
1823 508 1930 552 vide
1946 506 2004 550 fr.
2031 521 2108 562 27.

2025 620 2062 662 E
2097 618 2280 663 LIBRO
2315 617 2562 675 QUINTO.

2248 716 2326 764 26.

1715 818 1840 867 Idem
1863 819 1938 874 11,
1967 833 2016 877 p.
2047 832 2129 876 70,
2158 818 2201 861 D
2230 832 2240 860 :
2277 813 2449 869 Φανίας
2472 815 2509 861 δ’
2543 817 2586 863 ἐν
2611 813 2802 880 πέμπτῳ
2825 811 2938 879 Περὶ
3002 834 3007 849 1

1644 892 1784 956 φυτῶν
1805 887 1962 936 κάκτον
1985 885 2219 944 Σικελικήν
2237 905 2333 934 τινα
2353 888 2500 946 καλεῖ,
2522 888 2765 941 ἀκανθῶδες
2780 885 2936 955 φυτὸν,

1643 966 1699 1017 ὡς
1722 961 1797 1010 καὶ
1819 959 2096 1026 Θεόφραστος
2121 961 2164 1006 ἐν
2191 958 2304 1024 ἕκτῳ
2329 959 2440 1024 Περὶ
2461 962 2620 1025 φυτῶν.

2208 1067 2330 1120 ,27

1710 1158 1844 1204 Idem
1861 1159 2021 1218 1X,p.
2051 1155 2160 1215 371,
2181 1131 2262 1201 D·
2288 1153 2563 1216 Μνημονευει
2576 1172 2652 1202 του
2676 1131 2939 1221 σταφυλίνου
3002 1156 3006 1209 Ῐ

1645 1230 1719 1278 καὶ
1739 1228 2030 1294 Θεόφραστος.
2044 1228 2216 1282 Φανίας
2231 1229 2268 1275 δ’
2286 1230 2329 1275 ἐν
2339 1226 2527 1294 πέμπτῳ
2543 1227 2656 1318 Περὶ
2671 1230 2814 1294 φυτῶν
2832 1225 2963 1292 γρᾶ-

1646 1321 1715 1367 φει
1739 1300 1895 1355 ούτως·
1925 1324 1943 1344 «
1971 1300 2100 1349 Κατὰ
2124 1299 2169 1347 δὲ
2190 1299 2267 1357 τὴν
2292 1301 2422 1346 αὐτου
2447 1319 2520 1348 του
2546 1299 2795 1366 σπέρματος
2815 1298 2940 1366 φύσιν

1647 1373 1946 1436 ὁκαλούμενος
1964 1371 2052 1439 σὴψ
2068 1371 2207 1421 καὶτὸ
2225 1376 2299 1420 τοῦ
2317 1371 2578 1438 σταφυλίνου
2595 1371 2788 1438 σπέρμα.
2806 1392 2827 1415 ¹·
2846 1371 2943 1421 Κάν
2968 1375 2969 1378 ’
3002 1369 3006 1393 ·’

2147 1468 2165 1487 α
2188 1443 2437 1502 Πετασώδη
2468 1443 2548 1504 τὴν
2572 1447 2659 1493 τῶν
2680 1445 2944 1510 σπερμάτων
3002 1461 3005 1500 j

1649 1517 1859 1583 ἀπείληφε
1886 1515 2010 1580 φύσιν
2045 1516 2251 1577 ἄννησον,
2277 1516 2496 1582 μάραθον,
2533 1518 2815 1583 σταφυλῖνος,
2834 1535 2967 1567 καυ-

1648 1590 1796 1650 καλὶς,
1834 1589 2032 1649 κώνειον,
2069 1589 2209 1656 κόριον
2226 1626 2240 1650 ,
2277 1588 2424 1648 σκιὰς,
2448 1589 2503 1648 ἣν
2523 1588 2625 1638 ἔνιοι
2657 1587 2892 1656 μυηφόνον.
2919 1611 2939 1631 »
2960 1598 2968 1636 f

1649 1662 1778 1712 Ἐπεὶ
1799 1661 1845 1710 δὲ
1866 1662 1971 1727 ἄρου
2001 1661 2317 1725 ἐμνημόνευσεν
2343 1665 2364 1709 6
2385 1661 2649 1728 Νίκανδρος,
2673 1662 2967 1727 προσαποδο-ς

1646 1449 1709 1512 τῷ
1733 1444 1893 1512 πρώτῳ
1918 1444 1964 1492 δέ
1989 1464 2119 1511 φησι·

1647 1735 1740 1783 τέον
1751 1774 1764 1796 ,
1782 1734 1847 1783 ὅτι
1868 1735 1943 1784 καὶ
1961 1735 2134 1789 Φανίας
2150 1736 2194 1782 ἐν
2213 1737 2275 1799 τῷ
2292 1733 2590 1800 προειρημένῳ
2612 1733 2769 1801 βιὸλίῳ
2784 1732 2945 1801 γράφει

1649 1807 1808 1864 οὕτως·
1834 1831 1853 1850 «
1878 1807 2166 1874 Δρακόντιον,
2191 1806 2336 1864 ὃένιοι
2357 1806 2462 1872 ἄρον
2487 1806 2670 1874 ἀρωνία.
2694 1829 2715 1852 1·

2261 1915 2342 1964 28.

2011 2020 2049 2063 Ε
2082 2016 2268 2063 LIBRO
2303 2017 2583 2063 SEPTIMO.
2615 2070 2618 2073 ¹
2770 1978 2823 2064 οι

1716 2119 1849 2165 Idem
1861 2119 1923 2175 11,
1940 2134 1991 2179 p.
2013 2119 2092 2174 64,
2105 2120 2148 2163 D
2169 2133 2180 2162 ε
2201 2115 2480 2181 Θεόφραστος
2492 2115 2527 2162 δ’
2551 2115 2594 2162 ἐν
2612 2113 2788 2182 ἑὸδόμῳ
2807 2117 2951 2165 Φυτι·

1652 2193 1739 2239 κῶν
1763 2211 1782 2231 «
1804 2190 2010 2253 Ἐνιαχοῧ
2032 2188 2224 2254 (φησὶν)
2250 2187 2364 2236 οὕτω
2383 2189 2554 2250 γλυκεῖς
2575 2189 2681 2236 εἰσιν
2705 2189 2746 2236 οἱ
2776 2187 2949 2254 βολὸοὶ,

1653 2262 1766 2310 ὥστε
1787 2262 1861 2310 καὶ
1881 2260 2025 2324 ὠμοὺς
2046 2259 2282 2320 ἐσθίεσθαι,
2305 2259 2454 2326 ὥσπερ
2477 2263 2521 2309 ἐν
2543 2264 2598 2327 τῇ
2617 2263 2818 2327 Ταυρικῇ
2834 2261 2951 2328 Χεῤ-

1653 2335 1840 2402 ὁονήσῳ.
1866 2357 1885 2378 ιο
1907 2333 1978 2383 Τὰ
2005 2333 2115 2381 αὐτὰ
2135 2335 2299 2400 ἱστορεῖ
2316 2333 2391 2381 καὶ
2408 2332 2599 2394 Φανίας.
2623 2355 2642 2378 ι
2661 2331 2797 2383 Ἔστι
2812 2331 2858 2380 δὲ
2876 2331 2952 2381 καὶ

1653 2408 1772 2501 γένος
1792 2407 1937 2475 (φησι)
1958 2406 2134 2473 pomam·
2147 2407 2471 2474 (Θεόφραστος)
2492 2406 2747 2473 ἐριοφόρων,
2761 2404 2952 2473 ὃφύεται

1656 2485 1698 2530 ἐν
1737 2482 1966 2546 αἰγιαλοῖς.
1991 2479 2125 2545 Ἔχει
2149 2480 2194 2527 δὲ
2217 2479 2266 2528 τὸ
2258 2479 2401 2556 ἔριον
2427 2479 2511 2527 ὑπὸ
2546 2478 2642 2535 τους
2664 2478 2861 2551 πρώτους
2881 2498 2952 2544 χι·

1655 2557 1818 2613 τῶνας,
1841 2551 1954 2601 ὥστε
1979 2553 2062 2600 ἀνὰ
2087 2551 2218 2615 μέσον
2245 2557 2354 2600 εἶναι
2382 2571 2460 2600 του
2482 2550 2717 2614 ἐδωδίμου,
2738 2571 2812 2599 του
2837 2549 2955 2606 ἐντὸς

1655 2646 1731 2675 και
1755 2646 1829 2673 του
1858 2625 1953 2682 ἔξω.
1979 2625 2236 2691 εΥφαίνεται
2272 2625 2308 2673 δ’
2342 2624 2386 2681 ἐξ
2421 2626 2552 2672 αὐτοῦ
2587 2624 2675 2677 καὶ
2696 2623 2848 2675 πόδεια
2878 2620 2954 2671 καὶ

1659 2700 1772 2747 ἄλλα
1796 2699 1973 2761 ἱμάτια·
1997 2723 2016 2742 υ
2039 2701 2121 2763 (ὡς
2141 2699 2215 2746 καὶ
2229 2698 2402 2753 Φανίας
2417 2698 2544 2764 φησὶ)
2566 2720 2587 2743 «
2604 2697 2654 2746 τὸ
2675 2696 2721 2746 δὲ
2741 2700 2784 2747 ἐν
2804 2696 2955 2750 Ἰνδοῖς

1657 2774 1863 2838 τριχῶδες
1890 2771 1996 2822 ἐστί.
2021 2793 2042 2815 »

2007 2883 2044 2926 Ε
2077 2880 2277 2926 LIBRIS
2310 2878 2608 2924 INCERTIS.

2266 2993 2347 3038 29.

1724 3082 1922 3142 Idemp.
1949 3080 2032 3141 54,
2053 3083 2131 3126 E:
2154 3076 2358 3130 Φανίας’
2340 3094 2382 3123 εν
2409 3081 2496 3130 τοῖς
2515 3073 2629 3140 Περὶ
2654 3075 2798 3164 φυτῶν
2823 3074 2931 3141 φησί

1666 3175 1687 3195 ιι
1710 3150 2003 3217 Τραγήματος
2033 3149 2124 3214 ἔχει
2154 3147 2330 3214 χώραν,
2355 3147 2508 3196 ἁπαλὰ
2533 3147 2634 3210 μὲν,
2657 3165 2821 3212 ωχρος,
2842 3144 2925 3195 κύα

1662 3245 1763 3289 μος,
1794 3223 2026 3289 ερέὸινθος
2061 3222 2171 3288 ξηρὰ
2206 3221 2272 3281 δὲ,
2297 3221 2403 3288 ἑφθὰ
2435 3220 2510 3268 καὶ
2534 3218 2701 3286 φρυκτὰ
2725 3219 2879 3285 σχεδὸν
2901 3218 2944 3267 τ)

1663 3299 1864 3344 πλεῖστα.

1728 3372 1862 3416 Idem
1877 3372 1943 3431 ΙΙ,
1960 3386 2011 3430 p.
2030 3368 2108 3428 58,
2123 3372 2193 3415 D.
2206 3365 2379 3421 Φανίας
2391 3365 2468 3414 δὲ’
2449 3385 2492 3414 εν
2512 3367 2599 3419 τοῖς
2610 3365 2955 3431 Φυτικοῖςφησι

1666 3445 1798 3499 «Της
1819 3439 1985 3505 ’ἡμέρου
2013 3439 2218 3503 μαλάχης
2241 3441 2264 3486 6
2288 3436 2582 3503 σπερματικὸς
2602 3435 2735 3491 τύπος
2758 3434 2939 3483 nami-12

1664 3516 1882 3576 πλακους,
1905 3510 2092 3578 ἐμφερὴς
2115 3510 2174 3572 ὢν
2195 3512 2336 3575 αὐτῷ·
2357 3509 2406 3557 τὸ
2424 3508 2502 3572 μὲν
2525 3508 2610 3573 γὰρ
2629 3500 2836 3560 κτενῶδες
2855 3509 2940 3572 &m

1663 3588 1788 3650 λογον
1813 3586 2008 3650 καθάπερ
2030 3587 2057 3642 ἡ
2083 3603 2156 3632 του
2182 3585 2445 3636 πλακοῦντος
2479 3579 2660 3646 κρηπὶς,
2683 3578 2799 3627 κατὰ
2823 3578 2934 3642 μεό·

1666 3659 1710 3707 δὲ
1727 3678 1802 3706 του
1821 3659 2137 3705 πλακουντικοῦ
2161 3654 2290 3719 ὄγκου
2313 3653 2360 3702 τὸ
2377 3653 2550 3719 κέντρον
2583 3649 2839 3718 ὀμφαλικόν.
2868 3646 2930 3699 K

1665 3730 1998 3798 περιληφθείσης
2021 3748 2097 3787 της
2117 3728 2323 3792 κρηπῖδος
2345 3724 2490 3789 ὅμοιον
2517 3724 2692 3789 γίνεται
2697 3730 2784 3778 τοῖς
2803 3723 2937 3787 θαλοι

1666 3804 1769 3857 τίοις
1793 3799 2210 3868 περιγεγραμμένοις
2231 3798 2404 3863 ἐχίνοις.
2430 3821 2449 3840 υ
2926 3810 2934 3817 “

1706 4011 1914 4062 Archytas
1928 4008 2166 4061 Tarentinus
2180 3941 2470 4058 philssiphiam
2486 4005 2634 4046 docens
2652 4003 2826 4046 celebres
2852 4018 2861 4038 ο

318 4068 440 4106 tronis
473 4070 705 4110 sententiam
730 4071 867 4119 affert,
889 4084 939 4111 ex
969 4084 1047 4123 qua
1067 4077 1228 4115 (culum
1259 4079 1298 4116 et
1330 4080 1528 4128 octoginta
1554 4080 1595 4118 et
1667 4078 1783 4129 pulos
1795 4074 1951 4124 habuit
1964 4075 2191 4124 multosque
2204 4072 2326 4112 libros
2338 4070 2585 4122 conscripsit.
2603 4071 2718 4114 Hunc
2730 4068 2889 4111 Phuni

319 4133 397 4170 tres
426 4133 501 4172 sint
523 4135 681 4185 mundi,
713 4136 779 4185 qni
811 4137 975 4176 invicem
1000 4150 1040 4177 s(
1063 4140 1407 4191 tang¹1nt0tc.(v.
1437 4143 1595 4193 llippyis
1668 4141 1828 4182 Eresius
1843 4138 2078 4190 magistrum
2092 4138 2140 4188 (P)
2162 4135 2413 4187 Empedoclis
2435 4134 2555 4176 fuisse
2577 4133 2646 4175 ait.
2858 4112 2944 4194 (ξέᾳυῇ

321 4195 369 4233 lc.
398 4199 461 4245 6).

2373 359 2429 408 ‘O
2458 358 2583 412 αὐτὸς
2606 359 2732 426 φησὶ,
2764 381 2783 402 «
2808 357 2930 409 Πτέ-

2492 433 2649 477 Alium
2683 434 2843 478 locum
2874 448 2933 478 ex
2948 449 3005 523 [δ’
