3016 4628
248 298 344 337 ⁴28
1366 288 1812 340 MEGASTHENIS

237 397 418 458 λειμῶσι
442 415 516 443 και
535 399 668 444 τοῖσιν
691 395 866 444 ἕλεσινε
852 396 933 445 υπὸ
957 397 1148 464 δένδρεσι
1177 397 1437 462 μεγάλοισιν·
1470 402 1528 445 ὡν
1559 399 1572 476 Ι

238 467 315 524 τὴν
353 467 479 526 σκιὴν
521 468 719 533 Νέαρχος
755 468 871 533 λεγει
905 472 945 524 ἐς
971 469 1094 517 πέντε
1118 469 1280 536 πλέθρα
1317 473 1358 518 ἐν
1383 470 1529 533 κύκλῳ

239 539 523 603 ἐξικνέεσθαι,
555 541 630 589 και
667 541 719 588 ἂν
757 542 832 590 καὶ
858 542 1031 618 μυρίους
1068 542 1313 607 ἀνθρώπους
1352 542 1435 588 ὑπὸ
1469 541 1530 588 ἑνὶ

238 613 400 676 δένδρεϊ
423 613 693 669 σκιάζεσθαι·
713 615 955 671 τηλικαῦτα
976 619 1082 661 εἶναι
1101 619 1238 660 ταῦτα
1261 613 1316 661 τὰ
1337 613 1527 677 δένδρεα.

242 687 297 747 (8)
328 684 551 733 Σιτέονται
577 686 620 733 δὲ
644 687 784 751 ωραῒα
807 686 882 734 καὶ
904 686 976 733 τὸν
1012 686 1157 750 φλοιὸν
1182 689 1265 733 τῶν
1304 684 1527 750 δένδρεων,

238 757 398 819 γλυκύν
420 776 467 805 τε
490 757 592 806 ὄντα
615 757 688 805 τὸν
712 758 854 847 φλοιὸν
877 758 949 805 καὶ
968 758 1174 823 τρόφιμον
1207 761 1255 804 06
1277 764 1395 819 μεῖον
1418 756 1530 821 ἥπερ

241 832 285 876 αἱ
310 830 491 893 βάλανοι
513 833 599 877 τῶν
623 830 839 895 φοινίκων.

305 920 341 951 9.
380 902 627 977 Δεύτεροι
648 905 684 950 δ’
703 902 773 951 ἐπὶ
793 904 1004 950 τούτοισιν
1021 903 1059 948 οἱ
1078 901 1258 965 γεωργοί
1278 902 1399 947 εἶσιν·
1416 903 1532 946 οῦτοι

239 974 396 1032 πλήθεϊ
418 974 611 1022 πλεῖστοι
633 974 822 1022 Ἰνδῶν’
804 973 958 1027 εόντες·
980 972 1050 1019 καὶ
1072 972 1280 1019 τούτοισιν
1302 970 1398 1018 οὔτε
1418 970 1532 1018 ὅπλα

242 1047 355 1093 ἐστὶν
392 1046 523 1110 ἀρήια
557 1046 653 1094 οὔτε
677 1065 731 1108 με
762 1066 797 1092 ει
839 1045 893 1092 τὰ
926 1044 1113 1106 πολέμια
1145 1043 1267 1108 ἔργα,
1303 1042 1415 1090 ἀλλὰ
1453 1041 1532 1100 τὴν

240 1116 386 1183 χώρην
411 1111 526 1166 οὗτοι
545 1118 811 1183 ἐργάζονται·
833 1136 905 1163 και
925 1136 1019 1170 τους
1042 1115 1193 1181 φόρους
1211 1134 1322 1162 τοισι
1334 1134 1378 1161 τε
1403 1118 1532 1178 βασι-

241 1193 363 1238 λεῦσι
381 1210 455 1238 και
485 1195 584 1254 τῇσι
610 1191 794 1247 πόλισιν,
815 1190 913 1235 ὅσαι
938 1187 1195 1250 αὐτόνομοι,
1228 1191 1343 1234 ουτοι
1369 1187 1535 1250 ἀποφέ-

243 1279 383 1328 ρουσι·
413 1264 483 1328 (10)
518 1283 590 1309 και
612 1264 647 1308 εἰ
667 1261 854 1324 πόλεμος
883 1262 923 1314 ἐς
957 1260 1168 1316 ἀλλήλους
1201 1262 1335 1306 τοῖσιν
1359 1259 1533 1306 Ἰνδοῖσι

242 1334 387 1399 τύχοι,
402 1338 484 1381 τῶν
499 1332 790 1400 ἐργαζομένων
805 1332 881 1390 τὴν
897 1335 976 1395 γῆν
991 1334 1037 1379 06
1055 1331 1171 1394 θέμις
1189 1351 1286 1396 σφιν
1306 1329 1532 1389 ἅπτεσθαι,

242 1406 338 1454 οὐδὲ
353 1406 485 1465 αὐτὴν
501 1407 577 1464 τὴν
592 1427 670 1466 γην
684 1406 873 1468 τάμνειν·
895 1403 1006 1451 ἀλλὰ
1025 1406 1063 1451 οἱ
1084 1404 1161 1466 μὲν
1179 1401 1440 1464 πολεμέουσι
1459 1402 1535 1450 καὶ

245 1480 575 1527 κατακαίνουσιν
612 1479 822 1536 ἀλλήλους
857 1477 972 1530 ὅπως
994 1475 1180 1541 τύχοιεν,
1208 1479 1247 1524 οἱ
1273 1477 1316 1523 δὲ
1350 1474 1533 1532 πλησίον

243 1555 384 1600 αὐτῶν
419 1554 513 1599 κατ’
539 1551 723 1616 ἡσυχίην
749 1553 920 1616 ἀρουσιν
943 1549 971 1608 ἢ
1001 1551 1212 1614 τρυγῶσιν
1242 1546 1269 1606 ἢ
1304 1548 1534 1596 κλαδοῦσιν

244 1624 271 1682 ἢ
297 1625 546 1690 θερίζουσιν.

311 1696 589 1760 11.Τρίτοι
615 1695 660 1742 δέ
681 1696 785 1741 εἰσιν
796 1693 997 1767 ΞΙνδοῖσιν
1022 1695 1060 1741 οἵ
1084 1692 1252 1782 νομέες,
1274 1694 1314 1740 οἱ
1336 1693 1536 1757 ποιμένες

243 1789 288 1815 τε
323 1769 397 1816 καὶ
432 1769 653 1833 βουκόλοι,
676 1767 749 1814 καὶ
773 1770 889 1813 ουτοι
914 1765 1009 1812 οὔτε
1047 1765 1161 1814 κατὰ
1183 1764 1336 1819 πόλιας
1366 1764 1464 1813 οὔτε
1491 1768 1535 1814 ἐν

243 1846 340 1902 τῇσι
370 1840 564 1906 κώμῃσιν
594 1838 793 1888 οἰκέουσι.
820 1838 1017 1901 Νομάδες
1048 1837 1096 1885 τέ
1134 1840 1216 1886 εἰσι
1251 1837 1327 1886 καὶ
1363 1838 1447 1885 ἀνὰ
1480 1838 1533 1886 τὸ.

243 1913 370 1979 οὔρεα
399 1913 657 1977 βιοτεύουσι·
679 1911 808 1977 φόρον
831 1911 874 1958 δὲ
894 1910 968 1958 καὶ
995 1915 1108 1959 ουτοι
1136 1910 1221 1958 ἀπὸ
1240 1913 1323 1958 τῶν
1343 1910 1534 1969 κτηνέων

243 1986 523 2051 ἀποφέρουσι·
543 1986 615 2034 καὶ
634 1983 879 2054 θηρεύουσιν
905 1988 1020 2031 οὗτοι
1046 1981 1127 2030 ἀνὰ
1154 2003 1232 2041 την
1253 1980 1402 2049 χώρην
1419 1982 1536 2049 ὅρνι-

241 2058 314 2112 θάς
332 2078 378 2106 τε
398 2057 519 2106 nal*
492 2078 619 2124 αγρια
637 2057 777 2122 θηρία.

306 2135 418 2193 Cap
455 2129 868 2201 Χ..11Τέταρτ.ον
894 2127 939 2176 δέ
972 2130 1063 2175 ἐστι
1088 2126 1136 2175 τὸ
1161 2127 1466 2194 δημιουργικόν
1490 2148 1535 2177 τε

241 2202 314 2249 καὶ
342 2202 583 2261 καπηλικὸν
618 2201 748 2264 γένος.
786 2200 874 2251 Και
909 2206 1023 2248 οὗτοι
1057 2201 1295 2267 λειτουργοί
1320 2204 1433 2265 εἶσι,
1462 2202 1536 2249 καὶ

241 2274 368 2339 φόρον
387 2274 671 2342 ἀποφέρουσιν
693 2272 778 2320 ἀπὸ
796 2278 882 2322 τῶν
902 2273 1036 2364 ἔργων
1060 2277 1145 2321 τῶν
1166 2272 1400 2341 σφετέρων,
1421 2274 1535 2333 πλην

240 2367 288 2438 γε
306 2349 355 2406 δὴ
378 2348 468 2396 ὅσοι
487 2348 541 2395 τὰ
561 2347 692 2413 ἀρήια
711 2347 824 2395 ὅπλα
841 2347 1071 2396 ποιέουσιν·
1093 2352 1208 2395 οὗτοι
1226 2347 1268 2395 δὲ
1286 2367 1360 2396 και
1383 2348 1535 2412 μισθὸν

240 2422 289 2467 ἐκ
311 2426 385 2467 τοῦ
409 2440 546 2468 κοινου
565 2419 993 2485 προσλαμὸάνουσιν.
1013 2421 1089 2469 Ἐν
1111 2420 1156 2468 δὲ
1179 2420 1318 2486 τούτῳ
1342 2425 1403 2468 τῶ
1423 2422 1536 2486 γένεϊ

238 2493 342 2541 οἵτε
365 2514 575 2558 ναυπηγοι
599 2514 672 2542 και
691 2497 730 2542 οι
754 2493 908 2542 ναυταί
928 2497 1052 2554 εἰσιν,
1079 2493 1171 2543 ὅσοι
1196 2495 1311 2543 κατὰ
1331 2496 1429 2550 τοὺς
1447 2516 1533 2543 πο-

239 2566 401 2629 ταμοὺς
425 2567 632 2618 πλώουσι.

242 2720 342 2760 dena
362 2722 565 2762 hominum
581 2722 704 2764 millia
715 2724 789 2764 sub
804 2725 921 2764 unius
941 2724 1092 2765 arboris
1107 2724 1250 2764 umbra
1275 2724 1534 2776 delitescere;

242 2788 362 2825 tantae
387 2788 663 2837 magnitudinis
688 2800 772 2829 esse
798 2801 865 2830 eas
890 2791 1066 2831 arbones
1122 2791 1179 2842 (8)
1206 2791 1420 2831 Fructibus
1437 2802 1534 2832 vero

245 2851 409 2890 maturis
434 2855 645 2891 vescuntur
665 2854 956 2905 corticibusque
985 2855 1196 2905 arborum,
1224 2866 1317 2905 quaa
1337 2856 1377 2894 et
1398 2855 1536 2895 dulces

244 2916 335 2952 sunt
351 2915 390 2952 et
407 2915 519 2953 multi
536 2916 791 2968 nutrimenti,
808 2919 971 2968 perinde
994 2921 1114 2969 atque
1124 2920 1347 2969 palmarum
1364 2919 1532 2959 fructus.

296 2983 335 3015 9.
353 2976 611 3015 Secundum
589 2990 707 3027 genus
720 2980 923 3020 hominum
935 2984 1021 3031 post
1033 2983 1226 3031 sophistas
1234 2984 1327 3022 sunt
1335 2982 1541 3032 agricolae,

245 3039 314 3088 qui
328 3040 486 3089 quidem
500 3052 664 3081 numero
681 3043 848 3093 reliquas
864 3045 1052 3085 Indorum
1064 3046 1192 3086 tribus
1207 3047 1324 3096 longe
1335 3048 1533 3097 superant.

246 3103 296 3142 lli
316 3115 442 3154 neque
457 3116 564 3144 arma
580 3107 725 3147 habent
740 3109 944 3158 ,quibus
935 3121 975 3148 in
991 3110 1093 3150 bello
1105 3112 1285 3159 utantur,
1301 3122 1432 3161 neque
1445 3110 1534 3150 bel·

247 3168 343 3207 licas
366 3181 425 3209 res
459 3173 639 3211 curant:
658 3173 723 3212 sed
747 3184 860 3223 agros
890 3176 1047 3225 colunt,
1076 3177 1117 3215 et
1144 3176 1302 3226 regibus
1323 3176 1535 3227 liberisque

248 3234 413 3273 urbibus
440 3234 588 3274 tributa
607 3235 803 3286 pendunt;
839 3239 918 3288 (10)
940 3240 979 3278 et
1004 3239 1036 3278 si
1065 3239 1253 3280 intestina
1282 3241 1386 3281 inter
1415 3240 1535 3281 Indos

248 3295 351 3335 bella
371 3290 565 3347 incidant,
583 3310 656 3338 nec
671 3299 762 3339 licet
779 3300 969 3341 militibus
990 3314 1130 3343 manus
1152 3304 1312 3354 injicere
1327 3304 1534 3355 agricolis,

249 3371 379 3410 neque
394 3361 520 3411 ipsum
541 3373 676 3411 agrum
690 3365 856 3404 vastare
875 3365 948 3405 Sed
965 3366 1029 3405 alii
1045 3367 1146 3407 inter
1166 3379 1209 3408 se
1224 3369 1374 3409 bellum
1394 3369 1548 3420 gerunt

248 3435 410 3475 seseque
430 3428 570 3464 mutuo
591 3426 831 3467 interficiunt
857 3431 976 3478 prout
1007 3441 1069 3470 res
1091 3431 1180 3482 dat;
1212 3433 1279 3472 alii
1304 3433 1421 3483 juxta
1446 3433 1536 3472 illos

249 3489 461 3539 tranquille
477 3490 546 3528 aut
563 3492 698 3538 arant,
716 3494 783 3529 aut
803 3492 931 3542 fruges
948 3494 1159 3545 colligunt,
1177 3497 1247 3536 aut
1268 3507 1387 3547 poma
1409 3497 1459 3537 ab
1474 3507 1534 3536 ar·

250 3551 409 3591 boribus
427 3552 653 3599 decutiunt,
668 3556 737 3593 aut
750 3557 863 3595 messi
888 3560 1043 3598 vacant.

308 3622 364 3656 11.
386 3617 563 3657 Tertium
582 3629 703 3667 genus
724 3619 906 3660 indorum
935 3624 1027 3662 sunt
1047 3626 1221 3673 pastores
1247 3626 1330 3666 sive
1345 3627 1537 3677 opiliones

249 3680 332 3721 sive
350 3681 539 3729 bubulci,
566 3683 607 3720 31
637 3682 675 3720 111
707 3693 834 3732 neque
860 3685 976 3725 uvius
997 3698 1123 3737 neque
1142 3699 1261 3739 pagos
1293 3690 1535 3739 inhabitant,

249 3745 317 3784 sed
336 3745 580 3795 vagabundi
571 3757 609 3785 13
634 3746 834 3786 3103111133
849 3748 1014 3799 degunt,
1031 3751 1225 3792 tributum
1250 3765 1344 3793 vero
1364 3757 1403 3794 et
1426 3755 1465 3796 111
1485 3766 1535 3796 ex

250 3810 439 3850 armentis
454 3813 494 3851 31
518 3822 658 3861 pecore
683 3812 882 3863 pendunt,
903 3825 1074 3866 avesque
1094 3819 1133 3857 et
1156 3820 1326 3868 agrestes
1355 3821 1457 3860 seras
1471 3831 1537 3861 ve·

251 3877 410 3914 nantur.

302 3940 387 3977 ΧΙΙ.
418 3940 611 3986 Quartum
626 3950 747 3989 genus
762 3941 821 3979 est
843 3940 1026 3990 opiticum
1043 3943 1082 3980 et
1098 3943 1400 3991 negotiatorum.
1425 3947 1476 3986 Et
1496 3947 1535 3986 111

251 4012 416 4041 inunera
437 4002 593 4052 publica
613 4004 824 4053 praestant,
852 4006 971 4054 atque
994 4016 1041 4043 cx
1070 4007 1253 4055 operibns
1279 4010 1359 4048 suis
1388 4010 1536 4050 tributa

253 4066 499 4114 persolvunt,
521 4066 567 4106 iis
596 4067 770 4117 exceptis
794 4067 863 4117 qui
891 4078 1001 4113 arma
1030 4068 1168 4121 bellica
1192 4070 1447 4112 fabricantur.
1503 4075 1534 4114 li

214 4150 217 4152 v
251 4130 357 4168 «nini
378 4131 497 4170 ctiam
514 4143 561 4170 ex
580 4132 736 4182 publico
756 4132 977 4172 mercedem
994 4133 1224 4182 accipiunt:
1244 4134 1283 4172 in
1304 4135 1418 4174 1100
1397 4148 1536 4184 genere

253 4196 344 4232 sunt
365 4194 460 4233 1311ιί
478 4196 635 4235 navalis
654 4197 694 4235 et
715 4198 845 4235 nautae
865 4197 1061 4246 quotquot
1078 4196 1239 4236 tluinina
1259 4199 1456 4247 navigant.

308 4265 342 4299 2.
359 4261 547 4305 Quintum
568 4273 690 4311 goiim¹
720 4264 777 4302 est
799 4262 1081 4302 militantium·
1106 4262 1359 4303 multitudine
1377 4266 1533 4314 quidem

1666 394 1813 445 2-11
1793 415 1811 442 ε
1823 414 1855 456 μ
1867 414 1900 442 π
1912 411 1971 441 '²⁵0
1983 412 2004 440 ν
2022 392 2068 440 δὲ
2085 391 2205 457 γένος
2225 392 2340 440 ἐστὶν
2357 392 2553 442 Ἰνδοῖσιν
2570 394 2608 441 οἱ
2624 395 2928 458 πολεμισταὶ,

1602 469 1757 525 πλήθεϊ
1781 467 1858 530 μὲν
1893 463 2089 530 δεύτερον
2114 463 2224 527 μετὰ
2257 463 2355 518 τους
2387 463 2624 530 γεωργους,
2647 466 2831 558 πλείστῃ
2855 467 2905 518 δὲ
2932 467 2934 482 ²

1603 538 1819 604 ἐλευθερίῃ
1837 556 1885 585 τε
1906 537 1981 583 καὶ
1999 534 2217 599 εὖθυμίῃ’
2197 536 2517 602 επιχρεόμενον·
2536 530 2676 585 nal?
2627 556 2743 586 ουτοι
2763 541 2904 600 ἄσκηό

1602 629 1674 657 ται
1692 609 1858 671 μούνων
1881 611 1967 655 τῶν
1984 609 2232 676 πολεμικῶν
2266 607 2400 673 ἔργων
2423 609 2524 659 εἶσί.
2552 610 2607 675 (3)
2630 609 2700 659 Τὰ
2720 609 2765 658 δὲ
2787 610 2924 661 ὅπλα

1603 681 1726 728 ἄλλοι
1744 683 1908 728 αὐτοῖσι
1926 679 2131 739 ποιέουσι,
2147 679 2222 727 καὶ
2237 678 2394 736 ἵππους
2410 681 2531 730 ἄλλοι
2548 681 2811 748 παρέχουσι·
2826 702 2904 732 και

1604 753 1890 801 διακονέουσιν
1909 750 1979 800 ἐπὶ
2000 752 2292 816 στρατοπέδου
2314 751 2462 813 ἄλλοι,
2483 751 2524 800 οἳ
2546 752 2642 808 τούς
2664 773 2712 802 τε
2741 753 2923 810 ἵππους·

1604 825 1769 872 αὐτοῖσι
1785 822 2069 889 θεραπεύουσι
2085 824 2160 871 καὶ
2178 823 2235 872 τὰ
2253 823 2368 872 ὅπλα
2392 825 2696 890 ἐκκαθαίρουσι
2715 827 2790 874 καὶ
2807 826 2906 883 τοὺς
2973 855 2976 859 -

1604 896 1837 961 ἐλέφαντας
1871 896 2023 959 ἄγουσι
2064 896 2140 944 καὶ
2174 895 2229 943 τὰ
2268 895 2445 961 ἅρματα
2482 897 2716 962 κοσμέουσί
2743 918 2792 946 τε
2826 897 2904 948 καὶ
2968 941 2976 945 .

1603 969 1911 1031 ἡνιοχεύουσιν.
1946 970 1998 1032 (4)
2027 968 2161 1018 Αὐτοὶ
2187 968 2263 1032 δὲ,
2282 969 2372 1017 ἔστ’
2393 969 2445 1017 ἂν
2471 969 2548 1032 μὲν
2566 969 2771 1034 πολεμέει
2796 967 2904 1038 δέῃ,

1604 1039 1909 1103 πολεμέουσιν,
1930 1043 1993 1106 εἷρ
1997 1061 2099 1099 ηνης
2110 1040 2155 1089 δὲ
2165 1041 2396 1106 γενομένης
2408 1042 2703 1106 εὐθυμέονται·
2720 1043 2796 1093 καί
2806 1059 2925 1108 σφιν
2969 1049 2980 1060 '

1606 1114 1795 1174 μισθὸς’
1777 1131 1825 1159 εκ
1850 1117 1922 1159 τοῦ
1949 1118 2092 1161 κοινοῦ
2115 1112 2346 1162 τοσόσδε”
2319 1133 2526 1195 ερχεται,
2553 1117 2610 1170 ὡς
2643 1113 2720 1163 καὶ
2751 1114 2934 1203 ἄλλουςέ
2969 1149 2981 1170 4

1605 1183 1772 1305 τρέὸφειν
1798 1186 1872 1231 ἀπ’
1899 1187 2031 1233 αὐτου
2056 1186 2290 1251 εὐμαρέως.

1747 1255 1814 1305 t'E
1829 1277 1942 1305 κτοι
1970 1259 2017 1306 δέ
2040 1260 2144 1306 εἰσιν
2166 1259 2363 1307 Ἰνδοῖσιν
2384 1260 2463 1307 οῖ’
2445 1258 2672 1308 επίσκοποι
2693 1248 2927 1324 καλεόμε-

1606 1347 1683 1377 νοι.
1670 1274 1882 1378 5vanot'
1863 1333 2048 1396 εφορῶσι
2067 1329 2122 1378 τὰ
2140 1332 2344 1396 γινόμενα
2364 1331 2478 1379 κατά
2501 1350 2549 1379 τε
2567 1331 2644 1390 τὴν
2662 1331 2811 1398 χώρην
2830 1330 2926 1381 καῖ

1605 1399 1719 1448 κατὰ
1742 1400 1819 1456 τὰς
1837 1402 2011 1458 πόλιας·
2032 1403 2106 1451 καὶ
2128 1423 2266 1451 ταυτα
2292 1403 2604 1468 ἀναγγέλλουσι
2622 1409 2685 1470 τῷ
2713 1404 2924 1470 βασιλέ’ἑ,ἔ

1605 1471 1760 1539 ἵναπερ
1782 1475 2082 1539 βασιλεύονται
2099 1475 2224 1525 Ινδοὶ
2241 1475 2428 1539 ,ἢτοῖσι
2448 1477 2630 1536 τέλεσιν,
2647 1475 2801 1543 ἵναπερ
2825 1479 2904 1525 αὖ·

1606 1545 1780 1609 τόνομοι
1796 1547 1900 1595 εἷσί·
1916 1548 1990 1596 καὶ
2006 1548 2217 1597 τούτοισιν
2235 1551 2281 1597 06
2299 1549 2418 1613 θέμις
2433 1549 2589 1615 ψεῦδος
2607 1551 2808 1615 ἀγγεῖλαι·
2823 1551 2903 1599 06·
2936 1568 2937 1572 ’
2976 1576 2982 1613 5

1609 1619 1694 1666 δέν·
1715 1618 1813 1667 οὐδέ
1835 1641 1897 1675 τις
1921 1620 2066 1670 Ἰνδῶν
2091 1622 2233 1681 αἰτίην
2258 1622 2360 1688 ἔσχε
2380 1622 2662 1709 sss6ooe⁶0oenu

1748 1689 1819 1739 ‘E
1834 1691 1861 1739 6
1873 1693 1896 1739 δ
1905 1711 2027 1754 ομοι
2048 1691 2095 1741 δέ
2118 1697 2225 1742 εἰσιν
2244 1696 2282 1742 οἱ
2303 1692 2411 1760 ὑπὲρ
2430 1696 2514 1742 τῶν
2537 1696 2690 1742 κοινῶν
2713 1695 2908 1759 βουλευόι·
2938 1734 2942 1742 ,
2976 1681 2982 1727 s

1609 1782 1728 1826 μενοι
1739 1766 1846 1827 ὁμοῦ
1863 1768 1924 1832 τῷ
1940 1765 2126 1830 βασιλέι,
2143 1766 2171 1825 ἢ
2186 1766 2300 1815 κατὰ
2313 1767 2390 1824 τὰς
2399 1758 2550 1824 πόλιας
2565 1767 2664 1817 ὅσαι
2677 1771 2912 1833 αὐτόνομοι
2940 1762 2942 1765 ’
2978 1778 2983 1833 Lj

1608 1856 1684 1884 συν
1700 1840 1824 1902 τῇσιν
1851 1842 2027 1905 ἀρχῇσι.
2061 1839 2110 1904 (7)
2132 1840 2300 1900 Πλήθεῖ
2314 1839 2391 1904 μὲν
2411 1841 2552 1904 ὀλίγον
2571 1842 2620 1891 τὸ
2638 1841 2758 1907 γένος
2780 1841 2918 1892 τουτό.
2938 1881 2945 1915 J
2978 1843 2984 1913 ᾗ

1608 1911 1700 1958 ἐστι
1707 1910 1866 2003 ,σρφίῃ
1887 1912 1932 1959 δὲ
1947 1912 2023 1960 καὶ
2043 1912 2317 1973 δικαιότητι’
2298 1934 2347 1962 εκ
2363 1913 2538 1962 πάντων
2553 1915 2906 1982 προκεκριμένον·

1609 1982 1723 2031 ἔνθεν
1739 1982 1782 2031 οί
1803 2003 1849 2032 τε
1870 1983 2072 2050 ἄρχοντες
2096 1987 2285 2034 αὐτοῖσιν
2312 1984 2581 2051 ἐπιλέγονται
2613 1987 2688 2036 καὶ
2719 1987 2812 2037 ὅσοι
2834 2007 2922 2038 νο·

1609 2056 1780 2121 μάρχαι
1798 2056 1872 2104 καὶ
1908 2057 2098 2124 ὕπαρχοι
2123 2058 2198 2107 και
2218 2057 2597 2126 θησαυροφύλακές
2614 2080 2661 2110 τε
2680 2061 2756 2109 καὶ
2779 2074 2923 2127 cepa-¹
2915 2050 2946 2087 ’ἷ

1606 2129 1864 2198 τοφύλακες,
1899 2129 2110 2197 ναύαρχοί
2147 2151 2195 2179 τε
2230 2131 2306 2180 καὶ
2341 2132 2521 2197 ταμίαι,
2555 2133 2629 2182 και
2661 2137 2746 2182 τῶν
2788 2131 2923 2186 κατὰ

1607 2202 1819 2273 γεωργίην
1839 2202 1974 2267 ἔργων
1992 2203 2238 2254 ἐπιστάται.

1673 2293 1711 2326 3.
1751 2275 1940 2339 Γαμέειν
1963 2275 2008 2324 δὲ
2035 2276 2076 2334 ἐξ
2107 2276 2251 2341 ἑτέρου
2269 2277 2411 2342 γένεος
2433 2280 2480 2328 06
2501 2277 2646 2342 θέμις,
2678 2270 2780 2327 οἷον
2797 2279 2912 2329 τοῖσι

1609 2355 1863 2414 γεωργοῖσιν
1884 2351 1932 2397 ἐκ
1950 2354 2027 2398 τοῦ
2049 2351 2383 2416 δημιουργικοῦ,
2416 2350 2444 2409 ἢ
2475 2350 2681 2414 ἔμπαλιν·
2710 2349 2805 2400 οῦδὲ
2834 2346 2919 2401 δύο

1608 2420 1766 2487 τέχνας
1788 2422 2051 2481 ἐπιτηδεύειν
2071 2423 2142 2470 τὸν
2168 2423 2316 2486 αὐτὸν,
2349 2422 2446 2471 οὐδὲ
2479 2443 2604 2471 τουτο
2638 2422 2780 2486 θέμις·
2800 2407 2911 2476 οὐδέ

1609 2494 1804 2557 ἀμείὸειν
1828 2494 1871 2551 ἐξ
1896 2495 2042 2559 ἑτέρου
2065 2495 2207 2560 γένεος
2233 2498 2291 2550 εἷς
2310 2495 2468 2561 ἕτερον,
2493 2489 2581 2544 οἷον
2601 2495 2835 2562 γεωργικὸν
2858 2498 2922 2546 ἐκ

1607 2568 1759 2631 νομέος
1777 2569 2000 2634 γενέσθαι,
2024 2569 2053 2629 ἢ
2077 2570 2209 2635 νομέα
2226 2573 2274 2619 ἐκ
2299 2572 2624 2637 δημιουργικου,
2659 2572 2717 2635 (9)·
2739 2575 2918 2620 Μουνον

1595 2722 1815 2762 secundum
1837 2723 1926 2772 post
1952 2721 2167 2771 agricolas,
2189 2721 2257 2760 sed
2280 2721 2456 2760 maxime
2473 2719 2645 2758 liberum
2673 2718 2798 2767 atque
2826 2714 2909 2756 ala-
2955 2719 2990 2756 ξ

1595 2799 1676 2827 cre.
1732 2787 1780 2826 111
1801 2787 1935 2826 solum
1958 2785 2119 2825 bellicas
2146 2797 2210 2826 res
2231 2786 2437 2825 exercent.
2496 2785 2554 2834 (3)
2578 2787 2703 2822 Arma
2721 2779 2788 2820 3111
2811 2778 2913 2830 ipsis

1595 2853 1838 2900 conficiunt,
1858 2854 1898 2892 31
1914 2862 2041 2902 equos
2061 2852 2128 2892 alii
2148 2852 2426 2903 suppeditant,
2443 2840 2705 2900 serviuntque
2726 2844 2954 2898 nisapud

1610 2920 1740 2958 castra
1761 2919 1853 2967 alii,
1877 2918 1947 2968 qui
1966 2919 2007 2958 et
2023 2929 2148 2968 equos
2170 2920 2312 2957 curant
2340 2919 2478 2966 atque
2482 2926 2594 2955 arma
2619 2916 2849 2964 extergent,
2868 2917 2911 2955 31
2956 2918 2975 2966 ’ξ

1609 2983 1840 3033 elephantos
1873 2981 2052 3031 ducunt,
2089 2983 2131 3021 et
2161 2992 2302 3020 currus
2339 2980 2542 3019 instruunt
2580 2988 2629 3018 ac
2666 2979 2908 3029 gubernant.
2952 2980 2976 3027 ἰ,

1611 3047 1666 3097 (4)
1699 3047 1779 3099 Ipsi
1801 3058 1921 3096 vero,
1945 3058 2071 3097 quum
2097 3045 2327 3148 1131133ἀυῖ
2351 3046 2430 3089 331,
2462 3043 2657 3083 bellant.
2690 3042 2908 3083 0033111313
2950 3033 2994 3099 s,

1609 3113 1744 3151 autem
1760 3122 1857 3162 pace
1868 3110 2092 3161 iucundam
2111 3112 2233 3160 atque
2262 3120 2286 3148 a
2326 3119 2434 3148 crem
2454 3107 2580 3148 vitam
2611 3106 2787 3158 degunt,
2815 3108 2911 3148 133·

1607 3177 1776 3227 tumque
1791 3175 1975 3226 stipendii
1993 3176 2050 3216 eis
2069 3186 2120 3215 ex
2137 3174 2298 3226 publico
2313 3174 2446 3224 datur,
2466 3174 2514 3213 ut
2532 3183 2582 3213 ex
2602 3183 2649 3239 eo
2663 3171 2784 3212 etiam
2807 3171 2909 3213 allos

1609 3239 1818 3280 commode
1835 3240 1950 3280 alere·
1957 3239 2122 3290 possint.

1663 3309 1700 3344 5.
1731 3305 1898 3344 Sextum
1918 3314 2041 3354 genus
2064 3304 2124 3343 est
2149 3302 2423 3353 episcoporum
2443 3300 2528 3342 sive
2542 3299 2844 3350 inquisitorum,
2864 3301 2911 3340 111

1600 3370 1819 3413 vocantur.
1846 3368 1923 3412 Hi
1939 3367 2063 3418 quid·
2053 3378 2094 3407 13
2109 3366 2214 3418 agris
2227 3368 2367 3417 agatur
2382 3364 2614 3432 inquirunt,
2653 3374 2781 3415 eaque
2813 3363 2913 3415 regi·

1611 3435 1708 3483 bus,
1732 3435 1765 3474 si
1786 3446 1855 3486 per
1866 3445 1977 3483 reges
1991 3432 2275 3484 gubernantur,
2299 3432 2370 3471 3111
2387 3414 2703 3481 magistratibus,
2723 3429 2756 3470 si
2775 3428 2911 3470 libem

1610 3498 1790 3538 civitates
1804 3500 1920 3547 sunt,
1941 3496 2192 3537 denuntiant.
2251 3495 2322 3536 His
2344 3495 2402 3534 fas
2416 3505 2498 3533 non
2517 3494 2577 3533 est
2595 3492 2694 3532 salsa
2712 3502 2785 3543 pro
2803 3490 2908 3533 veris

1610 3563 1882 3603 denuntiare.
1911 3573 2041 3612 neque
2060 3559 2252 3602 Indorum
2271 3559 2485 3610 quisquam
2505 3555 2701 3598 mendacii
2729 3565 2909 3607 unquam

1609 3629 1819 3668 accusatus
1833 3628 1907 3668 est.
2629 3644 2632 3647 ⁴
2863 3647 2866 3650 «

1662 3697 1700 3731 6.
1726 3681 1948 3742 Septimum
1965 3699 2088 3741 genus
2102 3685 2168 3729 331
2177 3698 2316 3728 eorum
2339 3685 2473 3737 quide
2489 3684 2609 3725 rebus
2629 3683 2679 3724 ad
2695 3691 2919 3726 commun·

1610 3754 1900 3805 pertinentibus
1917 3753 2179 3794 0033311331·
2202 3751 2324 3802 idque
2346 3750 2410 3789 vel
2427 3760 2520 3789 cum
2534 3759 2649 3799 rege,
2670 3747 2735 3787 vel
2751 3757 2820 3798 per
2839 3755 2909 3788 nr·

1610 3819 1680 3860 bes
1723 3829 1816 3870 quae
1854 3818 1991 3873 liberae
2035 3816 2247 3867 imperium
2289 3814 2429 3865 tenent
2469 3823 2562 3853 cum
2601 3809 2914 3862 magistratibus

1610 3885 1666 3935 (7)
1684 3886 1815 3935 Atque
1831 3883 1872 3925 lii
1897 3864 2058 3933 quidem
2077 3890 2244 3922 numero
2263 3878 2381 3930 pauci
2409 3879 2542 3918 sunt·
2529 3874 2632 3916 ·sed
2653 3873 2847 3926 sapientia
2872 3891 2873 3894 ¹
2903 3923 2905 3927 Ι

1607 3947 1762 3998 justitia
1790 3946 1951 3997 reliquis
1969 3946 2174 3996 praestant.
2232 3945 2291 3984 Ex
2311 3943 2389 3982 hoc
2423 3951 2567 3992 genere
2594 3938 2852 3990 magistratus.
2876 3952 2890 3971 ’-
2914 3938 2915 3942 ’

1611 4012 1816 4062 regionum
1828 4008 2015 4062 praesidoe
2025 4010 2066 4048 et
2081 4007 2258 4067 praefecti
2276 4008 2317 4046 31
2342 4006 2560 4056 quaestores
2574 4014 2622 4043 ac
2636 4001 2842 4052 copiarum
2874 4013 2889 4035 ·-”

1611 4075 1795 4116 classium
1811 4073 1955 4122 duces,
1973 4083 2021 4112 ac
2041 4063 2327 4122 dispensatores
2345 4071 2387 4110 et
2402 4078 2537 4108 rerum
2552 4066 2792 4107 rusticarum
2806 4071 2906 4110 3131ι

1611 4142 1741 4180 ctores
1757 4138 1996 4188 deliguntur.

1662 4208 1724 4243 8.-
1715 4202 1924 4252 -conjugia
1951 4202 2053 4240 inter
2073 4200 2146 4239 lios
2168 4197 2325 4238 ordines
2344 4196 2569 4249 promiscua
2594 4159 2678 4234 fieri
2702 4190 2834 4233 nefas
2838 4205 2872 4226 ν’
2927 4224 2930 4226 .

1613 4272 1746 4320 Neque
1759 4267 1864 4306 enim
1882 4265 1971 4305 licet
1992 4263 2162 4315 exempli
2179 4273 2297 4302 causa
2308 4261 2489 4312 agricolae
2500 4269 2550 4300 ex
2566 4248 2751 4310 opiticum
2767 4253 2926 4303 03111111*Δ

2928 349 2935 363 ,,
2928 333 2931 337 ,

2964 705 2975 768 -εε-εφ
2963 591 2975 702 mna-svn
2945 338 2974 587 mmmmm-21⁸1
2952 267 2971 335 *xl-'31³
2954 240 2962 262 ¹⁹¹
2957 223 2961 233 ”
2958 210 2964 212 ’
