3016 4628
233 279 329 319 ⁴16

288 379 454 424 Strabo
474 380 575 434 XV,
598 394 643 438 p.
667 378 758 436 703
781 393 792 426 :
819 376 893 427 Ἐν
919 377 963 424 δὲ
983 380 1036 443 τῇ
1057 379 1197 443 ὀρεινῇ
1220 377 1371 427 Σιλίαν
1397 376 1508 439 (Σί-

223 450 301 495 λαν
322 452 442 510 Epit.
471 451 622 498 strab.
641 450 655 512 )
685 450 879 513 ποταμὸν
899 442 1007 497 εἶναι
1029 453 1372 513 (Megasthenes
1392 451 1479 510 ait)
1498 485 1511 507 ‚

223 514 259 585 ᾧ
297 519 429 582 μηδὲν
465 521 656 568 ἐπιπλεῖ·
688 521 957 588 Δημόκριτον
992 521 1068 585 μὲν
1099 515 1170 568 οὐν
1204 522 1396 568 ἀπιστεῖν
1435 521 1511 568 ἅτε

222 592 387 650 πολλὴν
404 596 480 651 τῆς
500 592 644 648 Ἀσίας
669 594 1018 657 πεπλανημένον·
1051 594 1124 641 καὶ
1145 593 1435 659 Ἀριστοτέλης
1465 592 1510 639 δὲ

223 683 410 711 απιστει.

292 739 361 784 Cf.
389 739 446 786 fr.
477 754 495 782 1
517 774 530 795 ,
563 755 616 797 17
638 774 651 797 ‚
681 740 763 784 ubi
786 738 924 786 Σίλλα
955 737 1370 785 scribitur.Eadem
1405 753 1511 782 nar·

219 820 383 855 rantur
411 811 460 854 in
489 810 792 857 Boissonnad.
827 814 917 856 An.
949 825 1019 870 gr.
1046 812 1091 865 Ι,
1132 826 1181 869 p.
1222 815 1332 868 419.
1371 808 1514 852 Siden

224 879 237 942 (
255 880 399 938 ΣίΔην
419 897 510 942 pro
532 880 712 943 ΣίΛην)
736 891 947 943 stagnum
971 897 1026 926 ex
1047 882 1193 929 Ctesia
1213 881 1271 924 fr.
1294 879 1352 923 82
1379 879 1515 923 affert

223 953 399 998 Plinius
442 954 606 998 XXXI
620 990 634 1013 ‚
681 969 725 1000 2.
818 973 836 993 α
876 956 1006 998 Hanc
1049 967 1237 1011 quoque
1279 951 1481 994 fabulam
1496 984 1509 1006 ‚

220 1025 615 1070 Schwanbeckius
634 1027 696 1070 ait
715 1042 763 1085 p.
787 1025 845 1082 37
862 1060 873 1081 ‚
891 1026 1127 1069 Lassenius
1149 1020 1422 1086 (Zeitsclzft.
1443 1024 1507 1078 ΙΙ,

220 1113 268 1156 p.
292 1097 382 1159 63)
406 1099 547 1143 literis
564 1098 734 1142 Indicis
757 1099 998 1141 illustravit
1019 1112 1030 1140 :
1052 1097 1157 1140 Indi
1177 1095 1511 1155 septentriones

219 1184 376 1214 versus
394 1171 539 1228 (Jilam
571 1167 745 1214 flumen
768 1184 860 1213 esse
882 1177 1073 1228 putant,
1099 1169 1148 1211 in
1176 1183 1270 1225 quo
1296 1168 1509 1210 immersa

219 1242 270 1284 in
300 1242 476 1300 lapides
495 1242 649 1285 omnia
674 1249 912 1284 vertantur
932 1254 943 1285 ε
971 1255 1061 1298 qua
1079 1254 1130 1282 re
1160 1253 1266 1282 sane
1290 1235 1505 1292 efficitur,

219 1322 272 1357 ut
292 1315 446 1359 onmia
464 1321 747 1373 mergantur,
768 1327 918 1370 neque
940 1311 1194 1370 quidquam
1213 1311 1389 1354 innatet
1414 1307 1499 1372 (cf.

220 1386 405 1431 Mahab.
427 1388 501 1443 ΙΙ,
531 1384 651 1431 1858
669 1384 705 1446 ).
728 1385 831 1442 Cila
853 1384 977 1428 idem
996 1384 1117 1428 valet
1136 1392 1274 1442 atque
1295 1382 1422 1441 lapis.
1451 1401 1472 1420 n

819 1521 896 1552 20.

530 1661 536 1666 -
571 1635 606 1680 Ε
639 1633 822 1679 LIBRO
857 1631 1148 1677 SECUNDO.

284 1756 450 1802 Strabo
466 1757 569 1812 XV,
590 1771 638 1815 p.
663 1754 752 1811 687
777 1769 788 1800 :
806 1751 937 1814 Ἡμῖν
956 1751 999 1798 δὲ
1018 1749 1078 1804 τίς
1103 1748 1153 1796 ἂν
1173 1747 1317 1796 δικαία
1337 1747 1500 1811 γένοιτο

219 1826 360 1881 πίστις
391 1825 490 1891 περὶ
526 1829 608 1872 τῶν
636 1824 828 1873 Ἰνδικῶν
858 1826 907 1870 ἐκ
937 1827 1010 1879 τ’ῆς
1043 1820 1241 1878 τοιαύτης
1275 1820 1499 1886 στρατείας

218 1899 292 1946 τοῦ
318 1897 459 1963 Κύρου
481 1898 508 1956 ἢ
535 1901 609 1955 τῆς
633 1896 923 1962 Σεμιράμιδος
946 1897 1037 1959 (sc.
1062 1905 1226 1941 contra
1250 1896 1417 1951 Indos,
1441 1895 1499 1939 de

213 1972 386 2030 quibus
397 1972 771 2031 expeditionibus
786 1978 1052 2015 narraverat
1066 1968 1301 2014 Nearchus
1316 1967 1375 2014 fr.
1395 1983 1420 2012 2
1430 1966 1471 2027 3)
1485 1984 1497 2023 ;

217 2042 587 2107 Συναποφαίνεται
626 2042 674 2088 δέ
714 2061 805 2094 πως
842 2040 915 2087 καὶ
960 2037 1241 2102 Μεγασθένης
1283 2040 1345 2104 τῷ
1387 2037 1502 2102 λόγῳ

212 2113 377 2177 τούτῳ,
421 2113 604 2160 κελεύων
639 2115 834 2160 ἀπιστεῖν
864 2115 956 2166 ταῖς
987 2111 1190 2177 ἀρχαίαις
1225 2110 1325 2175 περὶ
1357 2110 1503 2159 Ἰνδῶν

214 2185 441 2250 ἱστορίαις·
479 2184 573 2233 οὔτε
597 2184 680 2250 γὰρ
716 2188 819 2250 παρ’
864 2185 1006 2234 Ἰνδῶν
1050 2183 1130 2240 ἔξω
1165 2181 1376 2241 σταλῆναί
1398 2201 1503 2230 ποτε

212 2256 431 2320 στρατιὰν,
476 2257 562 2305 οὔτ’
597 2259 786 2305 ἐπελθεῖν
811 2257 961 2314 ἔξωθεν
997 2256 1071 2305 καὶ
1108 2260 1347 2322 κρατῆσαι,
1387 2254 1502 2314 πλὴν

209 2332 284 2385 τ’ἧς
309 2330 400 2392 μεθ’
437 2330 700 2395 Ἡρακλέους
735 2331 809 2378 καὶ
845 2330 1073 2391 Διονύσου,
1093 2329 1263 2387 καὶτῆς
1292 2327 1502 2392 ν’ὔν“μετὰ

211 2395 484 2443 Μακεδόνων.
522 2396 675 2444 Καίτοι
701 2396 946 2461 Σέσωστριν
971 2395 1048 2459 μὲν
1075 2395 1147 2443 τὸν
1174 2395 1407 2459 Αἰγύπτιον
1429 2394 1502 2440 καὶ

209 2466 442 2531 Τεάρκωνα
488 2468 559 2516 τὸν
618 2469 806 2517 Αἰθίοπα
867 2469 946 2523 ἕως
1000 2468 1217 2533 Εὐρώπης
1262 2468 1499 2531 προελθεῖν,

210 2539 584 2607 Ναὸοκοδρόσορον
624 2540 668 2588 δὲ
712 2541 783 2588 τὸν
827 2540 948 2607 παρὰ
989 2539 1229 2594 Χαλδαίοις
1272 2538 1501 2599 εὐδοκιμή-

204 2629 342 2658 σαντα
358 2649 370 2670 ,
413 2612 678 2678 Ἡρακλέους
703 2615 884 2676 μᾶλλον,
911 2613 986 2661 καὶ
1018 2612 1094 2668 ἕως
1121 2614 1303 2671 Στηλῶν
1325 2610 1499 2659 ἐλάσαι·

206 2682 336 2747 μέχρι
372 2684 447 2746 μὲν
489 2685 540 2743 δὴ
567 2687 687 2751 δεῦρο
716 2686 790 2734 καὶ
810 2686 1050 2752 Τεάρκωνα
1069 2686 1319 2751 ἀφικέσθαι·
1341 2686 1501 2732 ἐκεῖνον

209 2754 253 2800 δὲ
289 2756 361 2803 καὶ
385 2760 430 2805 ἐκ
449 2761 524 2815 τῆς
548 2758 739 2824 ’16ηρίας
759 2761 816 2814 εἷς
843 2759 920 2818 τὴν
938 2759 1120 2827 Θρᾴκην
1144 2758 1218 2806 καὶ
1238 2758 1309 2805 τὸν
1334 2756 1500 2805 Πόντον

209 2828 383 2891 ἀγαγεῖν
396 2828 472 2886 τὴν
501 2831 719 2893 στρατιάν.
753 2832 1025 2897 Ἰδάνθυρσον
1047 2831 1091 2879 δὲ
1111 2831 1184 2880 τὸν
1206 2830 1380 2889 Σκύθην
1407 2831 1500 2876 ἐπι·
1532 2843 1541 2870 ι
1574 2825 1859 2892 ἐχειρώσατο,
1883 2823 1948 2871 ὅτι
1976 2823 2223 2889 ζΗρακλέης
2242 2827 2289 2872 οὐ
2311 2824 2487 2880 δυνατὸς
2515 2825 2683 2889 ἐγένετο
2700 2823 2874 2884 ἐξελεῖν,

208 2964 291 3015 dit,
310 2967 372 3005 cui
390 2967 485 3006 nihil
502 2967 664 3019 innatet3
682 2981 923 3021 quamquam
939 2971 977 3010 id
998 2982 1079 3011 non
1098 2971 1233 3011 credat
1244 2968 1513 3019 Democritus,

209 3028 279 3079 qui
296 3029 438 3069 bonam
458 3034 608 3081 partem
628 3033 728 3074 Asiae
754 3035 1043 3085 peragraverit3
1059 3034 1128 3075 sed
1145 3033 1375 3075 Aristoteles
1389 3043 1494 3083 quo·

208 3104 285 3142 que
301 3105 379 3133 non
395 3095 533 3135 credit.

553 3183 589 3230 E
624 3184 811 3234 LlBRO
849 3185 1146 3237 SECUNDO.

813 3283 883 3325 20.

264 3357 459 3401 Quaenam
479 3358 591 3398 nobis
607 3359 656 3400 de
671 3362 788 3402 rebus
820 3364 963 3406 indicis
996 3365 1090 3406 fides
1107 3377 1190 3407 esse
1209 3366 1330 3417 possit
1352 3376 1401 3406 ex
1431 3364 1500 3404 tali

210 3418 303 3467 Cyri
320 3419 381 3458 vel
398 3421 665 3463 Semiramidis
680 3426 952 3475 expeditione?
966 3430 1241 3470 patrocinatur
1260 3432 1396 3470 nostro
1415 3441 1498 3470 ser-

210 3481 318 3520 moni
344 3482 638 3532 quodammodo
663 3488 781 3528 etiam
798 3492 1067 3540 Megasthenes
1085 3493 1203 3535 fidem
1219 3494 1363 3545 jubens
1380 3494 1498 3534 dero·

207 3553 300 3594 ‚gare
316 3545 490 3596 antiquis
500 3547 549 3587 de
565 3549 675 3589 ludia
700 3554 1007 3596 narrationibus.
1025 3559 1162 3608 Neque
1183 3559 1289 3598 enim
1315 3559 1366 3598 ab
1390 3558 1498 3598 Indis

212 3608 315 3647 foras
341 3610 512 3657 missum!
528 3612 747 3653 exercitum
777 3620 978 3667 unquam',
1001 3631 1130 3671 neque
1162 3623 1408 3663 extrinsecus
1433 3623 1496 3662 in·

208 3670 357 3720 gruisse
381 3673 422 3712 et
439 3673 675 3726 obtinuisse,
695 3681 857 3729 excepta
891 3683 1068 3723 Herculis
1097 3686 1137 3724 et
1166 3687 1311 3726 Bacchi
1339 3687 1496 3738 expedi·

209 3734 318 3775 tione
332 3736 372 3775 et
386 3735 461 3776 hac
475 3738 559 3787 ipsa
573 3739 835 3781 Macedonica.
856 3745 956 3784 Sane
971 3748 1176 3788 Sesostrim
1201 3752 1427 3801 AEgyptium
1456 3755 1496 3794 et

211 3800 452 3840 Tearconem
474 3801 697 3852 AEthiopem
729 3807 908 3854 usquein
929 3811 1126 3860 Europam
1146 3815 1402 3863 processisse,
1420 3819 1493 3857 Na·

209 3861 551 3904 bucodonosorum
568 3867 701 3905 autem
715 3895 727 3916 ,
748 3869 815 3918 qui
831 3870 934 3919 apud
955 3872 1159 3914 chaldaeos
1174 3878 1356 3919 inclaruit
1373 3881 1495 3931 magis

208 3936 328 3975 quam
345 3929 552 3978 Hercules,
572 3931 635 3970 vel
657 3942 782 3982 usque
801 3933 851 3972 ad
881 3936 1084 3978 columnas
1115 3951 1361 3992 progressum
1386 3957 1492 3996 esse,

208 3999 414 4040 quousque
440 3992 561 4032 etiam
588 3996 856 4046 'rearconem5
887 3997 1000 4039 illum
1035 4002 1156 4042 ctiam
1186 4008 1403 4047 exercitum
1443 4021 1494 4050 ex

210 4052 395 4103 Hispania
411 4054 450 4095 in
463 4055 670 4097 Thraciam
684 4060 723 4098 et
739 4061 907 4100 Pontum
923 4061 1100 4114 duxisse3
1119 4067 1388 4119 ldanthyrsam
1404 4075 1494 4123 Scy-

209 4115 317 4155 tham
333 4147 344 4166 ,
377 4118 490 4159 factis
528 4122 567 4160 in
603 4122 733 4163 Asiam
779 4126 1099 4179 excursionibus,
1158 4133 1331 4183 attigisse
1373 4137 1491 4176 etiam

211 4179 420 4230 AEgyptum
447 4199 455 4222 :
489 4184 537 4222 ad
557 4185 707 4225 indiam
738 4197 831 4226 vero
851 4199 987 4229 eorum
1015 4193 1212 4234 neminem
1247 4200 1490 4250 pervenisse3

213 4252 304 4280 uam
326 4245 579 4295 semiramin,
602 4249 829 4300 priusquam
850 4253 1114 4306 egrederetur,
1140 4257 1290 4297 obiisse.
1318 4266 1349 4315 A
1368 4263 1491 4303 Persis
1568 4266 1672 4305 fama
1692 4269 1764 4306 est.
1823 4266 1877 4316 (9)
1899 4267 1949 4305 At
1970 4275 2062 4305 vero
2076 4264 2334 4316 expeditionis
2351 4264 2652 4305 aLiberolactac
2674 4256 2753 4303 nou
2769 4263 2830 4302 lev

1352 270 1650 320 MEGASTH
1661 270 1797 319 1⁴:le

1586 378 1762 442 δραμεῖν
1787 381 1861 436 τῆς
1886 376 2027 430 Ἀσίας
2067 375 2195 440 μέχρι
2220 375 2460 439 Αἰγύπτου·
2503 379 2580 434 τῆς
2617 377 2799 436 Ἰνδικῆς
2837 376 2883 427 δὲ
2941 374 2948 381 ’

1588 448 1750 511 μηδένα
1784 448 1944 496 τούτων
1971 448 2180 512 ἅψασθαι.
2206 447 2297 495 Καὶ
2321 447 2566 513 Σεμίραμιν
2597 449 2641 496 δ’
2657 451 2885 499 ἀποθανεῖν

1586 520 1765 584 πρὸτῆς
1788 518 2322 584 ἐπιχειρήσεως.’Πέρσας
2357 517 2400 566 δὲ
2423 520 2704 586 μισθοφόρους
2731 520 2810 582 μὲν
2834 523 2887 571 ἐκ
2922 566 2946 583 ‚2⁴
2991 556 2994 561 «

1588 596 1662 648 τῆς
1706 591 1891 649 Ἰνδικῆς
1923 590 2290 655 μεταπέμψασθαι
2333 589 2585 657 “Υδρακας·
2618 593 2708 639 ἐκεῖ
2737 590 2783 639 δὲ
2822 591 2886 656 μὴ
2932 610 2949 657 ‘q
2990 591 2995 642 ,ἶ

1589 668 1871 727 στρατεῦσαι,
1921 663 2016 710 ἀλλ’
2057 662 2180 725 ἐγγὺς
2226 663 2361 710 ἐλθεῖν
2401 663 2550 727 μόνον,
2586 663 2711 722 ἡνίκα
2748 667 2887 730 Κῦρος

1586 735 1768 792 ἤλαυνεν
1793 734 1864 781 ἐπὶ
1886 733 2196 796 Μασσαγέτας.
2940 732 2951 773 κ’
2988 731 2994 776 ἶ

1655 805 1744 854 Καὶ
1771 805 1826 852 τὰ
1842 807 1942 870 περὶ
1968 804 2232 871 Ἡρακλέους
2249 805 2294 854 δὲ
2317 806 2392 854 καὶ
2422 806 2630 856 Διονύσου
2656 807 2886 873 Μεγασθί·
2922 804 2927 857 ᾗ

1587 898 1662 935 νης
1698 876 1775 940 μὲν
1817 877 1909 937 μετ’
1942 877 2097 940 ὀλίγων
2124 877 2259 926 πιστὰ
2291 879 2484 941 ἡγεῖται·
2506 876 2596 927 ’τῶν
2621 880 2656 927 δ’
2679 880 2821 928 ἄλλων
2845 882 2906 938 οἱι
2990 908 2993 915 ·

1587 949 1783 1012 πλείους,
1823 942 1882 996 ῶν
1918 949 2008 997 ἐστὶ
2032 949 2106 997 καὶ
2131 950 2472 1014 Ἐρατοσθένης,
2505 951 2768 1001 ἄπιστακαὶ
2801 972 2886 1016 μυ·
2918 940 2951 1011 Ξ,
2988 943 2999 976 3³

1587 1021 1726 1081 θώδη,
1751 1022 1947 1087 καθάπερ
1972 1021 2046 1069 καὶ
2069 1021 2124 1069 τὰ
2147 1023 2270 1088 παρὰ
2299 1030 2386 1078 τοῖς
2408 1022 2646 1082 ‘'EM-new.

2163 1115 2277 1166 ¹21.

1651 1219 1874 1262 Arrianus
1889 1218 1996 1264 Ind.
2023 1216 2068 1274 5,
2085 1223 2110 1271 4
2134 1234 2144 1262 :
2171 1209 2310 1271 Οὗτος
2330 1208 2389 1264 ῶν
2410 1219 2433 1264 ὁ
2455 1217 2736 1281 Μεγασθένης
2754 1216 2886 1281 λέγει,
2924 1234 2933 1263 .’
2988 1247 2993 1270 ;

1586 1288 1682 1336 οὔτε
1716 1287 1877 1343 Ἰνδοὺς
1911 1290 2246 1354 ἐπιστρατεῦσαι
2285 1291 2536 1353 οὐδαμοῖσιν
2577 1291 2883 1356 ἀνθρώποισιν,

1585 1361 1681 1408 οὔτε
1701 1362 1902 1410 Ἰνδοῖσιν
1927 1361 2084 1416 ἄλλους
2108 1361 2376 1427 ἀνθρώπους·
2412 1363 2463 1426 (5)
2497 1361 2610 1411 ἀλλὰ
2635 1362 2884 1428 Σέσωστριν
2928 1383 2930 1385 ·
2988 1372 2993 1411 ἑ

1585 1432 1662 1495 μὲν
1697 1433 1769 1481 τὸν
1803 1432 2060 1498 Αἰγύπτιον,
2099 1438 2176 1493 τῆς
2197 1434 2346 1494 Ἀσίης
2367 1435 2779 1502 καταστρεψάμενον
2804 1436 2884 1494 τὴν
2919 1451 2947 1483 ·.'

1583 1506 1764 1566 πολλὴν,
1789 1506 1887 1554 ἔστε
1916 1506 1987 1554 ἐπὶ
2006 1506 2086 1566 τὴν
2123 1506 2338 1572 Εὐρώπην
2365 1510 2442 1556 σὺν
2466 1512 2648 1574 στρατιῇ
2669 1507 2884 1573 ἐλάσαντα
2924 1515 2937 1566 {-

1584 1580 1724 1627 ὀπίσω
1751 1581 2067 1638 ἀπονοστῆσαι·
2109 1581 2158 1646 (6)
2182 1580 2449 1646 Ἰνδάθυρσιν
2475 1579 2520 1627 δὲ
2548 1579 2620 1628 τὸν
2647 1579 2819 1630 Σκύθεα
2836 1583 2885 1630 ἐκ
2905 1635 2907 1637 ,

1585 1653 1771 1712 Σκυθίης
1787 1652 2030 1719 ὁρμηθέντα
2060 1651 2203 1701 πολλὰ
2229 1653 2307 1716 μὲν
2331 1657 2409 1712 τῆς
2433 1653 2575 1712 Ἀσίης
2599 1652 2721 1702 ἔθνεα
2743 1663 2884 1702 κατα·
2928 1661 2936 1668 ’

1583 1726 1872 1793 στρέψασθαι,
1894 1726 2084 1773 ἐπελθεῖν
2102 1726 2146 1774 δὲ
2170 1725 2246 1774 καὶ
2268 1724 2346 1784 τὴν
2381 1725 2638 1790 Αἰγυπτίων
2656 1730 2738 1791 γῆν
2774 1745 2884 1792 κρα,
2911 1789 2918 1792 ῃ

1581 1799 1755 1847 τέοντα·
1794 1797 1847 1865 (7)
1878 1797 2124 1864 Σεμίραμιν
2161 1797 2206 1847 δὲ
2235 1798 2313 1857 τὴν
2341 1798 2568 1864 Ἀσσυρίην
2611 1799 2882 1866 ἐπιχειρέειν,

1585 1870 1662 1933 μὲν
1692 1871 1948 1919 στέλλεσθαι
1984 1873 2043 1926 εἷς
2079 1870 2264 1935 Ἰνδοὺς,
2290 1873 2518 1919 ἀποθανεῖν
2543 1870 2594 1929 δὲι
2617 1871 2719 1937 πρὶν
2759 1871 2878 1927 τέλος

1582 1944 1792 1991 ἐπιθεῖναι
1831 1944 1943 1992 τοῖσι
1981 1942 2297 2008 βουλεύμασιν·
2333 1942 2444 1991 ἀλλὰ
2489 1943 2763 2010 Ἀλέξανδρον
2792 1942 2877 2009 γὰρ

1581 2028 1843 2090 στρατεῦσαι
1879 2023 1950 2071 ἐπὶ
1963 2022 2118 2078 Ἰνδοὺς
2153 2027 2325 2086 μοῦνον.
2356 2025 2408 2088 (8)
2441 2022 2532 2073 Καὶ
2575 2023 2660 2089 πρὸ
2683 2022 2882 2080 Ἀλεξάν-
2922 2021 2931 2087 ζ’

1581 2097 1680 2162 δρου
1701 2097 1908 2146 Διονύσου
1934 2096 2011 2160 μὲν
2034 2097 2134 2163 πέρι
2153 2096 2308 2151 πολλὸς
2331 2096 2454 2161 λόγος
2485 2095 2694 2162 κατέχει,
2727 2100 2784 2152 ὣς
2805 2097 2881 2146 καὶ
2922 2139 2923 2142 ,

1579 2169 1729 2216 τούτου
1747 2167 2085 2234 στρατεύσαντος
2101 2171 2141 2223 ἐς
2156 2167 2318 2223 Ἰνδοὺς
2333 2206 2348 2232 ,
2366 2169 2441 2219 καὶ
2465 2167 2879 2238 καταστρεψαμένου

1580 2242 1757 2297 Ἰνδούς·
1800 2240 2038 2308 Ἡρακλέος
2062 2240 2106 2288 δὲ
2130 2240 2229 2307 πέρι
2262 2244 2309 2290 οὐ
2341 2242 2516 2298 πολλός.
2593 2241 2645 2308 (9)
2671 2241 2879 2292 Διονύσου

1579 2314 1658 2378 μέν
1678 2335 1727 2379 γε
1749 2315 1826 2363 καὶ
1845 2314 2003 2364 Νύσσα
2025 2313 2148 2369 πόλις
2168 2316 2384 2378 μνῆμαού
2403 2316 2565 2382 φαῦλον
2588 2319 2665 2374 τῆς
2688 2320 2880 2382 στρατηὲ-
2900 2331 2942 2378 f}

1577 2388 1732 2447 λασίης
1764 2388 1838 2436 καὶ
1869 2391 1891 2435 ὁ
1917 2386 2068 2451 Μηρὸς
2097 2386 2146 2435 τὸ
2172 2386 2289 2453 ὅρος,
2315 2387 2390 2435 καὶ
2423 2390 2446 2435 ὁ
2471 2387 2617 2442 κισσὸς
2645 2386 2710 2435 ὅτι
2739 2389 2783 2435 ἐν
2815 2388 2879 2455 τῷ
2913 2381 2939 2454 ΤΞ

1576 2461 1666 2527 ὄρεϊ
1691 2460 1831 2528 τούτῳ
1854 2460 2030 2527 φύεται·
2052 2459 2126 2508 καὶ
2158 2460 2276 2509 αὐτοὶ
2299 2464 2338 2509 οἱ
2362 2460 2491 2509 Ἰνδοὶ
2525 2460 2609 2509 ὑπὸ
2641 2459 2877 2525 τυμπάνων

1576 2555 1621 2582 τε
1639 2535 1714 2583 καὶ
1743 2533 1979 2598 κυμὸάλων
2001 2533 2276 2597 στελλόμενοι
2299 2535 2340 2588 ἐς
2371 2533 2447 2588 τὰς
2465 2533 2610 2600 μάχας
2625 2553 2636 2564 ·
2656 2532 2731 2582 καὶ
2753 2531 2879 2595 ἐσθὴς
2907 2523 2922 2540 ’
2945 2534 2950 2586 ξ

1577 2610 1743 2656 αὐτοῖσι
1763 2606 2048 2661 κατάστικτος
2063 2608 2212 2670 ἐοῦσα,
2232 2607 2428 2672 καθάπερ
2442 2611 2515 2654 τοῦ
2536 2604 2745 2655 Διονύσου
2765 2611 2877 2655 τοῖσι
2919 2610 2947 2667 ,ἕ

1578 2682 1831 2747 βάκχοισιν·
1875 2680 1949 2743 (ιο)
1977 2678 2215 2745 Ἡρακλέος
2239 2678 2284 2726 δὲ
2309 2681 2357 2728 οὗ
2381 2678 2524 2728 πολλὰ
2559 2678 2872 2744 ὑπομνήματα.
2915 2675 2918 2677 ’

1575 2754 1705 2802 Ἀλλὰ
1725 2747 1802 2810 τὴν
1823 2751 1998 2817 Ἄορνον
2025 2751 2110 2818 γὰρ
2130 2752 2311 2818 πέτρην,
2334 2752 2485 2811 ἥντινα
2505 2753 2776 2818 Ἀλέξανδρος
2792 2750 2864 2818 βίῃ
2924 2766 2932 2780 “

1571 2964 1775 3016 Hydracas
1793 2962 1969 3003 exindia
1992 2961 2174 3002 mercede
2196 2962 2345 3002 accitos
2365 2962 2508 3008 fuisse:
2533 2961 2622 3002 iilos
2646 2963 2780 3003 autem
2799 2971 2871 3001 co·

1569 3029 1655 3080 pias
1670 3038 1762 3068 suas
1781 3027 1824 3066 in
1850 3025 2004 3065 ludia-m
2024 3025 2183 3065 duxisse
2201 3036 2407 3076 nunquam
2419 3056 2430 3076 ,
2451 3037 2574 3077 prope
2584 3027 2720 3066 tamen
2738 3035 2870 3067 acca·

1569 3094 1686 3143 sisse,
1705 3102 1833 3143 quum
1853 3091 1980 3141 Cyrus
1995 3090 2159 3130 duceret
2178 3090 2221 3129 in
2237 3092 2489 3140 Massagetas.

1621 3155 1803 3198 Herculis
1827 3157 1964 3194 autem
1989 3156 2029 3194 et
2048 3154 2192 3194 Bacchi
2229 3165 2294 3193 res
2327 3156 2457 3204 gestas
2474 3154 2747 3205 Megasthenes
2773 3164 2870 3195 cun

1572 3222 1709 3274 paucis
1719 3219 1960 3273 quibusdam
1987 3219 2140 3268 credit;
2162 3219 2406 3269 reliquorum
2423 3219 2539 3270 longe
2558 3219 2719 3270 plurimi
2732 3249 2745 3270 ,
2766 3219 2870 3267 intel

1572 3297 1718 3337 eosque
1739 3284 1860 3326 etiam
1889 3284 2169 3324 Eratosthenes
2197 3282 2378 3323 sabulosa
2410 3284 2450 3323 et
2475 3293 2557 3322 non
2581 3282 2776 3324 credenda
2791 3291 2869 3335 pud

1571 3351 1686 3399 tant,
1703 3347 1820 3389 sicuti
1839 3346 1960 3387 etiam
1975 3356 2022 3386 ea
2035 3375 2048 3395 ,
2069 3356 2162 3396 quae
2180 3345 2286 3396 apud
2305 3348 2468 3386 Graecos
2486 3345 2835 3386 circumferuntur.

2188 3422 2262 3463 21.

1634 3497 1780 3539 Scribit
1804 3495 2097 3547 Megasthenes,
2128 3505 2258 3546 neque
2280 3494 2399 3535 lndos
2413 3505 2507 3534 cum
2522 3494 2615 3536 ullis
2639 3494 2879 3544 bominibuss

1569 3564 1720 3604 bellum
1757 3551 1937 3611 unquam
1973 3559 2156 3610 gessisse,
2204 3570 2336 3609 neque
2381 3558 2486 3599 ullos
2523 3560 2710 3600 externos
2757 3557 2875 3601 mdis·

1568 3629 1718 3669 bellum
1738 3626 1930 3667 intulisse.
1984 3625 2040 3676 (5)
2061 3624 2272 3666 sesostrim
2293 3624 2399 3664 enim
2435 3625 2687 3675 AEgyptium‚
2722 3623 2875 3676 magne

1566 3693 1668 3734 Asiae
1694 3693 1807 3743 parte
1837 3691 2022 3740 subacta,
2057 3692 2270 3741 postquam
2308 3690 2350 3729 in
2384 3692 2586 3740 Europam
2615 3700 2743 3741 usquc
2770 3698 2881 3730 cum*

1565 3756 1741 3797 exercitu
1774 3756 2041 3806 processerat,
2059 3753 2347 3801 retrocessisse;
2373 3754 2428 3804 (6)
2444 3753 2710 3804 indathyrsim
2725 3754 2878 3805 auten>

1566 3821 1754 3871 scytham
1772 3829 1795 3859 e
1818 3819 1982 3870 Scythia
2013 3818 2236 3869 profectum
2255 3817 2404 3857 multas
2436 3817 2538 3858 Asiae
2564 3818 2699 3868 gentes
2725 3814 2864 3858 debet}-

1565 3888 1665 3927 lasse
1683 3901 1692 3925 ε
1715 3885 1930 3934 AEgyptum
1943 3883 2063 3924 etiam
2083 3883 2275 3924 victorem
2294 3882 2458 3932 adiisse;
2489 3883 2546 3934 (7)
2565 3893 2612 3922 ac
2638 3881 2860 3924 Semirami-

1563 3952 1654 3991 dem
1670 3949 1830 4001 quidem
1852 3949 2048 3999 Assyriam
2065 3950 2235 3989 tentasse
2258 3949 2478 3988 exercitum
2499 3948 2541 3987 in
2564 3947 2684 3988 indos
2697 3947 2858 3996 duem,

1562 4014 1632 4054 sed
1651 4014 1821 4054 mortem
1841 4012 1928 4062 eJus
1943 4012 2107 4052 consilia
2132 4013 2378 4062 conatusque
2396 4011 2579 4061 fregisse;
2599 4011 2729 4051 solum
2754 4019 2857 4051 vero

1563 4075 1832 4116 Alexandrum
1849 4076 1889 4115 iu
1905 4074 2022 4114 indos
2043 4071 2334 4126 expeditionem
2351 4075 2499 4115 fecisse.
2556 4074 2612 4124 (8)
2633 4073 2753 4124 Atqui
2767 4083 2819 4113 an
2851 4112 2866 4127 ³,

1563 4140 1832 4180 Alexandrum
1854 4139 1958 4182 fama
1976 4138 2085 4179 tenet
2112 4138 2298 4178 Liberum
2321 4141 2461 4178 contra
2494 4137 2612 4177 ludos
2638 4136 2836 4187 expeditio
2848 4145 2858 4180 .’

1563 4213 1654 4243 nem
1685 4203 1921 4254 suscepisse,
1946 4211 2092 4250 eosque
2129 4201 2327 4252 subegisse
2361 4218 2371 4241 ε
2403 4201 2454 4241 de
2476 4201 2645 4242 Hercule
2665 4199 2841 4246 iniit-mio¹
2866 4233 2867 4239 ,
