3016 4628
75 1255 79 1257 -
119 1254 147 1263 κ

103 1287 106 1294 =
136 1261 288 1327 ..γίστῳ
309 1257 552 1324 περιστύλι)
572 1261 647 1314 τῆς
671 1258 804 1314 αὐλῆς
827 1255 1186 1317 οἰκοδομήσαντες
1206 1257 1326 1318 βῆμα
1349 1272 1452 1300 συν-

564 1048 670 1111 [EK
716 1014 876 1094 inssA.
916 1043 1032 1107 1132]

219 1190 244 1214 '⁴‘
264 1189 286 1214 ’⁸‘
310 1188 333 1212 ²*
360 1185 480 1236 Μετὰ
505 1184 547 1232 δε
571 1185 683 1250 τρεῖς
708 1182 735 1241 ἢ
759 1183 966 1248 τέτταρας
991 1182 1242 1246 [ἡμέρας]’
1224 1201 1266 1227 εν
1291 1200 1350 1245 τῳ
1373 1199 1448 1242 με·

90 1327 97 1366 s
155 1333 362 1383 εκάλεσαν
389 1351 482 1386 τους
507 1328 781 1382 υπασπιστὰς
820 1327 894 1376 καὶ
924 1327 1002 1385 τὴν
1025 1325 1272 1391 θεραπείαν,
1296 1323 1389 1386 ἅμα
1408 1325 1452 1371 δὲ

155 1407 316 1459 τούτοις
339 1424 433 1458 τους
457 1406 595 1459 πεζῶν
619 1401 694 1450 καὶ
718 1421 814 1454 τους
833 1401 999 1448 ἱππέων
1023 1398 1255 1462 ἡγεμόνας.
1295 1397 1452 1461 Ἀθροι-

159 1479 340 1527 σθέντων
369 1476 414 1524 δὲ
439 1475 618 1534 τούτων,
647 1473 812 1528 ἀναὸὰς
837 1474 1095 1535 Ἀγαθοκλης
1130 1491 1204 1518 και
1239 1470 1454 1525 Σωσίὸιος

47 1545 90 1582 ⁵¹¹
157 1551 228 1600 ἐπι
248 1551 295 1597 τὸ
323 1554 444 1615 βῆμα
469 1551 637 1613 πρῶτον
664 1544 741 1609 μὲν
762 1546 834 1593 τὸν
857 1551 930 1592 τοῦ
953 1542 1163 1609 βασιλεως
1185 1542 1258 1590 καὶ
1280 1541 1350 1590 τὸν
1375 1563 1452 1598 της

42 1614 92 1660 g.
159 1621 412 1688 βασιλίσσης
442 1620 622 1668 θάνατον
661 1616 1098 1680 ἀνθωμολογήσαντο,
1124 1615 1199 1662 καὶ
1231 1614 1280 1663 τὸ
1305 1614 1454 1668 πένθος

33 1687 97 1756 μ”ἶσζ
157 1694 369 1762 ἀνέφηναν
398 1699 485 1746 τοῖς
508 1693 681 1744 πολλοῖς
705 1690 818 1738 κατὰ
841 1691 890 1736 τὸ
909 1691 1013 1754 παρ’
1036 1707 1176 1736 αυτων
1211 1687 1320 1742 ἔθος·
1345 1708 1396 1750 μΞ
1401 1688 1455 1735 τὰ

85 2523 104 2544 n
163 2492 388 2539 ἐπετέλουν
414 2490 490 2547 τὴν
513 2489 713 2555 ἐκφοράν.

158 1767 204 1815 δὲ
227 1771 365 1815 ταῦτα
390 1765 582 1826 διάδημα
607 1767 668 1810 τῶ
691 1763 814 1810 παιδὶ
836 1762 1074 1827 περιθέντες
1095 1760 1310 1816 ἀνέδειξαν
1337 1764 1458 1824 βασι-

156 1838 258 1896 λέα,
292 1858 365 1886 και
402 1837 608 1894 διαθήκην
645 1835 742 1882 τινὰ
763 1855 929 1900 παρανε
919 1833 1104 1900 ’γνωσαν
1129 1833 1455 1896 πεπλασμένην,

157 1913 201 1959 ἐν
223 1917 250 1976 ᾐ
271 1907 567 1975 γεγραμμένον
594 1913 663 1966 ἠν,
695 1906 760 1955 ὅτι
791 1907 1045 1955 καταλείπει
1068 1913 1142 1954 τοῦ
1173 1907 1325 1961 παιδὸς
1360 1908 1456 1953 ἐπι-

157 1985 336 2049 τρόπους
357 1987 378 2031 ὁ
402 1981 600 2047 βασιλευς
624 1979 899 2071 Ἀγαθοκλέα
904 1999 977 2027 και
1005 1979 1234 2028 Σωσίὸιον·
1261 1978 1335 2026 καὶ
1371 1998 1456 2025 πα-

47 2055 49 2057 ¹
83 2075 87 2079 '
123 2089 126 2091 ·
161 2057 362 2122 ρξκάλῦυν
386 2075 482 2108 τους
512 2052 727 2118 ἦγΕμΟνας
763 2055 919 2100 ΕυνΟΕῒν
955 2073 1030 2100 καὶ
1055 2042 1359 2118 Οῑαφύλάῒτεῑν
1399 2072 1458 2099 τω

159 2127 281 2176 παιδι
301 2127 378 2186 τὴν
409 2125 566 2191 ἀρχήν.
640 2125 746 2174 Ἐπὶ
771 2124 815 2172 δὲ
840 2125 1005 2179 τούτοις
1030 2126 1116 2172 δύω
1140 2124 1354 2178 κάλπιδας
1382 2125 1459 2187 ἀρ-

168 2208 299 2266 γυρᾶς
317 2199 584 2264 εἰσήνεγκαν,
609 2201 666 2252 ὡς
686 2201 763 2255 τῆς
789 2195 865 2259 μὲν
889 2205 988 2259 μιᾶς
1013 2197 1192 2261 ἐχούσης
1212 2195 1265 2243 τὰ
1279 2216 1351 2243 του
1380 2200 1456 2260 βα·

158 2275 351 2328 ·σιλέως’
331 2280 460 2331 οστᾶ,
481 2272 609 2329 ‘ta-,58⁹
632 2270 778 2336 ἑτέρας
799 2269 853 2317 τὰ
876 2291 952 2328 της
972 2270 1207 2335 Αρσινόης.
1281 2261 1436 2332 Εἶχε
1415 2268 1458 2315 οὲ

161 2351 188 2404 ἡ
219 2347 296 2408 μὲν
333 2346 411 2408 μία
431 2346 527 2392 κατ’
553 2344 756 2402 ἀλήθειαν
782 2343 836 2391 τὰ
864 2348 939 2390 τοῦ
968 2343 1245 2406 βασιλέως,“
1224 2363 1251 2400 η
1278 2344 1312 2389 δ’
1337 2341 1460 2408 ἑτέρα

161 2419 330 2484 πλήρης
363 2411 415 2476 ἧν
449 2416 711 2483 ἀρωμάτων.
781 2419 822 2464 Τ
826 2421 936 2490 αῧτυα
964 2415 1006 2462 δὲ
1034 2415 1289 2472 ποιήσαντες
1311 2414 1461 2468 εὐθέως

783 2489 862 2536 Ἔν
889 2491 923 2554 ᾧ
948 2492 1087 2555 καιρῷ
1112 2495 1221 2535 πᾶσι
1258 2487 1314 2534 τὰ
1346 2487 1459 2534 κατὰ

161 2563 240 2621 τὴν
266 2562 484 2628 Ἀρσινόην
505 2561 663 2620 συνέὸη
683 2561 880 2624 γενέσθαι
901 2563 1029 2619 δῆλα.
1065 2564 1156 2609 Τοῦ
1177 2560 1258 2624 γὰρ
1277 2559 1460 2607 θανάτου

141 2633 466 2701 4φωτισθέντος,
496 2637 518 2680 ὃ
552 2633 706 2698 τρόπος
732 2636 975 2692 ἐπεζητεῖτο
1009 2637 1086 2692 τῆς
1117 2633 1360 2691 ἀπωλείας’
1386 2634 1463 2679 οὐκ

162 2706 289 2764 οὔσης
334 2709 378 2754 δὲ
423 2706 676 2771 προφάσεως
714 2706 848 2764 ἄλλης
881 2708 1106 2768 οὐδεμιᾶς,
1148 2710 1224 2763 τῆς
1259 2707 1464 2763 ἀληθινῆς

105 2826 109 2833 ,
163 2779 310 2845 φήμης
333 2779 714 2844 προπεπτωκυίας,
739 2778 884 2841 ἀκμὴν
903 2781 939 2826 δ’
969 2778 1400 2844 ἀμφισὸητουμένης,
1417 2778 1464 2824 τὸ

165 2854 260 2902 κατ’
287 2854 489 2911 ἀλήθειαν
526 2852 697 2916 γεγονὸς
731 2854 773 2899 ἐν
813 2856 906 2905 ταῖς
935 2852 1127 2900 ἑκάστων
1152 2850 1342 2914 γνώμαις
1366 2853 1466 2897 ἐπε-

165 2926 420 2991 σφραγίσθη·
436 2924 589 2973 διὸκαὶ
611 2924 768 2984 συνέὸη
785 2925 977 2988 μεγάλην
993 2925 1187 2987 γενέσθαι
1204 2923 1281 2981 τὴν
1302 2922 1461 2987 σύγχυ·

167 3017 233 3044 σιν
253 3000 336 3044 τῶν
358 2998 515 3062 ὄχλων.
585 2999 676 3045 Τοῦ
703 2995 780 3058 μὲν
803 2995 885 3062 γὰρ
910 2997 1122 3060 βασιλέως
1153 2996 1288 3050 οὐδεὶς
1312 2996 1461 3042 οὐδένα

36 3053 108 3144 ι’
166 3068 291 3132 λόγον
329 3071 537 3130 ἐποιεῖτο,
576 3068 673 3133 περὶ
715 3070 758 3116 δὲ
793 3072 870 3125 τῆς
906 3068 1128 3133 Ἀρσινόης
1164 3067 1467 3129 ἀνανεούμενοί

165 3160 272 3196 τινες
297 3141 373 3205 μὲν
400 3142 478 3200 τὴν
503 3141 708 3208 ὀρφανίαν
723 3143 870 3200 ,αὐτῆς
885 3179 898 3204 ,
919 3140 1021 3188 ἔνιοι
1040 3140 1084 3188 δὲ
1104 3140 1181 3199 τὴν
1199 3141 1239 3196 ἐξ
1262 3143 1398 3205 ἀρχῆς
1423 3142 1465 3186 ἐν

1009 388 1148 462 ΕΚ
1210 385 1414 461 ΤΗΣ
1479 383 1948 459 ΙΣΤΟΡΙΑΣ

450 586 1162 694 ΠΟΑΥΒΙΟΥ
1232 582 2486 693 ΜΕΓΑΛΟΠΟΛΙΤΟΥ.

1929 1045 2002 1108 [Ε
2049 1045 2240 1094 Lmao
2288 1046 2433 1109 XV.]

1581 1197 1647 1217 ***
1666 1197 1812 1237 Tribus
1827 1198 1890 1239 vel
1907 1198 2097 1248 quattuor
2114 1198 2253 1239 diebus
2269 1200 2359 1250 post
2375 1201 2578 1239 exstructo
2593 1201 2631 1240 in
2653 1203 2830 1243 maximo

1528 1289 1631 1328 aulae
1647 1289 1850 1340 peristylio
1866 1293 2070 1341 suggestu,
2086 1292 2360 1330 convocarunt
2376 1293 2553 1332 scutatos
2569 1294 2609 1332 et
2623 1294 2831 1342 palatiieu-

1530 1381 1662 1421 stodes
1677 1393 1758 1421 una
1769 1361 1861 1421 cum
1875 1381 2043 1422 ducibus
2060 1382 2237 1432 peditum
2247 1383 2520 1434 equitumque.
2531 1377 2609 1430 Qui
2626 1387 2834 1436 postquam

1531 1479 1824 1527 convenerant,
1861 1478 2098 1528 Agathocles
2137 1480 2176 1518 et
2199 1480 2378 1520 Sosibius
2413 1491 2628 1520 conscenso
2651 1485 2835 1532 suggestu

1530 1568 1704 1618 primum
1723 1569 1878 1608 obitum
1889 1546 1989 1620 regis
2003 1571 2043 1610 et
2061 1571 2206 1620 reginae
2221 1573 2388 1612 confessi
2407 1573 2731 1623 publiceluetum
2752 1577 2835 1616 edi-

1533 1660 1703 1711 derunt,
1730 1661 1787 1700 uti
1812 1673 1898 1701 mos
1918 1663 1978 1701 est
2002 1662 2215 1713 AEgyptiis;
2241 1663 2383 1703 deinde
2404 1664 2588 1704 diadema
2613 1677 2736 1716 puero
2759 1668 2835 1705 im·

1535 1755 1726 1804 ponentes
1741 1765 1873 1804 regem
1886 1754 2160 1805 declararunt,
2182 1757 2222 1795 et
2238 1756 2378 1795 fictum
2399 1758 2616 1797 recitarunt
2629 1760 2837 1798 testamen·

1535 1848 1645 1896 tum,
1663 1847 1703 1885 in
1732 1858 1813 1897 quo
1830 1847 2022 1897 scriptum
2042 1850 2149 1896 erat,
2171 1858 2301 1898 regem
2313 1850 2467 1889 tutores
2484 1850 2594 1900 pueri
2616 1851 2839 1902 relinquere

1536 1941 1794 1990 Agathoclem
1825 1942 1867 1980 et
1899 1942 2121 1992 sosibium3
2153 1942 2325 1993 denique
2356 1944 2478 1984 duces
2513 1946 2711 1985 exhortati
2747 1952 2841 1988 sunt

1538 2037 1582 2074 ut
1598 2035 1781 2074 benevoli
1799 2045 1925 2085 puero
1949 2046 2114 2086 regnum
2131 2038 2374 2078 tutarentur.
2387 2040 2484 2078 Post.
2498 2039 2585 2078 haec
2605 2039 2702 2079 duas
2723 2051 2841 2080 urnas

1536 2106 1741 2179 argenteas
1759 2128 2004 2177 attulerunt,
2027 2140 2198 2179 quarum
2215 2130 2382 2169 alteram
2414 2131 2513 2181 regis
2541 2142 2627 2171 ossa
2640 2161 2651 2180 ,
2669 2133 2833 2172 alteram

1540 2225 1722 2264 Arsinoes
1735 2225 1939 2265 continere
1951 2225 2151 2265 dicebant.
2178 2228 2226 2266 Et
2237 2237 2332 2265 sane
2348 2227 2472 2267 altera
2490 2239 2627 2267 revera
2644 2229 2742 2278 regis
2755 2240 2841 2269 ossa

1538 2318 1789 2369 continebat,
1815 2320 1940 2359 altera
1958 2322 2092 2359 autem
2122 2320 2237 2369 plena
2261 2322 2345 2360 erat
2362 2323 2602 2360 aromatum.
2626 2326 2715 2370 Quo
2736 2324 2840 2363 farto

1538 2413 1672 2452 statim
1693 2413 1831 2452 l‘unera
1855 2412 2090 2452 celebranda
2118 2412 2388 2452 instituerunt.
2407 2415 2512 2453 Tum
2535 2426 2632 2454 vero
2655 2418 2843 2459 omnibus

1539 2520 1630 2559 quae
1663 2509 1840 2549 Arsinoae
1871 2508 2109 2556 acciderint,
2134 2508 2330 2558 patefacta
2349 2510 2454 2548 sunt.
2479 2512 2578 2549 Nam
2604 2513 2732 2551 morte
2758 2513 2844 2561 ejus

1539 2601 1579 2639 in
1596 2601 1725 2639 lucem
1746 2599 1923 2650 prolata,
1956 2598 2006 2638 de
2025 2599 2180 2647 ratione
2210 2610 2289 2648 qua
2309 2599 2469 2649 perierit
2488 2600 2687 2650 inquirere
2711 2612 2842 2653 cmpe-

1540 2697 1649 2736 runt.
1671 2697 1752 2734 Nec
1771 2694 1855 2733 ullo
1871 2695 2070 2744 praetextu
2087 2696 2333 2744 suppetente,
2349 2695 2534 2745 famaque
2546 2696 2628 2735 veri
2648 2698 2841 2747 prolapsa,
2879 2751 2881 2753 -

1541 2788 1613 2828 etsi
1633 2787 1888 2826 controversa
1904 2785 2051 2834 adhuc,
2071 2796 2165 2824 vera
2178 2785 2234 2824 rei
2250 2787 2371 2836 gestae
2384 2787 2485 2825 ratio
2506 2787 2545 2825 in
2561 2787 2741 2826 omnium
2758 2791 2842 2828 ani-

1541 2875 1617 2914 mis
1636 2875 1864 2925 consignata
1890 2876 1965 2914 est.
1989 2875 2091 2914 Hinc
2122 2887 2280 2915 summa
2297 2876 2403 2927 apud
2422 2878 2721 2918 multitudinem
2748 2891 2842 2918 con-

1540 2964 1728 3005 turbatio.
1765 2966 1865 3004 Nam
1900 2975 2033 3014 regem
2063 2964 2225 3014 quidem
2257 2975 2375 3004 nemo
2396 2965 2617 3015 quidquam
2653 2966 2840 3015 curabat,

1543 3063 1726 3102 Arsinoes
1742 3073 1839 3101 vero
1871 3061 2124 3101 recordantes
2145 3061 2211 3100 alii
2228 3062 2463 3111 orbitatem,
2483 3063 2546 3101 alii
2575 3075 2674 3113 quas
2701 3075 2770 3113 per
2792 3064 2845 3102 ri-

1543 3154 1626 3193 tam
1645 3163 1759 3204 passa
1790 3152 1840 3191 sit
1867 3152 2033 3201 injurias
2052 3154 2092 3191 et
2120 3153 2403 3202 contumelias,
2425 3154 2464 3192 et
2483 3156 2627 3203 praeter
2649 3154 2731 3193 haec
2752 3156 2844 3192 vita:

222 3293 384 3334 Codicis
395 3293 479 3344 sol.
509 3297 603 3343 188,
624 3298 669 3333 15
694 3303 733 3332 v.
759 3318 809 3327 --
829 3297 901 3332 190
916 3322 927 3342 ‚
942 3297 962 3333 7
981 3303 1017 3331 v.
1040 3294 1320 3342 Fragmentum
1342 3292 1433 3340 hoc,
1447 3291 1556 3340 J'usto
1575 3290 1688 3329 initio
1714 3301 1760 3329 ac
1779 3290 1856 3329 fine
1884 3294 2045 3338 carens,
2077 3290 2266 3328 insertum
2293 3291 2436 3340 legitur
2461 3291 2591 3340 primo
2626 3294 2842 3339 traginenlo

0 3331 127 3393 17'7‘.
145 3359 148 3362 ’
169 3349 343 3400 Dionysii
365 3350 738 3399 Halicarnassensis,
754 3350 794 3389 in
817 3361 898 3399 quo
921 3350 971 3389 de
989 3351 1132 3400 Spurio
1155 3351 1284 3389 Maelio
1301 3361 1430 3390 sermo
1446 3350 1517 3389 est.
1538 3349 1702 3399 Polybio
1718 3347 2002 3387 vindicandum
2022 3359 2105 3387 esse
2122 3348 2295 3387 dubitari
2314 3349 2464 3398 nequit.
2486 3352 2584 3388 Nam
2608 3350 2840 3398 particulam

169 3406 254 3456 ejus
269 3408 308 3447 in
324 3409 437 3448 editis
454 3409 608 3459 Polybii
625 3410 738 3458 (XV,
755 3414 817 3456 25,
839 3410 888 3458 3)
905 3408 1032 3458 legere
1045 3410 1117 3448 est.
1134 3412 1179 3448 ln
1199 3409 1370 3458 Dionysii
1388 3411 1523 3448 autem
1543 3407 1739 3456 Excerpta
1755 3405 1957 3455 irrepsisse
1976 3406 2149 3451 videtur,
2172 3405 2281 3458 quod
2298 3405 2440 3453 codex,
2459 3418 2509 3444 ex
2525 3418 2605 3455 quo
2621 3409 2759 3444 moster
2773 3419 2842 3445 sua

0 3479 51 3492 *
169 3465 387 3517 descripsit,
404 3467 521 3507 etiam
543 3467 774 3517 Polybianas
792 3466 958 3515 Eclogas
971 3467 1221 3517 continebat,
1243 3478 1412 3517 quarum
1439 3478 1564 3506 unum
1587 3465 1723 3504 solium
1739 3464 1854 3513 culpa
1871 3464 1977 3512 eJus,
1995 3464 2062 3513 qui
2079 3464 2264 3502 volumen
2278 3464 2586 3513 conglutinavit,
2602 3459 2640 3502 iri
2664 3466 2839 3515 Dionysii

171 3522 386 3571 fragmenta
402 3527 462 3564 est
475 3525 770 3575 transpositum.
788 3524 914 3563 Simili
933 3525 1052 3563 modo
1073 3525 1112 3563 in
1129 3525 1264 3564 codice
1281 3527 1447 3564 Turensi
1461 3554 1471 3573 ,
1489 3523 1556 3574 qui
1580 3523 1746 3572 Eclogas
1763 3524 1821 3560 De
1842 3521 1945 3560 vitiis
1957 3523 1997 3560 et
2013 3521 2227 3560 virtutibus
2242 3522 2426 3567 exhibet,
2441 3522 2539 3560 ordo
2556 3523 2740 3561 loliorum
2758 3535 2840 3572 per·

171 3579 354 3620 turbatus
372 3582 432 3620 est
450 3582 463 3632 (
480 3583 530 3620 V.
553 3584 598 3620 E.
618 3583 732 3620 Gros.
756 3581 871 3620 Dion.
895 3583 1004 3620 Cass.
1023 3581 1248 3620 introduct.
1271 3583 1369 3620 tom.
1389 3584 1428 3628 l,
1443 3592 1480 3630 p.
1509 3584 1617 3620 LVll
1652 3591 1737 3630 sqq.
1753 3580 1781 3628 ).
1799 3601 1853 3609 --
1873 3582 2064 3618 Versatur
2080 3580 2254 3618 narratio
2271 3580 2311 3618 in
2328 3581 2571 3630 exponendis
2590 3581 2729 3628 turbis,
2747 3592 2839 3630 qua}

172 3647 306 3676 necem
328 3638 508 3678 Arsinoes
524 3641 564 3678 et
582 3639 785 3678 Ptolemaei
807 3639 1068 3690 Philopatoris
1086 3641 1161 3680 sub
1181 3640 1292 3680 initio
1312 3640 1420 3690 regni
1438 3640 1642 3679 Ptolemaei
1661 3639 1875 3688 Epiphanis
1894 3638 2115 3677 subsecutae
2132 3639 2237 3676 sunt.
2260 3641 2316 3678 De
2343 3639 2606 3688 Philopatoris
2633 3639 2744 3677 annis
2764 3650 2834 3688 po-

173 3695 326 3735 stremis
343 3696 526 3746 Polybius
541 3696 695 3736 dixerat
711 3697 812 3736 libro
827 3700 935 3745 XlV,
950 3699 1064 3748 cujus
1079 3702 1230 3749 partem
1243 3699 1326 3748 jam
1337 3699 1652 3739 Constantiniani
1670 3701 1922 3747 excerptores
1936 3697 2175 3736 desiderasse
2188 3697 2389 3736 videntur.
2407 3699 2506 3736 Nam
2521 3697 2559 3735 in
2573 3696 2659 3735 cod.
2677 3697 2838 3735 Turensi

174 3751 224 3790 ad
245 3753 381 3804 Polyb.
401 3756 509 3803 XIV,
531 3760 576 3794 12
597 3754 659 3794 ed.
681 3754 813 3795 Didot.
835 3757 1025 3795 notantur
1042 3757 1128 3795 haee
1147 3772 1157 3796 ι
1180 3758 1292 3803 Ζήτει
1306 3767 1314 3776 ·
1336 3757 1502 3796 ἐνέλειπε
1517 3757 1589 3808 γὰρ
1609 3757 1729 3806 φύλλα
1743 3754 1819 3806 μη’,
1839 3756 1876 3794 ἐν
1893 3755 1948 3799 οἷς
1961 3757 2046 3806 περὶ
2059 3759 2128 3794 τοῦ
2146 3756 2389 3806 Πτολεμαίου
2403 3756 2467 3793 καὶ
2485 3754 2686 3805 Ἀρσινόης.
2700 3757 2839 3792 Nostra

175 3818 198 3847 e
214 3808 314 3849 libro
328 3813 400 3850 XV
417 3812 539 3861 petita
558 3814 652 3855 sunt
670 3813 972 3863 jungendaque
963 3814 1010 3852 iis
1022 3825 1140 3864 ,quae
1165 3825 1216 3853 ex
1233 3818 1329 3854 Exc.
1348 3817 1435 3854 Ant.
1453 3816 1639 3865 leguntur
1655 3819 1742 3864 XV,
1759 3826 1794 3854 c.
1822 3820 1923 3854 26-
1929 3819 1992 3854 36.

228 3868 476 3918 1.Supplevi
494 3870 650 3920 ἡμέρας.
673 3870 919 3920 intelligendi
935 3870 1121 3910 videntur
1135 3874 1216 3911 tres
1236 3872 1299 3911 vel
1318 3875 1508 3922 quattuor
1523 3874 1606 3914 dies
1626 3876 1712 3924 post
1732 3874 1903 3913 mortem
1922 3872 2197 3922 Philopatoris.
2217 3873 2398 3913 ,Iustinus
2421 3873 2554 3918 XXX,
2578 3876 2630 3909 2:
2653 3870 2840 3919 Aqatlzo-

177 3923 258 3964 cles
277 3929 383 3974 reqis
402 3926 723 3978 laterijunctus
739 3930 961 3968 civzeatem
981 3929 1182 3978 regnabam
1205 3930 1480 3976 tribunatus,
1503 3930 1739 3982 proefeclur
1742 3943 1789 3972 as
1808 3935 1850 3971 et
1871 3932 2053 3972 ducatus
2077 3930 2279 3970 nzzcle'eres
2296 3930 2591 3970 ordinabant·
2575 3955 2587 3972 ,
2617 3939 2689 3967 nec
2715 3931 2845 3979 quis-z

177 3991 305 4032 quam
321 3983 370 4022 in
386 3993 513 4033 reqno
529 3995 604 4024 suo
624 3987 764 4024 minus
782 3997 912 4036 quam
931 3988 1020 4036 ipse
1032 3989 1233 4037 poteram
1251 3998 1382 4038 quum
1401 3990 1578 4028 interim
1598 3990 1747 4029 relicto
1764 3991 2030 4040 quinquenni
2059 3999 2113 4028 ex
2143 3989 2359 4039 Eurydice
2381 3988 2515 4038 (deb.·
2534 3990 2590 4026 tr
2592 3987 2728 4034 sinoe)
2740 3986 2848 4035 silio

177 4041 375 4079 moritur.
393 4041 473 4081 Sed
491 4053 605 4082 mors
628 4043 742 4092 ejus,
774 4043 877 4083 dum
891 4047 1122 4094 pecuniam
1141 4047 1308 4094 reqz'am
1324 4046 1527 4086 mulieres
1546 4050 1756 4098 rapiunt,
1776 4050 1817 4086 et
1837 4049 2092 4096 imperium,
2119 4049 2235 4086 inita
2263 4057 2359 4085 cum
2378 4045 2685 4095 perditissimis
2707 4046 2850 4082 soc-u·-

181 4100 292 4145 ἰαίε,
310 4107 514 4148 occupare
535 4103 764 4144 conantur,
788 4100 864 4140 diu
889 4102 1101 4142 occultata
1112 4102 1224 4152 fuit.
1247 4104 1484 4144 Ptolemaens
1500 4106 1720 4155 Epiphanes
1740 4106 1951 4155 παρέλαὸεν
1970 4107 2038 4151 τήν
2056 4105 2252 4154 βασιλείαν
2271 4105 2375 4154 παρὰ
2398 4107 2465 4141 τοῦ
2485 4103 2624 4152 πατρὸς
2647 4101 2710 4140 die
2733 4103 2843 4140 XVll

172 4155 322 4212 mensis
339 4157 567 4216 Mechirffl.
589 4161 699 4198 XVll
719 4159 864 4209 Mart.)
892 4171 958 4199 an.
976 4163 1102 4200 204a.
1125 4163 1170 4200 C.
1195 4156 1342 4200 Eodem
1373 4162 1491 4212 igitur
1518 4162 1581 4201 die
1604 4166 1713 4212 pater
1728 4163 1881 4201 obierat
1898 4163 1959 4200 vel
1976 4162 2117 4201 obiisse
2129 4161 2349 4199 dicebatur
2365 4163 2412 4198 V.
2430 4162 2612 4198 {rtronn
2640 4162 2843 4208 Inscripc.

179 4222 244 4261 or.
250 4202 314 4252 de
333 4211 359 4252 l'
366 4217 440 4263 Eq.
464 4219 561 4254 tom.
576 4218 612 4263 Ι,
630 4227 671 4266 p
689 4223 762 4256 262
777 4229 837 4267 sq.
851 4219 974 4266 ;tom
993 4221 1053 4267 ll,
1073 4230 1109 4268 p.
1135 4223 1205 4259 537
1229 4230 1315 4269 sqq.
1339 4223 1396 4259 De
1413 4221 1648 4271 Agathocle,
1672 4220 1959 4265 OEnanthess„
1977 4220 2096 4258 tratre
2113 4219 2375 4266 Agathocleae,
2401 4216 2658 4266 Philopatoris
2675 4217 2836 4265 amicoe,

181 4278 222 4308 v.
243 4271 376 4322 Polyb.
399 4274 511 4320 xlv,
538 4278 602 4312 11·
593 4275 763 4323 ,Justin
785 4275 810 4313 l.
829 4276 853 4314 l
880 4278 934 4315 De
955 4277 1125 4324 Sosibio,
1146 4279 1228 4316 viro
1252 4279 1358 4317 vatro
1375 4279 1413 4317 et
1431 4279 1683 4330 nequissimo,
1705 4278 1852 4316 multus
1867 4278 1921 4316 est
1942 4277 2127 4326 Polybius
2143 4277 2242 4314 libro
2264 4276 2402 4326 quinto
2421 4277 2579 4324 passim.
2601 4275 2834 4315 interfectus
