3016 4628
1291 242 1699 294 FRAGMENTA.

13 362 15 366 ⁴
55 350 83 399 ’,
118 347 281 398 ἵππων·
325 346 565 411 πέμπτοι
599 349 637 395 δ’
678 347 898 412 ἁρμάτων·
943 347 1094 395 ἕκτοι
1141 347 1185 395 δὲ
1231 349 1412 414 ἐλεφάν-

74 436 89 462 ²:
124 439 224 471 «ων.
249 420 475 470 Βασιλικοί
497 439 542 467 τε
568 419 750 482 σταθμοὶ
772 420 846 467 καὶ
868 417 1014 472 ἵπποις
1033 419 1107 466 καὶ
1126 419 1305 484 θηρίοις·
1334 425 1412 484 βα-

47 472 50 474 -
120 491 287 541 σιλικὸν
308 490 352 539 δὲ
371 490 446 539 καὶ
469 490 796 557 ὁπλοφυλάκων·
816 490 1084 557 παραδίδωσι
1103 491 1187 556 γὰρ
1223 494 1246 538 ὁ
1280 510 1415 557 στρα-

57 579 63 628 J
107 563 280 624 ’τιώτης
305 562 383 620 τήν
416 581 465 610 τε
493 562 653 621 ’σκευὴν
696 565 754 617 εἰς
794 562 844 610 τὸ
882 562 1195 626 ὁπλοφυλάκιον
1235 562 1308 609 καὶ
1341 562 1413 609 τὸν

0 656 1 667 ¹
67 667 80 682 -,
122 634 255 684 ἵππον
278 636 335 688 εἷς
357 633 428 681 τὸν
448 635 625 681 ἱππῶνά
650 633 724 682 καὶ
753 633 802 680 τὸ
825 633 968 699 θηρίον
1002 633 1172 695 ὁμοίως.
1214 635 1416 699 Χρῶνται

0 719 25 749 ιἸ
116 708 163 755 δ’
177 706 483 789 ἀχαλινώτοις·
470 704 548 752 ’τὰ
565 707 601 752 δ’
616 704 824 787 ὅίρματα’
806 725 848 752 εν
865 709 958 760 ταῖς
973 707 1080 759 ὁδοῖς
1103 705 1195 770 βόες
1207 704 1414 754 ἕλκουσιν·

42 804 45 808 »
125 773 166 820 οἱ
190 771 234 819 δὲ
255 768 430 818 ἵπποι’
407 770 492 817 απὸ
517 770 743 836 vepera&
717 789 892 832 αγονται
920 775 992 818 τοῦ
1019 769 1080 832 μὴ
1105 772 1414 861 παρεμπίπρα-

123 845 224 891 σθαι
258 841 312 890 τὰ
342 842 474 900 σκέλη
500 840 610 903 μηδὲ
633 841 682 888 τὸ
704 841 920 931 πρόθυμον
943 843 1082 889 αὐτῶν
1115 842 1197 890 ὑπὸ
1226 850 1311 896 τοῖς
1335 841 1417 907 ἅρ-

47 906 98 982 ,ψεί
124 932 259 979 μασιν
279 912 591 975 ἀμὸλύνεσθαι
618 911 706 962 Δύο
727 913 763 960 δ’
787 914 892 960 εἰσιν
913 914 982 960 ἐπὶ
1001 916 1062 960 τῶ
1095 914 1256 980 ἅρματι
1277 934 1417 980 παρα·

24 991 29 1058 Ι’
63 1022 66 1023 ⁷
127 985 258 1035 ὅάται
273 984 378 1050 πρὸς
390 985 574 1050 ἡνιόχῳ·
590 988 612 1032 ὁ
629 984 674 1032 δὲ
690 990 766 1032 τοῦ
788 985 1012 1051 ἐλέφαντος
1027 985 1190 1050 ἡνίοχος
1204 986 1416 1050 τέταρτος,

65 1072 95 1079 ”
124 1059 235 1122 τρεῖς
254 1056 289 1103 δ’
311 1059 349 1104 οἱ
373 1055 446 1102 ἀπ’
473 1058 603 1104 αὐτοῦ
624 1055 873 1112 τοξεύοντες.
898 1058 1121 1119 Sequitur
1140 1066 1302 1121 fragm.
1336 1076 1414 1107 22.

30 1147 73 1198 ’,ιζ
123 1133 195 1180 De
229 1132 410 1176 ratione
435 1147 527 1190 qua
562 1147 707 1191 equos
730 1142 776 1176 et
805 1133 1075 1214 elephantos
1098 1134 1204 1178 Indi
1230 1142 1417 1193 legant,

47 1203 337 1284 4J³¹¹¹¹¹5b¹²⁵
361 1204 456 1263 agit
475 1204 684 1247 AElianus
705 1204 826 1248 XIII
842 1238 855 1260 ‚
882 1220 938 1264 9,
963 1206 1058 1270 qui
1078 1205 1418 1265 Megasthenem

62 1268 292 1336 Ρτοοιιὶ
335 1274 482 1319 dubio
530 1277 771 1335 exscripsit
817 1291 828 1320 ε
869 1274 1028 1323 Ἵππον
1071 1273 1115 1322 δὲ
1157 1274 1242 1338 ἄρα
1283 1274 1420 1323 Ἰνδὸν

9 1275 82 1414 ἐγ.
124 1351 359 1410 κατασχεῖν
399 1364 472 1392 και
502 1346 765 1410 ἀνακρουσαι
791 1348 1082 1410 προπηδῶντα
1117 1347 1191 1394 καὶ
1220 1346 1418 1393 ἐκθέοντα

10 1443 11 1446 “
120 1418 174 1464 οὗ
195 1417 352 1471 παντὸς
376 1410 443 1476 ἦν,
480 1417 592 1466 ἀλλὰ
614 1420 698 1465 τῶν
725 1420 774 1465 ἐκ
797 1418 950 1472 παιδὸς
981 1417 1158 1473 ἱππείαν
1185 1419 1421 1465 πεπαιδευ-

10 1488 11 1495 ’
127 1487 282 1550 μένων.
307 1491 451 1537 Τοῦτο
470 1487 554 1553 γὰρ
579 1491 722 1542 αὐτοῖς
747 1488 861 1537 ἔστιν
884 1492 926 1536 ἐν
951 1489 1059 1548 ἔθει,
1085 1491 1252 1553 χαλινῷ
1273 1488 1420 1552 ἄρχειν

125 1565 269 1611 αὐτῶν
294 1563 368 1610 καὶ
389 1563 603 1628 ῥυθμίζειν
629 1565 780 1618 αὐτοὺς
803 1564 874 1612 καὶ
897 1565 1064 1612 ἰθύνειν·
1093 1553 1244 1627 κημοῖς
1269 1563 1314 1611 δὲ
1339 1563 1423 1628 ἄρα

76 1630 78 1634 ’
128 1642 378 1700 κεντρωτοῑς
407 1635 646 1684 ἀκόλαστόν
668 1656 715 1683 τε
739 1636 884 1701 ἔχουσι
909 1636 988 1695 τὴν
1011 1639 1223 1701 γλῶτταν,
1248 1656 1321 1684 και
1343 1635 1423 1694 τὴν

28 1723 85 1779 -ssss
124 1706 328 1771 ὑπερῴαν
367 1706 671 1756 οἰὸασάνιστον
718 1708 1007 1771 ἀναγκάζουσι
1046 1709 1091 1757 δὲ
1125 1709 1276 1798 αὖτρυς
1310 1708 1425 1771 ὅμως

123 1778 218 1827 οἵδε
252 1781 290 1826 οἱ
315 1779 392 1836 τὴν
416 1781 594 1827 ἱππείαν
621 1781 820 1845 σοφισταὶ
855 1784 1125 1856 περικυκλεῒν
1149 1801 1223 1829 και
1263 1782 1424 1846 περιδι-

39 1848 78 1893 ῑῘῖ
128 1854 293 1899 νεῖσθαι
326 1852 368 1905 ἐς
390 1851 546 1898 ταύτὸν
575 1851 904 1917 στρεφομένους,
924 1853 998 1900 καὶ
1031 1858 1142 1918 ᾑπερ
1163 1846 1271 1901 εἰδον
1297 1852 1423 1900 ἀστό·

35 1911 45 1939 ί
66 1957 90 1977 ·‚
131 1941 253 1986 μους.
280 1925 358 1972 Δεῖ
377 1921 422 1970 δὲ
439 1922 522 1987 ἄρα
547 1926 608 1988 τῶ
627 1929 752 1971 τοῦτο
776 1925 974 1988 δράσοντι
995 1924 1070 1972 καὶ
1089 1925 1238 1991 ῥώμης
1251 1927 1424 2018 χειρῶν,

79 2048 86 2062 .-
130 1995 206 2045 καὶ
225 1994 466 2056 ἐπιστήμης
485 1999 531 2043 εὖ
557 1995 675 2058 μάλα
698 1999 892 2054 ἱππικης.
914 1999 996 2046 Πει
985 2001 1157 2062 ρῶνται
1177 1997 1221 2045 δὲ
1242 2001 1280 2045 οι
1296 1997 1427 2063 προή·

36 2103 37 2106 ,
56 2102 82 2136 :j
130 2087 272 2122 κοντες
293 2069 350 2123 εἰς
372 2067 502 2133 ἄκρον
520 2070 651 2126 τησδε
675 2073 751 2127 τῆς
778 2069 927 2135 σοφίας
951 2090 1026 2118 και
1047 2068 1167 2136 ἅρμα
1193 2090 1326 2124 ουτως
1348 2089 1425 2117 πε·

106 2141 346 2215 Γρικυκλεῖν
365 2139 440 2187 καὶ
462 2139 697 2206 περιάγειν·
712 2140 779 2199 εἴη
794 2142 831 2188 δ’
849 2140 901 2190 ἂν
920 2137 1045 2196 ἆθλος
1065 2144 1142 2190 οὐκ
1162 2142 1429 2208 εὐκαταφρό-

127 2229 276 2270 νητος,
298 2211 573 2276 οἰδηφάγων“’
556 2233 701 2262 ιππων
720 2213 928 2302 τέτρωρρν
946 2213 1240 2280 περιστρέφειν
1259 2214 1426 2280 ῥαδίως.

73 2334 81 2354 3
128 2282 268 2354 Φέρει
284 2282 329 2331 δὲ
347 2283 396 2331 τὸ
413 2283 534 2348 ἅρμα
549 2284 809 2351 παραὸάτας
827 2285 900 2333 καὶ
926 2285 1014 2334 δύο.
1034 2286 1088 2335 Ὁ
1103 2287 1146 2334 δὲ
1146 2286 1430 2377 στρατιώτης

38 2376 42 2382 ·
86 2371 98 2424 *ᾗ
128 2350 287 2418 ἐλέφας
310 2353 379 2402 ἐπι
399 2360 472 2403 τοῦ
493 2356 758 2419 καλουμένου
779 2357 990 2423 θωρακίου
1005 2395 1018 2418 ,
1040 2359 1067 2415 ἢ
1089 2357 1162 2404 καὶ
1182 2358 1232 2415 νὴ
1254 2357 1336 2406 Δία
1355 2363 1427 2404 τοῦ

95 2440 102 2455 '-
134 2425 270 2475 ’νώτου
300 2433 461 2491 γυμνοῦ
497 2428 572 2476 και
606 2429 848 2496 ἐλευθέρου,
881 2429 1144 2492 πολεμιστὰς
1179 2429 1254 2493 μὲν
1296 2437 1428 2495 τρεῖς,

100 2501 240 2566 ’,παρ’
267 2498 451 2564 ἑκάτερα
475 2501 737 2565 βάλλοντας,
766 2503 840 2550 καὶ
863 2504 933 2550 τὸν
965 2503 1106 2568 τρίτον
1138 2503 1332 2550 κατόπιν·
1359 2503 1430 2550 τέ·-

88 2655 101 2675 f

84 2582 99 2586 ’
127 2588 286 2643 ιςαρτον
317 2570 363 2619 δὲ
396 2571 469 2638 τὸν
503 2573 582 2632 τὴν
607 2573 749 2640 ἅρπην
775 2575 1015 2641 κατέχοντα
1053 2575 1123 2623 διὰ
1153 2580 1326 2641 χειρῶν,
1354 2576 1429 2622 καὶ

2658 263 2746 305 ⁴³¹

1492 350 1629 413 ἐκείνῃ
1651 351 1720 397 τὸν
1750 354 1858 415 θῆρα
1884 353 2097 412 ἰθύνοντα,
2121 358 2176 407 ὣς
2208 356 2319 402 οἴακι
2344 362 2442 404 ναῦν
2467 359 2764 423 κυὸερνητικὸν

1492 420 1624 485 ἄνδρα
1645 422 1717 468 καὶ
1740 423 1971 481 ἐπιστάτην
1993 427 2065 481 τῆς
2081 424 2196 479 νεώς.

2093 534 2167 591 37.

1557 627 1722 671 Strabo
1757 627 1862 685 XV,
1900 631 1989 682 704
2027 625 2261 685 (praecedit
2298 630 2536 688 fragmenti
2578 633 2636 675 36
2677 636 2767 678 iui-

1495 700 1637 761 tium)
1661 716 1671 743 :
1693 697 1852 746 Ἵππον
1889 697 1934 744 δὲ
1971 698 2044 743 καὶ
2069 696 2277 762 ἐλέφαντα
2301 702 2462 765 τρέφειν
2501 707 2575 751 οὐκ
2614 703 2769 758 ἔξεστιν

1493 770 1656 834 ἰδιώτῃ·
1677 770 1895 834 βασιλικὸν
1913 769 1948 816 δ’
1966 768 2164 833 ἑκάτερον
2184 770 2425 832 νενόμισται
2439 775 2485 821 τὸ
2506 781 2647 838 κτῆμα
2666 815 2678 839 ,
2697 779 2769 824 καὶ

1494 842 1597 891 εἰσιν
1620 844 1759 890 αὐτῶν
1780 841 2055 903 ἐπιμεληταί.

1556 913 1686 978 Θήρα
1725 913 1767 961 δὲ
1793 932 1876 960 των
1902 913 2057 977 θηρίων
2087 912 2247 960 τούτοιν
2271 915 2427 964 τοιάδε.
2453 918 2616 981 Χωρίον
2651 919 2771 984 ψύξιν

1493 984 1591 1033 ὅσον
1611 986 1824 1051 τεττάρων
1855 983 1882 1042 ἢ
1903 985 2028 1032 πέντε
2046 985 2228 1032 σταδίων
2249 984 2394 1052 τάφρῳ
2414 1007 2510 1052 περι
2512 1008 2771 1054 [αραςαντες

1497 1057 1644 1122 βαθεία
1659 1094 1673 1118 ,
1698 1075 1926 1123 γεφυρουσι
1946 1057 2023 1114 τὴν
2048 1056 2209 1104 εἴσοδον
2227 1058 2470 1123 στενωτάτῃ
2491 1061 2675 1126 γεφύρα·
2700 1056 2773 1109 εἰτ’

1495 1132 1713 1194 εἰσαφιᾶσι
1739 1129 1908 1188 θηλείας
1943 1129 2020 1184 τὰς
2057 1129 2338 1194 ἡμερωτάτας
2372 1138 2483 1196 τρεῖς
2507 1131 2534 1189 ἢ
2555 1152 2599 1180 τε
2583 1133 2771 1198 .’·τταρας

1495 1200 1615 1248 αὐτοὶ
1641 1202 1679 1247 δ’
1700 1202 1744 1248 ἐν
1767 1200 1988 1255 καλυὸίοις
2011 1208 2211 1263 κρυπτοῖς
2241 1202 2529 1261 υποκάθηνται
2551 1206 2775 1269 λοχῶντες·

1494 1273 1657 1338 ημέρας
1691 1271 1768 1334 μὲν
1802 1265 1874 1320 ουν
1905 1275 1953 1321 οὐ
1973 1273 2198 1337 προσίασιν
2222 1274 2313 1321 οῖ’
2285 1291 2447 1339 αγριοι·
2465 1276 2629 1342 νύκτωρ
2653 1279 2689 1324 δ
2715 1278 2777 1342 ἐφ’

1497 1344 1570 1391 ἕνα
1593 1349 1814 1392 ποιοῦνται
1835 1344 1914 1401 τὴν
1949 1344 2128 1393 εἴσοδον·
2155 1345 2369 1394 εἰσιόντων
2390 1346 2434 1394 δὲ
2449 1386 2461 1407 ,
2485 1348 2671 1396 κλείουσι
2697 1350 2773 1407 τὴν

1497 1415 1658 1464 εἴσοδον
1679 1417 1831 1481 λάθρα·
1854 1409 1946 1465 εἶτα
1965 1420 2050 1464 τῶν
2065 1417 2237 1483 ἡμέρων
2263 1421 2455 1476 ἀθλητῶν
2478 1420 2571 1474 τοὺς
2588 1423 2773 1483 ἀλκιμω·

1497 1487 1649 1542 τάτους
1672 1488 1934 1551 εἰσάγοντες,
1963 1488 2244 1553 διαμάχονται
2270 1491 2374 1555 πρὸς
2396 1491 2568 1550 αὐτοὺς,
2595 1493 2685 1554 ἅμα
2705 1493 2776 1540 καὶ

1496 1561 1612 1625 λιμῷ
1625 1566 1976 1615 καταπονοῧντες·
1991 1562 2073 1619 ἤδη
2090 1562 2134 1608 δὲ
2148 1562 2394 1624 καμνόντων
2409 1566 2446 1612 οἱ
2460 1566 2780 1629 εὐθαρσέστατοι

1497 1636 1581 1680 τῶν
1602 1632 1786 1697 ἡνιόχων
1801 1633 1938 1699 λάθρα
1955 1634 2305 1693 καταὸαίνοντες,
2318 1637 2590 1684 ὁποδύνουσιν
2609 1636 2781 1691 ἕκαστος

1498 1709 1552 1769 τῇ
1576 1705 1730 1770 γαστρὶ
1750 1711 1823 1753 τοῦ
1844 1708 1998 1754 οἰκείου
2023 1706 2241 1771 ὀχήματος
2256 1723 2266 1734 ·
2286 1709 2532 1773 ὁρμώμενος
2547 1710 2582 1756 δ’
2600 1710 2782 1770 ἐνθένδε,

1500 1777 1699 1824 ὑποδύνει
1719 1781 1780 1842 τῷ
1805 1777 1962 1843 ἀγρίῳ,
1982 1782 2056 1825 καὶ
2075 1778 2275 1840 σύμποδα
2300 1780 2472 1842 δεσμεῖ·
2494 1781 2719 1844 γενομένου
2738 1784 2781 1830 δὲ

1501 1848 1672 1908 τούτου,
1707 1849 1928 1897 κελεύουσι
1951 1856 2035 1904 τοῖς
2053 1854 2259 1909 τιθασοῖς,
2292 1851 2464 1899 τύπτειν
2494 1852 2589 1906 τοὺς
2616 1873 2782 1915 συμπο-

1502 1923 1740 1980 δισθέντας,
1780 1922 1858 1978 ἕως
1897 1922 1950 1970 ἂν
1995 1922 2181 1970 πέσωσιν
2220 1926 2279 1978 εἷς
2319 1923 2396 1981 τὴν
2437 1929 2531 1987 γῆν·
2571 1926 2785 1973 πεσόντων

1502 1997 1539 2044 δ’
1576 1994 1829 2059 ὠμοὸοΐνοις
1874 1999 2000 2058 ἱμᾶσι
2033 1996 2438 2060 προσλαμὸάνονται
2474 1997 2569 2051 τοὺς
2603 2000 2787 2062 αὐχένας

1503 2071 1641 2117 αὐτῶν
1659 2068 1763 2133 πρὸς
1781 2067 1875 2123 τοὺς
1893 2072 1978 2115 τῶν
1999 2071 2197 2115 τιθασῶν·
2228 2067 2295 2115 ἵνα
2316 2068 2359 2116 δὲ
2378 2068 2439 2132 μὴ
2457 2070 2623 2131 σειόμεν
2634 2090 2671 2116 οι
2691 2070 2786 2125 τοὺς

1504 2141 1748 2189 οἰναὸαίνειν
1770 2144 1838 2188 ἐπ’
1873 2139 2023 2193 αὐτοὺς
2047 2142 2364 2204 ἐπιχειροῦντας
2388 2141 2675 2202 ἀποσείοιντο,
2699 2150 2785 2195 τοῖς

1503 2214 1734 2280 τραχήλοις
1759 2216 1896 2260 αὐτῶν
1921 2212 2210 2275 ἐμὸάλλονται
2232 2212 2376 2277 κύκλῳ
2403 2213 2564 2275 τομὰς,
2590 2214 2662 2260 καὶ
2687 2218 2784 2261 κατ’

1506 2285 1638 2340 αὐτὰς
1659 2283 1755 2339 τοὺς
1788 2284 1968 2348 ἱμάντας
1991 2283 2290 2350 περιτιθέασιν,
2318 2283 2419 2331 ὥσθ’
2442 2286 2514 2331 ὑπ’
2539 2286 2783 2348 ἀλγηδόνων

1506 2358 1630 2406 εἴκειν
1651 2362 1736 2412 τοῖς
1755 2360 1949 2420 δεσμοῖς,
1969 2356 2041 2404 καὶ
2058 2356 2302 2420 ἡσυχάζειν·
2321 2359 2405 2403 τῶν
2422 2357 2459 2403 δ’
2476 2357 2666 2404 ἁλόντων
2684 2360 2786 2405 ἀπο-

1505 2430 1699 2486 λέξαντες
1736 2449 1832 2484 τους
1860 2427 2170 2493 πρεσὸυτέρους
2200 2427 2227 2483 ἢ
2265 2427 2490 2492 νεωτέρους
2512 2434 2588 2485 τῆς
2618 2432 2784 2493 χρείας,

1505 2503 1601 2557 τους
1634 2501 1804 2555 λοιπους
1830 2500 2063 2564 ἀπάγουσιν
2097 2502 2153 2553 εἰς
2195 2519 2290 2553 τους
2324 2499 2558 2562 σταθμούς·
2583 2502 2785 2558 δήσαντες

1511 2576 1554 2622 δε
1580 2595 1674 2628 τους
1714 2575 1789 2636 μὲν
1826 2573 1962 2626 πόδας
1997 2573 2102 2636 πρὸς
2128 2572 2338 2645 ἀλλήλους
2323 2608 2368 2631 ς,
2403 2591 2498 2625 τους
2532 2572 2577 2619 δὲ
2597 2563 2782 2628 abtim<

79 2693 331 2760 ‘boantem
351 2721 532 2751 seorsum
563 2724 668 2753 nova
695 2725 719 2754 a
742 2716 971 2755 veteribus:
1002 2727 1093 2766 quae
1111 2717 1181 2766 qui
1210 2715 1434 2765 miscuerit,

43 2803 46 2810 .
92 2791 93 2794 =
133 2773 315 2813 multam
333 2776 536 2825 persolvit.
564 2779 675 2818 Sexti
697 2780 738 2818 et
751 2779 883 2819 ultimi
910 2780 1163 2820 venditarum
1179 2791 1313 2820 rerum
1333 2780 1437 2820 deci-

145 2845 235 2877 mas
249 2837 411 2888 exigunt
443 2854 455 2880 z
479 2841 519 2880 et
544 2841 614 2892 qui
644 2842 827 2893 vectigali
854 2843 1142 2894 rempublicam
1170 2844 1434 2895 defraudarit,

42 2905 52 2918 ²
72 2902 97 2948 ²,-
143 2900 488 2952 capite-plectitur.
543 2908 599 2944 Ac
621 2906 807 2954 privatim
829 2907 991 2958 quidem
1010 2907 1150 2958 singuli
1164 2908 1252 2948 haec
1267 2909 1432 2956 curant,

135 2964 295 3017 publice
321 2976 419 3006 vero
443 2968 485 3006 et
505 2968 662 3017 privata
679 2970 720 3009 et
739 2970 871 3010 civilia
897 2972 938 3011 et
957 2971 1159 3022 publicam
1206 2972 1434 3023 supellecti-

47 3063 57 3081 „
79 3063 102 3079 .„
135 3028 216 3069 lem
234 3031 276 3069 et
290 3032 422 3080 pretia
443 3034 484 3071 et
500 3033 631 3072 torum
647 3035 689 3074 et
707 3037 845 3085 portus
866 3037 907 3076 et
925 3046 1053 3077 sacra.

187 3093 280 3132 Post
300 3091 412 3132 urbis
429 3094 639 3144 praefectos
663 3098 724 3138 est
747 3098 914 3138 tertium
941 3099 1175 3150 collegium,
1195 3099 1302 3150 quod
1331 3100 1435 3139 circa

134 3165 222 3195 rem
236 3156 448 3197 militarem
465 3161 659 3211 versatur,
676 3160 727 3201 ad
746 3161 917 3202 eundem
945 3163 1107 3203 modum
1122 3164 1163 3203 in
1189 3165 1434 3214 quinternio—

138 3228 211 3259 nea
225 3231 293 3260 sex
306 3220 492 3272 divisum,
505 3234 680 3273 quorum
695 3235 822 3264 unum
838 3225 1060 3277 adjungunt
1075 3227 1210 3267 classis
1225 3228 1433 3277 praefecto;

95 3286 98 3290 ’
131 3283 358 3323 *secundum
385 3285 448 3335 ei,
479 3286 551 3336 qui
579 3286 708 3328 bobus
735 3291 901 3339 praeest,
928 3291 1076 3340 quibus
1094 3291 1359 3330 instrumenta
1389 3292 1430 3330 et

138 3345 292 3386 cibaria
305 3349 345 3386 et
363 3347 442 3404 alia
457 3349 609 3390 militiae
624 3353 842 3392 necessaria
855 3356 1079 3404 portantur.
1093 3354 1216 3394 Iidem
1233 3355 1434 3394 ministros

78 3450 80 3453 ,
116 3423 117 3426 ’
137 3411 322 3460 praebent
335 3441 347 3461 ‚
363 3413 432 3462 qui
446 3414 646 3465 tympanis
664 3418 705 3456 et
717 3417 996 3458 tintinnabulis
1012 3419 1194 3468 utuntur,
1212 3419 1308 3458 item
1328 3419 1433 3469 equi-

54 3511 61 3539 3
79 3488 110 3538 ·.
138 3483 256 3515 eones
270 3477 311 3516 et
332 3475 612 3519 machinarum
628 3480 786 3532 fabros,
807 3485 848 3522 et
869 3483 1010 3522 horum
1028 3484 1211 3523 famulos.
1231 3486 1350 3523 Porro
1366 3493 1434 3532 pa-

55 3557 59 3571 2
73 3543 78 3603 'y
95 3542 102 3594 J
139 3536 340 3581 bulatores
353 3530 587 3592 pabulatum
603 3545 655 3585 ad
670 3546 982 3589 tintinnabulum
998 3549 1186 3596 mittunt,
1211 3549 1374 3598 praemio
1397 3549 1437 3587 et

90 3600 100 3655 ’ζ
137 3603 332 3654 supplicio
363 3605 606 3648 celeritatem
625 3611 666 3649 et
693 3611 947 3651 securitatem
964 3623 1032 3652 eos
1058 3611 1433 3652 condocesacientes.

135 3665 264 3707 'tertii
278 3667 458 3718 peditum
473 3681 612 3711 curam
627 3672 799 3722 habent3
815 3675 947 3724 quarti
966 3685 1175 3725 equorum,
1197 3674 1325 3725 quinti
1341 3686 1430 3714 cur-

145 3739 282 3779 ruum,
298 3731 400 3771 sexti
411 3733 723 3785 elephantorum.
741 3738 861 3787 Equis
876 3748 924 3776 ac
942 3738 1082 3777 ceteris
1097 3738 1230 3777 bestiis
1243 3738 1347 3787 regia
1359 3741 1434 3778 sta·

83 3799 87 3810 ⁷
143 3789 242 3831 bula
259 3795 380 3834 eunt:
401 3798 463 3836 est
477 3797 597 3837 etiam
613 3799 764 3850 regium
783 3801 1148 3850 armamentarium,
1168 3802 1209 3840 in
1226 3813 1306 3851 quo
1323 3812 1434 3840 arma

145 3853 423 3899 adservantur.
441 3862 540 3900 Nam
549 3863 662 3903 miles
677 3865 950 3904 armaturam
938 3876 978 3904 ιιι
988 3866 1335 3905 armamentarium
1349 3865 1431 3905 red-

62 3942 67 3971 9
106 3934 110 3980 ’Δ
144 3916 218 3969 (Ili,
239 3920 390 3970 equum
413 3922 453 3962 in
467 3925 614 3980 equile,
635 3927 891 3978 elephantum
915 3928 956 3967 in
972 3939 1089 3967 suum
1105 3929 1200 3968 item
1219 3929 1433 3968 stabulum.

147 3979 220 4021 ab
237 3985 408 4025 utuntur
421 3986 654 4030 infrenibus.
709 3993 862 4031 currus
873 4002 896 4031 a
912 3991 1068 4031 bobus
1057 4003 1098 4031 ιιι
1114 3991 1254 4031 itinere
1270 3992 1438 4032 trahun-

95 4064 111 4103 .'
143 4044 239 4094 aa,
257 4047 351 4096 equi
365 4050 535 4100 capistro
547 4051 765 4104 ducuntur,
780 4065 832 4094 ne
847 4055 996 4094 femora
1011 4055 1192 4094 curribus
1206 4055 1436 4104 junctorum

56 4135 79 4170 ,³1
92 4107 99 4147 ἶ
147 4106 390 4162 intertrigine
403 4113 612 4166 laedantur,
626 4127 727 4157 neve
741 4129 879 4158 eorum
896 4119 1140 4159 alacritatem
1161 4130 1301 4159 currus
1318 4120 1439 4160 hebe-

150 4171 249 4211 tent.
301 4175 454 4215 currus
468 4180 614 4227 praeter
629 4181 809 4232 aurigam
826 4183 1004 4222 vectores
1018 4182 1118 4223 duos
1134 4182 1267 4232 babet,
1285 4183 1439 4234 elephas

65 4219 80 4237 θ’
87 4230 89 4234 ,

67 4248 113 4298 2²2?
149 4233 328 4284 aurigam
345 4239 382 4278 et
398 4240 479 4279 trae
499 4243 736 4291 sagittarios-

2114 2731 2186 2770 37.

1562 2833 1718 2880 Equum
1736 2831 1776 2870 et
1809 2827 2058 2878 elephantum
2090 2826 2243 2876 privato
2270 2825 2418 2865 bomini
2447 2826 2550 2864 alere
2565 2835 2642 2863 non
2661 2824 2751 2863 licet
2774 2834 2785 2862 τ

1510 2898 1725 2945 utrumque
1744 2894 1850 2936 enim
1868 2893 1966 2944 regis
1981 2892 2169 2943 possessio
2185 2892 2381 2940 censetur,
2391 2888 2706 2940 suntqueliarum
2724 2900 2785 2927 re·

1510 2973 1597 3001 rum
1616 2962 1829 3000 curatores,

1562 3024 1821 3075 Elephantum
1853 3023 1986 3062 autem
2017 3021 2072 3061 sic
2102 3020 2310 3060 venantur.
2365 3021 2513 3059 Locum
2543 3017 2712 3067 aliquem
2738 3016 2789 3055 ab

1509 3091 1617 3130 omni
1637 3091 1845 3140 purgatum
1865 3088 2030 3127 materia
2045 3116 2056 3135 ‚
2072 3088 2260 3136 quattuor
2276 3086 2346 3124 aut
2364 3085 2539 3134 quinque
2556 3082 2787 3128 stadiorum,

1511 3154 1704 3206 profunda
1726 3154 1828 3194 fossa
1857 3150 2116 3191 circumdant.
2147 3152 2250 3189 Tum
2273 3149 2486 3199 ingressum
2512 3149 2630 3197 ponte
2665 3156 2787 3194 angu-

1509 3219 1678 3259 stissimo
1690 3218 1872 3268 jungunt.
1892 3215 2128 3256 Deindetres
2141 3216 2383 3265 quattuorve
2398 3212 2621 3262 elephantes
2631 3211 2790 3250 seminas

1509 3283 1559 3323 de
1575 3283 1788 3323 mansuetis
1807 3281 2026 3323 immittunt
2053 3295 2062 3319 :
2096 3278 2168 3329 ipsi
2185 3278 2224 3317 in
2249 3277 2418 3327 tuguriis
2442 3276 2588 3315 occulti
2606 3274 2787 3314 insidian—

1511 3351 1590 3388 tur.
1642 3351 1717 3388 Per
1732 3347 1837 3387 diem
1857 3347 2055 3386 silvestres
2072 3354 2154 3383 non
2190 3343 2406 3391 accedunt,
2428 3343 2543 3381 nocte
2558 3343 2688 3379 autem
2708 3339 2788 3377 sin-

1509 3413 1673 3464 gulatim
1693 3413 1891 3452 introeunt
1913 3427 1923 3451 :
1940 3412 2082 3462 quibus
2100 3411 2282 3461 ingressis
2301 3411 2506 3449 venatores
2523 3409 2621 3447 clam
2639 3406 2789 3446 aditum

1510 3478 1739 3518 occludunt.
1771 3479 1910 3517 Postea
1941 3476 2152 3516 nonnullos
2171 3487 2193 3514 e
2216 3475 2414 3514 cicuribus
2433 3473 2689 3513 certatoribus
2716 3472 2791 3509 sor·

1510 3543 1679 3582 tissimos
1695 3539 1988 3582 introducentes
2017 3550 2109 3579 cum
2136 3539 2183 3578 iis
2209 3540 2404 3589 pugnant,
2421 3537 2534 3577 simul
2554 3536 2669 3575 etiam
2690 3536 2790 3573 fame

1510 3603 1746 3659 defatigant.
1795 3611 1928 3655 Quum
1960 3617 2054 3646 vero
2082 3607 2165 3655 jam
2200 3605 2339 3646 defessi
2370 3605 2535 3651 suerint,
2570 3603 2787 3650 aurigarum

1511 3671 1779 3719 audacissimi,
1813 3670 1917 3709 clam
1933 3669 2212 3709 descendentes
2226 3671 2266 3708 et
2289 3668 2349 3708 sui
2379 3668 2543 3718 quisque
2575 3663 2788 3714 elephantis

1512 3739 1669 3776 uterum
1683 3735 1920 3783 subeuntes,
1940 3733 2149 3784 compedes
2167 3734 2243 3773 illis
2262 3732 2451 3782 injiciunt.
2503 3732 2592 3775 Quo
2612 3729 2713 3767 sacto
2733 3727 2784 3765 ci·

1512 3811 1626 3840 cures
1644 3798 1827 3847 instigant
1847 3799 1893 3836 ut
1918 3797 2073 3837 vinctos
2090 3797 2322 3844 verberent,
2351 3803 2555 3845 quousque
2581 3791 2618 3829 ln
2642 3793 2786 3828 terram

1511 3864 1667 3904 cadant.
1721 3864 1935 3912 Postquam
1965 3861 2214 3909 ceciderunt,
2236 3859 2392 3899 bubulis
2418 3857 2509 3896 loris
2531 3865 2665 3894 eorum
2687 3853 2787 3892 colla

1511 3929 1561 3969 ad
1577 3928 1818 3968 domitorum
1834 3926 2082 3976 adstringunt
2100 3942 2110 3965 ε
2128 3927 2167 3965 et
2182 3935 2231 3963 ne
2245 3921 2490 3962 adscensores
2505 3922 2784 3968 exenteremus·

1513 3993 1613 4042 sint,
1641 3991 1743 4032 colla
1761 3989 2110 4037 circumcidentes,
2143 3988 2183 4026 in
2207 3986 2363 4026 caesuris
2381 3983 2536 4023 vincula
2557 3982 2785 4030 imponunt,

1513 4058 1558 4095 ut
1578 4065 1660 4105 prae
1682 4054 1818 4094 dolore
1832 4053 2003 4092 vinculis
2026 4051 2166 4091 cedant
2181 4052 2221 4089 et
2246 4048 2415 4098 quietem
2441 4046 2568 4094 agant.
2595 4046 2648 4082 De
2666 4043 2788 4092 captis

1511 4120 1728 4170 seliguntur
1746 4119 1974 4170 quicunque
1998 4117 2059 4156 vel
2079 4116 2187 4155 senio
2203 4114 2262 4152 vel
2289 4113 2450 4162 iuventa
2473 4109 2628 4148 inutiles
2653 4110 2745 4146 sunt
2774 4119 2784 4144 ε

1512 4183 1650 4233 reliqui
1696 4183 1735 4222 in
1768 4181 1922 4230 stabula
1952 4179 2165 4225 ducuntur,
2193 4179 2232 4215 et
2258 4174 2420 4225 pedibus
2453 4171 2618 4210 invicem
2648 4170 2788 4209 vinctis

1512 4258 1558 4285 ac
1570 4247 1671 4285 collo
1680 4246 1728 4284 ad
1743 4245 1967 4285 columnam
1983 4242 2108 4281 valide
2119 4240 2183 4280 infi
2191 4250 2277 4279 xam
2292 4239 2391 4277 same
2404 4236 2634 4275 domantur:
2649 4233 2785 4273 deinde
