3016 4628
203 355 261 392 56

203 526 284 591 γὰρ
317 524 500 576 ἐκείνους
536 519 688 574 αὐτοὺς
721 521 914 583 δρῶμεν,
951 515 1064 563 ἀλλὰ
1105 520 1198 565 ταῖς
1235 517 1407 574 τιμαῖς,
1450 509 1498 585 ἒς

199 595 464 663 ἔχουσι,καὶ
482 602 570 648 τοῖς
592 593 792 655 ἀγαθοῖς,
816 588 1143 655 ἃπαρέχουσιν,
1166 584 1404 638 ἀθανάτους
1439 587 1498 629 εἰ·

202 689 271 716 ναι
302 666 648 733 τεκμαιρόμεθα·
685 665 804 711 ταῦτ’
830 655 903 710 οῦν
928 661 1139 726 ὑπάρχειν
1174 657 1246 706 καὶ
1279 663 1364 710 τοῖς
1389 654 1498 720 ὑπὲρ

201 747 276 801 τ’ἧς
300 742 504 807 πατρίδος
530 742 828 787 ἀποθανοῦσιν.

831 863 876 907 9.

269 971 507 1017 Plutarch.
527 967 697 1014 Pericl.
735 981 776 1011 c.
811 971 890 1021 13,
917 960 971 1016 1‘4
1009 979 1019 1006 ε
1050 961 1106 1008 Οἱ
1124 954 1309 1020 κωμικοὶ
1336 953 1502 1011 πολλὴν

205 1041 428 1104 ἀσέλγειαν
443 1040 573 1086 αὐτοῦ
591 1034 889 1100 (Περικλέους)
906 1029 1277 1080 κατεσκέδασαν...
1294 1026 1384 1076 Καὶ
1396 1024 1437 1073 τί
1450 1024 1501 1072 ἄν

205 1134 267 1168 τις
299 1110 543 1178 ἀνθρώπους
567 1106 819 1173 σατυρικοὺς
842 1106 928 1159 τοῖς
947 1103 1051 1170 βίοις
1076 1105 1149 1150 καὶ
1173 1100 1251 1154 τὰς
1277 1099 1392 1147 κατὰ
1417 1102 1503 1146 τῶν

206 1185 460 1252 κρειττόνων
480 1181 757 1250 βλασφημίας
773 1179 919 1244 ὥσπερ
945 1176 1115 1239 δαίμονι
1138 1176 1261 1239 κακῷ
1281 1175 1345 1237 τῷ,
1363 1171 1503 1238 φθόνῳ

207 1263 291 1307 τῶν
310 1261 480 1307 πολλῶν
504 1254 767 1308 ἀποθύοντας
781 1251 983 1300 ἑκάστοτε
1005 1246 1284 1310 θαυμάσειεν,
1306 1244 1412 1294 ὅπου
1431 1246 1505 1292 καὶ

209 1331 539 1399 Στησίμῧροτος
565 1333 587 1377 ὃ
620 1326 784 1380 Θάσιος
816 1324 947 1372 δεινὸν
981 1322 1185 1388 ἀσέὸημα
1209 1321 1283 1369 καὶ
1313 1321 1505 1383 μυθῶδες

208 1406 438 1470 ἐξενεγκεῖν
471 1403 706 1464 ἐτόλμησεν
741 1401 797 1453 εἷς
832 1397 910 1456 τὴν
944 1397 1126 1461 γυναῖκα
1160 1398 1234 1441 τοῦ
1266 1396 1356 1441 υἱοῦ
1393 1390 1506 1468 κατὰ

207 1483 284 1527 τοῦ
329 1475 613 1542 Περικλέουςῑ,
650 1471 800 1525 Οὕτως
833 1470 944 1518 ἔοικε
985 1468 1127 1527 πάντη
1164 1466 1357 1532 χαλεπὸν
1397 1470 1506 1513 εἰναι

209 1552 284 1603 καὶ
309 1550 572 1612 δυσθήρατον
597 1545 766 1611 ἱστορία
789 1541 992 1602 τάληθὲς,
1019 1540 1120 1589 ὅταν
1146 1543 1185 1588 οἱ
1220 1539 1296 1603 μὲν
1330 1539 1505 1604 ὕστερον

210 1624 431 1689 γεγονότες
449 1622 521 1669 τὸν
545 1620 696 1686 χρόνον
729 1619 885 1682 ἔχωσιν
912 1618 1253 1680 ἐπιπροσθοῦντα
1277 1616 1330 1678 τῇ
1352 1611 1509 1678 γνώσει

208 1700 294 1744 τῶν
317 1694 603 1761 πραγμάτων,
626 1697 654 1749 ἡ
681 1689 725 1738 δὲ
750 1693 833 1737 τῶν
854 1688 1049 1755 πράξεων
1069 1687 1143 1735 καὶ
1168 1689 1252 1734 τῶν
1279 1686 1382 1751 βίων
1403 1687 1510 1749 ἡλι-

212 1772 357 1821 κιῶτις
389 1765 559 1832 ἱστορία
579 1763 633 1812 τὰ
670 1762 748 1826 μὲν
773 1760 938 1828 φθόνοις
962 1760 1037 1808 καὶ
1058 1758 1350 1822 δυσμενείαις,
1374 1757 1429 1806 τὰ
1465 1756 1509 1806 δὲ

210 1838 476 1906 χαριζομένη
494 1837 568 1885 καὶ
587 1835 881 1885 κολακεύουσα
897 1832 1162 1901 λυμαίνηται
1178 1832 1254 1884 καὶἸ
1273 1830 1508 1901 διαστρέφῃ

213 1913 290 1971 τὴν
314 1911 534 1969 ἀλήθειαν.

826 2021 902 2052 10..

275 2126 529 2189 ‘Athenaeus
546 2124 664 2167 XIII
677 2156 689 2178 ,
709 2138 755 2182 p.
773 2120 883 2181 589,
900 2123 958 2177 D,
973 2121 1027 2176 E,
1048 2120 1107 2164 de
1130 2118 1310 2164 Pericle
1334 2135 1344 2162 :
1371 2108 1459 2165 ’Ἦν
1479 2116 1514 2163 δ’

217 2190 336 2250 οἶτος
362 2193 466 2260 ἀνὴρ
491 2194 594 2260 πρὸς
616 2191 844 2259 ἀφροδίσια
875 2190 989 2238 πάνυ
1014 2189 1274 2256 καταφερής·
1300 2188 1414 2243 ὅστις
1442 2191 1516 2250 καὶ

215 2274 268 2334 τῇ
291 2274 364 2316 τοῦ
390 2271 483 2315 υἱοῦ
504 2265 674 2330 γυναικὶ
696 2269 847 2323 συνῆν,
874 2267 931 2318 ὣς
955 2263 1280 2328 Στησίμὸροτος
1300 2266 1322 2310 ὃ
1353 2261 1518 2317 Θάσιος

218 2347 379 2406 ἱστορεῖ
393 2375 410 2398 ,-
428 2339 541 2387 κατὰ
565 2338 660 2392 τοὺς
681 2336 833 2391 αὐτοὺς
859 2338 976 2401 αὐτῷ
1000 2334 1179 2401 χρόνους
1198 2333 1422 2399 γενόμενος
1443 2334 1517 2386 καὶ

219 2413 420 2478 ἑωρακὼς
446 2413 589 2471 αὐτὸν,
616 2414 658 2459 ἐν
697 2414 758 2476 τῷ
794 2408 1126 2474 ἐπιγραφομένῳ
1152 2407 1264 2474 Περὶ
1294 2410 1517 2471 Θεμιστο-

220 2487 367 2542 κλέους
391 2487 466 2537 καὶ
485 2484 753 2537 Θουκυδίδου
774 2483 848 2531 καὶ
874 2480 1151 2547 Περικλέους.

837 2618 913 2651 Ιῐο,

290 2723 522 2767 Plutarch.
556 2720 725 2768 Pericl.
752 2736 793 2765 c.
825 2719 884 2764 36
900 2753 914 2776 ,
939 2716 978 2764 2'
1000 2735 1010 2763 ε
1045 2715 1102 2766 Ὅ
1123 2715 1206 2782 γὰρ
1227 2715 1523 2782 πρεσὸύτατος

225 2795 355 2840 αὐτοῦ
377 2794 461 2838 τῶν
486 2790 673 2854 γνησίων
695 2792 796 2836 υἱῶν
819 2789 1074 2843 Ξάνθιππος
1110 2788 1236 2855 φύσει
1255 2808 1302 2835 τε
1322 2789 1524 2846 δαπανη-

227 2866 296 2931 ρὸς
319 2863 377 2910 ὢν
395 2863 469 2911 καὶ
489 2862 657 2926 γυναικὶ
674 2861 748 2926 νέᾳ
769 2862 843 2909 καὶ
867 2864 1093 2909 πολυτελεῖ
1118 2863 1340 2920 συνοικῶν,
1365 2861 1526 2910 Τισάν-

226 3003 340 3041 cione
358 3000 539 3040 laudaret
550 3030 560 3049 ,
577 2999 743 3049 dixisse,
762 2999 1008 3038 immortales
1021 3009 1090 3038 eos
1105 3009 1189 3038 esse
1209 2999 1335 3038 factos
1357 3009 1404 3037 ac
1430 2998 1526 3040 deo-

227 3078 318 3106 rum
338 3065 499 3114 similes;
531 3065 577 3102 ut
593 3064 698 3102 enim
718 3063 790 3102 hos
808 3074 889 3102 non
903 3062 1066 3101 videant
1081 3062 1260 3102 homines
1270 3093 1283 3113 ,
1303 3062 1373 3102 sed
1388 3073 1439 3102 ex
1453 3063 1526 3101 ho-

228 3129 394 3170 noribus
409 3130 565 3167 tantum
582 3138 629 3166 ac
645 3126 759 3166 bonis
773 3137 865 3177 quae
888 3125 1126 3175 largiuntur,
1151 3137 1234 3165 esse
1246 3126 1426 3176 Judicent
1451 3126 1528 3165 im-

229 3195 418 3236 mortales
433 3209 446 3245 ;Υ
474 3189 549 3233 'ita
566 3193 627 3232 his
653 3202 814 3242 quoque
838 3190 1037 3241 evenisse,
1061 3190 1132 3240 qui
1161 3201 1234 3241 pro
1257 3190 1384 3241 patria
1406 3201 1529 3230 occu·-

232 3260 404 3302 buerint.
695 3266 707 3279 ³

861 3328 904 3368 9.

283 3397 435 3438 Comici
459 3396 596 3436 multis
615 3396 803 3435 conviciis
830 3396 1026 3435 Periclem
1051 3396 1231 3436 insectati
1256 3398 1363 3436 sunt.
1396 3399 1533 3444 Quan-

233 3473 354 3512 quam
368 3461 465 3511 quid
476 3461 617 3500 attinet
629 3460 812 3499 admirari
830 3460 1011 3500 homines
1023 3460 1204 3500 instituto
1215 3460 1308 3500 vitae
1321 3461 1511 3510 satyricos
1521 3490 1533 3510 ,

234 3526 383 3577 quique
413 3525 721 3565 obtrectationes
745 3524 968 3575 potentium
998 3523 1159 3564 invidiae
1181 3524 1312 3574 vulgi,
1342 3526 1536 3574 tanquam

236 3591 343 3631 malo
360 3589 475 3633 alicui
490 3588 618 3638 genio,
633 3599 863 3629 consecrare
876 3589 1061 3637 solerent,
1076 3589 1236 3639 quando
1250 3588 1536 3629 Stesimbrotus

236 3655 358 3694 etiam
385 3653 553 3694 Thasius
579 3654 696 3691 atrox
727 3654 767 3691 et
797 3652 1023 3693 fabulosum
1055 3653 1184 3692 scelus
1213 3652 1377 3693 Periclis
1398 3652 1439 3692 in
1468 3651 1539 3691 filii

238 3730 407 3759 uxorem
431 3719 702 3768 perpetratum
718 3726 837 3755 ausus
859 3716 935 3755 ruit
950 3716 1224 3756 comminisci?
1245 3716 1353 3756 Adeo
1369 3716 1539 3757 difficilis

241 3784 479 3833 investigatu
495 3792 558 3821 res
570 3782 628 3821 est
641 3779 801 3819 historia
817 3790 923 3829 vera,
935 3791 1061 3830 quum
1077 3780 1362 3831 posterioribus
1377 3782 1540 3831 proeter÷

239 3850 343 3888 ilum
360 3849 514 3896 tempus
533 3843 795 3894 cognitionem
814 3854 948 3885 rerum
969 3843 1195 3894 praeripiam
1209 3844 1276 3894 qui
1295 3855 1391 3885 vero
1411 3855 1549 3895 aequa-¹

241 3913 299 3958 les
314 3914 406 3952 sunt
434 3910 545 3960 ejus,
566 3907 680 3958 cujus
705 3907 831 3946 vitam
858 3908 928 3946 aut
945 3909 1034 3946 acta
1060 3907 1312 3958 describunt,
1341 3908 1367 3946 ii
1396 3908 1540 3958 partim

242 3976 392 4021 invidia
414 3975 608 4024 odioque,
634 3973 779 4024 partim
809 3972 1055 4023 gratificandi
1084 3972 1219 4017 studio
1245 3975 1286 4012 et
1315 3972 1542 4016 adulatione

244 4041 443 4092 corrupti,
467 4039 622 4083 veritati
638 4038 825 4078 officiant.

871 4107 886 4146 1
898 4107 940 4145 0..

299 4178 466 4218 Pericles
488 4176 537 4216 ad
558 4187 643 4216 rem
670 4185 878 4215 veneream
899 4173 1117 4213 admodum
1147 4174 1331 4224 proclivis
1350 4174 1424 4214 suit
1443 4190 1451 4213 :
1475 4174 1544 4225 qui

249 4241 368 4280 etiam
391 4252 483 4284 cum
500 4240 569 4279 filii
593 4239 652 4279 sui
673 4249 798 4278 uxore
816 4249 900 4278 rem
921 4237 1082 4286 habuit,
1101 4240 1147 4277 ut
1163 4236 1284 4277 tradit
1303 4237 1543 4277 Stesimbro·

251 4309 315 4347 tus
331 4306 511 4354 Thasius,
524 4305 590 4355 qui
609 4304 744 4344 iisdem
766 4302 1010 4358 temporibus
1028 4301 1153 4351 vixit,
1167 4301 1359 4352 illumque
1376 4301 1543 4350 viderat,

1184 328 1613 380 STESIMBROTI
1650 326 1733 375 ΤΗ
1741 325 1863 374 Asu

199 473 268 506 τος
294 451 528 502 ἀθανάτους
550 447 669 510 ἔλεγε
697 444 916 510 γεγονέναι
941 441 1137 505 καθάπερ
1169 438 1266 493 τοὺς
1286 435 1424 491 θεούς·
1448 438 1495 484 οὗ
1570 436 1670 500 δρου
1695 431 1895 496 θυγατρὶ,
1929 435 2002 478 τοῦ
2025 429 2284 490 Ἐπιλύκου,
2315 431 2520 496 χαλεπῶς
2543 427 2665 496 ἔφερε
2687 428 2765 487 τὴν
2788 432 2865 482 τοῦ
2899 502 2906 510 x
2956 427 2963 481 s

1569 503 1732 570 πατρὸς
1753 502 1976 568 ἀκρίὸειαν
1995 502 2184 570 γλίσχρα
2198 502 2274 551 καὶ
2293 502 2406 550 κατὰ
2425 500 2576 567 μικρὸν
2597 503 2714 568 αὗτῷ
2731 519 2869 566 χορη-
2956 535 2968 563 »γ

1570 581 1757 641 γοῦντος.
1830 574 2018 641 Πέμψας
2051 568 2122 623 οῦν
2156 574 2263 641 πρός
2293 594 2388 640 τινα
2422 577 2507 622 τῶν
2546 573 2679 639 φίλων
2713 572 2871 622 ἔλαὸεν
2886 588 2899 598 ⁴·

1572 648 1771 715 ἀργύριον
1788 650 1847 702 ὡς
1862 653 1935 696 τοῦ
1954 647 2215 714 Περικλέους
2230 646 2523 701 κελεύσαντος.
2597 648 2652 710 (3)
2674 645 2873 695 Ἐκείνου

1573 723 1609 769 δ’
1627 722 1802 786 ὕστερον
1826 723 2121 781 ἀπαιτοῦντος,
2135 724 2157 769 ὃ
2178 720 2256 784 μὲν
2277 722 2496 786 Περικλῆς
2514 718 2590 767 καὶ
2607 718 2729 778 δίκην
2751 712 2874 786 αῗιτῷ
2961 713 2966 728 ¹

1573 792 1846 858 προσέλαχε,
1882 790 1931 839 τὸ
1967 791 2011 840 δὲ
2037 793 2258 858 μειράκιον
2290 797 2313 842 ὃ
2345 793 2599 847 Ξάνθιππος
2624 791 2695 839 ἐπὶ
2731 789 2873 857 τούτῳ
2899 803 2924 835 ἰ.

1573 868 1778 931 χαλεπῶς
1811 864 2016 920 διατεθεὶς
2045 866 2250 932 ἐλοιδόρει
2271 866 2344 914 τὸν
2374 865 2570 931 πατέρα,
2600 867 2770 930 πρῶτον
2794 862 2873 927 μὲν
2919 908 2929 923 Ι,

1576 937 1764 1005 ἐκφέρων
1786 938 1858 985 ἐπὶ
1878 936 2038 1002 γέλωτι
2054 937 2131 993 τὰς
2154 938 2263 987 οἴκοι
2284 937 2506 1004 διατριὸὰς
2531 939 2659 985 αὐτοῦ
2681 935 2756 985 καὶ
2778 935 2877 993 τοὺς
2919 955 2924 961 ·

1575 1010 1744 1074 λόγους,
1771 1009 1842 1065 οὒς
1862 1010 1996 1058 ἐποίει
2021 1011 2133 1072 μετὰ
2156 1014 2240 1058 τῶν
2267 1012 2495 1077 σοφιστῶν.
2542 1011 2595 1077 (4)
2622 1007 2875 1069 Πεντάθλου

1575 1083 1658 1151 γὰρ
1672 1083 1910 1150 Χαρίππου
1927 1083 2110 1150 ἀκοντίῳ
2125 1083 2394 1139 πατάξαντος
2409 1082 2640 1146 Ἐπίτιμον
2663 1081 2737 1130 τὸν
2754 1083 2879 1148 Φαρ·
2928 1081 2938 1097 '⁷

1579 1156 1728 1205 σάλιον
1750 1157 1959 1210 ἀκουσίως
1975 1156 2050 1204 καὶ
2066 1156 2439 1216 κατακτείναντος,
2458 1155 2627 1222 ἡμέραν
2647 1154 2751 1213 ὅλην
2772 1156 2879 1202 ἀνα·
2938 1157 2941 1179 ²
2976 1159 2981 1165 ’

1577 1230 1716 1276 λῶσαι
1757 1228 1868 1291 μετὰ
1908 1227 2204 1295 Πρωταγόρου
2248 1230 2535 1294 διαποροῦντα
2549 1265 2562 1289 ,
2600 1226 2782 1293 πότερον
2827 1226 2879 1275 τὸ
2922 1271 2923 1274 ,

1580 1300 1773 1349 ἀκόντιον
1803 1298 1831 1358 ἢ
1857 1300 1928 1348 τὸν
1965 1300 2153 1366 βαλόντα
2188 1300 2216 1359 ἢ
2242 1301 2338 1354 τοὺς
2372 1299 2640 1364 ἀγωνοθέτας
2668 1298 2783 1348 κατὰ
2806 1299 2880 1348 τὸν
2938 1297 2942 1310 ’

1579 1371 1807 1438 ὀρθότατον
1830 1370 1955 1436 λόγον
1982 1371 2143 1426 αἰτίους
2161 1370 2247 1437 χρὴ
2264 1377 2340 1419 τοῦ
2363 1371 2526 1425 πάθους
2542 1376 2754 1436 ἡγεῖσθαι.
2823 1373 2877 1436 (a)
2984 1384 2987 1421 ἓ

1582 1445 1699 1509 Πρὸς
1731 1443 1775 1492 δὲ
1805 1443 1969 1499 τούτοις
2002 1444 2077 1493 καὶ
2099 1444 2178 1503 τὴν
2209 1445 2412 1511 περὶτῆς
2439 1445 2640 1509 γυναικὸς
2673 1443 2883 1503 διαὸολὴν
2985 1456 2990 1497 ζ

1582 1519 1663 1566 ὑπὸ
1683 1523 1755 1566 τοῦ
1772 1517 2030 1566 Ξανθίππου
2048 1517 2179 1583 φησὶν
2200 1521 2222 1565 ὃ
2242 1517 2572 1585 Στησίαὸροτος
2587 1519 2646 1572 εἷς
2661 1516 2760 1572 τοὺς
2775 1517 2885 1564 πολ·
2924 1519 2934 1545 5
2988 1527 2990 1546 ³

1581 1591 1680 1647 λοὺς
1705 1593 1999 1656 διασπαρῆναι
2024 1591 2098 1638 καὶ
2122 1589 2231 1645 ὅλως
2260 1590 2494 1648 ἀνήκεστον
2515 1589 2619 1655 ἄχρι
2638 1594 2715 1649 τῆς
2737 1590 2884 1637 τελευ·

1581 1670 1659 1724 τῆς
1675 1668 1737 1731 τῷ
1757 1664 1967 1730 νεανίσκῳ
1994 1664 2100 1730 πρὸς
2118 1662 2190 1711 τὸν
2211 1665 2379 1729 πατέρα
2403 1666 2672 1729 παραμεῖναι
2694 1662 2774 1721 τὴν
2791 1664 2886 1710 δια-

1585 1739 1735 1803 φοράν·
1755 1736 1942 1784 ἀπέθανε
1958 1735 2042 1802 γὰρ
2060 1739 2082 1783 ὃ
2104 1735 2356 1791 Ξάνθιππος
2374 1739 2417 1785 ἐν
2438 1739 2499 1802 τῷ
2522 1737 2663 1802 λοιμῷ
2681 1735 2886 1794 νοσήσας.

1651 1807 1921 1875 Τίσανδρος]
1935 1812 1998 1856 sic
2017 1826 2108 1870 pro
2123 1812 2310 1872 vulgata
2327 1807 2552 1874 Ἴσανδρος
2570 1811 2886 1868 scribendum,

1585 1885 1654 1928 uti
1675 1891 1836 1928 monet
1858 1882 2074 1932 SinteniS.
2087 1918 2099 1942 ,
2123 1884 2313 1929 laudato
2329 1884 2577 1930 Andocide
2593 1885 2675 1933 Or.
2697 1884 2757 1930 de
2775 1898 2891 1944 pace

1588 1957 1615 2018 ξ
1643 1973 1704 2018 29
1723 1966 1769 2002 et
1795 1963 1898 2014 147.

2095 2047 2402 2068 ψ

2215 2131 2291 2161 12.

1657 2221 1872 2280 Fulgent.
1897 2217 2076 2264 Vocum
2105 2219 2285 2278 antiqq.
2326 2220 2570 2279 interpret.
2596 2220 2700 2264 init.
2735 2235 2748 2264 ε
2773 2219 2896 2264 San·

1591 2293 1800 2352 dapilam
1817 2296 1994 2351 antiqui
2010 2293 2099 2336 dici
2110 2290 2584 2349 volueruntferewum
2601 2302 2891 2348 mortuorum,
2944 2349 2951 2352 -

1595 2360 1649 2402 id
1659 2367 1730 2402 est
1751 2359 1945 2403 loculum
1956 2372 1972 2413 ,·
1996 2373 2087 2403 non
2108 2361 2152 2401 in
2174 2373 2259 2417 quo
2278 2356 2497 2401 nobilium
2516 2373 2729 2418 cmpora,
2749 2359 2835 2403 sed
2850 2363 2898 2404 iu

1594 2446 1682 2490 quo
1694 2431 1979 2490 plebeiorum
1997 2441 2133 2490 atque
2152 2431 2474 2474 damnatorum
2490 2432 2716 2476 cadavera
2730 2441 2899 2493 porta·
2946 2445 2950 2451 ·

1596 2504 1764 2546 bantur
1781 2519 1796 2545 .·
1816 2506 1934 2546 sicut
1947 2500 2265 2546 Stesimbrotas
2295 2502 2488 2547 Thasius
2506 2504 2566 2547 de
2589 2514 2728 2548 morte
2750 2505 2900 2565 Poly·-

1596 2579 1736 2618 cratis
1759 2575 2019 2620 Samiorum
2040 2579 2161 2636 regis
2180 2578 2359 2636 scripsit
2379 2576 2535 2620 diceas
2552 2592 2567 2620 :
2591 2577 2900 2636 Posteaquam

1596 2649 1655 2692 de
1673 2664 1803 2692 cruce
1821 2649 2052 2708 depositus
2071 2649 2321 2708 sandapila
2352 2653 2494 2693 etiam
2521 2650 2789 2709 deportatus
2813 2660 2896 2699 est.

1597 2746 1665 2758 --·
1679 2723 1772 2766 Pro
1807 2721 2000 2765 Thasius
2027 2721 2168 2766 codd.
2193 2722 2414 2766 nonnulli
2436 2721 2629 2768 Stasius.
2652 2724 2803 2781 Quem
2822 2723 2902 2768 ha·

1598 2794 1755 2838 buerit
1771 2794 2042 2854 Fulgentius
2065 2794 2357 2839 Stesimbroti
2379 2795 2684 2854 interpretem
2707 2791 2914 2839 latinum*

1600 2881 1778 2925 quaero,
1799 2867 1911 2911 Non
1933 2867 2078 2926 magis
2105 2876 2285 2911 constat
2305 2866 2364 2910 de
2389 2882 2556 2926 opere,
2580 2868 2665 2911 ubi
2682 2867 2782 2912 haec
2799 2864 2903 2913 Ste-

1598 3000 1640 3038 in
1656 3000 1760 3041 libro
1777 3001 1843 3040 cui
1864 3001 2007 3042 titulus
2023 3003 2083 3042 est
2101 3004 2161 3043 De
2173 3001 2441 3042 Themistocle
2457 3002 2498 3042 et
2520 3001 2754 3053 Thucydide
2778 3004 2820 3043 et
2836 3005 2905 3044 Pe-

1600 3065 1712 3110 ricle,
2255 3116 2258 3118 Δ

2225 3135 2296 3177 11.

1655 3201 1941 3253 Legitimorum
1960 3202 2068 3242 enim
2096 3202 2220 3253 ipsius
2246 3202 2423 3257 filiorum
2442 3202 2541 3242 natu
2570 3201 2773 3242 maximus
2797 3203 2906 3241 Xan·

1604 3267 1780 3318 thippus,
1793 3267 1915 3307 homo
1930 3269 2020 3309 tum
2033 3269 2176 3308 natura
2187 3269 2448 3318 sumptuosus
2459 3269 2547 3307 tum
2559 3267 2738 3308 mulieris
2748 3266 2909 3317 juvenis

1605 3333 1645 3372 et
1671 3331 1846 3382 prodigae
1867 3332 2032 3378 maritus
2053 3332 2162 3382 (erat
2183 3332 2271 3371 haec
2286 3330 2367 3371 filia
2387 3331 2595 3382 Tisandri,
2623 3330 2754 3381 neptis
2771 3330 2908 3381 Epily-

1606 3396 1642 3436 ci
1654 3396 1668 3446 )
1681 3426 1693 3447 ,
1710 3396 1833 3446 patris
1848 3396 2133 3446 parsimoniam
2149 3406 2252 3446 aegre
2266 3395 2396 3435 ferens
2405 3425 2418 3446 ,
2433 3394 2606 3435 tenuiter
2622 3394 2660 3435 ei
2671 3395 2858 3445 sumptus
2868 3394 2909 3435 et

1607 3471 1689 3504 non
1707 3459 1914 3503 confertim
1937 3459 2246 3510 suppeditantis,
2267 3459 2377 3499 misit
2402 3458 2473 3510 qui
2492 3458 2544 3498 ab
2573 3458 2703 3499 amieo
2733 3458 2908 3510 quodam

1608 3524 1723 3576 quasi
1738 3524 1852 3574 Jussu
1871 3524 2029 3570 Periclis
2043 3524 2252 3574 pecuniam
2275 3524 2442 3574 peteret.
2469 3523 2525 3574 (3)
2543 3525 2601 3563 Eo
2615 3522 2760 3563 deinde
2773 3522 2909 3562 datam

1609 3590 1822 3642 pecuniam
1845 3591 2097 3640 reposcente,
2115 3588 2286 3629 Pericles
2300 3587 2342 3627 in
2359 3584 2558 3638 J'udicium
2579 3587 2750 3627 vocavit.
2823 3589 2912 3627 Hoc
2977 3583 2978 3586 ’

1609 3657 1862 3707 Xanthippus
1879 3655 2106 3698 adolescens
2120 3653 2279 3704 indigne
2299 3653 2450 3703 serens,
2470 3653 2626 3703 patrem
2645 3649 2834 3692 conviciis
2846 3650 2910 3691 in-

1611 3724 1785 3763 sectatus
1801 3722 1883 3772 est,
1910 3721 2040 3772 primo
2065 3730 2132 3771 per
2152 3719 2277 3759 risum
2299 3717 2490 3768 evulgans
2509 3718 2596 3768 ejus
2613 3716 2745 3757 studia
2770 3715 2910 3757 dome-

1611 3787 1709 3827 stica
1724 3795 2005 3836 sermonesque
2019 3794 2112 3826 cum
2130 3782 2358 3823 rhetoribus
2375 3780 2547 3821 habitos,
2613 3782 2765 3831 Nempe
2783 3790 2912 3831 quum

1613 3850 1834 3902 Charippus
1849 3848 2105 3900 quinquertio
2121 3847 2339 3898 Epitimum
2353 3844 2597 3886 Pharsalium
2612 3844 2747 3894 jaculo
2765 3843 2912 3895 impru-

1614 3915 1710 3955 dens
1733 3913 1982 3962 confixisset,
2007 3911 2204 3954 Periclem.
2212 3920 2305 3950 cum
2321 3910 2536 3960 Protagora
2558 3910 2690 3948 totum
2713 3907 2820 3948 diem
2838 3907 2912 3948 ab·

1614 3978 1824 4029 sumpsisse
1841 3975 2097 4028 disceptando
2119 3991 2128 4015 :
2154 3975 2411 4025 ,iaculumnffi
2430 3984 2483 4013 an
2501 3973 2572 4024 qui
2593 3972 2634 4012 id
2652 3972 2833 4023 jecisset,
2859 3983 2914 4015 an

1615 4055 1710 4088 vero
1735 4041 1910 4093 praerecti
1939 4040 2124 4085 ludorum
2140 4038 2288 4084 rectius
2308 4037 2538 4078 dicerentur
2561 4047 2724 4077 causam
2748 4036 2786 4077 ei
2803 4037 2911 4079 casui
2991 4085 2995 4093 .

1616 4107 1846 4158 praebuisse.
1899 4106 2097 4145 Praeterea
2120 4102 2360 4143 calumniam
2378 4100 2428 4142 de
2453 4112 2579 4141 uxore
2604 4111 2674 4142 sua
2699 4100 2742 4140 in
2767 4100 2915 4151 vulgus
2984 4103 2985 4106 ’

1617 4183 1792 4223 sparsam
1809 4183 1832 4210 a
1854 4170 2079 4220 Xanthippo
2104 4168 2389 4210 Stesimhrotus
2409 4167 2487 4216 ait,
2503 4165 2749 4217 omninoque
2766 4165 2912 4216 impla·
3011 4161 3013 4171 “

1618 4236 1784 4276 cabilem
1800 4233 2037 4275 discordiam
2052 4244 2180 4283 usque
2195 4231 2248 4271 ad
2259 4231 2430 4271 mortem
2446 4229 2483 4271 ei
2498 4241 2592 4270 cum
2607 4230 2718 4281 patre
2731 4238 2912 4280 perman·

1619 4301 1712 4343 sisse
1734 4317 1741 4339 :
1767 4301 1875 4350 peste
1896 4298 2000 4339 enim
2022 4297 2136 4348 periit
2154 4296 2414 4346 Xanthippus.
