3016 4628
0 394 248 487 ΕΞπολιτείᾳ,
273 421 316 468 ἐν
339 423 375 485 ᾧ
395 416 635 471 δικάζουσιν
659 410 860 460 ἀκουσίου
891 408 1019 475 φόνου
1042 407 1118 455 καὶ
1143 408 1270 470 βουλ..
1274 404 1318 450 ύ

25 509 139 558 μως
162 495 200 540 οἱ
227 490 390 557 ἐφέται.
426 486 567 552 Ἔσχε
593 484 637 533 δὲ
667 483 742 532 καὶ
771 482 822 530 τὸ
843 479 1116 544 δικαστήριον
1132 477 1218 536 ’τὴν
1242 481 1317 524 τοῦ

27 563 37 586 ”
83 563 286 614 αλλαδίου
316 558 582 622 ἐπωνυμίαν,
609 555 685 604 καὶ
708 557 747 603 οἳ
777 552 977 602 δικασταὶ
999 551 1078 609 τὴν
1115 552 1200 597 τῶν
1225 551 1320 614 ἐφε-

28 626 120 688 ἑῶν
155 638 362 684 ἐντευθεν.
431 625 747 702 Ἀγαμέμνονος
771 625 880 690 μετὰ
903 627 988 672 τῶν
1021 622 1220 688 Ἀργείων
1244 640 1319 667 συν

6 712 99 776 τῷ
121 705 359 770 Παλλαδίῳ
378 694 702 769 προενεχθέντος
725 699 958 757 Ἀθήναιςε
942 695 984 752 ἐξ
1009 695 1162 754 Ἰλίου,
1179 698 1323 756 Δημο-

106 799 128 828 ν
144 779 324 845 ἁρπάζει
339 776 387 823 τὸ
409 773 675 830 Παλλάδιον,
696 770 770 818 καὶ
786 767 967 822 πολλους
983 771 1067 814 τῶν
1085 766 1325 814 διωκόντων

0 798 121 930 ἔξω
94 857 223 917 αιρεῖ.
276 847 556 912 Ἀγαμέμνων
586 844 629 892 δὲ
655 841 920 908 δυσχεράνας
943 839 1065 896 δίκην
1088 838 1160 886 τὸν
1186 837 1325 922 ἁρπά·

0 931 177 987 ittarta
215 921 410 980 ἀπαιτεῖ,
446 918 521 969 καὶ
555 915 805 964 συνίσταται
839 913 888 961 τὸ
921 910 1195 974 δικαστήριον
1228 911 1243 968 (
1265 913 1327 956 sic

5 990 149 1052 libri
167 997 288 1054 du03
311 1003 419 1040 cett.
447 987 696 1056 κριτήριον)
724 986 795 1035 ἐπὶ
814 985 1081 1044 πεντήκοντα
1107 983 1183 1047 μὲν
1206 982 1330 1039 ’·Αθη

3 1094 24 1141 ’,
41 1067 189 1135 ναίων,
213 1064 482 1124 πεντήκοντα
512 1062 557 1110 δὲ
584 1059 799 1127 Ἀργείων,
828 1058 899 1113 οὒς
937 1056 1088 1123 ἐφέτας
1120 1057 1328 1104 ἐκάλεσαν

6 1139 165 1205 ,παρὰ
203 1138 254 1187 τὸ
288 1135 589 1229 ἀμφοτέρωθεν
631 1135 850 1197 (plurimi
890 1133 1002 1179 libri
1044 1127 1327 1194 ἀμφοτέρων,

8 1211 209 1270 suidas
223 1210 326 1277 παρ’
351 1208 635 1274 ἀμφοτέρων)
661 1209 860 1273 ἐφεθηναι
895 1205 1038 1256 αὐτοῖς
1057 1202 1112 1250 τὰ
1136 1204 1214 1260 τ’ἥς
1237 1199 1328 1266 κρί-

7 1314 11 1322 ·
48 1300 175 1338 cmc.

108 1361 220 1418 Quae
257 1357 316 1402 de
345 1357 525 1417 origine
553 1355 801 1400 nominum
838 1351 1115 1406 afferuntur,
1147 1364 1247 1395 non
1277 1363 1335 1392 ex

10 1412 312 1525 ξΑιίειοιεΙο,
334 1430 417 1475 sed
437 1445 462 1474 e
486 1427 750 1474 Clitodemo
777 1427 941 1471 hausta
981 1439 1074 1468 esse
1095 1423 1332 1477 videntur,

13 1510 191 1566 ἧφιιιιιι
212 1503 338 1548 hunc
355 1510 516 1547 testem
539 1500 698 1546 laudet
721 1498 884 1544 Suidas
905 1513 950 1543 v.
972 1493 1077 1544 Ἐπὶ
1098 1490 1335 1555 Παλλαδίῳ

11 1553 210 1621 ίοαᾶειιι
246 1574 409 1619 iisdem
433 1573 529 1618 fere
555 1573 708 1617 verbis
744 1570 958 1616 afferens.
989 1568 1108 1615 Vide
1132 1575 1237 1612 not.
1276 1564 1336 1610 ad

29 1625 295 1696 Clitodemi
311 1646 370 1691 fr.
400 1661 472 1691 12.
493 1644 562 1692 Cf.
587 1643 876 1689 Phanodemi
905 1656 980 1696 ια,
1006 1640 1173 1685 Pollux
1195 1638 1334 1692 VIII,

42 1719 162 1769 118.
193 1721 265 1764 De
287 1734 339 1763 re
368 1733 415 1762 v.
440 1719 698 1762 Hermann.
725 1717 760 1760 1.
792 1715 823 1761 l.
851 1714 878 1773 ξ
912 1719 1027 1768 1043
1055 1711 1333 1759 O.Mi·1ue1·.

48 1778 286 1850 Eumenid.
305 1807 356 1851 p.
385 1788 498 1846 1553
521 1790 816 1835 Schoemann.
837 1787 997 1845 Antiq.
1021 1801 1070 1845 p.
1093 1799 1204 1844 290.

668 1917 715 1962 6.

27 2045 73 2094 ί
114 2042 300 2093 Idem:
338 2036 613 2093 Βουλευσεως
651 2035 939 2128 ἐγκλήματος
956 2034 1092 2098 ὄνομα
1119 2034 1188 2082 ἐπὶ
1226 2035 1340 2081 δυοῖν

22 2105 323 2176 ’ζξεττόμενον
336 2110 630 2176 πραγμάτων·
649 2109 696 2158 τὸ
714 2108 768 2172 μὲ
770 2129 791 2157 ν
815 2108 899 2174 γάρ
920 2110 1035 2156 ἐστιν
1060 2106 1163 2155 ὅταν
1188 2106 1270 2162 ἐξ
1252 2126 1342 2153 επι-

25 2183 210 2243 ,βουλῆς
229 2184 293 2239 τίς
314 2203 396 2233 τινι
417 2182 725 2248 κατασκευάσῃ
751 2182 994 2244 θάνατον,’
977 2181 1050 2230 εάν
1079 2200 1126 2228 τε
1146 2179 1342 2244 ἀποθάνῃ

36 2249 82 2325 ’.ᾖ
97 2255 453 2311 ἓπιόουλευθεὶς’
436 2255 510 2304 εάν
534 2275 580 2303 τε
602 2255 688 2319 μή
712 2254 760 2302 τὸ
782 2255 817 2302 δ’
843 2253 985 2320 ἕτερον
1005 2253 1106 2300 ὅταν
1132 2273 1196 2307 τις
1227 2255 1343 2317 ἔγγε-

35 2329 301 2396 xpaffln'voq
324 2331 382 2383 ὡς
415 2327 596 2394 ὀφείλων
628 2330 692 2392 τῷ
717 2327 912 2392 δημοσίῳ
937 2325 1160 2383 δικάζηταί
1178 2344 1260 2373 τινι
1290 2328 1347 2379 ὡς

34 2386 107 2549 ἐγώ
136 2400 308 2455 δικαίως
337 2399 466 2451 αὐτον
493 2399 790 2467 ἐγγεγραφότι.
816 2402 905 2448 Τοῦ
932 2399 1011 2461 μὲν
1038 2402 1110 2446 οὖν
1137 2397 1347 2462 προτέρου

126 2479 253 2540 ρτυς
245 2473 451 2526 ῗΙσαῖος’
433 2491 476 2519 εν
501 2492 564 2540 τῳ
586 2471 694 2537 πρὸς
717 2471 980 2537 Εὐκλείδην,
1002 2470 1075 2519 ἐπὶ
1105 2470 1346 2536 Παλλαδίῳ

106 2563 193 2609 γων
227 2535 335 2593 εἶναι
359 2542 436 2598 τὰς
473 2543 624 2606 δίκας,
645 2543 880 2609 Δείναρχος
903 2542 992 2592 δὲ’
972 2563 1015 2592 εν
1039 2545 1099 2608 τῶ
1122 2541 1236 2591 κατα
1259 2546 1347 2591 Πι-

87 2617 179 2666 ίου
203 2620 247 2666 ἐν
267 2617 417 2682 Ἀρείῳ
433 2616 578 2682 πάγω.
597 2617 892 2682 Ἀριστοτέλης
915 2618 951 2664 δ’
973 2619 1016 2665 εν
1041 2620 1093 2682 τῇ
1118 2616 1350 2675 Ἀθηναίων

50 2683 253 2758 ωιτείᾳ
278 2709 340 2755 τῳ
362 2688 510 2754 Ἰσαίω
530 2696 766 2753 συμφωνεῖ.

36 2772 82 2811 ³⁹
100 2765 544 2824 Harpocrationem
555 2764 795 2823 exscripsit
806 2763 970 2809 Suidas
985 2779 1020 2808 s.
1036 2779 1081 2810 v.
1100 2762 1167 2809 Cf.
1190 2763 1348 2808 Lexic.

60 2814 257 2905 Qetor.
276 2837 324 2881 in
340 2835 485 2885 Bekk.
509 2838 599 2904 An).
626 2851 676 2895 p.
707 2851 820 2882 220.

679 2965 723 3007 7.

53 3014 99 3033 ¹⁴.

60 3062 98 3114 ,ἦ
130 3067 295 3117 Idem:
325 3065 448 3115 Ἐπι
473 3067 624 3131 Δελφ
639 3063 771 3112 ινίω.
797 3063 1086 3130 Δικαστήριόν
1105 3068 1220 3113 ἔστιν
1242 3065 1353 3114 οὕτω

0 3169 23 3195 ,ι
62 3138 329 3211 wetiga-mov
370 3137 584 3196 Ἀθήνησι.
654 3137 912 3193 Δικαζονται
930 3138 973 3185 δε
996 3141 1179 3186 ἐνταυθα
1198 3141 1236 3186 οἱ
1257 3142 1356 3200 ὃμο-

19 3220 25 3286 ’γ
62 3193 291 3275 ᾘγοῧντες
329 3208 405 3272 μὲν
438 3210 745 3269 ἀπεκτονέναι,
781 3209 954 3264 δικαίως
988 3210 1033 3258 δὲ
1071 3212 1356 3271 πεποιηκέναι

0 3290 25 3322 ³
51 3295 81 3329 μ’
104 3312 121 3320 ν
169 3301 190 3331 ο
208 3284 474 3346 λέγοντες,“
451 3303 508 3337 ως
528 3283 843 3346 Δημοσθένης’
824 3302 867 3330 εν
884 3286 944 3330 τῶ
969 3284 1065 3330 κατ’
1087 3283 1358 3350 Ἀριστοκρά-

0 3443 5 3460 .
182 3420 296 3461 tetes
323 3420 364 3460 in
381 3421 523 3461 Athen.
542 3423 636 3471 Rep.
663 3421 807 3469 tradit,
837 3421 879 3460 in
899 3433 980 3472 quo
1002 3421 1052 3461 de
1079 3421 1188 3461 caede
1213 3423 1354 3462 incon-

52 3478 98 3535 ζ
148 3507 164 3537 ,·
195 3485 405 3524 commissa
419 3487 461 3525 et
479 3485 530 3524 de
543 3484 694 3525 insidiis
713 3485 808 3525 vitae
827 3485 990 3525 alterius
1011 3487 1174 3526 structis
1192 3487 1355 3537 Ephetae

73 3542 104 3587 .’.“’
185 3564 189 3582 .·
211 3549 258 3588 t.
279 3549 579 3595 Tribunal,vero
597 3548 781 3598 Palladii,
796 3549 952 3599 Judices
965 3551 1100 3589 autem
1121 3551 1355 3601 ephetarum

133 3615 216 3658 'vn
240 3612 345 3655 nacti
365 3617 457 3652 sunt
476 3612 579 3652 hanc
597 3612 649 3653 ob
680 3622 840 3653 causam
862 3629 872 3652 ι
898 3613 1087 3653 nimirum
1105 3624 1232 3665 quum
1256 3618 1358 3664 Aga-

14 3724 17 3731 ἧ
98 3682 169 3730 ‚2³11
191 3685 232 3715 ο
253 3677 293 3715 et
323 3675 454 3727 Argivi
472 3677 593 3728 Troia
621 3675 834 3717 redeuntffi
861 3687 953 3717 cum
980 3677 1156 3717 Palladio
1185 3679 1360 3719 Athenas

33 3729 38 3751 ²
71 3748 74 3769 ²
99 3732 311 3799 170'1‘11issent
322 3771 333 3791 ,
350 3741 584 3792 Demophon
614 3741 837 3782 Palladium
855 3742 1009 3793 rapuit,
1027 3745 1068 3782 et
1086 3743 1236 3783 multos
1253 3743 1358 3783 inse-

36 3789 41 3817 *
60 3799 63 3834 i
79 3803 284 3859 „stuunſjss⁴¹
303 3804 461 3844 occidit.
480 3806 694 3856 Propterea
721 3804 946 3856 indignatus
966 3810 1208 3856 Agamemno
1228 3807 1360 3857 puniri

37 3869 102 3925 ἰχ
174 3879 274 3908 rem
299 3870 487 3920 postulat.
514 3874 569 3910 Ac
595 3870 850 3910 constituitur
874 3871 1068 3921 judicium
1093 3882 1143 3911 ex
1161 3873 1360 3924 quinqua-

64 3930 98 3980 ξ’
128 3928 141 3937 ”
160 3955 162 3957 ·
191 3932 500 3984 Atheniensibus
512 3935 760 3986 totidemque
771 3936 946 3987 Argivis3
959 3947 1061 3987 quos
1069 3937 1222 3987 judices
1236 3937 1360 3987 Ephe·

73 3989 120 4057 ζ.
148 4020 151 4021 ⁷
195 4019 199 4029 -
222 3997 394 4048 ἐφιθῆναι
408 4009 507 4039 voce
525 3999 814 4050 nominarunt,
819 4000 928 4050 quod
943 4002 995 4042 ab
1009 4005 1179 4054 utraque
1202 4000 1361 4051 litigan-

21 4071 27 4080 ·
191 4059 573 4112 purte-iudiciumne
586 4063 823 4114 permissum
838 4066 910 4104 est.

64 4186 132 4251 ,ἵ
150 4216 154 4226 ·
209 4194 387 4242 λεύσεως.
405 4198 476 4237 Est
490 4207 637 4238 nomen
655 4198 846 4247 actionis,
873 4209 964 4249 quac
979 4198 1138 4238 duobus
1160 4199 1197 4238 in
1220 4198 1357 4238 crimi-

70 4265 81 4275 ·”
187 4274 190 4276 ·
211 4257 342 4300 locum
363 4259 547 4302 habebat.
565 4264 699 4302 Unum
727 4263 809 4312 est,
827 4271 952 4313 quum
967 4262 1055 4314 quis
1082 4263 1175 4302 vitae
1196 4262 1364 4312 alicujus

0 285 27 391 ξ’
896 250 1380 335 ΑΤΗΕΝιΕΝειυΜ
1416 278 1826 329 assensum.

2588 299 2674 339 107

1397 421 1492 455 τους
1521 402 1587 463 (ᾗ.
1615 397 1698 462 74)
1726 400 1848 455 δηλοῖ
1886 396 1960 444 καὶ
1987 397 2283 462 Ἀριστοτέλης
2303 400 2345 444 ἐν
2370 403 2421 462 τῇ
2444 398 2677 458 Ἀθηναίων

1393 472 1606 537 πολιτεία.
1634 473 1703 519 Cf.
1729 472 1796 516 id.
1819 487 1864 516 v,
1891 467 2136 532 Δελφίνιον,
2160 472 2350 516 Pausan
2381 474 2427 526 Ι,
2456 472 2540 526 283
2580 475 2683 516 Pol-

1395 547 1613 601 luxVIII,
1633 543 1959 604 1193Bekker.
1978 542 2157 588 Anecd.
2173 544 2210 596 Ι,
2222 558 2271 600 p.
2293 542 2405 598 2553
2429 546 2681 588 Hermann.

1397 621 1422 682 §
1448 625 1562 674 104,
1583 617 1666 674 15;
1689 617 1872 661 Miiller.
1893 615 2136 660 Eumenid.
2161 630 2209 674 p.
2239 613 2323 658 151
2346 631 2448 674 sqq.

1465 692 1632 749 [Arist.
1658 690 1761 734 Pol.
1781 690 1860 743 IV,
1893 687 1947 732 13
1963 721 1975 745 ‚
1996 702 2023 730 2
2053 702 2063 730 :
2092 682 2312 749 Τέταρτον
2335 683 2378 730 δὲ
2404 686 2602 749 (φονικοῦ
2624 679 2689 733 εἶ-

1401 763 1469 816 δος
1484 764 1498 826 )
1514 799 1526 820 ,
1546 759 1625 807 ὅσα
1649 762 1736 813 τοῖς
1760 756 1964 824 φεύγουσι
1988 755 2115 821 φόνου
2136 755 2209 802 ἐπὶ
2229 755 2397 820 καθόδῳ
2419 756 2691 822 ἐπιφέρεται,

1399 825 1486 881 οἷον
1516 831 1719 892 Ἀθήνησι
1756 828 1930 894 λέγεται
1968 830 2043 876 καὶ
2083 827 2132 877 τὸ
2159 830 2202 875 ἐν
2238 828 2458 895 Φρεαττοῖ
2489 829 2695 888 δικαστή-

1403 924 1506 973 ριον.
1530 906 1549 970 ]

1983 1031 2155 1046 m

1471 1109 1653 1174 [Arist.
1693 1110 1796 1155 Pol.
1833 1110 1914 1168 IV,
1942 1123 2000 1167 9,
2034 1123 2091 1152 10
2123 1123 2134 1151 ε
2173 1107 2387 1166 Optimos
2417 1107 2701 1180 legislatoles

1409 1199 1503 1228 esse
1527 1183 1591 1228 ait
1613 1181 1698 1227 τῶν
1722 1178 1888 1264 μέσων
1886 1179 2097 1225 πολιτῶν·
2121 1175 2272 1225 Σόλων
2297 1195 2343 1222 τε
2367 1170 2499 1244 γὰρ
2471 1197 2523 1235 ην
2542 1180 2589 1225 ἐκ
2605 1179 2702 1225 τού-

1405 1273 1491 1300 των
1514 1253 1528 1316 (
1552 1254 1674 1310 δηλοῖ
1698 1252 1740 1298 δ’
1763 1252 1812 1297 ἐκ
1835 1253 1912 1307 τῆς
1932 1269 2006 1298 ποι
2010 1248 2203 1312 ήσεως),
2228 1260 2317 1296 etc.
2344 1250 2362 1313 ]

1476 1327 1571 1390 [Id.
1593 1327 1694 1373 Pol.
1721 1327 1784 1382 ΙΙ,
1807 1341 1855 1386 9,
1879 1339 1906 1368 2
1938 1341 1949 1368 :
1978 1322 2158 1371 Σόλωνα
2178 1321 2259 1369 δ”
2235 1341 2335 1369 ενιοι
2361 1320 2437 1384 μὲν
2461 1315 2621 1370 οἴονται
2637 1343 2704 1371 νο-

1411 1397 1593 1460 μοθέτην
1620 1395 1818 1461 γενέσθαι
1835 1396 2091 1442 σπουδαῖον·
2116 1393 2372 1459 ὀλιγαρχίαν
2397 1413 2443 1440 τε
2460 1393 2543 1459 γὰρ
2567 1414 2707 1442 κατα-

1410 1474 1540 1519 λυσαι
1564 1469 1661 1516 λίαν
1688 1469 1875 1534 ἄκρατον
1909 1472 2056 1526 ουσαν,
2086 1466 2160 1514 καὶ
2194 1466 2450 1513 δουλεύοντα
2474 1466 2545 1514 τὸν
2571 1468 2706 1530 δῆμον

1412 1562 1607 1602 παυσαι,
1641 1541 1717 1589 καὶ
1759 1540 2056 1607 δημοκρατίαν
2098 1542 2372 1597 καταστῆσαι
2402 1539 2481 1598 τὴν
2511 1539 2710 1605 πάτριον,

1416 1615 1600 1679 μίξαντα
1625 1616 1770 1668 καλως
1799 1611 1876 1671 τὴν
1898 1612 2137 1662 πολιτείαν.
2206 1604 2336 1660 Εἶναι
2359 1611 2443 1678 γὰρ
2468 1611 2545 1669 τὴν
2568 1613 2685 1676 μὲν’
2667 1634 2709 1660 εν

1414 1690 1562 1755 Αρείῳ
1582 1687 1712 1753 πάγῳ
1743 1686 1901 1751 βουλὴν
1925 1683 2219 1750 ὀλιγαρχικὸν,
2243 1683 2292 1731 τὸ
2315 1683 2359 1731 δὲ
2383 1683 2509 1739 τὰς’
2486 1685 2624 1751 αρχὰς
2644 1689 2710 1733 αἱ·

1417 1761 1541 1826 ρετὰς
1574 1758 1948 1825 ἀριστοκρατικὸν,
1988 1756 2044 1805 τὰ
2081 1758 2127 1804 δὲ
2163 1756 2424 1823 δικαστηρια
2463 1758 2710 1820 δημοτικόν.

1415 1834 1562 1884 Ἔοικε
1595 1832 1641 1880 δὲ
1675 1831 1827 1882 Σόλων
1859 1833 1999 1880 ἐκεῖνα
2035 1830 2111 1895 μὲν
2139 1831 2391 1896 ὑπάρχοντα
2425 1830 2631 1896 πρότερον
2665 1833 2712 1879 οὐ

1419 1908 1691 1965 καταλῦσαι,
1713 1905 1792 1964 τήν
1809 1924 1856 1952 τε
1877 1903 2036 1969 βουλὴν
2064 1903 2138 1951 καὶ
2163 1903 2241 1962 τὴν
2266 1906 2350 1949 τῶν
2373 1904 2518 1970 ἀρχῶν
2537 1903 2712 1970 αἵρεσιν,

1415 1979 1486 2028 τὸν
1513 1978 1556 2026 δὲ
1579 1980 1714 2042 δῆμον
1738 1981 2036 2037 καταστῆσαι,
2070 1976 2126 2024 τὰ
2157 1976 2414 2038 δικαστήρια
2448 1976 2633 2035 ποιήσας
2667 1979 2716 2024 ἐκ
2736 2016 2745 2025 .

1417 2052 1606 2100 πάντων.
1624 2051 1701 2100 Διὸ
1714 2051 1787 2098 καὶ
1808 2050 2053 2117 μέμφονταί
2070 2069 2178 2104 τινες
2191 2051 2323 2114 αὐτῷ·
2344 2048 2568 2116 λῦσαιγὰρ
2592 2050 2716 2097 fui-ts·-

1419 2145 1505 2191 ρον,
1523 2124 1669 2189 κύριον
1685 2123 1929 2182 ποιήσαντα
1953 2123 2002 2170 τὸ
2021 2122 2295 2188 δικαστήριον
2321 2121 2521 2181 πάντων,
2544 2123 2715 2188 κληρω-

1419 2197 1491 2261 τὸν
1510 2196 1573 2244 ὄν·
1593 2196 1685 2243 ἐπεὶ
1705 2195 1788 2261 γὰρ
1808 2195 1922 2242 τοῦτ’
1938 2194 2103 2259 ἴσχυεν,
2123 2192 2271 2259 ὥσπερ
2296 2192 2490 2259 τυράννῳ
2511 2196 2572 2258 τῷ
2591 2194 2716 2258 δήμῳ

1417 2268 1693 2334 χαριζόμενοι
1705 2267 1784 2326 τὴν
1797 2267 2018 2315 πολιτείαν
2038 2269 2095 2321 εἷς
2108 2265 2185 2324 τὴν
2198 2271 2270 2313 νῦν
2286 2266 2580 2332 δημοκρατίαν
2593 2266 2716 2313 κατέ·

1423 2361 1607 2400 στησαν.
1622 2341 1713 2391 Καὶ
1734 2340 1810 2398 τὴν
1831 2340 1907 2404 μὲν
1928 2343 1971 2388 ἓν
1984 2339 2131 2404 Ἀρείῳ
2150 2338 2280 2405 πάγῳ
2307 2338 2464 2404 βουλὴν
2482 2338 2718 2404 Ἐφιάλτης

1422 2413 1622 2462 ἐκόλουσε
1649 2413 1723 2461 καὶ
1759 2415 2002 2478 Περικλῆς,
2027 2410 2082 2459 τὰ
2108 2411 2152 2458 δὲ
2184 2407 2443 2477 δικαστήρια
2480 2411 2719 2478 μισθοφόρα

1423 2487 1662 2545 κατέστησε
1682 2489 1901 2551 Περικλῆς
1913 2523 1926 2545 ,
1941 2484 2015 2532 καὶ
2029 2489 2175 2532 τοῦτον
2194 2483 2246 2542 δὴ
2271 2484 2343 2532 τὸν
2361 2483 2518 2549 τρόπον
2537 2483 2719 2540 ἕκαστος

1423 2563 1507 2608 τῶν
1525 2562 1799 2623 δημαγωγῶν
1817 2558 2064 2624 προήγαγεν
2083 2557 2220 2613 αὔξων
2240 2559 2298 2611 εἷς
2315 2557 2393 2616 τὴν
2416 2562 2488 2604 νῦν
2507 2558 2722 2622 δημοκρα-

1424 2632 1537 2682 τίαν.
1559 2631 1773 2680 Φαίνεται
1797 2631 1832 2679 δ’
1858 2633 1904 2678 οὐ
1924 2630 2037 2678 κατὰ
2056 2629 2134 2687 τὴν
2159 2629 2356 2682 Σόλωνος
2374 2630 2571 2693 γενέσθαι
2597 2634 2722 2677 τοῦτο

1424 2704 1690 2770 προαίρεσιν,
1702 2703 1815 2752 ἀλλὰ
1834 2705 1999 2767 μᾶλλον
2015 2702 2100 2750 ἀπὸ
2119 2701 2462 2764 συμπτώματος·
2481 2705 2555 2759 τῆς
2565 2721 2723 2767 ναυαρ-

1427 2778 1527 2843 χίας
1560 2778 1644 2845 γὰρ
1677 2779 1720 2824 ἐν
1758 2783 1846 2831 τοῖς
1880 2777 2092 2834 Μηδικοῖς
2113 2778 2135 2822 ὁ
2172 2777 2309 2838 δῆμος
2346 2773 2479 2828 αἴτιος
2502 2776 2725 2839 γενόμενος

1427 2849 1803 2916 ἐφρονηματίσθη,
1830 2849 1905 2897 καὶ
1927 2848 2214 2912 δημαγωγοὺς
2238 2846 2368 2894 ἔλαὸε
2390 2848 2575 2913 φαύλους
2595 2885 2609 2911 ,
2639 2851 2718 2895 ἀν-

1428 2921 1813 2985 τιπολιτευομένων
1849 2925 1933 2973 τῶν
1970 2923 2187 2983 ἐπιεικῶν,
2227 2919 2318 2967 ἐπεὶ
2353 2919 2503 2968 Σόλων
2539 2941 2586 2985 γε
2615 2921 2724 2968 ἔοικε

1428 2994 1506 3053 τὴν
1526 2993 1872 3055 ἀναγκαιοτάτην
1888 2992 2139 3041 ἀποδιδόναι
2156 2995 2216 3058 τῷ
2235 2991 2359 3058 δήμῳ
2377 2991 2638 3056 δύναμιν,τὸ
2651 2993 2726 3046 τὰς

1434 3066 1572 3133 ἀρχὰς
1592 3068 1804 3133 αἱρεῖσθαι
1830 3067 1905 3130 καὶ
1926 3066 2111 3114 εὐθύνειν
2126 3085 2136 3095 ·
2172 3063 2282 3128 μηδὲ
2302 3065 2385 3131 γὰρ
2413 3065 2563 3112 τούτου
2587 3064 2728 3130 κύριος

1436 3139 1494 3188 ὢν
1515 3145 1537 3188 ὃ
1566 3143 1699 3203 δῆμος
1718 3142 1864 3194 δοῦλος
1885 3139 1936 3187 ἂν
1959 3139 2026 3198 εἴη
2056 3138 2130 3189 καὶ
2150 3137 2367 3204 πολέμιος.
2402 3138 2495 3193 Τὰς
2520 3138 2563 3186 δὲ
2591 3140 2731 3204 ἀρχὰς

1440 3214 1489 3260 ἐκ
1511 3215 1596 3259 τῶν
1629 3213 1858 3280 γνωρίμων
1875 3212 1950 3262 καὶ
1976 3215 2060 3259 τῶν
2085 3211 2275 3277 εὐπόρων
2299 3211 2540 3272 κατέστησε
2559 3231 2731 3271 πασας,

1437 3288 1486 3333 ἐκ
1519 3289 1600 3333 τῶν
1633 3286 2110 3350 πεντακοσιομεδίμνων
2143 3287 2217 3333 καὶ
2253 3288 2456 3349 ζευγιτῶν
2481 3285 2555 3332 καὶ
2584 3285 2726 3351 τρίτου

1429 3423 1636 3463 insidiatus
1662 3425 1786 3474 esset,
1818 3424 1902 3464 sive
1932 3425 2155 3463 moreretur
2185 3424 2219 3463 is
2245 3423 2316 3474 qui
2348 3423 2500 3463 insidiis
2520 3422 2718 3472 appetitus

1433 3487 1520 3526 erat
1535 3517 1546 3535 ,
1576 3487 1659 3527 sive
1677 3499 1781 3537 non;
1803 3488 1974 3527 alterum
1994 3489 2076 3535 est,
2094 3499 2222 3538 quum
2245 3487 2314 3538 qui
2337 3487 2379 3526 in
2400 3486 2545 3526 tabulis
2561 3486 2730 3537 puhlicis

1430 3551 1561 3590 aerarii
1590 3551 1747 3591 debitor
1763 3555 1865 3592 esset
1893 3551 2133 3602 inscriptus,
2161 3552 2361 3592 actionem
2390 3551 2528 3590 contra
2555 3550 2728 3600 aliquem

1412 3613 1672 3664 institueret,
1689 3615 1933 3655 contendens
1945 3626 2092 3655 nomen
2111 3626 2228 3656 suum
2241 3615 2282 3654 in
2295 3614 2438 3655 tabulis
2456 3613 2599 3663 injuste
2616 3613 2667 3653 ab
2682 3625 2728 3653 eo

1432 3677 1665 3729 inscriptum
1689 3689 1786 3719 esse.
1813 3682 1872 3719 De
1889 3679 2021 3730 priore
2038 3679 2276 3728 criminum,
2293 3680 2340 3718 ut
2356 3681 2478 3718 Isaeus
2493 3678 2533 3716 in
2552 3678 2729 3717 oratione

1433 3745 1574 3782 contra
1598 3743 1803 3787 Euclidem
1822 3745 2009 3794 testatur,
2029 3743 2080 3783 ad
2102 3744 2325 3784 Palladium
2338 3742 2612 3793 J’udicahatur3
2631 3753 2727 3780 con-

1433 3807 1495 3846 tra
1520 3807 1746 3848 Dinarchus
1772 3808 1814 3847 in
1843 3808 2024 3848 oratione
2055 3807 2243 3849 adversus
2270 3808 2430 3848 Pistiam
2462 3807 2502 3845 in
2528 3811 2731 3855 Areopago

1434 3872 1543 3913 dicit.
1567 3876 1667 3913 lsoeo
1686 3874 1904 3917 assentitur
1926 3873 2156 3916 Aristoteles
2171 3874 2212 3913 in
2239 3875 2337 3923 Rep.
2365 3871 2680 3915 Atheniensium.

1486 4006 1550 4047 Ad
1564 4008 1858 4059 Delphinium.
1875 4008 2038 4053 Athenis
2054 4009 2139 4048 erat
2159 4007 2235 4051 hoc
2249 4007 2409 4046 nomine
2422 4005 2550 4045 sorum
2563 4002 2732 4052 judicia-

1437 4070 1566 4121 rium,
1600 4072 1643 4112 in
1668 4083 1750 4123 quo
1781 4083 1943 4112 causam
1973 4071 2182 4120 dicebant,
2203 4070 2273 4121 qui
2304 4069 2455 4109 caedem
2482 4066 2728 4106 commisisse

1437 4136 1654 4175 faterentur
1665 4165 1677 4184 ‚
1693 4136 1761 4176 sed
1775 4135 1866 4186 jure
1886 4136 1926 4176 id
1944 4135 2081 4176 fecisse
2097 4145 2138 4174 se
2153 4132 2457 4180 contenderent,
2476 4131 2537 4170 uti
2558 4133 2729 4169 testatur

1439 4199 1723 4240 Demosthenes
1740 4199 1921 4240 oratione
1938 4200 2078 4241 contra
2099 4197 2377 4238 Aristoni-atem
2390 4225 2401 4244 ‚
2430 4197 2470 4234 et
2489 4194 2730 4235 Aristoteles

1438 4265 1532 4314 Rep.
1555 4263 1693 4304 Athen.
