3016 4628
281 322 295 360 1
310 319 329 358 7
342 320 366 358 4

268 422 326 462 ita
341 402 540 462 scribit
515 433 555 460 c.
578 415 624 472 5,
643 421 697 469 li:
715 412 857 462 Οὖκ”
827 431 1003 472 ωκνησα
1022 413 1097 460 καὶ
1116 413 1254 477 λέγειν
1267 433 1341 461 και
1357 413 1509 479 γράφει
1499 432 1549 471 ν,

265 489 330 535 ὅτι
355 487 430 545 τὴν
455 490 514 533 ὑπ
515 486 855 550 ’Ἀριστοτέλους
869 485 1218 548 παραδιδομένην
1243 486 1436 551 ἱστορίαν
1452 484 1550 547 περὶ

264 564 340 618 τῆς
375 558 575 612 ἀποικίας
606 557 921 623 ἀληθινωτέραν
947 562 1055 605 εἰναι
1095 557 1326 620 συμὸαίνει
1359 561 1434 614 τ’ἧς
1469 554 1551 603 υπὸ

266 630 455 693 Τιμαίου
479 629 726 694 λεγομένης.
759 628 943 679 Σύνοιδα
967 628 1049 695 γὰρ
1075 634 1161 682 τοῖς
1184 628 1422 694 ἀνθρώποις
1442 630 1549 689 ὁμο-

262 705 458 764 λογοῧσιν
488 701 553 750 ὅτι
575 700 869 765 παραδόσιμος
892 703 1035 755 αὐτοῖς
1063 702 1174 748 ἐστὶν
1210 701 1320 758 αὕτη
1352 717 1451 763 περι
1474 701 1550 754 τῆς

265 775 466 828 ἀποικίας
484 777 512 831 ἡ
536 773 659 839 φήμη
676 773 797 838 παρὰ
816 772 1030 838 πατέρων,
1048 773 1101 830 ἣν
1122 770 1413 836 Ἀριστοτέλης
1437 767 1547 832 εἴρη-

263 866 350 904 κεν,
370 848 418 893 οὐ
441 847 644 909 Τίμαιος.
671 846 761 895 Καὶ
786 845 948 893 τούτοιν
975 865 1023 908 γε
1047 843 1245 896 τοιαύτας
1265 842 1410 906 ἔφερον
1428 843 1548 886 ἀπο-

263 918 409 973 δείξεις
428 938 474 967 κ.
521 938 564 966 τ.
589 920 632 967 λ.
662 935 763 979 quae
801 919 927 978 apud
961 919 1111 976 ipsum
1137 916 1385 975 Polybium
1408 914 1545 972 legas.

262 995 332 1036 De
348 1008 398 1038 re
414 993 472 1038 cf.
488 993 672 1039 Miiller.
693 993 803 1038 Dor.
834 992 896 1046 II,
920 1005 1010 1046 227
1036 1005 1104 1047 sq.

850 1074 960 1122 230.

329 1164 538 1208 Clemens
558 1164 689 1208 Alex,
715 1163 882 1206 Strom.
914 1159 1017 1218 I,p.
1048 1154 1138 1201 352
1178 1155 1299 1214 Sylb.
1332 1171 1341 1198 ι
1366 1153 1544 1213 Χαμαι·

262 1231 371 1278 λέων
393 1236 417 1279 ὃ
441 1230 749 1297 Ἡρακλεώτης
776 1231 818 1276 ἐν
849 1231 910 1292 τῷ
945 1226 1053 1292 Περὶ
1087 1225 1216 1287 μέθης
1242 1224 1316 1271 καὶ
1344 1223 1539 1288 Ἀριστο-

261 1303 386 1362 τέλης
421 1305 462 1350 ἐν
502 1309 555 1367 τῇ
595 1306 772 1366 Λοκρῶν
810 1300 1003 1365 πολιτείᾳ
1043 1298 1259 1348 Ζάλευκον
1283 1297 1354 1345 τὸν
1378 1297 1545 1362 Λοκρὸν

262 1375 382 1439 παρὰ
423 1380 501 1434 τῆς
535 1376 712 1433 Ἀθηνᾶς
752 1371 848 1425 τοὺς
888 1372 1038 1435 νόμους
1076 1368 1313 1433 λαμὸάνειν
1342 1372 1544 1433 ἀπομνη-

266 1446 505 1508 μονεύουσι.

327 1522 481 1569 Schol.
500 1522 687 1568 Pindar.
730 1523 805 1568 Ol.
833 1522 921 1575 XI,
959 1530 1035 1579 17,
1059 1518 1117 1563 de
1142 1521 1408 1563 Locrorum
1431 1516 1543 1560 civi-

262 1603 354 1637 tate
374 1609 384 1636 :
408 1592 578 1656 Καίπερ
591 1592 769 1656 τραχεῖα
786 1583 890 1638 οῧσα
905 1590 1159 1650 εὐνομεῖται.
1175 1587 1259 1636 Διὰ
1271 1586 1312 1633 τί
1334 1586 1394 1645 δὲ,
1414 1585 1542 1651 φησὶν

261 1661 566 1726 Ἀριστοτέλης.
591 1662 771 1720 Ἐπειδὴ
803 1661 885 1726 γὰρ
915 1663 1101 1724 ἐχρῶντο
1139 1662 1200 1725 τῷ
1229 1661 1331 1724 θεῷ,
1365 1661 1456 1712 πῶς
1491 1657 1542 1705 ἂν

260 1735 420 1791 πολλῆς
434 1738 627 1799 ταραχῆς
646 1737 946 1797 ἀπαλλαγεῖεν,
965 1732 1156 1787 ἐξέπεσεν
1176 1733 1317 1785 αὐτοῖς
1328 1730 1542 1795 χρησμὸς,

259 1809 423 1860 ἑαυτοῖς
457 1806 610 1869 νόμους
643 1806 858 1869 τίθεσθαι,
894 1805 961 1852 ὅτε
996 1805 1071 1852 καί
1105 1825 1166 1858 τις
1199 1804 1382 1867 ποιμὴν,Δ
1407 1803 1542 1866 ὄνομα

259 1877 295 1924 δ’
312 1871 363 1935 ἦν
382 1878 617 1937 Ζάλευκος,
642 1878 823 1932 πόλλους
847 1877 999 1939 νόμους
1018 1877 1212 1936 δυνηθείη
1237 1883 1325 1930 τοῖς
1348 1875 1543 1931 πολίταις

257 1952 508 2014 εἰσενεγκεῖν
530 1950 748 2012 δοκίμους·
766 1949 965 2013 γνωσθεὶς
979 1949 1022 1996 δὲ
1043 1949 1116 1996 καὶ
1138 1949 1390 2016 ἐρωτηθεὶς,
1411 1948 1540 1997 πόθεν

257 2020 392 2086 εὕροι,
406 2021 559 2087 ἔφησεν
579 2021 770 2069 ἐνύπνιον
796 2024 910 2087 αὐτῷ
925 2021 1003 2079 τὴν
1019 2022 1196 2080 Ἀθηνᾶν
1217 2019 1512 2086 παρίστασθαι
1525 2039 1537 2051 ·

256 2093 320 2140 διὸ
340 2094 464 2147 αὐτός
487 2114 533 2141 τε
561 2094 847 2160 ἠλευθέρωται
878 2094 952 2141 καὶ
983 2093 1212 2156 νομοθέτης
1234 2093 1441 2152 κατέστη.
1467 2095 1537 2141 Cf.

254 2169 486 2212 Plutarch.
530 2170 653 2213 Mor.
690 2185 738 2228 p.
767 2167 885 2226 543,
913 2171 954 2214 A
994 2166 1073 2232 (p.
1112 2168 1206 2213 656
1246 2167 1444 2230 Didot).
1471 2169 1541 2214 De

253 2241 470 2284 Minervae
507 2242 634 2284 cultu
670 2243 891 2286 Locrensi
924 2257 950 2286 a
975 2242 1224 2286 Corinthiis
1246 2239 1542 2301 Syracusanis

252 2312 506 2357 derivando
538 2329 584 2357 v.
609 2314 791 2360 Miiller.
816 2315 848 2358 l.
883 2315 914 2358 l.
939 2330 988 2374 p.
1016 2314 1109 2358 228
1126 2348 1138 2371 ,
1168 2331 1209 2361 1.
1232 2317 1303 2359 De
1334 2315 1533 2359 Zaleuco

251 2387 357 2431 vide
377 2387 576 2431 eundem
596 2397 643 2431 et
676 2388 792 2447 quos
815 2388 974 2433 laudat
995 2390 1249 2435 Hermann.
1276 2389 1309 2435 l.
1333 2389 1382 2444 l.‚
1407 2388 1435 2448 §
1460 2387 1539 2449 89.

842 2475 948 2520 231.

318 2560 335 2622 [
358 2562 545 2608 Aristot.
571 2563 672 2606 Pol.
700 2564 772 2620 ΙΙ,
803 2473 862 2624 9[‚
890 2562 915 2608 5
951 2474 969 2608 z]
991 2561 1236 2625 Νομοθέται
1254 2563 1290 2610 δ’
1316 2560 1536 2625 ἐγένοντο,

252 2631 464 2686 Ζάλευκος
487 2635 667 2696 Λοκροῖς
695 2641 780 2688 τοῖς
803 2635 1136 2702 Ἐπιζεφυρίοις.

315 2705 439 2751 Ibid.
472 2707 535 2750 ait
556 2709 805 2752 nonnullos
839 2717 1012 2754 temere
1044 2725 1237 2755 narrare
1268 2712 1539 2771 Lycurgum

251 2783 298 2819 et
338 2777 605 2833 Zaleucum,
642 2780 838 2824 Thaletis
874 2781 1148 2841 discipulos,
1188 2783 1374 2827 Zaleuci
1419 2782 1541 2840 Cha-
1615 2781 1776 2844 τρυφῆς
1803 2777 2062 2836 ἐληλακότες
2089 2780 2177 2842 (sc.
2211 2781 2251 2826 Οἳ
2275 2776 2577 2845 Συὸαρῖται),
2615 2785 2674 2834 ὥς
2693 2781 2769 2829 καὶ
2791 2779 2915 2845 παρὰ

302 2911 404 2950 Nihil
426 2923 514 2950 sum
534 2915 740 2954 cunctatus
755 2917 795 2954 et
814 2916 944 2956 dicere
955 2919 995 2957 et
1009 2918 1181 2958 scribere
1195 2919 1466 2958 narrationem
1485 2918 1536 2958 ab

253 2974 461 3015 Aristotele
477 2976 672 3026 proditam
686 2980 884 3019 memoriae
894 2991 1010 3031 super
1025 2982 1264 3022 deductione
1275 2982 1362 3032 ejus
1369 2982 1537 3022 colonioe

253 3038 446 3077 veriorem
465 3050 547 3078 esse
566 3051 611 3078 ea
633 3052 754 3090 quam
773 3044 887 3083 affert
910 3045 1097 3085 Timaeus.
1122 3048 1386 3097 compertum
1413 3057 1531 3086 nam-

251 3112 330 3150 que
339 3102 500 3141 mihiest
511 3103 612 3152 ipsos
626 3106 838 3146 Locrenses
847 3107 956 3146 fateri
971 3119 1058 3148 eam
1067 3120 1108 3149 se
1123 3120 1147 3148 a
1158 3110 1338 3160 patribus
1349 3110 1538 3150 traditam

251 3165 448 3214 accepisse
469 3166 618 3205 samam
638 3167 688 3206 de
713 3179 784 3207 sua
806 3170 981 3222 colonia,
999 3183 1122 3222 quam
1144 3174 1265 3213 habet
1282 3174 1535 3224 Aristoteles,

253 3238 332 3267 non
349 3239 468 3278 quam
488 3229 605 3269 habet
624 3231 809 3272 Timaeus.

841 3304 940 3344 230.

302 3364 552 3405 Chamaeleon
567 3368 797 3408 Heracleota
812 3371 852 3409 in
866 3371 964 3411 libro
978 3375 1035 3412 De
1047 3373 1235 3414 ebrietate
1251 3376 1290 3414 et
1311 3375 1538 3415 Aristoteles

252 3429 293 3467 in
318 3430 534 3468 Locrorum
554 3441 634 3479 rep.
654 3433 865 3473 Zaleucum
883 3438 1051 3476 Locrum
1078 3449 1102 3476 a
1118 3438 1295 3478 Minerva
1318 3439 1424 3489 leges
1446 3449 1538 3479 suas

248 3492 444 3542 accepisse
466 3495 699 3534 memorant.

307 3558 525 3596 Locrorum
556 3557 694 3597 civitas
724 3560 795 3599 etsi
828 3572 965 3612 aspera
993 3564 1142 3613 optime
1171 3565 1535 3607 administrabatur.

250 3621 424 3659 Causam
446 3619 501 3658 rei
516 3620 635 3660 tradit
652 3622 887 3663 Aristoteles.
915 3627 1069 3666 Etenim
1089 3639 1213 3678 quum
1232 3630 1351 3670 deum
1369 3630 1538 3671 interro-

251 3685 428 3733 gassent,
444 3683 643 3733 quomodo
659 3686 810 3735 magnis
821 3688 945 3727 turbis
964 3690 1119 3729 liberari
1136 3695 1308 3743 possent,
1323 3695 1476 3734 editum
1492 3695 1540 3735 iis

250 3747 459 3786 oraculum
481 3748 540 3786 est
555 3747 697 3796 jubens
715 3753 758 3788 ut
778 3750 847 3799 ipsi
871 3752 943 3790 sibi
957 3752 1058 3802 leges
1074 3755 1242 3806 ferrent,
1273 3769 1398 3808 quum
1415 3761 1452 3798 et
1473 3771 1539 3810 pa-

253 3814 335 3848 stor
347 3810 508 3860 quidam
524 3840 535 3859 ,
552 3811 744 3851 Zaleucus
760 3814 918 3853 nominc
930 3845 941 3863 ‚
959 3817 1104 3856 multas
1125 3819 1226 3867 leges
1242 3823 1370 3870 posset
1386 3823 1540 3862 civibus

255 3875 355 3912 serre
375 3874 639 3924 optimasque.
666 3876 856 3924 cognitus
879 3889 972 3916 vero
996 3882 1118 3929 atque
1144 3882 1407 3933 interrogatus
1432 3886 1539 3926 unde

252 3938 444 3977 inveniret
471 3938 595 3987 leges,
620 3938 722 3979 dixit
758 3951 825 3989 per
847 3942 1021 3990 quietem
1054 3944 1123 3992 ipsi
1149 3946 1363 3988 Minervam
1395 3952 1536 3990 astare.

251 4005 383 4049 Quare
398 4002 622 4043 libertatem
638 4003 674 4043 ei
692 4003 887 4044 dederunt
902 4007 942 4044 et
955 4007 1215 4056 legislatorem
1234 4013 1537 4055 constituerunt.

834 4071 929 4123 [231
943 4072 974 4124 .]

303 4136 473 4186 [Legum
491 4136 591 4176 lator
604 4137 678 4178 suit
693 4138 885 4178 Zaleucus
907 4142 1036 4180 Locris
1054 4142 1331 4194 Epizepliyriis.

306 4202 519 4239 Locrorum
537 4201 675 4240 civitas
692 4203 837 4242 interiit
854 4215 903 4242 cx
925 4205 1115 4245 affinitate
1136 4218 1228 4246 cum
1252 4209 1435 4259 Dionysio
1452 4223 1539 4253 con-

254 4264 386 4300 tracta.
416 4263 421 4312 Ι

1161 304 1566 356 ARISTOTELIS
1613 305 2041 356 FRAGMENTA.

1609 1103 1837 1162 .νοῦμμον,
1874 1101 1938 1164 ἐφ’
1967 1092 2014 1146 οῧ
2035 1100 2354 1149 ἐντετυπῶσθαι
2369 1102 2578 1170 Τάραντα
2598 1103 2671 1153 τὸν
2693 1107 2848 1155 Ποσει

1626 416 1824 461 ιοιιάειῐιι
1841 415 2121 475 discipulum
2136 415 2290 460 fuisse.
2311 418 2408 460 Lex
2430 418 2641 476 quaedam
2657 415 2941 498 Locrorum
2946 423 2950 426 ’

1628 505 1672 536 v.
1698 489 1755 534 fr.
1782 488 1888 534 123.
2855 505 2858 509 ·
2912 528 2949 551 ,3

1692 560 1796 606 Pol.
1817 563 1871 615 V,
1895 559 1938 614 6,
1966 575 2024 616 7:
2042 556 2100 606 Η
2119 560 2299 622 Λοκρῶν
2318 557 2441 614 πόλις
2457 560 2687 612 ἀπώλετο’
2668 582 2804 623 εκτης
2819 564 2955 630 πρ(

1627 629 1845 678 Διονύσιον
1869 629 2059 687 κηδείας.
2080 630 2099 693 ]

2055 736 2488 794 ΤΑΡΑΝΤΙΝΏΝ.

2217 835 2330 904 232.

1691 957 1859 1001 Pollux
1877 957 1976 1013 IX,
1997 955 2092 1003 80:
2122 954 2212 1003 Καὶ
2233 955 2575 1021 Ἀριστοτέλης’
2555 977 2599 1006 εν
2622 962 2678 1022 τῇ
2701 959 2743 1011 Γ
2745 936 2957 1028 αραντίιι

1625 1046 1708 1074 νων
1749 1027 1947 1091 πολιτείᾳ
1990 1027 2218 1075 καλεῖσθαί
2253 1048 2358 1095 φησι
2396 1029 2590 1093 νόμισμα
2629 1033 2736 1098 παρ’
2778 1036 2904 1094 αὐτό
2917 1094 2924 1099 ⁴
2998 1052 3000 1054 ’

1623 1172 2218 1237 νος,δελφῖνιέποχούμενον.
2237 1177 2459 1236 Sequitur
2481 1177 2540 1225 fr.
2573 1194 2686 1225 211.

1687 1246 1890 1303 Reliqua
1915 1261 2107 1304 quoque
2132 1263 2234 1306 quae
2251 1247 2311 1293 de
2327 1250 2491 1294 Siculis
2510 1259 2558 1295 et
2575 1252 2748 1297 Italicis
2767 1254 2943 1301 amuis*
2998 1279 3001 1303 ς

1621 1317 1791 1361 Pollux
1833 1317 1996 1374 affert,
2036 1319 2166 1364 haud
2201 1320 2347 1367 dubie
2384 1337 2442 1366 ex
2479 1322 2650 1369 eodem
2680 1320 2958 1381 Ηωιειτιιιι
2998 1366 3002 1367 ⁷

1622 1391 1889 1436 Aristotele.

2188 1472 2321 1535 [233.
2325 1470 2344 1536 J

1690 1550 1902 1636 [Aristot.
1929 1575 2031 1620 Pol.
2055 1572 2139 1635 IV,
2169 1580 2264 1632 [ηπ
2294 1573 2412 1623 ιἘν
2435 1570 2633 1642 Τάραντι
2655 1575 2731 1625 καὶ
2751 1577 2937 1635 Βυζαν-’

1622 1644 1701 1711 τίῳ
1724 1644 1799 1708 (τὸ
1827 1644 2069 1692 ἁλιευτικὸν
2089 1645 2331 1710 πολύοχλόν
2351 1647 2467 1696 ἐστιν
2485 1649 2520 1711 ).

1684 1721 1740 1776 V,
1767 1735 1816 1781 2,
1839 1718 1911 1764 8:
1934 1717 2011 1766 Ἐν
2032 1717 2230 1783 Τάραντι
2253 1718 2523 1778 ἡττηθέντων
2546 1719 2621 1768 καὶ
2638 1721 2920 1784 ἀπολομένων

1619 1791 1794 1838 πολλῶν
1820 1789 2048 1856 γνωρίμων
2073 1791 2158 1839 ὑπὸ
2187 1793 2274 1839 τῶν
2298 1790 2518 1857 Ἰαπύγων
2553 1793 2708 1860 μικρὸν
2735 1793 2915 1860 ὕστερον

1618 1865 1705 1910 τῶν
1730 1864 1942 1920 Μηδικῶν
1961 1863 2236 1929 δημοκρατία
2261 1864 2429 1929 ἐγένετο
2445 1868 2495 1913 ἐκ
2517 1866 2751 1922 πολιτείας.

1686 1938 1766 1995 VI,
1794 1937 1840 1995 3,
1855 1936 1910 1986 5:
1931 1937 2093 1992 Καλῶς
2111 1936 2148 1984 δ’
2167 1936 2263 2002 ἔχει
2286 1941 2512 2002 μιμεῖσθαι
2534 1937 2677 1987 καὶτὰ
2693 1939 2921 2004 Ταραντί-
2944 1961 2951 1964 ·

1617 2027 1700 2056 νων
1715 2027 1727 2039 ·
1745 2010 1898 2056 ἐκεῖνοι
1914 2008 1998 2074 γὰρ
2021 2008 2144 2058 κοινὰ
2160 2013 2378 2065 ποιοῦντες
2401 2009 2456 2058 τὰ
2472 2009 2678 2074 κτήματα
2697 2018 2787 2067 τοῖς
2807 2013 2920 2061 ἀπό·
2947 2058 2951 2059 ⁷

1619 2099 1706 2145 ροις
1733 2080 1807 2128 ἐπὶ
1828 2081 1908 2139 τὴν
1930 2085 2088 2148 χρῆσιν
2105 2081 2252 2131 εὔνουν
2270 2083 2648 2149 παρασκευάζουσι
2670 2083 2720 2132 τὸ
2743 2085 2918 2145 πλῆθος.
2932 2136 2952 2150 ,-

1616 2152 1721 2202 Ετι
1748 2154 1793 2202 δὲ
1834 2154 1910 2203 καὶ
1942 2159 2019 2210 τὰς
2044 2154 2182 2221 ἀρχὰς
2218 2155 2365 2211 πάσας
2388 2156 2598 2216 ἐποίησαν
2640 2156 2806 2219 διττὰς,
2841 2157 2922 2214 τὰς

1619 2227 1697 2290 μὲν
1741 2227 1913 2293 αἱρετὰς
1932 2267 1945 2288 ,
1987 2227 2064 2282 τὰς
2097 2227 2144 2276 δὲ
2165 2229 2423 2295 κληρωτὰς,
2447 2228 2526 2284 τὰς
2569 2229 2648 2293 μὲν
2691 2230 2956 2306 κληρωτὰς’,ἶ’

1619 2299 1734 2354 ὅπως
1759 2304 1782 2348 ὃ
1806 2303 1940 2364 δημος
1966 2303 2108 2349 αὐτῶν
2138 2302 2324 2385 μετέχῃ.
2350 2301 2427 2358 τὰς
2453 2303 2490 2351 δ’
2513 2302 2685 2370 αἱρετὰς
2707 2301 2782 2352 ἵνα
2792 2305 2952 2353 noxi-a

1617 2373 1828 2421 τεύωνται
1856 2378 1902 2438 βε
1885 2372 2041 2422 ’.λτιον
2063 2375 2082 2438 ]

2030 2480 2528 2544 ΚΡΟἝΩΝῙΑἹῺΝ.)

2183 2593 2278 2641 233
2305 2611 2349 2642 a.
2383 2594 2387 2596 ’

1682 2679 1931 2753 Athenaeus
1944 2709 2065 2765 XII,
2083 2723 2132 2768 p.
2153 2706 2271 2766 520,
2288 2709 2323 2755 C
2345 2724 2356 2754 ι
2384 2708 2462 2762 Εἰς
2473 2709 2724 2767 τηλικοῦτον
2746 2708 2785 2756 δ’
2802 2701 2916 2768 ἦσαν
2956 2706 2957 2712 “

2934 2372 2954 2417 ’ἱ

2002 2931 2215 2979 TAREN
2221 2931 2527 2980 TINORUM.

2205 3035 2308 3097 232.

1663 3123 1895 3164 Aristoteles
1921 3123 1962 3162 in
1978 3123 2285 3163 Tarentinorum
2303 3134 2388 3174 rep.
2409 3125 2612 3164 monetam
2635 3124 2743 3175 apud
2757 3135 2826 3168 eos
2838 3136 2909 3179 ap.-

1612 3188 1750 3239 pellari
1774 3197 2004 3236 nummum,
2023 3187 2064 3226 in
2087 3198 2168 3238 quo
2182 3198 2353 3228 excusus
2379 3190 2440 3228 est
2450 3191 2572 3229 Taras
2592 3189 2766 3240 Neptuni
2779 3189 2910 3242 filius,

1611 3251 1788 3303 delphini
1802 3251 1990 3292 insidens.

2186 3317 2288 3370 [233
2311 3318 2326 3371 J

1661 3394 1678 3447 [
1696 3398 1839 3446 Magna
1858 3395 1978 3435 turba
1992 3394 2236 3446 piscatorum
2255 3397 2314 3435 est
2333 3396 2494 3436 Tarenti
2512 3395 2758 3447 etByzantii

1661 3461 1822 3501 Tarenti
1840 3471 1967 3510 quum
1983 3459 2137 3499 nobiles
2152 3460 2269 3499 multi
2289 3459 2341 3499 ab
2359 3460 2572 3511 Iapygibus
2593 3460 2689 3505 victi
2705 3459 2911 3526 periissent

1609 3525 1744 3576 paullo
1761 3526 1851 3576 post
1869 3523 2046 3574 Medica,
2064 3534 2087 3563 e
2101 3523 2242 3574 politia
2258 3524 2362 3563 sacta
2378 3525 2439 3564 est
2450 3523 2708 3564 democratia

1661 3591 1787 3629 Juvat
1819 3589 1940 3629 etiam
1964 3587 2199 3627 Tarentinos
2218 3587 2388 3636 imitari,
2415 3588 2484 3637 qui
2514 3588 2806 3638 possessionum
2831 3594 2909 3628 usu

1609 3665 1704 3693 curn
1724 3653 1932 3704 egentibus
1958 3651 2258 3691 communicato
2271 3651 2560 3691 multitudinis
2587 3646 2907 3692 benevolentiam

1609 3718 1683 3758 sihi
1706 3718 1951 3768 comparant.
1986 3717 2188 3756 Praeterea
2207 3715 2515 3764 magistratuum
2534 3717 2715 3755 omnium
2737 3715 2821 3756 duo
2839 3725 2907 3767 ge-
2927 3743 2931 3745 >

1609 3794 1705 3823 nera
1718 3783 1919 3831 fecerunt,
1933 3782 1981 3820 ut
1994 3780 2060 3820 alu
2072 3779 2274 3830 suffragio
2291 3779 2580 3820 aliisortitione
2595 3781 2904 3823 mandarentur·
2894 3806 2918 3824 ..-

1610 3847 1840 3895 sortitione‚
1860 3847 1906 3885 ut
1922 3841 2040 3895 plebs
2070 3851 2208 3883 cotum
2227 3845 2330 3884 esset
2345 3843 2568 3895 particeps;
2595 3844 2806 3896 suffragio,
2825 3855 2852 3896 q
2890 3836 2929 3903 «fl

1610 3913 1754 3954 melius
1770 3911 1990 3962 respublica
2003 3909 2358 3950 administraretur.
2373 3909 2387 3964 ]
2897 3928 2906 3933 ,

1951 4009 2532 4073 (οΒοΤοΝιΑΤΑιιιιΜ.
2551 4011 2565 4073 )

2181 4117 2267 4158 233
2287 4126 2328 4159 a.

2884 4198 2885 4201 ,
2910 4182 2919 4198 O

1664 4213 1857 4265 Sybaritae
1887 4223 1934 4252 eo
1961 4210 2154 4263 progressi
2174 4212 2268 4250 sunt
2285 4210 2455 4250 luxuriae
2468 4240 2480 4259 ,
2497 4211 2542 4251 ut
2557 4220 2684 4261 equos
2696 4208 2815 4250 etiam
2829 4219 2853 4249 a
2864 4226 2869 4241 ι

1611 4277 1845 4316 suet‘eccrint
1875 4276 1976 4315 inter
2007 4274 2182 4325 ipsorum
2205 4275 2320 4324 epula
2344 4274 2487 4314 saltare
2513 4273 2563 4313 ad
2594 4273 2702 4313 tibiae
2722 4274 2923 4314 cauturus
