3016 4628
1137 341 1218 388 DE
1254 337 1453 387 REBUS
1501 337 1796 386 PUBLlcls.

133 464 206 514 καὶ
235 460 485 514 πολιτικῶς·
513 449 553 522 ᾧ
575 450 802 517 θυγατέρες
823 447 898 513 μὲν
928 447 1063 513 τρεῖς,
1092 444 1174 494 υἱοὶ
1199 445 1244 492 δὲ
1272 443 1409 502 ἑπτὰ,

55 538 58 539 ’
132 535 174 585 οἳ
219 536 269 588 τὸ,
306 532 424 598 γένος
463 529 596 581 οὕτως
627 523 833 584 ηὔξησαν,
871 521 981 568 ὥστε
1023 517 1276 583 Βακχιάδας
1315 514 1410 563 ἀντὶ

27 590 60 653 ff
134 606 424 672 Ἡρακλειδῶν
444 600 666 650 καλεῖσθαι
684 594 781 649 τοὺς
806 596 881 640 ἀπ’
902 593 1056 639 αὐτῶν.
1077 588 1128 654 (2)
1151 587 1411 653 Περίανδρος

133 678 179 727 δὲ
202 681 367 744 πρῶτος
398 672 633 738 μετέστησε
665 666 742 724 τὴν
797 663 957 730 ἀρχὴν,
984 660 1239 727 δορυφόρους
1281 658 1410 723 ἔχων,

134 750 208 798 καὶ
239 750 317 796 οὐκ
362 742 600 810 ἐπιτρέπων
648 741 691 786 ἐν
738 737 858 785 ἄστει
901 738 975 794 ζῆν
993 771 1005 793 ,
1050 733 1112 780 ἔτι
1155 731 1199 779 δὲ
1247 731 1407 805 δούλων

137 820 308 880 κτήσεις
346 818 420 867 καὶ
454 809 752 880 τρυφὴνὸλως
782 809 1030 874 περιαιρῶν.
1061 804 1245 868 Μέτριος
1283 802 1328 849 δὲ
1359 806 1412 859 ἠν

138 896 181 941 ἐν
207 893 369 950 ἄλλοις,
395 891 454 954 τῷ
474 906 520 936 τε
562 882 726 948 μηδένα
751 879 870 934 τέλος
900 878 1170 944 πράσσεσθαι
1195 872 1414 939 ἀρκεῖσθαί

136 983 182 1011 τε
200 965 286 1017 τοῖς
307 960 392 1010 ἀπὸ
412 963 487 1017 τῆς
511 960 667 1021 ἀγορᾶς
683 953 756 1002 καὶ
773 956 856 1000 τῶν
877 949 1082 1013 λιμένων.
1113 947 1206 997 Καὶ
1225 950 1286 1012 τῷ
1307 945 1415 1009 μήτε

137 1033 280 1086 ἄδικος
293 1032 402 1096 μήτε
422 1027 624 1095 ὓὸριστὴς
641 1020 768 1088 εἶναι,
796 1023 1082 1089 μισοπόνηρος
1106 1019 1174 1079 δὲ,
1191 1018 1266 1074 τὰς
1281 1037 1417 1083 προα·

137 1104 300 1170 γωγοὺς
322 1102 465 1156 πάσας
495 1098 794 1149 κατεπόντισε.
840 1094 1008 1153 Βουλὴν
1041 1091 1085 1140 δὲ
1125 1092 1190 1140 ἐπ’
1223 1090 1418 1156 ἐσχάτων

136 1175 411 1236 κατέστησεν,
439 1173 480 1223 οἳ
497 1175 571 1221 οὐκ
590 1170 762 1238 ἐφίεσαν
778 1171 974 1217 δαπανᾶν
1001 1164 1131 1214 πλέον
1148 1163 1175 1222 ἢ
1198 1163 1311 1211 κατὰ
1342 1161 1420 1217 τὰς

135 1246 380 1314 προσόδους.

588 1359 673 1412 VI.
714 1354 963 1405 ΗΛΕΙΩΝ.

207 1485 470 1537 Πανταλέων
508 1483 784 1532 ἐὸασίλευσεν
815 1484 858 1529 ἐν
896 1479 1084 1540 τούτοις,
1112 1475 1313 1542 ὑόριστὴς
1350 1474 1423 1522 καὶ

139 1558 339 1626 χαλεπός.
373 1551 512 1611 Οὗτος
535 1554 734 1621 πρέσὸεις
767 1553 872 1618 πρὸς
908 1550 1036 1598 αὐτὸν
1076 1548 1272 1602 ἐλθόντας
1304 1550 1423 1597 ἐκτε-

141 1633 233 1696 μὼν
253 1630 472 1694 ἠνάγκασε
491 1630 756 1693 καταφαγεῖν
780 1625 875 1679 τοὺς
898 1622 1054 1688 ὄρχεις.

540 1751 650 1801 vll.
688 1749 1023 1798 ΤΕΝΕΔΙΩΝ.

205 1877 387 1931 Τένεδος
415 1879 442 1934 ἡ
465 1879 593 1934 νῆσος
620 1874 669 1922 τὸ
701 1874 779 1937 μὲν
815 1873 857 1930 ἐξ
890 1877 1027 1939 ἀρχῆς
1054 1872 1299 1939 Λεύκοφρυς
1325 1874 1427 1919 ἐκα-

140 1952 282 2009 λεῖτο,
306 1947 449 2014 χρόνῳ
473 1946 518 1995 δὲ
538 1946 736 2012 ὕστερον,
761 1945 847 2011 πρὸ
867 1948 951 1993 τῶν
976 1949 1016 1994 Τ
1021 1947 1208 2011 ρωῖκῶν,
1234 1943 1396 2002 Τέννης
1412 1980 1426 2006 ,

81 2028 83 2030 ’
141 2021 363 2086 διενεχθεὶς
381 2020 486 2085 πρὸς
508 2019 581 2067 τὸν
598 2018 788 2084 πατέρα,
807 2017 1040 2084 συνῴκισεν
1061 2016 1213 2075 αὐτήν.
1241 2016 1428 2080 Λέγεται

141 2093 211 2159 δὲ,
234 2097 292 2148 ὡς
309 2091 696 2158 καταψευσαμένης
713 2092 842 2138 αὐτοῦ
863 2094 939 2148 τῆς
965 2097 1176 2155 μητρυιᾶς
1195 2089 1269 2137 καὶ
1291 2108 1429 2137 κατα-

144 2164 496 2231 μαρτυρήσαντος
526 2165 714 2222 αὐλητοῦ
746 2182 857 2217 τινος
893 2162 1113 2226 βιάζεσθαι
1148 2160 1339 2224 ταύτην,
1370 2164 1428 2215 εἷς

99 2260 101 2266 ⁴
141 2236 338 2302 λάρνακα
377 2234 605 2298 ἐμβληθεὶς
629 2234 712 2282 ὑπὸ
754 2239 829 2282 τοῦ
856 2234 1016 2300 πατρὸς
1052 2233 1226 2282 Κύκνου
1265 2234 1340 2282 καὶ
1370 2236 1429 2287 εἷς

143 2309 364 2356 θάλασσαν
391 2307 523 2373 ῥιφεὶς
549 2309 810 2364 διασωθῆναι
834 2305 939 2371 πρὸς
975 2305 1054 2364 τὴν
1081 2310 1228 2364 ν’ῆσον.
1271 2306 1355 2355 Διὰ
1386 2304 1430 2352 δὲ

144 2380 192 2427 τὸ
212 2379 566 2445 καταψεύσασθαι
587 2378 658 2425 τὸν
683 2376 875 2436 αὐλητὴν
899 2379 946 2425 οὐ
967 2378 1147 2441 νόμιμον
1169 2381 1226 2433 εἷς
1248 2378 1296 2425 τὸ
1319 2377 1430 2442 ἱερὸν

35 2460 78 2548 ᾖ
146 2451 336 2510 αὐλητὴν
364 2451 556 2500 εἰσιέναι.

39 2521 85 2590 'J
113 2587 117 2589 -
211 2540 249 2571 2.
286 2520 394 2572 “Oti
429 2521 660 2587 Ἀμαυρὸς,
699 2522 839 2586 χωλὸς
866 2522 960 2577 τοὺς
984 2522 1143 2583 πόδας,
1180 2523 1432 2571 ἐὸασίλευσε

144 2595 316 2654 ταύτης.

47 2704 68 2757 ἃ
211 2684 248 2716 3.
288 2666 435 2729 Νόμον
461 2666 506 2713 δέ
525 2666 621 2714 τινά
645 2686 749 2732 φασι
778 2670 862 2715 τῶν
893 2667 1105 2732 βασιλέων
1127 2667 1340 2722 Τενεδίοις
1364 2667 1431 2715 θέ-

51 2759 69 2781 2
147 2745 267 2800 σθαι,
291 2738 331 2786 εἴ
348 2758 410 2793 τις
432 2738 560 2786 λάὸοι
585 2739 757 2804 μοιχὸν,
774 2739 1045 2787 Αἀποκτείνειν
1069 2745 1215 2788 τοῦτον
1241 2739 1430 2791 πελέκει.

2675 350 2785 390 213’

1482 441 1588 491 juste
1607 442 1648 482 et
1674 441 1876 481 moderate
1899 440 1937 480 id
1958 441 2258 483 administravit.
2284 444 2325 483 Ei
2351 444 2440 483 tiliae
2457 444 2536 484 tres
2557 444 2716 484 suerunt
2731 448 2777 484 et

1484 514 1555 554 tilii
1571 515 1721 564 septem
1737 543 1748 563 ,
1766 524 1835 564 per
1850 524 1950 563 quos
1964 514 2020 552 ita
2035 514 2189 554 soboles
2211 518 2296 564 ejus
2316 518 2434 555 aucta
2446 547 2457 566 ‚
2480 518 2523 555 ut
2541 517 2772 556 Bacchiadae

1485 585 1711 626 dicerentur
1727 596 1798 635 pro
1819 584 2058 634 Heraclidis,
2082 586 2151 634 qui
2169 586 2214 625 iis
2233 597 2468 627 successere.
2495 588 2546 638 (2)
2565 589 2772 628 Periander

1484 658 1637 708 primus
1664 656 1955 707 rempublicam
1977 657 2229 706 immutavit,
2247 658 2478 698 satellitium
2501 660 2573 699 sibi
2592 671 2771 709 sumens,

1485 740 1613 779 neque
1628 729 1668 768 in
1686 728 1783 768 urbe
1799 728 1936 768 vivere
1963 729 2069 778 plebi
2088 731 2342 785 permittens,
2371 740 2585 781 servosque
2605 732 2710 772 alere
2734 734 2775 771 et

1486 802 1660 842 deliciari
1681 801 1894 852 prohibens
1908 814 1919 851 ;
1936 801 1978 839 in
1993 800 2154 850 reliquis
2174 801 2378 841 moderate
2391 813 2432 841 se
2452 804 2567 852 gessit
2582 815 2605 842 a
2620 805 2777 844 nemine

1488 874 1687 914 tributum
1707 873 1901 924 exigendo
1916 903 1928 923 ,
1944 872 2012 912 sed
2028 874 2241 913 contentus
2255 874 2455 913 venalium
2471 876 2724 924 vectigalibus
2738 879 2779 916 et

1489 946 1689 998 portoriis.
1710 949 1849 996 Neque
1869 946 2041 996 injustus
2062 956 2191 995 neque
2205 946 2401 986 violentus
2417 948 2515 996 erat,
2539 947 2629 986 odio
2645 949 2779 987 autem

1491 1019 1630 1058 habuit
1655 1018 1869 1069 improbos.
1893 1020 2027 1064 Quare
2048 1017 2157 1056 lenas
2172 1028 2310 1057 omnes
2336 1018 2437 1057 mari
2462 1018 2633 1068 demergi
2650 1019 2777 1068 Jussit.

1493 1091 1553 1132 Ad
1569 1093 1793 1132 extremum
1813 1090 1964 1130 curiam
1980 1089 2208 1140 constituit,
2226 1089 2295 1139 qui
2310 1100 2390 1129 non
2408 1091 2680 1140 permitterent
2695 1091 2783 1141 plus

1493 1174 1720 1215 quenquam
1737 1173 1968 1203 consumere
1983 1173 2105 1213 quam
2118 1162 2271 1202 reditu's
2290 1162 2451 1202 ferrent.

1914 1357 2000 1405 VI.
2037 1357 2240 1407 ELEOR
2253 1356 2363 1406 UM.

1548 1482 1764 1522 Pantaleon
1788 1482 1975 1522 Eleorum
1996 1493 2068 1522 rex
2091 1493 2162 1533 per
2182 1483 2462 1522 contumeliam
2487 1484 2526 1522 et
2549 1483 2786 1533 proterviam

1498 1554 1624 1594 multa
1639 1553 1823 1604 patravit.
1846 1556 1884 1594 Is
1905 1554 2054 1605 legatos
2070 1554 2121 1594 ad
2136 1565 2178 1595 se
2193 1556 2332 1595 missos
2353 1555 2540 1595 castravit
2555 1556 2594 1595 et
2619 1556 2786 1595 testicu-

1498 1627 1557 1666 los
1573 1637 1712 1666 vorare
1734 1626 1874 1677 coegit.

1850 1752 1960 1800 Vll.
1998 1752 2440 1800 TENEDIORUM.

1552 1880 1732 1920 Tenedus
1768 1880 1899 1920 insula
1931 1881 2041 1921 initio
2077 1881 2331 1932 Leucophrys
2367 1881 2608 1930 vocabatur5
2638 1884 2792 1931 postero

1501 1953 1705 2002 tempore,
1726 1954 1819 1993 ante
1839 1953 1998 2003 Troica,
2021 1956 2200 2005 Tenues,
2233 1955 2299 1993 cui
2326 1953 2531 1994 dissidium
2559 1961 2652 1994 cum
2682 1956 2793 2004 patre

1503 2024 1793 2074 intercedebat,
1830 2025 1983 2064 colonia
2012 2036 2100 2064 eam
2135 2025 2414 2076 frequentavit.
2448 2027 2698 2076 Narrantque
2720 2038 2792 2065 no·

1502 2107 1633 2136 vercae
1649 2097 1856 2136 calumniis
1880 2097 2059 2147 falsoque
2077 2097 2251 2137 tibicinis
2269 2098 2519 2146 testimonio,
2539 2110 2619 2148 quo
2639 2099 2719 2137 vim
2740 2098 2795 2137 illi

1503 2167 1680 2208 intulisse
1694 2169 1913 2217 dicebatur,
1945 2170 2262 2219 circumventum
2280 2171 2400 2220 atque
2423 2181 2526 2210 arcae
2543 2181 2566 2209 a
2581 2173 2694 2221 patre
2714 2171 2793 2210 im-

1503 2241 1676 2290 positum
1693 2242 1733 2280 et
1748 2242 1788 2280 in
1817 2231 1926 2281 mare
1945 2244 2171 2292 conjectum
2187 2242 2238 2281 ad
2263 2243 2434 2282 insulam
2458 2243 2612 2282 salvum
2633 2254 2715 2283 esse
2731 2243 2795 2282 de-

1504 2313 1644 2352 latum.
1669 2314 1833 2364 Propter
1849 2314 1990 2353 falsum
2006 2326 2101 2354 vero
2117 2315 2288 2354 tibicinis
2303 2315 2574 2354 testimonium
2593 2316 2677 2364 lege
2692 2317 2798 2366 apud

1505 2385 1696 2426 Tenedios
1715 2386 1910 2426 sancitum
1931 2388 2010 2437 est,
2030 2398 2081 2426 ne
2103 2386 2250 2427 tibicen
2261 2388 2455 2438 templum
2471 2388 2723 2438 (Apollinis)
2738 2389 2797 2427 in·

1505 2449 1715 2500 grediatur.

1561 2537 1598 2571 2.
1639 2536 1856 2583 Amaurus‚
1889 2532 2052 2583 pedibus
2087 2532 2274 2582 claudus,
2311 2534 2350 2571 in
2379 2532 2535 2572 Tenedo
2579 2533 2704 2572 insula
2738 2545 2798 2571 re-

1506 2603 1653 2654 gnavit.
1868 2611 1872 2616 ·

1559 2682 1595 2717 3.
1627 2679 1768 2727 Legem
1788 2688 1811 2716 a
1832 2688 1922 2726 rege
1942 2677 2116 2727 quodam
2140 2677 2243 2728 apud
2276 2676 2469 2718 Tenedios
2495 2678 2616 2716 latam
2640 2677 2775 2716 dicunt
2790 2709 2800 2727 ,

1507 2759 1559 2788 ex
1579 2759 1658 2799 qua
1676 2750 1708 2789 si
1732 2749 1822 2799 quis
1847 2749 2072 2790 adulterum
2095 2749 2431 2800 deprehenderet,
2451 2749 2693 2789 interficeret
2711 2761 2802 2789 eum

146 2876 397 2918 Schneidew.
408 2876 576 2926 conjecit
591 2892 600 2916 x
615 2879 756 2928 Βάκχις
773 2879 794 2917 ὁ
807 2879 1002 2931 Πρύμνου.
1019 2878 1322 2930 --Βακχιάδας]
1334 2882 1431 2919 Βακ-

146 2936 256 2987 χίδας
275 2937 413 2976 AG...
426 2941 464 2974 2.
482 2934 706 2986 δορυφόρους
744 2935 886 2987 ἔχων.]
905 2937 966 2976 Cf.
993 2937 1102 2987 Diog.
1122 2939 1168 2976 L.
1187 2940 1219 2985 Ι,
1239 2942 1288 2978 98
1304 2938 1433 2983 εοῦτος

147 2997 295 3044 πρῶτος
304 2993 529 3044 δορυφόρους
546 2993 636 3044 ἔσχε
645 2994 712 3032 καὶ
723 2995 790 3041 τὴν
811 2988 930 3045 ἀρχὴν
947 2997 999 3040 εἷς
1009 2995 1210 3044 τυραννίδα
1225 2995 1435 3046 μετέστησε

50 3088 51 3091 ,
147 3051 214 3090 καὶ
222 3051 292 3090 οὐκ
300 3050 361 3090 εἶα
373 3052 411 3090 ἐν
423 3050 528 3090 ἄστει
543 3054 607 3098 ζῆν
619 3051 706 3096 τοὺς
718 3053 984 3103 βουλομένους,
998 3052 1099 3091 καθά
1110 3066 1222 3103 φησιν
1231 3053 1245 3067 ’'
1256 3056 1286 3092 E
1296 3067 1320 3104 φ
1330 3067 1350 3092 ο
1360 3067 1408 3104 ρο
1417 3068 1434 3099 ς

76 3111 80 3154 ζ
149 3106 233 3159 (tr.
264 3108 361 3156 106)
388 3108 454 3148 καὶ
488 3108 531 3148 Ἀ
545 3122 587 3160 ρι
602 3109 849 3156 στοτέὶης.
883 3113 1014 3157 Quem
1044 3110 1179 3149 locum
1209 3110 1311 3150 adde
1341 3113 1433 3161 post

72 3182 95 3216 1.
148 3163 309 3218 Aristot.
332 3165 380 3204 t'r.
401 3170 486 3205 102.
502 3169 564 3206 Ex
583 3166 740 3216 Ephoro
753 3177 825 3206 sua
840 3168 971 3207 hausit
983 3168 1102 3208 etiam
1118 3169 1303 3208 Nicolaus
1318 3171 1433 3208 Dam.

11 3235 13 3239 ⁷
74 3218 94 3265 ἑ
153 3220 236 3270 (fr.
259 3222 337 3271 38)
357 3222 399 3261 in
425 3225 524 3262 Exc.
556 3224 686 3263 Vales.
710 3235 750 3274 p.
777 3227 867 3264 450.
892 3228 1080 3265 Ceterum
1097 3237 1139 3265 v.
1161 3229 1204 3266 C.
1224 3224 1431 3277 'Wagnen

55 3273 105 3363 ‘Q‘
151 3281 212 3319 De
230 3279 442 3319 Periandro
461 3280 641 3322 Corinth.
665 3283 705 3321 et
719 3283 874 3322 Miiller.
902 3286 998 3323 Dor.
1018 3287 1050 3333 l,
1071 3294 1110 3333 p.
1133 3287 1366 3324 164—168.
1387 3310 1437 3318 -..

42 3358 117 3443 ῗέ
149 3337 1437 3446 {misai{3323ss⁵35¹11'231’13‘222'215532‘1s22....aliti

59 3473 66 3477 -
140 3469 205 3487 .--
218 3457 296 3496 τοῖς
311 3453 412 3507 ἀπὸ]
426 3453 513 3499 τοὺς
546 3454 624 3494 ἀπὸ
643 3456 689 3495 0.
718 3476 768 3484 -
780 3458 1054 3510 προαγωγοὺς]
1074 3459 1273 3509 Bc(e.›'’)s9
1289 3473 1301 3508 ;
1322 3473 1438 3511 προα-

59 3511 719 3621 {ffiritssat‘iussit‘i-“tz’isszss
733 3517 1060 3613 2323th
1080 3527 1102 3556 ⁰
1132 3516 1216 3614 {53²
1229 3517 1284 3614 >Z
1296 3519 1438 3615 &0⁰¹²

516 3598 527 3609 .
722 3600 732 3610 .
907 3587 914 3599 ¹
1103 3603 1112 3613 .
1294 3590 1306 3616 z
1383 3589 1442 3615 εο·

71 3623 123 3687 'ff
138 3663 143 3668 .
159 3626 272 3679 μένης
290 3626 312 3666 ὁ
336 3626 513 3678 τύραννος
536 3626 619 3678 (86.
643 3633 720 3668 τῶν
735 3631 995 3682 Μηθυμναίων
1012 3604 1049 3682 ),'
1069 3585 1100 3671 ἒ
1109 3635 1174 3672 καὶ
1194 3606 1261 3678 τ’ἀς
1279 3646 1443 3684 μαστρο-

77 3706 98 3733 ;,,
108 3730 119 3740 μ
155 3683 251 3729 ποὺς
265 3683 335 3730 τὰς
349 3685 563 3735 εἰθισμένας
575 3699 603 3725 π
616 3700 636 3737 ρ
646 3700 666 3726 ο
676 3701 734 3738 αγ
745 3703 778 3727 ω
790 3689 871 3738 γεύ
882 3703 900 3729 ε
910 3704 921 3728 ι
931 3703 950 3729 ν
966 3690 1033 3736 τὰς
1051 3690 1244 3742 ἐλευθέρας
1259 3695 1441 3736 γυναῖκας

30 3763 31 3768 =
75 3742 113 3794 §.J
156 3744 255 3792 τρεῖς
269 3742 294 3790 ἢ
312 3743 489 3794 τέτταρας
516 3744 582 3790 τὰς
611 3745 912 3795 ἐπιφανεστάτας
930 3750 1187 3799 πορευομένας
1205 3750 1365 3796 ἐνδήσας
1389 3751 1441 3794 εἰς

78 3799 90 3841 ¹
107 3810 110 3811 ⁷
161 3797 328 3845 σάκκους
343 3801 620 3841 καταποντίσαι
640 3803 717 3842 τισὶ
741 3804 970 3855 προστάξας.
987 3827 1039 3834 ——
1051 3806 1110 3845 ἐπ’
1135 3806 1312 3857 ἐσχάτων
1329 3807 1344 3858 ]
1372 3807 1439 3846 ἀπ’

72 3862 105 3907 ,j¹
162 3854 248 3906 ἐσχ-
281 3866 324 3906 p.
341 3857 420 3897 Vix
437 3868 546 3909 sana;
585 3860 644 3900 ἐπ’
666 3861 841 3911 ἐσχάτων
870 3873 944 3913 pro
967 3863 1139 3914 ἐσχάτως
1166 3866 1359 3914 usurpant
1380 3875 1441 3904 se-

86 3957 107 3987 ᾧ
163 3913 366 3976 ptuaginta
381 3915 612 3967 interpretes
631 3917 670 3957 in
691 3920 879 3959 Proverb.
900 3922 1048 3960 Salom.
1078 3927 1150 3971 25,
1174 3927 1220 3970 8,
1243 3922 1381 3961 Daniel
1399 3926 1443 3971 8,

163 3971 204 4016 4,
223 3970 399 4010 Ezechiel
418 3977 481 4021 35,
495 3978 534 4023 5,
551 3974 697 4014 citante
713 3976 869 4015 Koelero
882 3990 893 4026 ;
906 3978 1026 4027 atque
1042 3978 1099 4018 sic
1117 3980 1324 4018 verterunt
1340 3979 1443 4018 Vul-

64 4026 130 4070 ’ἑξ-κ,
163 4025 266 4078 teins
283 4029 324 4068 et
343 4029 525 4081 Gragius,
543 4031 735 4081 probante
751 4034 1069 4075 Schneidewino.
1092 4038 1271 4075 Fortasse
1299 4036 1399 4075 latet
1430 4052 1439 4076 ε

67 4118 83 4141 ‚¹
164 4082 396 4124 ἐπισκόπων.
410 4087 563 4127 Miiller.
583 4091 681 4128 Dor.
696 4092 730 4140 Ι,
744 4095 813 4131 167
839 4107 885 4130 2«
904 4095 968 4131 Er
983 4095 1115 4132 setzte
1127 4096 1194 4132 ein
1213 4093 1445 4143 peinliclzes

66 4158 78 4194 j
112 4146 127 4176 3
170 4140 350 4185 annom,
370 4143 507 4192 βουλὴν
523 4143 581 4183 ἐπ’
597 4145 786 4196 ἐσχάτων,
798 4158 923 4197 qeqen
948 4149 1183 4198 Verqeuder
1204 4149 1275 4188 des
1298 4151 1448 4189 vaeter-

168 4195 302 4236 licken
325 4199 576 4249 Vermoeqens
595 4201 752 4243 nieder.
768 4219 787 4238 n
812 4206 1038 4253 Wagnerus
1052 4207 1080 4246 l.
1104 4207 1131 4246 l.
1146 4217 1184 4256 p.
1206 4210 1250 4246 15
1269 4223 1279 4247 :
1303 4221 1322 4240 «
1342 4206 1447 4252 Quid

167 4253 199 4306 ὃ]
215 4247 352 4312 βουλὴν
371 4256 430 4297 ἐπ’
447 4258 623 4309 ἐσχάτων
643 4271 698 4300 sc.
717 4263 922 4313 χρημάτων
946 4264 1009 4304 vel
1030 4265 1210 4304 δαπανῶν
1232 4264 1442 4315 collegium

97 4310 130 4328 ⁴4

54 4478 146 4576 {fle}

57 4555 138 4628 effi.

1508 2880 1784 2930 intelligimus,
1803 2881 1868 2919 cui
1898 2881 2120 2920 cavendum
2137 2883 2244 2930 erat,
2262 2892 2312 2920 ne
2327 2882 2417 2931 quis
2449 2881 2685 2920 facultatum
2721 2892 2804 2919 sua-

1508 2949 1598 2977 rum
1614 2938 1778 2978 modum
1795 2950 1982 2989 superans
1998 2940 2143 2979 effusos
2160 2941 2341 2990 sumptus
2358 2941 2514 2978 faceret.
2541 2955 2559 2973 »
2579 2954 2596 2972 ι(
2615 2940 2803 2979 Neutram

1508 2997 1727 3044 rationem,
1753 2997 2079 3037 Schneidewinus
2108 2997 2239 3047 addit,
2269 2998 2332 3036 vel
2365 3008 2495 3036 sermo
2528 3007 2681 3047 graecus
2703 2997 2804 3036 ferre

1509 3054 1682 3094 Videtur.
1706 3071 1725 3089 ))

1559 3113 1627 3151 VI.
1657 3112 1850 3164 Πανταλ]
1874 3111 2018 3151 Koeler.
2034 3141 2045 3161 ,
2064 3113 2231 3152 Παντολ.
2257 3112 2424 3152 codices.
2465 3114 2524 3151 De
2551 3121 2641 3161 rege
2666 3111 2740 3149 hoc
2764 3121 2802 3147 v.

1511 3170 1724 3210 Pausanias
1740 3173 1800 3220 ΙΙ,
1826 3176 1900 3220 223
1927 3169 2069 3231 SUQ
2091 3171 2215 3220 ἭΗ,
2231 3176 2392 3225 &35563
2414 3168 2600 3218 Polybius
2623 3171 2701 3217 IV,
2732 3171 2802 3215 57;

1511 3227 1724 3266 Athenaeus
1745 3229 1849 3276 ΧΠ,
1874 3238 1914 3278 p.
1941 3231 2039 3275 616,
2061 3231 2120 3278 Α;
2152 3226 2355 3267 Plutarch.
2390 3229 2447 3266 De
2467 3224 2621 3266 Herod.
2650 3226 2743 3264 mal.
2765 3236 2800 3264 c.

1515 3288 1576 3335 18,
1593 3296 1632 3335 p.
1648 3289 1721 3326 858
1734 3315 1745 3334 ,
1769 3286 1814 3324 G.
1833 3307 1884 3314 —
1905 3285 2074 3337 τούτοις]
2090 3285 2214 3336 τούτῳ
2233 3285 2333 3335 adp.

1562 3345 1651 3382 vn.
1682 3344 1958 3382 ΤΕΝΕΔΙΩΝ.
1976 3354 2058 3382 om.
2077 3342 2350 3392 ABabcdch3
2371 3341 2421 3381 de
2438 3341 2598 3391 reliquis
2613 3345 2692 3379 non
2708 3349 2802 3379 con-

1512 3402 1602 3441 stat.
1628 3401 1790 3440 Addidit
1812 3403 1863 3440 P.
1898 3422 1951 3430 —
1975 3400 2212 3452 Λεύκοφρυς]
2238 3401 2456 3451 Αευκὸφρυς
2483 3404 2530 3439 Α.
2561 3399 2622 3437 Cf.
2639 3397 2802 3438 Diodor.

1513 3461 1565 3506 V,
1587 3462 1652 3508 83,
1674 3457 1818 3498 strabo
1838 3459 1930 3496 XIII
1941 3486 1953 3507 ‚
1977 3469 2019 3508 p.
2041 3460 2134 3506 604,
2163 3457 2379 3496 Pausanias
2401 3458 2452 3505 X,
2478 3457 2539 3503 14,
2563 3460 2600 3500 3,
2624 3453 2801 3493 Eustath.

1513 3514 1563 3554 ad
1586 3514 1631 3554 ll.
1658 3525 1698 3565 p.
1723 3517 1786 3562 33,
1815 3519 1880 3562 23,
1898 3513 1968 3563 qui
2001 3513 2059 3553 sic
2089 3513 2334 3552 nominatam
2353 3512 2428 3552 ins.
2448 3511 2543 3550 dicit
2566 3511 2628 3549 διὰ
2651 3512 2694 3549 τὸ
2714 3512 2801 3549 λευ-

1514 3573 1583 3618 κὰς
1601 3571 1701 3623 ἔχειν
1734 3572 1845 3622 ὀφρῦς
1873 3572 1990 3621 ἤγουν
2006 3571 2139 3622 ἐξοχὰς
2158 3571 2262 3621 παρὰ
2277 3570 2363 3614 τοὺς
2391 3569 2597 3618 αἰγιαλούς.
2615 3592 2666 3612 -,-
2680 3570 2802 3617 Τρωι-

1517 3634 1613 3679 κῶν,
1635 3629 1794 3680 Τέννης]
1816 3631 1996 3680 ἰατρικῶν
2015 3630 2149 3679 τέχνης
2162 3631 2248 3677 ΑΒ,·
2265 3630 2444 3678 ἰατρικῶν
2460 3639 2606 3672 τετενης
2625 3627 2667 3665 C.
2682 3641 2733 3662 —.-.
2750 3627 2801 3668 ὡς

1514 3686 1684 3737 καταψ.]
1699 3690 1769 3727 ΑΒ
1777 3689 1838 3736 C.‚·
1849 3687 1988 3737 reliqui
2001 3697 2082 3726 om.
2094 3689 2160 3732 ὡς.
2172 3687 2294 3725 -καὶ
2303 3683 2541 3735 καταμαρτ.]
2559 3686 2604 3730 C;
2613 3683 2676 3721 καὶ
2688 3695 2799 3732 μαρτ.

1516 3747 1601 3793 ΑΒ,
1620 3758 1835 3795 καταμαρτ.
1852 3744 2007 3795 reliqui.
2029 3765 2081 3773 -
2095 3742 2261 3795 πατρὸς]
2277 3753 2356 3781 om.
2376 3740 2494 3780 ABG.
2509 3764 2556 3771 -
2574 3740 2635 3778 διὰ
2651 3739 2689 3776 δὲ
2701 3740 2799 3789 κτλ.]

1517 3802 1573 3841 sic
1591 3805 1711 3850 ABC;
1729 3803 1791 3841 διὰ
1803 3803 1848 3842 τὸ
1864 3817 1903 3841 κ.
1918 3803 1982 3856 τὸν
1998 3802 2154 3842 αὐλ.διὸ
2171 3801 2216 3840 οὐ
2234 3799 2394 3854 νόμιμον
2405 3796 2634 3845 abcdef9p;
2652 3796 2712 3833 διὰ
2729 3795 2798 3831 δὲ..

1517 3860 1574 3899 διὸ
1587 3859 1632 3898 οὐ
1647 3859 1732 3910 νὸμ.
1751 3862 1802 3899 P.
1821 3860 2006 3898 Ceterum
2023 3858 2073 3897 de
2085 3857 2402 3911 Tennaehistoria
2412 3857 2554 3905 praeter
2565 3851 2797 3898 Diodorum,

1519 3918 1775 3966 Pausaniam,
1792 3917 2043 3956 Eustatbium
2058 3916 2087 3955 l.
2109 3917 2152 3964 l.‚
2173 3927 2212 3955 v.
2233 3914 2470 3963 Plutarchus
2487 3914 2563 3957 Qu.
2584 3911 2652 3948 Gr.
2671 3919 2707 3946 c.
2728 3912 2797 3955 28,

1519 3977 1656 4014 Conon
1676 3977 1830 4015 Narrat.
1850 3968 1915 4025 38,
1945 3974 2126 4014 Eustath.
2143 3972 2193 4012 ad
2222 3973 2332 4010 Dion.
2357 3970 2506 4018 Perieg.
2529 3973 2617 4014 536,
2639 3967 2799 4004 Tzetzes

1519 4033 1569 4072 ad
1587 4035 1678 4082 Lyc.
1699 4036 1788 4086 234,
1809 4026 1996 4082 Stephan.
2018 4034 2111 4081 ByZ.
2129 4042 2168 4069 v.
2191 4031 2345 4073 Τένεδος
2363 4029 2423 4077 (v.
2441 4025 2599 4065 Aristot.
2621 4023 2667 4061 sr.
2694 4025 2795 4087 176).

1520 4093 1772 4139 Causamcur
1790 4090 1946 4130 tibicini
1971 4090 2165 4138 templum
2183 4086 2333 4136 ingredi
2351 4095 2428 4123 non
2446 4081 2622 4127 licuerit,
2639 4090 2661 4119 e
2679 4078 2797 4143 tibia-

1520 4159 1609 4186 rum
1643 4140 1794 4195 musica
1826 4148 1877 4186 ab
1901 4147 2095 4197 Apollinis
2128 4145 2241 4184 cultu
2264 4143 2358 4182 olim
2388 4139 2624 4179 alienissima
2655 4137 2798 4185 repetit

1520 4206 1674 4248 Miiller.
1698 4210 1795 4246 Dor.
1810 4209 1840 4255 Ι,
1853 4217 1891 4256 p.
1905 4208 1993 4253 344,
2009 4209 2139 4244 3.-2,
2152 4205 2209 4241 De
2225 4205 2394 4241 Amauro
2406 4198 2463 4247 (¹'A
2472 4193 2798 4259 pup0:.⁰)aliunde

1522 4265 1787 4317 nonacenstat.
1809 4285 1860 4308 ·—
1874 4269 1911 4304 3.
1933 4267 2008 4303 τῶν
2034 4262 2223 4312 βασιλέων
2244 4261 2329 4298 Τεν.
2353 4254 2506 4306 θέσθαι]
2535 4252 2797 4295 Schneidewi-
