3016 4628
1191 315 1600 365 FRAGMENTA.

2626 335 2716 376 2⁴3

92 439 189 475 tum
224 429 494 484 sententias,
529 441 642 486 quas
670 426 825 470 denuo
863 425 1064 469 refutare
1098 427 1144 470 h.
1176 426 1208 470 l.
1246 425 1361 468 nihil
1439 424 1586 476 κιῶδές
1610 442 1650 469 τι
1673 423 1719 470 τὸ
1743 424 1998 488 πρόὸλημα
2030 429 2358 492 Δικαίαρχοςδὲ
2378 451 2536 479 καιτον
2559 434 2714 498 τρόπον

5 506 14 553 l
91 503 273 559 attinet,
291 500 398 546 vide
412 515 484 560 ap.
505 499 740 545 Osannum
761 512 812 557 p.
844 496 896 540 8-
876 503 1019 550 -.—-14
1047 498 1117 543 Cf.
1148 498 1359 556 Prolegg.

5 581 7 583 ’
77 574 152 621 ad
167 568 456 634 flieopompi
472 571 529 619 fr
548 587 598 631 p.
630 570 844 624 LXXIV,
867 579 966 615 not.

154 645 368 694 Ceterum
401 644 639 702 complura
672 643 928 701 argumenti
959 642 1136 700 politici
1170 656 1385 699 compo-⁴

88 719 226 763 suisse
247 719 438 777 scripta,
456 730 659 776 quorum
684 713 833 758 forma
859 713 1087 774 dialogica
1109 722 1227 769 erat,
1251 714 1362 757 titu—

89 792 160 837 lus
179 789 486 836 vero-inditus
509 804 533 832 a
561 788 694 846 loco,
719 786 800 829 ubi
825 785 1040 845 dialogus
1061 786 1246 830 habitus
1273 800 1364 829 esse

88 861 348 923 fingebatur
374 862 516 921 (sicut
542 855 782 908 Λεσὸιακὸς
807 867 852 902 et
878 855 1153 920 Κορινθιακὸς
1175 855 1297 917 λόγος
1318 859 1365 901 in

26 953 31 957 ·
86 932 416 991 philosophicis
438 931 590 975 Nostri
614 929 816 989 scriptis)
833 963 845 984 ,
876 931 1113 989 colligitur
1137 944 1193 973 ex
1213 930 1366 973 verbis

85 1004 318 1050 Ciceronis
341 1004 389 1046 in
407 1004 494 1062 Ep.
517 1002 575 1046 ad
593 1003 798 1046 Atticum
816 1002 959 1056 XIII,
989 1001 1047 1046 30
1081 1017 1090 1044 :
1126 1003 1240 1045 Volo
1271 1004 1363 1045 ali-

85 1089 215 1136 quem
241 1076 491 1134 Olympiae,
518 1084 600 1117 aut
613 1074 690 1117 ubi
705 1078 867 1126 visum,
893 1072 1110 1118 πολιτικὸν
1136 1070 1364 1134 σύλλογον,

85 1158 207 1192 more
221 1146 504 1199 Dicoeanclzi,
521 1144 790 1203 familiaris
810 1150 887 1191 tui.
907 1146 1089 1190 Politici
1107 1148 1365 1205 argumenti

83 1218 217 1265 fnisse
239 1219 375 1263 etiam
400 1233 564 1262 censeo
591 1220 838 1278 Epis-colam
871 1234 1009 1277 quam
1033 1220 1100 1261 ad
1126 1221 1365 1262 Aristoxe—

82 1302 189 1337 num
207 1291 500 1334 Dicaearchus
515 1291 742 1349 scripsisse
758 1306 784 1334 a
800 1291 1024 1335 Cicerone
1045 1290 1231 1335 dicitur.
1252 1290 1367 1334 Vide

0 1342 30 1406 ,⁸
82 1371 179 1408 not.
209 1363 268 1407 ad
293 1362 455 1424 fragm.
491 1370 563 1419 47.

324 1597 503 1660 ΒΙΟΙ
560 1595 1105 1660 ΦΙΛΟΣΟΦΩΝ.

684 1751 760 1797 24.

472 1862 508 1904 E
542 1860 724 1905 LIBRo
759 1859 966 1906 PRIMO.

514 1974 594 2017 DE
628 1945 924 2018 PLATONE.

141 2087 342 2146 Diogen.
364 2088 420 2131 L.
447 2087 542 2141 111,
568 2090 594 2138 4
621 2100 632 2129 :
658 2082 759 2131 Εἰσὶ
783 2084 821 2130 δ’
845 2083 887 2130 οἳ
906 2083 979 2130 καὶ
998 2084 1210 2131 παλαῖσαί
1235 2103 1362 2149 φασιν

77 2154 207 2203 ἀύτὸν
243 2154 514 2219 (Πλάτωνα)
555 2154 742 2216 Ἰσθμοῖ,
776 2154 887 2202 καθὰ
920 2154 994 2202 καὶ
1020 2154 1282 2220 Δικαίαρχος
1318 2159 1362 2202 ἐν

78 2225 238 2293 πρώτῳ
258 2225 368 2291 Περὶ
397 2225 516 2291 βίων.
534 2224 719 2289 Λέγεται
745 2226 782 2273 δ’
799 2225 865 2274 ὅτι
883 2226 957 2274 καὶ
978 2245 1188 2291 γραφικης
1211 2231 1282 2274 ἐπε
1266 2247 1360 2291 ιμ-ε

9 2350 10 2353 ,
53 2298 186 2357 λῆθη
206 2298 280 2346 καὶ
301 2297 526 2360 ποιήματα
550 2296 732 2363 ἔγραψε,
757 2298 831 2345 καὶ
866 2301 1018 2363 πρῶτα
1049 2298 1127 2359 μὲν
1162 2300 1362 2363 διθυράμ-

8 2366 11 2371 ’
69 2362 250 2428 Βους,”
227 2388 375 2416 επειτα
404 2371 448 2416 δὲ
480 2389 552 2416 και
577 2368 688 2432 με’λη
713 2370 788 2416 καὶ
809 2370 1064 2436 τραγωδίας.

79 2475 83 2478 -
141 2445 186 2490 ἐν
222 2441 262 2489 α’
300 2442 411 2508 Περὶ
450 2442 582 2506 βίων]
617 2444 848 2503 frequenti
879 2446 1157 2504 negligentia
1192 2461 1279 2503 pro
1319 2445 1362 2488 ἐν

52 2510 234 2594 πρώτῳ
257 2515 388 2563 Βίων.
408 2543 473 2550 --
491 2517 669 2561 Titulus
682 2516 816 2574 hujus
839 2518 992 2576 operis
1008 2517 1117 2560 alibi
1136 2532 1361 2575 nusquam

51 2578 257 2645 insertis
274 2589 430 2632 verbis
452 2597 861 2634 commemoratur.
883 2590 944 2632 At
966 2597 1129 2647 sponte
1150 2589 1362 2648 intelligi-

63 2664 161 2706 tur
184 2660 364 2718 reliqua
397 2670 588 2718 quoque
619 2675 720 2719 quae
746 2659 805 2703 de
835 2659 1224 2718 philosophorum
1257 2660 1362 2703 vitis

55 2731 306 2793 'Diogenes
328 2732 498 2790 aliique
531 2747 557 2776 e
589 2733 857 2776 Dicaeaicho
891 2731 1115 2787 afferunt,
1152 2732 1212 2776 ad
1237 2728 1359 2778 Βίων

71 2811 193 2866 §pus
216 2818 309 2848 esse
341 2804 462 2848 refei
464 2803 600 2848 enda
639 2831 702 2837 -—
733 2806 845 2862 Quae
880 2803 938 2848 de
972 2805 1164 2848 Platone
1192 2814 1361 2862 praeter

54 2873 259 2922 laudata
281 2892 307 2921 e
326 2877 596 2921 Dicaearcho
620 2868 868 2920 narrantur
898 2877 993 2919 haec
1018 2885 1160 2921 sunt:

679 2963 752 3006 25.

138 3044 336 3118 Diogen.
370 3059 424 3102 L.
461 3059 556 3112 ΙΙΙ,
601 3057 660 3102 38
697 3073 706 3100 :
741 3054 877 3118 Λόγος
908 3055 953 3102 δὲ
983 3057 1151 3118 πρῶτον
1187 3054 1356 3120 γράψαι

73 3123 203 3187 ᾒῦτὸν
240 3125 512 3191 (Πλάτωνα)
539 3126 612 3173 τὸν
640 3127 856 3192 Φαῖδρον·
882 3126 955 3174 καὶ
977 3125 1061 3191 γὰρ
1085 3127 1176 3190 ἔχει
1200 3145 1356 3191 μειρα-

69 3198 117 3227 ,Ν
312 3219 314 3221 ,

1439 514 1514 552 της
1533 499 1698 560 γραφῆς
1726 495 1867 541 ὅ)ον’
1850 496 2135 561 επιμέιιφεται
2158 502 2212 552 ὡς
2232 503 2443 564 φορτικόν.

2043 587 2119 630 26.

1505 671 1637 715 Idem
1667 673 1759 726 111,
1788 672 1846 723 46
1875 688 1883 714 :
1912 670 2116 727 Μαθηταὶ
2143 671 2175 716 δ’
2213 674 2338 719 αὐτοῦ
2373 675 2715 739 (Πλάτωνος)...

1441 740 1513 786 καὶ
1537 747 1731 802 γυναῖκες
1763 740 1863 797 δύο,
1898 740 2135 788 Λασθένεια
2163 745 2402 802 Μαντινικὴ
2435 748 2505 793 καὶ
2539 748 2720 802 Ἀξιοθέα

1442 812 1664 869 Φλιασία,
1708 813 1733 868 ἣ
1773 813 1845 858 καὶ
1891 814 2061 879 ἀνδρεῖα
2098 814 2366 878 ἠμπίσχετο,
2406 819 2460 870 ὥς
2499 839 2601 883 φησι
2644 826 2720 867 Δι-

1440 890 1660 954 καίαρχος.

2046 982 2103 1022 27

1508 1052 1777 1095 Plutarchus
1793 1053 1880 1109 Qu.
1907 1052 2100 1097 ConviV.
2125 1055 2259 1107 VIII,
2291 1069 2341 1107 2,
2369 1071 2425 1110 2,
2452 1071 2498 1114 p.
2529 1073 2636 1116 719,
2663 1064 2722 1114 A,

1441 1123 1522 1166 ubi
1546 1139 1696 1167 sermo
1723 1133 1789 1167 est
1809 1124 1868 1168 de
1895 1125 2133 1168 Platonico
2156 1125 2372 1186 dogmate
2398 1142 2407 1169 τ
2435 1125 2518 1173 Τὸν
2542 1128 2634 1174 θεὸν
2659 1131 2722 1175 ἀεὶ

1441 1196 1714 1257 γεωμετρεῖν.
1749 1191 1869 1258 αΟρα
1892 1194 1952 1256 μή
1987 1194 2027 1240 τί
2053 1214 2117 1241 σοι
2144 1214 2360 1258 προσηκον
2388 1200 2409 1242 ὁ
2436 1198 2622 1246 Πλάτων
2650 1202 2723 1247 καὶ

1442 1267 1593 1310 οἰκεῖον
1622 1264 1909 1328 αἰνιττόμενος
1934 1266 2124 1324 λέληθεν,
2150 1266 2225 1313 ἅτε
2246 1267 2296 1325 δὴ
2323 1288 2382 1314 τι)
2406 1270 2626 1333 Σωκράτει
2653 1272 2723 1318 τὸν

1446 1341 1689 1401 Λυκουργον
1715 1337 1947 1400 ἀναμιγνυς
1963 1357 2008 1385 ου
2010 1358 2041 1402 χ
2059 1338 2228 1395 ἠττον
2206 1359 2232 1395 η
2250 1339 2322 1386 τὸν
2343 1342 2648 1405 Πυθαγόραν”
2619 1363 2725 1408 ωετο

1442 1407 1723 1474 Δικαίαρχος
1764 1413 1785 1455 ὁ
1819 1408 1900 1473 γὰρ
1940 1413 2211 1472 Λυκοῦργος,
2240 1415 2361 1458 οἶσθα
2402 1412 2583 1468 δήπουθ
2567 1434 2634 1472 ε,ν
2660 1415 2724 1461 ὅτι

1442 1480 1518 1537 τὴν
1569 1479 1852 1571 ἀριθμητικὴν
1906 1482 2137 1543 ἀναλογίαν
2186 1487 2242 1536 ὡς
2293 1486 2612 1550 δνμοκρατικην
2651 1507 2724 1535 και

1441 1552 1616 1615 ὀχλικὴν
1644 1572 1774 1600 ουσαν
1801 1555 1841 1606 ἐς
1823 1553 2041 1600 ’έὸαλεν’
2023 1574 2069 1600 εκ
2100 1558 2174 1611 τῆς
2198 1557 2534 1619 Λακεδαίμονος·
2553 1560 2725 1615 ἐπεισή-

1440 1641 1546 1686 γαγε
1568 1625 1612 1672 δὲ
1633 1624 1710 1682 τὴν
1723 1625 2037 1690 γεωμετρικὴν,
2054 1627 2283 1693 ὀλιγαρχία
2304 1628 2486 1695 σώφρονι
2512 1650 2583 1677 και
2606 1636 2726 1694 βασι-

1440 1696 1533 1762 λείᾳ
1566 1698 1726 1761 νομίμῃ
1752 1696 2021 1762 πρέπουσαν·
2048 1704 2074 1756 ἡ
2109 1700 2184 1760 μὲν
2208 1720 2290 1765 γαρ
2323 1703 2491 1766 ἀριθμῷ
2527 1704 2574 1749 τὸ
2612 1703 2723 1760 ἴσον,

1440 1774 1466 1826 ἡ
1491 1769 1535 1816 δὲ
1560 1770 1673 1831 λόγῳ
1702 1769 1749 1816 τὸ
1777 1773 1872 1816 κατ’
1895 1770 2013 1825 ἀξίαν
2042 1773 2263 1834 ἀπονέμει,
2284 1775 2377 1821 κτλ.
2405 1779 2613 1821 Osannus
2633 1780 2663 1821 l.
2690 1781 2720 1823 l.

1438 1860 1485 1903 p.
1524 1860 1580 1904 19
1605 1854 1709 1889 ante
1733 1841 1839 1907 ᾤετο
1862 1845 1960 1891 Δικ.
1985 1847 2276 1908 inserendam
2300 1863 2391 1891 esse
2422 1859 2553 1907 putat
2573 1853 2722 1908 parti-

1440 1917 1589 1961 culam
1622 1918 1700 1974 ὡς,
1730 1918 1793 1961 ita
1815 1927 1867 1961 ut
1897 1918 1955 1961 ad
1986 1920 2304 1963 Dicaearchum
2336 1923 2596 1978 pertineant
2629 1938 2725 1966 non

1439 1990 1583 2034 modo
1615 2005 1667 2033 ea
1704 2006 1805 2048 quae
1842 1990 2062 2034 dicuntur
2089 1992 2147 2035 de
2178 1993 2379 2036 Platonis
2409 1995 2500 2037 sive
2527 1995 2726 2039 Socratis

1438 2063 1660 2106 sententia
1701 2077 1757 2105 ex
1796 2063 2070 2122 Pythagorae
2107 2065 2285 2122 placitis
2314 2066 2610 2123 explicanda,
2645 2068 2724 2110 sed

1438 2135 1576 2177 etiam
1600 2149 1676 2187 ea,
1715 2134 1881 2192 quibus
1912 2135 2114 2177 Platonis
2151 2135 2320 2194 dogma
2356 2152 2460 2179 cum
2485 2139 2724 2196 Lycurgca

1439 2206 1651 2250 doctrina
1675 2207 1991 2264 componitur.
2011 2208 2111 2250 Hoc
2133 2208 2167 2250 si
2191 2217 2325 2262 esset,
2348 2217 2471 2252 reete
2491 2210 2614 2252 haud
2636 2210 2722 2252 du·

1437 2278 1512 2322 bie
1543 2279 1749 2323 Osannus
1781 2279 1935 2321 locum
1970 2279 2029 2322 ad
2065 2280 2386 2338 Tripoliticum
2426 2282 2722 2327 referendum

1438 2365 1531 2394 esse
1561 2359 1783 2394 censeret.
1824 2352 1883 2393 At
1918 2365 2000 2393 cur
2032 2352 2263 2411 vulgatam
2295 2353 2540 2397 lectionem
2572 2366 2721 2400 mute·

1436 2438 1553 2478 mus,
1574 2438 1753 2467 causam
1770 2424 1874 2467 satis
1894 2422 2107 2466 idoneam
2130 2439 2223 2467 non
2244 2425 2398 2470 video.
2424 2453 2485 2459 —
2507 2418 2720 2472 Ceterum

1437 2495 1678 2552 quomodo
1692 2495 1981 2539 Dicaearchus
2002 2495 2202 2539 Platonis
2221 2499 2490 2542 sententiam
2507 2514 2532 2542 e
2553 2501 2722 2558 Pytha-

1437 2582 1688 2626 goreorum
1712 2567 2006 2626 philosophia
2024 2567 2234 2612 derivare
2252 2571 2479 2625 voluerit,
2500 2573 2596 2631 ipse
2612 2573 2720 2616 Plu-

1437 2639 1620 2682 tarchus
1656 2639 1815 2697 paullo
1853 2648 1958 2698 post
2000 2640 2166 2697 (V111,
2206 2657 2262 2696 2,
2306 2647 2359 2699 l„
2399 2658 2446 2700 p.
2489 2659 2581 2702 719
2618 2644 2717 2705 sq.)

1436 2726 1668 2769 exponere
1694 2711 1890 2765 videtur,
1916 2722 2134 2756 monente
2158 2714 2358 2759 Osanno.

2018 2804 2111 2853 ⁴28.

1674 2893 1754 2934 DE
1790 2892 2020 2935 SEPTEM
2058 2892 2468 2938 SAPIENTIBUS.

1498 2987 1639 3044 Diog.
1668 2989 1720 3031 L.
1755 2987 1801 3039 Ι,
1838 2990 1922 3040 40,
1951 2985 2009 3029 de
2030 2995 2203 3044 septem
2227 2989 2510 3045 sapientibus
2546 3004 2556 3034 :
2593 2987 2648 3036 Ὁ
2673 2988 2718 3036 δὲ

1433 3052 1694 3116 Δικαίαρχος
1718 3055 1812 3100 οὔτε
1838 3053 1993 3116 σοφοὺς
2016 3054 2112 3100 οὔτε
2133 3056 2384 3120 φιλοσόφους
2408 3056 2537 3121 φησὶν
2562 3058 2714 3112 αὐτοὺς

1432 3124 1674 3188 γεγονέναι,
1698 3125 1891 3179 συνετοὺς
1916 3125 1960 3172 δέ
1984 3144 2100 3179 τινας
2121 3127 2194 3173 καὶ
2214 3128 2519 3188 νομοθετικούς.

335 3304 504 3352 vlTAE
538 3305 1090 3354 PHILOSOPHORUM.

683 3427 754 3466 24.

212 3528 311 3570 nulli
345 3529 550 3569 Platonem
591 3530 711 3569 etiam
743 3529 938 3568 luctatum
970 3539 1053 3568 esse
1079 3529 1218 3568 dicunt
1252 3528 1355 3568 ludis

139 3642 142 3646 .
178 3595 179 3598 ¹
200 3593 267 3643 iis,
283 3593 399 3633 sicuti
424 3583 527 3632 in'ter
544 3592 642 3633 anos
657 3592 753 3632 dicit
779 3592 1030 3633 Dicaearchus
1048 3591 1231 3631 vitarum
1254 3592 1355 3631 libro

94 3703 99 3711 .
205 3687 216 3697 .
245 3655 413 3698 Pictura».
433 3667 594 3709 quoque
615 3658 733 3697 fuisse
763 3657 962 3697 studiosus
983 3667 1030 3696 ac
1055 3659 1238 3707 poemata
1263 3656 1357 3695 scri-

104 3767 140 3777 -..
202 3751 215 3772 ,
232 3722 359 3772 primo
373 3717 666 3773 dithyrambos,
683 3722 826 3762 deinde
840 3721 918 3761 alia
931 3721 1052 3771 lyrica
1069 3723 1107 3760 et
1125 3720 1331 3770 tragoedias
1342 3750 1352 3768 ‚

66 3794 82 3826 ε,
172 3793 235 3824 ur.

68 3836 167 3924 ’,ἢ
255 3865 257 3867 -
675 3853 747 3893 25.

164 3920 185 3933 ‘⁷
278 3973 282 3977 .
330 3927 442 3967 Plato
476 3927 688 3968 Phaedrum
722 3928 919 3979 scripsisse
964 3928 1102 3967 fertur.
1148 3926 1354 3977 Habetque

202 3990 215 4000 '
255 3990 324 4031 illa
338 3991 517 4032 nonnihil
528 3992 703 4043 juvenile
715 4006 728 4042 ;
750 3992 1004 4032 Dicaearchus
1015 4003 1109 4031 vero
1124 3991 1243 4031 etiam
1256 3991 1351 4030 uni-

167 4065 228 4119 „m
242 4054 355 4096 istius
368 4055 588 4107 scriptionis
601 4056 792 4096 rationem
809 4058 854 4096 ut
871 4057 1048 4107 putidam
1068 4057 1275 4113 vituperat.

62 4135 117 4170 '‘{f
138 4152 167 4181 κς.
669 4149 739 4189 26·

59 4227 61 4230 ⁴
84 4147 232 4262 ξων
247 4220 456 4273 discipulos
475 4223 647 4263 Platonis
671 4226 762 4263 sunt
785 4223 902 4264 eliam
929 4224 1111 4263 mulieres
1124 4222 1237 4272 duae,
1275 4225 1350 4262 La-

93 4386 134 4475 *⁴32⁶
99 4359 102 4364 ’
94 4286 129 4340 ..,’”

66 4619 78 4628 .,
59 4591 62 4604 ··
57 4555 89 4573 Α·
52 4504 89 4535 ⁴-

86 4559 114 4628 ⁷·l'*'⁸‘<
92 4476 114 4525 ὨΨ

118 4614 141 4619 :
115 4576 127 4587 ⁴
118 4518 146 4555 κῇ
117 4486 133 4492 ⁴

1431 3264 1586 3304 sthenia
1599 3265 1875 3303 Mantineensis
1890 3266 1932 3303 et
1955 3265 2148 3304 Axiothea
2162 3265 2328 3304 Phliasia
2340 3297 2350 3314 ,
2369 3277 2459 3316 quae
2474 3267 2592 3306 etiam
2614 3269 2709 3307 viri-

1430 3330 1508 3369 lem
1521 3332 1671 3370 vestem
1687 3341 1820 3380 gerere
1848 3330 2019 3378 solebat,
2034 3333 2132 3369 teste
2150 3331 2390 3370 Dicaearcho.

2033 3398 2102 3438 27.

1480 3465 1580 3504 Vide
1602 3475 1650 3503 an
1673 3466 1712 3503 te
1728 3474 1807 3502 non
1836 3463 2015 3503 fefellerit
2036 3464 2237 3504 Platonem
2257 3466 2403 3515 aliquid
2420 3466 2491 3505 tibi
2518 3468 2531 3513 (
2543 3478 2593 3506 sc.
2611 3471 2710 3517 Tyn-

1428 3527 1513 3566 dari
1532 3526 1856 3575 Lacedaemonio)
1889 3528 2126 3567 conveniens
2144 3531 2183 3568 et
2203 3529 2465 3568 domesticum
2498 3530 2573 3569 hoc
2595 3531 2709 3570 invo-

1429 3591 1539 3630 lucro
1565 3590 1783 3642 significare
1815 3590 2008 3639 voluisse,
2033 3592 2177 3642 quippe
2196 3594 2265 3642 qui
2298 3595 2498 3633 Socratem
2534 3596 2709 3644 Lycurgo

1424 3654 1602 3703 Junxerit
1638 3654 1777 3694 eodem
1808 3655 1922 3704 plane
1961 3654 2081 3693 modo
2119 3658 2239 3705 atque
2271 3658 2500 3707 Pythagorae
2542 3657 2708 3696 eundem

1423 3718 1602 3768 junxisse
1632 3719 1862 3759 Dicaearcho
1895 3720 2002 3759 visus
2019 3718 2099 3759 est.
2135 3723 2234 3759 Nam
2266 3723 2469 3771 Lycurgus
2488 3722 2704 3760 arithmeti-

1427 3793 1513 3821 cam
1543 3782 1858 3832 proportionem,
1878 3784 1922 3821 ut
1949 3783 2177 3833 popularem
2205 3787 2246 3823 et
2267 3785 2396 3823 turbae
2419 3787 2572 3834 aptam,
2594 3786 2707 3822 Lace·

1427 3845 1607 3884 daemone
1623 3845 1759 3894 ejecit3
1791 3847 2092 3896 geometricam,
2114 3849 2159 3886 ut
2185 3858 2277 3896 quae
2293 3857 2508 3896 paucorum
2530 3845 2705 3884 modesto

1425 3909 1590 3959 imperio
1608 3911 1647 3948 et
1663 3909 1836 3960 legitimo
1861 3920 1982 3959 regno
2011 3910 2258 3957 conveniret,
2291 3908 2521 3948 introduxit.
2553 3910 2705 3957 Quippe

1426 3972 1491 4011 illa
1513 3982 1678 4010 numero
1689 3972 1842 4021 aequale
1854 3971 2035 4011 omnibus
2050 3972 2211 4019 tribuit,
2241 3973 2325 4010 haec
2343 3971 2490 4009 ratione
2507 3970 2647 4018 cuique
2665 3970 2702 4008 id

1425 4035 1531 4086 quod
1549 4037 1737 4074 meretur.
2024 4092 2078 4130 28

1476 4157 1841 4218 septemsapientae
1862 4157 2111 4196 Dicaearchus
2132 4164 2258 4204 neque
2269 4154 2459 4202 sapientes
2474 4161 2600 4200 neque
2617 4151 2698 4200 phi·

1426 4222 1606 4271 losophos
1623 4222 1740 4260 fnisse
1762 4221 1877 4272 dicit,
1894 4222 1960 4262 sed
1979 4222 2081 4260 viros
2097 4220 2306 4270 prudentes
2329 4217 2647 4284 et‘legislatorios.

2448 4315 2507 4352 113.
