3016 4628
868 276 1189 330 DAMASTIS
1224 270 1547 323 SIGEENSIS
1582 262 1989 319 FRAGMENTA.
2697 269 2759 310 05

165 402 304 463 Quod
316 401 476 447 attinet
487 392 716 443 Hellanici
729 378 912 453 Νόμιμα
933 385 1178 452 βαρὸαρικά
1189 420 1201 442 ,
1220 399 1321 444 quae
1338 398 1396 427 ex

25 430 322 555 ¹&Damasus
343 472 472 516 libris
494 467 782 527 Porphyrius
805 461 1005 508 conflata
1032 473 1127 504 esse
1152 458 1392 517 opinatur,

45 538 86 606 fs&
98 547 206 593 vide
226 561 327 606 quae
344 543 442 587 dixi
461 542 511 584 in
527 541 631 585 Vita
651 535 898 582 Hellanici.

50 614 57 625 ’
75 607 77 609 ¹
163 615 484 678 Geographica
497 610 723 657 Damastis
741 606 870 652 haud
885 602 1026 650 semel
1044 602 1276 647 consuluit
1291 601 1396 644 Era·

99 691 351 743 tosthenes3
390 683 521 744 quod
544 682 728 727 crimini
750 679 889 723 vertit
923 675 1090 721 Strabo
1122 675 1145 718 Ι
1158 707 1170 730 ,
1205 689 1256 732 p.
1289 676 1348 728 47
1384 685 1394 714 :

100 758 216 812 Οὐδὲ
231 756 346 806 τοῦτ’
362 748 408 803 εὖ
425 750 756 819 Ἐρατοσθένης,
776 748 842 796 ὅτι
866 747 1029 810 ἀνδρῶν
1050 746 1127 792 οὐκ
1145 743 1272 798 ἀξίων
1290 739 1398 804 μνή-

55 862 58 863 ⁷
86 852 185 898 ,μης
214 827 412 878 ἐπιπλέον
440 826 683 890 μέμνηται,
723 821 780 869 τὰ
806 820 883 884 μὲν
907 817 1114 882 ἐλέγχων,
1145 815 1201 863 τὰ
1238 814 1282 862 δὲ
1314 831 1399 860 πι-

103 904 286 963 στεύων,
308 902 381 951 καὶ
407 899 596 965 μάρτυσι
624 896 847 963 χρώμενος
879 894 1044 950 αὐτοῖς,
1067 882 1154 938 οἷον
1181 886 1398 950 Δαμάστῃ

86 977 176 1028 ίκαὶ
195 975 397 1028 τοιούτοις
418 972 579 1026 ἄλλοις.
603 969 692 1019 Καὶ
715 967 798 1032 γὰρ
816 966 854 1014 εἴ
872 984 914 1012 τι
937 962 1134 1027 λέγουσιν
1157 961 1331 1019 ἀληθὲς,
1353 960 1400 1005 οὐ

103 1047 292 1116 μάρτυσί
313 1066 362 1109 γε
383 1043 556 1099 ἐκείνοις
577 1041 788 1108 χρηστέον
810 1037 908 1104 περὶ
930 1038 1060 1083 αὐτοῦ
1075 1072 1088 1098 ,
1108 1033 1202 1083 οὐδὲ
1227 1050 1403 1080 πιστευ-

39 1129 44 1137 “
61 1177 68 1182 -
89 1121 196 1170 ιτέον
213 1119 283 1169 διὰ
297 1123 474 1168 τοῦτο...
491 1116 548 1166 ‘O
561 1114 606 1162 δὲ
623 1112 840 1177 Δαμάστῃ
853 1109 1074 1177 χρώμενος
1087 1106 1270 1173 μάρτυρι
1285 1103 1403 1152 οὐδὲν

37 1244 39 1252 A
105 1195 295 1259 διαφέρει
317 1196 391 1239 τοῦ
408 1192 639 1242 καλοῦντος
657 1185 856 1252 μάρτυρα
880 1183 951 1230 τὸν
973 1183 1184 1246 Βεργαῖον
1211 1180 1292 1242 (sc.
1313 1181 1402 1224 An·

35 1265 39 1283 s
105 1270 342 1330 tiphanem
353 1262 386 1328 ),
405 1262 434 1321 ἢ
447 1262 518 1310 τὸν
531 1259 778 1318 Μεσσήνιον
796 1255 1023 1321 Εὐήμερον
1038 1253 1113 1301 καὶ
1127 1250 1222 1306 τοὺς
1236 1250 1404 1308 ἄλλους,

106 1338 177 1394 οὓς
193 1337 318 1392 αὐτὸς
335 1339 378 1402 (ὁ
399 1332 737 1402 Ἐρατοσθένης)
753 1331 898 1396 εἴρηκε
917 1327 1164 1376 διαὸάλλων
1179 1323 1256 1381 τὴν
1275 1325 1408 1389 φλυα-

59 1450 62 1452 -
109 1410 220 1478 ρίαν.
240 1408 331 1458 Καὶ
343 1406 494 1456 τούτου
513 1408 759 1471 (Damastis
769 1403 904 1466 puto)
922 1402 958 1448 δ’
975 1398 1049 1448 ἕνα
1066 1401 1151 1446 τῶν
1167 1396 1312 1461 λήρων
1333 1396 1405 1442 αὖ·

34 1543 35 1546 ,
51 1467 61 1511 τ
106 1482 177 1537 τὸς
186 1480 301 1546 λέγει
312 1518 325 1541 ,
342 1479 414 1528 τὸν
425 1479 503 1540 μὲν
513 1471 709 1544 Ἀράὲιον
720 1475 879 1523 κόλπον
893 1471 1047 1535 λίμνην
1067 1467 1407 1532 ὑπολαμὸάνον-

107 1574 177 1610 τος
189 1547 312 1602 εἶναι.
329 1555 398 1601 Cf.
411 1555 470 1599 fr.
486 1552 532 1598 3.
548 1554 671 1611 Quas
681 1550 1064 1610 reprehensiones
1070 1545 1196 1605 justo
1211 1545 1408 1589 severio-

71 1638 182 1678 sres
203 1643 324 1686 esse,
351 1642 497 1687 quum
526 1625 645 1669 ratio
675 1632 966 1682 temporum,
994 1614 1163 1679 quibus
1194 1625 1408 1662 auctores

107 1702 324 1756 vixerint,
334 1715 433 1743 non
442 1698 601 1742 habita
607 1697 680 1752 sit,
692 1703 818 1740 recte
827 1710 872 1738 m
879 1699 1129 1738 onuernnt.
1142 1690 1262 1736 Vide
1271 1691 1410 1734 Bern-

109 1774 259 1834 hardy
277 1773 339 1818 ad
360 1770 593 1817 Eratosth.
611 1785 662 1830 p.
693 1773 752 1821 44
776 1781 880 1828 sqq.
906 1775 952 1811 et
970 1766 1156 1826 passim.
1193 1764 1411 1809 Ceterum

112 1862 259 1907 (suum
278 1844 337 1890 de
357 1844 498 1889 rebus
520 1843 630 1902 ipsis
647 1843 887 1886 Damastes
906 1853 964 1883 ex
985 1839 1203 1882 Hecataeo
1228 1843 1274 1879 et
1296 1835 1412 1878 Hel·-

91 1932 94 1937 *
111 1919 262 1964 lauico
275 1918 325 1962 in
334 1916 571 1977 plerisque
583 1913 825 1975 penderet,
841 1912 1045 1956 maxima
1057 1923 1254 1969 operum
1266 1907 1413 1952 virtus

59 1995 63 2000 '
111 1991 162 2037 in
173 1989 452 2051 elegantiore
463 1986 740 2032 narrationis
751 1985 899 2030 forma
907 1984 1057 2043 posita
1068 1981 1203 2026 fuisse
1211 1979 1410 2025 videtur.

112 2065 232 2108 Eum
264 2061 575 2121 sophistarum
604 2059 641 2103 si
672 2074 773 2102 non
808 2057 961 2103 studia
973 2090 986 2113 ‚
1026 2052 1414 2099 consuetudinem

27 2151 37 2163 ⁴
113 2143 237 2181 certe
262 2127 505 2195 (Athenis)
535 2127 747 2188 coluisse,
774 2146 831 2175 ex
858 2144 1026 2189 opere,
1061 2128 1112 2171 in
1146 2141 1241 2186 quo
1265 2127 1415 2186 poetis

113 2207 339 2268 sophistas
356 2205 590 2264 adjunxit,
603 2203 710 2263 jure
727 2204 934 2263 colligaS.
957 2200 1152 2260 Gorgias
1167 2200 1290 2242 inter
1312 2214 1412 2243 ma-

98 2278 239 2338 'jores
259 2279 459 2324 Homeri
479 2277 744 2323 numeravit
763 2274 1013 2330 Musaeum3
1047 2272 1174 2317 idem
1206 2272 1413 2316 Damasti

54 2365 63 2422 j⁴
92 2409 95 2411 ‚
116 2351 293 2412 placuit
314 2349 391 2414 (fr.
414 2347 481 2413 8).

312 2557 699 2642 Hammon.
740 2543 918 2619 (nem
952 2552 1215 2612 ΕΘΝΩΝ.)

751 2686 794 2717 1.

186 2785 406 2846 Stephan.
429 2786 568 2846 Byz.:
595 2782 935 2849 εΥπι-ῑρὸόρεοι...
960 2780 1200 2843 Δαμάστης
1228 2780 1263 2826 δ’
1287 2780 1328 2825 ἐν
1354 2780 1415 2841 τῷ

123 2855 235 2923 Περὶ
253 2857 396 2904 ἐθνῶν·
414 2852 529 2904 Ἄνω
553 2857 732 2904 Σκυθῶν
757 2854 1008 2913 Ἰσσηδόνας
1028 2856 1174 2912 οἰκεῖν,
1191 2850 1353 2899 τούτων
1376 2852 1413 2898 δ’

125 2928 324 2992 ἀνωτέρω
341 2927 658 2994 Ἀριμάσπους,
684 2928 773 2976 ἅνω
798 2929 834 2976 δ’
854 2928 1133 2993 Ἀριμασπῶν
1157 2925 1212 2973 τὰ
1233 2924 1416 2974 Ῥίπαια

125 3000 228 3067 ὄρη,
253 3000 297 3057 ἐξ
314 2993 374 3048 ῶν
397 3000 469 3048 τὸν
490 3000 644 3066 βορέαν
668 3002 804 3060 πνεῖν,
826 2999 953 3066 χιόνα
971 3002 1008 3048 δ’
1027 2998 1137 3047 αὐτὰ
1155 2997 1324 3062 μήποτε
1345 2998 1417 3045 ἐλ-

125 3071 301 3120 λείπειν·
324 3071 431 3138 ὖπὲρ
463 3071 509 3119 δὲ
529 3070 583 3119 τὰ
607 3071 685 3137 ὅρη
710 3077 848 3119 ταῦτα
872 3070 1186 3138 Ὑπερὸορέους
1212 3069 1417 3128 καθήκειν

129 3146 186 3198 εἷς
203 3143 282 3202 τὴν
301 3143 449 3208 ἑτέραν
470 3144 710 3193 θάλασσαν.

191 3216 410 3279 Sequitur
431 3221 725 3265 Hellanicum
744 3218 826 3281 (fr.
847 3220 909 3280 96
926 3219 958 3281 ).
981 3219 1050 3266 Cf.
1073 3220 1240 3266 Ukert.
1267 3216 1420 3265 Ueber

70 3290 76 3294 ’
128 3291 366 3336 Hecatoeus
389 3309 435 3337 u.
457 3294 671 3337 Damast.
688 3307 848 3351 geogr.
861 3307 910 3353 p.
931 3290 1011 3349 513
1026 3293 1211 3337 Miiller.
1231 3293 1343 3338 Dor.
1369 3292 1410 3346 Ι,

129 3377 180 3424 p.
201 3362 313 3421 276.

546 3512 629 3560 DE
664 3512 998 3561 GENTIBUS.

759 3622 798 3662 1.

185 3700 386 3741 Damastes
404 3697 446 3741 in
464 3712 582 3752 opere
601 3705 656 3743 De
670 3703 852 3754 gentihus
869 3712 990 3752 supra
1005 3702 1172 3752 Scythas
1189 3701 1286 3741 dicit
1311 3700 1423 3740 habi-

137 3764 221 3805 tare
231 3765 432 3806 Issedones
442 3796 454 3816 ‚
467 3777 586 3817 supra
600 3767 674 3807 hos
685 3763 910 3817 Arimaspos
924 3797 936 3816 ,
953 3777 1072 3817 supra
1085 3767 1158 3806 hos
1172 3777 1257 3806 esse
1271 3768 1426 3805 montes

139 3825 314 3878 ffipoeos,
333 3839 385 3869 ex
400 3826 548 3880 quibus
565 3830 679 3870 flaret
692 3831 834 3871 boreas
844 3861 855 3880 ,
878 3831 920 3870 et
934 3825 1003 3869 ubi
1018 3826 1128 3870 nives
1142 3840 1350 3879 nunquam
1361 3829 1426 3870 de·

137 3893 279 3935 essent.
301 3895 424 3933 Trans
439 3895 596 3934 montes
618 3895 714 3935 istos
727 3890 907 3935 habitare
929 3892 1204 3946 Hyperboreos
1223 3905 1350 3945 usque
1375 3895 1426 3935 ad

139 3955 306 3996 alterum
326 3967 435 3998 mare
449 3958 700 4009 pertinentes.

751 4027 796 4067 2.

191 4097 335 4142 Statim
351 4099 401 4142 ab
416 4100 508 4154 ipsis
519 4104 571 4144 ad
587 4106 867 4156 Propontidem
885 4106 983 4146 locis
1001 4109 1199 4147 Homerus
1219 4107 1269 4146 ab
1285 4109 1428 4158 AEsepo

75 4196 77 4198 ,
144 4161 236 4204 facit
256 4165 411 4206 initium
435 4183 444 4206 :
468 4162 657 4208 Eudoxus
675 4169 725 4209 ab
742 4171 882 4210 Artace
900 4171 942 4210 et
957 4170 1119 4221 Priapo,
1136 4170 1200 4210 cui
1224 4171 1366 4211 Artace
1388 4171 1429 4211 in

91 4263 93 4266 Α
145 4225 428 4279 Cyzicenorum
457 4227 586 4271 insula
620 4229 846 4284 opponitur,
873 4235 1022 4275 arctius
1049 4235 1262 4275 contractis
1287 4235 1429 4276 finibus

321 4310 550 4340 emensum
575 4312 672 4342 irsr.
696 4313 759 4341 cn.
784 4306 859 4342 vol.
886 4313 926 4342 ιι.

2100 389 2142 418 2.

1536 492 1703 537 Strabo
1728 492 1868 545 XIII,
1891 505 1941 548 p.
1976 486 2066 532 583
2086 488 2187 530 init.
2203 520 2215 540 ,
2243 486 2301 529 de
2325 485 2495 529 finibus
2518 485 2714 529 Troadis
2753 501 2762 527 :

1475 561 1614 616 Εὐθὺς
1635 561 1706 608 ἐπὶ
1729 563 1813 607 τῶν
1834 558 1948 607 κατὰ
1971 557 2048 615 τὴν
2076 554 2351 621 Προποντίδα
2375 554 2517 601 τόπων
2539 558 2560 601 ὃ
2582 554 2656 616 μὲν
2681 554 2770 602 ‘'0-

1473 653 1609 700 μηρος
1628 633 1713 680 ἀπὸ
1734 637 1807 680 τοῦ
1827 630 2029 688 Αἰσήπου
2043 627 2121 687 τὴν
2141 625 2281 693 ἀρχὴν
2298 628 2483 672 ποιεῖται
2507 630 2582 684 τῆς
2604 626 2766 690 Τρωά-

1474 708 1558 760 δος·
1588 703 1769 760 Εὔδοξος
1797 704 1841 751 δὲ
1867 702 1954 750 ἀπὸ
1979 699 2182 766 Πριάπου
2203 698 2277 746 καὶ
2298 696 2530 763 Ἀρτάκης,
2555 702 2628 745 τοῦ
2650 700 2691 744 ἐν
2719 702 2772 761 τῇ

1474 780 1726 836 Κυζικηνῶν
1751 776 1870 842 νήσῳ
1890 774 2050 840 χωρίου
2075 771 2346 838 ἀνταίροντας
2367 772 2429 835 τῷ
2459 769 2671 834 Πριάπῳ,
2694 790 2774 816 συ-

1475 851 1665 899 στέλλων
1680 851 1747 896 ἐπ’
1767 848 1944 896 ἔλαττον
1962 845 2058 900 τοὺς
2075 845 2209 910 ὅρους·
2227 841 2468 903 Δαμάστης
2480 842 2515 887 δ’
2534 839 2596 886 ἔτι
2613 842 2774 902 μᾶλλον

1476 923 1700 972 συστέλλει
1725 920 1810 968 ἀπὸ
1833 918 2016 984 Παρίου·
2051 917 2125 965 καὶ
2155 916 2239 981 γὰρ
2259 908 2377 968 οὗτος
2400 914 2477 976 μὲν
2501 912 2580 965 ἕως
2612 915 2775 959 Λεκτοῦ

1477 995 1674 1061 προάγει·
1702 994 1826 1042 ἄλλοι
1849 992 1893 1040 δὲ
1919 991 2076 1044 ἄλλως.
2103 994 2160 1036 In
2194 991 2364 1035 arctius
2398 988 2513 1033 fines
2547 988 2779 1031 contraxit

1477 1072 1667 1117 Charon
1692 1069 1752 1116 sr.
1789 1067 1862 1123 8.;
1902 1066 1959 1112 cf.
1984 1066 2203 1125 Ephorus
2239 1063 2324 1119 fr.;
2353 1061 2441 1118 893
2480 1060 2777 1106 Sehoemann.

1477 1144 1649 1204 Geogr.
1663 1144 1802 1187 Hom.
1815 1157 1866 1200 p.
1883 1139 1945 1201 98
1959 1157 1972 1196 3
1987 1141 2140 1199 Heyn.
2155 1137 2216 1182 ad
2227 1138 2370 1181 Hom.
2388 1144 2503 1179 tom.
2522 1135 2577 1189 V,
2598 1149 2647 1192 p.
2665 1132 2776 1190 5963

1477 1217 1646 1262 Ukert.
1666 1216 1698 1262 l.
1720 1215 1753 1262 l.
1774 1229 1822 1273 p.
1845 1218 1923 1270 47.

1546 1401 1717 1448 Strabo
1743 1402 1869 1455 XIV,
1896 1410 1948 1459 p.
1983 1397 2096 1453 684,
2125 1390 2184 1440 de
2219 1390 2374 1453 Cypro
2404 1409 2414 1436 t

1482 1475 1672 1531 ποιητῶν
1697 1470 1958 1533 θαυμάζειν,
1982 1466 2059 1516 καὶ
2085 1466 2278 1530 μάλιστα
2306 1467 2390 1511 τῶν
2415 1460 2636 1525 τοιούτων,
2673 1454 2732 1515 οἷς
2756 1466 2782 1518 ἧ

1483 1552 1606 1592 πᾶσα
1630 1543 1730 1610 περὶ
1753 1541 1831 1600 τὴν
1857 1541 2012 1608 φράσιν
2037 1538 2130 1587 ἐστὶ
2152 1535 2346 1597 σπουδὴ,
2373 1534 2427 1583 τὰ
2445 1540 2520 1583 τοῦ
2546 1536 2785 1598 Δαμάστου

1484 1616 1810 1682 συγκρίνοντας,
1837 1616 1953 1668 ὅστις
1972 1618 2050 1671 τῆς
2069 1611 2201 1670 νήσου
2225 1610 2274 1657 τὸ
2303 1613 2439 1672 μ’ἧκος
2468 1608 2556 1656 ἀπὸ
2590 1612 2675 1655 τῶν
2702 1607 2786 1673 ἄρ-

1485 1709 1603 1737 κτων
1624 1688 1731 1754 πρὸς
1759 1685 2036 1753 μεσημὸρίαν
2069 1682 2349 1745 ἀποδίδωσιν,
2376 1681 2461 1729 ἀπὸ
2494 1681 2786 1746 Ἱεροκηπίας,

1484 1762 1542 1816 ὥς
1562 1777 1708 1827 φησιν,
1736 1763 1793 1815 εἷς
1814 1761 2029 1821 Κλεῒδας;
2049 1755 2165 1807 Οὐδὲ
2184 1759 2206 1803 ὃ
2223 1753 2537 1820 Ἐρατοσθένης
2556 1746 2616 1800 εὖ·
2638 1752 2785 1800 αἰτιώ-

1487 1854 1610 1899 μενος
1629 1833 1712 1900 γὰρ
1732 1838 1896 1891 τοῦτον,
1913 1834 1991 1880 οὔκ
2004 1833 2080 1878 ἀπ’
2103 1830 2271 1896 ἄρκτων
2291 1828 2418 1894 φησὶν
2434 1821 2542 1875 εἶναι
2555 1826 2632 1885 τὴν
2656 1826 2787 1890 Ἱερο-

1485 1907 1669 1970 κηπίαν,
1697 1906 1792 1953 ἀλλ’
1811 1905 1897 1953 ἀπὸ
1922 1903 2066 1952 νότου·
2090 1901 2185 1950 οὐδὲ
2205 1901 2289 1965 γὰρ
2310 1901 2397 1948 ἀπὸ
2418 1901 2562 1960 νότου,
2589 1900 2683 1947 ἀλλ’
2703 1898 2788 1945 ἀπὸ

1487 1979 1672 2038 δύσεως,
1700 1978 1820 2044 εἴπερ
1848 1980 1891 2025 ἐν
1915 1981 1968 2042 τῇ
1994 1979 2182 2040 δυσμικῇ
2207 1977 2374 2040 πλευρᾷ
2400 1974 2564 2032 κεῖται,
2587 1974 2628 2019 ἐν
2654 1966 2683 2036 ᾗ
2715 1972 2789 2018 καὶ

1485 2056 1514 2111 ἡ
1546 2052 1698 2118 Πάφος
1724 2052 1799 2100 καὶ
1821 2054 1843 2099 ὁ
1863 2050 2070 2113 Ἀκάμας.

2450 1386 2507 1438 Τί
2533 1390 2574 1436 δὲ
2610 1390 2671 1435 δεῖ
2697 1392 2780 1435 τῶν

2124 2173 2164 2219 4.

1552 2282 1712 2327 Festus
1733 2279 1845 2324 Ruf.
1870 2280 2075 2323 Avienus
2095 2279 2175 2323 Or.
2201 2278 2355 2322 marit.
2382 2276 2474 2332 370
2500 2292 2511 2318 ε

1550 2352 1650 2397 Sed
1663 2353 1730 2396 ad
1749 2353 1985 2396 columnas
2007 2350 2233 2408 quidquid
2253 2345 2577 2404 interfunditur

1555 2426 1695 2469 undoe
1709 2426 1964 2477 aestuantis,
1996 2423 2154 2465 stadia
2171 2430 2342 2480 septem
2363 2424 2436 2463 vix
2455 2425 2529 2463 ait

1554 2499 1801 2541 Damastes
1823 2511 1935 2540 esse.
1966 2495 2287 2552 Catfyatzdoeus
2306 2493 2481 2551 Scylax

1555 2570 1752 2613 medium
1762 2567 1989 2626 fluentem
2014 2570 2130 2610 inter
2150 2567 2384 2609 columnas
2404 2566 2575 2608 adserit

1555 2651 1731 2686 tantum
1746 2648 1911 2699 patere
1931 2648 2154 2698 quantum
2176 2647 2314 2681 cestus
2337 2638 2531 2696 Bospori
2557 2646 2638 2680 est.

1489 2713 1566 2759 Ad
1586 2714 1684 2757 haec
1709 2713 1820 2759 clar.
1845 2713 2072 2756 Letronn.
2101 2712 2151 2754 in
2180 2712 2457 2768 Fragments
2490 2710 2571 2753 des
2605 2714 2792 2768 poeotes

1489 2788 1644 2845 ge'ogr.
1665 2785 1722 2829 de
1745 2784 1988 2843 Scymnm,
2019 2791 2106 2829 etc.
2128 2799 2176 2842 p.
2202 2788 2296 2835 240
2332 2799 2342 2825 :
2381 2802 2399 2820 «
2427 2785 2493 2826 Le
2515 2797 2705 2842 passage
2735 2781 2793 2825 de

1492 2859 1659 2917 Scylax
1692 2858 1865 2917 auquel
1893 2858 1936 2901 le
1966 2859 2107 2916 poete
2131 2856 2214 2899 fait
2245 2856 2467 2910 allusion,
2499 2855 2689 2898 n'existe
2713 2869 2795 2913 pas

1493 2930 1607 2974 dans
1626 2939 1763 2974 notre
1783 2930 1987 2990 periple,
2012 2937 2058 2973 et
2090 2932 2165 2971 n'a
2183 2927 2344 2986 jamais
2370 2943 2436 2987 pu
2459 2943 2490 2987 y
2515 2928 2635 2982 etre,
2657 2928 2794 2986 puis—

1493 3017 1586 3061 que
1606 3003 1650 3046 la
1674 3003 1864 3063 largeur
1883 3002 1949 3046 du
1973 3001 2150 3046 detroit
2177 3001 2258 3045 des
2279 3002 2502 3044 colonnes
2526 3016 2555 3059 y
2579 3008 2644 3043 est
2669 2999 2795 3042 indi-

1494 3075 1612 3133 quee
1636 3090 1820 3119 comme
1837 3075 1965 3119 etant
1988 3073 2102 3118 d’un
2115 3073 2227 3131 jour
2251 3073 2310 3117 de
2326 3073 2619 3132 navigation,
2648 3084 2699 3116 ce
2716 3074 2795 3130 qui

1494 3156 1561 3191 est
1583 3146 1678 3191 fo'rt
1701 3147 1921 3191 different
1945 3146 2004 3190 de
2025 3154 2126 3205 sept
2141 3145 2314 3201 stades;
2336 3147 2452 3189 mais
2476 3161 2658 3188 comme
2679 3152 2796 3188 cette

1492 3234 1675 3264 mesure
1709 3219 1768 3263 de
1803 3227 1904 3279 sept
1938 3218 2090 3262 stades
2124 3226 2190 3262 est
2226 3219 2534 3277 precisement
2562 3218 2676 3261 celle
2706 3232 2796 3275 que

1494 3298 1631 3336 notre
1645 3292 1827 3351 periple
1841 3291 1999 3335 donne
2012 3307 2071 3334 au
2086 3291 2327 3349 Bosphore
2342 3291 2400 3334 de
2412 3291 2605 3344 Thrace,
2616 3289 2663 3346 je
2678 3291 2798 3332 crois

1496 3363 1779 3426 qu'Avienus
1798 3363 1921 3409 afait
1937 3371 2042 3406 tout
2060 3363 2352 3421 simplement
2368 3377 2460 3405 une
2474 3361 2719 3404 confusion
2737 3360 2794 3403 de

1496 3495 1680 3545 Troadis,
1699 3496 1851 3536 sumit:
1869 3497 2075 3535 Damastes
2098 3495 2217 3535 etiam
2242 3496 2389 3546 magis,
2413 3506 2437 3533 a
2459 3494 2572 3534 Pario
2593 3504 2679 3533 eam
2697 3494 2794 3532 inci>-

1496 3560 1619 3610 piens.
1635 3560 1765 3610 Atque
1777 3559 1843 3598 hic
1855 3559 2016 3609 quidem
2027 3570 2155 3609 usque
2165 3559 2212 3598 ad
2232 3561 2399 3599 Lectum
2413 3558 2609 3610 producit,
2624 3558 2689 3596 alii
2702 3569 2796 3595 vero

1496 3623 1625 3663 aliter.

2120 3691 2164 3731 3.

1551 3769 1658 3814 Quid
1674 3779 1769 3810 vero
1788 3771 1932 3811 attinet
1948 3773 2085 3822 poetas
2101 3771 2259 3820 mirari,
2277 3771 2450 3810 maxime
2478 3781 2542 3809 eos
2556 3800 2566 3818 ,
2584 3769 2652 3818 qui
2678 3779 2795 3806 omne

1498 3833 1676 3872 studium
1706 3834 1869 3874 dictioni
1903 3827 2023 3874 modo
2053 3834 2315 3885 impendunt,
2350 3835 2382 3874 si
2413 3832 2609 3874 Damastis
2650 3831 2795 3880 scripta

1497 3907 1805 3949 componamus,
1831 3900 1902 3950 qui
1920 3900 2207 3950 longitudinem
2230 3900 2370 3939 insulae
2391 3910 2414 3938 a
2447 3897 2714 3947 septentrione
2741 3895 2790 3934 ad

1497 3961 1705 4001 meridiem
1720 3963 1884 4002 metitur
1899 3963 1949 4002 ab
1970 3963 2200 4012 Hierocepia
2218 3963 2267 4012 (ἰ.
2286 3973 2321 4001 e.
2339 3972 2461 4001 sacro
2485 3960 2630 4008 horto)
2652 3959 2699 3997 ad
2718 3959 2796 3998 Cli-

1499 4024 1587 4064 das?
1599 4028 1657 4064 Ac
1671 4037 1723 4065 ue
1738 4027 2016 4067 Eratosthenes
2031 4027 2192 4076 quidem
2209 4028 2315 4065 recte
2331 4042 2340 4065 ι
2359 4026 2539 4063 incusans
2551 4023 2655 4061 enim
2673 4023 2793 4070 hunc,

1501 4084 1772 4139 Hierocepiam
1793 4101 1875 4129 non
1889 4101 1914 4129 a
1929 4090 2198 4140 septentrione
2218 4100 2300 4128 esse
2315 4089 2393 4136 ait,
2411 4087 2476 4126 sed
2499 4097 2521 4124 a
2538 4086 2698 4125 meridie
2725 4102 2733 4124 z
2753 4088 2795 4124 at

1501 4162 1551 4191 ne
1569 4163 1592 4191 a
1607 4153 1770 4193 meridie
1791 4147 1955 4204 quideni
1972 4155 2054 4202 est,
2071 4153 2139 4192 sed
2160 4152 2199 4190 in
2224 4151 2387 4189 occidua
2415 4150 2549 4198 parte,
2575 4149 2641 4186 ubi
2673 4149 2792 4187 etiam

1504 4213 1661 4266 'Paphus
1682 4218 1776 4257 sunt
1796 4219 1836 4256 et
1857 4220 2035 4257 Acamas.
