3016 4628
196 338 286 375 4153

195 454 250 482 ex
268 446 529 496 temporum
550 437 716 482 ordine
734 447 1046 499 postremum,
1072 440 1271 498 pertinet
1289 438 1346 482 ad
1368 454 1487 482 mor·

196 521 286 554 10111
310 511 596 570 Lysimachi,
639 513 718 571 qui
753 513 922 571 proelio
955 521 1115 556 contra
1147 514 1391 557 Seleucum
1431 511 1487 553 ad

180 572 514 643 ‘Corupedium
548 586 791 629 commisso
825 583 992 629 cecidit
1026 585 1098 628 Ol.
1146 589 1258 637 124,
1292 589 1334 636 4.
1375 583 1483 628 281.

197 655 336 712 Quod
355 655 576 713 quoniam
609 658 813 700 ultimum
837 655 941 712 ficit
968 666 1196 699 certamen
1221 656 1488 699 commilito-

196 744 304 771 num
333 730 592 771 Alexandri
620 728 808 789 (Justin.
844 731 981 773 XVII
1002 763 1013 784 ,
1047 745 1061 771 1
1092 729 1134 787 J,
1167 727 1306 771 finem
1332 742 1489 770 narra-

196 801 332 844 tionis
351 802 456 844 satis
478 809 635 860 aptum
660 803 868 861 praebere
891 803 1047 860 potuit
1065 835 1076 855 ,
1117 809 1253 859 atque
1283 810 1490 858 tempora

195 874 432 932 scriptoris
448 874 675 933 impedire
700 874 932 926 videntur,
960 874 1208 931 quominus
1227 887 1331 916 eum
1352 871 1491 929 longe

195 946 315 989 ultra
329 947 453 988 hunc
474 947 721 990 terminum
740 961 1032 1005 progressum
1055 960 1145 988 esse
1163 945 1487 988 existimemus.

195 1018 517 1061 Narrationem
559 1019 698 1078 igitur
741 1017 987 1061 deduxerit
1020 1032 1163 1078 usque
1197 1015 1255 1059 ad
1293 1024 1491 1058 mortem

197 1087 404 1148 Seleuci,
445 1092 525 1148 qui
559 1091 716 1148 paucis
754 1099 859 1147 post
900 1089 1221 1146 Lysimachum
1259 1086 1493 1131 mensibus

193 1151 323 1207 ¹diem
346 1163 476 1207 obiit.
499 1190 559 1197 —-
580 1164 785 1206 'situlum
807 1162 958 1220 operis
976 1170 1162 1219 ponunt
1187 1159 1333 1204 modo
1353 1155 1493 1204 Ἱστο-

199 1231 744 1296 ρίαι(1“1·.1.2.1’)ι,2-;.
773 1240 849 1277 29.
881 1231 956 1278 30.
983 1232 1056 1275 31.
1081 1232 1198 1290 32),
1224 1231 1370 1275 modo
1394 1231 1493 1275 Μα-

197 1304 390 1352 κεδονικά
415 1307 498 1367 (fr.
527 1306 570 1352 8.
599 1322 671 1349 12.
703 1306 775 1349 16.
803 1306 861 1349 26
889 1306 1024 1359 0128,
1046 1305 1126 1348 ubi
1146 1313 1365 1362 corrupte
1402 1306 1495 1348 Λα-

195 1378 523 1439 κεδαιμονικά),
560 1378 701 1422 modo
735 1374 973 1432 ‘ffllmvtmi
1007 1376 1237 1438 (Diodor.
1264 1374 1294 1418 l.
1333 1377 1364 1420 l.
1398 1376 1495 1421 vid.

195 1452 352 1514 not.)-
396 1455 515 1510 Quas
547 1453 785 1495 titulorum
812 1451 981 1494 formas
1016 1449 1131 1492 nihil
1178 1451 1298 1493 inter
1332 1465 1377 1492 se
1408 1465 1497 1508 pu—

197 1540 340 1585 gnare
373 1541 510 1569 nemo
535 1540 632 1568 non
661 1525 787 1587 videt
820 1539 1025 1582 quaenam
1062 1532 1170 1566 tunc
1205 1522 1344 1566 suerit
1378 1524 1496 1566 ratio

199 1598 399 1642 historiae
439 1599 604 1642 Graecae
632 1612 786 1640 secum
818 1604 1048 1655 reputans.
1081 1595 1257 1652 Quodsi
1289 1595 1498 1640 Eudocia

200 1686 247 1728 p.
279 1685 371 1729 2²9
405 1686 448 1718 ν,
479 1670 615 1730 Δῶρις
634 1668 802 1713 Duridi
830 1676 990 1712 nostro
1027 1665 1241 1729 Ἱστορίαν
1271 1663 1494 1730 Περσικὴν

200 1742 392 1800 tribuit,
418 1744 614 1801 spectari
639 1742 822 1785 videtur
855 1755 907 1785 ea
927 1741 1225 1784 historiarum
1250 1756 1383 1800 pars,
1415 1741 1495 1785 ubi

203 1814 262 1858 de
289 1814 543 1859 Alexandri
570 1813 942 1873 expeditionibus
962 1828 1118 1857 sermo
1153 1813 1252 1857 fuit.
1277 1816 1348 1858 De
1373 1830 1497 1859 occo·

203 1887 359 1930 nomia
390 1879 542 1945 operis
574 1887 772 1930 certiora
801 1887 1077 1945 plerumque
1114 1886 1201 1930 dici
1237 1895 1495 1945 nequeunt.

202 1960 313 2016 Quae
337 1960 550 2002 tenuiora
572 1958 741 2002 indicia
763 1960 983 2002 scrutanti
1007 1973 1169 2002 eruere
1202 1973 1306 2002 cum
1344 1959 1496 2018 aliqua

204 2031 545 2089 probabilitatis
569 2032 718 2090 specie
746 2033 873 2085 licet,
898 2040 1002 2075 sunt
1022 2032 1117 2075 fere
1146 2032 1244 2075 haec
1270 2047 1280 2075 ε
1309 2031 1455 2089 Liber
1475 2033 1496 2075 Ι

197 2104 423 2163 pertinuit
454 2119 597 2163 usque
626 2103 684 2147 ad
719 2119 913 2163 regnum
937 2103 1141 2164 Philippi
1166 2102 1266 2163 (Ol.
1302 2119 1390 2148 102
1409 2138 1422 2162 ,
1450 2104 1493 2147 3.

200 2185 398 2232 -104‚
457 2183 513 2232 43
570 2175 894 2235 370—361);
945 2193 1051 2221 nam
1113 2177 1236 2220 libro
1293 2177 1499 2222 secundo

203 2250 211 2309 (
235 2249 291 2295 fr.
332 2249 384 2308 2)
418 2249 513 2306 jam
550 2250 772 2310 agebatur
813 2250 870 2294 de
905 2250 1032 2294 bello
1079 2250 1303 2296 Phocico.
1348 2251 1502 2294 Libris

204 2325 353 2366 '11-V
371 2331 532 2366 auctor
546 2323 751 2381 Philippi
770 2324 890 2383 regis
905 2338 978 2367 res
995 2332 1141 2384 gestas
1160 2323 1374 2382 exposuit
1396 2322 1493 2384 (Ol.

209 2393 295 2439 105
317 2429 328 2450 ,
362 2411 477 2439 1—1
494 2411 509 2439 1
525 2410 573 2450 1,
617 2409 658 2437 1.
700 2393 1020 2455 360—336);
1054 2410 1164 2440 nam
1186 2395 1309 2439 libro
1333 2396 1501 2454 quinto

203 2467 353 2512 adhuc
389 2467 447 2512 de
475 2468 690 2526 Philippo
726 2468 903 2512 dictum
937 2482 1030 2512 esse
1054 2468 1215 2528 arguit,
1236 2466 1401 2528 fragm.
1441 2468 1498 2523 8,

206 2556 349 2599 quum
371 2555 426 2584 ex
444 2540 565 2583 libro
589 2541 785 2599 septimo
807 2539 1116 2602 fragmentum
1141 2538 1235 2600 (12J
1253 2540 1349 2598 jam
1371 2541 1428 2584 sit
1444 2540 1502 2585 de

204 2613 546 2673 expugnatione
570 2612 693 2671 Tyri.
717 2613 865 2658 Libris
890 2615 1064 2658 VI—X
1086 2612 1404 2658 tractabantur
1431 2628 1504 2659 res

206 2685 457 2731 Alexandri
477 2684 579 2744 (Ol.
612 2702 857 2740 111,1--1
876 2692 948 2742 14,
970 2703 1014 2731 2.
1044 2686 1302 2731 336—323
1320 2682 1353 2748 J.
1382 2687 1504 2731 Pen-

208 2759 287 2802 det
305 2759 525 2802 sententia
550 2773 606 2802 ex
626 2758 682 2801 fr.
710 2772 764 2801 21
787 2793 799 2813 ,
824 2759 955 2817 quod
979 2759 1039 2803 ad
1064 2775 1140 2803 an.
1171 2758 1264 2803 325
1291 2758 1502 2805 referen-

210 2826 321 2871 dum
335 2843 425 2873 esse
442 2828 641 2876 videtur.
661 2831 1026 2887 LibriXI-XV
1043 2839 1228 2876 amorte
1245 2831 1503 2878 Alexandri

211 2911 355 2959 usque
369 2901 428 2944 ad
440 2902 509 2946 Ol.
535 2918 551 2945 1
568 2903 642 2957 16,
665 2919 709 2946 2.
740 2903 765 2948 3
777 2920 794 2948 1
807 2903 851 2959 5,
867 2906 961 2949 sive
977 2904 1035 2948 ad
1049 2912 1248 2949 mortem
1263 2905 1504 2965 Olympia-

213 2972 282 3016 dis
298 2982 435 3032 atque
452 2976 829 3020 restaurationem
847 2975 1129 3033 Thebarum,
1150 2979 1219 3021 uti
1238 2978 1428 3036 colligas
1446 2993 1505 3022 ex

213 3045 374 3104 fragm.
402 3046 480 3100 26,
500 3047 628 3104 quod
647 3050 849 3107 pertinet
862 3047 922 3094 ad
941 3065 1015 3096 an.
1034 3049 1088 3094 31
1101 3050 1145 3094 5.
1167 3050 1297 3095 Libri
1315 3051 1426 3095 XVI
1443 3075 1505 3084 -

213 3118 352 3162 XXII
372 3119 670 3163 continebant
691 3136 760 3164 res
777 3131 921 3182 gestas
941 3123 997 3167 ab
1023 3123 1097 3168 Ol.
1133 3140 1150 3168 1
1165 3123 1221 3168 16
1235 3157 1247 3180 ,
1277 3122 1399 3168 3-—1
1414 3139 1471 3183 19
1489 3159 1503 3184 ,

215 3191 262 3236 lt.
291 3193 381 3242 314
403 3217 465 3223 -—
494 3190 581 3235 301
602 3226 615 3252 ,
641 3194 733 3236 sive
758 3209 903 3252 usque
924 3193 982 3239 ad
1003 3211 1209 3257 pugnam
1233 3196 1293 3241 ad
1318 3198 1501 3256 Ipsum3

216 3277 320 3306 113111
346 3263 509 3323 fragm.
545 3263 604 3308 30
629 3280 685 3309 ex
709 3266 831 3310 libro
854 3268 994 3312 XXII
1020 3268 1318 3314 referendum
1346 3269 1407 3314 ad
1433 3270 1505 3316 Ol.

223 3349 342 3394 119,
372 3334 415 3379 3.
439 3336 577 3392 Quod
607 3353 661 3381 ex
694 3337 814 3382 libro
845 3339 1007 3384 XXIII
1041 3341 1235 3386 affertur
1273 3335 1503 3403 (fr.'32),

219 3409 442 3466 temporis
460 3407 778 3453 definitionem
799 3427 894 3454 non
915 3413 1131 3457 admittit.
1158 3416 1260 3458 Jam
1286 3429 1431 3473 quum
1447 3414 1508 3459 ad

220 3489 417 3523 mortem
456 3482 710 3537 Lysimachi
744 3486 970 3542 supersint
999 3488 1104 3529 anni
1141 3488 1305 3547 viginti
1333 3485 1508 3547 (300-

222 3551 309 3596 281
333 3549 375 3611 ),
406 3566 507 3610 quae
530 3561 595 3595 est
626 3555 672 3595 in
700 3556 934 3612 prioribus
961 3560 1235 3604 narrationis
1266 3561 1511 3618 prolixitas

220 3622 510 3682 probabilem
537 3623 689 3666 reddit
717 3626 1034 3682 conjecturam
1065 3631 1330 3675 Hullemani
1360 3640 1510 3676 totum

223 3709 340 3754 opus
364 3700 471 3737 octo
490 3702 533 3737 et
553 3695 714 3754 viginti
737 3697 918 3740 circiter
939 3700 1065 3743 libris
1086 3702 1357 3748 constitisse.

287 3765 426 3825 Quod
441 3767 655 3810 orientali
672 3768 870 3828 Europae
884 3772 1001 3829 parti
1013 3772 1250 3833 Philippus
1261 3777 1510 3820 etAlexan-

225 3840 324 3894 der,
350 3838 473 3882 idem
498 3838 864 3885 occidentalibus
887 3844 1154 3902 regionibus
1173 3846 1260 3890 fuit
1294 3849 1512 3909 Agatho—

224 3914 316 3956 cles
338 3911 351 3970 (
371 3927 385 3955 1
403 3910 456 3954 15
472 3946 483 3967 ,
509 3914 700 3957 4—122
721 3947 731 3965 ‚
760 3918 802 3964 l..
827 3913 1082 3975 317—289
1100 3915 1130 3977 J.
1148 3918 1255 3975 Ejus
1272 3921 1511 3965 historiam

226 3985 401 4028 Samius
425 3992 645 4042 tyrannus
666 3986 888 4044 peculiari
914 4002 1054 4045 opere
1081 3993 1325 4045 enarravit,
1348 3994 1393 4036 in
1420 4009 1513 4051 quo

229 4056 547 4114 benigniorem
585 4072 631 4100 se
669 4057 952 4116 Syracusano
987 4060 1237 4117 praebuerit
1266 4079 1404 4120 quam
1438 4068 1473 4109 Τ
1476 4067 1515 4108 1-

231 4144 383 4182 inaeus‚
407 4130 487 4187 qui
506 4130 663 4188 paullo
678 4138 781 4188 post
800 4130 1025 4175 Duridem
1042 4133 1303 4191 Agathoclis
1321 4150 1392 4179 res
1408 4153 1515 4196 per-

233 4201 549 4245 ‹ensuitlibris
570 4203 794 4263 quinque
820 4202 1034 4261 Ejusdem
1054 4204 1148 4248 feic
1169 4205 1519 4254 ambitusfuciit
1594 4206 1845 4268 οἰκουμένην
1881 4202 2045 4262 σπουδὴ
2078 4203 2243 4268 ἐγένετο
2279 4202 2382 4267 πρὸς
2421 4201 2585 4256 ἐκείνας
2607 4198 2685 4254 τὰς
2708 4198 2871 4263 ἴυγγα(

235 4287 351 4330 epus
374 4274 527 4319 Samii.
565 4275 678 4319 Nam
712 4274 876 4334 quod
868 4291 910 4319 111
936 4275 1064 4321 libris
1092 4277 1298 4321 Athenaei
1324 4279 1407 4340 (fr.
1442 4287 1462 4332 l,
1482 4283 1515 4340 1)

1281 329 1536 377 cnemis
1573 322 1749 375 SAM‘n
1990 342 1998 347 -
2899 309 2958 400 ³

2920 52 2954 103 if}

2920 122 2955 172 {6⁶

2900 263 2913 308 ι.
2928 258 2957 374 1,

1563 438 1909 498 vulgolegitur:
1925 435 2105 498 Δοῦρις’
2087 453 2128 480 εν
2151 434 2173 480 δ
2184 453 2201 480 ε
2217 453 2243 481 κ
2252 427 2358 498 ἄτῃ
2375 453 2460 482 των
2477 435 2576 501 περὶ
2593 429 2907 502 Ἀγαθοκλέα,
2949 490 2960 498 44

1567 510 1614 553 id
1635 510 1883 554 rectissime
1900 509 2203 552 Hullemanus
2230 507 2510 565 emendavit,
2532 525 2619 570 pro
2644 510 2687 558 ἐν
2705 506 2917 575 δεκάτῃ
2887 503 2959 574 3
2948 515 2961 553 ’1

1567 595 1798 662 leponens
1819 579 1861 623 ἐν
1887 576 1923 623 δ’
1946 578 2028 639 (cf.
2044 578 2101 625 fr.
2125 578 2232 640 38).
2252 581 2405 624 Num
2393 596 2443 624 m
2461 581 2570 641 ipsis
2592 583 2706 628 locis
2722 583 2867 629 histo·
2898 582 2919 675 ἰ
2950 559 2961 625 {²

1566 653 1645 696 riae
1677 653 1919 696 materiam
1959 651 2100 695 Duris
2149 650 2418 712 collegerit,
2453 665 2514 698 an
2552 653 2742 700 fortasse
2770 671 2870 715 Jam
2903 670 2923 718 t(
2951 652 2961 691 't

1568 739 1675 768 usus
1693 725 1749 767 sit
1768 724 1919 768 Calliae
1939 732 1982 767 et
2007 724 2240 768 Antandri
2264 724 2325 769 de
2342 726 2599 786 Agathocle
2622 734 2867 773 commen-
2919 775 2924 778 ,
2954 755 2961 786 4

1569 797 1716 850 131115
1740 794 1988 852 dijudicari
2006 797 2186 855 nequit.
2209 798 2280 841 Ex
2291 797 2560 858 fragmentis
2571 799 2665 844 hoc
2684 809 2907 845 tantum
2954 787 2959 794 .

1570 869 1764 928 colligis,
1778 868 1934 912 multis
1952 882 2070 927 opus
2090 868 2149 912 de
2167 878 2351 925 natura,
2373 869 2556 930 fabuliS‚
2566 860 2784 919 mirandis
2797 872 2901 918 Si·
2895 879 2928 899 ⁴

1571 939 1710 998 ciliae,
1739 940 1906 994 ltaliae,
1950 940 2105 999 Libyae
2148 939 2300 1001 (unde
2335 942 2508 1001 Libyca
2529 944 2701 989 Dulidi
2729 942 2871 989 affin-
2899 939 2967 1015 ξ

1570 1018 1744 1069 guntur
1763 1010 1922 1071 1035)
1947 1011 2216 1056 distinctum
2235 1012 2370 1059 fuisse
2391 1010 2769 1075 digressionibus.
2925 1027 2934 1079 3
2957 998 2968 1067 Ξ

1637 1083 1905 1141 Sequuntur
1919 1072 2054 1146 ῗΩροι
2076 1083 2273 1146 Σαμίων,
2297 1102 2502 1145 quorum
2516 1087 2733 1133 laudatur
2750 1089 2908 1135 liber·¹

1573 1154 1880 1200 duodecimus
1902 1157 1976 1200 vel
2012 1157 2167 1215 potius
2189 1173 2244 1203 ex
2271 1159 2538 1205 Hullemani
2569 1162 2865 1207 correctione
2902 1171 2907 1176 ’
2960 1159 2964 1182 f

1573 1228 1693 1272 liber
1715 1228 1944 1272 secundus
1964 1226 2033 1290 (v.
2071 1229 2126 1273 fr.
2155 1228 2261 1293 50).
2282 1232 2340 1275 In
2373 1232 2467 1277 hoc
2501 1248 2696 1294 quoque
2723 1249 2870 1294 opere
2912 1284 2913 1287 ,
2961 1278 2970 1296 .

1572 1315 1672 1344 non
1702 1302 1935 1360 acquievit
1974 1303 2114 1348 Duris
2149 1306 2412 1364 argumenti
2448 1307 2695 1364 varietate,
2730 1321 2872 1366 quam
2931 1300 2933 1302 ¹
2963 1297 2970 1350 ἶ

1573 1374 1670 1432 ipsa
1689 1374 1836 1418 insula
1853 1375 1977 1419 civili
1995 1376 2212 1435 historia,
2229 1375 2427 1421 deorum
2447 1377 2592 1434 cultu,
2613 1378 2776 1439 literis,
2796 1393 2869 1423 ar·
2903 1370 2933 1422 ’.
2962 1351 2970 1429 Ξ

1575 1446 1697 1490 tibus
1717 1447 1963 1493 clarissima
1979 1448 2219 1508 praebebat
2236 1482 2250 1508 ‚
2287 1449 2368 1493 sed
2386 1449 2521 1494 latius
2539 1465 2657 1511 saepe
2677 1450 2738 1495 ad
2761 1450 2872 1496 alie·
2964 1467 2971 1510 ’ς

1575 1518 1708 1561 niora
1734 1520 2014 1578 exspatiatus
2034 1528 2114 1566 est.
2134 1521 2368 1580 Tempora
2387 1537 2549 1566 rerum
2572 1521 2872 1568 adornaverit
2966 1541 2970 1586 ζ

1580 1590 1838 1634 seeundum
1858 1594 2126 1653 catalogum
2148 1593 2446 1638 sacerdotum
2469 1596 2682 1641 sunonis.
2912 1590 2923 1594 '⁴
2966 1589 2971 1592 ’

1642 1665 1728 1722 Qui
1742 1675 1913 1724 praeter
1930 1667 2091 1711 allatos
2102 1666 2274 1711 Duridi
2290 1667 2399 1711 libri
2411 1668 2698 1727 tribuuntur,
2709 1675 2874 1715 eorum'

1578 1746 1675 1782 tam
1697 1748 1857 1784 tenues
1879 1741 2088 1800 reliquiae
2109 1749 2242 1797 sunt,
2264 1751 2317 1786 ut
2337 1757 2477 1788 omne
2494 1741 2727 1801 judicium
2746 1759 2874 1804 prae-

1577 1811 1784 1856 cludant.
1806 1813 1947 1856 Tituli
1967 1813 2211 1858 manifesto
2230 1813 2444 1873 produnt
2462 1815 2703 1860 alumnum
2722 1816 2876 1860 Theo-

1576 1884 1768 1943 phrasti.
1795 1884 1941 1929 Modo
1966 1900 2025 1929 ne
2051 1885 2443 1945 Theophrasteam
2465 1887 2597 1931 istam
2619 1888 2670 1932 in
2692 1886 2875 1933 Duride

1578 1957 1803 2001 orationis
1820 1957 2119 2002 dulcedinem
2134 1960 2484 2018 exspectaveris.
2506 1961 2616 2004 Haec
2640 1961 2765 2005 enim
2773 1960 2875 2006 ilaus

1577 2030 1769 2088 propria
1792 2038 1858 2074 est
1877 2030 2200 2090 Theophrasti.
2234 2031 2423 2090 'Reliqui
2452 2033 2748 2092 peripatetici
2777 2033 2876 2078 fere

1578 2116 1740 2145 omnes
1766 2101 1906 2146 rebus
1930 2103 2075 2162 magis
2094 2117 2234 2161 quam
2260 2095 2425 2148 verbis
2440 2104 2606 2148 intenti
2629 2119 2723 2150 esse
2756 2105 2881 2155 sole·⁴
2919 2144 2928 2166 ,γ’

1577 2166 1719 2232 bant,
1747 2175 2092 2235 adversariique
2115 2176 2399 2235 scriptorum
2428 2175 2763 2238 λογοδαιδάλων,
2792 2169 2898 2238 quiv
2934 2191 2940 2202 ³
2971 2172 2974 2174 ’

1579 2263 1637 2292 ex
1670 2249 1886 2292 Isocratis
1921 2248 2078 2292 schola
2118 2246 2553 2308 proficiscebantur.
2594 2251 2750 2310 Atque
2779 2251 2882 2311 ipse

1579 2323 1718 2365 Duris
1742 2323 1791 2366 in
1824 2322 2134 2366 Historiarum
2167 2323 2400 2381 prooemio
2426 2321 2508 2382 (fr.
2547 2321 2596 2386 1)
2635 2323 2929 2384 Ephorum.

1578 2394 1885 2454 reprehendit
1907 2404 1954 2439 et
1973 2395 2356 2455 Theopompum,
2379 2396 2555 2456 quippe
2578 2397 2661 2456 qui
2677 2399 2880 2459 propter}
2895 2404 2912 2448 j,
2937 2395 2939 2400 ’

1575 2468 1714 2511 nimis
1733 2468 1918 2512 anxiam
1938 2466 1998 2511 de
2021 2468 2276 2512 verborum
2297 2468 2638 2528 compositione
2655 2467 2879 2521 sedulita-
2901 2509 2904 2515 .
2943 2516 2945 2518 ,

1580 2548 1675 2586 tem
1693 2538 1824 2585 αὐτοῦ
1845 2541 1920 2584 τοῦ
1937 2536 2116 2604 γράφειν
2134 2536 2263 2601 μόνον
2281 2539 2594 2602 ἐπιμεληθῆναι
2608 2540 2879 2590 1711103111111.
2903 2535 2932 2587 ⁴5.

1579 2615 1701 2660 Hinc
1720 2613 1927 2672 jejunam
1943 2615 2207 2659 orationem
2229 2623 2276 2658 et
2294 2614 2563 2675 languidam
2577 2612 2677 2659 fleri
2693 2613 2878 2674 judica·-
2913 2603 2937 2662 ss

1580 2688 1666 2747 vit,
1690 2702 1835 2746 quum
1851 2684 2033 2747 μίμησιν
2051 2685 2124 2733 καὶ
2137 2683 2293 2744 ἡδονὴν
2306 2688 2480 2732 habere
2493 2687 2678 2745 debeat,
2694 2698 2789 2748 qua
2801 2701 2877 2734 res

1579 2774 1677 2802 non
1699 2766 1792 2802 tam
1813 2767 2063 2804 narrantur
2079 2774 2221 2819 quam
2234 2760 2514 2820 pinguntur,
2541 2774 2635 2819 qua
2649 2759 2797 2804 verba
2817 2755 2883 2805 ad
2924 2748 2925 2753 ¹

1581 2847 1877 2878 communem
1892 2833 2036 2892 ipsius
2053 2834 2154 2876 vitae
2171 2834 2414 2878 veritatem
2429 2847 2570 2892 quam
2583 2832 2800 2892 proxime
2808 2846 2880 2878 ac-

1580 2904 1780 2962 cedunt,
1799 2915 1940 2964 atque
1961 2906 2025 2950 sic
2045 2921 2164 2965 quos
2191 2920 2264 2950 res
2283 2920 2479 2964 quaeque
2497 2905 2704 2964 postulat
2719 2919 2876 2950 sensus

1580 2978 1631 3021 in
1643 2978 1897 3038 legentium
1909 2979 2072 3022 animis
2084 2978 2359 3022 excitantur.
2374 2977 2504 3022 Istud
2514 2992 2630 3022 vero
2651 2973 2881 3038 μιμήσεως
2911 2973 2926 2994 ”

1580 3050 1803 3106 studium,
1819 3051 1907 3095 nisi
1928 3040 2095 3095 severae
2116 3051 2226 3097 artis
2249 3051 2493 3110 praeceptis
2509 3050 2690 3110 regitur
2701 3057 2748 3094 et
2766 3058 2883 3095 tem·
2922 3067 2927 3078 *

1581 3131 1787 3183 peratur,
1797 3138 1894 3182 quo
1908 3122 2079 3167 ducere
2085 3123 2394 3179 consueverit,
2406 3137 2544 3167 nemo
2554 3122 2714 3169 nescit.
2725 3114 2935 3181 Quare‘iqs

1582 3196 1782 3240 libenter
1805 3196 1975 3240 Photio
2012 3195 2267 3255 largiemur
2302 3194 2533 3240 Duridem
2571 3195 2622 3238 in
2651 3195 2706 3239 iis
2742 3194 2891 3255 ipsis?
2928 3191 2929 3194 ¹

1584 3282 1689 3327 quae
1706 3268 1755 3311 in
1771 3267 1963 3327 Ephoro
1985 3275 2032 3311 et
2050 3267 2357 3327 Theopompo
2371 3265 2716 3324 desideraverit,
2732 3263 2879 3313 multo

1583 3341 1653 3384 his
1690 3340 1962 3385 inferiorem
1986 3339 2121 3385 fuisse
2149 3338 2248 3401 (τῆς
2277 3339 2321 3384 ἐν
2353 3338 2494 3391 αὐτοῖς
2523 3336 2687 3392 τούτοις
2711 3337 2877 3388 οἶκονο·

1587 3412 1687 3473 μίας
1711 3410 1853 3459 πολλὰ
1873 3413 1958 3457 τῶν
1980 3412 2144 3475 ἀνδρῶν
2171 3409 2472 3474 λειπόμενος).
2493 3412 2744 3473 Dionysius
2762 3408 2898 3487 quib&

1586 3502 1677 3545 que
1699 3487 1799 3531 Hal.
1820 3485 1937 3546 (De
1930 3486 2060 3532 veih.
2089 3501 2245 3545 comp.
2271 3493 2384 3530 tom.
2403 3487 2457 3540 V,
2473 3497 2528 3545 p.
2538 3482 2686 3531 283.
2703 3481 2715 3546 J
2789 3480 2794 3489 ²

1587 3559 1694 3603 dem
1719 3560 1839 3603 inter
1863 3573 1941 3603 eos
1960 3567 2185 3615 recenset,
2213 3558 2294 3617 qui
2314 3558 2364 3602 in
2379 3555 2634 3602 verborum
2654 3568 2925 3640 compost}

1586 3633 1752 3676 sitione
1790 3628 1927 3675 valde
1975 3631 2260 3691 negligentes
2299 3645 2347 3675 se
2384 3629 2697 3690 piaebuerint‚
2743 3635 2821 3673 at·

1587 3701 1788 3755 τοιαύτας
1827 3699 2051 3755 συντάξευς
2087 3698 2342 3761 κατέλιπον,
2381 3696 2474 3752 οἵας
2506 3697 2641 3752 οὐδεὶς
2681 3700 2764 3745 ὑπο
2852 3642 2925 3782 ‘J

1589 3773 1961 3839 μέχρικορωνίδος
1979 3774 2172 3821 διελθεῖν.
2190 3774 2258 3821 Cf.
2277 3773 2510 3819 Himerius
2523 3773 2730 3818 Declam.
2749 3770 2846 3816 X

1591 3865 1650 3907 27
1670 3843 2221 3909 οᾱ.Ψο1’115111“.1”Εγωγε
2239 3842 2447 3910 πρότερον
2459 3842 2531 3890 ἐπι
2547 3861 2633 3896 τοις
2646 3840 2805 3909 Ηροδό

1588 3920 1727 3981 λόγοις
1761 3917 1895 3976 ἡδέως
1929 3915 2215 3979 διατιθέμενος
2249 3917 2386 3963 παῖδα
2407 3915 2480 3963 τὸν
2515 3913 2746 3979 Ἡρόδοτον
2779 3854 2888 3982 aa}

1591 3990 1668 4049 τὴν
1694 3989 1842 4038 τούτου
1868 3989 2216 4061 (Hermogenis)
2251 3986 2375 4052 χάριν
2400 3985 2631 4052 ὑπείληφα.
2654 3983 2815 4054 Μικραὶ
2831 3978 2863 4032 ’Β

1594 4079 1666 4126 ’μοι
1685 4062 1835 4111 λοιπὸν
1855 4061 2107 4113 Ἑλλάνικοί
2127 4080 2172 4107 τε
2199 4059 2273 4107 καὶ
2309 4059 2538 4125 Δούριδες,
2560 4058 2623 4106 ἔτι
2643 4058 2718 4105 καὶ
2751 4060 2780 4115 ἠ
2809 4072 2856 4105 το

1594 4133 1960 4201 Ἁλικαρνασσέως
2000 4132 2170 4190 ποίησις
2200 4151 2275 4180 και
2299 4131 2412 4186 ὅσοις
2447 4129 2563 4195 λόγῳ
2600 4129 2766 4195 γράψαι
2802 4124 2856 4186 τὴ

2951 698 2960 721 t

2952 728 2959 754 ἓ

2920 820 2922 825 “
2954 807 2961 838 l

2920 849 2965 939 ξ

2903 1970 2933 2107 fama-1
2908 1909 2929 1949 ,ω
2917 1856 2932 1866 ,-

1603 4283 1667 4334 αἱς
1692 4283 1812 4331 οὗτος
1847 4278 2086 4334 κατακηλεῒ
2115 4275 2210 4331 τους
2248 4274 2491 4328 ἀκούοντας.
2516 4274 2607 4322 Sed
2643 4270 2858 4318 indulser
