3016 4628
384 259 1338 394 DEMOCHARES
1409 268 2475 421 LEUCONOENsffi.

1211 528 1677 556 —QOQ—

121 692 488 754 *Demochares
509 698 908 759 Leuconoensis(*
912 699 954 763 )‚
989 710 1206 760 tanquam
1239 710 1399 745 orator

103 791 254 852 que
283 771 392 837 ἀνὴρ
416 772 632 825 πολιτικὸς
662 776 767 820 satis
795 783 935 818 notus
957 782 1049 828 est,
1075 782 1128 816 ut
1156 774 1399 817 historicus

132 855 399 898 emoratur
426 861 453 891 a
474 846 774 905 paucissimis.
801 848 1016 891 Parentes
1040 844 1204 889 habuit
1224 844 1396 889 Lache-

44 946 46 949 >
85 892 178 986 ·Ξῖ-
189 928 272 966 et
289 933 500 964 sororem
522 918 858 977 Demosthenis,
884 932 1020 962 avum
1042 916 1395 971 Democharem,

44 983 46 986 ,
48 988 149 1045 '‘2·
145 994 197 1039 ni
234 998 531 1036 materteram
566 989 888 1034 Demosthenis
913 988 1124 1033 duxerat.
1167 985 1251 1047 (V.
1289 988 1395 1031 De-

46 1070 116 1140 ρ..
142 1063 278 1114 esth.
321 1063 403 1109 Or.
440 1063 464 1106 Ι
500 1077 542 1108 c.
583 1061 771 1120 Aphob.
809 1076 858 1120 p.
909 1059 1002 1104 818
1044 1061 1102 1104 R.
1146 1058 1297 1118 (103,
1337 1064 1395 1111 24

59 1129 139 1187 ᾇ
192 1131 774 1197 k.),0r.11,p.836R.
801 1129 945 1195 (123,
969 1130 1219 1192 3Bekk)
1238 1130 1400 1175 Suidas

1471 711 1587 749 erat.
1613 703 1967 763 Rempublicam
1988 716 2239 766 capesserat
2277 718 2379 753 ante
2399 727 2472 758 an.
2494 712 2582 758 322
2601 732 2612 769 ;
2637 732 2741 760 nani

1473 788 1617 831 quum
1642 784 1850 820 oratores
1881 775 1989 819 dedi
2009 778 2094 821 sibi
2119 780 2359 838 Antipater
2384 782 2529 838 jussit,
2570 788 2745 831 Demo·

1474 846 1654 902 chares,
1679 849 1928 891 acerrimus
1954 855 2052 892 tum
2088 850 2394 896 Macedonicae
2427 853 2633 900 factionis
2667 858 2745 901 ml·

1473 918 1719 972 versarius,
1747 917 1901 977 gladio
1921 921 2150 964 accinctus
2177 923 2224 965 in
2247 924 2470 967 concione
2494 928 2747 972 orationum

1472 988 1680 1033 habuisse
1703 988 1874 1033 dicitur
1921 989 1993 1050 (*).
2008 992 2190 1036 Scilicet
2210 995 2281 1037 vir
2300 994 2384 1038 suit
2403 994 2475 1039 καὶ
2490 995 2600 1040 κατὰ
2621 996 2748 1043 πόλε-

1475 1078 1553 1121 μον
1578 1060 1732 1123 ἀγαθὸς
1762 1060 1836 1107 καὶ
1869 1061 1983 1109 κατὰ
2009 1062 2103 1116 τοὺς
2133 1065 2374 1119 πολιτικοὺς
2410 1066 2555 1127 λόγους
2587 1070 2749 1122 οὐδενὸς

1473 1131 1643 1196 χείρων,
1661 1137 1819 1194 patriae
1839 1136 2063 1181 libertatis
2082 1140 2436 1195 amantissimuS‚
2461 1144 2645 1186 summis
2663 1159 2745 1202 per

1472 1206 1613 1250 vitam
1636 1221 1663 1251 a
1692 1207 1868 1250 civibus
1887 1209 2179 1265 muneribus,
2202 1212 2397 1271 egregiis
2418 1220 2523 1271 post
2555 1222 2749 1258 mortem

1473 1276 1733 1322 honoribus
1766 1288 1972 1323 ornatus.
2004 1280 2120 1326 Ecce
2151 1280 2389 1326 decretum
2413 1284 2575 1343 populi
2610 1286 2748 1329 Athe-

1473 1346 1666 1405 niensis,
1703 1349 1833 1407 quod
1862 1352 2059 1395 servavit
2092 1353 2362 1398 Plutarchus
2392 1355 2439 1398 in
2464 1356 2556 1401 Vit.
2589 1356 2636 1399 X
2670 1358 2749 1400 Or.

1472 1434 1523 1479 p.
1549 1422 1640 1477 752
1673 1419 1752 1481 (p.
1781 1420 1899 1478 1037
1925 1422 2118 1484 Didot.)
2145 1417 2345 1486 ε”Αρχων
2370 1423 2620 1488 Πυθάρατος
2646 1426 2748 1486 (Ol.

1480 1506 1597 1554 ,¹²72
1642 1507 1688 1539 2.
1727 1489 1871 1555 272)·
1902 1490 2055 1555 Λάχης
2088 1494 2371 1557 Δημοχάρους
2406 1495 2659 1549 Λευκονοεὺς
2689 1499 2753 1542 αἷ-

1474 1562 1539 1608 τεῖ
1565 1560 1726 1626 δωρεὰν
1760 1560 1837 1619 τὴν
1869 1562 2025 1627 βουλὴν
2054 1564 2127 1611 καὶ
2157 1565 2229 1612 τὸν
2260 1566 2393 1628 δῆμον
2417 1570 2501 1613 τῶν
2524 1568 2751 1625 Ἀθηναίων

1474 1632 1726 1697 Δημοχάρει
1743 1631 1942 1697 Λάχητος
1962 1636 2189 1682 Λευκονοεῖ
2211 1636 2351 1684 εἰκόνα
2371 1640 2574 1701 χαλκῆν’
2556 1658 2597 1685 εν
2618 1641 2752 1705 ἀγορᾷ

1475 1703 1549 1751 καὶ
1566 1705 1731 1762 σίτησιν
1760 1706 1803 1752 ἐν
1827 1705 2067 1771 πρυτανείῳ
2093 1706 2250 1772 [αὐτῶ]
2274 1708 2348 1755 καὶ
2368 1712 2449 1756 τῶν
2472 1709 2653 1773 ἐγγόνων
2683 1713 2749 1757 ἀεὶ

1475 1779 1536 1840 τῷ
1560 1775 1867 1843 πρεσὸυτάτῳ,
1890 1777 1964 1823 καὶ
1988 1777 2215 1843 προεδρίαν
2252 1781 2293 1826 ἐν
2317 1787 2425 1827 πᾶσι
2455 1788 2541 1835 τοῖς
2574 1784 2751 1845 ἀγῶσιν,

1476 1848 1676 1913 εὐεργέτῃ
1706 1848 1780 1896 καὶ
1805 1848 2035 1914 συμὸούλῳ
2058 1850 2246 1913 γεγονότι
2270 1853 2415 1917 ἀγαθῷ
2438 1855 2499 1918 τῷ
2521 1852 2644 1917 δήμῳ
2665 1857 2749 1900 τῶν

157 1933 226 1986 θ’.)
233 1935 524 1983 Demochares,
556 1936 683 1986 pater
712 1935 892 1974 Aristeoe
919 1921 1097 1974 Proceri.
1125 1943 1190 1983 ap
1218 1932 1328 1973 Suid.
1352 1944 1394 1972 v.
1475 1920 1722 1980 Ἀθηναίων,
1738 1921 1811 1968 καὶ
1838 1922 2133 1987 εὐεργετηκότι
2155 1922 2226 1970 τὸν
2246 1924 2379 1985 δῆμον
2395 1924 2495 1971 τάδε
2511 1944 2522 1954 ·
2542 1924 2750 1989 πρεσὸεύ-

90 1203 119 1248 3
159 1222 216 1254 v
237 1202 500 1268 Δημοχάρης
520 1213 566 1249 et
594 1200 773 1260 Γύλων;
794 1203 1026 1249 Plutarch.
1056 1204 1178 1249 Mor.
1195 1217 1242 1261 p.
1269 1199 1398 1263 751.)

33 1980 35 1982 .
65 2018 102 2057 ³
142 1993 338 2046 θωτέαςέ
347 1996 399 2034 D·
71 1962 1440 3187 spartam-⁹³1³·Plut·Agld·¹93feruslst
1474 2011 1562 2040 οντι
1593 1992 1669 2040 καὶ
1697 1992 1902 2058 γράφοντι
1929 1992 2003 2040 καὶ
2025 1993 2366 2059 πολιτευομένῳ,
2403 1996 2487 2059 [“]
2524 1997 2747 2057 οἰκοδομὴν

88 1288 113 1325 εί
137 1307 140 1315 ι
168 1287 257 1324 ter
272 1293 417 1337 quum
434 1277 618 1322 duobus
634 1277 764 1321 annis
775 1277 936 1334 junior
955 1284 1070 1320 esset
1090 1274 1399 1320 Demosthene

87 1348 194 1417 {p
219 1348 346 1403 824:
370 1347 488 1410 ἐμὲ“’
467 1366 546 1396 επτ
547 1346 732 1394 ’·ἐτων’
709 1365 810 1393 οντα
830 1345 904 1393 καὶ
923 1344 1000 1403 τὴν
1018 1342 1204 1409 ἀδελφὴν
1227 1342 1398 1405 πέντε),

125 1422 284 1467 tales
298 1420 396 1480 ejus
413 1419 658 1465 incidunt
646 1436 696 1464 m
714 1435 786 1464 an.
809 1419 920 1466 380.
940 1419 1252 1464 Demochares
1266 1426 1400 1462 natus

38 1547 39 1550 Ἰ
121 1493 248 1538 erit
265 1493 388 1538 circa
411 1491 534 1537 355-
539 1491 657 1548 3503
685 1493 799 1536 vixit
817 1491 968 1547 adhuc
987 1506 1060 1535 an.
1079 1489 1198 1543 280,
1227 1490 1401 1549 Gorgia

45 1576 50 1604 ἰ
162 1565 362 1622 chonte‚
387 1565 472 1610 sub
493 1579 590 1624 quo
621 1572 817 1609 statuam
842 1563 1047 1621 aliosque
1068 1562 1274 1606 honores
1305 1563 1399 1606 De-

95 1648 146 1699 ’,ι-ι·
160 1637 340 1681 ostheni
357 1635 676 1681 decernendos
691 1651 717 1680 a
737 1635 920 1694 populo
943 1632 1166 1693 flagitavit
1189 1631 1293 1693 (**);
1315 1648 1396 1678 an·

98 1711 122 1755 γ’
147 1722 176 1751 o
207 1721 299 1764 272
321 1708 488 1752 similia
507 1706 790 1752 Demochari
804 1706 1104 1750 Athenienses
1129 1705 1400 1761 decrevere,

39 1772 45 1777 ⁹
93 1774 133 1834 ,ι
150 1779 369 1824 tulante
390 1777 489 1824 filio
511 1779 730 1825 Lachete.
764 1779 884 1822 Tum
905 1778 1047 1838 igitur
1061 1776 1159 1835 jam
1188 1785 1400 1822 mortuus

88 2051 328 2149 ’'¹515‘ss
341 2061 408 2148 3¹?
400 2105 416 2148 1
422 2049 596 2158 ,Ἢῗῗὲἶ
617 2049 1398 2158 ἒὲηῗοοιζίἑῖἒῆἶρέἓἰὶονέῗῑιὲἳὲῒ
1472 2067 1646 2154 39(ῶῆ
1666 2066 1740 2151 ’‘0‘3
1758 2063 2033 2153 παρασκευὴ)
2055 2064 2196 2112 ὅπλων
2213 2066 2285 2113 ’‘⁰¹“
2307 2070 2440 2156 βελξῖ*
2461 2068 2533 2153 {⁰⁶²
2553 2087 2749 2152 *mss-“⁹5

1475 2155 1642 2199 ματων,
1661 2155 1734 2184 και
1755 2138 2071 2202 ὅχυρωσαμενῳ
2090 2137 2166 2195 τὴν
2188 2136 2312 2185 πόλιν
2330 2140 2400 2185 ἐπι
2416 2157 2488 2186 του
2506 2158 2751 2204 τετραετους

162 2174 256 2216 ap
273 2165 379 2206 Plut.
399 2167 499 2206 Mor.
511 2174 561 2216 p.
583 2168 742 2216 840,D.
758 2166 819 2206 Cf.
836 2165 1015 2206 callisth.
1034 2166 1083 2205 fr.
1103 2170 1165 2206 38.

128 2221 446 2276 &Plutarch
465 2223 550 2265 vit.
566 2225 600 2263 X
623 2225 695 2265 οι·
714 2234 757 2274 p.
774 2227 846 2264 851
869 2222 936 2274 (p
959 2227 1056 2264 1036
1074 2223 1245 2294 Πξᾶοῐ)
1265 2226 1399 2274 Δημο..
1473 2207 1662 2271 πολέμου
1687 2209 1768 2271 (1),
1788 2209 1862 2256 καὶ
1892 2208 2062 2274 εἰρήνην
2086 2208 2159 2255 καὶ
2193 2209 2351 2274 ἀνοχὰς
2383 2211 2456 2257 καὶ
2495 2210 2748 2275 συμμαχίαν

139 2291 234 2332 ης
243 2279 260 2333 (
269 2279 360 2321 libri
374 2278 621 2332 Τιμοχάρης)
638 2279 817 2331 Λάχητος
836 2280 1071 2326 Λευκονοεὺς
1086 2281 1186 2320 αἰτεῖ
1199 2282 1378 2331 Δημοσθε

141 2342 232 2394 τῷ
239 2339 510 2390 Δημοσθένους
529 2340 708 2379 Παιανιεῖ
717 2340 861 2390 δωρεὰν
879 2339 1010 2379 εἰκόνα
1024 2339 1207 2411 χαλκῆν’
1192 2353 1231 2379 εν
1247 2340 1392 2391 ἀγορᾳ,

96 2402 130 2454 4:
201 2397 353 2445 σίτησιν
372 2397 411 2437 ἐν
434 2395 670 2448 πρυτανείῳ,
699 2398 766 2436 καὶ
792 2397 992 2448 προεδρίαν
1011 2399 1117 2448 αὐτῷ
1139 2398 1204 2436 καὶ
1225 2398 1392 2448 ἐγγονων

131 2446 239 2518 3&sp
252 2453 526 2507 πρεσὸυτάτῳ·
545 2454 721 2506 εὐεργέτῃ
741 2456 806 2494 καὶ
825 2455 1032 2527 συμὸούλῳ
1047 2454 1219 2505 γεγονότι
1241 2456 1391 2494 πολλων

1521 2352 1572 2402 (*)
1597 2352 1795 2392 Plutarch.
1819 2352 1900 2392 Vit.
1920 2354 1953 2391 X
1970 2355 2037 2392 Or.
2060 2365 2099 2404 p.
2125 2356 2224 2392 8476
2243 2352 2308 2402 (p.
2332 2356 2427 2393 1032
2457 2353 2604 2395 Didot}
2623 2369 2632 2392 ι
2653 2354 2746 2405 Εἶχε

1470 2410 1510 2449 δὲ
1526 2410 1816 2460 (Δημοσθένης)
1837 2411 1902 2448 καὶ
1926 2411 2100 2461 ἀδελφὴν,
2118 2412 2153 2456 ἐξ
2170 2411 2214 2459 ἧς
2232 2411 2298 2450 καὶ
2312 2411 2486 2461 Λάχητος
2504 2412 2747 2455 Λευκονοέως

1471 2468 1688 2517 ἀδελφιδοῦς
1705 2468 1810 2518 αὐτῷ
1831 2467 2058 2519 Δημοχάρης
2076 2470 2223 2518 ἐγένετο
2238 2501 2248 2517 ,
2270 2468 2362 2518 ἀνὴρ
2381 2470 2446 2506 καὶ
2465 2469 2564 2507 κατὰ
2581 2469 2747 2518 πόλεμον

152 2514 315 2554 Ἁλῶν
343 2515 400 2564 τῷ
419 2513 530 2564 ὓήμῳ
549 2517 626 2552 τῶν
643 2512 862 2561 Ἀθηναίων»
884 2515 950 2552 και
977 2514 1046 2560 τήν
1063 2526 1106 2552 τε
1124 2513 1258 2552 Οὐσίαν
1277 2514 1329 2559 εἷς
1348 2515 1392 2553 ‘t6
1470 2525 1626 2575 ἀγαθὸς,
1639 2526 1704 2564 καὶ
1721 2526 1820 2564 κατὰ
1834 2526 1919 2570 τοὺς
1934 2528 2149 2571 πολιτικοὺς
2164 2526 2297 2571 λόγου;
2313 2526 2458 2570 οὐδενὸς
2471 2526 2619 2576 χείρων.
2636 2525 2747 2565 Ἐστι

113 2558 231 2621 ἰνὸν
253 2570 447 2618 καθεικότι
467 2571 535 2616 τήν
556 2571 720 2620 ἑαυτοῦ,
740 2571 807 2610 καὶ
827 2571 991 2610 ἐπιδόντι
1009 2571 1177 2610 τάλαντα
1196 2570 1299 2610 ὀκτω
1325 2585 1391 2610 και

102 2627 255 2680 ἥιήρη,
272 2629 335 2669 ὅτε
350 2630 371 2668 6
385 2629 505 2680 δῆμος
520 2629 775 2679 ἠλευθέρωσεν
791 2628 979 2668 Εὔὸοιαν·
996 2629 1061 2666 καὶ
1076 2628 1218 2678 ἑτέραν,
1239 2626 1319 2678 [ὅτε
1340 2641 1391 2673 εις

97 2657 382 2735 {mmmm
399 2685 671 2737 Κηφισόδωρος
699 2687 916 2731 ἐξέπλευσε·
938 2687 1043 2725 *καὶ
1065 2687 1236 2736 ἑτέραν,’
1226 2687 1287 2724 ότε
1308 2686 1370 2724 Χά

90 2716 169 2834 321·
190 2744 256 2784 καὶ
275 2745 444 2785 Φωκίων
463 2745 668 2795 στρατηγοὶ
692 2743 988 2795 ἐξεπέμφθησαν]
1010 2745 1061 2788 εἰς
1085 2743 1287 2789 Βυζάντιον
1314 2758 1390 2783 υπο

90 2786 119 2811 s
147 2803 339 2853 δήμου·
357 2804 423 2842 καὶ
442 2803 724 2853 λυτρωσαμένῳ
743 2803 905 2848 πολλοὺς
920 2806 995 2841 τῶν
1016 2801 1183 2840 ἁὶόντων
1207 2803 1245 2840 ἐν
1262 2802 1389 2849 Πύδνη

127 2911 131 2919 ¹
135 2861 346 2912 -Μεθώνῃ
361 2862 428 2900 καὶ
442 2861 644 2910 ’moveo‘
628 2862 703 2900 υπὸ
720 2861 940 2900 Φιλίππου·
963 2861 1028 2899 καὶ
1046 2859 1232 2911 χορηγίαν
1252 2859 1389 2910 ἀνδρά-

31 2924 42 2958 .’
91 2925 142 2969 J
185 2918 377 2970 ἐπιδόντι,
405 2919 470 2959 ὅτε
485 2918 717 2958 ἐκλιπόντων
739 2923 815 2958 τῶν
842 2919 1100 2959 Πανδιονιδῶν
1119 2921 1186 2957 τοῦ
1213 2931 1389 2969 χορηγειν

116 2976 297 3026 ε’ζδωκε,
318 2977 384 3016 καὶ
405 2977 626 3016 καθώπλισε
641 2977 728 3021 τοὺς
754 2977 911 3021 πολίτας
932 2980 1008 3015 τῶν
1033 2975 1300 3015 ἐλλειπόντων·
1323 2990 1387 3015 και

80 3032 132 3093 3
112 3033 729 3138 οἱῖζοῗὲξίῒίι3ἴῖαάἔέἶὲἶὶ
741 3034 1119 3131 ἵῗίἓῗτὲνηὲῗῖἕδζῖἒ
1138 3038 1208 3131 ἒὲῗ
1231 3034 1387 3131 «ῗῖμίῗί
1462 3037 1631 3108 399393)
1663 3036 1724 3076 ἐπι
1745 3036 1904 3133 1333ρῖ
1903 3050 1971 3107 ‘⁰2²'
1999 3034 2378 3131 33303035δῖΠῖ
2396 3034 2747 3130 Ϋτῗῖἕπὲῗῆἵ

1510 3109 1526 3139 ς
1670 3109 1686 3139 ς
2006 3108 2020 3124 r
2132 3107 2141 3130 ι
2175 3107 2212 3130 σι
2304 3107 2322 3130 ν
2362 3107 2382 3129 ν
2458 3106 2479 3129 υ
2529 3107 2616 3129 νιω
2668 3105 2747 3129 utto

139 3148 184 3187 i
199 3149 264 3188 τὸν
281 3150 442 3200 Πειραιᾶ
453 3106 685 3200 τξιφρεΰσας·
700 3149 765 3187 καὶ
784 3149 880 3199 μετὰ
894 3107 990 3196 ζῆν’
975 3149 1012 3188 ἐν
1028 3149 1245 3200 Χαιρωνείᾳ
1261 3106 1388 3199 μῖῗχην
1461 3109 1506 3191 ζέ
1527 3107 1855 3202 κεοιιίιῗέΐγόῖαἶῒῗέὶ
1884 3107 2212 3202 ζῷαἷῖριέίςὸξοτιάτῳ
2226 3106 2332 3199 ,ηκαὶ
2352 3106 2546 3199 προεῗῧρίαν
2563 3150 2599 3187 ὲν
2628 3131 2745 3186 ἅπασι

106 3206 269 3248 έδωκε
285 3206 490 3246 τάλαντον·
507 3207 573 3245 καὶ
595 3209 647 3251 εἰς
665 3204 733 3253 τὴν
750 3206 929 3245 σιτωνίαν
946 3207 1134 3247 ἐπέδωκεν
1150 3208 1188 3246 ἐν
1207 3212 1252 3258 τῇ
1279 3221 1387 3246 σιτο-
1460 3213 1537 3253 τοῖς
1556 3209 1696 3258 ἀγῶσι.
1720 3210 1794 3250 Καὶ
1825 3209 1904 3247 ἔστι
1923 3210 1971 3247 τὰ
1990 3208 2218 3258 ψηφίσματα
2248 3207 2343 3256 ὑπὲρ
2372 3207 2588 3256 ἀμφοτέρων
2605 3206 2742 3253 ἀναγε-

137 3275 184 3315 ᾳ
203 3263 412 3303 τάλαντον·
430 3261 537 3301 καὶ”
518 3275 582 3302 οτε
604 3264 656 3307 εἰς
675 3263 900 3313 συμμαχίαν
919 3266 975 3313 τῷ
994 3264 1104 3313 δήμῳ
1123 3263 1387 3314 προσηγάγετο
1463 3267 1661 3316 γραμμὲνα
1673 3280 1682 3288 ·
1701 3269 1725 3313 ἡ
1744 3266 1776 3303 δ’
1791 3267 1904 3305 εἰκὼν
1921 3270 1988 3304 τοῦ
2005 3265 2253 3315 Δημοχάρους
2270 3266 2321 3308 εἰς
2334 3264 2380 3303 τὸ
2397 3268 2617 3314 πρυτανεῖον
2636 3275 2741 3312 netg-

128 3332 234 3394 σας
244 3349 256 3369 ,
273 3321 339 3359 καὶ
356 3319 550 3369 εὐεργέτης
566 3319 766 3370 γενόμενος
782 3321 847 3358 καὶ
867 3319 1082 3370 σύμὸουλος
1094 3348 1105 3368 ,
1123 3320 1171 3358 δι’
1188 3321 1242 3358 ὢν
1262 3319 1390 3358 ἔπεισε
1471 3324 1638 3374 κομίσθη
1650 3353 1662 3373 ‚
1679 3324 1763 3374 περὶ
1779 3323 1821 3371 ἧς
1841 3323 2072 3374 προείρηται.

146 3430 147 3433 ¹
170 3377 316 3427 ίους,
330 3377 502 3425 Εὐὸοεῖς,
523 3378 756 3427 Κορινθίους,
773 3379 975 3427 Μεγαρεῖς,
996 3377 1182 3428 Ἀχαιοὺς,
1202 3378 1389 3427 Λοκροὺς,
1518 3382 1574 3427 (1)
1601 3380 1686 3419 Ἐπὶ
1702 3384 1771 3420 τοῦ
1786 3385 2005 3431 τετραετοῦς
2020 3378 2216 3429 πολέμου]
2231 3393 2250 3412 «ι
2271 3379 2325 3427 By
2348 3377 2415 3415 the
2435 3377 2522 3415 four
2539 3387 2647 3425 years
2662 3386 2745 3414 war

90 3437 147 3498 {g
176 3435 350 3484 αντίους,
385 3434 652 3483 Μεσσηνίους,
683 3436 750 3473 καὶ
775 3434 950 3485 δυνάμεις
979 3434 1022 3479 ἃς
1042 3435 1304 3481 συνεστήσατο
1335 3439 1390 3484 τῷ
1465 3436 1720 3486 (307-303)
1742 3448 1804 3476 we
1825 3439 1930 3476 must
1947 3436 2186 3476 understand
2203 3438 2269 3474 the
2286 3445 2368 3473 war
2386 3433 2515 3472 which
2533 3432 2745 3472 cas-ander

87 3502 101 3510 ’
121 3509 123 3511 >
157 3510 162 3521 ¹
230 3493 296 3532 καὶ
317 3496 395 3536 τοῖς
419 3491 637 3543 συμμάχοις
657 3491 792 3537 πεζοὺς
816 3491 882 3542 μὲν
912 3490 1088 3542 μυρίους,
1106 3491 1243 3535 ἱππέας
1271 3492 1309 3530 δὲ
1328 3504 1390 3541 χι·
1461 3508 1501 3537 a.
1524 3495 1813 3544 Polysperchon
1833 3494 1983 3533 carried
2002 3506 2053 3532 on
2077 3495 2226 3543 against
2246 3493 2313 3531 the
2337 3492 2504 3538 Greeks,
2525 3490 2648 3539 partly
2664 3490 2736 3528 ‹tu-

110 3549 123 3580 ἰ
151 3592 155 3594 ,
179 3592 181 3594 ,
211 3576 233 3598 .
239 3549 305 3589 καὶ
324 3548 496 3594 σύνταξιν
512 3549 734 3600 χρημάτων,
755 3549 838 3596 ἣν
822 3562 950 3588 επεισε
968 3559 1038 3599 πρε
1021 3548 1206 3592 σὸευσας
1224 3548 1388 3596 διδόναι,
1464 3551 1549 3600 ring
1563 3551 1630 3590 the
1645 3552 1810 3591 absence
1824 3551 1869 3590 of
1886 3551 2104 3591 Demetrius
2130 3551 2169 3588 in
2188 3550 2296 3599 Asia,
2323 3548 2398 3587 and
2419 3548 2543 3597 partly
2563 3547 2662 3585 aner
2682 3546 2740 3584 his

25 3633 28 3636 ·
79 3605 195 3676 Μῦς
217 3606 285 3658 μὲν
311 3607 546 3679 σῦμμόξχους
575 3608 628 3652 εἰς
653 3608 719 3647 τὸν
748 3607 915 3657 πόλεμον
941 3606 1061 3645 πλείω
1098 3605 1389 3657 [πεντακοσίων]
1465 3609 1685 3648 returnct.
1703 3609 1846 3648 Diodor
1859 3611 1942 3658 XX,
1958 3614 2045 3649 too.
2063 3625 2081 3642 υ
2100 3609 2291 3647 cmm-oa:
2312 3608 2355 3645 F.
2376 3606 2423 3643 H.
2438 3604 2485 3643 ad
2498 3615 2560 3642 an.
2576 3601 2739 3650 302,rul

80 3657 143 3731 ᾆξ’-
178 3686 184 3693 ·
219 3674 321 3719 των·
339 3665 404 3702 καὶ
432 3666 484 3709 ὡς
508 3665 678 3703 ἐκώλυσε
700 3663 1031 3710 Πελοποννησίους
1059 3663 1120 3701 ἐπὶ
1141 3663 1270 3709 Θήὸας
1297 3665 1389 3703 Ἀλε·
1466 3665 1630 3704 exilium
1650 3666 1902 3705 Democharis
1917 3666 2110 3716 assignat,
2140 3665 2258 3704 allato
2274 3663 2360 3702 loco
2387 3660 2579 3701 Plutarchi
2602 3659 2639 3697 in
2669 3662 2741 3697 De-

32 3733 33 3737 ’
84 3758 105 3770 ,.
127 3720 244 3774 δρῳ
268 3722 458 3773 βοηθῆσαι
473 3749 484 3770 ,
505 3723 685 3773 χρήματα
703 3722 812 3770 δοὺς,
833 3722 899 3760 καὶ
919 3722 1031 3766 αὐτὸς
1046 3721 1303 3771 πρεσὸεύσας·
1324 3723 1390 3761 καὶ
1464 3724 1581 3761 metr.
1597 3733 1633 3761 c.
1652 3725 1727 3762 24.
1718 3739 1727 3748 ·
1753 3724 2095 3774 Προσεψηφίσαντο
2114 3724 2323 3772 (Ἀθηναῖοι
2342 3721 2354 3768 )
2373 3719 2542 3767 δεδόχθαι
2564 3722 2618 3766 τῷ
2631 3717 2739 3766 δήμῳ

85 3777 227 3819 '‘mh-w
255 3779 407 3820 πολλῶν
433 3780 498 3818 καὶ
517 3781 647 3820 καλῶν
664 3783 720 3831 τῷ
747 3780 858 3831 δήμῳ
884 3779 1090 3830 συμὸοὑλῳ
1108 3778 1302 3828 γεγονότι,
1325 3781 1390 3819 καὶ
1462 3784 1538 3819 τῶν
1555 3781 1768 3828 Ἀθηναίων,
1798 3785 1874 3820 πᾶν
1895 3781 1917 3820 ὅ
1940 3795 1976 3820 τι
2004 3783 2051 3820 ἂν
2078 3782 2099 3818 6
2127 3779 2301 3830 βασιλεὺς
2329 3776 2459 3824 Διομ-’ῘΙτ
2462 3787 2535 3823 9²⁰:
2556 3774 2736 3821 aaron,

70 3831 408 3887 πεπολιτευμένῳ
422 3840 500 3875 τῶν
516 3837 604 3877 καθ’
629 3837 765 3876 ἑαυτὸν
781 3837 874 3888 πρὸς
891 3835 1101 3886 ἐλευθερίαν
1117 3836 1181 3874 καὶ
1197 3836 1390 3905 δημοκρα-
1462 3840 1576 3876 τοῦτο
1590 3839 1656 3877 καὶ
1682 3839 1774 3888 πρὸς
1794 3839 1898 3883 θεους
1916 3838 2024 3878 ὅσιον
2047 3838 2113 3876 καὶ
2134 3835 2224 3886 πρὸς
2242 3834 2454 3883 ἀνθρώπους
2470 3830 2561 3868 εἶναι
2577 3830 2734 3868 δίκαιον·

39 3924 42 3943 3
77 3891 186 3947 τίαν
201 3891 360 3946 ἄριστα·
377 3893 532 3942 φυγόντι
554 3894 595 3933 δὲ
613 3893 662 3933 δι’
679 3893 916 3944 ὀλιγαρχίαν,
945 3893 1215 3938 καταλυθέντος
1237 3907 1305 3932 του
1325 3895 1391 3941 δή·
1464 3894 1647 3940 Εἰπόντος
1664 3895 1706 3934 δέ
1719 3908 1818 3940 τινος
1839 3899 1916 3934 τῶν
1933 3895 2060 3933 καλῶν
2076 3894 2255 3942 κάγαθῶν
2282 3891 2435 3937 ἀνδρῶν,
2464 3887 2655 3936 μαίνεσθαι
2672 3887 2737 3924 τὸν

28 3951 32 3955 ’
88 3980 116 3994 ,.
133 3961 202 3997 ου,
221 3949 288 3988 καὶ
306 3946 601 3996 τελευτήσαντος
620 3951 738 3990 αὐτοῦ
751 3951 790 3990 ἐν
807 3950 1007 4001 Καλαυρίᾳ
1018 3980 1029 3999 ,
1050 3949 1113 3989 διὰ
1131 3950 1198 3996 τὴν
1221 3951 1311 4000 πρὸς
1325 3952 1390 3990 τὸν
1464 3953 1698 4001 Στρατοκλέα
1716 3958 1874 3992 τοιαῦτα
1889 3952 2103 4003 γράφοντα,
2120 3948 2346 4038 Δημοχάρης
2361 3947 2382 3983 6
2399 3944 2625 3986 Λευκονοεὺς
2638 3943 2732 3980 εἷπε

83 4007 108 4049 ·ξὲ
189 4025 193 4033 ‹
248 4004 414 4055 εὔνοιαν,
430 4008 676 4057 πεμφθέντων
702 4010 948 4058 στρατιωτῶν
968 4007 1028 4047 ἐπ’
1045 4007 1159 4047 αὐτὸν
1185 4008 1261 4046 ἀπὸ
1281 4008 1393 4047 Ἀντι·
1466 4010 1692 4050 «Μαίνοιτο
1719 4011 1870 4060 μεντᾶν,
1898 4011 1931 4048 εἰ
1951 4013 2002 4060 μὴ
2027 4009 2213 4059 μαίνοιτο.
2256 4002 2422 4042 »nond
2439 4002 2508 4049 Υῖῑρ
2529 4002 2550 4037 ⁶
2569 4002 2732 4065 Σῒρᾱξο·

122 4049 310 4133 ζὶᾔάτρου,
327 4063 562 4114 διαμείναντι
579 4065 618 4104 ἐν
634 4070 682 4116 τῇ
703 4065 794 4116 πρὸς
811 4066 855 4105 τὸ
870 4066 1012 4112 πλῆθος
1031 4066 1159 4116 εὐνοίᾳ
1173 4066 1239 4104 καὶ
1254 4066 1392 4105 οἶκειό-
1463 4068 1554 4113 κλῆς
1574 4069 1794 4117 ὠφελεῖτο““
1773 4069 1835 4106 οιὰ
1850 4069 1919 4113 τήν
1934 4066 2151 4105 κολακείαν.
2179 4064 2226 4101 ‘O
2241 4021 2279 4099 δὲ
2296 4058 2519 4108 Δημοχάρης
2539 4057 2597 4094 ἐπὶ
2612 4057 2734 4105 τοίνυν

39 4163 42 4170 ,
90 4102 212 4168 τήτι,
238 4119 304 4159 καὶ
326 4119 414 4160 οὔτε
450 4123 624 4173 ὑποχειρί
627 4137 660 4174 ῳ
693 4123 886 4173 γενομένῳ
919 4127 998 4168 τοῖς
1025 4124 1173 4174 ἐχθροῖς
1185 4152 1197 4172 ,
1234 4123 1321 4163 οὔτε
1354 4138 1390 4164 τι
1464 4125 1674 4170 διαὸληθεὶς
1703 4125 1947 4175 ἐφυγαδεύθη.
1981 4123 2110 4161 Verba
2139 4120 2213 4158 ὑπὸ
2246 4122 2320 4155 τῶν
2354 4113 2643 4153 καταλυσάντων
2669 4115 2733 4151 τὸν

28 4192 83 4238 L?
103 4174 255 4236 ἀνάξιον
277 4176 317 4216 ἐν
330 4180 387 4228 τῷ
404 4176 566 4230 κινδύνῳ
581 4162 758 4231 πράξαντι
778 4184 846 4221 τοῦ
863 4181 1000 4231 δήμου.
1470 4182 1590 4232 δῆμον
1601 4192 1624 4222 c
1640 4183 1771 4222 mente
1785 4179 2035 4222 Democharis
2053 4178 2156 4217 dicta
2173 4174 2340 4222 intellige
2361 4170 2409 4209 dc
2426 4170 2619 4209 Demetrio
2630 4171 2730 4217 ejus-

1469 2584 1501 2622 δ’
1522 2584 1639 2622 αὐτοῦ
1667 2583 1779 2621 εἰκὼν
1812 2583 1850 2621 ἐν
1879 2587 1935 2634 τῷ
1963 2584 2173 2634 πρυτανείῳ
2200 2583 2393 2622 εἰσιόντων
2412 2585 2501 2633 πρὸς
2529 2585 2594 2629 τὴν
2620 2583 2747 2622 ἑστίαν

1469 2641 1569 2692 δεξιᾷ
1590 2639 1627 2691 [6
1660 2639 1825 2690 πρῶτος]
1854 2643 2152 2691 περιεζωσμένος
2186 2640 2266 2689 ἅμα
2290 2644 2345 2690 τῷ
2375 2641 2512 2690 ἱματίῳ
2533 2643 2597 2678 καὶ
2622 2640 2719 2688 ξίφος
2736 2651 2746 2659 ·

1475 2698 1575 2736 οὕτω
1595 2697 1667 2749 γὰρ
1683 2698 1944 2747 δημηγορῆσαι
1961 2699 2130 2746 λέγεται,
2149 2699 2262 2744 ἡνίκα
2281 2698 2514 2747 Ἀντίπατρος
2530 2699 2646 2746 ἐξῄτει
2662 2698 2747 2740 τοὺς

1468 2756 1639 2806 ῥήτορας.
1666 2755 1798 2823 Χρόνῳ
1819 2755 1859 2793 δὲ
1886 2756 2041 2806 ὕστερον
2057 2756 2241 2800 Ἀθηναῖοι
2265 2755 2413 2800 σίτησίν
2432 2754 2465 2792 τ’
2484 2755 2521 2792 ἐν
2537 2755 2747 2805 πρυτανείῳ

1464 2816 1541 2858 τοῖς
1559 2813 1755 2862 συγγενέσι
1771 2817 1838 2851 τοῦ
1855 2814 2117 2863 Δημοσθένους
2136 2813 2287 2858 έοοσαν,
2307 2813 2371 2849 καὶ
2393 2811 2496 2860 αὐτῷ
2531 2824 2610 2850 τετε
2613 2812 2652 2849 λε
2654 2824 2746 2855 υτη·

1463 2870 1547 2909 κότι
1565 2872 1630 2916 τήν
1651 2870 1781 2908 εἰκόνα
1810 2871 2020 2909 ἀνέθεσαν
2006 2884 2044 2909 εν
2065 2871 2210 2920 ἀγορᾷ,
2232 2870 2292 2907 ἐπὶ
2314 2869 2471 2918 Γοργίου
2492 2870 2670 2937 ἄρχοντος
2687 2870 2746 2907 αἱ·

1462 2923 1678 2971 τησαμένου
1692 2922 1796 2971 αὐτῷ
1812 2923 1878 2966 τὰς
1894 2922 2036 2971 δωρεὰς
2047 2934 2119 2959 του
2133 2920 2327 2964 ἀδελφιδοῦ
2344 2920 2615 2969 Δημοχάρους·
2635 2919 2667 2968 ῲ
2679 2920 2743 2956 καὶ

1465 2980 1570 3029 αὐτῶ
1595 2979 1707 3018 πάλιν
1738 2980 1759 3017 ὁ
1778 2979 1858 3023 υἱὸς
1892 2979 2023 3029 Λάχης
2052 2978 2299 3028 Δημοχάρους
2330 2978 2561 3021 Λευκονοευς
2580 2977 2748 3026 ᾐτησατο
