3016 4628
1 407 50 554 ξι

31 1927 95 2015 ἶ
116 1937 352 2002 καυμένης,
373 1936 443 1990 οὒς
458 1939 535 1985 οὐκ
551 1935 750 1989 ἐλάττους
769 1954 851 1982 των
879 1932 1232 2000 τετρακισχιλίων
1246 1931 1402 1988 θετέον,

14 2016 97 2163 *ii
86 2151 91 2161 ι

107 2154 232 2222 ,plone
264 2152 339 2202 καὶ
363 2150 752 2242 τετρακισχιλίους,
784 2149 906 2204 ὅσους
940 2149 1026 2197 ἀπὸ
1058 2153 1133 2196 τοῦ
1158 2151 1404 2210 ἷσημερινοῦ

15 2247 17 2268 2
46 2235 100 2268 *2*
121 2226 192 2275 ἐπὶ
233 2224 475 2290 Βορυσθένη
502 2225 631 2291 φησὶν
667 2227 776 2270 εἶναι
805 2225 829 2270 6
865 2220 1128 2287 Ιππαρχος.
1163 2222 1232 2268 Cf.
1270 2223 1406 2267 etiam

16 2305 18 2308 ’
46 2310 58 2354 ᾖ
80 2316 94 2340 ·-
118 2318 170 2364 p.
195 2298 254 2360 75
277 2309 397 2346 extr.

1254 256 1662 308 FRAGMENTA.

100 368 307 436 δευτέρῳ’
299 367 602 433 Υπομνήματι
618 363 794 413 αὐτὸν
756 382 827 412 τον
841 361 1074 427 Ἐρατοσθέ
1075 380 1126 419 νη
1138 361 1382 408 διαὸάλλειν

68 442 178 501 ὶτὴν
201 461 276 490 του
304 438 602 507 Πατροκλέους
635 436 778 485 πίστιν
811 437 859 482 ἐκ
892 436 969 490 τῆς
988 434 1095 497 πρὸς
1129 432 1383 496 Μεγασθένη

101 512 332 579 διαφωνίας
353 511 452 576 περὶ
484 529 558 558 του
566 508 744 595 μήκους
765 525 840 564 της
871 505 1056 563 Ἰνδικης
1087 523 1160 551 του
1201 503 1313 551 κατὰ
1337 521 1386 550 το

104 584 266 649 βόρειον
292 580 496 647 πλευρὸν,
520 583 593 628 τοῦ
625 577 701 640 μὲν
729 573 1030 639 Μεγασθένους
1060 576 1254 637 λέγοντος
1284 592 1387 621 στα·

103 655 203 702 δίων
229 654 389 720 μυρίων
410 649 724 716 ἑξακισχιλίων,
753 653 823 696 τοῦ
850 646 895 695 δὲ
919 645 1218 711 Πατροκλέους
1240 646 1391 710 χιλίοις

47 727 263 774 λείπειν
283 724 488 790 φαμένου.
783 759 785 761 -

724 825 768 873 5.

117 937 124 943 “
172 938 338 983 Strabo
358 938 418 992 11,
437 950 486 996 p.
505 935 568 994 69
582 935 683 980 init.
710 948 721 978 ε
739 933 939 978 Patrocli
955 930 1096 977 fidem
1110 931 1391 976 nonhaben·

108 1007 214 1053 dam
234 1022 327 1052 esse
350 1006 644 1066 Hipparchus
666 1004 800 1062 dicit,
831 1002 944 1049 δυοῖν
970 997 1390 1065 ἀντιμαρτυρούντων

109 1078 226 1140 αὐτῷ
260 1074 490 1139 Δηιμάχου
518 1094 564 1122 τε
587 1073 662 1122 καὶ
686 1072 982 1138 Μεγασθένους
999 1108 1011 1130 ,
1033 1068 1075 1118 οἳ
1096 1073 1190 1119 καθ’
1225 1070 1294 1124 οὒς
1315 1068 1392 1132 μὲν

29 1168 31 1170 ·
63 1199 67 1206 ‚
107 1148 262 1202 τόπους
282 1147 515 1213 δισμυρίων
543 1146 591 1194 τὸ
615 1145 835 1208 διάστημά
865 1164 969 1211 φασι
992 1143 1041 1192 τὸ
1065 1143 1151 1191 ἀπὸ
1178 1147 1253 1202 τῆς
1281 1141 1394 1190 κατὰ

106 1219 385 1285 ’μεσημὸρίαν
425 1219 664 1278 θαλάττης,
700 1221 798 1266 καθ’
828 1217 896 1273 οὒς
922 1218 967 1265 δὲ
1004 1235 1079 1265 και
1114 1214 1390 1282 τρισμυρίων.

34 1322 38 1323 ⁷
111 1290 300 1344 Τούτους
319 1311 368 1356 γε
389 1291 440 1349 δὴ
465 1296 642 1339 τοιαῦτα
662 1290 800 1355 λέγειν
827 1289 901 1337 καὶ
924 1287 1020 1342 τους
1043 1287 1247 1352 ἀρχαίους
1269 1284 1393 1332 πίνα-

44 1411 57 1435 .⁴
109 1381 189 1417 κας
213 1362 383 1418 τούτοις
403 1366 643 1428 ὁμολογεῖν.

176 1435 455 1501 Δισμυρίων]
482 1455 501 1483 1
513 1453 636 1483 2000
657 1436 802 1482 stadia
828 1443 1129 1495 exputaverat
1143 1432 1394 1487 Patrocles,

35 1542 41 1554 -,
63 1530 65 1533 ’
112 1510 242 1569 cujus
264 1512 535 1556 sententiam
567 1510 888 1555 Eratosthenes
909 1507 1166 1566 adoptavit.

182 1583 358 1629 Eadem
374 1584 543 1627 iterum
562 1583 707 1642 tangit
726 1580 892 1626 Strabo
907 1595 955 1639 p.
981 1595 1040 1635 72
1063 1591 1142 1624 z...
1165 1575 1253 1627 τοῖς
1272 1591 1395 1638 τρισ-

10 1669 12 1702 ἱ
60 1680 72 1690 ·-
114 1646 374 1716 μυρίοις,οῗς
405 1652 530 1716 φησὶν
555 1655 577 1698 ὃ
601 1651 825 1714 Δηίμαχος
842 1648 970 1712 μέχρι
993 1652 1068 1704 τ’ῆς
1084 1648 1140 1700 εἷς
1165 1645 1400 1710 Βακτρίους

87 1774 90 1776 ,
115 1723 190 1771 καὶ
208 1723 465 1787 Σογδιανοὺς
495 1722 774 1787 ὑπερθέσεως,
793 1723 888 1767 κτλ.
910 1723 1041 1766 Idem
1072 1737 1120 1780 p.
1143 1725 1199 1777 74
1223 1734 1234 1766 :
1261 1719 1317 1765 Oi
1355 1716 1401 1763 δέ

115 1814 165 1859 γε
204 1795 303 1859 περὶ
345 1794 574 1858 Δηίμαχον
623 1799 711 1847 τοῖς
759 1790 1025 1856 τρισμυρίοις
1077 1789 1150 1837 ἐὰν
1209 1789 1401 1853 προσλά-

116 1866 227 1918 ὄωσι
249 1865 297 1913 τὸ
320 1866 390 1913 ἐπὶ
407 1865 484 1924 τὴν
507 1868 548 1914 Γ
551 1863 801 1929 απροὸανην
818 1863 892 1910 καὶ
914 1882 1009 1916 τους
1032 1861 1151 1928 ὅρους
1162 1881 1236 1918 της
1260 1862 1401 1907 διακε-

118 2012 359 2060 ἔκτοπιουσι
397 2009 452 2056 τοί
485 2027 532 2056 τε
566 2006 745 2073 Βάκτρα
791 2005 866 2053 καὶ
915 2005 994 2064 τὴν
1031 2005 1178 2069 Ἀρίαν
1218 2006 1275 2058 εἷς
1309 2022 1404 2057 τους

91 2082 359 2148 ἀπέχοντας
380 2079 534 2135 τόπους
555 2084 631 2138 τῆς
655 2078 992 2141 διακεκαυμένης
1015 2076 1209 2131 σταδίους
1225 2095 1404 2141 τρισμυ-

745 2412 789 2458 6.

44 2571 53 2587 .
121 2526 124 2530 ’
187 2531 374 2576 Arrian.
400 2529 506 2576 Ind.
531 2529 582 2586 3,
611 2545 635 2586 7
667 2543 679 2575 :
709 2523 974 2589 Μεγασθένει
994 2523 1039 2571 δὲ
1063 2523 1112 2571 τὸ
1141 2523 1226 2570 ἀπὸ
1251 2526 1410 2570 ἀνατο-

44 2612 74 2619 “’
103 2598 231 2650 Ῑλέων
255 2602 297 2654 ἐς
315 2597 498 2662 ἕσπέρην
515 2597 676 2652 πλάτος
708 2597 797 2644 ἐστὶ
833 2617 909 2654 της
932 2596 1078 2643 Ἰνδῶν
1098 2615 1192 2659 γης,
1213 2595 1238 2641 ὅ
1266 2615 1307 2641 τι
1330 2613 1411 2657 περ

127 2674 168 2720 οἱ
188 2671 312 2719 ἄλλοι
329 2690 464 2734 μηκος
480 2670 688 2717 ποιέουσι
711 2668 785 2715 καὶ
802 2668 852 2716 λε
833 2687 918 2732 γει
935 2667 1227 2736 Μεγασθένης,
1252 2666 1412 2731 μυρίων

125 2762 201 2791 και
222 2743 513 2808 ἑξακιςχιλίων
535 2743 721 2789 σταδίων
744 2745 876 2800 εἶναι,
899 2738 1054 2805 ἵναπερ
1075 2739 1124 2787 τὸ
1146 2739 1414 2803 βραχύτατον

57 2813 120 2878 ,ς’
126 2818 270 2865 αὐτοῦ.
279 2815 344 2865 Τὸ
366 2816 408 2863 δὲ
431 2815 516 2862 ἀπο
526 2814 683 2905 ἄρκτου
694 2812 797 2879 πρὸς
807 2812 1097 2877 μεσημὸριην,
1107 2831 1230 2859 τουτο
1241 2812 1284 2858 δὲ
1296 2813 1413 2875 αὐτῷ

38 2911 99 2994 ..i

129 2891 264 2951 μῆκος
294 2887 482 2951 γίνεται,
499 2887 574 2934 καὶ
593 2885 740 2950 ἐπέχει
759 2884 1025 2950 τριηκοσίους
1056 2883 1129 2930 καὶ
1157 2883 1416 2948 δισχιλίους,

87 3006 90 3007 ⁷
71 2956 278 3033 ἵναπερ
295 2959 345 3007 τὸ
361 2958 627 3007 στεινότατον
653 2960 799 3005 αὐτου.
827 2957 899 3004 Cf.
932 2958 1157 3004 Onesicrit
1177 2957 1236 3004 fr.
1276 2974 1291 3001 1
1309 2974 1349 3002 1.

2638 277 2736 318 ⁴09

1463 366 1686 408 maximos
1702 398 1713 420 ‚
1741 365 1825 408 nisi
1842 364 1961 410 forte
1988 380 2045 410 ex
2064 368 2314 413 Daimacho
2347 372 2553 429 quaed‘ain
2579 389 2739 418 narra·-

1465 436 1579 479 tioni
1610 451 1699 480 suae
1736 436 1977 480 admiscuit
2003 452 2013 480 z
2042 438 2076 481 is
2106 441 2226 482 enim
2250 440 2404 484 30000
2441 445 2738 502 longitudinis

1463 507 1606 551 stadia
1641 508 1809 553 attulit.
1843 507 2175 555 Schwanbeck.
2208 511 2401 567 majores
2434 530 2647 559 numeros
2675 518 2740 560 ita

1467 587 1594 622 ortos
1628 587 1782 638 putat,
1830 574 1882 622 ut
1920 581 1968 622 in
2017 581 2257 625 latitudine
2294 587 2619 642 comprehensa
2653 590 2741 632 sint

1467 651 1667 695 Cabuliae
1693 660 1739 695 et
1764 652 1943 695 Arianae
1971 660 2146 710 partes,
2172 668 2306 711 quam
2331 656 2519 698 Seleuco
2544 659 2740 703 Sandra-

1467 730 1616 766 cottus
1639 722 1834 779 ademit;
1853 723 1900 765 in
1921 722 2078 767 32000
2109 723 2263 767 stadiis
2289 725 2586 783 longitudinis
2615 745 2741 773 com-

1465 794 1628 852 plexus
1644 802 1806 837 auctor
1827 795 1883 837 sit
1899 792 2113 838 finitimas
2146 794 2204 838 ad
2225 798 2594 854 septemtrionem
2627 815 2714 859 gen
2730 828 2741 835 -

1419 911 1423 915 .
1466 874 1531 910 tes
1551 899 1563 921 ‚
1582 881 1627 910 v.
1656 881 1695 910 c.
1720 866 2032 911 Uttaracuras.

1531 937 1745 982 Ceterum
1768 936 2056 980 latitudinem
2081 937 2394 996 Megasthenes
2417 952 2501 996 pro
2525 940 2590 981 sui
2617 955 2743 983 com·

1465 1009 1567 1067 puti
1590 1010 1771 1053 ratione
1794 1009 1898 1052 satis
1912 1008 2032 1052 bene
2061 1009 2326 1063 constituit;
2349 1023 2454 1052 nam
2490 1010 2616 1066 quod
2645 1027 2746 1069 spa·

1467 1081 1582 1124 tium
1605 1080 1860 1125 stadiorum
1888 1080 2038 1125 16000
2063 1094 2156 1124 esse
2173 1079 2310 1135 dicit,
2337 1094 2496 1124 revera
2527 1090 2590 1123 est
2610 1083 2745 1124 circi-

1467 1160 1538 1196 ter
1586 1151 1740 1209 13700
1793 1151 2065 1197 stadiorum.
2107 1153 2218 1210 Quae
2273 1166 2386 1195 vero
2440 1151 2552 1195 dicit
2595 1152 2750 1196 22300

1467 1223 1612 1267 stadia
1627 1257 1639 1278 ,
1665 1225 1784 1268 linea
1795 1227 1927 1268 *recta
1954 1224 2136 1267 nonnisi
2162 1222 2343 1277 16300,
2367 1222 2441 1267 vel
2462 1223 2495 1266 si
2512 1224 2749 1282 Taproba-

1467 1311 1560 1339 nen
1585 1297 1670 1339 ins.
1694 1296 1841 1350 addis,
1864 1294 2017 1352 17500
2037 1295 2181 1339 stadia
2201 1293 2424 1339 efficiunt.
2441 1295 2650 1338 Aliorum
2671 1311 2749 1339 au·

1470 1376 1652 1412 ctorum
1672 1382 1906 1412 mensuras
1929 1382 1986 1411 ex
2007 1368 2139 1411 variis
2155 1367 2422 1411 auctoribus
2438 1366 2570 1410 affert
2585 1368 2753 1411 Plinius

1470 1442 1528 1486 H.
1555 1442 1612 1484 N.
1633 1442 1719 1496 VI,
1740 1440 1766 1500 5
1785 1456 1839 1484 2ι
1859 1474 1872 1499 ,
1900 1455 1926 1484 2
1942 1474 1955 1499 ,
1980 1440 2062 1484 ubi
2082 1440 2217 1484 etiam
2235 1440 2359 1484 haec:
2388 1437 2647 1499 Complures
2662 1456 2753 1483 au-

1472 1521 1559 1555 tem
1578 1520 1717 1554 totam
1739 1516 1881 1571 ipsius
1896 1512 2226 1570 longitudinem
2243 1513 2331 1555 XL
2346 1513 2521 1555 dierum
2535 1517 2752 1555 noctium·

1471 1597 1558 1642 que
1580 1582 1756 1642 velifico
1780 1586 1959 1626 navium
1988 1597 2117 1625 cursu
2136 1583 2488 1626 determinavere
2515 1598 2530 1624 .·
2561 1592 2606 1625 et
2622 1600 2652 1625 a
2681 1599 2753 1626 se-

1467 1659 1741 1714 ptemtrione
1757 1656 1823 1697 ad
1839 1655 2067 1698 meridiem
2083 1658 2214 1698 vicies
2229 1659 2417 1698 etocties
2427 1665 2614 1715 centena
2626 1660 2755 1713 quin-
2790 1677 2796 1682 ·

1473 1729 1697 1784 quaginta
1732 1727 1802 1770 M.
1830 1741 2052 1785 passuum
2081 1726 2094 1784 (
2114 1741 2209 1769 eme
2246 1727 2431 1769 tradunt
2451 1723 2481 1787 ).
2524 1724 2757 1782 2850,ooo

1473 1813 1628 1857 passus
1640 1807 1822 1856 aequant
1841 1798 1999 1842 22800
2020 1797 2187 1853 stadia;
2205 1799 2285 1856 qui
2308 1813 2526 1842 numerus
2549 1800 2759 1857 proxime

1476 1870 1537 1914 ad
1561 1884 1690 1925 eum,
1706 1884 1846 1927 quem
1871 1870 2091 1913 Arrianus
2114 1869 2270 1925 tradit,
2293 1869 2484 1914 accedit.
2508 1869 2637 1913 Idem
2663 1870 2756 1912 Pli-

1476 1943 1580 1986 nius
1596 1942 1626 1987 l.
1643 1941 1677 1987 l.
1703 1941 1816 1998 21‚8
1841 1941 1954 1985 dicit
1973 1956 1999 1985 a
2018 1942 2292 1985 Palibothris
2313 1941 2490 2000 oppido
2515 1941 2573 1985 ad
2593 1942 2758 1984 ostium

1477 2014 1646 2074 Gangis
1666 2028 1758 2058 esse
1774 2014 2104 2059 DCXXXVIII
2121 2014 2262 2057 millia
2276 2028 2505 2071 passuum.
2529 2014 2631 2069 Quo
2656 2013 2762 2055 loco

1478 2085 1868 2131 Schwanbeckius
1889 2101 1939 2144 p.
1981 2101 2035 2142 17
2055 2085 2349 2129 scribendum
2389 2100 2482 2128 esse
2512 2083 2764 2143 probabili·

1478 2166 1549 2202 ter
1569 2158 1824 2202 admodum
1841 2158 1997 2202 statuit
2026 2172 2037 2200 ε
2063 2156 2453 2210 DCCXXXVIII,
2490 2157 2519 2203 i.
2553 2158 2602 2199 e.'
2636 2155 2762 2199 6000

1478 2230 1647 2286 stadia,
1686 2239 1802 2289 quot
1840 2230 1992 2274 eidem
2036 2230 2183 2287 spatio
2225 2228 2386 2271 tribuit
2432 2229 2758 2287 Megasthenes,

1479 2303 1581 2347 Alia
1593 2304 1791 2362 plurima
1809 2304 1856 2347 iu
1880 2301 2044 2347 eodem
2060 2301 2211 2360 capite
2233 2314 2290 2344 ex
2306 2300 2595 2360 Megasthene
2614 2298 2764 2343 fluxe-

1481 2375 1592 2419 rint.

2108 2496 2148 2536 7.

1552 2591 1719 2635 Strabo
1732 2592 1804 2646 ΙΙ,
1825 2605 1873 2649 p.
1901 2589 1960 2646 76
1983 2587 2328 2632 :Eratosthenes
2355 2584 2621 2644 perstringit
2654 2584 2767 2627 Dai-

1487 2663 1732 2717 machum‚
1758 2663 1839 2720 qui
1877 2661 2122 2704 oblocutus
2157 2667 2253 2702 erat
2279 2652 2542 2717 Μεγασθένει
2582 2652 2765 2717 φήσαντι

1490 2734 1533 2780 ἐν
1550 2735 1636 2786 τοῖς
1654 2731 1806 2784 νοτίοις
1830 2725 1976 2795 μέρεσι
2003 2732 2078 2786 τῆς
2097 2727 2276 2783 Ἰνδικῆς
2294 2726 2369 2779 τάς
2387 2745 2433 2772 τε
2457 2724 2634 2787 ἄρκτους
2658 2726 2767 2770 ἀπο-

1490 2803 1754 2869 κρύπτεσθαι
1778 2802 1851 2848 καὶ
1871 2801 1947 2855 τὰς
1972 2799 2094 2852 σκιὰς
2119 2798 2396 2846 ἀντιπίπτειν.
2418 2799 2532 2843 Vide
2557 2799 2717 2858 fragm.
2742 2812 2768 2840 2

1489 2878 1752 2933 Daimachi;
1786 2877 1985 2921 Nearchi
2018 2875 2075 2920 fr.
2108 2889 2153 2918 2.
2193 2872 2263 2918 Cf.
2306 2871 2610 2932 Megasthenis
2647 2870 2770 2928 Epit.

1493 2950 1552 2995 fr.
1585 2965 1603 2992 1
1632 2949 1721 3008 §2.

1559 3021 1778 3065 StraboII
1785 3035 1856 3079 ‚p.
1876 3034 1969 3075 77:
1979 3015 2241 3078 .Δηιμάχου
2261 3031 2471 3078 φησαντος
2485 3012 2683 3072 μηδαμοῦ
2701 3011 2773 3063 τ’ἧς

1495 3090 1675 3147 Ἰνδικης
1705 3089 1805 3151 μήτ’
1842 3087 2190 3154 ἀποκρύπτεσθαι
2225 3085 2299 3138 τὰς
2328 3084 2506 3148 ἄρκτους
2536 3082 2635 3143 μήτ’
2660 3085 2773 3125 ἀντι-

1498 3161 1668 3209 πίπτειν
1703 3160 1779 3214 τὰς
1817 3159 1940 3213 σκιὰς
1997 3157 2071 3206 δ’πε
2055 3178 2100 3223 ερ
2127 3156 2332 3221 ὑπείληφε
2337 3176 2356 3201 ν
2394 3159 2415 3202 ὁ
2441 3151 2730 3217 Μεγασθένης.

191 3034 427 3079 Diodorus
446 3035 494 3076 in
532 3032 587 3076 fr.
617 3047 635 3074 1
664 3030 691 3090 5
729 3047 755 3075 2
791 3030 936 3074 Indiae
969 3029 1336 3089 magnitudinem
1358 3030 1421 3072 ita

42 3110 70 3124 “
96 3103 310 3162 :³definit‚
338 3115 392 3150 ut
423 3103 718 3148 latitudinem
761 3117 861 3146 non
893 3101 1074 3162 16000,
1105 3101 1186 3145 sed
1231 3100 1417 3156 2800ος

53 3166 114 3226 ξζΔΧΙ
130 3177 468 3239 longitudinem
512 3192 611 3220 non
647 3189 825 3230 20000,
859 3173 941 3218 sed
977 3173 1132 3217 32000
1166 3172 1422 3216 stadiorum

54 3286 55 3291 ,
92 3263 224 3322 sm
241 3249 381 3295 dicat.
422 3248 515 3293 Sed
543 3249 663 3291 bene
688 3245 939 3291 tenendum
970 3254 1037 3289 est
1055 3245 1304 3305 Arrianum
1333 3245 1423 3287 suis
2114 3266 2143 3311 8

14 3310 16 3316 ⁴
131 3319 334 3368 numeris
349 3320 555 3365 addere.
577 3315 731 3379 ἵναπερ
770 3333 818 3362 το
854 3316 1146 3378 βραχύτατον,
1180 3299 1336 3377 ἵναπερ
1374 3314 1423 3359 τὸ
2149 3302 2161 3313 ’

209 3390 413 3440 ινότατον.
447 3391 686 3436 Diodorus
717 3391 861 3449 igitur
906 3389 1164 3432 enotavelit
1199 3401 1421 3431 numeros
1523 3443 1525 3445 Ι
1570 3387 1743 3443 Plinius
1766 3387 1823 3429 H.
1847 3386 1906 3430 N.
1927 3385 2027 3438 VH,
2053 3398 2133 3437 22,
2160 3381 2212 3440 6,
2242 3399 2283 3438 p.
2309 3380 2402 3424 360
2422 3379 2565 3423 Tchn.
2593 3392 2603 3419 :
2630 3376 2704 3420 Ab
2722 3379 2779 3418 ies

40 3471 43 3477 “
68 3489 69 3493 ,
91 3474 103 3492 ,τ
131 3465 2757 3501 †3—-—-————————-———.-—.—-————————

21 3508 23 3526 ³
59 3522 181 3582 ”’,Ϊίι
202 3529 448 3580 longitudine
466 3524 615 3568 'lateris
646 3526 770 3566 indiae
808 3524 1139 3575 septemtrionalis
1166 3521 1421 3571 annotanda,
1504 3521 1581 3560 diae
1608 3531 1690 3560 esse
1725 3520 1838 3567 vult,
1872 3529 1995 3568 quam
2027 3517 2092 3556 alii
2114 3514 2399 3565 longitudinem
2422 3512 2593 3558 faciunt,
2614 3517 2778 3557 eamque

51 3592 266 3643 ³;-³²'57*quod,
283 3603 404 3643 quam
421 3591 690 3642 Megasthenes
711 3588 882 3628 sedecim
898 3587 1072 3626 millibus
1086 3585 1302 3625 stadiorum
1322 3584 1451 3624 defi·
1502 3583 1773 3634 Megasthenes
1787 3583 1926 3621 auctor
1940 3582 2023 3630 est,
2040 3579 2109 3619 uhi
2125 3579 2398 3618 brevissimum
2421 3575 2506 3624 ejus
2519 3572 2686 3623 spatium
2700 3569 2751 3608 sit
2763 3597 2775 3615 ,

119 3653 216 3707 iiii,
240 3655 439 3696 Patrocles
452 3654 562 3694 mille
578 3652 705 3693 stadia
724 3652 760 3691 ei
775 3661 942 3691 summae
958 3649 1140 3689 detrahit.
1496 3649 1665 3689 sedecim
1686 3647 1806 3687 millia
1827 3645 2045 3686 stadiorum
2074 3644 2286 3683 continere..
2315 3646 2346 3681 A
2359 3638 2633 3690 septemtrione
2644 3636 2776 3673 autem

51 3706 57 3724 ⁴
94 3713 102 3725 ²
758 3721 802 3760 5.
1501 3722 1638 3752 versus
1664 3702 1892 3760 meridiem,
1917 3719 1963 3749 ea
1982 3709 2038 3748 illi
2060 3707 2220 3759 quidem
2245 3708 2304 3745 ost
2324 3702 2552 3752 longitudo,
2574 3701 2614 3738 et
2640 3698 2772 3737 exten-

83 3825 86 3827 .
106 3775 120 3830 Ϊ
139 3838 143 3842 ,
190 3791 410 3832 Patroclem
437 3788 684 3840 Hipparchus
705 3787 801 3827 dicit
829 3785 947 3825 fidem
978 3796 1058 3824 non
1085 3777 1254 3833 mereri,
1286 3784 1423 3822 contra
1500 3776 1610 3815 ditur
1627 3774 1678 3814 ad
1697 3773 1833 3825 viginti
1848 3775 1918 3813 tuo
1937 3771 2062 3812 millia
2079 3772 2120 3811 et
2137 3770 2312 3810 trecenta
2330 3766 2478 3813 stadia,
2495 3763 2561 3802 ubi
2579 3758 2776 3810 angustis-

107 3867 109 3869 ’
116 3852 258 3906 ‘quem
278 3853 359 3895 duo
372 3854 452 3894 sint
468 3852 740 3893 testimonium
760 3851 928 3890 ferentes
962 3849 1200 3889 Deimachus
1219 3849 1259 3887 et
1286 3850 1420 3897 Mega·
1500 3840 1600 3879 sima
1616 3839 1689 3879 est

50 3901 114 3963 J.-
119 3908 319 3970 menes,
339 3919 409 3970 qui
432 3917 686 3958 intervallum
700 3927 724 3955 a
747 3916 847 3955 mari
864 3914 1112 3954 meridionali
1132 3912 1266 3960 vicies,
1283 3911 1424 3961 aliqui·
2012 3955 2042 3979 .-
2115 3930 2158 3970 7·

48 3991 78 4024 .·'·
95 3983 220 4037 v:stitis
239 3985 340 4025 locis
363 3984 483 4024 etiam
509 3982 641 4022 tricies
666 3981 777 4020 mille
798 3979 1016 4019 stadiorum
1046 3979 1244 4017 affirment
1261 3987 1366 4025 esse;
1388 3977 1427 4015 et

48 4055 73 4091 ⁴.
123 4058 236 4092 cum
252 4047 312 4087 his
333 4045 688 4092 consentin-setiam
706 4045 860 4084 veteres
871 4042 1036 4082 tabulas.
1553 4038 1791 4078 Daimachus
1818 4033 2067 4086 reprehendit
2083 4030 2389 4082 megasthenem,
2406 4021 2537 4073 quod
2528 4032 2564 4058 in
2592 4019 2776 4058 austrinis

77 4094 86 4110 ζ’
111 4108 121 4116 ’
762 4111 806 4150 6.
1505 4102 1624 4142 indiae
1645 4101 1822 4151 partibus
1852 4108 1965 4138 ursas
1987 4094 2165 4137 occidere
2182 4095 2221 4133 et
2237 4090 2393 4130 umbras
2407 4086 2601 4125 diversam
2619 4082 2659 4121 in
2679 4092 2766 4132 par·

115 4196 122 4207 '—
145 4176 148 4183 '
195 4181 464 4231 Megasthenes
490 4180 540 4219 ab
561 4178 713 4229 oriente
735 4177 776 4216 in
795 4176 1041 4216 occidentem
1073 4172 1323 4213 latitudinem
1357 4173 1421 4210 ln·
1502 4170 1579 4209 iem
1596 4166 1736 4206 cadere
1751 4164 1925 4204 dixisset.
