<?xml version="1.0" encoding="UTF-8"?>
<!DOCTYPE html PUBLIC "-//W3C//DTD XHTML 1.0 Transitional//EN"
    "http://www.w3.org/TR/xhtml1/DTD/xhtml1-transitional.dtd">
<html xmlns="http://www.w3.org/1999/xhtml" xml:lang="en" lang="en">
 <head>
  <title>
</title>
<meta http-equiv="Content-Type" content="text/html;charset=utf-8" />
  <meta name='ocr-system' content='tesseract 3.04.00' />
  <meta name='ocr-capabilities' content='ocr_page ocr_carea ocr_par ocr_line ocrx_word'/>
</head>
<body>
  <div class='ocr_page' id='page_1' title='image "./fragmentahistori02mueluoft_0214.png"; bbox 0 0 3016 4628; ppageno 0'>
   <div class='ocr_carea' id='block_1_1' title="bbox 270 306 1451 479">
    <p class='ocr_par' dir='ltr' id='par_1_1' title="bbox 270 306 1451 479">
     <span class='ocr_line' id='line_1_1' title="bbox 270 306 356 344; baseline -0.012 0"><span class='ocrx_word' id='word_1_1' title='bbox 270 306 356 344; x_wconf 76' lang='grc'><strong>162</strong></span> 
     </span>
     <span class='ocr_line' id='line_1_2' title="bbox 392 409 1451 479; baseline 0 -21"><span class='ocrx_word' id='word_1_2' title='bbox 392 411 847 474; x_wconf 69' lang='grc' dir='ltr'>[11ΡΛΚΑΕΩΊῺΝ</span> <span class='ocrx_word' id='word_1_3' title='bbox 871 410 989 457; x_wconf 68' lang='grc'>11111</span> <span class='ocrx_word' id='word_1_4' title='bbox 1019 410 1099 458; x_wconf 87' lang='lat' dir='ltr'><strong>EN</strong></span> <span class='ocrx_word' id='word_1_5' title='bbox 1126 409 1387 477; x_wconf 56' lang='lat' dir='ltr'><strong>nomo]</strong></span> <span class='ocrx_word' id='word_1_6' title='bbox 1442 475 1451 479; x_wconf 85' lang='lat'><strong>-</strong></span> 
     </span>
    </p>
   </div>
   <div class='ocr_carea' id='block_1_2' title="bbox 819 527 984 591">
    <p class='ocr_par' dir='ltr' id='par_1_2' title="bbox 819 527 984 591">
     <span class='ocr_line' id='line_1_3' title="bbox 819 527 984 591; baseline 0.018 -18"><span class='ocrx_word' id='word_1_7' title='bbox 819 527 984 591; x_wconf 60' lang='lat'>[188]</span> 
     </span>
    </p>
   </div>
   <div class='ocr_carea' id='block_1_3' title="bbox 245 628 1542 2498">
    <p class='ocr_par' dir='ltr' id='par_1_3' title="bbox 257 628 1542 985">
     <span class='ocr_line' id='line_1_4' title="bbox 325 628 1542 697; baseline -0.002 -21"><span class='ocrx_word' id='word_1_8' title='bbox 325 628 341 697; x_wconf 71' lang='lat'>[</span> <span class='ocrx_word' id='word_1_9' title='bbox 362 634 552 688; x_wconf 56' lang='lat' dir='ltr'><strong>Aristot,</strong></span> <span class='ocrx_word' id='word_1_10' title='bbox 577 634 676 678; x_wconf 88' lang='lat' dir='ltr'><strong>Pol.</strong></span> <span class='ocrx_word' id='word_1_11' title='bbox 702 637 765 690; x_wconf 92' lang='lat' dir='ltr'><strong>V,</strong></span> <span class='ocrx_word' id='word_1_12' title='bbox 790 633 814 677; x_wconf 87' lang='lat'><strong>5</strong></span> <span class='ocrx_word' id='word_1_13' title='bbox 831 668 843 689; x_wconf 94' lang='lat'>,</span> <span class='ocrx_word' id='word_1_14' title='bbox 866 634 891 679; x_wconf 81' lang='grc'><strong>5</strong></span> <span class='ocrx_word' id='word_1_15' title='bbox 923 652 932 679; x_wconf 92' lang='lat'><strong>:</strong></span> <span class='ocrx_word' id='word_1_16' title='bbox 957 636 1239 694; x_wconf 81' lang='lat' dir='ltr'><strong>Demagogia</strong></span> <span class='ocrx_word' id='word_1_17' title='bbox 1260 633 1391 676; x_wconf 83' lang='lat' dir='ltr'><strong>facile</strong></span> <span class='ocrx_word' id='word_1_18' title='bbox 1415 632 1542 675; x_wconf 85' lang='lat' dir='ltr'><strong>labo-</strong></span> 
     </span>
     <span class='ocr_line' id='line_1_5' title="bbox 258 701 1542 767; baseline -0.001 -20"><span class='ocrx_word' id='word_1_19' title='bbox 258 714 360 748; x_wconf 84' lang='lat' dir='ltr'><strong>rant</strong></span> <span class='ocrx_word' id='word_1_20' title='bbox 383 721 446 750; x_wconf 80' lang='lat' dir='ltr'><strong>eae</strong></span> <span class='ocrx_word' id='word_1_21' title='bbox 472 707 760 767; x_wconf 78' lang='lat' dir='ltr'><strong>oligarchiae,</strong></span> <span class='ocrx_word' id='word_1_22' title='bbox 788 709 835 750; x_wconf 88' lang='lat' dir='ltr'><strong>in</strong></span> <span class='ocrx_word' id='word_1_23' title='bbox 859 708 1026 767; x_wconf 83' lang='lat' dir='ltr'><strong>quibus</strong></span> <span class='ocrx_word' id='word_1_24' title='bbox 1054 704 1107 751; x_wconf 81' lang='grc' dir='ltr'><strong>τὰ</strong></span> <span class='ocrx_word' id='word_1_25' title='bbox 1129 703 1383 766; x_wconf 82' lang='grc' dir='ltr'>δικαστήρια</span> <span class='ocrx_word' id='word_1_26' title='bbox 1408 701 1468 762; x_wconf 87' lang='grc' dir='ltr'>μὴ</span> <span class='ocrx_word' id='word_1_27' title='bbox 1494 703 1542 747; x_wconf 86' lang='grc' dir='ltr'>ἐκ</span> 
     </span>
     <span class='ocr_line' id='line_1_6' title="bbox 257 772 1541 839; baseline 0.005 -19"><span class='ocrx_word' id='word_1_28' title='bbox 257 779 332 821; x_wconf 86' lang='grc' dir='ltr'><strong>τοῦ</strong></span> <span class='ocrx_word' id='word_1_29' title='bbox 355 775 668 839; x_wconf 84' lang='grc' dir='ltr'>πολιτεύματός</span> <span class='ocrx_word' id='word_1_30' title='bbox 689 779 823 823; x_wconf 88' lang='grc' dir='ltr'>ἐστιν·</span> <span class='ocrx_word' id='word_1_31' title='bbox 853 779 1208 839; x_wconf 79' lang='grc' dir='ltr'>δημαγωγοῦντες</span> <span class='ocrx_word' id='word_1_32' title='bbox 1235 774 1318 837; x_wconf 81' lang='grc' dir='ltr'>γὰρ</span> <span class='ocrx_word' id='word_1_33' title='bbox 1342 773 1446 837; x_wconf 75' lang='grc' dir='ltr'>πρὸς</span> <span class='ocrx_word' id='word_1_34' title='bbox 1466 772 1541 826; x_wconf 75' lang='grc' dir='ltr'><strong>τὰς</strong></span> 
     </span>
     <span class='ocr_line' id='line_1_7' title="bbox 258 845 1537 912; baseline -0.004 -18"><span class='ocrx_word' id='word_1_35' title='bbox 258 849 415 912; x_wconf 81' lang='grc' dir='ltr'>κρίσεις</span> <span class='ocrx_word' id='word_1_36' title='bbox 450 849 770 910; x_wconf 70' lang='grc' dir='ltr'>μεταὸάλλουσι</span> <span class='ocrx_word' id='word_1_37' title='bbox 810 848 886 906; x_wconf 79' lang='grc' dir='ltr'><strong>τὴν</strong></span> <span class='ocrx_word' id='word_1_38' title='bbox 914 849 1157 906; x_wconf 85' lang='grc' dir='ltr'>πολιτείαν,</span> <span class='ocrx_word' id='word_1_39' title='bbox 1192 847 1296 911; x_wconf 83' lang='grc' dir='ltr'>ὅπερ</span> <span class='ocrx_word' id='word_1_40' title='bbox 1316 845 1389 892; x_wconf 86' lang='grc' dir='ltr'><strong>καὶ</strong></span> <span class='ocrx_word' id='word_1_41' title='bbox 1422 847 1465 890; x_wconf 85' lang='grc' dir='ltr'><strong>ἐν</strong></span> <span class='ocrx_word' id='word_1_42' title='bbox 1484 848 1537 908; x_wconf 78' lang='grc' dir='ltr'><strong>τῇ</strong></span> 
     </span>
     <span class='ocr_line' id='line_1_8' title="bbox 257 918 1107 986; baseline 0 -18"><span class='ocrx_word' id='word_1_43' title='bbox 257 918 497 985; x_wconf 74' lang='grc' dir='ltr'>Ἡρακλείᾳ</span> <span class='ocrx_word' id='word_1_44' title='bbox 519 921 684 985; x_wconf 85' lang='grc' dir='ltr'>ἐγένετο</span> <span class='ocrx_word' id='word_1_45' title='bbox 707 926 760 984; x_wconf 78' lang='grc' dir='ltr'><strong>τῇ</strong></span> <span class='ocrx_word' id='word_1_46' title='bbox 783 924 824 969; x_wconf 90' lang='grc' dir='ltr'><strong>ἐν</strong></span> <span class='ocrx_word' id='word_1_47' title='bbox 849 924 910 986; x_wconf 78' lang='grc' dir='ltr'><strong>τῷ</strong></span> <span class='ocrx_word' id='word_1_48' title='bbox 938 921 1107 984; x_wconf 86' lang='grc' dir='ltr'>Πόντῳ.</span> 
     </span>
    </p>

    <p class='ocr_par' dir='ltr' id='par_1_4' title="bbox 246 989 1538 1840">
     <span class='ocr_line' id='line_1_9' title="bbox 321 989 1538 1078; baseline -0.006 -38"><span class='ocrx_word' id='word_1_49' title='bbox 321 998 383 1051; x_wconf 91' lang='lat' dir='ltr'><strong>V,</strong></span> <span class='ocrx_word' id='word_1_50' title='bbox 414 995 466 1050; x_wconf 78' lang='lat'><strong>5,</strong></span> <span class='ocrx_word' id='word_1_51' title='bbox 502 1012 565 1040; x_wconf 83' lang='lat'><strong>2:</strong></span> <span class='ocrx_word' id='word_1_52' title='bbox 590 994 691 1042; x_wconf 83' lang='grc' dir='ltr'><strong>Ὁτὲ</strong></span> <span class='ocrx_word' id='word_1_53' title='bbox 720 994 771 1056; x_wconf 84' lang='grc' dir='ltr'>μὲ</span> <span class='ocrx_word' id='word_1_54' title='bbox 776 1014 796 1039; x_wconf 93' lang='grc' dir='ltr'>ν</span> <span class='ocrx_word' id='word_1_55' title='bbox 821 993 901 1078; x_wconf 82' lang='grc' dir='ltr'>γὰρ</span> <span class='ocrx_word' id='word_1_56' title='bbox 921 993 962 1047; x_wconf 84' lang='grc' dir='ltr'><strong>ἐξ</strong></span> <span class='ocrx_word' id='word_1_57' title='bbox 987 994 1126 1039; x_wconf 78' lang='grc' dir='ltr'>αὐτων</span> <span class='ocrx_word' id='word_1_58' title='bbox 1145 993 1228 1036; x_wconf 83' lang='grc' dir='ltr'><strong>τῶν</strong></span> <span class='ocrx_word' id='word_1_59' title='bbox 1254 989 1464 1054; x_wconf 81' lang='grc' dir='ltr'>εὐπόρων,</span> <span class='ocrx_word' id='word_1_60' title='bbox 1491 989 1538 1034; x_wconf 84' lang='grc' dir='ltr'><strong>οὖ</strong></span> 
     </span>
     <span class='ocr_line' id='line_1_10' title="bbox 254 1061 1535 1130; baseline -0.005 -19"><span class='ocrx_word' id='word_1_61' title='bbox 254 1068 339 1112; x_wconf 77' lang='grc' dir='ltr'><strong>τῶν</strong></span> <span class='ocrx_word' id='word_1_62' title='bbox 373 1066 505 1113; x_wconf 86' lang='grc' dir='ltr'>ὄντων</span> <span class='ocrx_word' id='word_1_63' title='bbox 543 1066 576 1113; x_wconf 83' lang='grc' dir='ltr'><strong>δ’</strong></span> <span class='ocrx_word' id='word_1_64' title='bbox 609 1069 651 1113; x_wconf 88' lang='grc' dir='ltr'><strong>ἐν</strong></span> <span class='ocrx_word' id='word_1_65' title='bbox 687 1068 778 1119; x_wconf 81' lang='grc' dir='ltr'>ταῖς</span> <span class='ocrx_word' id='word_1_66' title='bbox 813 1069 965 1130; x_wconf 80' lang='grc' dir='ltr'>ἀρχαῖς</span> <span class='ocrx_word' id='word_1_67' title='bbox 999 1064 1159 1126; x_wconf 86' lang='grc' dir='ltr'>γίνεται</span> <span class='ocrx_word' id='word_1_68' title='bbox 1184 1061 1416 1114; x_wconf 82' lang='grc' dir='ltr'>κατάλυσις</span> <span class='ocrx_word' id='word_1_69' title='bbox 1449 1061 1535 1122; x_wconf 83' lang='lat' dir='ltr'><strong>(se.</strong></span> 
     </span>
     <span class='ocr_line' id='line_1_11' title="bbox 254 1135 1537 1202; baseline -0.005 -19"><span class='ocrx_word' id='word_1_70' title='bbox 254 1137 555 1202; x_wconf 65' lang='grc' dir='ltr'>ὀλιγαρχίας),</span> <span class='ocrx_word' id='word_1_71' title='bbox 570 1139 670 1185; x_wconf 80' lang='grc' dir='ltr'>ὅταν</span> <span class='ocrx_word' id='word_1_72' title='bbox 690 1138 823 1200; x_wconf 89' lang='grc' dir='ltr'>ὀλίγοι</span> <span class='ocrx_word' id='word_1_73' title='bbox 845 1136 1007 1200; x_wconf 75' lang='grc' dir='ltr'>σφόδρα</span> <span class='ocrx_word' id='word_1_74' title='bbox 1027 1138 1131 1182; x_wconf 85' lang='grc' dir='ltr'>ὠσιν</span> <span class='ocrx_word' id='word_1_75' title='bbox 1149 1137 1186 1181; x_wconf 82' lang='grc' dir='ltr'><strong>οἱ</strong></span> <span class='ocrx_word' id='word_1_76' title='bbox 1202 1136 1244 1180; x_wconf 85' lang='grc' dir='ltr'><strong>ἐν</strong></span> <span class='ocrx_word' id='word_1_77' title='bbox 1262 1152 1355 1186; x_wconf 88' lang='grc' dir='ltr'>ταις</span> <span class='ocrx_word' id='word_1_78' title='bbox 1377 1135 1537 1193; x_wconf 82' lang='grc' dir='ltr'>τιμαῖς,</span> 
     </span>
     <span class='ocr_line' id='line_1_12' title="bbox 255 1203 1537 1275; baseline -0.003 -19"><span class='ocrx_word' id='word_1_79' title='bbox 255 1203 383 1257; x_wconf 73' lang='grc' dir='ltr'>οἶον’</span> <span class='ocrx_word' id='word_1_80' title='bbox 365 1231 408 1257; x_wconf 92' lang='grc' dir='ltr'><strong>εν</strong></span> <span class='ocrx_word' id='word_1_81' title='bbox 439 1211 676 1275; x_wconf 78' lang='grc' dir='ltr'>Μασσαλίᾳ</span> <span class='ocrx_word' id='word_1_82' title='bbox 697 1211 769 1257; x_wconf 88' lang='grc' dir='ltr'><strong>καὶ</strong></span> <span class='ocrx_word' id='word_1_83' title='bbox 794 1213 835 1256; x_wconf 89' lang='grc' dir='ltr'><strong>ἐν</strong></span> <span class='ocrx_word' id='word_1_84' title='bbox 858 1208 1015 1274; x_wconf 82' lang='grc' dir='ltr'>Ἴστρῳ</span> <span class='ocrx_word' id='word_1_85' title='bbox 1039 1208 1171 1255; x_wconf 83' lang='grc' dir='ltr'>καὶέν</span> <span class='ocrx_word' id='word_1_86' title='bbox 1191 1205 1438 1270; x_wconf 75' lang='grc' dir='ltr'><strong>&lt;Ηρακλεία</strong></span> <span class='ocrx_word' id='word_1_87' title='bbox 1463 1225 1537 1253; x_wconf 91' lang='grc' dir='ltr'><strong>και</strong></span> 
     </span>
     <span class='ocr_line' id='line_1_13' title="bbox 255 1277 1537 1344; baseline -0.002 -17.965"><span class='ocrx_word' id='word_1_88' title='bbox 255 1284 296 1327; x_wconf 82' lang='grc' dir='ltr'><strong>ἐν</strong></span> <span class='ocrx_word' id='word_1_89' title='bbox 330 1282 478 1335; x_wconf 80' lang='grc' dir='ltr'>ἄλλαις</span> <span class='ocrx_word' id='word_1_90' title='bbox 502 1282 651 1328; x_wconf 83' lang='grc' dir='ltr'>πόλεσι</span> <span class='ocrx_word' id='word_1_91' title='bbox 683 1280 980 1342; x_wconf 70' lang='grc' dir='ltr'>συμὸέὸηκεν·</span> <span class='ocrx_word' id='word_1_92' title='bbox 1006 1282 1042 1326; x_wconf 80' lang='grc' dir='ltr'><strong>οἵ</strong></span> <span class='ocrx_word' id='word_1_93' title='bbox 1068 1278 1150 1344; x_wconf 87' lang='grc' dir='ltr'>γὰρ</span> <span class='ocrx_word' id='word_1_94' title='bbox 1189 1278 1249 1339; x_wconf 85' lang='grc' dir='ltr'>μὴ</span> <span class='ocrx_word' id='word_1_95' title='bbox 1286 1277 1537 1340; x_wconf 84' lang='grc' dir='ltr'>μετέχοντες</span> 
     </span>
     <span class='ocr_line' id='line_1_14' title="bbox 252 1349 1537 1417; baseline -0.003 -18"><span class='ocrx_word' id='word_1_96' title='bbox 252 1356 336 1399; x_wconf 79' lang='grc' dir='ltr'><strong>τῶν</strong></span> <span class='ocrx_word' id='word_1_97' title='bbox 375 1356 517 1417; x_wconf 74' lang='grc' dir='ltr'>ἀρχῶν</span> <span class='ocrx_word' id='word_1_98' title='bbox 547 1354 730 1410; x_wconf 82' lang='grc' dir='ltr'>ἐκίνουν,</span> <span class='ocrx_word' id='word_1_99' title='bbox 767 1353 845 1406; x_wconf 77' lang='grc' dir='ltr'><strong>ἕως</strong></span> <span class='ocrx_word' id='word_1_100' title='bbox 883 1351 1143 1414; x_wconf 69' lang='grc' dir='ltr'>μετέλαὸον,</span> <span class='ocrx_word' id='word_1_101' title='bbox 1178 1351 1219 1396; x_wconf 81' lang='grc' dir='ltr'><strong>οἳ</strong></span> <span class='ocrx_word' id='word_1_102' title='bbox 1253 1349 1537 1414; x_wconf 69' lang='grc' dir='ltr'>πρεσὸύτεροι</span> 
     </span>
     <span class='ocr_line' id='line_1_15' title="bbox 251 1421 1533 1489; baseline -0.002 -20"><span class='ocrx_word' id='word_1_103' title='bbox 251 1424 454 1488; x_wconf 82' lang='grc' dir='ltr'>πρότερον</span> <span class='ocrx_word' id='word_1_104' title='bbox 487 1421 570 1471; x_wconf 75' lang='grc' dir='ltr'><strong>τῶν</strong></span> <span class='ocrx_word' id='word_1_105' title='bbox 598 1425 788 1489; x_wconf 71' lang='grc' dir='ltr'>ἀδελφῶν</span> <span class='ocrx_word' id='word_1_106' title='bbox 803 1461 816 1486; x_wconf 88' lang='grc'>,</span> <span class='ocrx_word' id='word_1_107' title='bbox 842 1424 1015 1488; x_wconf 78' lang='grc' dir='ltr'>ὕστερον</span> <span class='ocrx_word' id='word_1_108' title='bbox 1039 1423 1074 1470; x_wconf 85' lang='grc' dir='ltr'><strong>δ’</strong></span> <span class='ocrx_word' id='word_1_109' title='bbox 1095 1426 1133 1470; x_wconf 77' lang='grc' dir='ltr'><strong>οἳ</strong></span> <span class='ocrx_word' id='word_1_110' title='bbox 1158 1421 1355 1485; x_wconf 85' lang='grc' dir='ltr'>νεώτεροι</span> <span class='ocrx_word' id='word_1_111' title='bbox 1378 1421 1533 1468; x_wconf 84' lang='grc' dir='ltr'>πάλιν·</span> 
     </span>
     <span class='ocr_line' id='line_1_16' title="bbox 251 1492 1535 1559; baseline -0.002 -19"><span class='ocrx_word' id='word_1_112' title='bbox 251 1497 297 1540; x_wconf 82' lang='grc' dir='ltr'><strong>οὐ</strong></span> <span class='ocrx_word' id='word_1_113' title='bbox 322 1495 403 1559; x_wconf 80' lang='grc' dir='ltr'>γὰρ</span> <span class='ocrx_word' id='word_1_114' title='bbox 429 1495 631 1558; x_wconf 82' lang='grc' dir='ltr'>ἄρχουσιν</span> <span class='ocrx_word' id='word_1_115' title='bbox 655 1498 825 1559; x_wconf 78' lang='grc' dir='ltr'>ἐνιαχοῦ</span> <span class='ocrx_word' id='word_1_116' title='bbox 859 1495 934 1557; x_wconf 81' lang='grc' dir='ltr'><strong>μὲν</strong></span> <span class='ocrx_word' id='word_1_117' title='bbox 970 1494 1061 1557; x_wconf 89' lang='grc' dir='ltr'><strong>ἅμα</strong></span> <span class='ocrx_word' id='word_1_118' title='bbox 1085 1493 1232 1558; x_wconf 83' lang='grc' dir='ltr'>πατήρ</span> <span class='ocrx_word' id='word_1_119' title='bbox 1257 1512 1304 1539; x_wconf 90' lang='grc' dir='ltr'><strong>τε</strong></span> <span class='ocrx_word' id='word_1_120' title='bbox 1327 1492 1399 1539; x_wconf 81' lang='grc' dir='ltr'><strong>καὶ</strong></span> <span class='ocrx_word' id='word_1_121' title='bbox 1425 1492 1535 1552; x_wconf 83' lang='grc' dir='ltr'>υἱὸς,</span> 
     </span>
     <span class='ocr_line' id='line_1_17' title="bbox 251 1564 1535 1632; baseline -0.001 -20"><span class='ocrx_word' id='word_1_122' title='bbox 251 1570 420 1630; x_wconf 78' lang='grc' dir='ltr'>ἐνιαχοῦ</span> <span class='ocrx_word' id='word_1_123' title='bbox 446 1567 488 1613; x_wconf 82' lang='grc' dir='ltr'><strong>δὲ</strong></span> <span class='ocrx_word' id='word_1_124' title='bbox 515 1570 536 1612; x_wconf 84' lang='grc' dir='ltr'>ὃ</span> <span class='ocrx_word' id='word_1_125' title='bbox 559 1567 843 1632; x_wconf 74' lang='grc' dir='ltr'>πρεσὸύτερος</span> <span class='ocrx_word' id='word_1_126' title='bbox 865 1567 938 1614; x_wconf 84' lang='grc' dir='ltr'><strong>καὶ</strong></span> <span class='ocrx_word' id='word_1_127' title='bbox 961 1570 982 1613; x_wconf 84' lang='grc' dir='ltr'>ὃ</span> <span class='ocrx_word' id='word_1_128' title='bbox 1003 1565 1202 1630; x_wconf 85' lang='grc' dir='ltr'>νεώτερος</span> <span class='ocrx_word' id='word_1_129' title='bbox 1226 1564 1420 1630; x_wconf 83' lang='grc' dir='ltr'>ἀδελφός.</span> <span class='ocrx_word' id='word_1_130' title='bbox 1446 1566 1535 1612; x_wconf 84' lang='grc' dir='ltr'><strong>Καὶ</strong></span> 
     </span>
     <span class='ocr_line' id='line_1_18' title="bbox 250 1635 1535 1704; baseline -0.001 -20"><span class='ocrx_word' id='word_1_131' title='bbox 250 1639 345 1685; x_wconf 77' lang='grc' dir='ltr'>ἔνθα</span> <span class='ocrx_word' id='word_1_132' title='bbox 366 1637 441 1700; x_wconf 79' lang='grc' dir='ltr'><strong>μὲν</strong></span> <span class='ocrx_word' id='word_1_133' title='bbox 462 1639 770 1704; x_wconf 86' lang='grc' dir='ltr'>πολιτικωτέρα</span> <span class='ocrx_word' id='word_1_134' title='bbox 797 1638 960 1702; x_wconf 86' lang='grc' dir='ltr'>ἐγένετο</span> <span class='ocrx_word' id='word_1_135' title='bbox 984 1642 1010 1695; x_wconf 85' lang='grc' dir='ltr'>ἡ</span> <span class='ocrx_word' id='word_1_136' title='bbox 1033 1637 1284 1702; x_wconf 83' lang='grc' dir='ltr'>ὀλιγαρχία,</span> <span class='ocrx_word' id='word_1_137' title='bbox 1309 1638 1352 1683; x_wconf 82' lang='grc' dir='ltr'><strong>ἐν</strong></span> <span class='ocrx_word' id='word_1_138' title='bbox 1372 1635 1535 1702; x_wconf 83' lang='grc' dir='ltr'>Ἴστρῳ</span> 
     </span>
     <span class='ocr_line' id='line_1_19' title="bbox 249 1707 1528 1775; baseline 0.001 -20"><span class='ocrx_word' id='word_1_139' title='bbox 249 1710 283 1755; x_wconf 82' lang='grc' dir='ltr'><strong>δ’</strong></span> <span class='ocrx_word' id='word_1_140' title='bbox 313 1712 369 1763; x_wconf 87' lang='grc' dir='ltr'><strong>εἷς</strong></span> <span class='ocrx_word' id='word_1_141' title='bbox 398 1711 531 1771; x_wconf 69' lang='grc' dir='ltr'>δῆμον</span> <span class='ocrx_word' id='word_1_142' title='bbox 557 1710 918 1774; x_wconf 81' lang='grc' dir='ltr'>ἀπετελεύτησεν,</span> <span class='ocrx_word' id='word_1_143' title='bbox 941 1714 982 1758; x_wconf 88' lang='grc' dir='ltr'><strong>ἐν</strong></span> <span class='ocrx_word' id='word_1_144' title='bbox 1009 1709 1247 1775; x_wconf 39' lang='grc' dir='ltr'><strong>εΗρακλείιιγι</strong></span> <span class='ocrx_word' id='word_1_145' title='bbox 1271 1708 1307 1756; x_wconf 86' lang='grc' dir='ltr'><strong>δ’</strong></span> <span class='ocrx_word' id='word_1_146' title='bbox 1335 1707 1378 1764; x_wconf 80' lang='grc' dir='ltr'><strong>ἐξ</strong></span> <span class='ocrx_word' id='word_1_147' title='bbox 1402 1710 1528 1756; x_wconf 85' lang='grc' dir='ltr'>ἐλατ-</span> 
     </span>
     <span class='ocr_line' id='line_1_20' title="bbox 246 1776 856 1840; baseline 0.005 -13"><span class='ocrx_word' id='word_1_148' title='bbox 246 1781 377 1828; x_wconf 81' lang='grc' dir='ltr'>τόνων</span> <span class='ocrx_word' id='word_1_149' title='bbox 396 1785 454 1836; x_wconf 87' lang='grc' dir='ltr'><strong>εἷς</strong></span> <span class='ocrx_word' id='word_1_150' title='bbox 477 1781 718 1837; x_wconf 79' lang='grc' dir='ltr'>ἑξακοσίους</span> <span class='ocrx_word' id='word_1_151' title='bbox 737 1776 856 1840; x_wconf 61' lang='grc' dir='ltr'>ἦλθε.</span> 
     </span>
    </p>

    <p class='ocr_par' dir='ltr' id='par_1_5' title="bbox 248 1852 1535 1989">
     <span class='ocr_line' id='line_1_21' title="bbox 310 1852 1535 1920; baseline 0.001 -20"><span class='ocrx_word' id='word_1_152' title='bbox 310 1858 370 1912; x_wconf 91' lang='lat' dir='ltr'><strong>V,</strong></span> <span class='ocrx_word' id='word_1_153' title='bbox 395 1854 446 1912; x_wconf 84' lang='lat'><strong>5,</strong></span> <span class='ocrx_word' id='word_1_154' title='bbox 472 1873 488 1900; x_wconf 91' lang='lat'>1</span> <span class='ocrx_word' id='word_1_155' title='bbox 506 1873 521 1900; x_wconf 95' lang='lat'>1</span> <span class='ocrx_word' id='word_1_156' title='bbox 553 1855 662 1903; x_wconf 77' lang='lat' dir='ltr'>:’Ex</span> <span class='ocrx_word' id='word_1_157' title='bbox 678 1854 722 1901; x_wconf 82' lang='grc' dir='ltr'><strong>δὲ</strong></span> <span class='ocrx_word' id='word_1_158' title='bbox 744 1854 1019 1920; x_wconf 84' lang='grc' dir='ltr'>δικαστηρίου</span> <span class='ocrx_word' id='word_1_159' title='bbox 1037 1853 1216 1919; x_wconf 87' lang='grc' dir='ltr'>κρίσεως</span> <span class='ocrx_word' id='word_1_160' title='bbox 1229 1854 1273 1900; x_wconf 85' lang='grc' dir='ltr'><strong>ἐν</strong></span> <span class='ocrx_word' id='word_1_161' title='bbox 1295 1852 1535 1919; x_wconf 77' lang='grc' dir='ltr'>Ἡρακλείᾳ</span> 
     </span>
     <span class='ocr_line' id='line_1_22' title="bbox 248 1925 1460 1989; baseline 0.003 -17"><span class='ocrx_word' id='word_1_162' title='bbox 248 1925 394 1980; x_wconf 78' lang='grc' dir='ltr'>στάσις</span> <span class='ocrx_word' id='word_1_163' title='bbox 422 1925 587 1988; x_wconf 88' lang='grc' dir='ltr'>ἐγένετο</span> <span class='ocrx_word' id='word_1_164' title='bbox 609 1929 704 1976; x_wconf 88' lang='grc' dir='ltr'>κτλ.</span> <span class='ocrx_word' id='word_1_165' title='bbox 726 1930 842 1975; x_wconf 85' lang='lat' dir='ltr'><strong>Vide</strong></span> <span class='ocrx_word' id='word_1_166' title='bbox 860 1931 1000 1989; x_wconf 87' lang='lat' dir='ltr'><strong>Resp.</strong></span> <span class='ocrx_word' id='word_1_167' title='bbox 1021 1929 1234 1975; x_wconf 87' lang='lat' dir='ltr'><strong>Theban.</strong></span> <span class='ocrx_word' id='word_1_168' title='bbox 1262 1928 1321 1973; x_wconf 88' lang='lat' dir='ltr'><strong>fr.</strong></span> <span class='ocrx_word' id='word_1_169' title='bbox 1353 1945 1371 1972; x_wconf 92' lang='lat'>1</span> <span class='ocrx_word' id='word_1_170' title='bbox 1386 1928 1460 1976; x_wconf 79' lang='grc'><strong>13.</strong></span> 
     </span>
    </p>

    <p class='ocr_par' dir='ltr' id='par_1_6' title="bbox 247 1997 1534 2342">
     <span class='ocr_line' id='line_1_23' title="bbox 310 1997 1532 2063; baseline 0.002 -20"><span class='ocrx_word' id='word_1_171' title='bbox 310 2002 375 2058; x_wconf 88' lang='lat' dir='ltr'><strong>V,</strong></span> <span class='ocrx_word' id='word_1_172' title='bbox 404 2004 455 2053; x_wconf 91' lang='lat'><strong>4,</strong></span> <span class='ocrx_word' id='word_1_173' title='bbox 484 2015 510 2042; x_wconf 82' lang='lat'><strong>2</strong></span> <span class='ocrx_word' id='word_1_174' title='bbox 536 2015 546 2042; x_wconf 80' lang='lat'>2</span> <span class='ocrx_word' id='word_1_175' title='bbox 576 1998 801 2056; x_wconf 82' lang='grc' dir='ltr'>Κατελύθη</span> <span class='ocrx_word' id='word_1_176' title='bbox 827 1998 871 2045; x_wconf 80' lang='grc' dir='ltr'><strong>δὲ</strong></span> <span class='ocrx_word' id='word_1_177' title='bbox 897 1998 969 2046; x_wconf 77' lang='grc' dir='ltr'><strong>καὶ</strong></span> <span class='ocrx_word' id='word_1_178' title='bbox 994 1999 1037 2045; x_wconf 84' lang='grc' dir='ltr'><strong>ἐν</strong></span> <span class='ocrx_word' id='word_1_179' title='bbox 1074 1997 1319 2063; x_wconf 59' lang='grc' dir='ltr'><strong>εΗρακλείιιι</strong></span> <span class='ocrx_word' id='word_1_180' title='bbox 1349 2000 1372 2044; x_wconf 86' lang='grc' dir='ltr'><strong><em>ὃ</em></strong></span> <span class='ocrx_word' id='word_1_181' title='bbox 1397 1999 1532 2061; x_wconf 82' lang='grc' dir='ltr'>δῆμος</span> 
     </span>
     <span class='ocr_line' id='line_1_24' title="bbox 248 2068 1534 2134; baseline 0.003 -20"><span class='ocrx_word' id='word_1_182' title='bbox 248 2068 357 2130; x_wconf 82' lang='grc' dir='ltr'>μετὰ</span> <span class='ocrx_word' id='word_1_183' title='bbox 386 2069 455 2115; x_wconf 83' lang='grc' dir='ltr'><strong>τὸν</strong></span> <span class='ocrx_word' id='word_1_184' title='bbox 481 2070 741 2133; x_wconf 79' lang='grc' dir='ltr'>ἀποικισμὸν</span> <span class='ocrx_word' id='word_1_185' title='bbox 766 2069 885 2125; x_wconf 75' lang='grc' dir='ltr'>εὐθὺς</span> <span class='ocrx_word' id='word_1_186' title='bbox 906 2071 974 2118; x_wconf 79' lang='grc' dir='ltr'><strong>διὰ</strong></span> <span class='ocrx_word' id='word_1_187' title='bbox 995 2069 1092 2125; x_wconf 76' lang='grc' dir='ltr'>τοὺς</span> <span class='ocrx_word' id='word_1_188' title='bbox 1117 2070 1418 2134; x_wconf 82' lang='grc' dir='ltr'>δημαγωγούς·</span> <span class='ocrx_word' id='word_1_189' title='bbox 1444 2072 1534 2118; x_wconf 82' lang='grc' dir='ltr'>ἅδι-</span> 
     </span>
     <span class='ocr_line' id='line_1_25' title="bbox 247 2139 1534 2208; baseline 0.003 -22"><span class='ocrx_word' id='word_1_190' title='bbox 247 2139 443 2202; x_wconf 85' lang='grc' dir='ltr'>κούμενοι</span> <span class='ocrx_word' id='word_1_191' title='bbox 464 2139 549 2206; x_wconf 84' lang='grc' dir='ltr'>γὰρ</span> <span class='ocrx_word' id='word_1_192' title='bbox 575 2145 647 2188; x_wconf 79' lang='grc' dir='ltr'><strong>ὑπ’</strong></span> <span class='ocrx_word' id='word_1_193' title='bbox 674 2144 812 2188; x_wconf 82' lang='grc' dir='ltr'>αὐτῶν</span> <span class='ocrx_word' id='word_1_194' title='bbox 836 2145 872 2189; x_wconf 86' lang='grc' dir='ltr'><strong>οἱ</strong></span> <span class='ocrx_word' id='word_1_195' title='bbox 892 2142 1097 2208; x_wconf 86' lang='grc' dir='ltr'>γνώριμοι</span> <span class='ocrx_word' id='word_1_196' title='bbox 1113 2142 1360 2202; x_wconf 82' lang='grc' dir='ltr'>ἐξέπιπτον,</span> <span class='ocrx_word' id='word_1_197' title='bbox 1385 2142 1534 2191; x_wconf 86' lang='grc' dir='ltr'>ἔπειτα</span> 
     </span>
     <span class='ocr_line' id='line_1_26' title="bbox 247 2213 1534 2276; baseline 0.003 -18"><span class='ocrx_word' id='word_1_198' title='bbox 247 2214 530 2276; x_wconf 71' lang='grc' dir='ltr'>ἀθροισθέντες</span> <span class='ocrx_word' id='word_1_199' title='bbox 551 2215 588 2260; x_wconf 80' lang='grc' dir='ltr'><strong>οἳ</strong></span> <span class='ocrx_word' id='word_1_200' title='bbox 607 2214 883 2269; x_wconf 81' lang='grc' dir='ltr'>ἐκπίπτοντες</span> <span class='ocrx_word' id='word_1_201' title='bbox 902 2215 976 2262; x_wconf 83' lang='grc' dir='ltr'><strong>καὶ</strong></span> <span class='ocrx_word' id='word_1_202' title='bbox 997 2215 1272 2269; x_wconf 81' lang='grc' dir='ltr'>κατελθόντες</span> <span class='ocrx_word' id='word_1_203' title='bbox 1290 2213 1534 2263; x_wconf 84' lang='grc' dir='ltr'>κατέλυσαν</span> 
     </span>
     <span class='ocr_line' id='line_1_27' title="bbox 247 2285 491 2347; baseline 0.004 -17"><span class='ocrx_word' id='word_1_204' title='bbox 247 2285 316 2330; x_wconf 79' lang='grc' dir='ltr'><strong>τὸν</strong></span> <span class='ocrx_word' id='word_1_205' title='bbox 341 2285 491 2347; x_wconf 75' lang='grc' dir='ltr'>δῆμον.</span> 
     </span>
    </p>

    <p class='ocr_par' dir='ltr' id='par_1_7' title="bbox 245 2356 1535 2498">
     <span class='ocr_line' id='line_1_28' title="bbox 310 2356 1535 2436; baseline 0.001 -30"><span class='ocrx_word' id='word_1_206' title='bbox 310 2359 417 2413; x_wconf 88' lang='lat' dir='ltr'>VII,</span> <span class='ocrx_word' id='word_1_207' title='bbox 445 2356 549 2413; x_wconf 76' lang='lat'><strong>5‚‘&#39;⁴</strong></span> <span class='ocrx_word' id='word_1_208' title='bbox 531 2391 546 2416; x_wconf 68' lang='lat' dir='ltr'><em>s</em></span> <span class='ocrx_word' id='word_1_209' title='bbox 579 2357 878 2416; x_wconf 75' lang='grc' dir='ltr'>εΠλήΘουςδὲ</span> <span class='ocrx_word' id='word_1_210' title='bbox 903 2358 1171 2425; x_wconf 77' lang='grc' dir='ltr'>ὑπάρχοντος</span> <span class='ocrx_word' id='word_1_211' title='bbox 1202 2359 1461 2436; x_wconf 86' lang='grc' dir='ltr'>περιοίκων</span> <span class='ocrx_word' id='word_1_212' title='bbox 1459 2359 1535 2407; x_wconf 77' lang='grc' dir='ltr'><strong>καὶ</strong></span> 
     </span>
     <span class='ocr_line' id='line_1_29' title="bbox 245 2427 1535 2498; baseline 0.006 -26"><span class='ocrx_word' id='word_1_213' title='bbox 245 2447 292 2473; x_wconf 82' lang='grc' dir='ltr'><strong>τι</strong></span> <span class='ocrx_word' id='word_1_214' title='bbox 293 2447 328 2472; x_wconf 82' lang='grc' dir='ltr'><strong>ιν</strong></span> <span class='ocrx_word' id='word_1_215' title='bbox 348 2427 427 2485; x_wconf 83' lang='grc' dir='ltr'><strong>τὴν</strong></span> <span class='ocrx_word' id='word_1_216' title='bbox 450 2428 595 2492; x_wconf 84' lang='grc' dir='ltr'>χώραν</span> <span class='ocrx_word' id='word_1_217' title='bbox 609 2431 932 2495; x_wconf 84' lang='grc' dir='ltr'>γεωργούντων,</span> <span class='ocrx_word' id='word_1_218' title='bbox 948 2433 1191 2498; x_wconf 70' lang='grc' dir='ltr'>ἀφθονίαν</span> <span class='ocrx_word' id='word_1_219' title='bbox 1168 2436 1402 2496; x_wconf 87' lang='grc' dir='ltr'>αναγκαῖον</span> <span class='ocrx_word' id='word_1_220' title='bbox 1425 2437 1535 2481; x_wconf 89' lang='grc' dir='ltr'>εἰναι</span> 
     </span>
    </p>
   </div>
   <div class='ocr_carea' id='block_1_4' title="bbox 243 2471 2962 2627">
    <p class='ocr_par' dir='ltr' id='par_1_8' title="bbox 243 2471 2962 2621">
     <span class='ocr_line' id='line_1_30' title="bbox 749 2471 2930 2539; baseline 0.002 -5"><span class='ocrx_word' id='word_1_221' title='bbox 749 2471 2897 2539; x_wconf 57' lang='lat'>——-————..—&#39;--—...-:-——&#39;-—..—...—.2..</span> <span class='ocrx_word' id='word_1_222' title='bbox 2918 2507 2930 2536; x_wconf 67' lang='lat'><strong>‹1-</strong></span> 
     </span>
     <span class='ocr_line' id='line_1_31' title="bbox 243 2562 2962 2627; baseline 0.004 -26"><span class='ocrx_word' id='word_1_223' title='bbox 243 2563 436 2603; x_wconf 69' lang='lat' dir='ltr'><strong>eoloniam</strong></span> <span class='ocrx_word' id='word_1_224' title='bbox 456 2575 503 2604; x_wconf 85' lang='lat' dir='ltr'><strong>eo</strong></span> <span class='ocrx_word' id='word_1_225' title='bbox 528 2565 713 2619; x_wconf 78' lang='lat' dir='ltr'><strong>deduxit,</strong></span> <span class='ocrx_word' id='word_1_226' title='bbox 744 2569 804 2608; x_wconf 89' lang='lat' dir='ltr'><strong>uti</strong></span> <span class='ocrx_word' id='word_1_227' title='bbox 832 2569 956 2608; x_wconf 81' lang='lat' dir='ltr'><strong>tradit</strong></span> <span class='ocrx_word' id='word_1_228' title='bbox 985 2570 1214 2610; x_wconf 85' lang='lat' dir='ltr'><strong>Aristoteles</strong></span> <span class='ocrx_word' id='word_1_229' title='bbox 1242 2571 1284 2618; x_wconf 81' lang='lat' dir='ltr'><strong>in</strong></span> <span class='ocrx_word' id='word_1_230' title='bbox 1314 2571 1530 2611; x_wconf 84' lang='lat' dir='ltr'>Cianorum</span> <span class='ocrx_word' id='word_1_231' title='bbox 1612 2571 1775 2612; x_wconf 86' lang='lat' dir='ltr'>Nobiles</span> <span class='ocrx_word' id='word_1_232' title='bbox 1793 2572 1902 2611; x_wconf 90' lang='lat' dir='ltr'><strong>enim</strong></span> <span class='ocrx_word' id='word_1_233' title='bbox 1921 2571 2068 2621; x_wconf 89' lang='lat' dir='ltr'><strong>injuria</strong></span> <span class='ocrx_word' id='word_1_234' title='bbox 2086 2571 2221 2612; x_wconf 79' lang='lat' dir='ltr'><strong>affecti</strong></span> <span class='ocrx_word' id='word_1_235' title='bbox 2254 2572 2362 2612; x_wconf 81' lang='lat' dir='ltr'><strong>exire</strong></span> <span class='ocrx_word' id='word_1_236' title='bbox 2379 2583 2415 2612; x_wconf 90' lang='grc'>6</span> <span class='ocrx_word' id='word_1_237' title='bbox 2441 2570 2607 2612; x_wconf 82' lang='lat' dir='ltr'><strong>civitate</strong></span> <span class='ocrx_word' id='word_1_238' title='bbox 2637 2571 2769 2612; x_wconf 77' lang='lat' dir='ltr'><strong>coacti</strong></span> <span class='ocrx_word' id='word_1_239' title='bbox 2787 2573 2893 2613; x_wconf 85' lang='lat' dir='ltr'><strong>sunt</strong></span> <span class='ocrx_word' id='word_1_240' title='bbox 2895 2562 2927 2627; x_wconf 67' lang='lat'><strong>³}-</strong></span> <span class='ocrx_word' id='word_1_241' title='bbox 2960 2617 2962 2619; x_wconf 48' lang='grc'>,</span> 
     </span>
    </p>
   </div>
   <div class='ocr_carea' id='block_1_5' title="bbox 245 2630 1531 2731">
    <p class='ocr_par' dir='ltr' id='par_1_9' title="bbox 245 2630 1531 2731">
     <span class='ocr_line' id='line_1_32' title="bbox 245 2630 1531 2686; baseline 0.009 -23"><span class='ocrx_word' id='word_1_242' title='bbox 245 2638 327 2676; x_wconf 82' lang='lat' dir='ltr'><strong>rep.</strong></span> <span class='ocrx_word' id='word_1_243' title='bbox 367 2630 569 2670; x_wconf 76' lang='lat' dir='ltr'><strong>incoluere</strong></span> <span class='ocrx_word' id='word_1_244' title='bbox 599 2643 686 2672; x_wconf 89' lang='lat' dir='ltr'><strong>eam</strong></span> <span class='ocrx_word' id='word_1_245' title='bbox 717 2633 894 2683; x_wconf 86' lang='lat' dir='ltr'><strong>primum</strong></span> <span class='ocrx_word' id='word_1_246' title='bbox 923 2636 1048 2686; x_wconf 82' lang='lat' dir='ltr'>Mysi,</span> <span class='ocrx_word' id='word_1_247' title='bbox 1081 2635 1224 2676; x_wconf 88' lang='lat' dir='ltr'><strong>deinde</strong></span> <span class='ocrx_word' id='word_1_248' title='bbox 1252 2637 1398 2686; x_wconf 86' lang='lat' dir='ltr'><strong>Cares,</strong></span> <span class='ocrx_word' id='word_1_249' title='bbox 1422 2637 1531 2677; x_wconf 85' lang='lat' dir='ltr'><strong>tertii</strong></span> 
     </span>
     <span class='ocr_line' id='line_1_33' title="bbox 246 2692 398 2731; baseline 0.015 -2"><span class='ocrx_word' id='word_1_250' title='bbox 246 2692 398 2731; x_wconf 79' lang='lat' dir='ltr'><strong>Milesii.</strong></span> 
     </span>
    </p>
   </div>
   <div class='ocr_carea' id='block_1_6' title="bbox 346 2781 1432 2937">
    <p class='ocr_par' dir='ltr' id='par_1_10' title="bbox 346 2781 1432 2937">
     <span class='ocr_line' id='line_1_34' title="bbox 346 2781 1432 2852; baseline 0.008 -24"><span class='ocrx_word' id='word_1_251' title='bbox 346 2781 363 2841; x_wconf 90' lang='lat'>[</span> <span class='ocrx_word' id='word_1_252' title='bbox 379 2782 416 2829; x_wconf 86' lang='lat' dir='ltr'>H</span> <span class='ocrx_word' id='word_1_253' title='bbox 427 2783 746 2834; x_wconf 76' lang='lat' dir='ltr'>ERACLEOT</span> <span class='ocrx_word' id='word_1_254' title='bbox 749 2791 784 2835; x_wconf 82' lang='lat' dir='ltr'>A</span> <span class='ocrx_word' id='word_1_255' title='bbox 793 2789 930 2837; x_wconf 79' lang='lat' dir='ltr'><strong>RUM</strong></span> <span class='ocrx_word' id='word_1_256' title='bbox 956 2789 1394 2838; x_wconf 84' lang='lat' dir='ltr'><strong>PONTICORUM.</strong></span> <span class='ocrx_word' id='word_1_257' title='bbox 1413 2789 1432 2852; x_wconf 93' lang='lat'>]</span> 
     </span>
     <span class='ocr_line' id='line_1_35' title="bbox 814 2884 950 2937; baseline 0.022 -14"><span class='ocrx_word' id='word_1_258' title='bbox 814 2884 950 2937; x_wconf 67' lang='lat' dir='ltr'><strong>[iss]</strong></span> 
     </span>
    </p>
   </div>
   <div class='ocr_carea' id='block_1_7' title="bbox 247 2969 1535 4243">
    <p class='ocr_par' dir='ltr' id='par_1_11' title="bbox 247 2969 1531 3225">
     <span class='ocr_line' id='line_1_36' title="bbox 299 2969 1529 3032; baseline 0.011 -26"><span class='ocrx_word' id='word_1_259' title='bbox 299 2969 312 3018; x_wconf 85' lang='grc'>[</span> <span class='ocrx_word' id='word_1_260' title='bbox 329 2972 558 3021; x_wconf 81' lang='lat' dir='ltr'><strong>Demagogia</strong></span> <span class='ocrx_word' id='word_1_261' title='bbox 571 2975 682 3015; x_wconf 72' lang='lat' dir='ltr'><strong>facile</strong></span> <span class='ocrx_word' id='word_1_262' title='bbox 699 2977 876 3018; x_wconf 87' lang='lat' dir='ltr'><strong>laborant</strong></span> <span class='ocrx_word' id='word_1_263' title='bbox 886 2990 944 3019; x_wconf 84' lang='lat' dir='ltr'><strong>eae</strong></span> <span class='ocrx_word' id='word_1_264' title='bbox 960 2981 1185 3030; x_wconf 79' lang='lat' dir='ltr'><strong>oligarchiae</strong></span> <span class='ocrx_word' id='word_1_265' title='bbox 1197 2982 1267 3021; x_wconf 90' lang='lat' dir='ltr'><strong>ubi</strong></span> <span class='ocrx_word' id='word_1_266' title='bbox 1285 2983 1406 3022; x_wconf 83' lang='lat' dir='ltr'><strong>rebus</strong></span> <span class='ocrx_word' id='word_1_267' title='bbox 1419 2980 1529 3032; x_wconf 89' lang='lat' dir='ltr'><strong>judi-</strong></span> 
     </span>
     <span class='ocr_line' id='line_1_37' title="bbox 247 3032 1530 3093; baseline 0.012 -25"><span class='ocrx_word' id='word_1_268' title='bbox 247 3032 380 3072; x_wconf 78' lang='lat' dir='ltr'><strong>‹·amlis</strong></span> <span class='ocrx_word' id='word_1_269' title='bbox 394 3039 472 3073; x_wconf 80' lang='lat' dir='ltr'><strong>non</strong></span> <span class='ocrx_word' id='word_1_270' title='bbox 496 3042 670 3085; x_wconf 83' lang='lat' dir='ltr'><strong>praesunt</strong></span> <span class='ocrx_word' id='word_1_271' title='bbox 692 3041 717 3078; x_wconf 92' lang='lat' dir='ltr'><strong>ii</strong></span> <span class='ocrx_word' id='word_1_272' title='bbox 739 3043 806 3091; x_wconf 83' lang='lat' dir='ltr'><strong>qni</strong></span> <span class='ocrx_word' id='word_1_273' title='bbox 823 3044 1108 3093; x_wconf 80' lang='lat' dir='ltr'><strong>rempublicam</strong></span> <span class='ocrx_word' id='word_1_274' title='bbox 1134 3045 1426 3086; x_wconf 88' lang='lat' dir='ltr'><strong>administrant.</strong></span> <span class='ocrx_word' id='word_1_275' title='bbox 1450 3048 1530 3086; x_wconf 89' lang='lat' dir='ltr'><strong>Co-</strong></span> 
     </span>
     <span class='ocr_line' id='line_1_38' title="bbox 250 3097 1531 3160; baseline 0.012 -27"><span class='ocrx_word' id='word_1_276' title='bbox 250 3097 372 3136; x_wconf 64' lang='lat' dir='ltr'><strong>mites</strong></span> <span class='ocrx_word' id='word_1_277' title='bbox 390 3098 494 3137; x_wconf 82' lang='grc'>6111111</span> <span class='ocrx_word' id='word_1_278' title='bbox 515 3102 701 3150; x_wconf 82' lang='lat' dir='ltr'><strong>populum</strong></span> <span class='ocrx_word' id='word_1_279' title='bbox 719 3103 955 3152; x_wconf 80' lang='lat' dir='ltr'><strong>judiciorum</strong></span> <span class='ocrx_word' id='word_1_280' title='bbox 975 3109 1100 3157; x_wconf 83' lang='lat' dir='ltr'><strong>gratia</strong></span> <span class='ocrx_word' id='word_1_281' title='bbox 1127 3110 1358 3160; x_wconf 83' lang='lat' dir='ltr'><strong>reipublicae</strong></span> <span class='ocrx_word' id='word_1_282' title='bbox 1380 3111 1531 3150; x_wconf 81' lang='lat' dir='ltr'><strong>statum</strong></span> 
     </span>
     <span class='ocr_line' id='line_1_39' title="bbox 249 3163 1443 3225; baseline 0.014 -28"><span class='ocrx_word' id='word_1_283' title='bbox 249 3163 426 3208; x_wconf 74' lang='lat' dir='ltr'><strong>imitant,</strong></span> <span class='ocrx_word' id='word_1_284' title='bbox 446 3164 552 3212; x_wconf 78' lang='lat' dir='ltr'><strong>quod</strong></span> <span class='ocrx_word' id='word_1_285' title='bbox 570 3167 609 3204; x_wconf 72' lang='lat' dir='ltr'><strong>ot</strong></span> <span class='ocrx_word' id='word_1_286' title='bbox 629 3169 850 3220; x_wconf 78' lang='lat' dir='ltr'>Heracleae,</span> <span class='ocrx_word' id='word_1_287' title='bbox 868 3183 957 3221; x_wconf 81' lang='lat' dir='ltr'><strong>quac</strong></span> <span class='ocrx_word' id='word_1_288' title='bbox 974 3173 1014 3211; x_wconf 90' lang='grc'><strong>111</strong></span> <span class='ocrx_word' id='word_1_289' title='bbox 1035 3176 1162 3214; x_wconf 88' lang='lat' dir='ltr'><strong>Ponto</strong></span> <span class='ocrx_word' id='word_1_290' title='bbox 1180 3176 1263 3225; x_wconf 88' lang='lat' dir='ltr'><strong>est,</strong></span> <span class='ocrx_word' id='word_1_291' title='bbox 1284 3174 1443 3214; x_wconf 87' lang='lat' dir='ltr'><strong>accidit.</strong></span> 
     </span>
    </p>

    <p class='ocr_par' dir='ltr' id='par_1_12' title="bbox 248 3226 1535 3982">
     <span class='ocr_line' id='line_1_40' title="bbox 303 3226 1533 3288; baseline 0.013 -27"><span class='ocrx_word' id='word_1_292' title='bbox 303 3226 504 3265; x_wconf 76' lang='lat' dir='ltr'><strong>lnterdum</strong></span> <span class='ocrx_word' id='word_1_293' title='bbox 533 3229 635 3268; x_wconf 87' lang='lat' dir='ltr'><strong>enim</strong></span> <span class='ocrx_word' id='word_1_294' title='bbox 663 3231 712 3269; x_wconf 89' lang='lat' dir='ltr'><strong>ab</strong></span> <span class='ocrx_word' id='word_1_295' title='bbox 740 3234 832 3282; x_wconf 83' lang='lat' dir='ltr'><strong>ipsis</strong></span> <span class='ocrx_word' id='word_1_296' title='bbox 862 3234 1073 3286; x_wconf 87' lang='lat' dir='ltr'><strong>divitibus,</strong></span> <span class='ocrx_word' id='word_1_297' title='bbox 1101 3248 1182 3277; x_wconf 92' lang='lat' dir='ltr'><strong>non</strong></span> <span class='ocrx_word' id='word_1_298' title='bbox 1208 3238 1255 3278; x_wconf 90' lang='lat' dir='ltr'><strong>iis</strong></span> <span class='ocrx_word' id='word_1_299' title='bbox 1277 3240 1434 3288; x_wconf 87' lang='lat' dir='ltr'><strong>tamen,</strong></span> <span class='ocrx_word' id='word_1_300' title='bbox 1464 3239 1533 3288; x_wconf 84' lang='lat' dir='ltr'><strong>qui</strong></span> 
     </span>
     <span class='ocr_line' id='line_1_41' title="bbox 250 3290 1531 3354; baseline 0.016 -31"><span class='ocrx_word' id='word_1_301' title='bbox 250 3290 421 3336; x_wconf 78' lang='lat' dir='ltr'><strong>provecti</strong></span> <span class='ocrx_word' id='word_1_302' title='bbox 437 3293 530 3330; x_wconf 86' lang='lat' dir='ltr'><strong>sunt</strong></span> <span class='ocrx_word' id='word_1_303' title='bbox 542 3292 590 3330; x_wconf 85' lang='lat' dir='ltr'><strong>ad</strong></span> <span class='ocrx_word' id='word_1_304' title='bbox 609 3296 877 3347; x_wconf 69' lang='lat' dir='ltr'><strong>magistratus,</strong></span> <span class='ocrx_word' id='word_1_305' title='bbox 896 3301 1069 3340; x_wconf 89' lang='lat' dir='ltr'><strong>nascitur</strong></span> <span class='ocrx_word' id='word_1_306' title='bbox 1084 3303 1307 3353; x_wconf 83' lang='lat' dir='ltr'><strong>oligarchiae</strong></span> <span class='ocrx_word' id='word_1_307' title='bbox 1322 3304 1508 3343; x_wconf 87' lang='lat' dir='ltr'><strong>interitus</strong></span> <span class='ocrx_word' id='word_1_308' title='bbox 1519 3334 1531 3354; x_wconf 94' lang='lat'>,</span> 
     </span>
     <span class='ocr_line' id='line_1_42' title="bbox 250 3354 1530 3417; baseline 0.017 -30"><span class='ocrx_word' id='word_1_309' title='bbox 250 3362 373 3400; x_wconf 78' lang='lat' dir='ltr'><strong>quum</strong></span> <span class='ocrx_word' id='word_1_310' title='bbox 396 3354 509 3393; x_wconf 85' lang='lat' dir='ltr'><strong>valde</strong></span> <span class='ocrx_word' id='word_1_311' title='bbox 528 3357 640 3404; x_wconf 81' lang='lat' dir='ltr'><strong>pauci</strong></span> <span class='ocrx_word' id='word_1_312' title='bbox 655 3360 767 3398; x_wconf 88' lang='lat' dir='ltr'><strong>sunt</strong></span> <span class='ocrx_word' id='word_1_313' title='bbox 759 3360 783 3398; x_wconf 92' lang='grc'><strong>11</strong></span> <span class='ocrx_word' id='word_1_314' title='bbox 800 3362 866 3410; x_wconf 85' lang='lat' dir='ltr'><strong>qui</strong></span> <span class='ocrx_word' id='word_1_315' title='bbox 884 3363 1097 3405; x_wconf 81' lang='lat' dir='ltr'><strong>bonoribus</strong></span> <span class='ocrx_word' id='word_1_316' title='bbox 1117 3367 1347 3417; x_wconf 81' lang='lat' dir='ltr'><strong>fungantur,</strong></span> <span class='ocrx_word' id='word_1_317' title='bbox 1362 3369 1408 3406; x_wconf 90' lang='lat' dir='ltr'><strong>ut</strong></span> <span class='ocrx_word' id='word_1_318' title='bbox 1424 3369 1530 3407; x_wconf 84' lang='lat' dir='ltr'><strong>Mas-</strong></span> 
     </span>
     <span class='ocr_line' id='line_1_43' title="bbox 248 3416 1532 3472; baseline 0.014 -20"><span class='ocrx_word' id='word_1_319' title='bbox 248 3416 346 3455; x_wconf 68' lang='lat' dir='ltr'><strong>silim</strong></span> <span class='ocrx_word' id='word_1_320' title='bbox 363 3419 402 3456; x_wconf 86' lang='lat' dir='ltr'><strong>et</strong></span> <span class='ocrx_word' id='word_1_321' title='bbox 433 3421 519 3458; x_wconf 86' lang='lat' dir='ltr'><strong>lstri</strong></span> <span class='ocrx_word' id='word_1_322' title='bbox 548 3423 587 3459; x_wconf 89' lang='lat' dir='ltr'><strong>et</strong></span> <span class='ocrx_word' id='word_1_323' title='bbox 622 3425 816 3464; x_wconf 73' lang='lat' dir='ltr'><strong>llcraelooe</strong></span> <span class='ocrx_word' id='word_1_324' title='bbox 833 3430 872 3466; x_wconf 89' lang='lat' dir='ltr'><strong>et</strong></span> <span class='ocrx_word' id='word_1_325' title='bbox 892 3428 931 3466; x_wconf 89' lang='lat' dir='ltr'><strong>in</strong></span> <span class='ocrx_word' id='word_1_326' title='bbox 956 3430 1042 3469; x_wconf 85' lang='lat' dir='ltr'><strong>aliis</strong></span> <span class='ocrx_word' id='word_1_327' title='bbox 1063 3432 1229 3471; x_wconf 81' lang='lat' dir='ltr'><strong>urbibus</strong></span> <span class='ocrx_word' id='word_1_328' title='bbox 1251 3432 1412 3472; x_wconf 83' lang='lat' dir='ltr'><strong>accidit.</strong></span> <span class='ocrx_word' id='word_1_329' title='bbox 1431 3434 1532 3472; x_wconf 86' lang='lat' dir='ltr'><strong>Nam</strong></span> 
     </span>
     <span class='ocr_line' id='line_1_44' title="bbox 249 3482 1532 3544; baseline 0.014 -27"><span class='ocrx_word' id='word_1_330' title='bbox 249 3482 316 3530; x_wconf 77' lang='lat' dir='ltr'><strong>qui</strong></span> <span class='ocrx_word' id='word_1_331' title='bbox 336 3483 631 3531; x_wconf 62' lang='lat' dir='ltr'><strong>magistratuum</strong></span> <span class='ocrx_word' id='word_1_332' title='bbox 647 3489 850 3539; x_wconf 74' lang='lat' dir='ltr'><strong>participes</strong></span> <span class='ocrx_word' id='word_1_333' title='bbox 864 3503 940 3531; x_wconf 86' lang='lat' dir='ltr'><strong>non</strong></span> <span class='ocrx_word' id='word_1_334' title='bbox 957 3496 1091 3544; x_wconf 74' lang='lat' dir='ltr'><strong>erant,</strong></span> <span class='ocrx_word' id='word_1_335' title='bbox 1110 3496 1227 3535; x_wconf 89' lang='lat' dir='ltr'><strong>rebus</strong></span> <span class='ocrx_word' id='word_1_336' title='bbox 1242 3496 1437 3536; x_wconf 89' lang='lat' dir='ltr'><strong>novandis</strong></span> <span class='ocrx_word' id='word_1_337' title='bbox 1452 3498 1532 3535; x_wconf 87' lang='lat' dir='ltr'><strong>stu-</strong></span> 
     </span>
     <span class='ocr_line' id='line_1_45' title="bbox 249 3545 1534 3608; baseline 0.017 -29"><span class='ocrx_word' id='word_1_338' title='bbox 249 3545 434 3595; x_wconf 80' lang='lat' dir='ltr'><strong>duerunt,</strong></span> <span class='ocrx_word' id='word_1_339' title='bbox 447 3548 676 3597; x_wconf 77' lang='lat' dir='ltr'><strong>usquedum</strong></span> <span class='ocrx_word' id='word_1_340' title='bbox 689 3551 757 3600; x_wconf 82' lang='lat' dir='ltr'><strong>ipsi</strong></span> <span class='ocrx_word' id='word_1_341' title='bbox 777 3554 896 3593; x_wconf 84' lang='lat' dir='ltr'><strong>etiam</strong></span> <span class='ocrx_word' id='word_1_342' title='bbox 926 3558 1133 3608; x_wconf 78' lang='lat' dir='ltr'><strong>participes</strong></span> <span class='ocrx_word' id='word_1_343' title='bbox 1150 3559 1242 3598; x_wconf 82' lang='lat' dir='ltr'><strong>sacti</strong></span> <span class='ocrx_word' id='word_1_344' title='bbox 1256 3562 1349 3599; x_wconf 89' lang='lat' dir='ltr'><strong>sunt</strong></span> <span class='ocrx_word' id='word_1_345' title='bbox 1365 3576 1377 3599; x_wconf 74' lang='grc' dir='ltr'><em>τ</em></span> <span class='ocrx_word' id='word_1_346' title='bbox 1394 3561 1534 3600; x_wconf 84' lang='lat' dir='ltr'><strong>fratres</strong></span> 
     </span>
     <span class='ocr_line' id='line_1_46' title="bbox 249 3609 1531 3667; baseline 0.016 -23"><span class='ocrx_word' id='word_1_347' title='bbox 249 3609 409 3656; x_wconf 67' lang='lat' dir='ltr'><strong>culidem</strong></span> <span class='ocrx_word' id='word_1_348' title='bbox 424 3610 592 3659; x_wconf 78' lang='lat' dir='ltr'><strong>majores</strong></span> <span class='ocrx_word' id='word_1_349' title='bbox 615 3616 706 3651; x_wconf 86' lang='lat' dir='ltr'><strong>natu</strong></span> <span class='ocrx_word' id='word_1_350' title='bbox 726 3616 844 3664; x_wconf 68' lang='lat' dir='ltr'><strong>prius»,</strong></span> <span class='ocrx_word' id='word_1_351' title='bbox 865 3621 1056 3667; x_wconf 81' lang='lat' dir='ltr'><strong>posterius</strong></span> <span class='ocrx_word' id='word_1_352' title='bbox 1067 3633 1163 3661; x_wconf 87' lang='lat' dir='ltr'><strong>vcro</strong></span> <span class='ocrx_word' id='word_1_353' title='bbox 1179 3622 1323 3662; x_wconf 87' lang='lat' dir='ltr'><strong>iterum</strong></span> <span class='ocrx_word' id='word_1_354' title='bbox 1343 3625 1531 3663; x_wconf 84' lang='lat' dir='ltr'><strong>minores.</strong></span> 
     </span>
     <span class='ocr_line' id='line_1_47' title="bbox 251 3673 1535 3727; baseline 0.016 -19"><span class='ocrx_word' id='word_1_355' title='bbox 251 3673 336 3710; x_wconf 87' lang='lat' dir='ltr'><strong>Non</strong></span> <span class='ocrx_word' id='word_1_356' title='bbox 361 3673 464 3711; x_wconf 86' lang='lat' dir='ltr'><strong>enim</strong></span> <span class='ocrx_word' id='word_1_357' title='bbox 497 3676 767 3724; x_wconf 73' lang='lat' dir='ltr'><strong>magistratum</strong></span> <span class='ocrx_word' id='word_1_358' title='bbox 796 3680 909 3720; x_wconf 88' lang='lat' dir='ltr'><strong>simul</strong></span> <span class='ocrx_word' id='word_1_359' title='bbox 931 3682 1110 3724; x_wconf 76' lang='lat' dir='ltr'><strong>obtinent</strong></span> <span class='ocrx_word' id='word_1_360' title='bbox 1140 3685 1179 3724; x_wconf 92' lang='lat' dir='ltr'><strong>in</strong></span> <span class='ocrx_word' id='word_1_361' title='bbox 1211 3687 1412 3726; x_wconf 89' lang='lat' dir='ltr'><strong>nonnullis</strong></span> <span class='ocrx_word' id='word_1_362' title='bbox 1438 3688 1535 3727; x_wconf 80' lang='lat' dir='ltr'><strong>locis</strong></span> 
     </span>
     <span class='ocr_line' id='line_1_48' title="bbox 252 3736 1530 3799; baseline 0.017 -29"><span class='ocrx_word' id='word_1_363' title='bbox 252 3738 363 3782; x_wconf 76' lang='lat' dir='ltr'><strong>pater</strong></span> <span class='ocrx_word' id='word_1_364' title='bbox 382 3738 420 3775; x_wconf 79' lang='grc'><strong>61</strong></span> <span class='ocrx_word' id='word_1_365' title='bbox 438 3736 572 3776; x_wconf 86' lang='lat' dir='ltr'><strong>lilius:</strong></span> <span class='ocrx_word' id='word_1_366' title='bbox 599 3740 636 3777; x_wconf 89' lang='lat' dir='ltr'><strong>in</strong></span> <span class='ocrx_word' id='word_1_367' title='bbox 664 3741 899 3789; x_wconf 80' lang='lat' dir='ltr'><strong>quibusdam</strong></span> <span class='ocrx_word' id='word_1_368' title='bbox 918 3746 1036 3785; x_wconf 80' lang='lat' dir='ltr'><strong>irater</strong></span> <span class='ocrx_word' id='word_1_369' title='bbox 1052 3749 1148 3787; x_wconf 85' lang='lat' dir='ltr'><strong>natu</strong></span> <span class='ocrx_word' id='word_1_370' title='bbox 1171 3749 1297 3799; x_wconf 86' lang='lat' dir='ltr'><strong>major</strong></span> <span class='ocrx_word' id='word_1_371' title='bbox 1323 3752 1366 3790; x_wconf 88' lang='lat' dir='ltr'><strong>et</strong></span> <span class='ocrx_word' id='word_1_372' title='bbox 1386 3751 1530 3791; x_wconf 87' lang='lat' dir='ltr'><strong>minor.</strong></span> 
     </span>
     <span class='ocr_line' id='line_1_49' title="bbox 252 3799 1532 3863; baseline 0.014 -27.13"><span class='ocrx_word' id='word_1_373' title='bbox 252 3799 379 3847; x_wconf 76' lang='lat' dir='ltr'><strong>Atque</strong></span> <span class='ocrx_word' id='word_1_374' title='bbox 390 3800 568 3840; x_wconf 61' lang='lat' dir='ltr'><strong>massiliae</strong></span> <span class='ocrx_word' id='word_1_375' title='bbox 584 3803 701 3851; x_wconf 73' lang='lat' dir='ltr'><strong>quid(</strong></span> <span class='ocrx_word' id='word_1_376' title='bbox 706 3815 743 3842; x_wconf 89' lang='lat' dir='ltr'><strong>m</strong></span> <span class='ocrx_word' id='word_1_377' title='bbox 760 3806 981 3855; x_wconf 78' lang='lat' dir='ltr'><strong>reipublicae</strong></span> <span class='ocrx_word' id='word_1_378' title='bbox 1000 3810 1286 3852; x_wconf 84' lang='lat' dir='ltr'><strong>administratio</strong></span> <span class='ocrx_word' id='word_1_379' title='bbox 1295 3814 1465 3863; x_wconf 80' lang='lat' dir='ltr'><strong>politicae</strong></span> <span class='ocrx_word' id='word_1_380' title='bbox 1477 3815 1532 3855; x_wconf 88' lang='lat' dir='ltr'><strong>si-</strong></span> 
     </span>
     <span class='ocr_line' id='line_1_50' title="bbox 253 3861 1534 3918; baseline 0.017 -21"><span class='ocrx_word' id='word_1_381' title='bbox 253 3861 381 3900; x_wconf 81' lang='lat' dir='ltr'><strong>milior</strong></span> <span class='ocrx_word' id='word_1_382' title='bbox 399 3864 486 3902; x_wconf 78' lang='lat' dir='ltr'><strong>fact.</strong></span> <span class='ocrx_word' id='word_1_383' title='bbox 480 3875 500 3901; x_wconf 88' lang='grc'><strong>1</strong></span> <span class='ocrx_word' id='word_1_384' title='bbox 517 3866 703 3912; x_wconf 77' lang='lat' dir='ltr'><strong>est‚1st=i</strong></span> <span class='ocrx_word' id='word_1_385' title='bbox 731 3879 824 3906; x_wconf 83' lang='lat' dir='ltr'><strong>vero</strong></span> <span class='ocrx_word' id='word_1_386' title='bbox 843 3870 880 3907; x_wconf 89' lang='grc'><strong>111</strong></span> <span class='ocrx_word' id='word_1_387' title='bbox 899 3870 1178 3914; x_wconf 84' lang='lat' dir='ltr'><strong>democratiam</strong></span> <span class='ocrx_word' id='word_1_388' title='bbox 1195 3877 1330 3916; x_wconf 82' lang='lat' dir='ltr'><strong>evasit.</strong></span> <span class='ocrx_word' id='word_1_389' title='bbox 1347 3879 1399 3917; x_wconf 83' lang='lat' dir='ltr'><strong>At</strong></span> <span class='ocrx_word' id='word_1_390' title='bbox 1412 3879 1534 3918; x_wconf 82' lang='lat' dir='ltr'><strong>Hera-</strong></span> 
     </span>
     <span class='ocr_line' id='line_1_51' title="bbox 251 3926 1479 3982; baseline 0.017 -21"><span class='ocrx_word' id='word_1_391' title='bbox 251 3939 271 3960; x_wconf 82' lang='lat'><strong>‹·</strong></span> <span class='ocrx_word' id='word_1_392' title='bbox 277 3926 310 3963; x_wconf 75' lang='grc'><strong>11·</strong></span> <span class='ocrx_word' id='word_1_393' title='bbox 313 3938 346 3962; x_wconf 80' lang='lat' dir='ltr'><strong>w.</strong></span> <span class='ocrx_word' id='word_1_394' title='bbox 365 3939 388 3965; x_wconf 88' lang='grc' dir='ltr'><strong>ιι</strong></span> <span class='ocrx_word' id='word_1_395' title='bbox 408 3938 442 3976; x_wconf 81' lang='lat' dir='ltr'>p</span> <span class='ocrx_word' id='word_1_396' title='bbox 436 3929 658 3968; x_wconf 67' lang='lat' dir='ltr'><strong>‘tucioribus</strong></span> <span class='ocrx_word' id='word_1_397' title='bbox 679 3933 902 3980; x_wconf 70' lang='lat' dir='ltr'><strong>potentibus</strong></span> <span class='ocrx_word' id='word_1_398' title='bbox 917 3935 965 3973; x_wconf 89' lang='lat' dir='ltr'><strong>ad</strong></span> <span class='ocrx_word' id='word_1_399' title='bbox 981 3941 1186 3978; x_wconf 85' lang='lat' dir='ltr'><strong>sexcentos</strong></span> <span class='ocrx_word' id='word_1_400' title='bbox 1201 3941 1392 3981; x_wconf 79' lang='lat' dir='ltr'><strong>translata</strong></span> <span class='ocrx_word' id='word_1_401' title='bbox 1408 3944 1479 3982; x_wconf 86' lang='lat' dir='ltr'><strong>est.</strong></span> 
     </span>
    </p>

    <p class='ocr_par' dir='ltr' id='par_1_13' title="bbox 251 3992 1534 4097">
     <span class='ocr_line' id='line_1_52' title="bbox 303 3992 1534 4053; baseline 0.016 -25"><span class='ocrx_word' id='word_1_402' title='bbox 303 3992 472 4042; x_wconf 70' lang='lat' dir='ltr'><strong>seditio,</strong></span> <span class='ocrx_word' id='word_1_403' title='bbox 508 4005 600 4043; x_wconf 73' lang='lat' dir='ltr'><strong>qnae</strong></span> <span class='ocrx_word' id='word_1_404' title='bbox 635 3997 833 4037; x_wconf 74' lang='lat' dir='ltr'><strong>lloracleoe</strong></span> <span class='ocrx_word' id='word_1_405' title='bbox 864 4001 1030 4050; x_wconf 80' lang='lat' dir='ltr'><strong>exarsit,</strong></span> <span class='ocrx_word' id='word_1_406' title='bbox 1062 4013 1110 4041; x_wconf 85' lang='lat' dir='ltr'><strong>ex</strong></span> <span class='ocrx_word' id='word_1_407' title='bbox 1138 4004 1309 4053; x_wconf 78' lang='lat' dir='ltr'><strong>iudiciali</strong></span> <span class='ocrx_word' id='word_1_408' title='bbox 1340 4007 1534 4047; x_wconf 83' lang='lat' dir='ltr'><strong>sententia</strong></span> 
     </span>
     <span class='ocr_line' id='line_1_53' title="bbox 251 4060 422 4097; baseline 0.035 -6"><span class='ocrx_word' id='word_1_409' title='bbox 251 4060 336 4094; x_wconf 77' lang='lat' dir='ltr'><strong>orla</strong></span> <span class='ocrx_word' id='word_1_410' title='bbox 354 4061 422 4097; x_wconf 78' lang='lat' dir='ltr'><strong>‹·sl.</strong></span> 
     </span>
    </p>

    <p class='ocr_par' dir='ltr' id='par_1_14' title="bbox 254 4120 1533 4243">
     <span class='ocr_line' id='line_1_54' title="bbox 307 4120 1533 4176; baseline 0.013 -17"><span class='ocrx_word' id='word_1_411' title='bbox 307 4122 503 4160; x_wconf 65' lang='lat' dir='ltr'><strong>lli-racimi-</strong></span> <span class='ocrx_word' id='word_1_412' title='bbox 526 4120 685 4174; x_wconf 66' lang='lat' dir='ltr'><strong>(junoque</strong></span> <span class='ocrx_word' id='word_1_413' title='bbox 706 4126 905 4176; x_wconf 78' lang='lat' dir='ltr'><strong>popularis</strong></span> <span class='ocrx_word' id='word_1_414' title='bbox 932 4128 1058 4167; x_wconf 78' lang='lat' dir='ltr'><strong>status</strong></span> <span class='ocrx_word' id='word_1_415' title='bbox 1085 4130 1295 4172; x_wconf 80' lang='lat' dir='ltr'><strong>dissolutus</strong></span> <span class='ocrx_word' id='word_1_416' title='bbox 1318 4135 1375 4173; x_wconf 79' lang='lat' dir='ltr'><strong>est</strong></span> <span class='ocrx_word' id='word_1_417' title='bbox 1399 4135 1533 4175; x_wconf 86' lang='lat' dir='ltr'><strong>statim</strong></span> 
     </span>
     <span class='ocr_line' id='line_1_55' title="bbox 254 4186 1529 4243; baseline 0.017 -27"><span class='ocrx_word' id='word_1_418' title='bbox 254 4187 337 4231; x_wconf 59' lang='lat' dir='ltr'><strong>post</strong></span> <span class='ocrx_word' id='word_1_419' title='bbox 362 4186 555 4225; x_wconf 79' lang='lat' dir='ltr'><strong>coloniam</strong></span> <span class='ocrx_word' id='word_1_420' title='bbox 586 4199 632 4225; x_wconf 72' lang='lat' dir='ltr'><strong>eo</strong></span> <span class='ocrx_word' id='word_1_421' title='bbox 665 4189 844 4238; x_wconf 72' lang='lat' dir='ltr'><strong>missam,</strong></span> <span class='ocrx_word' id='word_1_422' title='bbox 875 4191 990 4240; x_wconf 81' lang='lat' dir='ltr'><strong>culpa</strong></span> <span class='ocrx_word' id='word_1_423' title='bbox 1024 4195 1271 4243; x_wconf 79' lang='lat' dir='ltr'><strong>popularium</strong></span> <span class='ocrx_word' id='word_1_424' title='bbox 1302 4197 1529 4239; x_wconf 82' lang='lat' dir='ltr'><strong>ductorum.</strong></span> 
     </span>
    </p>
   </div>
   <div class='ocr_carea' id='block_1_8' title="bbox 1174 293 2064 346">
    <p class='ocr_par' dir='ltr' id='par_1_15' title="bbox 1174 293 2064 346">
     <span class='ocr_line' id='line_1_56' title="bbox 1174 293 2064 346; baseline 0.002 -2"><span class='ocrx_word' id='word_1_425' title='bbox 1174 294 1580 345; x_wconf 85' lang='lat' dir='ltr'><strong>ARlSTOTELIS</strong></span> <span class='ocrx_word' id='word_1_426' title='bbox 1614 293 2032 343; x_wconf 85' lang='lat' dir='ltr'><strong>FRAGMENTA.</strong></span> <span class='ocrx_word' id='word_1_427' title='bbox 2055 342 2064 346; x_wconf 75' lang='lat'><strong>-</strong></span> 
     </span>
    </p>
   </div>
   <div class='ocr_carea' id='block_1_9' title="bbox 1600 1251 2934 1321">
    <p class='ocr_par' dir='ltr' id='par_1_16' title="bbox 1600 1251 2934 1328">
     <span class='ocr_line' id='line_1_57' title="bbox 1600 1251 2934 1321; baseline 0.008 -25"><span class='ocrx_word' id='word_1_428' title='bbox 1600 1255 1814 1317; x_wconf 86' lang='grc' dir='ltr'>,μεγάλων</span> <span class='ocrx_word' id='word_1_429' title='bbox 1840 1254 1944 1302; x_wconf 82' lang='grc' dir='ltr'>εἰσιν</span> <span class='ocrx_word' id='word_1_430' title='bbox 1969 1254 1996 1312; x_wconf 82' lang='grc' dir='ltr'>ἢ</span> <span class='ocrx_word' id='word_1_431' title='bbox 2021 1259 2251 1321; x_wconf 78' lang='grc' dir='ltr'>ἑταιριῶν,</span> <span class='ocrx_word' id='word_1_432' title='bbox 2274 1259 2494 1321; x_wconf 76' lang='grc' dir='ltr'>αἱροῦνται</span> <span class='ocrx_word' id='word_1_433' title='bbox 2530 1259 2566 1306; x_wconf 90' lang='grc' dir='ltr'><strong>δ’</strong></span> <span class='ocrx_word' id='word_1_434' title='bbox 2605 1260 2644 1306; x_wconf 78' lang='grc' dir='ltr'><strong>οἱ</strong></span> <span class='ocrx_word' id='word_1_435' title='bbox 2682 1259 2857 1307; x_wconf 84' lang='grc' dir='ltr'>ὁπλῖται</span> <span class='ocrx_word' id='word_1_436' title='bbox 2883 1251 2934 1321; x_wconf 52' lang='grc' dir='ltr'><strong>ἢ</strong></span> 
     </span>
    </p>
   </div>
   <div class='ocr_carea' id='block_1_10' title="bbox 2830 362 3016 4628">
    <p class='ocr_par' dir='ltr' id='par_1_17' title="bbox 2830 362 3016 4628">
     <span class='ocr_line' id='line_1_58' title="bbox 2902 362 3016 927; baseline 0 0"><span class='ocrx_word' id='word_1_437' title='bbox 2902 362 3016 927; x_wconf 95' lang='lat' dir='ltr'><strong>     </strong></span> 
     </span>
     <span class='ocr_line' id='line_1_59' title="bbox 2885 927 3016 1067; baseline 0 0"><span class='ocrx_word' id='word_1_438' title='bbox 2885 927 3016 1067; x_wconf 95' lang='lat' dir='ltr'><strong>  </strong></span> 
     </span>
     <span class='ocr_line' id='line_1_60' title="bbox 2831 1067 3016 1282; baseline 0 -66"><span class='ocrx_word' id='word_1_439' title='bbox 2831 1067 3016 1282; x_wconf 95' lang='lat' dir='ltr'><strong>   </strong></span> 
     </span>
     <span class='ocr_line' id='line_1_61' title="bbox 2919 1282 3016 1500; baseline 0 -144"><span class='ocrx_word' id='word_1_440' title='bbox 2919 1282 3016 1500; x_wconf 95' lang='lat' dir='ltr'><strong>   </strong></span> 
     </span>
     <span class='ocr_line' id='line_1_62' title="bbox 2918 1744 3016 2024; baseline 0 0"><span class='ocrx_word' id='word_1_441' title='bbox 2918 1744 3016 2024; x_wconf 95' lang='lat' dir='ltr'><strong>    </strong></span> 
     </span>
     <span class='ocr_line' id='line_1_63' title="bbox 2916 2024 3016 2171; baseline 0 -58"><span class='ocrx_word' id='word_1_442' title='bbox 2916 2024 3016 2171; x_wconf 95' lang='lat' dir='ltr'><strong>   </strong></span> 
     </span>
     <span class='ocr_line' id='line_1_64' title="bbox 2889 2171 3016 2383; baseline 0 -124"><span class='ocrx_word' id='word_1_443' title='bbox 2889 2171 3016 2383; x_wconf 95' lang='lat' dir='ltr'><strong>    </strong></span> 
     </span>
     <span class='ocr_line' id='line_1_65' title="bbox 2888 2383 3016 2485; baseline 0 0"><span class='ocrx_word' id='word_1_444' title='bbox 2888 2383 3016 2485; x_wconf 95' lang='lat' dir='ltr'><strong>  </strong></span> 
     </span>
     <span class='ocr_line' id='line_1_66' title="bbox 2897 2485 3016 2650; baseline 0 0"><span class='ocrx_word' id='word_1_445' title='bbox 2897 2485 3016 2650; x_wconf 95' lang='lat' dir='ltr'><strong>  </strong></span> 
     </span>
     <span class='ocr_line' id='line_1_67' title="bbox 2938 2761 3016 2969; baseline 0 0"><span class='ocrx_word' id='word_1_446' title='bbox 2938 2761 3016 2969; x_wconf 95' lang='lat' dir='ltr'><strong>   </strong></span> 
     </span>
     <span class='ocr_line' id='line_1_68' title="bbox 2925 2969 3016 3033; baseline 0 1595"><span class='ocrx_word' id='word_1_447' title='bbox 2925 2969 3016 3033; x_wconf 95' lang='lat' dir='ltr'><strong> </strong></span> 
     </span>
     <span class='ocr_line' id='line_1_69' title="bbox 2893 3321 3016 3623; baseline 0 0"><span class='ocrx_word' id='word_1_448' title='bbox 2893 3321 3016 3623; x_wconf 95' lang='lat' dir='ltr'><strong>    </strong></span> 
     </span>
     <span class='ocr_line' id='line_1_70' title="bbox 2830 3623 3016 4066; baseline 0 0"><span class='ocrx_word' id='word_1_449' title='bbox 2830 3623 3016 4066; x_wconf 95' lang='lat' dir='ltr'><strong>  </strong></span> 
     </span>
     <span class='ocr_line' id='line_1_71' title="bbox 2831 4066 3016 4628; baseline 0 -421"><span class='ocrx_word' id='word_1_450' title='bbox 2831 4066 3016 4628; x_wconf 95' lang='lat' dir='ltr'><strong>   </strong></span> 
     </span>
    </p>
   </div>
   <div class='ocr_carea' id='block_1_11' title="bbox 1621 386 2965 681">
    <p class='ocr_par' dir='ltr' id='par_1_18' title="bbox 1621 386 2973 681">
     <span class='ocr_line' id='line_1_72' title="bbox 1621 386 2965 462; baseline -0.003 -14"><span class='ocrx_word' id='word_1_451' title='bbox 1621 401 1694 448; x_wconf 85' lang='grc' dir='ltr'><strong>καὶ</strong></span> <span class='ocrx_word' id='word_1_452' title='bbox 1717 401 1900 447; x_wconf 69' lang='grc' dir='ltr'>ναυτῶν*</span> <span class='ocrx_word' id='word_1_453' title='bbox 1923 399 2090 461; x_wconf 83' lang='grc' dir='ltr'>ὁρῶμεν</span> <span class='ocrx_word' id='word_1_454' title='bbox 2115 393 2160 441; x_wconf 83' lang='grc' dir='ltr'><strong>δὲ</strong></span> <span class='ocrx_word' id='word_1_455' title='bbox 2183 392 2257 442; x_wconf 73' lang='grc' dir='ltr'><strong>καὶ</strong></span> <span class='ocrx_word' id='word_1_456' title='bbox 2278 386 2403 442; x_wconf 79' lang='grc' dir='ltr'>τοῦτο</span> <span class='ocrx_word' id='word_1_457' title='bbox 2425 393 2499 442; x_wconf 84' lang='grc' dir='ltr'><strong>καὶ</strong></span> <span class='ocrx_word' id='word_1_458' title='bbox 2531 399 2604 442; x_wconf 82' lang='grc' dir='ltr'><strong>νῦν</strong></span> <span class='ocrx_word' id='word_1_459' title='bbox 2628 395 2821 461; x_wconf 79' lang='grc' dir='ltr'>ὑπάρχον</span> <span class='ocrx_word' id='word_1_460' title='bbox 2843 415 2910 444; x_wconf 80' lang='grc' dir='ltr'><strong>τι-</strong></span> <span class='ocrx_word' id='word_1_461' title='bbox 2947 430 2965 462; x_wconf 56' lang='lat' dir='ltr'><em>Q</em></span> 
     </span>
     <span class='ocr_line' id='line_1_73' title="bbox 1622 465 2942 534; baseline -0.001 -15"><span class='ocrx_word' id='word_1_462' title='bbox 1622 492 1688 519; x_wconf 91' lang='grc' dir='ltr'><strong>σιν</strong></span> <span class='ocrx_word' id='word_1_463' title='bbox 1707 509 1721 534; x_wconf 89' lang='grc'>,</span> <span class='ocrx_word' id='word_1_464' title='bbox 1761 465 1846 519; x_wconf 68' lang='grc' dir='ltr'>οἷον</span> <span class='ocrx_word' id='word_1_465' title='bbox 1884 474 1938 532; x_wconf 73' lang='grc' dir='ltr'><strong>τῇ</strong></span> <span class='ocrx_word' id='word_1_466' title='bbox 1976 468 2101 515; x_wconf 86' lang='grc' dir='ltr'>πόλει</span> <span class='ocrx_word' id='word_1_467' title='bbox 2135 469 2220 514; x_wconf 81' lang='grc' dir='ltr'><strong>τῶν</strong></span> <span class='ocrx_word' id='word_1_468' title='bbox 2255 466 2595 531; x_wconf 83' lang='grc' dir='ltr'>Ἡρακλεωτῶν·</span> <span class='ocrx_word' id='word_1_469' title='bbox 2628 469 2792 523; x_wconf 86' lang='grc' dir='ltr'>πολλὰς</span> <span class='ocrx_word' id='word_1_470' title='bbox 2828 468 2942 534; x_wconf 78' lang='grc' dir='ltr'>γὰρ</span> 
     </span>
     <span class='ocr_line' id='line_1_74' title="bbox 1621 538 2915 609; baseline -0.002 -18"><span class='ocrx_word' id='word_1_471' title='bbox 1621 546 1882 609; x_wconf 85' lang='grc' dir='ltr'>ἐκπληρουσι</span> <span class='ocrx_word' id='word_1_472' title='bbox 1905 539 2091 606; x_wconf 83' lang='grc' dir='ltr'>τριήρεις</span> <span class='ocrx_word' id='word_1_473' title='bbox 2114 538 2370 601; x_wconf 86' lang='grc' dir='ltr'>κεκτημένοι</span> <span class='ocrx_word' id='word_1_474' title='bbox 2389 558 2451 586; x_wconf 89' lang='grc' dir='ltr'><strong>τω</strong></span> <span class='ocrx_word' id='word_1_475' title='bbox 2473 538 2641 604; x_wconf 81' lang='grc' dir='ltr'>μεγέθει</span> <span class='ocrx_word' id='word_1_476' title='bbox 2669 540 2793 589; x_wconf 89' lang='grc' dir='ltr'>πόλιν</span> <span class='ocrx_word' id='word_1_477' title='bbox 2817 540 2915 590; x_wconf 55' lang='grc' dir='ltr'>ἑτέ-ε</span> 
     </span>
     <span class='ocr_line' id='line_1_75' title="bbox 1621 611 2098 681; baseline -0.01 -18"><span class='ocrx_word' id='word_1_478' title='bbox 1621 636 1703 681; x_wconf 93' lang='grc' dir='ltr'><strong>ρων</strong></span> <span class='ocrx_word' id='word_1_479' title='bbox 1729 611 2064 678; x_wconf 81' lang='grc' dir='ltr'>ἐμμελεστέραν.</span> <span class='ocrx_word' id='word_1_480' title='bbox 2081 612 2098 675; x_wconf 84' lang='grc'>]</span> 
     </span>
    </p>
   </div>
   <div class='ocr_carea' id='block_1_12' title="bbox 1615 735 2941 1132">
    <p class='ocr_par' dir='ltr' id='par_1_19' title="bbox 2065 735 2465 805">
     <span class='ocr_line' id='line_1_76' title="bbox 2065 735 2465 805; baseline 0.003 -18"><span class='ocrx_word' id='word_1_481' title='bbox 2065 735 2465 805; x_wconf 87' lang='grc' dir='ltr'>[ΑΒΥΔΗΝΩΝ.]</span> 
     </span>
    </p>

    <p class='ocr_par' dir='ltr' id='par_1_20' title="bbox 2187 839 2941 930">
     <span class='ocr_line' id='line_1_77' title="bbox 2187 839 2941 930; baseline 0.007 -5"><span class='ocrx_word' id='word_1_482' title='bbox 2187 839 2343 926; x_wconf 58' lang='grc'>[’189·]</span> <span class='ocrx_word' id='word_1_483' title='bbox 2914 919 2941 930; x_wconf 74' lang='grc'><strong>.,</strong></span> 
     </span>
    </p>

    <p class='ocr_par' dir='ltr' id='par_1_21' title="bbox 1615 959 2945 1106">
     <span class='ocr_line' id='line_1_78' title="bbox 1682 962 2885 1032; baseline 0.005 -21"><span class='ocrx_word' id='word_1_484' title='bbox 1682 962 1902 1032; x_wconf 86' lang='lat' dir='ltr'><strong>[Aristot.</strong></span> <span class='ocrx_word' id='word_1_485' title='bbox 1930 970 2034 1013; x_wconf 85' lang='lat' dir='ltr'><strong>Pol.</strong></span> <span class='ocrx_word' id='word_1_486' title='bbox 2065 971 2128 1027; x_wconf 89' lang='lat' dir='ltr'><strong>V,</strong></span> <span class='ocrx_word' id='word_1_487' title='bbox 2161 967 2215 1026; x_wconf 81' lang='lat'><strong>5,</strong></span> <span class='ocrx_word' id='word_1_488' title='bbox 2242 967 2269 1013; x_wconf 87' lang='lat'><strong>5</strong></span> <span class='ocrx_word' id='word_1_489' title='bbox 2300 985 2312 1013; x_wconf 75' lang='grc' dir='ltr'><strong>ε</strong></span> <span class='ocrx_word' id='word_1_490' title='bbox 2339 971 2469 1015; x_wconf 83' lang='lat' dir='ltr'><strong>Inter</strong></span> <span class='ocrx_word' id='word_1_491' title='bbox 2489 963 2755 1031; x_wconf 75' lang='lat' dir='ltr'><strong>olig&#39;arehos</strong></span> <span class='ocrx_word' id='word_1_492' title='bbox 2781 971 2945 1019; x_wconf 82' lang='lat' dir='ltr'><strong>facil</strong></span> 
     </span>
     <span class='ocr_line' id='line_1_79' title="bbox 1615 1035 2930 1132; baseline 0.006 -49"><span class='ocrx_word' id='word_1_493' title='bbox 1615 1040 1898 1100; x_wconf 77' lang='lat' dir='ltr'><strong>demagogus</strong></span> <span class='ocrx_word' id='word_1_494' title='bbox 1930 1043 2105 1086; x_wconf 86' lang='lat' dir='ltr'><strong>exsistit</strong></span> <span class='ocrx_word' id='word_1_495' title='bbox 2139 1042 2181 1087; x_wconf 81' lang='grc' dir='ltr'><strong>ἐν</strong></span> <span class='ocrx_word' id='word_1_496' title='bbox 2217 1039 2338 1094; x_wconf 85' lang='grc' dir='ltr'>ὅσαις</span> <span class='ocrx_word' id='word_1_497' title='bbox 2382 1041 2654 1106; x_wconf 80' lang='grc' dir='ltr'>ὀλιγαρχίαις</span> <span class='ocrx_word' id='word_1_498' title='bbox 2684 1043 2768 1106; x_wconf 77' lang='grc' dir='ltr'><strong>οὐχ</strong></span> <span class='ocrx_word' id='word_1_499' title='bbox 2798 1035 2930 1132; x_wconf 61' lang='grc' dir='ltr'>οὗτοι,</span> 
     </span>
    </p>
   </div>
   <div class='ocr_carea' id='block_1_13' title="bbox 1613 1107 2935 1250">
    <p class='ocr_par' dir='ltr' id='par_1_22' title="bbox 1613 1107 2935 1250">
     <span class='ocr_line' id='line_1_80' title="bbox 1617 1107 2935 1200; baseline 0.007 -46"><span class='ocrx_word' id='word_1_500' title='bbox 1617 1108 1712 1200; x_wconf 51' lang='lat' dir='ltr'><strong>(esc.</strong></span> <span class='ocrx_word' id='word_1_501' title='bbox 1732 1112 1770 1156; x_wconf 83' lang='grc' dir='ltr'><strong>οἱ</strong></span> <span class='ocrx_word' id='word_1_502' title='bbox 1795 1113 1837 1157; x_wconf 86' lang='grc' dir='ltr'><strong>ἐν</strong></span> <span class='ocrx_word' id='word_1_503' title='bbox 1857 1113 2087 1178; x_wconf 86' lang='grc' dir='ltr'>ὀλιγαρχία</span> <span class='ocrx_word' id='word_1_504' title='bbox 2112 1111 2252 1175; x_wconf 86' lang='grc' dir='ltr'>ὄντες)</span> <span class='ocrx_word' id='word_1_505' title='bbox 2279 1115 2503 1178; x_wconf 82' lang='grc' dir='ltr'>αἱροῦνται</span> <span class='ocrx_word' id='word_1_506' title='bbox 2530 1115 2607 1168; x_wconf 82' lang='grc' dir='ltr'><strong>τὰς</strong></span> <span class='ocrx_word' id='word_1_507' title='bbox 2626 1110 2765 1180; x_wconf 82' lang='grc' dir='ltr'>ἀρχὰς</span> <span class='ocrx_word' id='word_1_508' title='bbox 2788 1113 2832 1171; x_wconf 73' lang='grc' dir='ltr'><strong>ἐξ</strong></span> <span class='ocrx_word' id='word_1_509' title='bbox 2853 1107 2935 1183; x_wconf 42' lang='grc' dir='ltr'>ὧν.</span> 
     </span>
     <span class='ocr_line' id='line_1_81' title="bbox 1613 1181 2910 1250; baseline 0.005 -22"><span class='ocrx_word' id='word_1_510' title='bbox 1613 1184 1651 1228; x_wconf 84' lang='grc' dir='ltr'><strong>οἱ</strong></span> <span class='ocrx_word' id='word_1_511' title='bbox 1684 1181 1888 1245; x_wconf 82' lang='grc' dir='ltr'>ἄρχοντές</span> <span class='ocrx_word' id='word_1_512' title='bbox 1923 1186 2051 1242; x_wconf 80' lang='grc' dir='ltr'>εἰσιν,</span> <span class='ocrx_word' id='word_1_513' title='bbox 2078 1184 2173 1231; x_wconf 86' lang='grc' dir='ltr'>ἀλλ’</span> <span class='ocrx_word' id='word_1_514' title='bbox 2199 1188 2244 1233; x_wconf 79' lang='grc' dir='ltr'><strong>αἱ</strong></span> <span class='ocrx_word' id='word_1_515' title='bbox 2286 1183 2364 1247; x_wconf 82' lang='grc' dir='ltr'><strong>μὲν</strong></span> <span class='ocrx_word' id='word_1_516' title='bbox 2401 1186 2537 1250; x_wconf 85' lang='grc' dir='ltr'>ἀρχαὶ</span> <span class='ocrx_word' id='word_1_517' title='bbox 2571 1187 2621 1234; x_wconf 83' lang='grc' dir='ltr'>ἐκ</span> <span class='ocrx_word' id='word_1_518' title='bbox 2653 1185 2827 1250; x_wconf 78' lang='grc' dir='ltr'>τιμημᾶ</span> <span class='ocrx_word' id='word_1_519' title='bbox 2908 1199 2910 1201; x_wconf 83' lang='grc'><strong>’</strong></span> 
     </span>
    </p>
   </div>
   <div class='ocr_carea' id='block_1_14' title="bbox 1616 1327 2968 1467">
    <p class='ocr_par' dir='ltr' id='par_1_23' title="bbox 1616 1327 2968 1467">
     <span class='ocr_line' id='line_1_82' title="bbox 1616 1327 2968 1394; baseline 0.004 -21"><span class='ocrx_word' id='word_1_520' title='bbox 1616 1330 1638 1373; x_wconf 84' lang='grc' dir='ltr'><em>ὃ</em></span> <span class='ocrx_word' id='word_1_521' title='bbox 1661 1327 1821 1388; x_wconf 78' lang='grc' dir='ltr'>δῆμος,</span> <span class='ocrx_word' id='word_1_522' title='bbox 1847 1329 1994 1393; x_wconf 79' lang='grc' dir='ltr'>ὅπερ’</span> <span class='ocrx_word' id='word_1_523' title='bbox 1975 1348 2017 1376; x_wconf 89' lang='grc' dir='ltr'><strong>εν</strong></span> <span class='ocrx_word' id='word_1_524' title='bbox 2040 1328 2206 1394; x_wconf 73' lang='grc' dir='ltr'>Ἇὸύδῳ</span> <span class='ocrx_word' id='word_1_525' title='bbox 2226 1348 2323 1377; x_wconf 87' lang='grc' dir='ltr'>συνε</span> <span class='ocrx_word' id='word_1_526' title='bbox 2311 1328 2490 1380; x_wconf 71' lang='grc' dir='ltr'>’.δαινεν</span> <span class='ocrx_word' id='word_1_527' title='bbox 2919 1378 2922 1379; x_wconf 39' lang='grc'>.</span> <span class='ocrx_word' id='word_1_528' title='bbox 2966 1391 2968 1394; x_wconf 11' lang='lat' dir='ltr'>y</span> 
     </span>
     <span class='ocr_line' id='line_1_83' title="bbox 1677 1378 2926 1467; baseline 0.004 -21"><span class='ocrx_word' id='word_1_529' title='bbox 1677 1402 1750 1446; x_wconf 89' lang='lat' dir='ltr'><strong>Id.</strong></span> <span class='ocrx_word' id='word_1_530' title='bbox 1777 1404 1837 1460; x_wconf 89' lang='lat' dir='ltr'><strong>V,</strong></span> <span class='ocrx_word' id='word_1_531' title='bbox 1863 1400 1982 1464; x_wconf 82' lang='lat'>5,9.</span> <span class='ocrx_word' id='word_1_532' title='bbox 2006 1406 2061 1450; x_wconf 91' lang='lat' dir='ltr'><strong>V.</strong></span> <span class='ocrx_word' id='word_1_533' title='bbox 2083 1378 2223 1464; x_wconf 74' lang='grc' dir='ltr'>Β65Ρ.</span> <span class='ocrx_word' id='word_1_534' title='bbox 2247 1406 2596 1452; x_wconf 79' lang='lat' dir='ltr'><strong>Larissaeorum.</strong></span> <span class='ocrx_word' id='word_1_535' title='bbox 2617 1405 2677 1450; x_wconf 84' lang='lat' dir='ltr'><strong>fr.</strong></span> <span class='ocrx_word' id='word_1_536' title='bbox 2702 1402 2845 1467; x_wconf 81' lang='lat' dir='ltr'><strong>15o.]</strong></span> <span class='ocrx_word' id='word_1_537' title='bbox 2924 1400 2926 1402; x_wconf 47' lang='grc'>’</span> 
     </span>
    </p>
   </div>
   <div class='ocr_carea' id='block_1_15' title="bbox 2033 1535 2492 1727">
    <p class='ocr_par' dir='ltr' id='par_1_24' title="bbox 2033 1535 2492 1727">
     <span class='ocr_line' id='line_1_84' title="bbox 2033 1535 2492 1600; baseline 0.007 -17"><span class='ocrx_word' id='word_1_538' title='bbox 2033 1535 2457 1598; x_wconf 76' lang='grc' dir='ltr'><strong>(ΑΝΤΑΝΔΡΙΩΝ</strong></span> <span class='ocrx_word' id='word_1_539' title='bbox 2477 1538 2492 1600; x_wconf 96' lang='grc'>)</span> 
     </span>
     <span class='ocr_line' id='line_1_85' title="bbox 2210 1681 2314 1727; baseline 0 -17"><span class='ocrx_word' id='word_1_540' title='bbox 2210 1682 2230 1710; x_wconf 92' lang='lat'>1</span> <span class='ocrx_word' id='word_1_541' title='bbox 2239 1681 2314 1727; x_wconf 85' lang='lat'><strong>90.</strong></span> 
     </span>
    </p>
   </div>
   <div class='ocr_carea' id='block_1_16' title="bbox 1609 1779 2957 2498">
    <p class='ocr_par' dir='ltr' id='par_1_25' title="bbox 1611 1779 2958 2138">
     <span class='ocr_line' id='line_1_86' title="bbox 1677 1779 2912 1849; baseline 0.002 -20"><span class='ocrx_word' id='word_1_542' title='bbox 1677 1785 1898 1844; x_wconf 87' lang='lat' dir='ltr'><strong>Stephan.</strong></span> <span class='ocrx_word' id='word_1_543' title='bbox 1930 1787 2040 1845; x_wconf 86' lang='lat' dir='ltr'><strong>Byz.</strong></span> <span class='ocrx_word' id='word_1_544' title='bbox 2072 1801 2083 1829; x_wconf 92' lang='lat'>:</span> <span class='ocrx_word' id='word_1_545' title='bbox 2106 1781 2389 1849; x_wconf 85' lang='grc' dir='ltr'>Ἄντανδρος,</span> <span class='ocrx_word' id='word_1_546' title='bbox 2415 1779 2539 1836; x_wconf 87' lang='grc' dir='ltr'>πόλις</span> <span class='ocrx_word' id='word_1_547' title='bbox 2571 1782 2659 1830; x_wconf 77' lang='grc' dir='ltr'><strong>ὑπὸ</strong></span> <span class='ocrx_word' id='word_1_548' title='bbox 2685 1781 2764 1842; x_wconf 78' lang='grc' dir='ltr'><strong>τὴν</strong></span> <span class='ocrx_word' id='word_1_549' title='bbox 2786 1780 2912 1844; x_wconf 78' lang='grc' dir='ltr'>Ἴδην</span> 
     </span>
     <span class='ocr_line' id='line_1_87' title="bbox 1611 1853 2927 1922; baseline 0.003 -20"><span class='ocrx_word' id='word_1_550' title='bbox 1611 1854 1716 1919; x_wconf 82' lang='grc' dir='ltr'>πρὸς</span> <span class='ocrx_word' id='word_1_551' title='bbox 1735 1859 1788 1919; x_wconf 72' lang='grc' dir='ltr'><strong>τῇ</strong></span> <span class='ocrx_word' id='word_1_552' title='bbox 1815 1855 1965 1903; x_wconf 91' lang='grc' dir='ltr'>Μυσία</span> <span class='ocrx_word' id='word_1_553' title='bbox 1981 1859 2057 1914; x_wconf 80' lang='grc' dir='ltr'><strong>τῆς</strong></span> <span class='ocrx_word' id='word_1_554' title='bbox 2079 1855 2299 1918; x_wconf 79' lang='grc' dir='ltr'>Αἰολίδος,</span> <span class='ocrx_word' id='word_1_555' title='bbox 2319 1855 2407 1902; x_wconf 84' lang='grc' dir='ltr'><strong>ἀπὸ</strong></span> <span class='ocrx_word' id='word_1_556' title='bbox 2419 1853 2673 1920; x_wconf 80' lang='grc' dir='ltr'>Ἀντάνδρου</span> <span class='ocrx_word' id='word_1_557' title='bbox 2689 1859 2765 1903; x_wconf 83' lang='grc' dir='ltr'><strong>τοῦ</strong></span> <span class='ocrx_word' id='word_1_558' title='bbox 2781 1864 2957 1922; x_wconf 33' lang='lat' dir='ltr'><strong>crepas&amp;</strong></span> 
     </span>
     <span class='ocr_line' id='line_1_88' title="bbox 1611 1925 2949 1992; baseline 0.002 -18"><span class='ocrx_word' id='word_1_559' title='bbox 1611 1931 1742 1989; x_wconf 84' lang='grc' dir='ltr'>τηγοῦ</span> <span class='ocrx_word' id='word_1_560' title='bbox 1757 1926 2014 1984; x_wconf 84' lang='grc' dir='ltr'>Αἰολέων...</span> <span class='ocrx_word' id='word_1_561' title='bbox 2034 1925 2332 1990; x_wconf 83' lang='grc' dir='ltr'>Ἀριστοτέλης</span> <span class='ocrx_word' id='word_1_562' title='bbox 2351 1926 2460 1992; x_wconf 80' lang='grc' dir='ltr'>φησὶ</span> <span class='ocrx_word' id='word_1_563' title='bbox 2482 1925 2644 1985; x_wconf 83' lang='grc' dir='ltr'>ταύτην</span> <span class='ocrx_word' id='word_1_564' title='bbox 2661 1928 2935 1991; x_wconf 75' lang='grc' dir='ltr'>ὠνομάσθαι</span> <span class='ocrx_word' id='word_1_565' title='bbox 2936 1936 2949 1951; x_wconf 71' lang='grc'><strong>’”</strong></span> 
     </span>
     <span class='ocr_line' id='line_1_89' title="bbox 1611 1997 2955 2067; baseline 0.004 -21.056"><span class='ocrx_word' id='word_1_566' title='bbox 1611 1997 1830 2046; x_wconf 86' lang='grc' dir='ltr'>Ἦδωνίδα</span> <span class='ocrx_word' id='word_1_567' title='bbox 1861 1997 1932 2046; x_wconf 79' lang='grc' dir='ltr'><strong>διὰ</strong></span> <span class='ocrx_word' id='word_1_568' title='bbox 1950 1998 1999 2046; x_wconf 81' lang='grc' dir='ltr'><strong>τὸ</strong></span> <span class='ocrx_word' id='word_1_569' title='bbox 2023 2001 2209 2067; x_wconf 74' lang='grc' dir='ltr'>Θρᾷκας</span> <span class='ocrx_word' id='word_1_570' title='bbox 2229 1998 2501 2054; x_wconf 80' lang='grc' dir='ltr'>Ἠδωνους”</span> <span class='ocrx_word' id='word_1_571' title='bbox 2475 2018 2603 2055; x_wconf 85' lang='grc' dir='ltr'>οντας</span> <span class='ocrx_word' id='word_1_572' title='bbox 2629 2003 2806 2059; x_wconf 78' lang='grc' dir='ltr'>οἰκῆσαι</span> <span class='ocrx_word' id='word_1_573' title='bbox 2838 2001 2955 2055; x_wconf 70' lang='grc' dir='ltr'><strong>καὶ</strong></span> 
     </span>
     <span class='ocr_line' id='line_1_90' title="bbox 1615 2063 2955 2138; baseline 0.001 -19"><span class='ocrx_word' id='word_1_574' title='bbox 1615 2070 1868 2136; x_wconf 86' lang='grc' dir='ltr'>Κιμμερίδα</span> <span class='ocrx_word' id='word_1_575' title='bbox 1894 2071 2198 2138; x_wconf 83' lang='grc' dir='ltr'>Κιμμερίων’</span> <span class='ocrx_word' id='word_1_576' title='bbox 2179 2071 2452 2120; x_wconf 82' lang='grc' dir='ltr'>ενοικούντων</span> <span class='ocrx_word' id='word_1_577' title='bbox 2477 2063 2631 2120; x_wconf 80' lang='grc' dir='ltr'>ἑκατὸν</span> <span class='ocrx_word' id='word_1_578' title='bbox 2659 2071 2755 2131; x_wconf 85' lang='grc' dir='ltr'>ἔτη.</span> <span class='ocrx_word' id='word_1_579' title='bbox 2908 2081 2927 2137; x_wconf 49' lang='grc' dir='ltr'>ᾗ</span> <span class='ocrx_word' id='word_1_580' title='bbox 2944 2131 2955 2138; x_wconf 11' lang='grc' dir='ltr'><strong>,Ἴ</strong></span> 
     </span>
    </p>

    <p class='ocr_par' dir='ltr' id='par_1_26' title="bbox 1609 2144 2957 2497">
     <span class='ocr_line' id='line_1_91' title="bbox 1678 2144 2955 2209; baseline 0.002 -19"><span class='ocrx_word' id='word_1_581' title='bbox 1678 2144 1751 2190; x_wconf 82' lang='grc' dir='ltr'><strong>Ι)6</strong></span> <span class='ocrx_word' id='word_1_582' title='bbox 1760 2146 2008 2192; x_wconf 86' lang='lat' dir='ltr'><strong>Antandro</strong></span> <span class='ocrx_word' id='word_1_583' title='bbox 2021 2147 2352 2209; x_wconf 84' lang='lat' dir='ltr'><strong>,Pelasgorum</strong></span> <span class='ocrx_word' id='word_1_584' title='bbox 2368 2148 2487 2207; x_wconf 81' lang='lat' dir='ltr'><strong>Tyn·</strong></span> <span class='ocrx_word' id='word_1_585' title='bbox 2486 2147 2767 2192; x_wconf 82' lang='lat' dir='ltr'><strong>henicorum</strong></span> <span class='ocrx_word' id='word_1_586' title='bbox 2775 2147 2936 2206; x_wconf 80' lang='lat' dir='ltr'><strong>urbe3</strong></span> <span class='ocrx_word' id='word_1_587' title='bbox 2953 2168 2955 2174; x_wconf 55' lang='lat'><strong><em>⁴</em></strong></span> 
     </span>
     <span class='ocr_line' id='line_1_92' title="bbox 1609 2210 2946 2276; baseline 0.001 -14"><span class='ocrx_word' id='word_1_588' title='bbox 1609 2234 1655 2262; x_wconf 81' lang='lat' dir='ltr'><strong>v.</strong></span> <span class='ocrx_word' id='word_1_589' title='bbox 1683 2219 1917 2263; x_wconf 79' lang='lat' dir='ltr'><strong>Herodot.</strong></span> <span class='ocrx_word' id='word_1_590' title='bbox 1943 2221 2059 2276; x_wconf 90' lang='lat' dir='ltr'>VII,</span> <span class='ocrx_word' id='word_1_591' title='bbox 2088 2224 2168 2275; x_wconf 87' lang='grc'><strong>42;</strong></span> <span class='ocrx_word' id='word_1_592' title='bbox 2192 2222 2257 2275; x_wconf 93' lang='lat' dir='ltr'><strong>V,</strong></span> <span class='ocrx_word' id='word_1_593' title='bbox 2285 2219 2364 2276; x_wconf 89' lang='grc'>26,</span> <span class='ocrx_word' id='word_1_594' title='bbox 2406 2219 2575 2264; x_wconf 90' lang='lat' dir='ltr'><strong>Conon</strong></span> <span class='ocrx_word' id='word_1_595' title='bbox 2605 2235 2664 2264; x_wconf 83' lang='lat' dir='ltr'><strong>c.-</strong></span> <span class='ocrx_word' id='word_1_596' title='bbox 2687 2224 2765 2274; x_wconf 88' lang='grc'><strong>41.</strong></span> <span class='ocrx_word' id='word_1_597' title='bbox 2794 2210 2946 2270; x_wconf 65' lang='lat' dir='ltr'><strong>Mel</strong></span> 
     </span>
     <span class='ocr_line' id='line_1_93' title="bbox 1611 2290 2957 2352; baseline 0.002 -17"><span class='ocrx_word' id='word_1_598' title='bbox 1611 2292 1661 2351; x_wconf 92' lang='grc' dir='ltr'>Ι,</span> <span class='ocrx_word' id='word_1_599' title='bbox 1693 2290 1776 2348; x_wconf 86' lang='grc'><strong>18,</strong></span> <span class='ocrx_word' id='word_1_600' title='bbox 1806 2307 1852 2336; x_wconf 86' lang='grc'><strong>2.</strong></span> <span class='ocrx_word' id='word_1_601' title='bbox 1879 2292 2067 2336; x_wconf 81' lang='lat' dir='ltr'><strong>Miiller.</strong></span> <span class='ocrx_word' id='word_1_602' title='bbox 2107 2293 2230 2337; x_wconf 83' lang='lat' dir='ltr'><strong>Min.</strong></span> <span class='ocrx_word' id='word_1_603' title='bbox 2249 2306 2300 2351; x_wconf 90' lang='lat' dir='ltr'><strong>p.</strong></span> <span class='ocrx_word' id='word_1_604' title='bbox 2330 2295 2452 2348; x_wconf 87' lang='lat'>444,</span> <span class='ocrx_word' id='word_1_605' title='bbox 2471 2291 2716 2337; x_wconf 56' lang='lat' dir='ltr'><strong>weit-ker.</strong></span> <span class='ocrx_word' id='word_1_606' title='bbox 2741 2293 2957 2352; x_wconf 58' lang='lat' dir='ltr'><strong>Trilog&#39;2</strong></span> 
     </span>
     <span class='ocr_line' id='line_1_94' title="bbox 1610 2362 2957 2422; baseline 0 -15"><span class='ocrx_word' id='word_1_607' title='bbox 1610 2378 1661 2422; x_wconf 92' lang='lat' dir='ltr'><strong>p.</strong></span> <span class='ocrx_word' id='word_1_608' title='bbox 1703 2379 1793 2408; x_wconf 83' lang='lat'><strong>201</strong></span> <span class='ocrx_word' id='word_1_609' title='bbox 1814 2397 1826 2419; x_wconf 95' lang='lat'>,</span> <span class='ocrx_word' id='word_1_610' title='bbox 1866 2380 1914 2408; x_wconf 88' lang='lat' dir='ltr'><strong>n.</strong></span> <span class='ocrx_word' id='word_1_611' title='bbox 1946 2364 2056 2422; x_wconf 81' lang='lat'>327.</span> <span class='ocrx_word' id='word_1_612' title='bbox 2095 2366 2154 2408; x_wconf 90' lang='lat' dir='ltr'><strong>In</strong></span> <span class='ocrx_word' id='word_1_613' title='bbox 2177 2365 2447 2411; x_wconf 80' lang='lat' dir='ltr'><strong>universum</strong></span> <span class='ocrx_word' id='word_1_614' title='bbox 2470 2362 2533 2410; x_wconf 84' lang='lat' dir='ltr'><strong>cf.</strong></span> <span class='ocrx_word' id='word_1_615' title='bbox 2559 2364 2733 2411; x_wconf 72' lang='lat' dir='ltr'><strong>Strabo.</strong></span> <span class='ocrx_word' id='word_1_616' title='bbox 2764 2365 2884 2414; x_wconf 77' lang='lat' dir='ltr'>XIII</span> <span class='ocrx_word' id='word_1_617' title='bbox 2899 2386 2916 2407; x_wconf 21' lang='grc' dir='ltr'><strong>Δ</strong></span> <span class='ocrx_word' id='word_1_618' title='bbox 2939 2371 2957 2420; x_wconf 46' lang='lat'><strong>&#39;2</strong></span> 
     </span>
     <span class='ocr_line' id='line_1_95' title="bbox 1611 2426 2914 2498; baseline 0 -17"><span class='ocrx_word' id='word_1_619' title='bbox 1611 2452 1662 2495; x_wconf 90' lang='grc' dir='ltr'><strong>Ρ.</strong></span> <span class='ocrx_word' id='word_1_620' title='bbox 1690 2436 1803 2493; x_wconf 84' lang='grc'>606,</span> <span class='ocrx_word' id='word_1_621' title='bbox 1826 2437 2044 2480; x_wconf 85' lang='lat' dir='ltr'><strong>Mannert</strong></span> <span class='ocrx_word' id='word_1_622' title='bbox 2064 2437 2230 2497; x_wconf 79' lang='lat' dir='ltr'><strong>Geogr.</strong></span> <span class='ocrx_word' id='word_1_623' title='bbox 2262 2437 2355 2498; x_wconf 89' lang='lat' dir='ltr'><strong>VI,</strong></span> <span class='ocrx_word' id='word_1_624' title='bbox 2377 2436 2404 2482; x_wconf 81' lang='lat'>3</span> <span class='ocrx_word' id='word_1_625' title='bbox 2417 2451 2503 2496; x_wconf 88' lang='lat' dir='ltr'><strong>,.p</strong></span> <span class='ocrx_word' id='word_1_626' title='bbox 2531 2436 2643 2490; x_wconf 86' lang='lat'>418.</span> <span class='ocrx_word' id='word_1_627' title='bbox 2912 2426 2914 2429; x_wconf 16' lang='lat' dir='ltr'>V</span> 
     </span>
    </p>
   </div>
   <div class='ocr_carea' id='block_1_17' title="bbox 1612 2634 2927 2815">
    <p class='ocr_par' dir='ltr' id='par_1_27' title="bbox 1612 2634 2927 2815">
     <span class='ocr_line' id='line_1_96' title="bbox 1612 2634 2919 2688; baseline 0.002 -14"><span class='ocrx_word' id='word_1_628' title='bbox 1612 2634 1757 2674; x_wconf 86' lang='lat' dir='ltr'><strong>deinde</strong></span> <span class='ocrx_word' id='word_1_629' title='bbox 1779 2636 1848 2685; x_wconf 89' lang='lat' dir='ltr'><strong>qui</strong></span> <span class='ocrx_word' id='word_1_630' title='bbox 1869 2635 1987 2686; x_wconf 85' lang='lat' dir='ltr'><strong>ejecti</strong></span> <span class='ocrx_word' id='word_1_631' title='bbox 2016 2636 2199 2686; x_wconf 79' lang='lat' dir='ltr'><strong>fuerant,</strong></span> <span class='ocrx_word' id='word_1_632' title='bbox 2229 2635 2273 2676; x_wconf 90' lang='grc'><strong>111</strong></span> <span class='ocrx_word' id='word_1_633' title='bbox 2302 2646 2431 2675; x_wconf 88' lang='lat' dir='ltr'><strong>unum</strong></span> <span class='ocrx_word' id='word_1_634' title='bbox 2457 2635 2674 2676; x_wconf 81' lang='lat' dir='ltr'><strong>contractis</strong></span> <span class='ocrx_word' id='word_1_635' title='bbox 2703 2634 2919 2688; x_wconf 63' lang='lat' dir='ltr'><strong>copiis,im</strong></span> 
     </span>
     <span class='ocr_line' id='line_1_97' title="bbox 1614 2700 2807 2751; baseline 0.001 -12"><span class='ocrx_word' id='word_1_636' title='bbox 1614 2700 1818 2740; x_wconf 85' lang='lat' dir='ltr'><strong>civitatem</strong></span> <span class='ocrx_word' id='word_1_637' title='bbox 1833 2700 1884 2739; x_wconf 88' lang='lat' dir='ltr'><strong>ab</strong></span> <span class='ocrx_word' id='word_1_638' title='bbox 1897 2700 2018 2740; x_wconf 86' lang='lat' dir='ltr'><strong>exilio</strong></span> <span class='ocrx_word' id='word_1_639' title='bbox 2037 2700 2210 2751; x_wconf 86' lang='lat' dir='ltr'><strong>reversi,</strong></span> <span class='ocrx_word' id='word_1_640' title='bbox 2234 2700 2523 2740; x_wconf 85' lang='lat' dir='ltr'><strong>democratiam</strong></span> <span class='ocrx_word' id='word_1_641' title='bbox 2542 2700 2807 2741; x_wconf 87' lang='lat' dir='ltr'><strong>sustulerunt.</strong></span> 
     </span>
     <span class='ocr_line' id='line_1_98' title="bbox 1664 2764 2927 2815; baseline 0.002 -12"><span class='ocrx_word' id='word_1_642' title='bbox 1664 2765 1705 2804; x_wconf 91' lang='lat' dir='ltr'><strong>Si</strong></span> <span class='ocrx_word' id='word_1_643' title='bbox 1732 2765 1959 2803; x_wconf 87' lang='lat' dir='ltr'><strong>accolarum</strong></span> <span class='ocrx_word' id='word_1_644' title='bbox 1979 2766 2020 2803; x_wconf 85' lang='lat' dir='ltr'><strong>et</strong></span> <span class='ocrx_word' id='word_1_645' title='bbox 2042 2775 2157 2814; x_wconf 83' lang='lat' dir='ltr'><strong>agros</strong></span> <span class='ocrx_word' id='word_1_646' title='bbox 2176 2765 2394 2804; x_wconf 87' lang='lat' dir='ltr'><strong>colentium</strong></span> <span class='ocrx_word' id='word_1_647' title='bbox 2414 2764 2638 2804; x_wconf 90' lang='lat' dir='ltr'><strong>multitudo</strong></span> <span class='ocrx_word' id='word_1_648' title='bbox 2660 2764 2780 2815; x_wconf 88' lang='lat' dir='ltr'><strong>adsit,</strong></span> <span class='ocrx_word' id='word_1_649' title='bbox 2811 2771 2927 2805; x_wconf 76' lang='lat' dir='ltr'><strong>nau-⁷</strong></span> 
     </span>
    </p>
   </div>
   <div class='ocr_carea' id='block_1_18' title="bbox 1611 2829 2929 3072">
    <p class='ocr_par' dir='ltr' id='par_1_28' title="bbox 1611 2829 2929 3072">
     <span class='ocr_line' id='line_1_99' title="bbox 1611 2829 2929 2880; baseline 0 -11"><span class='ocrx_word' id='word_1_650' title='bbox 1611 2831 1745 2870; x_wconf 83' lang='lat' dir='ltr'><strong>tarum</strong></span> <span class='ocrx_word' id='word_1_651' title='bbox 1761 2831 1885 2869; x_wconf 88' lang='lat' dir='ltr'><strong>etiam</strong></span> <span class='ocrx_word' id='word_1_652' title='bbox 1902 2830 2056 2880; x_wconf 87' lang='lat' dir='ltr'><strong>copiam</strong></span> <span class='ocrx_word' id='word_1_653' title='bbox 2082 2829 2242 2869; x_wconf 85' lang='lat' dir='ltr'><strong>abunde</strong></span> <span class='ocrx_word' id='word_1_654' title='bbox 2262 2831 2474 2880; x_wconf 86' lang='lat' dir='ltr'><strong>suppetere</strong></span> <span class='ocrx_word' id='word_1_655' title='bbox 2489 2840 2648 2870; x_wconf 76' lang='lat' dir='ltr'><strong>necesse</strong></span> <span class='ocrx_word' id='word_1_656' title='bbox 2665 2829 2749 2880; x_wconf 85' lang='lat' dir='ltr'><strong>est,</strong></span> <span class='ocrx_word' id='word_1_657' title='bbox 2770 2830 2818 2870; x_wconf 86' lang='lat' dir='ltr'><strong>ut</strong></span> <span class='ocrx_word' id='word_1_658' title='bbox 2835 2829 2929 2870; x_wconf 63' lang='lat' dir='ltr'><strong>hae⁴</strong></span> 
     </span>
     <span class='ocr_line' id='line_1_100' title="bbox 1611 2892 2912 2944; baseline 0 -11"><span class='ocrx_word' id='word_1_659' title='bbox 1611 2904 1773 2944; x_wconf 90' lang='lat' dir='ltr'><strong>quoque</strong></span> <span class='ocrx_word' id='word_1_660' title='bbox 1795 2893 1990 2933; x_wconf 88' lang='lat' dir='ltr'><strong>memoria</strong></span> <span class='ocrx_word' id='word_1_661' title='bbox 2005 2893 2244 2943; x_wconf 86' lang='lat' dir='ltr'><strong>quibusdam</strong></span> <span class='ocrx_word' id='word_1_662' title='bbox 2265 2896 2343 2933; x_wconf 74' lang='lat' dir='ltr'><strong>usu</strong></span> <span class='ocrx_word' id='word_1_663' title='bbox 2359 2893 2500 2932; x_wconf 88' lang='lat' dir='ltr'><strong>venire</strong></span> <span class='ocrx_word' id='word_1_664' title='bbox 2526 2892 2737 2942; x_wconf 86' lang='lat' dir='ltr'><strong>novimus,</strong></span> <span class='ocrx_word' id='word_1_665' title='bbox 2765 2894 2812 2933; x_wconf 78' lang='lat' dir='ltr'><strong>ut</strong></span> <span class='ocrx_word' id='word_1_666' title='bbox 2838 2894 2912 2933; x_wconf 75' lang='lat' dir='ltr'><strong>fle·</strong></span> 
     </span>
     <span class='ocr_line' id='line_1_101' title="bbox 1611 2955 2913 3007; baseline -0.001 -10"><span class='ocrx_word' id='word_1_667' title='bbox 1611 2959 1879 2997; x_wconf 84' lang='lat' dir='ltr'><strong>racleotarum</strong></span> <span class='ocrx_word' id='word_1_668' title='bbox 1904 2957 2080 3006; x_wconf 87' lang='lat' dir='ltr'><strong>civitati,</strong></span> <span class='ocrx_word' id='word_1_669' title='bbox 2099 2956 2169 3007; x_wconf 91' lang='lat' dir='ltr'><strong>qui</strong></span> <span class='ocrx_word' id='word_1_670' title='bbox 2188 2957 2282 2996; x_wconf 88' lang='lat' dir='ltr'><strong>licet</strong></span> <span class='ocrx_word' id='word_1_671' title='bbox 2304 2957 2503 2996; x_wconf 87' lang='lat' dir='ltr'><strong>minorem</strong></span> <span class='ocrx_word' id='word_1_672' title='bbox 2519 2956 2608 2996; x_wconf 85' lang='lat' dir='ltr'><strong>aliis</strong></span> <span class='ocrx_word' id='word_1_673' title='bbox 2633 2955 2774 2996; x_wconf 84' lang='lat' dir='ltr'><strong>urbem</strong></span> <span class='ocrx_word' id='word_1_674' title='bbox 2799 2955 2913 2996; x_wconf 83' lang='lat' dir='ltr'><strong>habi-</strong></span> 
     </span>
     <span class='ocr_line' id='line_1_102' title="bbox 1612 3019 2505 3072; baseline -0.001 -10"><span class='ocrx_word' id='word_1_675' title='bbox 1612 3025 1720 3072; x_wconf 87' lang='lat' dir='ltr'><strong>tent,</strong></span> <span class='ocrx_word' id='word_1_676' title='bbox 1743 3023 1891 3062; x_wconf 84' lang='lat' dir='ltr'><strong>multas</strong></span> <span class='ocrx_word' id='word_1_677' title='bbox 1908 3024 2044 3061; x_wconf 87' lang='lat' dir='ltr'><strong>tamen</strong></span> <span class='ocrx_word' id='word_1_678' title='bbox 2061 3020 2243 3061; x_wconf 86' lang='lat' dir='ltr'><strong>triremes</strong></span> <span class='ocrx_word' id='word_1_679' title='bbox 2258 3021 2472 3071; x_wconf 86' lang='lat' dir='ltr'><strong>complent.</strong></span> <span class='ocrx_word' id='word_1_680' title='bbox 2487 3019 2505 3071; x_wconf 89' lang='lat'>]</span> 
     </span>
    </p>
   </div>
   <div class='ocr_carea' id='block_1_19' title="bbox 2011 3101 2521 3310">
    <p class='ocr_par' dir='ltr' id='par_1_29' title="bbox 2011 3101 2521 3310">
     <span class='ocr_line' id='line_1_103' title="bbox 2011 3101 2521 3201; baseline -0.002 -14"><span class='ocrx_word' id='word_1_681' title='bbox 2011 3101 2521 3201; x_wconf 60' lang='lat' dir='ltr'>[ABYDENORUM]</span> 
     </span>
     <span class='ocr_line' id='line_1_104' title="bbox 2190 3257 2333 3310; baseline -0.007 -10"><span class='ocrx_word' id='word_1_682' title='bbox 2190 3257 2333 3310; x_wconf 74' lang='grc'>[189.],</span> 
     </span>
    </p>
   </div>
   <div class='ocr_carea' id='block_1_20' title="bbox 1609 3347 2913 3659">
    <p class='ocr_par' dir='ltr' id='par_1_30' title="bbox 1609 3347 2913 3659">
     <span class='ocr_line' id='line_1_105' title="bbox 1662 3347 2913 3403; baseline -0.003 -11"><span class='ocrx_word' id='word_1_683' title='bbox 1662 3351 1677 3403; x_wconf 95' lang='grc'>[</span> <span class='ocrx_word' id='word_1_684' title='bbox 1695 3353 1800 3392; x_wconf 87' lang='lat' dir='ltr'><strong>lnter</strong></span> <span class='ocrx_word' id='word_1_685' title='bbox 1831 3351 2050 3402; x_wconf 80' lang='lat' dir='ltr'><strong>oligarchos</strong></span> <span class='ocrx_word' id='word_1_686' title='bbox 2065 3351 2180 3392; x_wconf 82' lang='lat' dir='ltr'><strong>facile</strong></span> <span class='ocrx_word' id='word_1_687' title='bbox 2195 3350 2438 3402; x_wconf 83' lang='lat' dir='ltr'><strong>demagogus</strong></span> <span class='ocrx_word' id='word_1_688' title='bbox 2467 3347 2648 3398; x_wconf 82' lang='lat' dir='ltr'><strong>exsistit,</strong></span> <span class='ocrx_word' id='word_1_689' title='bbox 2687 3347 2730 3388; x_wconf 88' lang='lat' dir='ltr'><strong>in</strong></span> <span class='ocrx_word' id='word_1_690' title='bbox 2763 3348 2913 3400; x_wconf 76' lang='lat' dir='ltr'><strong>quibus</strong></span> 
     </span>
     <span class='ocr_line' id='line_1_106' title="bbox 1609 3405 2908 3466; baseline -0.001 -12"><span class='ocrx_word' id='word_1_691' title='bbox 1609 3426 1689 3454; x_wconf 84' lang='lat' dir='ltr'><strong>non</strong></span> <span class='ocrx_word' id='word_1_692' title='bbox 1717 3417 1756 3455; x_wconf 89' lang='grc'><strong>111</strong></span> <span class='ocrx_word' id='word_1_693' title='bbox 1780 3415 2035 3466; x_wconf 80' lang='lat' dir='ltr'><strong>legendorum</strong></span> <span class='ocrx_word' id='word_1_694' title='bbox 2055 3405 2360 3466; x_wconf 74' lang='lat' dir='ltr'><strong>magistratuum</strong></span> <span class='ocrx_word' id='word_1_695' title='bbox 2379 3413 2447 3464; x_wconf 86' lang='lat' dir='ltr'><strong>jus</strong></span> <span class='ocrx_word' id='word_1_696' title='bbox 2469 3412 2642 3462; x_wconf 81' lang='lat' dir='ltr'><strong>habeut,</strong></span> <span class='ocrx_word' id='word_1_697' title='bbox 2662 3422 2714 3452; x_wconf 86' lang='lat' dir='ltr'><strong>ex</strong></span> <span class='ocrx_word' id='word_1_698' title='bbox 2734 3421 2908 3463; x_wconf 73' lang='lat' dir='ltr'><strong>quorum</strong></span> 
     </span>
     <span class='ocr_line' id='line_1_107' title="bbox 1609 3477 2909 3531; baseline -0.002 -11"><span class='ocrx_word' id='word_1_699' title='bbox 1609 3482 1747 3520; x_wconf 86' lang='lat' dir='ltr'><strong>ordine</strong></span> <span class='ocrx_word' id='word_1_700' title='bbox 1761 3483 1974 3520; x_wconf 88' lang='lat' dir='ltr'><strong>sumuntur</strong></span> <span class='ocrx_word' id='word_1_701' title='bbox 1986 3481 2241 3531; x_wconf 81' lang='lat' dir='ltr'><strong>magistratus</strong></span> <span class='ocrx_word' id='word_1_702' title='bbox 2251 3510 2264 3531; x_wconf 91' lang='lat'>‚</span> <span class='ocrx_word' id='word_1_703' title='bbox 2277 3479 2348 3520; x_wconf 88' lang='lat' dir='ltr'><strong>sed</strong></span> <span class='ocrx_word' id='word_1_704' title='bbox 2360 3478 2615 3530; x_wconf 82' lang='lat' dir='ltr'><strong>magistratus</strong></span> <span class='ocrx_word' id='word_1_705' title='bbox 2627 3477 2792 3529; x_wconf 79' lang='lat' dir='ltr'><strong>quidem</strong></span> <span class='ocrx_word' id='word_1_706' title='bbox 2806 3478 2909 3522; x_wconf 71' lang='lat' dir='ltr'><strong>liunt</strong></span> 
     </span>
     <span class='ocr_line' id='line_1_108' title="bbox 1611 3540 2893 3596; baseline -0.001 -12"><span class='ocrx_word' id='word_1_707' title='bbox 1611 3557 1662 3585; x_wconf 83' lang='lat' dir='ltr'><strong>ex</strong></span> <span class='ocrx_word' id='word_1_708' title='bbox 1694 3546 1847 3596; x_wconf 82' lang='lat' dir='ltr'><strong>magnis</strong></span> <span class='ocrx_word' id='word_1_709' title='bbox 1877 3540 2062 3585; x_wconf 85' lang='lat' dir='ltr'><strong>censibus</strong></span> <span class='ocrx_word' id='word_1_710' title='bbox 2081 3546 2151 3584; x_wconf 82' lang='lat' dir='ltr'><strong>aut</strong></span> <span class='ocrx_word' id='word_1_711' title='bbox 2175 3543 2472 3593; x_wconf 79' lang='lat' dir='ltr'><strong>sodalitatibus,</strong></span> <span class='ocrx_word' id='word_1_712' title='bbox 2500 3541 2643 3582; x_wconf 82' lang='lat' dir='ltr'><strong>verum</strong></span> <span class='ocrx_word' id='word_1_713' title='bbox 2665 3541 2822 3592; x_wconf 86' lang='lat' dir='ltr'><strong>eligunt</strong></span> <span class='ocrx_word' id='word_1_714' title='bbox 2841 3553 2893 3583; x_wconf 77' lang='lat' dir='ltr'><strong>eo</strong></span> 
     </span>
     <span class='ocr_line' id='line_1_109' title="bbox 1610 3605 2642 3659; baseline -0.004 -11"><span class='ocrx_word' id='word_1_715' title='bbox 1610 3611 1682 3649; x_wconf 91' lang='lat' dir='ltr'><strong>aut</strong></span> <span class='ocrx_word' id='word_1_716' title='bbox 1698 3609 1843 3648; x_wconf 89' lang='lat' dir='ltr'><strong>milites</strong></span> <span class='ocrx_word' id='word_1_717' title='bbox 1857 3610 1927 3648; x_wconf 90' lang='lat' dir='ltr'><strong>aut</strong></span> <span class='ocrx_word' id='word_1_718' title='bbox 1946 3608 2138 3659; x_wconf 88' lang='lat' dir='ltr'><strong>populus,</strong></span> <span class='ocrx_word' id='word_1_719' title='bbox 2155 3605 2268 3658; x_wconf 88' lang='lat' dir='ltr'><strong>quod</strong></span> <span class='ocrx_word' id='word_1_720' title='bbox 2287 3605 2417 3656; x_wconf 80' lang='lat' dir='ltr'><strong>Abydi</strong></span> <span class='ocrx_word' id='word_1_721' title='bbox 2433 3605 2642 3656; x_wconf 60' lang='lat' dir='ltr'><strong>contigit]</strong></span> 
     </span>
    </p>
   </div>
   <div class='ocr_carea' id='block_1_21' title="bbox 1964 3713 2556 3876">
    <p class='ocr_par' dir='ltr' id='par_1_31' title="bbox 1964 3713 2556 3876">
     <span class='ocr_line' id='line_1_110' title="bbox 1964 3713 2556 3783; baseline -0.012 -14"><span class='ocrx_word' id='word_1_722' title='bbox 1964 3715 2525 3783; x_wconf 75' lang='lat' dir='ltr'><strong>(ANTANDmoRUM.</strong></span> <span class='ocrx_word' id='word_1_723' title='bbox 2543 3713 2556 3778; x_wconf 88' lang='lat'>)</span> 
     </span>
     <span class='ocr_line' id='line_1_111' title="bbox 2209 3834 2309 3876; baseline -0.02 0"><span class='ocrx_word' id='word_1_724' title='bbox 2209 3834 2309 3876; x_wconf 84' lang='lat'><strong>190.</strong></span> 
     </span>
    </p>
   </div>
   <div class='ocr_carea' id='block_1_22' title="bbox 1618 3933 2866 4248">
    <p class='ocr_par' dir='ltr' id='par_1_32' title="bbox 1618 3933 2878 4248">
     <span class='ocr_line' id='line_1_112' title="bbox 1668 3933 2862 3988; baseline -0.003 -9"><span class='ocrx_word' id='word_1_725' title='bbox 1668 3937 1822 3980; x_wconf 72' lang='lat' dir='ltr'><strong>Antund</strong></span> <span class='ocrx_word' id='word_1_726' title='bbox 1829 3948 1910 3987; x_wconf 88' lang='lat' dir='ltr'><strong>rus,</strong></span> <span class='ocrx_word' id='word_1_727' title='bbox 1931 3935 2027 3977; x_wconf 85' lang='lat' dir='ltr'><strong>urbs</strong></span> <span class='ocrx_word' id='word_1_728' title='bbox 2037 3936 2112 3977; x_wconf 89' lang='lat' dir='ltr'><strong>sub</strong></span> <span class='ocrx_word' id='word_1_729' title='bbox 2132 3936 2204 3977; x_wconf 88' lang='lat' dir='ltr'><strong>lda</strong></span> <span class='ocrx_word' id='word_1_730' title='bbox 2219 3937 2357 3986; x_wconf 86' lang='lat' dir='ltr'><strong>monte</strong></span> <span class='ocrx_word' id='word_1_731' title='bbox 2375 3936 2614 3987; x_wconf 82' lang='lat' dir='ltr'><strong>adMysiam</strong></span> <span class='ocrx_word' id='word_1_732' title='bbox 2627 3933 2812 3988; x_wconf 81' lang='lat' dir='ltr'><strong>AEolidis,</strong></span> <span class='ocrx_word' id='word_1_733' title='bbox 2835 3945 2862 3975; x_wconf 89' lang='grc'><strong>11</strong></span> 
     </span>
     <span class='ocr_line' id='line_1_113' title="bbox 1618 3996 2866 4044; baseline -0.004 -2"><span class='ocrx_word' id='word_1_734' title='bbox 1618 4013 1710 4043; x_wconf 88' lang='lat' dir='ltr'><strong>men</strong></span> <span class='ocrx_word' id='word_1_735' title='bbox 1741 4002 1862 4042; x_wconf 84' lang='lat' dir='ltr'><strong>habet</strong></span> <span class='ocrx_word' id='word_1_736' title='bbox 1890 4001 1942 4041; x_wconf 87' lang='lat' dir='ltr'><strong>ab</strong></span> <span class='ocrx_word' id='word_1_737' title='bbox 1969 4000 2176 4041; x_wconf 79' lang='lat' dir='ltr'><strong>Antandro</strong></span> <span class='ocrx_word' id='word_1_738' title='bbox 2208 4000 2370 4040; x_wconf 85' lang='lat' dir='ltr'><strong>AEolum</strong></span> <span class='ocrx_word' id='word_1_739' title='bbox 2392 3999 2508 4040; x_wconf 87' lang='lat' dir='ltr'><strong>duce.</strong></span> <span class='ocrx_word' id='word_1_740' title='bbox 2535 3996 2768 4044; x_wconf 76' lang='lat' dir='ltr'><strong>Aristoteles</strong></span> <span class='ocrx_word' id='word_1_741' title='bbox 2788 3998 2866 4038; x_wconf 80' lang='lat' dir='ltr'><strong>tra</strong></span> 
     </span>
     <span class='ocr_line' id='line_1_114' title="bbox 1618 4059 2855 4114; baseline -0.005 -8"><span class='ocrx_word' id='word_1_742' title='bbox 1618 4078 1707 4107; x_wconf 81' lang='lat' dir='ltr'><strong>eam</strong></span> <span class='ocrx_word' id='word_1_743' title='bbox 1735 4066 1983 4105; x_wconf 86' lang='lat' dir='ltr'><strong>nominatam</strong></span> <span class='ocrx_word' id='word_1_744' title='bbox 2016 4061 2103 4105; x_wconf 87' lang='lat' dir='ltr'><strong>esse</strong></span> <span class='ocrx_word' id='word_1_745' title='bbox 2137 4063 2380 4113; x_wconf 84' lang='lat' dir='ltr'><strong>Edonidem,</strong></span> <span class='ocrx_word' id='word_1_746' title='bbox 2405 4059 2514 4114; x_wconf 86' lang='lat' dir='ltr'><strong>quod</strong></span> <span class='ocrx_word' id='word_1_747' title='bbox 2549 4062 2704 4103; x_wconf 83' lang='lat' dir='ltr'><strong>Edones</strong></span> <span class='ocrx_word' id='word_1_748' title='bbox 2738 4060 2874 4105; x_wconf 79' lang='lat' dir='ltr'><strong>Thra</strong></span> 
     </span>
     <span class='ocr_line' id='line_1_115' title="bbox 1621 4122 2831 4180; baseline -0.006 -9"><span class='ocrx_word' id='word_1_749' title='bbox 1621 4131 1955 4180; x_wconf 82' lang='lat' dir='ltr'><strong>inhabitaverint,</strong></span> <span class='ocrx_word' id='word_1_750' title='bbox 1976 4130 2017 4170; x_wconf 84' lang='lat' dir='ltr'><strong>et</strong></span> <span class='ocrx_word' id='word_1_751' title='bbox 2035 4129 2316 4170; x_wconf 86' lang='lat' dir='ltr'><strong>Cimmeridem</strong></span> <span class='ocrx_word' id='word_1_752' title='bbox 2329 4159 2340 4180; x_wconf 90' lang='lat'>,</span> <span class='ocrx_word' id='word_1_753' title='bbox 2358 4127 2466 4180; x_wconf 83' lang='lat' dir='ltr'><strong>qnod</strong></span> <span class='ocrx_word' id='word_1_754' title='bbox 2485 4122 2688 4170; x_wconf 82' lang='lat' dir='ltr'><strong>cimmerii</strong></span> <span class='ocrx_word' id='word_1_755' title='bbox 2710 4125 2878 4170; x_wconf 75' lang='lat' dir='ltr'><strong>tenue</strong></span> 
     </span>
     <span class='ocr_line' id='line_1_116' title="bbox 1620 4196 2130 4248; baseline -0.008 -10"><span class='ocrx_word' id='word_1_756' title='bbox 1620 4209 1708 4238; x_wconf 85' lang='lat' dir='ltr'><strong>eam</strong></span> <span class='ocrx_word' id='word_1_757' title='bbox 1727 4207 1797 4248; x_wconf 85' lang='lat' dir='ltr'><strong>per</strong></span> <span class='ocrx_word' id='word_1_758' title='bbox 1816 4206 1940 4237; x_wconf 88' lang='lat' dir='ltr'><strong>annos</strong></span> <span class='ocrx_word' id='word_1_759' title='bbox 1955 4196 2130 4236; x_wconf 86' lang='lat' dir='ltr'><strong>centum.</strong></span> 
     </span>
    </p>
   </div>
  </div>
 </body>
</html>
