3016 4628
224 290 316 330 148

1104 268 1513 322 ARISTOTELIS
1554 269 1970 320 FRAGMENTA.
2039 339 2047 343 ἡ

219 390 500 447 Ἰθακησίους.
519 378 653 436 ²'W
630 402 654 436 ο
656 386 855 454 ’ἀ’λ,φιτα
878 378 1181 450 οἷνος,κηρία,
1198 386 1358 444 ἔλαιον,
1384 384 1500 442 ἅλες,
1581 385 1713 431 αὐτοῦ
1770 381 1880 432 κύει.
1935 381 2110 428 Eadem
2162 381 2437 427 Plutarchus
2490 383 2539 426 in
2588 383 2870 441 Arna‘torio,

217 465 349 527 ἱερεῖα
380 461 651 527 πρεσὸύτερα
689 459 903 536 φαγίλων·
944 458 1123 524 φάγιλον
1159 459 1206 506 δέ
1229 479 1356 526 φησιν
1388 458 1500 522 Ἀρι·
1581 475 1621 504 c.
1654 457 1742 516 23,
1771 457 1813 502 5.

217 534 418 592 στοτέλης
442 533 512 580 τὸν
535 532 669 594 ἀμνὸν
698 537 822 589 εἶναι.
843 531 953 585 Τους
979 531 1022 578 δὲ
1050 550 1149 597 περι
1175 531 1368 594 Εὔμαιον
1389 531 1502 577 ἐλευ-

219 605 409 670 θερώσας
427 609 450 652 δ
464 604 752 669 Τηλέμαχος,
772 603 995 667 κατέμιξεν
1014 604 1071 656 εἷς
1086 601 1182 656 τοὺς
1205 602 1404 658 πολίτας,
1427 619 1499 647 και

126 680 131 686 '
216 677 265 724 τὸ
291 676 408 740 γένος
432 678 523 724 ἐστὶ
552 678 776 725 Κολιαδῶν
802 679 878 723 ἀπ’
906 674 1128 737 Εὐμαίου,
1154 674 1227 720 και
1258 674 1499 721 Βουκολιῶν

217 748 302 796 ἀπὸ
326 749 565 797 Φιλοιτίου.

667 860 1047 909 nummum.

808 980 915 1032 134.

282 1098 439 1156 Steph.
466 1100 572 1156 ByZ.
594 1110 604 1142 ζ
629 1092 861 1155 Ἀμύνται,
878 1091 990 1145 ἔθνος
1010 1086 1333 1154 Θεσπρωτικόν.
1364 1109 1379 1127 κ
1402 1084 1495 1133 Μέ-

220 1185 288 1221 νος
310 1167 524 1220 πνείοντες
544 1165 748 1227 Ἀμύνται
775 1183 814 1206 »·
849 1164 921 1210 καὶ
955 1161 1246 1226 Ἀριστοτέλης
1266 1161 1309 1205 ἓν
1330 1162 1383 1222 τῇ
1409 1160 1493 1205 τῶν

219 1237 503 1303 Ἠπειρωτῶν
534 1237 744 1301 πολιτείᾳ.
770 1239 973 1298 Populus
998 1235 1184 1281 aliunde
1219 1250 1317 1277 non
1339 1242 1492 1279 notus.

217 1312 386 1358 Versus
401 1314 675 1373 particulam
696 1311 1023 1355 vindicaverim
1053 1309 1238 1353 Rhiano
1256 1341 1269 1366 ,
1300 1307 1381 1366 qui
1398 1306 1495 1350 lau-

219 1384 360 1430 datur
398 1387 447 1429 in
498 1386 710 1445 proxime
740 1382 1121 1428 antecedentibus
1156 1396 1203 1427 v.
1257 1376 1494 1439 Ἄμυμνοι,

219 1454 331 1510 ἔθνος
381 1454 703 1519 Ἥπειρωτικόν.
752 1458 1040 1514 Quamquam
1082 1453 1214 1498 facile
1256 1451 1497 1512 suspiceris

220 1527 458 1589 Ἀμύμνους
480 1540 526 1575 et
550 1528 754 1590 Ἀμύντας
773 1543 866 1573 esse
879 1527 1081 1572 eosdem.
1099 1527 1314 1571 Ceterum
1335 1539 1496 1569 omnes

214 1601 359 1646 codd.
379 1600 587 1653 πνείοντες
616 1598 836 1660 Ἀμύντου.

614 1720 1078 1770 ΑΜΒΡΑΚΙΩΤΩΝ.

797 1850 900 1895 135.

282 1963 501 2022 Stephan.
528 1963 632 2021 Byz.
658 1973 672 2003 'z
698 1956 963 2020 Δεξαμεναί,
980 1954 1106 2021 μέρος
1123 1958 1196 2013 τῆς
1212 1952 1496 2018 Ἀμὸρακίας,

218 2032 302 2079 ἀπὸ
325 2027 568 2095 Δεξαμενοῦ
599 2034 672 2077 τοῦ
707 2027 904 2079 Μεσόλου
930 2028 1082 2081 παιδὸς
1116 2027 1190 2074 καὶ
1230 2026 1498 2092 Ἀμὸρακίας

216 2108 292 2161 τῆς
314 2104 516 2169 θυγατρὸς
540 2102 815 2167 Φόρὸαντος,
840 2105 913 2148 τοῦ
934 2099 1101 2148 Ἡλίου.
1127 2099 1192 2148 Τὸ
1227 2099 1390 2146 ἐθνικὸν
1415 2101 1497 2147 Δε-

217 2178 458 2239 ξαμεναῖος,
483 2181 537 2230 ὡς
560 2176 850 2243 Ἀριστοτέλης
869 2173 995 2241 φησὶν
1021 2175 1063 2219 ἐν
1087 2176 1140 2238 τῇ
1163 2172 1497 2238 Ἀμὸρακιωτῶν

213 2250 419 2298 πολιτεία.

773 2343 925 2407 [136.]

277 2440 493 2503 [Aristot.
518 2439 631 2500 spol.
659 2445 713 2488 V.
747 2441 792 2498 8,
832 2457 862 2501 9
906 2456 917 2485 :
946 2437 1292 2487 Ἐπεὸούλευσαν
1321 2434 1365 2484 δὲ
1416 2434 1492 2483 καὶ

214 2511 466 2577 Περιάνδρῳ
503 2515 562 2576 τῷ
588 2513 630 2558 ἐν
655 2510 899 2577 Ἀμὸρακίᾳ
938 2510 1132 2575 τυράννῳ
1156 2509 1227 2557 διὰ
1263 2507 1312 2556 τὸ
1337 2505 1500 2570 συμπί-

213 2603 338 2632 νοντα
381 2584 490 2645 μετὰ
523 2588 606 2632 τῶν
632 2585 842 2632 παιδικῶν
877 2586 1091 2649 ἐρωτῆσαι
1115 2581 1241 2629 αὐτὸν
1273 2584 1308 2629 εἷ
1340 2581 1423 2640 ἤδη
1456 2580 1498 2636 ἐξ

215 2724 375 2772 Ulyssoe
393 2724 433 2762 in
450 2723 602 2763 ltaliam
631 2724 927 2774 commigravit,
951 2723 1144 2763 mulctam
1164 2722 1246 2762 filio
1270 2720 1496 2771 dedicavit,

216 2787 331 2837 eique
342 2786 392 2826 ab
409 2787 675 2827 ltliacensihus
686 2789 783 2828 solvi
795 2787 911 2838 Jussit
925 2800 935 2826 z
947 2788 1031 2827 erat
1044 2788 1180 2827 autem
1191 2786 1331 2837 farina,
1340 2785 1496 2835 vinum,

218 2850 298 2888 favi
326 2850 477 2898 mellis,
504 2852 658 2898 oleum,
682 2852 766 2901 sal,
801 2854 841 2892 et
863 2852 1038 2892 victimae
1070 2851 1286 2893 adultiores
1314 2849 1495 2901 phagilis.

216 2916 403 2954 Ceterum
423 2909 648 2954 Aristoteles
667 2915 892 2965 phaqilum
917 2916 974 2956 ait
995 2927 1078 2956 esse
1095 2926 1256 2966 agnum.
1273 2917 1397 2954 Porro
1423 2917 1499 2954 Eu-

219 2988 367 3017 maeum
392 2988 485 3017 curn
519 2978 601 3018 suis
625 2979 882 3019 Telemachus
909 2980 1092 3020 libertate
1125 2979 1318 3019 donatum
1346 2978 1500 3018 civibus

219 3041 385 3145 {merim
406 3053 415 3079 :
438 3043 574 3092 estque
588 3042 638 3082 ab
658 3045 822 3083 Eumaeo
844 3043 1095 3084 Coliadarum
1110 3055 1254 3095 genus,
1276 3055 1299 3084 a
1317 3042 1500 3084 Philoetio

256 3116 330 3144 uco
347 3110 488 3145 iorum.

646 3164 1071 3231 EPlROTARUM.

807 3298 904 3337 134.

274 3377 474 3425 Amyntae,
503 3376 669 3426 populus
689 3376 975 3428 Thesproticus.
1002 3379 1232 3420 Aristoteles
1258 3379 1298 3419 in
1322 3380 1501 3431 Epirota-

224 3449 311 3478 rum
331 3449 412 3488 rep.

565 3518 1146 3570 AMBRACIOTARUM.

809 3636 907 3677 135.

277 3730 534 3776 Dexamenoe,
572 3726 788 3769 Ambraciae
819 3739 933 3779 pars,
973 3741 997 3769 a
1027 3733 1253 3771 Dexamene
1291 3732 1425 3771 Mesoli
1464 3734 1505 3772 et

225 3790 442 3830 Ambraciae
474 3790 696 3830 Phorbanta
731 3794 835 3831 natm
883 3792 978 3832 tilio.
1011 3795 1165 3834 Gentile
1194 3798 1503 3847 Dexamenoeus,

228 3856 271 3894 ut
292 3854 519 3895 Aristotcles
534 3854 589 3894 ait
605 3854 643 3918 in
664 3855 1002 3896 Ambraciotarum
1023 3868 1103 3908 rep.

778 3937 919 3990 maest

278 4026 290 4075 [
308 4024 459 4073 insidiae
474 4025 591 4065 etiam
605 4025 816 4067 Periandro
830 4026 1046 4066 Ambraciae
1059 4029 1226 4077 tyranno
1236 4030 1398 4068 structae
1412 4033 1506 4070 sunt

228 4092 431 4140 propterea
444 4120 455 4139 ,
472 4090 577 4142 quod
595 4090 697 4131 inter
714 4091 1034 4142 compotandum,
1049 4103 1173 4142 quum
1192 4103 1269 4133 una
1282 4095 1382 4133 esset
1399 4105 1507 4144 puer,

228 4164 346 4203 ιμιοιιι
367 4154 430 4193 ille
457 4153 495 4193 in
519 4154 669 4195 deliciis
693 4154 884 4205 habebat,
909 4155 1150 4207 quaesivisset
1174 4167 1222 4194 ex
1254 4167 1300 4195 co
1316 4186 1326 4205 ,
1356 4160 1506 4198 essetne

225 4217 307 4266 jain
326 4229 373 4256 ex
392 4230 430 4254 sc
449 4220 675 4266 pra-guaris?
691 4219 706 4269 J

1643 531 1744 574 Pol.
1768 532 1823 584 V,
1853 528 1898 584 3,
1925 528 1986 572 6:
2015 524 2093 573 Ἐν
2115 523 2415 591 Ἀμὸρακία...
2436 524 2700 592 Περίανδρον
2721 546 2872 576 συνεκ-

1579 599 1723 647 δαλὼν
1743 599 1830 652 τοῖς
1862 595 2125 683 ἐπιθεμένοις
2147 599 2170 644 ὁ
2189 597 2324 658 δῆμος
2346 595 2419 644 τὸν
2437 597 2661 662 τύραννον,
2691 600 2751 654 εἷς
2769 603 2871 648 ἑαυ·

1577 671 1648 718 τὸν
1669 669 1924 735 περιέστησε
1953 666 2031 726 τὴν
2070 667 2312 718 πολιτείαν.
2334 673 2389 717 V.
2422 673 2610 719 Miiller,
2635 675 2752 718 Dor.
2789 676 2867 731 II,

1577 762 1625 804 p.
1663 744 1768 791 155.
2815 739 2817 741 ¹

1642 818 1743 861 Pol.
1778 819 1832 876 V,
1861 831 1906 872 2,
1934 828 1963 876 9
1991 831 2002 859 ε
2035 812 2375 872 Μεταὸάλλουσι
2402 813 2438 862 δ’
2473 817 2519 862 αἱ
2552 817 2765 864 πολιτεῖαι
2797 816 2872 865 καὶ

1577 886 1676 933 ἄνευ
1702 886 1928 940 στάσεως..
1937 884 2055 935 .διὰ
2086 884 2135 933 τὸ
2166 884 2288 952 παρὰ
2325 886 2499 952 μικρόν·
2525 886 2641 952 λέγω
2675 887 2720 936 δὲ
2751 888 2873 955 παρὰ

1577 959 1746 1024 μικρόν,
1770 958 1833 1005 ὅτι
1864 957 2074 1012 πολλάκις
2097 958 2298 1017 λανθάνει
2323 959 2492 1022 μεγάλη
2508 959 2715 1024 γινομένη
2738 960 2874 1024 μετά-

1576 1031 1702 1085 aasz<
1725 1051 1808 1078 των
1841 1030 2054 1093 νομίμων,
2087 1023 2189 1078 ὅταν
2213 1035 2437 1097 παρορῶσι
2456 1031 2505 1079 τὸ
2525 1032 2699 1098 μικρὸν,
2723 1031 2873 1100 ὥσπερ

1582 1105 1626 1149 ἐν
1661 1102 1907 1168 Ἀμὸρακία
1946 1102 2099 1168 μικρὸν
2116 1107 2169 1162 ἦν
2192 1102 2242 1150 τὸ
2261 1103 2463 1168 τίμημα,
2498 1103 2661 1158 τέλος
2638 1106 2676 1153 ο’
2702 1105 2868 1160 οὐθενὸς

1574 1180 1723 1240 ἠρχον·
1761 1180 1817 1230 ὣς
1845 1175 1969 1239 ἐγγυς
2002 1174 2048 1222 ὂν
2077 1175 2105 1234 ἢ
2147 1175 2280 1238 μηθὲν
2310 1175 2511 1242 διαφέρον
2548 1182 2626 1226 τοῦ
2649 1177 2784 1241 μηθὲν
2817 1176 2869 1226 τὸ

1574 1247 1742 1314 μικρόν.
1761 1253 1776 1306 ]

2015 1370 2426 1433 [mmmmm

2141 1507 2300 1571 [137·]

1643 1647 1870 1710 [Aristot.
1893 1649 1997 1693 Pol.
2035 1650 2090 1704 V,
2117 1646 2164 1704 8,
2191 1646 2217 1691 5
2259 1664 2270 1692 ε
2298 1647 2375 1693 Ad
2405 1649 2584 1709 regiam
2613 1650 2762 1694 evecti
2793 1649 2870 1696 di-

1574 1723 1798 1784 gnitatem
1832 1731 1939 1766 sunt
1958 1722 2035 1766 alii
2053 1721 2116 1765 ob
2140 1722 2251 1766 alias
2273 1736 2454 1777 causam,
2483 1721 2563 1766 alii
2584 1718 2808 1776 κτίσαντες
2834 1720 2866 1778 ἢ

1576 1792 1843 1855 κτησάμενοι
1867 1791 2034 1858 χώραν,
2058 1789 2204 1857 ὥσπερ
2228 1793 2266 1839 οἳ
2293 1791 2650 1854 Λακεδαιμονίων
2681 1794 2875 1858 βασιλεῖς
2960 1804 2961 1809 ’

1573 1858 1649 1907 καὶ
1669 1857 1931 1907 Μακεδόνων
1958 1857 2032 1905 κα).
2057 1858 2308 1907 Μολοττῶν.

1606 1934 1740 1979 Pol.
1761 1936 1817 1990 V,
1838 1949 1885 1994 9,
1915 1947 1933 1976 1
1968 1929 2088 1980 εΔιὰ
2111 1929 2196 1994 γὰρ
2220 1934 2344 1978 τοῦτο
2360 1929 2454 1994 (sc.
2478 1927 2550 1977 διὰ
2569 1949 2619 1977 το
2641 1929 2720 1988 τὴν
2745 1933 2872 1996 βασι-

1574 2002 1696 2052 λείαν
1722 2002 1842 2068 ἄγειν
1862 2003 1934 2051 ἐπὶ
1953 2002 2002 2051 τὸ
2027 2002 2330 2069 μετριώτερον)
2350 2001 2427 2050 καὶ
2450 2005 2479 2061 ἡ
2503 2003 2602 2068 περὶ
2622 2002 2872 2059 Μολοττοὺς

1575 2074 1708 2124 πολὺν
1733 2075 1888 2142 χρόνον
1914 2075 2114 2141 βασιλεία
2135 2074 2396 2139 διέμεινεν.]

1639 2154 1711 2196 De
1723 2165 1811 2195 aere
1820 2149 2064 2196 Dodonaeo
2073 2151 2369 2195 Aristotelem
2381 2149 2541 2195 laudat
2553 2149 2770 2195 Suidasv.
2781 2150 2875 2197 Δω-

1576 2223 1754 2270 δωναῖον
1787 2223 1918 2286 χαλκ.
1954 2224 2108 2282 Quare
2138 2222 2497 2270 Dodonaeorum
2535 2222 2874 2288 rempublicam

1575 2296 1713 2342 finxit
1733 2298 2051 2341 Neumannus.
2087 2297 2150 2340 At
2171 2304 2447 2355 comparato
2483 2293 2726 2354 Stephano
2761 2295 2870 2354 Byz.

1576 2386 1624 2415 v.
1676 2365 1867 2425 Δωδώνη
1881 2402 1893 2424 ,
1931 2368 2161 2412 docemur
2212 2368 2452 2412 Aristoteli
2494 2366 2871 2412 substituendum

1576 2457 1682 2487 esse,
1714 2441 1966 2486 Aristidem
2003 2439 2076 2485 τὸν
2116 2438 2172 2486 τὰ
2201 2442 2276 2486 τοῦ
2316 2435 2575 2498 Πολέμωνος
2611 2455 2874 2502 μεταγεγρα-

1577 2532 1703 2580 φοτα.

1623 2717 1865 2770 [Ambraciac
1879 2717 2050 2768 populus
2065 2717 2276 2767 postquam
2290 2715 2553 2756 Periandrum
2565 2714 2779 2765 tyrannum
2795 2723 2876 2753 una

1571 2794 1665 2824 cum
1686 2782 1753 2832 iis,
1776 2782 1845 2833 qui
1864 2780 1983 2832 primi
1998 2791 2092 2821 eum
2106 2780 2353 2829 invaserant,
2389 2779 2594 2831 exegerat,
2613 2778 2666 2818 ad
2681 2788 2726 2820 se
2747 2778 2876 2830 reipu-

1572 2849 1687 2889 blicoe
1700 2846 2079 2888 administrationem
2096 2844 2302 2895 pertraxit.
2317 2844 2334 2896 ]

1630 2914 1870 2966 [Mutantur
1895 2911 2132 2962 respublicae
2151 2900 2271 2951 etiam
2287 2909 2374 2950 siue
2394 2907 2844 2963 seditione...·paulatim
2860 2923 2874 2948 2

1573 2978 1665 3018 dico
1680 2978 1814 3017 autem
1827 2975 2036 3027 paulatim,
2059 2984 2189 3024 quum
2207 2983 2312 3024 saepe
2334 2972 2445 3013 fallat
2459 2972 2609 3011 civium
2628 2969 2875 3010 animadver-

1574 3044 1726 3084 sionem
1755 3052 1899 3092 magna
1930 3038 2207 3080 institutorum
2238 3037 2466 3089 reipublicae
2496 3036 2667 3076 mutatio
2691 3046 2785 3086 quae
2804 3034 2873 3085 fit,

1575 3108 1674 3148 dum
1689 3108 1731 3147 in
1746 3117 1790 3147 re
1809 3115 1932 3158 parva
1940 3104 2155 3144 connivent
2170 3104 2210 3143 et
2216 3097 2460 3153 ‘negligentes
2473 3099 2722 3152 sepraebent:
2736 3109 2874 3151 quem-

1507 3188 1513 3196 ·
1576 3172 1793 3214 admodum
1821 3169 2043 3212 Ambraciae
2063 3179 2206 3210 census
2239 3169 2326 3209 erat
2356 3178 2503 3219 parvus
2527 3176 2670 3206 eorum
2691 3164 2761 3216 qui
2790 3163 2873 3205 rei-

1576 3237 1748 3289 publicae
1780 3235 2005 3286 praeerant;
2032 3232 2084 3272 ad
2113 3233 2340 3273 extremum
2376 3232 2512 3271 autem
2547 3229 2697 3269 nullius
2729 3238 2874 3269 census

1577 3301 1756 3342 liominoe
1769 3299 1819 3340 ad
1835 3297 2090 3349 magistratus
2104 3295 2428 3348 provehebantur
2447 3293 2635 3345 :proinde
2649 3293 2764 3344 quasi
2779 3303 2871 3344 par-

1576 3378 1674 3409 vum
1698 3376 1862 3407 censum
1881 3363 2028 3404 habere
2047 3362 2277 3414 proximum
2296 3360 2349 3402 sit
2367 3360 2440 3400 aut
2457 3357 2558 3400 nihil
2573 3357 2692 3411 plane
2713 3357 2875 3400 differat

1577 3434 1628 3475 ab
1647 3444 1717 3483 eo,
1733 3431 1842 3482 quod
1856 3432 1917 3471 est
1931 3429 2087 3470 nullum
2104 3425 2284 3478 habere]
2321 3444 2323 3446 ·

1935 3538 1939 3542 ’
1976 3523 2476 3593 [MOLOSSORUM.]

2151 3649 2293 3704 [132]

1630 3769 1719 3823 [Ad
1740 3767 1889 3819 regiam
1910 3765 2037 3807 evecti
2059 3762 2292 3814 dignitatem
2310 3760 2403 3800 sunt
2425 3758 2492 3799 alii
2513 3756 2569 3798 ob
2594 3756 2692 3797 alias
2713 3765 2874 3805 causas,
2923 3780 2930 3810 2

1581 3836 1728 3877 aliiaut
1742 3834 1842 3874 urbe
1853 3831 2036 3880 condita,
2051 3830 2123 3880 apt
2134 3825 2385 3880 propagatis·
2373 3823 2528 3876 imperii
2543 3821 2715 3872 finibus,
2731 3831 2874 3873 quem·
2916 3827 2926 3880 ᾗ

1583 3898 1803 3941 admodum
1832 3892 2224 3938 Lacedaemoniorum
2256 3891 2298 3931 et
2320 3887 2587 3931 Macedonum
2620 3887 2662 3927 et
2683 3884 2875 3927 Molosso·
2923 3881 2926 3886 ’

1583 3974 1820 4082 ωῗέῖὲῗιῖὲι
1829 3961 1942 4068 ]hanc
1958 4034 2118 4066 causam
2145 4019 2287 4073 (quod
2316 4019 2422 4073 regia
2446 4018 2622 4071 potestas
2646 4014 2700 4056 ad
2720 4013 2875 4055 medio-
2900 4032 2903 4034 v
2923 3995 2926 3998 Α

1583 4097 1764 4136 critatem
1799 4092 1924 4143 magis
1938 4090 2109 4131 adducta
2128 4087 2243 4140 erat)
2266 4096 2433 4138 regnum
2448 4083 2708 4127 Molossorum
2723 4078 2792 4120 diu
2816 4077 2883 4118 iu·

1585 4163 1744 4202 colume
1766 4158 1923 4199 mansit.
1943 4155 1956 4207 ]
