3016 4628
202 258 293 300 ⁴72

197 354 430 418 Ἰδομενεὺς
447 355 519 403 καὶ
532 359 683 423 Δοῦρις
700 358 937 423 εἰρήκασιν,
951 359 1066 408 ὀκτὼ
1084 362 1142 423 δ’,
1157 363 1214 415 ὡς
1236 364 1275 408 οἱ
1295 364 1490 409 πλεῖστοι

196 428 268 474 καὶ
287 428 571 491 δοκιμώτατοι
592 434 676 477 τῶν
697 431 977 499 συγγραφέων
998 433 1172 493 τούσδε,
1194 433 1489 496 Δημοσθένην,

200 500 486 559 Πολύευκτον,
525 503 777 569 Ἐφιάλτην,
805 509 1068 572 Λυκοῦργον,
1093 505 1370 571 Μοιροκλέα,
1401 507 1488 562 Δή·

196 592 318 635 μωνα
335 611 348 636 ,
373 576 686 635 Καλλισθένην,
711 578 980 644 Χαρίδημον.

258 651 449 705 Novem,
483 667 560 712 ap.
590 654 774 699 Arrian.
805 656 851 708 Ι,
881 669 956 709 10,
996 670 1047 710 73
1074 655 1248 706 decem,
1286 652 1485 696 Diodor.

193 722 373 778 XVIII,
404 723 455 779 53
480 724 642 769 decem
666 727 801 770 etiam
827 726 989 770 Suidas
1011 742 1055 772 v.
1087 722 1362 786 Ἀντίπατρος
1390 738 1489 782 Ρο-

192 795 382 840 stulatos
404 797 462 840 ab
483 799 727 858 Antipatro
745 798 901 855 refert,
921 797 1001 842 sed
1019 798 1238 842 undecim
1258 803 1483 841 recenset.

194 866 263 922 (V.
281 875 379 912 not.
395 868 454 912 ad
475 869 639 930 fragm.
659 870 914 916 Aristobul.
939 867 1001 930 1.)
1021 869 1169 926 Major
1189 869 1326 912 etiam
1343 868 1392 910 in
1402 883 1484 910 no-

190 940 393 986 minibus
408 943 617 988 varietas.
638 964 656 982 «
680 942 911 1002 Equidem
932 950 1142 985 oratores
1162 945 1279 999 quo‘s
1294 940 1487 998 Antipa-

191 1020 263 1056 ter
272 1014 523 1071 postulavit
534 1014 660 1058 haud
675 1028 848 1073 paucos
862 1028 1058 1057 numero
1079 1011 1268 1072 (Polyb.
1287 1011 1373 1064 IX,
1399 1010 1481 1069 29)

191 1099 298 1128 cum
315 1085 369 1129 iis
385 1086 556 1145 opinor
568 1101 659 1130 esse
677 1085 904 1140 confusos,
919 1098 1122 1143 quorum
1140 1082 1484 1126 damnationem

190 1156 455 1202 Alexander
474 1159 640 1218 exegit.
675 1178 693 1196 υ
720 1157 996 1214 Bernhardy
1020 1155 1079 1199 ad
1103 1154 1232 1200 Suid.
1260 1155 1288 1198 l.
1314 1154 1345 1196 l.
1373 1151 1385 1215 (
1408 1154 1480 1197 De

190 1230 436 1289 Antipatro
459 1245 504 1273 v.
528 1230 741 1289 Spengel.
775 1228 934 1287 Συναγ.
961 1244 1078 1288 τεχν.
1106 1242 1153 1286 p.
1191 1241 1245 1269 21
1261 1241 1278 1269 1
1295 1262 1307 1281 ,
1334 1223 1427 1268 226
1445 1223 1481 1286 ).

190 1301 367 1358 Quodsi
399 1310 487 1356 est,
524 1302 738 1344 minimus
761 1314 980 1344 numerus
1007 1298 1198 1342 videtur·
1227 1298 1485 1341 verissimus

190 1387 302 1418 esse.
329 1374 490 1432 Neque
512 1383 663 1417 tamen
685 1381 861 1416 constat
879 1372 965 1415 sibi
986 1371 1278 1427 Plutarchus,
1295 1371 1344 1414 in
1365 1370 1486 1414 Pho-

190 1445 313 1489 cion.
337 1460 374 1487 c.
403 1461 417 1487 1
432 1461 455 1501 7
476 1445 761 1505 Hyperidem
778 1445 1044 1500 nominans,
1070 1457 1208 1502 quen-1
1226 1443 1348 1488 inter
1371 1450 1480 1488 octo

189 1525 349 1559 nostro
372 1518 477 1561 loco
502 1519 747 1563 recensitos
773 1518 960 1563 omittit.

797 1650 869 1680 1-0.

1185 1691 1199 1721 ἱ

258 1750 486 1796 Plutarch.
514 1751 643 1794 Alex.
670 1765 706 1793 c.
736 1747 790 1793 15
817 1766 826 1794 ε
849 1749 942 1805 Τῆς
961 1748 1006 1794 δὲ
1026 1755 1229 1813 στρατιᾶς
1252 1746 1300 1795 τὸ
1319 1749 1480 1807 πλῆθος

188 1822 226 1865 οἱ
248 1818 325 1881 μὲν
350 1818 576 1883 ἐλάχιστον
599 1818 791 1883 λέγοντες
817 1819 1091 1884 τρισμυρίους
1115 1817 1267 1875 πεζοὺς
1286 1819 1359 1867 καὶ
1382 1839 1481 1867 πεν-

188 1891 479 1956 τακισχιλίους
501 1892 671 1951 ἱππεῖς,
696 1894 733 1940 οἷ
756 1891 798 1938 δὲ
823 1892 1022 1939 πλεῖστον
1043 1890 1192 1947 πεζοὺς
1224 1891 1301 1955 μὲν
1328 1911 1481 1957 τετρα-

186 1964 441 2028 κισμυρίους
461 1964 534 2011 καὶ
559 1964 842 2029 τρισχιλίους,
862 1964 1020 2018 ἱππέας
1047 1965 1092 2012 δὲ
1117 1964 1484 2030 τετρακισχιλίους

189 2035 522 2101 ἀναγράφουσιν.
541 2036 738 2102 Ἐφόδιον
753 2035 795 2083 δὲ
811 2036 974 2091 τούτοις
986 2039 1032 2084 οὖ
1045 2037 1174 2084 πλέον
1188 2037 1482 2100 ἑὸδομήκοντα

187 2107 408 2155 ταλάντων
441 2109 553 2172 ἔχειν
580 2109 705 2157 αὐτὸν
733 2109 1055 2175 Ἀριστόὸουλος
1095 2111 1166 2173 (fr.
1211 2112 1251 2174 Ι)
1296 2113 1479 2175 ἱστορεῖ,

184 2184 335 2243 Δοῦρις
357 2180 401 2228 δὲ
424 2181 651 2245 τριάκοντα
676 2182 802 2244 μόνον
823 2185 995 2247 ἡμερῶν
1024 2181 1272 2248 διατροφήν.

249 2255 315 2302 Cf.
343 2256 416 2303 Id.
443 2259 512 2301 De
535 2256 712 2303 fortun.
742 2258 877 2304 Alex.
906 2266 1025 2302 orat.
1061 2259 1107 2315 Ι,
1140 2274 1182 2302 c.
1220 2257 1272 2315 3,
1305 2273 1356 2318 p.
1387 2263 1478 2311 402

183 2328 342 2374 Didot.
369 2345 378 2371 :
398 2326 460 2375 Τὸ
481 2326 525 2374 δὲ
541 2327 740 2391 λαμπρὸν
764 2330 881 2393 αὐτῷ
898 2328 972 2376 καὶ
991 2327 1102 2392 μέγα
1122 2329 1480 2395 παρασκευασθὲν

184 2398 264 2446 ὑπὸ
301 2402 377 2456 τῆς
411 2399 548 2464 τύχης
585 2401 749 2466 ἐφόδιον
775 2400 1073 2464 ἑὸδομήκοντα
1109 2402 1302 2449 τάλαντα
1325 2394 1394 2461 ἦν,
1424 2401 1481 2457 ὥς

184 2490 310 2536 φησιν
333 2472 668 2537 Ἀριστόὸουλος·
709 2476 765 2528 ὡς
801 2473 846 2521 δὲ
871 2477 1050 2540 Δοῦρις,
1089 2474 1321 2540 τριάκοντα
1353 2474 1479 2536 μόνον

183 2547 355 2608 ἡμερῶν
395 2545 676 2609 ἐπισιτισμός.
730 2551 842 2607 Quae
885 2550 1078 2610 quidem
1122 2566 1222 2595 non
1270 2559 1481 2611 pugnant

183 2620 305 2663 inter
326 2635 388 2666 se.
414 2620 487 2664 Id.
507 2621 623 2665 ibid.
647 2622 718 2681 11,
744 2638 817 2679 11,
835 2638 885 2683 p.
916 2629 1009 2684 419
1030 2623 1162 2668 Didt.
1187 2640 1198 2668 ε
1220 2621 1304 2670 Ἐκ
1327 2620 1478 2668 τούτου

186 2689 412 2752 διέὸαινεν,
437 2694 493 2745 ὡς
519 2690 596 2753 μὲν
621 2692 856 2758 Φύλαρχός
882 2694 964 2756 (fr.
1003 2712 1058 2753 71
1079 2693 1092 2759 )
1120 2713 1266 2760 φησιν,
1304 2697 1478 2759 ἡμερῶν

183 2762 411 2826 τριάκοντα
441 2763 549 2827 ἔχων
572 2765 746 2824 ἐφόδιον·
773 2768 830 2819 ὥς
855 2766 892 2812 δ’
916 2765 1261 2830 Ἀριστόόουλος,
1287 2767 1480 2831 ἑὸδομή-

187 2852 315 2879 κοντα
339 2834 547 2885 τάλαντα.

254 2909 475 2952 Memoria
500 2911 676 2969 lapsum
701 2913 998 2958 Plutarchum
1018 2930 1107 2974 pro
1127 2914 1308 2959 Duride
1325 2915 1480 2957 nomi—

187 2995 314 3024 nasse
342 2982 644 3040 phylarchum
669 2993 820 3030 censet
843 2988 1109 3034 Hulleman.
1141 2987 1473 3032 Probabiliter.

188 3053 322 3096 Gent.
348 3055 493 3112 Epist.
522 3061 619 3100 crit.
641 3072 688 3115 p.
721 3073 743 3113 7
768 3073 855 3117 pro
874 3056 1111 3122 Φύλαρχος
1129 3059 1382 3120 legendum
1397 3074 1480 3118 pu·

190 3134 253 3168 tat
280 3123 558 3188 Κλείταρχος.

1275 254 1530 304 DUmms
1569 255 1749 304 SAMII

1853 404 1925 433 11.
1970 386 2204 449 (01.111,
2226 387 2273 433 3.
2295 404 2337 437 a.
2363 391 2414 436 C.
2444 390 2582 454 334.)

1630 488 1838 532 Clemens
1853 487 1928 532 Al.
1954 487 2127 531 Strom.
2147 487 2192 543 Ι,
2214 502 2265 546 Ρ.
2294 487 2386 544 337
2411 490 2455 534 A
2476 505 2491 536 ς
2514 487 2592 543 Ὡς
2609 489 2653 538 δὲ
2679 493 2864 560 Δοῦρις,
2934 539 2935 542 ¹

1566 555 1650 602 ἀπὸ
1674 555 1835 620 Τροίας
1865 553 2066 609 ἁλώσεως
2100 554 2172 602 ἐπὶ
2206 556 2285 615 τὴν
2319 557 2594 626 Ἀλεξάνδρου
2628 564 2687 618 εἷς
2719 565 2866 615 Ἀσίαν

1565 627 1764 674 διοίὸασιν
1789 627 1861 685 ἔτη
1882 626 2022 691 χίλια.
2051 628 2122 675 Cf.
2144 630 2310 691 fragm.
2335 633 2509 678 Chron.
2535 651 2584 696 p,
2617 653 2726 684 122,
2749 641 2867 687 Cum
2890 644 2894 651 ·

1563 701 1742 746 Duride
1772 701 1883 746 facit
1910 702 2104 746 Timaeus
2133 710 2179 747 et
2199 704 2514 763 probabiliter
2537 710 2677 755 etiam
2699 712 2866 760 Clitar·
2928 751 2930 756 ,
2977 711 2983 769 ξ

1564 775 1810 889 chl'i'szetzes
1851 846 2094 892 Posthom.
2137 861 2231 907 779
2273 799 2534 895 sec'undum
2571 854 2864 902 Hellanicum
2890 866 2898 872 '
2926 844 2930 853 Ι

1563 915 1647 976 (fr.
1681 932 1699 959 ι
1712 914 1790 972 43,
1812 916 1895 959 ubi
1918 915 2052 980 vide)
2065 926 2111 962 et
2123 919 2356 965 Duridem
2372 921 2559 981 Trojam
2571 935 2754 986 captam
2773 943 2868 975 esse
2979 920 2983 927 ’

1561 988 1676 1032 dicit
1696 987 1772 1031 die
1796 987 2078 1035 duodecima
2091 993 2259 1037 mensis
2277 992 2617 1055 Thargelionis.
2633 999 2707 1043 Sic
2727 1000 2867 1065 etiam
2921 1023 2938 1059 2,
2980 1040 2984 1056 ,

1559 1060 1720 1103 Dinias
1757 1061 1830 1104 vel
1864 1061 2115 1121 Dionysius
2141 1064 2356 1124 ArgivuS.
2383 1065 2454 1113 Cf.
2479 1076 2581 1115 not.
2606 1069 2670 1114 ad
2691 1071 2866 1128 Mam.
2888 1124 2891 1125 ⁷

1559 1133 1666 1178 Par.
1693 1147 1770 1192 ep.
1809 1137 1895 1188 24,
1932 1149 1980 1193 p.
2010 1133 2122 1181 568.
2156 1137 2389 1182 Numerus
2411 1153 2469 1183 ex
2503 1139 2627 1186 festis
2668 1140 2873 1191 Junonis
2929 1174 2938 1203 ·.

1559 1206 1741 1265 Argivae
1767 1206 2023 1266 Samiaeque
2045 1197 2352 1267 explicandus
2374 1225 2469 1256 esse
2492 1213 2696 1263 videtur.

1914 1365 1985 1394 12.
2027 1349 2123 1411 (Ol.
2156 1367 2263 1409 112,
2295 1369 2336 1398 1.
2368 1352 2508 1418 332).

1922 1476 1958 1520 F.
1994 1476 2182 1524 LIBRO
2226 1477 2500 1544 SEPTIMO.

1624 1600 1869 1645 Athenaeus
1910 1602 1999 1658 IV,
2031 1617 2079 1661 Ρ.
2115 1602 2201 1660 167
2222 1637 2236 1664 ‚
2264 1604 2299 1649 C
2321 1617 2333 1651 ε
2355 1604 2510 1669 Δοῦρις
2545 1603 2587 1651 δ’
2624 1606 2668 1654 ἐν
2692 1606 2865 1676 ἑὸδόμῳ

1559 1668 1884 1728 Μακεδονικῶν,
1917 1669 2016 1736 περὶ
2040 1671 2327 1737 Πασικύπρου
2350 1673 2487 1739 λέγων
2512 1680 2588 1724 τοῦ
2609 1678 2653 1725 ἐν
2695 1679 2863 1750 Κύπρῳ

1561 1740 1774 1806 βασιλέως
1788 1779 1800 1801 ,
1823 1741 1888 1790 ὅτι
1915 1742 2082 1799 ἄσωτος
2102 1737 2170 1804 ἦν,
2194 1745 2352 1813 γράφει
2374 1747 2449 1795 καὶ
2469 1747 2598 1816 τάδεζ
2620 1771 2638 1794 α
2658 1750 2861 1809 Ἀλέξαν-

1560 1814 1655 1879 δρος
1667 1814 1777 1877 μετὰ
1794 1814 1872 1873 τὴν
1894 1816 2038 1882 Τύρου
2062 1817 2314 1883 πολιορκίαν
2338 1820 2624 1888 Πνυταγόραν
2649 1827 2862 1876 ἀποστέλ·

1559 1887 1644 1934 λων
1682 1885 1818 1943 ἄλλας
1836 1908 1883 1936 τε
1922 1889 2083 1956 δωρεὰς
2110 1890 2249 1959 ’ἔδωκε
2283 1891 2359 1939 καὶ
2391 1893 2568 1959 χωρίον,
2600 1894 2624 1943 ὃ
2647 1897 2858 1962 ᾐτήσατο.

1561 1959 1778 2026 Πρότερον
1818 1961 1864 2009 δὲ
1897 1966 2023 2010 τοῦτο
2048 1962 2382 2031 Πασίκυπροςὸ
2410 1966 2651 2029 βασιλεύων
2677 1970 2864 2022 ἀπέδοτο

1559 2031 1613 2078 δι’
1644 2032 1834 2080 ἀσωτίαν
1851 2034 2119 2092 πεντήκοντα
2146 2036 2370 2083 ταλάντων
2389 2039 2591 2106 Πυμᾶτῳ
2611 2043 2673 2106 τῷ
2693 2045 2862 2108 Κιτιεῖ,

1559 2104 1653 2165 ἅμα
1678 2106 1727 2153 τὸ
1764 2106 1923 2172 χωρίον
1957 2107 2031 2156 καὶ
2054 2107 2134 2167 τὴν
2174 2113 2305 2157 αὑτοῦ
2333 2111 2582 2174 βασιλείαν·
2615 2114 2690 2162 καὶ
2714 2117 2862 2166 λαὸὼν

1557 2177 1612 2225 τὰ
1635 2177 1865 2242 χρήματα,
1880 2181 2178 2246 κατεγήρασεν
2204 2183 2248 2229 ἔν
2275 2181 2544 2245 Ἀμαθοῦντι.
2559 2207 2579 2229 »
2911 2238 2914 2244 ,
2934 2223 2940 2234 -.

1623 2255 1694 2298 De
1717 2255 1967 2315 Pasicypro
1993 2257 2060 2300 nil
2103 2266 2311 2315 constat3
2351 2257 2410 2303 de
2434 2260 2720 2323 Pnytagora‚
2745 2267 2864 2312 Eva·

1557 2341 1683 2386 gorae
1713 2326 1764 2384 s.,
1787 2343 1834 2372 v.
1868 2328 2069 2376 Diodor.
2104 2330 2208 2384 XV,
2238 2336 2284 2387 4,
2313 2346 2361 2391 2,
2412 2332 2552 2390 XVI,
2581 2333 2671 2392 46,
2718 2352 2738 2381 1
2769 2353 2861 2403 sq.‚
2907 2330 2945 2394 ᾖ.

1560 2399 1830 2455 Arrian.II‚
1859 2415 1947 2457 20,
1972 2402 2158 2447 Curtius
2180 2404 2260 2459 IV,
2292 2402 2339 2460 3,
2370 2419 2388 2448 1
2404 2420 2444 2451 1.
2468 2424 2487 2445 ει
2506 2406 2750 2466 Pymatum
2780 2426 2860 2456 re-
2892 2423 2921 2469 ,ζ
2945 2431 2947 2436 ·

1556 2486 1661 2532 gem
1680 2474 1909 2518 Meursius
1930 2476 2002 2520 De
2024 2477 2181 2536 Cypro
2197 2492 2246 2537 p.
2273 2493 2360 2534 127
2385 2477 2521 2524 fuisse
2533 2489 2704 2540 censet,
2722 2498 2863 2543 quem

1555 2545 1825 2591 Alexandro
1867 2549 1933 2595 M.
1969 2550 2197 2610 insignem
2217 2549 2428 2610 gladium
2450 2550 2693 2599 donavisse
2716 2555 2860 2603 refert

1555 2619 1791 2665 Plutarch.
1819 2620 1955 2667 Alex.
1977 2636 2020 2668 c.
2043 2620 2118 2669 32.
2133 2623 2243 2667 Non
2266 2622 2502 2669 diversum
2519 2640 2546 2671 a
2561 2627 2861 2687 Pygmalione
2910 2616 2948 2666 ‘²37'

1556 2692 1752 2752 Cyprio,
1777 2709 1918 2754 quem
1935 2695 2010 2742 Ol.
2048 2711 2154 2753 117,
2191 2712 2210 2741 1
2240 2697 2514 2743 Ptolemaeus
2532 2714 2558 2744 e
2577 2700 2734 2746 medio
2758 2717 2860 2748 sus-

1557 2766 1663 2810 tulit
1706 2765 1926 2827 (Diodor.
1963 2769 2109 2825 XIX,
2153 2769 2259 2831 79),
2288 2771 2421 2815 illum
2450 2771 2594 2817 habet
2624 2774 2854 2834 Droysen.

1560 2838 1723 2886 Gesch.
1752 2840 1799 2882 d.
1828 2838 2002 2897 Nae-les.
2023 2842 2164 2888 Alex.
2187 2858 2235 2902 p.
2264 2841 2375 2895 340.
2405 2862 2425 2883 n
2450 2845 2731 2891 Humanum.

2171 2957 2243 3002 13.

1620 3058 1866 3102 Athenaeus
1884 3059 1949 3116 X,
1966 3051 2014 3119 p.
2041 3059 2151 3117 434,
2169 3062 2212 3110 D
2237 3075 2246 3104 ε
2267 3058 2400 3123 Παρὰ
2418 3057 2462 3106 δὲ
2481 3059 2670 3126 Πέρσαις
2690 3066 2751 3129 τῷ
2773 3067 2851 3128 βα-

1556 3130 1669 3175 σιλεῖ
1691 3128 1855 3194 ἐφίεται
1887 3129 2173 3192 μεθύσκεσθαι
2209 3139 2290 3199 μιᾷ
2309 3131 2479 3199 ἡμέρα,
2507 3135 2549 3180 ἐν
2573 3127 2604 3198 ᾗ
2627 3134 2774 3185 θύουσι
2792 3142 2855 3204 τῷ

196 3216 2833 3246 --——-—*———-——-—-——-r-—--—-—-—--——----—-----——...-

114 3320 117 3323 ‚
188 3273 306 3311 gogos
319 3261 478 3312 decem,
509 3266 550 3303 ut
569 3265 800 3307 Idomeneus
819 3271 859 3308 et
878 3273 993 3310 Duris
1007 3272 1170 3312 narrant
1183 3272 1275 3321 „er
1293 3272 1384 3310 octo
1399 3301 1411 3321 ,
1433 3272 1479 3310 ut

187 3325 347 3376 plurimi
375 3328 414 3365 et
445 3328 705 3377 probatissimi
746 3333 954 3383 scriptores
983 3336 1184 3386 referunt,
1212 3335 1332 3376 hosce
1362 3351 1370 3374 :
1403 3337 1476 3374 De·

189 3391 458 3435 mosthenem.
490 3395 765 3445 polyeuctum,
801 3399 1029 3449 Ephialten,
1063 3403 1311 3451 Lycurgum,
1338 3403 1476 3440 Moero·

188 3456 289 3497 clem
304 3486 314 3505 ,
336 3459 548 3497 Demonem
562 3487 571 3505 ,
597 3460 894 3520 Callisthenem,
915 3465 1213 3507 Charidemum.

804 3570 871 3608 10.

240 3660 452 3708 copiarum
475 3661 735 3710 (quibuscum
761 3664 798 3703 in
824 3666 951 3706 Asiam
970 3669 1186 3710 Alexander
1202 3672 1379 3723 trajecit)
1400 3684 1474 3718 nu·

188 3733 340 3762 merum
354 3724 421 3774 qui
445 3724 653 3764 minimum
674 3726 834 3776 dicunt,
863 3730 1019 3779 triginta
1050 3733 1170 3773 millia
1190 3735 1389 3785 peditum;
1407 3737 1475 3786 qui

188 3789 408 3828 maximum
439 3789 600 3840 dicunt,
623 3791 798 3840 peditum
835 3794 1093 3846 quadraginta
1123 3800 1269 3850 millia,
1295 3803 1474 3852 equitum

188 3854 375 3901 quattuor
392 3853 516 3893 millia
537 3855 701 3904 ponunt.
733 3856 929 3897 viaticum
961 3859 1066 3899 hisce
1095 3872 1174 3902 non
1196 3865 1301 3904 ultra
1323 3868 1473 3916 septua-

188 3915 294 3964 ginta
320 3917 466 3956 talenta
500 3918 663 3967 habuit,
693 3920 738 3958 ut
767 3920 1016 3961 Aristobulus
1044 3928 1201 3975 narrat3
1230 3930 1347 3967 Duris
1382 3942 1474 3970 vero

189 3980 304 4020 refert
318 3990 408 4019 eum
430 3980 468 4019 in
484 3980 643 4031 triginta
655 3983 810 4023 tantum
830 3984 914 4023 dies
929 3985 1115 4025 alimenta
1139 3988 1332 4031 habuisse.

798 4073 862 4111 11.

239 4166 463 4205 Secundum
486 4168 670 4207 uui-idem
691 4180 713 4208 a
737 4170 864 4219 Trojae
888 4170 1039 4210 excidio
1053 4183 1176 4222 usque
1198 4174 1246 4213 ad
1268 4177 1474 4217 Alexandri

191 4228 226 4268 in
249 4229 373 4268 Asiam
396 4231 662 4279 trajectionem
688 4232 885 4273 annisum
911 4234 1029 4273 mille.

2172 3298 2240 3338 12.

1609 3377 1729 3417 Duris
1755 3388 1850 3418 vero
1865 3408 1877 3428 ,
1905 3380 2074 3430 septimo
2111 3381 2213 3421 libro
2240 3384 2384 3422 Rerum
2415 3382 2786 3436 Macedonicarum,
2804 3385 2855 3427 de

1553 3443 1764 3492 Pasieypro
1794 3443 1982 3495 loquens,
2000 3445 2119 3496 cypri
2149 3456 2262 3496 rege,
2291 3457 2412 3498 quem
2449 3447 2700 3489 luxuriosum
2735 3449 2855 3492 tuisse
2896 3479 2897 3482 η

1551 3506 1628 3556 ait,
1663 3507 1749 3546 haec
1768 3507 1904 3547 scribit
1929 3524 1938 3554 ;
1965 3524 1985 3544 «
2021 3508 2244 3552 Alexander
2276 3512 2365 3563 post
2401 3513 2495 3563 Tyri
2520 3503 2876 3564 expugnationemvx

1554 3571 1811 3621 Pnytagoram
1827 3572 1990 3622 dimisit,
2010 3581 2137 3625 quum
2154 3574 2290 3616 multis
2300 3575 2387 3617 aliis
2401 3577 2632 3618 muneribus
2642 3577 2850 3630 donatum,

1551 3634 1640 3673 tum
1656 3635 1832 3686 castello,
1852 3637 1959 3687 quod
1976 3637 2058 3688 ipse
2071 3637 2146 3678 sibi
2164 3639 2446 3690 postulaverat.
2464 3640 2508 3681 ld
2525 3641 2734 3682 castellum
2758 3643 2852 3684 ante
2893 3695 2895 3698 .

1551 3697 1593 3736 id
1621 3698 1779 3748 tempus
1800 3700 2033 3752 Pasicyprus
2050 3711 2145 3752 rex,
2169 3701 2222 3742 ob
2246 3702 2472 3753 luxuriam,
2507 3705 2673 3756 Pymato
2703 3706 2850 3748 cittieo
2871 3729 2882 3745 .-

1550 3763 1802 3812 vendiderat,
1828 3766 1945 3806 simul
1962 3768 2168 3808 castellum
2190 3768 2232 3807 et
2245 3767 2375 3819 ipsum
2397 3780 2563 3820 regnum
2581 3781 2713 3820 suum,
2733 3771 2875 3824 quin-›-

1550 3827 1737 3878 quaginta
1766 3829 1947 3880 talentis;
1975 3842 2055 3882 qua
2083 3831 2252 3882 pecunia
2287 3835 2472 3884 accepta,
2508 3835 2575 3876 ille
2608 3836 2848 3877 Amathunta

1550 3893 1823 3932 consenuerat.
1844 3908 1872 3927 »-
2001 3903 2007 3909 ·

2157 3970 2227 4012 13.

1548 4094 1550 4098 ,
1602 4051 1715 4103 Apud
1737 4054 1874 4091 Persas
1888 4049 2041 4090 licitum
2064 4050 2126 4089 est·
2140 4050 2219 4100 regi
2242 4061 2320 4090 uno
2332 4050 2396 4092 die
2414 4052 2614 4104 inebriari,
2635 4065 2684 4094 eo
2699 4064 2839 4106 nempe

1550 4127 1630 4166 quo
1660 4116 1816 4156 Mithrae
1842 4125 1951 4156 sacra
1967 4114 2133 4156 faciunt.
2165 4117 2253 4161 Qua
2268 4115 2319 4156 de
2338 4127 2381 4158 re
2400 4118 2456 4158 sic
2485 4119 2622 4160 scribit
2640 4120 2759 4160 Duris
2775 4131 2839 4161 se-

1548 4182 1674 4232 ptimo
1690 4181 1792 4221 libro
1818 4180 2110 4221 Historiarum:
2131 4194 2150 4214 rt
2168 4183 2228 4220 Ex
2247 4182 2430 4224 omnibus
2452 4184 2560 4225 sestis
2574 4184 2864 4236 (ἱίοδυε,ᾳυος;

1552 4248 1678 4284 Persic
1699 4245 1920 4295 celebrant,
1943 4255 1990 4288 eo
2007 4255 2084 4283 nno
2111 4244 2179 4294 qui
2210 4246 2365 4288 Mithrae
2381 4258 2490 4288 sacer
2521 4250 2600 4298 est,
2624 4241 2871 4301 ἰῐιι*.1)ι·ἰειῖιιι·ζι
