3008 4542
146 253 162 291 5
233 234 326 274 572

291 334 521 394 Dynastiae
546 334 655 378 XVI
695 347 770 392 ap.
811 330 1083 376 Africanum
1129 332 1239 374 anni
1268 341 1375 375 sunt
1410 329 1522 377 518.

226 409 442 452 Proxime
477 407 538 451 ad
560 407 684 450 hunc
718 420 967 449 numerum
1003 404 1234 448 accedunt
1253 406 1363 448 anni
1398 403 1486 448 511
1508 438 1521 460 ,

225 496 343 539 quos
367 481 393 524 J
396 480 595 538 osephus
616 478 804 522 exhibet
820 511 833 534 ,
852 479 915 522 ita
933 487 1087 522 tamen
1103 511 1116 534 ‚
1139 486 1193 521 ut
1210 478 1524 536 comprehen-

226 552 339 597 dant
359 567 505 596 annos
543 549 638 610 259
663 565 829 611 regum
856 549 1245 594 antecedentium.
1275 550 1380 592 Hoc
1410 563 1523 592 vero

143 674 153 679 -
221 625 413 683 Josephi
423 632 738 667 commentum
746 638 837 668 esse
846 623 1046 678 videtur,
1061 623 1143 680 qui
1153 636 1299 665 annos
1309 621 1526 679 dynastiae

221 698 333 742 XVI
354 696 412 740 ad
450 696 630 755 dynast.
652 697 739 740 XV
764 706 810 740 et
846 697 957 741 XVI
976 695 1213 750 retulerit,
1242 709 1301 737 ne
1328 694 1524 737 nimium

222 770 444 814 Manetho
465 768 697 828 discrepet
721 784 748 814 a
765 768 1037 813 Judaeorum
1062 756 1395 825 chronologia3
1415 781 1523 810 nam

221 840 477 890 secundum
500 840 699 886 Genesin
726 838 797 901 (c.
831 838 934 900 19),
962 848 1016 882 ut
1049 839 1146 897 ipse
1175 837 1403 896 Josephus
1430 838 1523 897 ait,

220 913 375 957 Judaei
405 912 464 973 (i.
488 928 530 956 e.
557 914 768 956 Pastores
802 926 892 957 sec.
934 909 1057 971 Jos.)
1097 910 1284 953 nonnisi
1322 913 1415 962 400
1441 924 1526 953 an—

220 987 291 1030 nis
314 986 364 1029 in
386 986 591 1045 AEgypto
618 983 894 1028 commorati
921 992 1042 1026 sunt.
1072 983 1154 1026 His
1183 982 1326 1042 igitur
1351 997 1409 1025 ex
1426 982 1524 1026 Ma-

220 1058 426 1102 nethone
449 1057 735 1101 substituerit
756 1070 902 1100 annos
929 1053 984 1098 51
1000 1071 1041 1110 1,
1069 1069 1156 1114 per
1184 1070 1303 1113 quos
1314 1069 1526 1115 regnasse

220 1133 433 1176 Pastores
451 1132 499 1174 in
520 1131 725 1190 AEgypto
747 1130 824 1174 ait.
866 1127 1007 1185 Quod
1036 1126 1207 1171 deinde
1229 1128 1526 1172 subsecutum

221 1218 315 1247 esse
334 1204 397 1247 ait
416 1203 590 1246 bellum
613 1201 904 1257 diuturnum,
926 1200 977 1243 id
994 1201 1214 1258 componi
1239 1196 1394 1259 potest
1418 1215 1526 1244 cum

221 1275 431 1320 Africani
468 1274 677 1333 dynastia
699 1275 858 1330 XVII,
883 1288 1048 1333 regum
1066 1272 1309 1316 Pastorum
1329 1282 1375 1317 et
1401 1273 1526 1317 The-

218 1348 447 1392 haeorum.
476 1350 530 1394 V.
556 1349 753 1393 Bunsen.
780 1362 828 1405 p.
872 1346 927 1389 18
966 1354 1011 1389 et
1034 1346 1282 1389 Boeckhius
1320 1361 1369 1405 p.
1411 1345 1522 1405 239.

219 1422 468 1467 Boeckhius
499 1428 655 1464 tamen
687 1421 826 1463 etiam
861 1419 993 1462 aliter
1021 1420 1157 1463 statui
1180 1434 1315 1478 posse
1344 1418 1523 1463 docuit.

217 1495 452 1540 Nimirum
477 1508 623 1552 quum
641 1493 691 1535 in
711 1492 921 1552 dynastia
937 1493 1071 1537 XVII
1099 1499 1428 1536 recenseantur
1465 1491 1523 1544 43

219 1583 350 1628 reges
373 1569 583 1611 Pastores
602 1575 647 1610 et
662 1581 792 1626 reges
809 1566 1082 1624 Diospolitae
1102 1566 1214 1609 item
1236 1565 1295 1617 43
1323 1563 1381 1625 (si
1399 1574 1526 1609 recte

219 1655 443 1684 numerus
458 1638 640 1700 habet),
679 1639 813 1682 facile
840 1636 942 1682 fieri
961 1639 1166 1697 potuisse
1194 1647 1248 1682 ut
1266 1640 1527 1697 Excerptor

218 1713 513 1757 Manethonis
539 1712 599 1756 ad
622 1727 764 1756 unam
785 1711 1045 1770 dynastiam
1075 1712 1211 1755 XVII
1244 1712 1527 1771 Diospolitas

219 1802 349 1846 reges
370 1801 530 1830 ornnes
549 1785 769 1840 referret,
791 1800 998 1843 quorum
1028 1784 1180 1842 major
1206 1800 1312 1844 pars
1330 1785 1427 1843 jam
1451 1800 1528 1829 re—

219 1869 441 1920 gnaverat
463 1859 756 1918 temporibus
779 1859 1021 1902 Pastorum
1047 1857 1269 1917 dynastiae
1293 1859 1420 1905 XVI.
1443 1860 1531 1902 Ita-

220 1949 312 1993 que
330 1943 537 1993 tempus,
576 1948 663 1993 per
698 1933 830 1991 quod
868 1941 1079 1991 pastores
1099 1933 1321 1992 κρατῆσαι
1351 1932 1427 1986 τ’ῆς
1448 1931 1525 1977 At«

218 2005 408 2066 γύπτου,
433 2007 483 2051 id
514 2017 581 2051 est
600 2008 686 2051 soli
709 2021 921 2066 regnasse
938 2039 949 2060 ,
976 2004 1272 2064 dicebantur,
1306 2005 1446 2048 licere
1482 2006 1531 2048 in

219 2081 409 2125 brevius
448 2080 722 2143 contrahere
764 2087 811 2122 et
856 2080 881 2122 J
886 2079 1112 2137 osephum
1158 2092 1265 2121 cum
1306 2077 1528 2122 Africano

220 2155 470 2198 conciliare
492 2154 619 2198 hunc
640 2154 690 2196 in
707 2151 906 2196 modum
934 2166 945 2198 z

284 2274 406 2332 Dyn.
442 2272 547 2317 XV.
617 2273 827 2316 Pastores
847 2277 1045 2330 regnant
1060 2269 1147 2314 soli
1253 2269 1346 2322 284

590 2346 830 2458 §Pastores
851 2349 1051 2404 regnant
1069 2343 1158 2386 soli
1234 2358 1345 2421 ΒΞ

285 2412 406 2470 Dyn.
440 2411 568 2457 XVI.
1253 2429 1343 2477 511
1421 2444 1514 2491 518

618 2513 828 2556 Pastores
848 2521 894 2556 et
911 2511 1184 2571 Diospolitae
1255 2524 1345 2569 291

285 2587 409 2645 Dyn.
435 2587 585 2630 XVII.
626 2585 838 2629 Pastores
849 2593 895 2628 et
913 2584 1187 2644 Diospolitae
1262 2599 1280 2626 1
1292 2582 1317 2627 5
1329 2600 1348 2627 1

1265 2694 1360 2742 442

286 2807 390 2851 Jam
425 2807 611 2850 sirecte
649 2806 786 2850 statui
819 2805 1009 2850 Eusebii
1039 2805 1220 2851 fontem
1247 2822 1304 2851 ex
1340 2816 1534 2853 auctore

222 2877 430 2934 fluxisse,
465 2878 546 2937 qui
583 2879 827 2922 Pastorum
866 2878 1096 2937 dynastias
1121 2880 1314 2923 omnino
1338 2895 1439 2923 non
1481 2881 1531 2924 in

223 2958 500 3010 computum
525 2950 786 3006 admiserit3
814 2966 961 2995 annos
983 2957 1074 3004 442
1092 2986 1103 3007 ,
1131 2952 1301 3011 quibus
1321 2967 1378 2996 ex
1397 2953 1532 3013 inge—

222 3024 353 3067 niosa
375 3022 583 3067 Boeekhii
607 3024 788 3067 ratione
806 3024 1078 3082 Diospolitae
1094 3039 1186 3068 una
1203 3039 1309 3068 cum
1330 3025 1530 3068 Pastori-

223 3095 313 3140 bus
344 3104 627 3156 regnarunt,
658 3105 765 3154 apte
797 3111 1084 3155 componere
1116 3097 1224 3141 licet
1259 3112 1366 3141 cum
1400 3099 1530 3143 annis

227 3173 337 3223 440,
358 3184 476 3227 quos
496 3167 715 3226 dynastiae
728 3169 813 3214 XV
830 3177 876 3212 et
895 3169 1005 3213 XVI
1026 3167 1145 3229 (250
1164 3178 1209 3213 et
1229 3169 1344 3230 190)
1366 3170 1530 3214 tribuit

225 3241 469 3286 Eusebius.
511 3242 581 3285 De
617 3240 823 3299 dynastia
854 3242 991 3285 XVII
1015 3242 1131 3300 quid
1158 3243 1416 3286 Bunsenius
1439 3252 1526 3288 sta-

225 3314 369 3357 tuerit
390 3327 529 3372 supra
560 3314 658 3370 jam
681 3313 1004 3361 indicavimus.
1032 3315 1303 3359 Absurdum
1332 3325 1424 3372 est,
1451 3317 1528 3359 in-

227 3387 355 3444 quit,
392 3400 526 3445 reges
552 3384 611 3437 43
648 3387 833 3430 nonnisi
873 3402 960 3446 per
1003 3386 1088 3431 151
1118 3403 1265 3431 annos
1294 3403 1525 3448 regnasse.

228 3459 392 3517 Itaque
411 3473 502 3518 pro
538 3457 596 3510 43
617 3459 755 3517 ponit
787 3457 813 3502 5
831 3494 842 3515 ,
865 3468 1002 3518 atque
1021 3462 1112 3504 1100
1129 3460 1274 3504 1110ᾶο
1315 3461 1525 3516 obtinet,

227 3539 281 3573 ut
313 3545 474 3574 omnes
496 3531 707 3574 Pastores
731 3530 908 3589 dynast.
936 3533 1040 3587 XV,
1073 3533 1183 3578 XVI
1211 3540 1258 3577 et
1280 3533 1416 3578 XVII
1439 3549 1528 3576 nu-

228 3617 361 3646 mero
374 3603 464 3647 sint
489 3602 578 3662 43;
598 3603 690 3646 1100
709 3604 850 3663 igitur
876 3613 1040 3648 notare
1065 3606 1262 3649 voluisse
1285 3606 1528 3650 Manetho-

229 3688 338 3717 nem
363 3674 491 3718 dicit.
530 3675 679 3718 Porro
713 3674 838 3718 haud
877 3676 1025 3720 credit
1047 3677 1179 3734 juxta
1220 3676 1278 3730 43
1321 3679 1530 3722 Pastores

231 3746 428 3790 totidem
452 3746 587 3791 fuisse
611 3762 744 3807 reges
763 3748 1003 3795 Thebaeos.
1030 3750 1179 3809 Igitur
1198 3765 1289 3808 pro
1317 3749 1375 3802 43
1394 3752 1531 3810 ponit

235 3815 295 3861 53
311 3852 322 3874 ‚
345 3820 455 3878 quia
469 3834 738 3879 persuasum
762 3818 850 3863 sibi
877 3819 1018 3864 habet
1035 3836 1165 3880 reges
1182 3822 1289 3866 istos
1313 3820 1391 3879 53,
1412 3838 1531 3881 quos

231 3898 338 3947 post
367 3891 763 3940 Amumarthaeum
793 3892 1117 3936 Eratosthenes
1153 3895 1432 3939 recensuisse
1457 3895 1527 3940 di·

287 4027 364 4065 Scd
388 4027 437 4067 de
465 4028 549 4068 istis
578 4028 740 4079 quidem
762 4028 857 4068 alibi
887 4028 1181 4080 inquisitionem
1207 4031 1347 4071 faciam
1377 4033 1534 4083 diligen·

240 4089 397 4130 tiorem.
412 4093 527 4131 Nunc
540 4094 671 4132 autem
691 4092 810 4143 liuJus
825 4093 1073 4143 antiquitatis
1088 4095 1207 4133 testes
1227 4095 1406 4145 produco
1422 4100 1532 4147 AEgy·

1144 220 1235 267 MA
1248 220 1285 267 N
1295 219 1566 268 ETHONIS
1603 218 1997 268 SEBENNYTAE

1601 325 1737 380 citur,
1761 339 1840 374 eos
1872 333 2052 369 tantum
2089 326 2285 386 intelligi
2309 326 2482 373 debere
2497 362 2510 384 ‚
2537 329 2623 389 qui
2654 326 2899 376 Pastorum
2944 316 2969 389 ἸῘῖ

1600 396 1892 456 temporibus
1913 398 2170 458 regnarint.
2196 397 2344 442 Addit
2361 399 2563 459 denique
2584 402 2778 446 omnino
2801 417 2902 446 non
2939 396 2970 463 If

1598 470 1800 527 potuisse
1819 470 2151 514 Manethonem
2174 470 2288 515 duas
2309 486 2475 531 regum
2491 472 2684 518 familias
2702 489 2796 519 una
2817 474 2904 534 dy·
2939 460 2962 503 ἶ

1600 543 1746 588 nastia
1759 542 2173 602 comprehendere.
2194 543 2335 600 Quod
2345 553 2532 589 eatenus
2544 554 2725 590 tantum
2735 562 2901 592 verum
2959 596 2963 598 ,

1601 623 1691 670 est,
1719 624 1946 674 quatenus
1967 630 2127 660 omnes
2150 631 2224 660 eas
2255 615 2650 679 dynastias,·quas
2661 618 2797 677 juxta
2834 620 2903 665 al·

1601 695 1721 731 teras
1745 688 1968 747 quasdam
1989 689 2245 733 Bunsenius
2258 704 2469 749 regnasse
2488 691 2661 748 statuit,
2679 693 2904 738 Manetho
2977 732 2979 734 .

1600 762 1845 819 separatim
1861 770 1907 806 et
1926 762 1989 805 ita
2007 771 2216 807 recenset
2231 771 2285 806 ut
2304 763 2447 807 altera
2462 773 2588 823 post,
2613 762 2626 826 (
2637 779 2735 809 non
2751 764 2900 828 Juxta)

1601 833 1794 878 alteram
1811 849 2021 894 regnasse
2035 835 2187 879 videri
2205 835 2389 880 debeat.
2413 838 2475 880 At
2490 836 2657 895 majori
2671 853 2779 883 cum
2797 834 2900 883 veri
2949 837 2961 889 'g

1600 907 1779 966 specie,
1814 907 2010 966 opinor,
2040 907 2208 951 ordine
2239 909 2424 952 inverso
2456 908 2627 954 dixeris
2657 910 2906 955 Manetho-

1600 995 1709 1024 nem
1735 995 1881 1038 quum
1903 980 1954 1023 in
1989 980 2127 1024 XVII
2151 979 2362 1039 dynastia
2399 981 2624 1026 Thebaeos
2654 991 2700 1027 et
2740 983 2904 1028 Pasto-

1599 1067 1674 1096 res
1703 1067 1835 1112 reges
1867 1053 2005 1096 simul
2039 1061 2284 1113 regnantes
2307 1055 2652 1112 composuerit,
2686 1054 2812 1099 idem
2837 1054 2907 1100 fa-

1602 1134 1786 1169 cturum
1801 1124 1953 1181 fuisse,
1975 1125 2114 1169 etiam
2128 1126 2178 1168 in
2187 1125 2285 1169 aliis
2304 1125 2538 1184 dynastiis‚
2555 1127 2592 1170 si
2609 1141 2723 1186 quas
2742 1127 2908 1173 alteras
2949 1131 2954 1179 3

1595 1196 1729 1256 juxta
1753 1198 1918 1242 alteras
1933 1211 2146 1257 regnasse
2162 1197 2299 1241 statui
2318 1198 2552 1242 voluisset.

1667 1271 1816 1331 Igitur
1826 1279 2068 1331 pastorum
2083 1279 2297 1331 tempora
2312 1285 2402 1316 see.
2419 1270 2756 1316 Manethonem
2777 1271 2907 1317 Afri-
2962 1281 2966 1287 ⁴
2987 1276 2990 1280 ’

1603 1345 1706 1387 cani
1721 1343 2129 1404 comprehendunt
2142 1358 2290 1387 annos
2303 1339 2396 1402 953
2414 1341 2632 1402 (284-1-5
2642 1359 2661 1387 1
2671 1342 2793 1399 8÷1
2804 1341 2830 1388 5
2841 1360 2860 1390 1
2875 1341 2906 1408 J.
2949 1332 2962 1367 f·
2976 1350 2992 1359 “’

1599 1416 1854 1461 Bunsenius
1869 1425 2084 1462 numerat
2097 1431 2191 1476 929
2210 1414 2428 1479 (260÷5
2441 1432 2458 1459 1
2468 1414 2625 1470 8-1-15
2637 1432 2654 1460 1
2669 1415 2702 1478 J.
2715 1417 2910 1463 Initium
2958 1405 2969 1475 ἶ,

1601 1503 1767 1533 eorum
1795 1488 2074 1549 ponendum
2107 1503 2201 1533 esse
2225 1490 2484 1549 suspicatur
2512 1497 2621 1548 post
2642 1503 2816 1534 annum
2841 1489 2904 1535 63

1600 1563 1722 1622 regis
1786 1562 2143 1619 Amumarthaei‚
2182 1562 2408 1622 postremi
2456 1577 2647 1618 eorum,
2694 1577 2812 1621 quos
2848 1578 2908 1608 ex

1600 1636 1915 1680 Eratosthenis
1953 1636 2186 1680 laterculis
2210 1635 2445 1695 Myncello
2489 1644 2679 1683 enotare
2711 1636 2905 1699 placuit.
2966 1617 2999 1664 ]

1602 1707 1742 1766 Apud
1774 1709 2108 1752 Manethonem
2148 1710 2549 1754 Amumarthaeum
2587 1721 2742 1756 censet
2771 1711 2909 1759 fuisse
2968 1703 3001 1767 ἦ

1602 1795 1760 1840 regem
1785 1783 1974 1825 tertium
2001 1781 2220 1840 dynastiae
2250 1783 2383 1827 XIII.
2411 1785 2638 1843 Reliquos
2655 1784 2795 1843 hujus
2815 1786 2908 1846 dy-

1602 1854 1757 1896 nastiae
1779 1869 1911 1913 reges
1930 1854 2063 1898 sicuti
2087 1855 2377 1915 septuaginta
2399 1870 2479 1899 sex
2501 1857 2666 1900 Xoitas
2686 1857 2907 1916 dynastiae
2971 1850 3005 1913 *f

1603 1926 1732 1980 XIV,
1755 1926 2027 1970 tributarios
2058 1927 2325 1986 pastoribus
2351 1927 2503 1972 fuisse.
2528 1956 2592 1962 -—
2614 1929 2908 1977 Postremum
2978 1922 2993 1966 ‚⁵

1602 2006 1838 2056 pastorem
1883 1999 2058 2058 excipit
2093 2001 2275 2058 primus
2324 2015 2412 2044 rex
2453 2000 2674 2060 dynastiae
2718 2004 2876 2050 XVIII
2890 2039 2905 2063 ,

1608 2070 1804 2116 Amosis.
1832 2097 1898 2103 —
1920 2071 2137 2115 Ceterum
2159 2071 2219 2115 ad
2240 2073 2486 2132 Pastorum
2516 2081 2728 2134 tempora
2750 2078 2910 2135 perti-

1603 2151 1717 2186 nent
1758 2144 1949 2188 nomina
2004 2158 2169 2204 regum
2226 2144 2537 2189 Thebaeorum
2553 2180 2566 2201 ,
2616 2162 2718 2206 quae
2763 2150 2908 2195 altera

1605 2215 1774 2260 tabulae
1809 2217 2106 2261 Carnacianae
2138 2216 2333 2262 dimidia
2363 2233 2471 2277 pars
2504 2220 2708 2267 exhibet.
2757 2223 2908 2273 Porro

1606 2303 1662 2332 ex
1686 2289 1983 2347 nominibus,
2007 2305 2109 2348 quae
2129 2291 2180 2333 in
2199 2290 2468 2351 fragmentis
2491 2294 2658 2352 papyri
2677 2295 2907 2340 Turinen-

1604 2362 1663 2406 sis
1684 2371 1931 2422 supersunt
1943 2397 1954 2419 ,
1973 2378 2030 2407 ex
2045 2363 2202 2422 Lepsii
2219 2362 2528 2410 adornatione
2541 2365 2787 2412 referenda
2806 2368 2905 2414 huc

1607 2434 1762 2480 forent
1785 2436 1908 2480 circa
1929 2436 2182 2496 sexaginta.
2208 2435 2320 2495 Quae
2341 2452 2488 2496 quum
2511 2439 2675 2484 mutila
2693 2440 2784 2484 sint
2805 2441 2907 2500 ple-

1606 2523 1753 2567 raque
1765 2541 1780 2562 ‚
1805 2517 1852 2553 et
1868 2508 1929 2552 ad
1950 2524 2037 2554 nos
2057 2524 2227 2569 parum
2250 2511 2517 2569 pertineant
2531 2545 2544 2566 ,
2569 2526 2808 2558 recensere
2830 2513 2908 2559 hic

1606 2581 1903 2640 supersedeo.
1923 2583 1978 2628 V.
1998 2583 2197 2628 Bunsen.
2217 2598 2268 2642 p.
2299 2582 2359 2642 39
2381 2599 2483 2643 sqq.
2510 2585 2581 2628 Ex
2596 2587 2910 2631 monumentis

1606 2654 1862 2699 Bunsenius
1884 2670 1933 2714 p.
1958 2652 2018 2707 45
2044 2664 2268 2714 quattuor
2282 2671 2449 2716 regum
2473 2658 2666 2702 nomina
2690 2660 2906 2721 apponit,

1606 2726 1771 2771 iisdem
1794 2727 2115 2788 temporibus—¹,
2141 2736 2194 2772 ut
2217 2728 2422 2786 videtur,
2442 2729 2741 2778 vindicanda.

1807 2863 2118 2911 DYNASTIA
2150 2866 2386 2911 DECIMA
2421 2865 2676 2912 OCTAVA.

2210 2992 2289 3041 50.

2007 3111 2129 3157 SEC.
2167 3113 2192 3156 J
2197 3110 2503 3159 OSEPHUM.

1669 3246 1696 3288 J
1700 3245 1896 3304 osephus
1912 3244 1960 3289 C.
1981 3245 2156 3304 Apion.
2175 3246 2212 3301 I,
2237 3242 2292 3288 15
2320 3259 2330 3287 ε
2354 3239 2485 3289 Ἀλλὰ
2508 3241 2606 3306 περὶ
2630 3240 2709 3304 μὲν
2744 3241 2907 3291 τούτων

1605 3316 1647 3362 ἐν
1666 3314 1812 3368 ἄλλοις
1846 3313 2085 3378 ποιήσομαι
2116 3313 2195 3372 τὴν
2223 3313 2412 3369 ἐξέτασιν
2445 3312 2769 3378 ἀκριὸεστέραν.
2796 3315 2906 3364 Νυνὶ

1603 3387 1647 3434 δὲ
1671 3390 1747 3445 τῆς
1785 3387 2070 3453 ἀρχαιότητος
2110 3386 2270 3446 ταύτης
2297 3385 2592 3451 παρατίθεμαι
2633 3384 2732 3440 τοὺς
2763 3388 2905 3450 Αἰγυ-ς

1602 3459 1749 3514 πτίους
1773 3461 2008 3525 μάρτυρας.
2081 3459 2224 3508 Πάλιν
2248 3451 2320 3507 οῧν
2344 3458 2396 3506 τὰ
2421 3462 2494 3506 τοῦ
2535 3461 2792 3513 Μανεθῶνος
2815 3461 2907 3514 πῶς

1602 3531 1693 3596 ἔχει
1717 3532 1820 3598 πρὸς
1840 3531 1916 3591 τὴν
1957 3534 2041 3579 τῶν
2067 3530 2231 3595 χρόνων
2255 3530 2375 3586 τάξιν
2403 3530 2654 3596 ὑπογράψω.
2698 3529 2821 3588 Φησὶ
2859 3529 2904 3578 δὲ

1602 3605 1732 3652 οὕτω·
1761 3627 1779 3647 «
1805 3604 1933 3654 Μετὰ
1956 3605 2005 3652 τὸ
2030 3603 2212 3660 ἐξελθεῖν
2252 3603 2294 3659 ἐξ
2324 3602 2549 3667 Αἰγύπτου
2585 3604 2656 3649 τὸν
2691 3602 2796 3650 λαὸν
2817 3605 2905 3650 τῶν

1602 3676 1817 3740 ποιμένων
1838 3680 1897 3732 εἷς
1923 3677 2207 3742 Ἱεροσόλυμα
2248 3680 2270 3723 ὃ
2291 3674 2486 3724 ἐκὸαλὼν
2513 3674 2665 3727 αὐτοὺς
2690 3674 2733 3730 ἐξ
2759 3674 2904 3738 Αἰγύ-

1602 3768 1710 3797 πτου
1739 3748 1939 3814 βασιλεὺς
1981 3752 2022 3798 Τ
2033 3748 2087 3796 έθ
2102 3767 2217 3812 μωσ
2231 3767 2244 3795 ι
2258 3768 2277 3802 ς
2307 3748 2586 3811 (Sethmosis
2609 3750 2716 3796 Eus.
2737 3751 2864 3794 Arm.
2883 3748 2899 3811 J

1603 3822 1857 3870 ἐδασίλευσε
1871 3821 1982 3884 μετὰ
1999 3826 2134 3869 ταῦτα
2162 3820 2235 3879 ἔτη
2253 3819 2388 3868 εἴκοσι
2410 3819 2538 3867 πέντε
2555 3820 2629 3867 καὶ
2655 3823 2792 3882 μῆνας
2809 3818 2904 3869 τέσ-

1603 3912 1757 3957 σαρας,
1783 3894 1856 3942 καὶ
1886 3893 2138 3950 ἐτελεύτησε
2159 3929 2172 3955 ,
2196 3891 2271 3940 καὶ
2299 3891 2522 3958 παρέλαὸε
2547 3891 2625 3951 τὴν
2655 3890 2793 3957 ἀρχὴν
2818 3892 2901 3939 αὖ-

1609 4035 1846 4092 οκιὶΕὲγρῑο
1862 4043 2039 4084 egressus
2053 4034 2113 4073 est
2129 4033 2341 4072 Pastorum
2360 4033 2531 4083 populus
2545 4032 2597 4072 ad
2610 4031 2898 4083 Hierosolyma,

1605 4099 1675 4149 qui
1694 4099 1784 4139 illos
1797 4109 1850 4139 ex
1865 4099 2031 4148 AEgypto
2046 4096 2198 4147 pepulit
2214 4107 2286 4136 rex
2302 4096 2527 4136 Tethmosis
2537 4125 2547 4144 ,
2565 4097 2702 4147 postea
2718 4095 2898 4145 regnavit

238 4156 353 4205 ptios
411 4158 550 4207 ltaque
583 4169 720 4198 rursus
738 4169 786 4198 ea
811 4169 902 4209 quae
930 4158 1093 4198 tradidit
1113 4160 1321 4210 Manetlio,
1355 4161 1402 4200 ad
1424 4162 1532 4212 quod
1607 4163 1721 4203 annis
1738 4162 1878 4214 viginti
1889 4163 1938 4213 ¹et
1963 4161 2163 4211 quinque,
2191 4162 2232 4200 et
2251 4160 2453 4200 mensibus
2471 4160 2678 4211 quattuor,
2699 4160 2739 4199 et
2754 4158 2892 4199 defun-

240 4223 395 4271 t‹·mpus
416 4223 650 4274 referantur,
673 4223 892 4274 subjiciam.
950 4224 1014 4266 Sic
1037 4224 1142 4264 enim
1163 4225 1219 4265 ait
1244 4242 1251 4265 :
1278 4243 1294 4260 u
1318 4229 1532 4277 Postquam
1608 4229 1697 4267 ctus
1722 4228 1782 4267 est
1803 4242 1813 4267 ι
1833 4235 2078 4278 regnumque
2094 4224 2246 4276 accepit
2276 4223 2382 4264 silius
2407 4223 2490 4274 eius
2508 4222 2714 4272 chebron,
2733 4232 2896 4273 regnans
