3016 4628
249 250 312 291 48

245 349 413 406 ζαντίου
439 347 620 403 πολλοὺς
643 349 727 394 τῶν
755 346 987 413 βαρὸάρων
1009 345 1314 410 αἰχμαλώτους
1333 345 1537 397 λαὸόντες

245 425 283 470 οἳ
301 421 528 485 σύμμαχοι
543 422 605 486 τῷ
623 421 700 484 μὲν
716 420 888 482 Κίμωνι
905 421 1123 481 διανεῖμαι
1140 418 1407 484 προσέταξαν
1421 456 1435 478 ,
1456 421 1478 464 6
1493 415 1537 464 δὲ

244 494 379 560 χωρὶς
400 493 476 556 μὲν
498 492 664 551 αὐτοὺς,
677 493 811 558 χωρὶς
831 491 875 540 δὲ
891 491 964 539 τὸν
978 492 1075 557 περὶ
1087 493 1174 545 τοῖς
1187 490 1359 551 σώμασι
1377 491 1538 553 κόσμον

247 569 389 615 αὐτῶν
417 566 594 627 ἔθηκεν,
617 569 801 632 ᾐτιῶντο
820 566 899 624 τὴν
925 564 1132 628 διανομὴν
1149 568 1206 618 ὡς
1226 565 1387 611 ἄνισον.
1415 563 1469 611 Ὁ
1493 562 1538 609 δὲ

245 643 330 689 τῶν
345 640 528 706 μερίδων
549 639 769 687 ἐκέλευσεν
792 637 945 692 αὖτοὺς
961 638 1132 686 ἑλέσθαι
1148 636 1225 695 τὴν
1240 635 1410 700 ἑτέραν,
1424 634 1477 693 ἣν
1499 636 1536 681 δ’

245 712 298 761 ἃν
315 716 467 762 εκεινοι
480 710 820 759 καταλιπωσιν
797 709 1037 774 αγαπήσειν
1057 708 1319 768 Ἀθηναίους.
1341 710 1376 768 (3
1356 711 1390 770 3)
1407 707 1463 755 Η
1471 726 1539 771 ρο-

246 786 378 852 φύτου
392 784 437 832 δὲ
419 804 521 832 e*rou
495 783 708 846 Σαμίου
722 782 1121 845 συμὸουλεύσαντος
1137 782 1347 844 αἱρεῖσθαι
1361 779 1412 826 τὰ
1428 783 1542 845 Περ-

247 861 334 907 σῶν
359 857 573 921 μᾶλλον
549 878 577 915 η
603 857 800 922 Πέρσας,
825 855 897 902 τὸν
930 854 1007 917 μὲν
1032 854 1193 917 κόσμον
1217 852 1338 900 αὐτοι
1363 851 1541 912 ἔλαὸον,

246 929 484 989 Ἀθηναίοις
503 928 547 977 δὲ
570 929 666 982 τοὺς
685 927 988 1004 αἰχμαλώτους
1010 927 1238 974 ἀπέλιπον.
1264 928 1298 989 (⁴
1303 927 1315 989 )
1343 925 1431 974 Καὶ
1447 925 1543 973 τότε

247 1003 327 1065 μὲν
347 1006 369 1051 6
385 1003 536 1065 Κίμων
563 1001 695 1064 ἀπῄει
711 1002 873 1065 γελοῖος
897 1005 1006 1047 εἰναι
1024 1002 1160 1047 δοκῶν
1179 999 1431 1062 διανομεὺς,
1454 1001 1540 1046 τῶν

248 1075 327 1139 μὲν
362 1074 610 1139 συμμάχων
634 1073 765 1137 ψέλια
789 1080 932 1138 χρυσᾶ
957 1072 1031 1119 καὶ
1057 1072 1274 1131 μανιάκας
1310 1071 1384 1119 καὶ
1411 1091 1540 1137 στρε-

246 1147 379 1203 πτοὺς
402 1148 476 1196 καὶ
509 1148 696 1201 κάνδυας
730 1146 803 1193 καὶ
838 1146 1062 1211 πορφύραν
1087 1144 1358 1211 φερομένων,
1385 1147 1470 1192 τῶν
1502 1145 1540 1192 δ’

246 1221 480 1280 ,Ἀθηναίων
498 1219 641 1282 γυμνὰ
662 1218 844 1282 σώματα
865 1221 1009 1272 κακῶς
1032 1219 1262 1281 ἠσκημένα
1282 1216 1388 1282 πρὸς
1412 1219 1541 1281 ἔργα·

248 1294 345 1342 σίαν
367 1293 729 1359 παραλαὸόντων.
761 1293 812 1354 (a)
840 1291 1011 1355 Μικρὸν
1033 1290 1078 1338 δὲ
1102 1289 1277 1356 ὕστερον
1302 1292 1340 1338 οἱ
1365 1292 1449 1337 τῶν
1469 1293 1543 1337 ἑα-

247 1365 448 1414 λωκότων
474 1366 588 1431 φίλοι
613 1364 686 1412 καὶ
713 1366 860 1412 οἰκεῖοι
897 1362 1236 1417 καταδαίνοντες
1262 1364 1310 1410 ἔκ
1344 1361 1543 1428 Φρυγίας

248 1438 324 1486 καὶ
350 1437 513 1492 Λυδίας
547 1440 803 1501 ἐλυτροῦντο
836 1435 1037 1500 μεγάλων
1061 1435 1302 1502 χρημάτων
1331 1435 1540 1498 ἕκαστον,

247 1510 360 1559 ὥστε
384 1515 445 1559 τῶ
473 1510 645 1573 Κίμωνι
664 1510 887 1575 τεσσάρων
914 1513 1062 1572 μηνῶν
1082 1508 1244 1576 τροφὰς
1260 1511 1319 1564 εἷς
1344 1508 1422 1563 τὰς
1443 1513 1545 1562 ναῧς

248 1583 435 1650 ὑπάρξαι
458 1584 532 1630 καὶ
561 1581 738 1648 προσέτι
761 1586 815 1653 τῇ
846 1582 969 1630 πόλει
1004 1581 1182 1657 χρυσίον
1213 1583 1292 1630 οὐκ
1323 1582 1462 1646 ὀλίγον
1495 1584 1545 1629 ἐκ

248 1659 333 1703 τῶν
358 1655 527 1721 λύτρων
549 1654 864 1720 περιγενέσθαι.

312 1734 369 1776 In
398 1730 526 1775 idem
548 1729 644 1774 fere
668 1738 848 1790 tempus
883 1730 1073 1786 incidit,
1106 1730 1193 1774 nisi
1223 1730 1388 1790 fallor,
1412 1729 1546 1789 quod

247 1813 407 1848 narrat
429 1804 702 1848 Plutarchus
720 1806 790 1847 De
806 1802 1004 1862 profect.
1023 1803 1074 1846 in
1094 1804 1205 1847 virt.
1230 1819 1268 1848 c.
1289 1802 1317 1847 8
1339 1819 1349 1846 :
1374 1799 1542 1865 Αἷσχύ·

247 1877 318 1926 λος
337 1873 414 1934 μὲν
431 1873 514 1940 γὰρ
532 1874 699 1937 Ἰσθμοῖ
716 1872 964 1936 θεωμενος’
941 1876 1088 1938 αγῶνα
1107 1877 1305 1932 πυκτῶν,
1323 1873 1415 1920 ἕπει
1432 1875 1545 1931 πλη-

248 1947 394 2012 γέντος
430 1951 504 1994 τοῦ
543 1946 612 1994 ἑτέ
593 1965 688 2012 ερου
723 1946 772 1994 τὸ
797 1945 973 2011 θέατρον
1008 1945 1233 2011 ἐξέκραγε,
1261 1910 1386 2002 νύξας
1411 1944 1545 1995 Ἴωνα

248 2020 321 2068 τὸν
347 2021 481 2079 Χιον,
507 2019 663 2086 ‘Op&'<,
703 2017 812 2085 ἔφη,
852 2024 938 2067 οἷον
972 2023 999 2077 ἡ
1027 2019 1210 2077 ἄσκησίς
1241 2021 1377 2078 ἐστιν,
1402 2023 1424 2066 6
1460 2039 1540 2066 πε-

250 2092 428 2157 πληγὼς
452 2101 622 2158 σιωπᾶ,
644 2095 682 2139 οἱ
707 2093 751 2139 δὲ
773 2096 816 2139 θε
800 2092 978 2155 εώμενοι
1005 2095 1157 2158 βοῶσι.-
1183 2095 1324 2153 Quod
1355 2097 1406 2139 in
1439 2096 1545 2140 ὓπο-

251 2164 450 2228 μνήμασι
466 2182 648 2211 mem01
650 2182 700 2211 ai
703 2182 727 2211 e
750 2168 840 2211 Ion
853 2168 931 2211 vix
957 2167 1178 2211 omiserit.

872 2267 918 2313 5.

316 2369 551 2414 Plutarch.
576 2369 742 2414 Pericl.
765 2384 804 2415 c.
827 2368 879 2424 5,
911 2367 970 2412 3:
992 2364 1045 2413 Ὁ
1071 2364 1115 2412 δὲ
1136 2364 1318 2424 ποιητὴς
1340 2361 1445 2413 Ἴων
1467 2385 1545 2430 μο-

251 2438 434 2497 θωνικήν
459 2457 564 2503 φησι
583 2436 661 2496 τὴν
687 2438 863 2501 ὁμιλίαν
887 2437 962 2485 καὶ
986 2438 1200 2504 ὑπότυφον
1226 2443 1336 2486 εἰναι
1353 2457 1427 2486 του
1454 2441 1547 2487 Πε-

253 2511 446 2578 ρικλέους
469 2511 544 2560 καὶ
579 2513 672 2566 ταῖς
697 2510 1013 2576 μεγαλαυχίαις
1038 2513 1167 2559 αὐτοῦ
1192 2511 1405 2571 πολλὴνε
1389 2531 1550 2578 υπερο-

252 2662 386 2701 mone,
403 2650 667 2698 maximisque
682 2661 820 2691 earum
836 2651 1173 2700 commemoratis,
1189 2662 1318 2690 unum
1329 2651 1384 2690 ait
1402 2650 1552 2701 abipso

253 2726 418 2755 suorum
447 2715 771 2764 strategematum
799 2714 1031 2764 recitatum,
1063 2714 1169 2764 quod
1202 2714 1554 2765 prudentissimum

254 2782 337 2831 ipse
363 2780 572 2831 Judicaret.
630 2780 685 2830 (2)
703 2779 838 2820 Socios
855 2791 983 2830 quum
999 2790 1022 2818 a
1047 2781 1159 2820 Sesto
1176 2781 1216 2820 et
1240 2779 1427 2830 Byzantio
1450 2780 1554 2819 mul-

251 2849 318 2886 tos
341 2845 531 2886 barbaros
553 2845 763 2895 cepissent,
791 2845 1043 2895 partitionem
1068 2845 1142 2884 sibi
1166 2845 1423 2885 commisisse.
1451 2847 1554 2885 Tum

253 2921 297 2949 se
323 2910 374 2949 ab
394 2920 476 2948 una
496 2910 606 2959 parte
624 2908 791 2959 captivis
803 2938 813 2958 ‚
831 2909 882 2947 ab
899 2909 1024 2947 altera
1041 2909 1217 2948 vestibus
1236 2910 1276 2948 et
1290 2908 1555 2948 instrumento

254 2973 365 3013 omni
381 2983 522 3013 eorum
549 2972 676 3023 posito
691 2963 708 3021 ,⁶
723 2983 850 3021 quum
869 2971 1005 3021 inique
1024 2972 1065 3011 in
1083 2972 1275 3012 divisione
1290 2974 1472 3012 versatus
1494 2972 1555 3011 di-

255 3039 429 3087 cei-etur,
452 3036 656 3087 optionem
676 3034 792 3074 sociis
819 3035 971 3074 dedisse
994 3037 1126 3074 utram
1141 3035 1215 3086 ipsi
1238 3036 1386 3075 vellent
1403 3037 1557 3085 partem

257 3102 448 3153 eligendi,
474 3101 626 3151 reliqua
651 3100 908 3140 Athenienses
934 3102 1142 3140 contentos
1168 3102 1338 3141 futuros.
1394 3101 1447 3151 (3)
1477 3105 1556 3141 Au·

258 3169 369 3206 ctore
391 3165 619 3215 llerophyto
645 3163 801 3212 Samio,
830 3164 889 3202 uti
911 3166 1121 3203 Persarum
1145 3163 1277 3214 potius
1302 3163 1409 3203 bona
1436 3175 1557 3214 quam

259 3242 426 3281 corpora
441 3230 686 3280 acciperent,
707 3228 763 3268 illi
779 3232 1010 3268 ornamenta
1026 3240 1212 3279 accepere
1225 3260 1236 3278 ‚
1255 3230 1559 3270 Atheniensibus

259 3296 436 3346 captivos
455 3295 701 3344 reliquerunt
721 3310 730 3333 ε
787 3294 843 3344 (4)
866 3305 991 3344 quum
1009 3294 1171 3344 quidem
1192 3294 1274 3345 ipse
1294 3294 1333 3333 in
1349 3297 1559 3345 praesentia

260 3359 355 3398 risui
371 3358 598 3408 haberetur,
616 3357 726 3408 quod
741 3358 872 3408 inepte
895 3357 1070 3407 praedam
1085 3359 1254 3409 partitus
1266 3361 1366 3398 esset
1389 3375 1398 3398 ε
1416 3370 1560 3410 nempe

259 3424 376 3464 sociis
394 3424 569 3464 armillas
587 3434 727 3463 aureas
750 3425 790 3463 et
806 3426 967 3474 torques
989 3425 1029 3463 et
1047 3423 1219 3475 candyas
1238 3427 1278 3463 et
1293 3425 1446 3464 tunicas
1462 3437 1559 3478 pur-

252 3484 404 3540 'pureas
421 3488 713 3538 auferentibus,
734 3500 860 3538 quum
880 3490 1137 3529 Athenienses
1161 3489 1268 3528 nuda
1286 3501 1474 3540 corpora,
1492 3502 1558 3530 ea-

261 3565 341 3603 que
357 3553 461 3594 male
480 3552 531 3591 ad
548 3552 727 3592 lahorem
747 3553 927 3592 instituta
945 3554 1182 3603 acciperent.
1252 3553 1307 3604 (5)
1335 3555 1456 3594 Paulo
1471 3556 1561 3606 post

261 3619 512 3666 captivorum
528 3618 677 3657 amicos
692 3619 733 3657 et
758 3618 1000 3668 propinquos
1016 3629 1065 3658 ex
1094 3618 1259 3669 Phrygia
1285 3620 1324 3658 et
1346 3619 1469 3670 Lydia
1487 3620 1561 3659 ad-

262 3686 493 3734 ventantes,
514 3683 688 3733 singulos
706 3683 956 3733 captivorum
977 3695 1118 3734 magna
1143 3684 1354 3725 redemisse
1374 3686 1560 3738 pecunia,

264 3751 275 3789 i
282 3753 320 3790 la
348 3752 394 3790 ut
419 3751 610 3800 quattuor
626 3749 822 3788 mensium
842 3749 1035 3799 stipendia
1051 3750 1090 3789 in
1109 3750 1275 3790 classem
1291 3750 1382 3791 inde
1398 3753 1560 3802 nactus,

264 3825 312 3853 ac
331 3814 523 3865 praeterea
543 3824 595 3852 ex
617 3812 745 3863 pretio
762 3812 1081 3863 redemptionum
1102 3815 1278 3854 multum
1293 3815 1380 3854 auri
1406 3815 1447 3854 in
1462 3826 1562 3855 arra-

266 3877 370 3917 rium
386 3877 438 3918 sit
453 3876 639 3916 relatum.

317 3941 525 3992 AEschylus
539 3939 713 3980 lsthmici
727 3938 953 3979 certaminis
967 3941 1181 3991 spectator,
1200 3953 1326 3992 quum
1338 3954 1441 3984 unus
1456 3943 1565 3994 pugi-

266 4005 352 4045 lum
367 4006 522 4057 plagam
538 4003 774 4054 accepisset,
790 4002 1074 4054 theatrumque
1093 4004 1307 4046 clamorem
1325 4008 1561 4055 sustulisset,

266 4070 391 4109 latere
407 4069 512 4109 lonis
524 4067 613 4109 Chii
630 4068 748 4116 fosso,
766 4067 811 4106 ut
823 4066 856 4106 is
869 4066 1201 4108 animadverteret
1219 4085 1229 4110 z
1248 4069 1404 4121 Viden',
1421 4070 1565 4121 inquit,

268 4132 499 4174 exercitatio
523 4131 618 4184 quid
657 4130 804 4183 possit?
841 4131 946 4172 tacet
973 4131 1098 4183 ictus,
1134 4135 1375 4183 spectatores
1411 4134 1563 4176 vocife-

281 4198 434 4237 rantur.

1417 238 1590 289 10le
1619 239 1750 287 Criu

1589 470 1599 477 θ
1612 418 1677 463 νεῖ
1695 415 1739 463 δὲ
1758 416 1807 463 τὸ
1826 413 2036 478 ’Κίμωνος
2058 417 2242 479 ἐμμελὲς
2267 417 2341 465 καὶ
2361 419 2489 483 ὑγρὸν
2510 419 2586 467 καὶ
2612 421 2896 485 μεμουσωμί-
2917 419 2932 442 ’“

1612 344 1716 411 ψίαν
1742 343 2038 408 ἀναμεμῖχθαι
2062 343 2136 392 καὶ
2161 343 2464 411 περιφρόνησιν
2486 349 2570 394 τῶν
2595 346 2757 395 ἄλλων·
2778 349 2911 397 ἔπαιε,

1613 508 1683 537 νον
1705 491 1748 536 ἐν
1768 496 1862 543 ταῖς
1884 490 2146 555 περιφοραῖς.
2177 491 2230 554 (4)
2251 490 2369 538 Ἀλλ’
2387 490 2518 540 Ἴωνα
2537 491 2614 555 μὲν
2631 492 2781 559 ὥσπερ
2796 508 2879 559 τρα
2895 493 2930 539 :²

1613 560 1740 626 γικὴν
1756 562 2038 610 διδασκαλίαν
2061 562 2256 618 ἀξιοῦντα
2274 562 2353 622 τὴν
2374 563 2530 629 ἀρετὴν
2545 564 2660 629 ἔχειν
2674 584 2716 612 τι
2733 566 2819 619 πάν
2910 566 2914 574 ”

1614 634 1690 681 καὶ
1719 635 1950 699 σατυρικὸν
1988 634 2116 701 μέρος
2145 637 2306 698 ἐῶμεν·
2329 637 2426 692 τοὺς
2461 637 2506 685 δὲ
2530 643 2604 686 τοῦ
2644 639 2849 704 Περικλέ
2885 654 2895 676 ’-

1614 705 1693 765 τὴν
1719 708 1964 770 σεμνότητα
1990 707 2276 771 δοξοκομπΐαν
2299 729 2346 757 τε
2377 710 2451 758 καὶ
2485 716 2617 777 τῦφον
2641 713 2863 761 ἀποκαλοῢ
2890 703 2904 723 '⁵'
2942 732 2943 742 ¹

1615 799 1690 834 τας
1726 783 1748 827 6
1785 779 1938 838 Ζήνων
1962 781 2203 847 παρεκάλει
2227 780 2302 828 καὶ
2342 782 2496 838 αὐτούς
2519 803 2561 830 τι
2596 789 2765 832 τοιοῦτο
2787 777 2874 842 δοξ·
2895 807 2906 849 J

1616 854 1799 914 κομπεῒν
1817 890 1829 912 ,
1849 857 1906 907 ὣς
1925 857 2001 912 τῆς
2024 853 2354 919 προσποιήσεως
2379 857 2511 914 αὐτῆς
2528 858 2613 903 τῶν
2635 857 2782 904 καλῶν
2806 859 2830 904 ὃ
2872 884 2879 898 ι

1616 924 1822 985 ποιούσης
1841 925 1936 973 τινὰ
1955 925 2194 986 λεληθότως
2213 929 2343 987 ζῆλον
2362 926 2438 975 καὶ
2466 927 2710 986 συνήθειαν.

2241 1028 2288 1075 6.

1683 1136 1917 1180 Plutarch.
1938 1134 2124 1183 Cimon.
2153 1152 2194 1183 c.
2215 1135 2241 1181 5
2269 1153 2280 1181 ε
2306 1127 2395 1183 1Ἦν
2422 1134 2465 1182 δὲ
2491 1134 2564 1182 καὶ
2589 1135 2707 1182 ἰδέαν
2730 1137 2778 1184 οὗ
2800 1156 2855 1199 με

1618 1205 1722 1260 πτὸς
1742 1208 1788 1270 (6
1815 1205 2024 1270 Κίμων),
2046 1210 2106 1261 ὡς
2135 1205 2241 1255 Ἴων
2267 1210 2290 1253 6
2313 1207 2495 1266 ποιητής
2517 1226 2646 1272 φησιν
2661 1243 2675 1270 ,
2700 1209 2814 1256 ἀλλὰ
2837 1211 2894 1273 με’

1617 1298 1696 1343 γας
1713 1320 1725 1342 r
1749 1278 1854 1344 οὔλῃ
1878 1279 1953 1326 καὶ
1977 1281 2120 1344 πολλῇ
2142 1278 2260 1345 τριχὶ
2279 1283 2427 1342 κομῶν
2447 1278 2526 1338 τὴν
2547 1280 2760 1345 κεφαλήν.
2901 1285 2908 1290 ’

2246 1399 2291 1440 7.

1684 1493 1920 1537 Plutarch.
1965 1493 2148 1537 Cimon.
2200 1508 2242 1537 c.
2299 1491 2376 1539 16.
2425 1492 2770 1539 Lacedaemonii
2813 1501 2953 1556 post:

1619 1566 1832 1625 Spartam
1870 1574 2002 1610 terrae
2026 1574 2160 1610 motu
2186 1581 2456 1610 concussam
2494 1566 2552 1610 ab
2586 1567 2836 1612 Helotibus
2874 1564 2950 1615 εἰ

1618 1638 1851 1681 Messeniis
1869 1637 2080 1694 lacessiti,
2098 1639 2235 1682 misso
2252 1638 2484 1682 Periclida
2500 1639 2652 1699 legato
2667 1615 2950 1698 Athenienfi

1619 1710 1738 1753 sium
1771 1710 2026 1769 implorant
2051 1711 2276 1754 auxilium
2306 1708 2408 1772 [Ol.
2450 1726 2526 1770 79,
2558 1726 2600 1757 1.
2628 1710 2721 1763 464
2743 1726 2785 1756 a.
2822 1700 2946 1776 C.]..‘²

1619 1784 1728 1827 Non
1747 1798 1840 1827 esse
1855 1783 1925 1826 his
1949 1782 2373 1842 obtemperandum
2395 1783 2602 1842 probare
2620 1784 2804 1842 populo
2822 1793 2945 1831 stu--

1622 1855 1702 1899 det
1729 1855 1988 1914 Ephialtes3
2010 1855 2093 1899 sed
2112 1855 2345 1914 pervincit
2375 1855 2603 1899 sententia
2619 1855 2839 1904 Cimonis.
2865 1851 2953 1917 ‘0³50

1622 1926 1658 1972 δ’
1683 1923 1787 1973 Ἴων
1817 1925 2166 1988 ἀπομνημονεύει
2188 1943 2263 1972 και
2285 1924 2357 1972 τὸν
2379 1923 2528 1988 λόγον,
2554 1927 2590 1990 ᾡ
2609 1924 2802 1988 μάλιστα
2825 1928 2946 1979 τοὺς

1623 1997 1909 2056 Ἀθηναίους’
1890 1997 2060 2056 εκίνησε
2085 1999 2355 2078 παρακαλῶν
2377 1997 2488 2060 μήτε
2511 1997 2590 2052 τὴν
2613 1997 2811 2046 εΕλλάδα
2814 2018 2952 2082 χω-
2937 2009 2954 2044 i

1622 2062 1700 2122 λὴν
1728 2063 1838 2126 μήτε
1861 2062 1939 2121 τὴν
1966 2061 2091 2111 πόλιν
2120 2061 2348 2129 ἑτερόζυγα
2373 2063 2582 2128 περιιδεῖν
2616 2063 2953 2171 γεγενημένην.
2942 2084 2961 2098 ⁵

2253 2183 2299 2226 8.

1690 2299 1925 2346 Plutarch.
1943 2299 2111 2343 Pericl.
2134 2313 2175 2342 c.
2198 2297 2290 2342 28:
2312 2293 2581 2358 Θαυμαστὸν
2602 2295 2648 2342 δέ
2667 2315 2708 2343 τι
2721 2297 2796 2344 καὶ
2813 2291 2962 2361 μέγαζ

1625 2387 1837 2434 φρονησαι
1864 2367 2302 2431 καταπολεμήσαντα
2327 2382 2423 2422 τους
2457 2366 2653 2429 Σαμίους
2686 2368 2817 2434 φησὶν
2839 2364 2962 2447 026-ss

1624 2440 1697 2488 τὸν
1735 2440 1832 2503 (τὸν
1859 2441 2080 2506 Περικλῆ)
2109 2443 2131 2486 6
2153 2435 2281 2499 ”,Ιων
2309 2441 2367 2493 ὡς
2388 2457 2481 2486 του·
2500 2437 2578 2501 μὲν
2603 2436 2935 2503 Ἀγαμέμνονος

1626 2511 1741 2560 ἔτεσι
1765 2512 1867 2560 δέκα
1891 2512 2109 2578 βάρὸαρον
2134 2511 2290 2575 πόλιν,
2313 2513 2444 2559 αὐτοῦ
2463 2511 2507 2559 δὲ
2532 2511 2665 2574 μησὶν
2684 2512 2805 2562 ἐννέα
2823 2515 2923 2567 roh:
2925 2446 2980 2612 Ξ

2950 2610 2979 2661 Ξ.

2248 2654 2292 2695 5.

1680 2732 1870 2770 Ceterum
1896 2733 1968 2770 lon
1986 2731 2102 2780 poeta
2125 2729 2318 2770 Periclem
2338 2730 2380 2768 in
2402 2729 2688 2770 consuetudine
2710 2731 2928 2782 superbum

1631 2794 1748 2834 fuisse
1768 2795 2099 2844 arrogantemque
2113 2794 2191 2843 ait,
2207 2793 2409 2843 ipsiusque
2422 2793 2656 2850 jactantiam
2684 2795 2810 2835 multo
2825 2795 2928 2835 alio-

1629 2869 1720 2896 rum
1740 2858 1971 2906 contemptu
1986 2867 2034 2896 ac
2048 2856 2232 2907 superbia
2249 2856 2489 2906 permixtam
2507 2867 2517 2894 :
2536 2857 2673 2896 contra
2693 2858 2872 2900 Cimonis
2886 2859 2929 2900 in

1630 2921 1819 2960 convictu
1833 2921 2072 2960 suavitatem
2095 2920 2386 2970 gratiosamque
2401 2916 2630 2960 comitatem
2651 2921 2802 2962 laudat.
2871 2923 2927 2974 (4)

1633 2986 1711 3026 Sed
1739 2989 1873 3026 Ionem
1896 2996 1970 3025 nos
1990 2985 2156 3025 missum
2186 2985 2377 3035 facimus,
2398 2984 2464 3035 qui
2489 2984 2531 3023 in
2558 2984 2708 3025 virtute
2736 2987 2928 3038 tragicam

1630 3051 1807 3100 aliquam
1826 3051 1867 3089 et
1893 3049 2105 3100 satyricam
2131 3048 2379 3099 disciplinam
2406 3048 2774 3099 requisiver1t3eos
2791 3053 2940 3093 autem·
2971 3063 2975 3067 ’

1631 3116 1701 3164 qui
1719 3113 1879 3154 Periclis
1903 3113 2137 3164 gravitatem
2154 3112 2389 3162 arrogantiae
2413 3113 2454 3151 et
2481 3113 2604 3153 fastus
2627 3114 2789 3155 nomine
2813 3118 2930 3157 nota·

1631 3178 1751 3227 bant,
1772 3180 1906 3217 Zenon
1925 3177 2175 3227 hortabatur,
2202 3176 2275 3215 ut·
2265 3176 2335 3226 1psi
2351 3186 2513 3226 quoque
2528 3175 2722 3225 ejusmodi
2740 3188 2930 3230 arrogan-

1630 3242 1727 3282 tiim
1743 3242 1817 3281 sibi
1835 3242 2068 3281 sumerent·
2089 3240 2238 3280 scilicet
2252 3250 2341 3279 eam
2363 3239 2658 3280 simulationem
2673 3242 2830 3284 occulte
2843 3245 2929 3283 stu·

1632 3307 1744 3346 dium
1764 3306 1966 3357 quoddam
1986 3307 2109 3356 atque
2135 3304 2462 3345 consuetudinem
2490 3305 2708 3347 honestatis
2724 3307 2929 3358 ingenera-

1630 3375 1779 3429 turam.

2246 3427 2290 3467 6.

1684 3506 1829 3543 Forma
1841 3513 2003 3553 quoque
2017 3501 2241 3553 spectabilis
2255 3500 2398 3541 Cimon
2412 3500 2515 3550 erat,
2528 3499 2588 3540 uti
2598 3502 2670 3540 Ion
2683 3502 2802 3552 poeta
2817 3501 2928 3554 dicia

1635 3579 1727 3607 nam
1744 3578 1910 3618 magnus
1922 3569 2008 3608 erat
2022 3568 2176 3608 statura
2186 3596 2197 3617 ,
2214 3565 2255 3605 et
2270 3564 2399 3615 crispa
2414 3563 2622 3615 multaque
2633 3565 2794 3607 caesarie
2807 3569 2929 3619 caput

1635 3620 1865 3659 exornatus.
2261 3671 2287 3711 7

1687 3752 1759 3789 lon
1778 3748 1898 3789 etiam
1915 3748 2134 3788 orationem
2149 3744 2460 3793 commemorat,
2477 3754 2558 3795 qua
2572 3744 2747 3786 maxime
2762 3747 2933 3789 moverit

1637 3814 1895 3854 Athenienses
1905 3843 1917 3864 ,
1935 3814 2150 3853 exhortans
2162 3823 2212 3852 ne
2227 3811 2423 3851 Graeciam
2435 3809 2620 3850 claudam
2639 3821 2724 3852 esse
2737 3813 2932 3865 sinerent,
2941 3840 2957 3852 .

1636 3888 1766 3929 neque
1783 3878 1946 3928 urbem,
1963 3888 2057 3928 quoe
2083 3876 2249 3917 alteram
2263 3874 2348 3926 jugi
2365 3874 2519 3924 partem
2535 3874 2733 3926 traheret,
2759 3877 2953 3930 neglige-..3

1637 3943 1742 3982 rent.
2932 3940 2943 3962 ¹·-

2262 4000 2306 4040 8.
2595 4047 2598 4050 Δ
2907 4030 2910 4035 .
2930 4028 2962 4039 ..

1697 4071 1844 4112 Mirum
1860 4071 2056 4122 quantum
2073 4068 2310 4120 superbiisse
2326 4065 2515 4107 Periclem
2532 4067 2621 4116 post
2631 4066 2848 4110 debellatos
2861 4073 2931 4111 Sa·
2954 4117 2959 4123 ⁴

1640 4136 1741 4175 mios
1762 4138 1831 4175 lon
1851 4135 1972 4175 tradit
1984 4165 1995 4185 ,
2012 4145 2139 4185 quum
2158 4137 2494 4183 Agamemnonem
2516 4128 2679 4172 dixisset
2693 4134 2782 4182 post
2796 4131 2964 4187 decem&

1640 4200 1803 4240 demum
1825 4210 1950 4240 annos
1968 4199 2108 4239 urbem
2129 4197 2336 4238 barbaram
2350 4225 2361 4244 ,
2389 4195 2519 4244 ipsum
2539 4205 2635 4242 vero
2660 4207 2805 4239 novem
2820 4205 2935 4240 meni
