3016 4628
244 298 333 335 ⁴02

743 436 1017 493 ΙΝΔΙΚΑ.

714 578 1069 644 (ΕιιιΤοΜιι.)

866 724 906 753 1.

306 826 544 871 Diodorus
566 827 636 880 11,
667 823 763 868 325
790 822 844 870 ‘ll
869 820 1006 868 τοίνυν
1035 818 1194 875 Ἰνδικὴ
1219 816 1528 881 τετράπλευρος

241 900 347 943 οὖσα
379 898 440 942 τῶ
474 894 701 959 σχήματι,
727 892 804 950 τὴν
830 891 905 954 μὲν
941 891 1043 955 πρὸς
1079 888 1288 942 ἀνατολὰς
1322 887 1527 934 νεύουσαν

241 967 431 1033 πλευρὰν
462 967 538 1014 καὶ
559 966 638 1024 τὴν
662 965 767 1031 πρὸς
801 964 877 1021 τὴν
904 982 956 1025 με
939 961 1178 1026 σημὸρίαν
1203 964 1229 1018 ἡ
1255 959 1423 1020 μεγάλη
1449 975 1526 1002 πε-

245 1040 377 1104 ριέχει
399 1039 617 1101 θάλαττα,
638 1038 714 1095 τὴν
741 1037 784 1084 δὲ
809 1036 913 1101 πρὸς
934 1034 1010 1088 τὰς
1041 1034 1219 1098 ἄρκτους
1244 1031 1291 1077 τὸ
1325 1027 1528 1091 Ἠμωδὸν

242 1112 339 1178 ὄρος
362 1112 533 1176 διείργει
553 1131 628 1168 της
654 1109 837 1161 Σκυθίας
853 1145 865 1168 ,
892 1108 944 1164 ἢν
966 1109 1210 1152 κατοικοῦσι
1233 1106 1315 1150 τῶν
1349 1104 1528 1151 Σκυθων

244 1187 282 1232 οἱ
300 1182 710 1249 προσαγορευόμενοι
736 1180 900 1228 Σάκαι·
921 1178 997 1235 τὴν
1023 1177 1065 1224 δὲ
1087 1175 1294 1239 τετάρτην
1316 1173 1392 1231 τὴν
1424 1171 1529 1236 πρὸς

245 1256 362 1304 δύσιν
377 1254 674 1319 ἐστραμμένην
694 1252 901 1315 διείληφεν
923 1253 944 1296 ὁ
965 1248 1094 1301 Ἰνδὸς
1100 1245 1530 1337 προσαγορευόμενρς

245 1327 462 1390 ποταμὸς,
496 1326 692 1389 μέγιστος
721 1324 779 1370 ὢν
804 1322 953 1387 σχεδὸν
977 1324 1061 1367 τῶν
1092 1318 1295 1366 ἁπάντων
1321 1316 1430 1378 μετὰ
1459 1316 1528 1362 τὸν

246 1402 419 1450 Νεῖλον.
444 1402 494 1463 (2)
514 1398 633 1447 10δὲ
656 1397 825 1460 μέγεθος
842 1398 917 1452 τῆς
937 1393 1037 1450 ὅλης
1058 1392 1235 1449 Ἰνδικης
1253 1409 1379 1455 φασιν
1400 1388 1530 1453 υπάρ-

245 1492 338 1537 χειν
363 1473 448 1519 ἀπὸ
472 1471 549 1534 μὲν
574 1472 790 1517 ἀνατολων
809 1467 911 1532 πρὸς
933 1467 1049 1513 δύσιν
1071 1463 1341 1528 δισμυρίων
1322 1482 1528 1510 οκτακισ-

246 1544 396 1609 χιλίων
419 1542 619 1605 σταδίων,
643 1542 728 1589 ἀπὸ
749 1540 792 1588 δὲ
822 1559 905 1587 των
935 1539 1100 1603 ἄρκτων
1124 1536 1229 1601 πρὸς
1253 1534 1530 1600 μεσημὸρίαν

245 1616 505 1681 τρισμυρίων
525 1615 757 1680 δισχιλίων.
793 1611 1044 1671 Τηλικαύτη
1081 1610 1124 1656 δὲ
1147 1627 1253 1656 ουσα
1283 1607 1331 1655 τὸ
1357 1607 1533 1671 μέγεθος

248 1690 363 1736 δοκεῖ
395 1689 581 1750 μάλιστα
617 1708 689 1734 του
728 1686 891 1745 κόσμου
926 1682 1139 1747 περιέχειν
1173 1681 1244 1728 τὸν
1287 1700 1371 1727 των
1417 1683 1532 1744 θερι-

247 1782 329 1806 νων
357 1780 520 1824 τροπων
550 1759 719 1817 κύκλον,
744 1758 817 1805 καὶ
841 1758 979 1803 πολλα
983 1775 1042 1820 [y]
1084 1753 1159 1816 μὲν
1185 1753 1251 1799 ἐπ’
1279 1752 1413 1842 ἄκρας
1453 1771 1530 1810 της

248 1834 429 1903 Ἰνδικῆς
472 1834 572 1878 ἰδεῖν
615 1831 728 1878 ἔστιν
768 1828 938 1881 ἀσκίους
977 1827 1101 1881 ὄντας
1139 1844 1234 1879 τους
1275 1825 1498 1889 γνώμονας
1518 1861 1530 1884 ,

248 1904 396 1958 νυκτὸς
417 1904 459 1950 δὲ
480 1903 555 1957 τὰς
596 1902 773 1968 ἄρκτους
814 1899 1100 1964 ἀθεωρήτους·
1138 1918 1180 1945 εν
1201 1897 1245 1945 δὲ
1274 1898 1360 1952 τοῖς
1397 1897 1530 1962 ἐσχά-

247 1997 334 2030 τοις
375 1978 459 2024 οὗδ’
498 1975 623 2023 αὐτὸν
661 1974 730 2022 τὸν
771 1976 1000 2039 ἀρκτοῦρον
1037 1971 1261 2038 φαίνεσθαι
1283 1990 1292 2000 ·
1332 1973 1429 2019 καθ’
1483 1970 1528 2018 ὃν

247 2049 298 2105 δὴ
327 2049 480 2113 τρόπον
504 2047 608 2114 φασὶ
631 2047 704 2094 καὶ
731 2046 806 2100 τὰς
831 2046 951 2099 σκιὰς
977 2043 1198 2093 κεκλίσθαι
1231 2043 1336 2109 πρὸς
1361 2063 1536 2107 μεσημ-

249 2121 388 2185 δρίαν.

314 2210 351 2240 3.
390 2192 445 2240 ‘H
472 2192 506 2238 δ’
530 2195 601 2239 οὖν
626 2191 781 2249 Ἰνδικὴ
802 2190 942 2238 πολλὰ
967 2190 1043 2253 μὲν
1065 2190 1141 2257 ὄρη
1160 2190 1234 2237 καὶ
1254 2190 1424 2255 μεγάλα
1447 2188 1536 2254 ἔχει

249 2265 434 2330 δένδρεσι
458 2265 742 2318 παντοδαποῖς
772 2263 1002 2327 καρπίμοις
1035 2263 1302 2323 πληθύοντα,
1324 2262 1467 2311 πολλὰ
1491 2262 1535 2310 δὲ

247 2338 371 2383 πεδία
394 2337 466 2384 καὶ
494 2336 661 2399 μεγάλα
683 2336 959 2401 καρποφόρα,
981 2339 1042 2401 τῷ
1061 2335 1137 2399 μὲν
1161 2336 1312 2384 κάλλει
1337 2338 1536 2402 διάφορα,

247 2413 452 2472 ποταμῶν
483 2408 527 2456 δὲ
550 2408 731 2467 πλήθεσι
766 2409 1057 2475 διαιρούμενα.
1094 2409 1165 2458 Τὰ
1201 2409 1342 2476 πολλὰ
1380 2409 1423 2457 δὲ
1460 2414 1536 2468 τῆς

248 2480 389 2545 χώρας
409 2482 651 2545 ἀρδεύεται,
677 2481 749 2528 καὶ
771 2482 840 2529 διὰ
860 2487 985 2529 τοῦτο
1007 2481 1168 2537 διττοὺς
1190 2482 1280 2547 ἔχει
1308 2482 1404 2537 τοὺς
1441 2483 1535 2531 κατ’

249 2555 336 2605 ἔτος
373 2553 558 2618 καρπούς
579 2570 591 2581 ·
634 2553 752 2619 ζῴων
775 2575 819 2602 τε
853 2556 1138 2602 παντοδαπῶν
1162 2555 1286 2619 γέμει
1323 2554 1536 2621 διαφόρων

248 2631 332 2679 τοῖς
359 2627 551 2688 μεγέθεσι
572 2626 646 2673 καὶ
671 2634 763 2678 ταῖς
784 2630 956 2685 ἀλκαῖς,
976 2632 1060 2675 τῶν
1087 2628 1164 2690 μὲν
1192 2629 1426 2694 χερσαίων,
1451 2632 1534 2676 τῶν

245 2699 292 2746 δὲ
332 2700 404 2746 καὶ
439 2703 627 2759 πτηνῶν.
663 2701 716 2764 (4)
746 2699 835 2748 Καὶ
858 2701 1082 2756 πλείστους
1120 2701 1164 2749 δὲ
1203 2702 1277 2749 καὶ
1313 2701 1536 2765 μεγίστους

544 2841 819 2889 ΕΡΙΤΟΜΕ
854 2843 1232 2891 INDICORUM.

867 2952 906 2991 1.

307 3027 412 3065 ludia
463 3030 583 3077 ligura
625 3030 889 3079 quadrilatera
928 3036 986 3072 est
1006 3048 1018 3083 ;
1047 3033 1098 3072 ad
1144 3033 1338 3074 orientem
1375 3046 1538 3083 vergens

257 3091 359 3130 latus
382 3095 421 3131 et
440 3094 629 3142 alterum,
658 3097 762 3146 quod
784 3097 988 3138 meridiem
1014 3099 1195 3150 respicit,
1224 3111 1414 3150 magnum
1439 3100 1536 3139 illud

257 3166 363 3193 mare
385 3157 624 3208 circumdat3
643 3161 748 3210 quod
763 3164 893 3202 arctos
909 3175 1045 3203 versus
1060 3164 1211 3213 tendit,
1231 3165 1409 3204 Emodus
1424 3175 1539 3204 mons

256 3228 279 3256 a
310 3220 488 3270 Scythia,
524 3232 642 3271 quam
677 3227 786 3264 Sacae
823 3227 1026 3273 habitant,
1061 3227 1228 3276 dividit3
1263 3230 1452 3278 quartum
1487 3228 1536 3268 ad

256 3283 499 3322 occidentem
514 3285 632 3325 Indus
645 3286 807 3338 fluvius,
834 3292 921 3340 post
936 3292 1070 3331 Nilum
1089 3293 1169 3332 fere
1190 3292 1389 3332 maximus
1414 3292 1544 3332 omni-

258 3357 325 3385 um
355 3346 611 3388 disterminat.
669 3351 723 3401 (2)
745 3353 879 3392 Totius
905 3354 1026 3394 indiae
1045 3353 1356 3406 magnitudinem
1380 3356 1431 3395 ab
1446 3359 1538 3396 ortu

259 3420 392 3448 versus
417 3422 599 3451 occasum
636 3413 924 3466 duodetriginta
952 3419 1126 3459 millibus
1165 3421 1407 3472 stadiorum;
1436 3431 1458 3460 a
1483 3433 1539 3461 se-

258 3474 555 3521 ptemtrionibus
580 3487 714 3517 versus
745 3480 970 3531 meridiem,
998 3483 1157 3533 triginta
1179 3484 1336 3524 duobus
1367 3484 1541 3524 millibus

258 3534 464 3576 deliniunt.
487 3540 579 3577 Haec
609 3541 720 3579 tanta
741 3543 860 3582 tndiae
888 3547 1118 3595 magnitudo
1135 3558 1217 3598 prae
1240 3548 1381 3588 ceteris
1401 3548 1541 3587 mundi

261 3599 437 3648 partibus
463 3602 633 3641 maxime
654 3605 806 3644 solstitii
836 3609 960 3647 aestivi
983 3610 1180 3660 tropicum
1202 3612 1410 3662 complecti
1427 3612 1540 3652 vide·

260 3665 338 3701 tur.
360 3665 389 3702 E
394 3663 464 3702 tin
484 3664 618 3704 multis
636 3668 855 3710 remotioris
870 3672 990 3712 Indiae
1009 3674 1233 3724 regionibus
1248 3676 1400 3716 nullam
1417 3677 1540 3716 inter-

259 3725 324 3764 diu
345 3737 368 3765 a
389 3729 649 3776 gnomonibus
665 3732 844 3773 umbram
862 3737 1011 3787 spargi,
1033 3742 1235 3790 noctuque
1255 3745 1329 3780 Ar(
1330 3743 1392 3781 tos
1411 3742 1541 3782 visum

260 3789 548 3842 subterfugere,
581 3793 715 3834 videre
745 3799 823 3847 ost,
856 3798 936 3838 imo
957 3801 995 3839 in
1026 3803 1206 3842 extremo
1230 3803 1314 3854 ejus
1352 3816 1425 3844 nec
1461 3806 1542 3856 ipse

260 3857 451 3895 Arcturus
467 3861 641 3908 apparet.
667 3863 748 3900 Hac
767 3863 915 3904 ratione
932 3866 1093 3907 umbras
1111 3878 1269 3920 quoque
1289 3869 1337 3908 ad
1362 3873 1541 3911 austrum

261 3917 398 3959 eadere
415 3923 633 3971 perhibent

310 3988 347 4022 3.
377 3985 542 4025 Crebros
566 3988 674 4027 india
696 3991 847 4030 montes
885 3992 1027 4043 habet,
1053 3996 1160 4034 omni
1191 4007 1332 4046 genere
1355 3998 1542 4038 arborum

263 4047 532 4089 fecundarum
554 4053 735 4093 refertos·
725 4057 899 4106 ,campis
914 4059 1031 4098 etiam
1052 4060 1242 4110 frugiferis
1258 4063 1371 4112 longe
1387 4062 1544 4114 lateque

262 4110 457 4160 abundat,
479 4115 545 4163 qui
573 4118 613 4154 et
634 4119 860 4159 amenitate
882 4121 952 4160 soli
981 4124 1194 4172 praestant,
1223 4126 1262 4163 et
1289 4126 1339 4164 ab
1365 4129 1542 4167 amnium

263 4175 515 4215 multitudine
531 4179 610 4217 inte
614 4184 826 4220 rsecantur.
862 4186 908 4222 Et
931 4186 1024 4233 quia
1046 4187 1190 4235 passim
1209 4188 1407 4239 irrigatur,
1432 4192 1475 4230 fit
1495 4195 1540 4231 ut

266 4235 352 4274 bis
344 4249 381 4275 ιιι
402 4250 504 4276 anno
523 4242 605 4278 frui
610 4243 748 4280 tibus
727 4256 748 4282 ι
755 4246 856 4284 xiib(
860 4248 940 4295 rot,
964 4249 1002 4286 et
1020 4259 1055 4286 v
1057 4251 1126 4288 iria
1144 4251 1398 4291 insuat-«rum
1376 4264 1421 4301 g(
1424 4265 1471 4292 m
1475 4265 1540 4304 ra,

1350 279 1789 331 MEGASTHENJS

1606 387 1835 453 ἐὶέφαντας
1860 387 1979 449 ἐεκτρ
1969 384 2075 447 ’ρει,
2106 387 2355 447 χορηγοῦσα
2390 381 2465 435 τὰς
2499 381 2656 448 τροφὰς
2684 382 2814 449 ἀφθόν
2852 366 2913 452 ..γ-«ζ’

1606 462 1658 505 δι’
1687 460 1734 512 ἃς
1757 466 1850 511 ταῖς
1886 458 2050 520 ῥώμαις
2074 455 2128 501 τὰ
2159 456 2286 540 θηρία
2310 458 2447 501 ταῦτα
2470 454 2580 502 πολυ
2605 455 2780 521 προέχει
2837 460 2871 484 κ’“
2946 449 2951 491 f

1606 530 1716 577 κατὰ
1740 529 1817 586 τὴν
1842 527 2008 585 Alam
2032 526 2322 588 γεννωμένων·
2348 524 2415 572 διὸ
2438 544 2513 573 και
2531 527 2703 574 πολλῶν
2722 531 2887 592 θηρε

1607 603 1743 664 μένων
1765 601 1846 648 υπὸ
1866 603 1951 648 τῶν
1974 599 2119 648 Ἰνδῶν
2138 617 2212 645 και
2228 597 2333 662 πρὸς
2348 597 2445 652 τους
2459 598 2759 663 πολεμικους’
2734 602 2877 663 αγῶν

1605 671 2044 733 κατασκευαζομένων
2077 670 2269 733 μεγάλας
2288 670 2518 734 συμὸαίνει
2547 669 2740 732 γίνεσθαι
2886 669 2903 735 ᾗ

1605 745 1709 810 πρὸς
1731 745 1808 801 τὴν
1831 744 1968 802 νίκην.
2856 779 2893 804 ,

1670 817 1890 864 XXXVI.
1916 832 1954 863 ὅ.
1979 813 2169 889 Ὁμοίως
2194 813 2238 862 δὲ
2280 813 2354 862 καὶ
2374 812 2471 868 τους
2509 813 2756 880 ἀνθρώπους
2778 819 2860 875 ἡ

1603 889 1820 956 λυκαρπία
1853 889 2065 954 τρέφουσα
2108 894 2195 942 τοῖς
2223 906 2269 935 τε
2315 887 2595 951 ἀναστήμασι
2622 891 2707 937 τῶν
2750 908 2792 938 σ
2842 923 2851 930 -«

1603 982 1686 1009 των
1743 961 1817 1008 καὶ
1863 964 1949 1014 τοῖς
2011 959 2154 1023 ὄγκοις
2211 960 2530 1026 ὑπερφέροντας
2567 961 2816 1010 κατασκευ’
2859 1020 2868 1026 ³
2896 1022 2901 1026 ἡ

1606 1038 1712 1080 εἶναι
1738 1033 1780 1080 δὲ
1805 1031 1956 1086 αὐτοὺς
1980 1032 2210 1094 συμὸαίνει
2234 1031 2310 1079 καὶ
2332 1032 2437 1097 πρὸς
2455 1031 2531 1086 τὰς
2554 1031 2710 1097 τέχνας
2732 1034 2789 1082 ἐπ
2814 1063 2821 1075 ι
2856 1074 2860 1077 .
2883 1031 2900 1051 ⁶

1607 1126 1759 1169 μονας,
1781 1110 1836 1157 ὥς
1868 1104 1916 1152 ἂν
1952 1103 2058 1169 ἀέρα
2083 1104 2160 1166 μὲν
2187 1103 2389 1160 ἕλκοντας
2408 1104 2612 1170 καθαρὸν,
2629 1104 2744 1172 ὕδωρ
2766 1105 2848 1201 δὲτ
2878 1128 2898 1181 f

1608 1177 1955 1242 πτομερέστατον
1984 1176 2200 1230 πίνοντας.
2235 1177 2283 1243 (ὃ)
2319 1176 2379 1226 ‘H
2408 1176 2465 1224 δὲ
2473 1181 2529 1240 γῆ
2551 1174 2848 1244 πάμφοροςῗ

1605 1256 1689 1303 τοῖς
1703 1250 1877 1314 ἡμέροις
1897 1250 2077 1314 καρποῖς
2093 1248 2184 1312 ἔχει
2198 1249 2274 1296 καὶ
2286 1249 2449 1314 φλέὸας
2466 1249 2748 1342 καταγείους
2734 1263 2806 1302 πο
2899 1292 2909 1303 ,

1605 1340 1679 1368 και
1699 1322 1986 1368 παντοδαπῶν
2013 1321 2254 1387 μετάλλων·
2279 1322 2443 1385 γίνεται
2466 1323 2550 1388 γὰρ
2573 1325 2616 1371 ἐν
2638 1325 2793 1389 αυτῇ

1607 1393 1684 1454 μὲν
1720 1392 1901 1459 ἄργυρος
1932 1393 2006 1440 καὶ
2035 1395 2219 1457 χρυσὸς,
2243 1395 2322 1441 οὐκ
2339 1393 2478 1458 ὀλίγος
2495 1394 2540 1442 δὲ
2558 1393 2721 1459 χαλκὸς
2741 1394 2853 1446 καὶ

1606 1465 1798 1531 δηρος,”
1776 1485 1838 1512 ετι
1862 1465 1906 1512 δὲ
1930 1467 2173 1532 καττίτερος
2197 1466 2271 1514 καὶ
2291 1467 2430 1514 τᾶλλα
2455 1465 2512 1514 τὰ
2541 1465 2646 1557 πρὸς
2675 1466 2885 1530 κόσμον-

1607 1538 1682 1586 καὶ
1724 1537 1874 1604 χρείαν
1926 1537 2000 1585 καὶ
2045 1537 2286 1602 πολεμικὴν
2342 1538 2624 1604 παρασκευὴν
2676 1539 2801 1598 ἀνή
2860 1592 2863 1593 γ
2892 1537 2897 1542 ’

1609 1609 1657 1677 (7)
1693 1611 1838 1675 Χιιρις
1875 1610 1918 1658 δὲ
1954 1614 2040 1658 τῶν
2066 1612 2377 1676 δημητριακῶν
2402 1614 2583 1676 καρπῶν
2620 1610 2775 1677 φύεται
2792 1615 2884 1666 κα

1607 1683 1686 1743 τὴν
1710 1682 1895 1741 Ἰνδικὴν
1928 1682 2069 1742 πολλὴ
2097 1686 2174 1747 μὲν
2205 1684 2410 1750 κέγχρος,
2434 1683 2698 1750 ἀρδευομένη
2734 1689 2790 1749 τῇ
2935 1742 2941 1751 Α

1608 1757 1833 1820 ποταμίων
1854 1757 2058 1818 ναμάτων
2081 1757 2307 1824 δαψιλεία,
2327 1757 2436 1809 πολυ
2459 1757 2506 1806 δὲ
2528 1757 2705 1824 ὄσπριον
2726 1758 2837 1806 καὶ
2831 1754 2888 1821 J
2903 1766 2941 1825 f

1611 1850 1759 1898 φορον,
1782 1829 1846 1878 ἔτι
1863 1829 1907 1876 δὲ
1901 1829 2059 1921 ὄρυζα
2076 1829 2151 1877 καὶ
2169 1831 2218 1878 τὸ
2238 1830 2662 1896 προσαγορευόμενον
2681 1829 2860 1895 βόσπο
2879 1823 2881 1826 ⁴
2910 1823 2942 1844 ”

1611 1903 1685 1951 καὶ
1711 1901 1822 1965 μετὰ
1844 1905 1968 1948 ταυτ’
1995 1901 2108 1948 ἄλλα
2132 1901 2275 1950 πολλὰ
2297 1905 2382 1949 τῶν
2406 1901 2511 1992 πρὸς
2535 1901 2769 1968 διατροφὴν
2793 1921 2868 2016 χ.-

1612 1975 1772 2039 σίμων·
1798 1974 1872 2023 καὶ
1906 1972 2067 2022 τούτων
2098 1973 2154 2022 τὰ
2187 1973 2350 2036 πολλὰ
2365 1975 2553 2041 ὑπάρχει
2585 1977 2798 2040 αὐτοφυῆ·

1612 2049 1779 2113 ὀλίγους
1814 2047 1858 2096 δὲ
1883 2067 1957 2095 και
1982 2048 2136 2103 ἄλλους
2159 2033 2390 2111 ἐδωδίμους
2419 2047 2610 2114 καρπους
2634 2047 2794 2116 φέρειι
2826 2064 2830 2066 ’
2867 2043 2898 2062 '—

1613 2121 1763 2185 μένους
1793 2120 1959 2187 τρέφειν
1987 2123 2105 2187 ζῷα,
2131 2120 2230 2187 περι
2261 2125 2320 2169 ὡν
2350 2120 2515 2186 μακρὸν
2541 2120 2593 2168 ἂν
2617 2120 2686 2180 εἴη
2708 2120 2817 2187 γρᾶ

1614 2195 1668 2259 (8)
1688 2194 1765 2243 Διὸ
1789 2193 1864 2241 καί
1884 2212 1990 2256 φασι
2015 2192 2232 2256 μηδέποτε
2256 2192 2334 2251 τὴν
2356 2190 2584 2251 ΗΙνδικὴν
2564 2197 2758 2259 επισχεῖν
2823 2230 2840 2243 .-
2847 2183 2894 2210 ’
2906 2199 2907 2203 ’

1610 2265 1638 2325 ἢ
1659 2266 1843 2315 καθόλου
1868 2266 2024 2315 σπάνιν
2049 2269 2134 2314 τῶν
2151 2268 2260 2332 πρὸς
2285 2266 2492 2335 τροφὴν“’
2463 2285 2625 2332 ημερον
2649 2266 2840 2326 ἀνηκόν
2864 2255 2893 2278 ί

1612 2344 1778 2390 Διττῶν
1802 2339 1886 2403 γὰρ
1918 2338 2140 2405 ὄμὸρων’
2121 2359 2163 2387 εν
2196 2341 2306 2404 αὐτῇ
2339 2339 2574 2403 γινομένων
2606 2338 2752 2387 καθ’“
2727 2358 2825 2389 exat

1611 2413 1702 2468 ἔτος
1714 2451 1727 2472 ,
1741 2418 1820 2461 τοῦ
1842 2413 1920 2476 μὲν
1936 2431 2208 2504 χειμερινου,
2226 2412 2342 2462 καθὰ
2357 2412 2478 2479 παρὰ
2494 2419 2583 2467 τοῖς
2601 2412 2746 2467 ἄλλοις
2760 2414 2817 2461 ὅ
2885 2477 2891 2481 .

1614 2505 1681 2551 ρος
1710 2506 1795 2534 των
1825 2485 2012 2551 πυρίνων
2037 2484 2201 2548 γίνεται
2232 2487 2430 2550 καρπῶν,
2457 2489 2531 2533 τοῦ
2555 2484 2593 2533 8'
2619 2483 2766 2549 ἑτέρου
2817 2517 2828 2523 --

1611 2558 1689 2616 τὴν
1710 2558 1876 2623 θερινὴν
1902 2557 2084 2624 τροπὴν,
2109 2560 2205 2606 καθ’
2233 2558 2286 2616 ἢν
2312 2556 2561 2623 σπείρεσθαι
2585 2556 2870 2620 συμὸαίνειζ
2877 2545 2907 2568 μ’

1611 2630 1764 2695 ὄρυζαν
1790 2629 1866 2677 καὶ
1895 2630 1944 2678 τὸ
1971 2630 2248 2697 βόσπορον,”
2225 2649 2289 2677 ετι
2313 2629 2358 2678 δὲ
2375 2629 2579 2692 σήσαμον
2609 2629 2685 2681 και
2707 2629 2761 2679 κε’
2829 2661 2834 2668 ‚
2868 2658 2873 2674 ι

1611 2702 1724 2750 κατὰ
1743 2703 1826 2767 [δὲ]
1847 2703 1897 2751 τὸ
1916 2705 2118 2751 πλεῖστον
2143 2702 2398 2769 ἀμφοτέροις
2421 2706 2508 2757 τοῖς
2530 2720 2710 2768 καρποις
2735 2704 2775 2750 οἱ
2902 2698 2944 2771 s‘s'

1609 2845 1693 2881 tam
1710 2842 1933 2882 volatilium
1945 2873 1956 2892 ,
1977 2853 2102 2893 quam
2121 2842 2370 2882 terrestrium
2383 2871 2394 2890 ,
2412 2840 2688 2891 magnitudine
2703 2850 2752 2880 ae
2767 2820 2933 2884 τοΜυῖ

1611 2906 1750 2956 insigni
1781 2906 1990 2957 producat.
2038 2906 2094 2955 (4)
2122 2907 2322 2946 Plurimos
2348 2915 2472 2956 porro·
2485 2916 2532 2944 ac
2559 2902 2810 2955 praegrandoe
2833 2903 2908 2943 ele-

1611 2971 1802 3022 phantos,
1826 2971 1981 3022 pascuis
2003 2970 2164 3013 abunde
2190 2969 2473 3021 suppeditatis,
2497 2969 2652 3018 nutrit;
2672 2969 2912 3020 quapropter

1610 3035 1651 3074 id
1669 3046 1806 3086 genus
1806 3035 1961 3074 belluae
1966 3034 2055 3075 istic
2079 3035 2260 3076 locorum
2286 3033 2494 3074 Africanas
2508 3033 2658 3073 viribus
2675 3033 2802 3073 multo
2812 3041 2930 3084 prae

1611 3101 1726 3138 stant.
1759 3099 1854 3138 Ideo
1871 3109 1998 3149 quum
2024 3099 2133 3148 larga
2152 3108 2289 3149 earum
2315 3097 2366 3138 sit
2385 3097 2492 3137 Indis
2513 3096 2694 3147 venatio,
2714 3096 2764 3136 ad
2780 3088 2927 3143 oenus

1612 3164 1721 3203 mina
1752 3163 1894 3203 bellica
1925 3162 2122 3203 inStitutae
2150 3163 2324 3208 multum
2350 3162 2399 3202 ad
2430 3161 2692 3202 obtinendum
2723 3161 2764 3202 vi
2839 3206 2844 3212 ,
2900 3143 2928 3218 3⁴⁴}

1611 3229 1805 3269 momenti
1821 3230 2012 3269 afferunt.
2787 3233 2790 3235 ’

1663 3294 1908 3333 XXXV1.5.
1940 3291 2127 3332 Similiter
2151 3292 2308 3343 frugum
2325 3303 2411 3343 cop
2417 3302 2467 3342 a,
2491 3292 2536 3332 ut
2551 3290 2793 3342 proceritate
2818 3278 2907 3344 ἀΰ*

1612 3368 1754 3407 porum
1771 3359 1812 3396 et
1826 3356 2001 3396 crassitie
2015 3356 2214 3396 excellant
2225 3356 2420 3406 honines,
2437 3322 2587 3397 efficit.
2604 3357 2650 3396 ut
2664 3364 2760 3396 vem
2797 3372 2801 3382 ·
2871 3359 2882 3364 ’

1613 3420 1746 3460 minus
1768 3420 1922 3459 artium
1940 3419 2104 3460 scientia
2130 3422 2342 3470 praestent,
2361 3431 2448 3460 sors
2469 3419 2584 3469 tulit;
2602 3421 2792 3470 utpote

1614 3495 1739 3535 purus
1767 3494 1834 3523 aer
1855 3483 2042 3532 trahitur,
2069 3484 2110 3523 et
2138 3494 2242 3534 aqua
2263 3483 2520 3524 subtilissima
2541 3483 2706 3527 bibitur.
2750 3483 2821 3534 (q

1616 3548 1701 3598 lus,
1741 3548 1947 3587 mitiorum
1975 3548 2184 3588 fructuum
2215 3548 2328 3598 copia
2355 3546 2602 3597 redundans,
2632 3546 2773 3588 subter
2815 3564 2819 3577 ι

1614 3622 1775 3662 quoque
1793 3611 1923 3651 omnis
1945 3611 2098 3661 generis
2114 3610 2377 3653 metallorum
2393 3621 2515 3652 venas
2530 3611 2665 3652 hahet.
2683 3609 2821 3652 Nam

1614 3677 1704 3715 tum
1730 3675 1785 3715 ibi
1801 3674 1953 3724 argenti
1971 3676 2011 3714 et
2035 3675 2149 3723 auri,
2170 3685 2244 3715 nec
2263 3685 2406 3725 parum
2425 3675 2516 3715 aeris
2531 3673 2704 3726 ferrique
2725 3672 2803 3715 et

1614 3741 1807 3790 nascitur,
1825 3742 2035 3789 ceteraque
2054 3739 2209 3789 omnia,
2230 3750 2334 3789 (ωτι
2341 3739 2392 3778 ad
2419 3740 2607 3779 ornatum
2622 3740 2664 3780 et
2685 3748 2836 3780 usum
2847 3777 2890 3801 v

1616 3817 1696 3845 non
1726 3805 1777 3845 ad
1803 3804 1966 3845 bellicos
1989 3799 2201 3855 apparatus
2225 3804 2474 3854 conducant,
2502 3803 2660 3845 abunde
2678 3814 2800 3856 sup
2801 3824 2878 3886 '⁴

1618 3870 1672 3920 (7)
1697 3870 1846 3910 Praeter
1866 3867 1998 3918 fruges
2020 3867 2225 3918 Cereales,
2245 3868 2367 3909 etiam
2391 3867 2548 3909 milium
2567 3867 2609 3907 in
2635 3867 2752 3909 India
2785 3881 2850 3917 ιιι)
2872 3885 2873 3890 κ

1617 3943 1706 3973 sum
1722 3962 1733 3982 ,
1770 3943 1794 3972 a
1824 3933 1995 3982 benigna
2023 3931 2238 3972 fluviorum
2267 3931 2517 3983 irrigatione,
2547 3931 2747 3983 provenit.
2801 3940 2866 3962 ²

1617 4007 1762 4047 magna
1781 3995 2026 4046 leguminum
2046 3996 2103 4036 ibi
2122 3997 2236 4047 copia
2263 3997 2304 4036 et
2326 3995 2522 4045 variatam
2548 3993 2651 4035 adde
2667 3998 2843 4046 onan*

1617 4060 1727 4111 quod
1748 4060 1894 4099 vocant
1926 4059 2169 4110 bosporum,
2197 4060 2355 4110 aliaque
2387 4059 2595 4111 complura
2619 4059 2671 4099 ad
2699 4058 2796 4100 vitm
2827 4088 2834 4095 .

1618 4126 1880 4165 tentationem
1912 4124 2148 4175 commoda3
2176 4124 2278 4164 adde
2309 4126 2463 4164 ceteros
2489 4123 2713 4177 esculentos
2731 4123 2836 4164 fruct

1617 4190 1889 4229 animantibus
1905 4189 2128 4229 nutriendis
2153 4190 2267 4240 aptos
2285 4204 2294 4229 ε
2313 4188 2364 4228 de
2387 4188 2535 4239 quibus
2553 4187 2824 4228 scribet-elon

1618 4257 1688 4294 est.
1708 4257 1761 4305 (8)
1784 4254 1932 4294 ldcirco
1961 4265 2167 4304 nunquam
2195 4264 2217 4293 a
2243 4254 2346 4294 fame
2361 4283 2372 4303 ,
2394 4251 2711 4293 annullavimus
2728 4261 2791 4292 ma
2806 4267 2810 4286 ι

2836 3433 2910 3567 3

2237 4391 2257 4405 0
