3008 4542
198 217 216 256 ὶ

260 238 350 279 546

256 342 451 398 habene,
486 361 582 389 non
610 353 811 405 pertmet
842 345 900 390 ad
932 348 1132 391 nominis
1159 349 1540 410 explicationem,

177 417 186 426 ’
254 416 334 460 sed
354 419 565 461 notitiam
584 419 852 461 historicam
875 420 1082 463 continet
1106 420 1165 464 de
1190 422 1426 478 inusitata,
1454 439 1544 482 qua

256 489 441 549 insignis
490 499 653 534 auctor
696 490 914 549 dynastiae
957 493 1291 558 Memphiticae,
1337 498 1546 555 corporis

252 562 545 618 proceritate.
575 564 849 608 Accuratius
874 579 971 607 rem
994 572 1177 608 servant
1207 574 1423 625 excerpta
1447 569 1545 611 Ma-

252 633 534 678 nethoniana
549 668 561 690 ,
587 635 756 693 quibus
774 634 1012 681 Sesochris
1031 652 1111 680 rex
1136 638 1345 695 quinque
1365 640 1546 684 cubitos

253 713 297 747 et
318 712 410 750 tres
427 708 606 765 palmos
629 708 746 752 altus
777 707 912 752 fuisse
936 717 1170 754 narratur.
1199 736 1262 741 —-
1286 711 1390 754 Jam
1420 726 1543 769 quo-

250 777 394 821 modo
429 778 601 823 factum
635 780 719 835 sit,
751 787 803 823 ut
839 780 1059 824 Manetho
1095 781 1271 839 primos
1305 796 1450 825 annos
1484 784 1543 839 78

250 849 384 907 hujus
399 850 617 909 dynastiae
636 853 755 896 inter
780 852 897 896 duos
911 867 1042 912 reges
1067 852 1333 907 distribuat,
1357 862 1401 897 et
1421 870 1545 913 prae-

250 930 375 967 terea
395 924 532 967 etiam
549 925 736 968 tertium
754 939 912 984 regem
941 924 1264 968 Necherochin
1287 939 1394 968 cum
1417 928 1545 970 annis

251 996 311 1040 28
322 996 604 1052 introducat,
619 1012 785 1056 parum
800 998 961 1055 liquet.
977 996 1203 1041 cheneres
1217 996 1406 1043 sortasse
1418 998 1544 1042 idem

249 1075 315 1111 est
341 1069 423 1126 qui
450 1068 741 1113 Sesorcleeres
755 1103 767 1124 ,
790 1069 1060 1112 abbreviato
1085 1069 1303 1124 nomine,
1329 1077 1374 1112 et
1398 1070 1544 1114 inter—

187 1162 190 1165 ·
246 1141 395 1198 posita
434 1141 568 1185 litera
604 1157 635 1184 n
676 1140 822 1200 (utin
859 1142 1144 1183 Ra-n-seser
1178 1154 1267 1199 pro
1306 1141 1538 1189 Ra—seser.

245 1212 384 1257 Buns.
414 1228 462 1272 p.
493 1212 604 1273 69).
631 1212 942 1258 Necheroclzis
978 1227 1070 1256 una
1096 1227 1202 1255 cum
1223 1213 1437 1256 Sesochri
1459 1228 1539 1258 re-

245 1286 471 1343 gnaverit.
503 1286 727 1329 Praeterea
753 1285 1006 1328 Bunsenius
1038 1285 1110 1343 (p.
1138 1283 1255 1344 105)
1286 1285 1542 1343 suspicatur

245 1357 574 1402 Sesorcherem
604 1357 793 1402 fortasse
833 1357 1034 1402 eundem
1070 1372 1163 1401 esse
1197 1373 1303 1402 cum
1336 1358 1540 1403 Uclzoreo

245 1443 385 1486 quem
417 1431 655 1476 Diodorus
704 1430 782 1493 (Ι,
827 1429 917 1485 50,
958 1428 1017 1489 3)
1053 1445 1211 1489 regem
1243 1445 1269 1474 a
1307 1431 1454 1475 Busiri
1493 1434 1539 1476 II

245 1511 462 1548 octavum
480 1504 614 1548 fuisse
629 1538 643 1559 ,
667 1513 805 1562 atque
826 1504 1068 1562 Memphin
1092 1503 1353 1548 condidisse
1375 1504 1533 1552 tradit.

241 1575 383 1633 Quod
419 1577 456 1620 si
489 1585 579 1631 est,
614 1577 706 1621 huc
735 1577 990 1636 pertineret
1027 1575 1154 1619 haud
1187 1575 1329 1620 dubie
1365 1592 1538 1622 nomen

242 1649 672 1703 U-SESER-KET‚
709 1649 839 1707 quod
871 1650 1065 1708 Lepsius
1096 1650 1144 1691 in
1180 1664 1344 1708 campo
1377 1651 1536 1710 sepul-

242 1722 353 1765 crali
378 1722 437 1766 ad
466 1722 730 1781 pyramides
753 1722 1019 1766 Gizehianas
1043 1722 1215 1780 reperit
1253 1720 1350 1784 (Cf.
1382 1730 1535 1767 tamen

240 1803 340 1839 not.
363 1794 422 1838 ad
442 1795 551 1853 dyn.
573 1794 662 1856 V).
790 1793 794 1795 “

306 1865 532 1910 Praeterea
551 1866 611 1910 ad
633 1867 784 1926 prima
802 1867 899 1910 haec
921 1865 1139 1925 dynastiae
1159 1867 1303 1910 tertiae
1320 1875 1532 1926 tempora

223 1937 482 1981 ‘referenda
501 1946 655 1982 censet
677 1953 842 1998 regum
864 1939 1054 1982 nomina
1074 1940 1191 1983 Asns
1225 1947 1271 1982 et
1294 1942 1504 1984 Asnsmzr
1518 1974 1530 1996 ,

238 2025 442 2067 quorum
462 2010 581 2054 illud
612 2020 830 2070 quartum
861 2019 928 2055 est
946 2012 996 2054 in
1018 2011 1134 2055 serie
1153 2026 1319 2071 regum
1353 2012 1530 2058 Carna—

237 2082 367 2126 ciana
382 2116 394 2138 ,
420 2082 512 2126 hoc
536 2091 679 2126 exstat
704 2083 754 2125 in
776 2082 1155 2141 inscriptionibus
1177 2083 1497 2142 sepulcrorum
1516 2118 1527 2139 ‚

235 2170 337 2213 quae
356 2169 504 2215 prope
527 2154 791 2214 pyramides
810 2154 1076 2200 Gizehianas
1095 2155 1179 2199 sita
1197 2162 1318 2202 sunt.
1342 2155 1412 2202 Cf.
1437 2172 1529 2199 no—

234 2232 328 2271 tam
349 2227 407 2271 de
422 2243 533 2287 rege
551 2228 763 2287 septimo.

297 2300 343 2345 II
369 2311 414 2346 et
436 2303 524 2348 ΙΙΙ.
551 2302 820 2360 Sequuntur
854 2317 926 2360 ap.
954 2302 1289 2346 Manethonem
1313 2317 1326 2348 .·
1366 2304 1409 2346 T
1403 2319 1529 2348 osor-

233 2375 334 2419 tlzos
364 2391 440 2421 an.
478 2390 539 2433 29
571 2383 616 2418 et
653 2375 805 2432 Tyreis
842 2390 916 2420 an.
953 2390 997 2430 7.
1038 2374 1150 2432 Quae
1182 2376 1529 2421 accommodari

230 2447 365 2491 facile
390 2447 751 2491 Eratosthenicis
779 2455 992 2506 possunt,
1025 2446 1170 2491 modo
1205 2448 1420 2493 ordinem
1451 2465 1529 2494 re-

230 2533 341 2578 gum
364 2520 576 2563 invertas.
647 2518 886 2562 Secundus
904 2518 1149 2578 ponendus
1170 2520 1329 2578 Tyreis
1355 2535 1430 2564 an.
1464 2536 1487 2577 7
1511 2555 1522 2578 ,

230 2593 304 2635 cui
342 2606 417 2652 ap.
452 2593 576 2636 Erat.
611 2591 863 2650 respondet
907 2591 1115 2635 Stoiclzos
1153 2588 1317 2654 (Ares)
1352 2609 1430 2640 an.
1467 2594 1524 2655 63

227 2664 399 2716 deinde
419 2665 581 2708 tertius
607 2664 860 2707 Tosorthos
883 2679 957 2708 an.
985 2679 1045 2723 29
1062 2698 1073 2720 ,
1101 2666 1182 2723 qui
1206 2680 1278 2725 ap.
1305 2665 1430 2712 Erat.
1460 2676 1527 2711 est

234 2739 488 2782 Gosormies
511 2753 587 2782 an.
614 2739 692 2783 30.

293 2812 356 2857 ΙΙ,
392 2812 576 2856 Nomen
608 2811 730 2869 regis
761 2810 953 2855 secundi
981 2812 1310 2855 Eratosthenes
1343 2827 1369 2856 a
1392 2813 1523 2856 Bun-

227 2884 355 2929 senio
377 2883 646 2927 emendatus
667 2884 1000 2942 interpretatur
1011 2898 1128 2926 voce
1146 2880 1377 2938 ἡλιόθετος.
1402 2886 1522 2929 Hinc

226 2956 479 3000 Bunsenius
505 2956 683 3015 colligit
716 2971 891 2999 nomen
922 2955 1193 3014 AEgyptium
1223 2957 1302 2999 vix
1319 2958 1522 3015 potuisse

226 3028 354 3073 aliud
378 3043 471 3073 esse
495 3029 580 3071 nisi
603 3043 612 3071 z
640 3028 980 3071 TET-KE—RA
994 3060 1006 3082 ,
1031 3027 1162 3085 quod
1181 3027 1241 3071 ad
1258 3029 1523 3087 pyramides

226 3104 276 3146 in
293 3102 615 3161 sepulcrorum
625 3099 1001 3159 inscriptionibus
1014 3106 1253 3159 repertum
1266 3108 1346 3146 est.
1364 3101 1521 3147 Graece

226 3174 366 3219 scribi
401 3174 555 3233 potuit
588 3172 882 3216 Tol-che-res
906 3180 986 3216 aut
1021 3172 1281 3230 Ty-ke-res.
1311 3174 1414 3217 Hoc
1439 3174 1521 3218 de-

226 3246 343 3291 disse
364 3246 551 3290 videtur
575 3246 791 3289 Manetho
808 3279 819 3299 ‚
842 3246 891 3287 in
923 3243 1051 3303 cujus
1071 3245 1302 3289 laterculis
1319 3245 1520 3290 mediam

224 3319 447 3378 syllabam
467 3318 521 3362 ke
551 3317 702 3361 scriba
736 3318 967 3374 omiserit3
993 3317 1186 3361 alteram
1214 3316 1412 3360 formam
1432 3333 1521 3377 po-

223 3392 366 3435 suerit
384 3391 724 3445 Eratosthenes,
748 3390 977 3448 siquidem
994 3390 1241 3449 probabile
1261 3389 1520 3434 admodum

224 3472 289 3508 est
307 3478 444 3508 voces
455 3463 664 3508 Stoiclzos
683 3471 728 3506 et
745 3465 862 3506 Ares
878 3462 1006 3522 apud
1025 3462 1291 3521 Syncellum
1309 3463 1357 3505 in
1375 3478 1519 3506 unum

224 3550 398 3582 nomen
421 3535 666 3581 Toichares
686 3534 1030 3595 conjungendas
1050 3549 1165 3591 esse.
1189 3536 1398 3579 Fortasse
1426 3534 1517 3578 huc

223 3610 456 3668 pertinent
489 3609 627 3652 etiam
664 3608 805 3651 verba
843 3603 991 3668 τοιγὰρ
1033 3603 1224 3668 ἄμαχος,
1259 3621 1361 3666 quae
1392 3607 1518 3666 apud

228 3682 494 3741 Syncellum
517 3681 657 3740 primi
672 3680 794 3739 regis
810 3680 987 3723 nomini
1005 3687 1178 3722 temere
1196 3676 1515 3738 praefiguntur.

222 3759 316 3799 Aut
351 3755 474 3799 enim
506 3754 648 3797 latere
675 3753 724 3795 in
758 3753 810 3795 iis
841 3751 1026 3796 videtur
1057 3766 1234 3795 nomen
1272 3750 1517 3796 Toiclzares

222 3843 330 3871 cum
349 3826 571 3870 liberiore
598 3826 1010 3883 interpretamento
1043 3820 1212 3885 ἄμαχος
1228 3857 1242 3884 ‚
1268 3832 1346 3868 aut
1365 3821 1512 3887 τοιγὰρ

219 3898 448 3958 particula
468 3912 615 3958 graeca
638 3897 778 3941 fuerit
795 3930 807 3952 ‚
831 3910 923 3954 qua
942 3895 1148 3940 indicare
1169 3905 1333 3940 auctor
1364 3898 1514 3940 voluit

220 3986 382 4015 vocem
400 3967 614 4025 ἡλιόθετος
632 3971 693 4013 ita
710 3966 1072 4028 intelligendam,
1092 3976 1144 4011 ut
1161 3966 1388 4028 significet
1403 3965 1513 4027 ἅμα·

218 4058 294 4104 χος
321 4045 485 4102 (Buns.
507 4058 556 4102 p.
586 4048 642 4099 74
664 4042 697 4103 ).
718 4039 816 4085 Hoc
835 4050 988 4084 tamen
1006 4040 1157 4084 minus
1169 4040 1431 4099 probabile.

283 4118 373 4161 111.
411 4117 555 4160 Tertii
573 4118 698 4177 regis
723 4116 913 4160 nomina
935 4114 1209 4168 Gosorme'es,
1242 4114 1499 4169 Tosorthos,

219 4188 449 4233 Sesorehos
467 4188 734 4234 reducenda
758 4195 865 4232 sunt
888 4186 946 4231 ad
970 4201 1143 4230 nomen
1165 4203 1175 4229 ε

1544 3736 1558 4212 ι

1140 213 1145 217 ’
1176 233 1589 287 MANETflole
1627 234 2016 293 sssssssNNYTAE

1924 358 2167 404 Sesortosis
2200 366 2213 415 (
2231 360 2388 405 seSeR
2397 360 2559 408 TeSeN
2578 363 2616 426 ).
2636 427 2640 431 ῃ

1687 495 1729 537 Is
1749 502 1912 540 auctor
1937 498 2046 541 artis
2069 496 2259 542 medicae
2276 497 2387 553 fuit,
2419 499 2688 561 primusque
2708 503 2909 550 aedifica*

1617 561 1686 607 vit
1723 561 1884 618 ξεστοῒς
1909 565 2038 620 λίθοις
2062 584 2096 612 s.
2133 568 2301 614 dolatis
2328 571 2560 630 lapidibus
2583 573 2913 636 quadrangulis
2973 619 2976 622 Α

1625 634 1708 695 (V.
1743 637 1938 686 Bunsen.
1965 655 2013 699 p.
2039 639 2098 685 83
2118 656 2223 700 sqq.
2241 641 2274 701 ).
2297 641 2410 700 Quae
2431 644 2670 689 adduntur
2685 660 2760 705 ap.
2784 648 2912 705 Syn-

1621 704 1803 754 cellum*
1822 708 1935 756 ἀλλὰ
1964 709 2038 756 καὶ
2067 714 2234 776 γραψῆς
2267 713 2535 774 ἐπεμελήθη,
2564 718 2791 777 interpres
2813 719 2911 763 Eua

1620 781 1735 825 sebii
1753 785 1946 830 Arinen.
1969 784 2127 828 reddit
2143 785 2296 830 verbis
2319 789 2446 832 libris
2459 798 2694 849 praeterea
2708 793 2912 837 scn‘hen-
2950 783 2957 799 ’
2985 788 2987 794 ⁴

1619 855 1690 898 dis
1701 871 1858 900 curam
1876 858 2110 916 impendit,
2138 872 2284 917 quum
2296 875 2450 906 sensus
2467 861 2638 923 procul
2656 861 2803 908 dubio
2818 864 2876 909 sit
2897 875 2908 909 t

1620 930 1760 970 etiam
1781 929 1840 971 tle
1859 925 2089 972 scribendi
2107 939 2207 974 arte
2230 936 2416 976 meritus
2433 943 2514 980 est.
2538 935 2749 979 Fortasse
2767 935 2913 996 igitur
2982 949 2983 953 ’

1624 999 1872 1044 Sesortosis
1887 1001 2018 1060 signa
2041 1001 2391 1062 hieroglyphica
2414 1013 2826 1051 monumentorum
2852 1008 2911 1053 ad

1618 1071 1920 1130 simpliciores
1953 1072 2120 1117 ductus
2149 1074 2357 1134 redegit,
2375 1085 2515 1135 atque
2540 1078 2604 1121 sic
2636 1087 2802 1123 auctor
2829 1094 2912 1124 exa

1618 1144 1732 1186 stitit
1765 1145 2003 1203 scripturae
2033 1147 2243 1215 generis,
2272 1147 2404 1205 quod
2425 1148 2702 1193 hieraticum
2737 1161 2911 1196 vocant
2984 1204 2985 1209 Ἰ

1622 1217 1790 1275 (Buns.
1812 1232 1861 1276 p.
1888 1215 1947 1262 85
1972 1215 2007 1277 ).
2045 1242 2110 1251 -ω-
2134 1219 2282 1262 Porro
2306 1219 2569 1265 Sesortosin
2589 1229 2801 1267 nostrum
2821 1239 2912 1268 no-
2980 1215 2986 1262 s

1618 1295 1714 1331 tare
1739 1288 1923 1332 videtur
1942 1289 2235 1333 Dicaearchus
2251 1291 2376 1350 apud
2391 1292 2538 1336 schol.
2562 1293 2720 1353 Apoll.
2746 1295 2906 1344 Rhod.
2971 1306 2974 1307 ’
2991 1290 2993 1294 ’

1616 1361 1693 1416 IV,
1718 1375 1808 1416 272
1826 1393 1838 1415 ,
1867 1361 1948 1404 ubi
1963 1360 2266 1410 Sesonclzosin
2300 1365 2377 1407 ait'
2392 1360 2546 1424 νόμους
2567 1362 2802 1412 τεθεικέναι
2825 1358 2921 1428 μη·Ι
2980 1378 2983 1379 ’

1617 1429 1714 1476 δένα
1749 1431 1959 1477 ἐκλείπειν
1992 1429 2070 1487 τὴν
2104 1431 2310 1498 πατρῴαν
2348 1433 2526 1498 τέχνην·
2561 1432 2636 1481 καὶ
2672 1439 2841 1500 πρῶτον
2865 1437 2910 1486 δὲ
2976 1446 2979 1494 s

1616 1501 1844 1567 εὑρηκέναι
1878 1501 2024 1550 ἵππων
2063 1503 2308 1552 ἀναὸαίνειν
2350 1505 2590 1571 ἄνθρωπον.
2635 1508 2773 1556 Certe
2810 1527 2910 1558 non

1612 1578 1814 1636 potuisse
1837 1577 2158 1622 Dicaearchum
2187 1581 2392 1640 cogitare
2421 1580 2480 1625 de
2503 1581 2758 1627 Sesostride
2781 1584 2906 1629 cele·
2972 1635 2975 1638 ,

1612 1649 1821 1693 berrimo
1849 1650 1931 1694 illo
1955 1650 2183 1695 bellatore
2221 1659 2437 1711 tempora
2470 1651 2658 1700 docent.
2679 1654 2800 1699 Nam
2822 1656 2908 1701 Se»
2977 1651 2981 1660 ²

1611 1722 1847 1766 sonchosis
1864 1722 1941 1766 hic
1962 1724 2093 1768 annis
2108 1724 2271 1785 vixisse
2290 1722 2416 1768 2500
2438 1733 2544 1770 ante
2564 1726 2746 1780 Troica,
2766 1729 2908 1772 omni·
2975 1779 2977 1782 Α

1614 1809 1777 1854 noque
1832 1796 2010 1855 primus
2055 1797 2384 1857 AEgyp‘tiorum
2441 1812 2522 1842 rex
2566 1806 2673 1858 post
2727 1798 2907 1845 Horum
2978 1790 2988 1854 2³

1611 1866 1751 1911 deum
1775 1867 1910 1912 fuisse
1933 1877 2149 1939 narratur
2173 1869 2258 1931 (ex
2282 1868 2534 1914 traditione
2554 1871 2902 1936 Memphitica).

1679 1941 1761 1985 IV.
1782 1941 2012 1997 Quartum
2040 1955 2198 2001 regem
2222 1942 2548 1986 Eratosthenes
2576 1945 2713 2002 ponit
2738 1945 2907 1990 Mareu

1607 2011 1638 2057 i.
1659 2026 1702 2057 e.
1721 2010 1954 2074 ἠλιόδωρον
1983 2010 2105 2075 (ma,
2132 2013 2270 2068 dare;
2288 2027 2357 2067 re,
2382 2012 2501 2073 sol).
2526 2015 2634 2058 Non
2653 2016 2906 2075 respondet

1607 2099 1781 2128 nomen
1801 2085 2091 2129 Manethonis
2122 2085 2387 2129 Mesochris.
2424 2087 2677 2132 Bunsenius
2703 2088 2777 2148 (p.
2818 2091 2903 2149 74)

1607 2158 1749 2217 igitur
1767 2158 1831 2201 ita
1854 2158 1951 2202 haec
1985 2157 2278 2217 expedienda
2303 2159 2477 2204 statuit.
2514 2160 2686 2216 Mares,
2725 2162 2812 2219 ait,
2839 2168 2922 2207 est‘
2978 2170 2981 2173 ’

1607 2245 1870 2290 cognomen
1904 2231 2051 2290 regis,
2094 2229 2227 2289 quod
2265 2230 2589 2275 Eratosthenes
2618 2234 2776 2292 posuit
2812 2249 2903 2295 pro

1605 2303 1795 2348 nomine
1823 2302 2031 2358 familiae,
2066 2304 2290 2362 quoniam
2319 2303 2411 2348 hoc
2445 2302 2542 2361 jam
2579 2316 2848 2352 occurrerat
2891 2325 2901 2354 ⁴.

1575 2411 1582 2414 .
1604 2391 1713 2421 nam
1731 2374 1987 2420 Mesochris
2005 2375 2298 2419 Manethonis
2316 2372 2444 2419 ide'm
2463 2391 2638 2420 nomen
2661 2385 2751 2434 est,
2773 2377 2904 2438 quod

1603 2451 1654 2493 in
1677 2447 2060 2494 antecedentibus
2085 2449 2255 2493 rectius
2279 2454 2443 2492 auctor
2479 2449 2726 2508 scripserat
2755 2450 2900 2497 Seso—

1603 2521 1725 2566 chris
1749 2519 2112 2585 (Sesorcheres).
2144 2521 2308 2580 Itaque
2338 2529 2558 2584 quartum
2590 2536 2749 2583 regem
2779 2538 2902 2568 nan·-

1603 2595 1818 2639 ciscimur
1846 2591 2144 2638 Sesorclzeren
2174 2594 2223 2637 Π
2261 2593 2541 2654 cognomine
2576 2595 2750 2640 Mares.
2779 2596 2900 2640 Anni

1603 2667 1735 2727 regni
1771 2665 1900 2726 apud
1922 2666 2253 2710 Manethonem
2286 2674 2393 2710 sunt
2437 2681 2522 2722 173
2559 2665 2748 2711 fortasse
2786 2666 2899 2712 olim

1602 2740 1737 2784 fuisse
1768 2755 1840 2784 an.
1876 2754 1956 2796 27,
1994 2737 2126 2797 quod
2157 2738 2359 2798 spatium
2395 2738 2613 2798 proxime
2657 2739 2900 2786 accederet

1601 2812 1661 2856 ad
1679 2812 1995 2856 Eratosthenis
2013 2826 2158 2856 annos
2179 2811 2239 2855 26
2254 2845 2267 2867 ,
2286 2812 2487 2855 Bunsen.
2508 2812 2783 2871 suspicatur.

1672 2885 1959 2930 Sesorcheris
1978 2885 2050 2940 ΙΙ,
2081 2885 2313 2928 Bunsenio
2330 2882 2491 2940 judice
2523 2884 2600 2943 (p.
2639 2883 2748 2945 88),
2770 2885 2898 2943 apud
3001 2911 3004 2946 g

1598 2957 1865 3002 Diodorum
1887 2956 2125 3015 Sasyclzis,
2155 2956 2205 2999 in
2227 2955 2458 3000 Herodoti
2476 2952 2568 3016 (Π,
2591 2954 2704 3016 136)
2727 2956 2924 3004 codici-.
2964 2961 3006 3014 ζ

1598 3030 1687 3074 bus
1709 3029 1905 3087 Asyclzis
1927 3029 2203 3088 appellatur.
2231 3029 2299 3072 Ac
2321 3027 2562 3078 Diodorus
2580 3027 2780 3086 ¹quidem
2814 3031 2890 3085 (Ι,
2968 3032 2973 3045 ”
3000 3027 3006 3043 ”

1599 3106 1679 3160 94,
1701 3101 1743 3160 3)
1759 3110 2008 3160 postquam
2021 3099 2079 3143 de
2094 3089 2248 3143 Mnex'ri
2266 3098 2463 3154 dixerat,
2482 3108 2718 3158 tamquam
2735 3115 2894 3145 secun·
2971 3091 2979 3110 '²

1598 3174 1712 3218 dum
1738 3175 1931 3234 AEgypti‘
1948 3173 2257 3233 legislatorem
2273 3180 2501 3216 memorat
2523 3169 2739 3234 Σάσυχιν,
2758 3169 2892 3234 ἄνδρα

1598 3244 1764 3290 συνέσει
1785 3243 2037 3308 διαφέροντα
2053 3258 2062 3267 ·
2083 3246 2231 3289 τοῦτον
2258 3241 2300 3288 δὲ
2324 3240 2430 3306 πρὸς
2451 3248 2536 3295 τοῖς
2556 3241 2798 3307 ὑπάρχουσι
2815 3241 2891 3290 νό-

1600 3334 1691 3378 μοις
1710 3315 1820 3362 ἄλλα
1837 3335 1883 3361 τε
1903 3319 2150 3379 προσθεῖναι
2166 3312 2240 3361 καὶ
2257 3312 2310 3359 τὰ
2326 3313 2425 3377 περὶ
2441 3311 2519 3370 τὴν
2537 3315 2620 3359 τῶν
2638 3316 2744 3360 θεῶν
2759 3313 2890 3375 τιμὴν
2966 3313 2970 3324 ’
3000 3336 3001 3344 ¹

1595 3387 1911 3448 ἐπιμελέστατα
1935 3384 2146 3440 ἐπιτάξαι’
2172 3384 2344 3450 εὑρετὴν
2365 3383 2410 3432 δὲ
2430 3383 2505 3432 καὶ
2528 3387 2610 3443 τῆς.
2623 3385 2888 3450 γεωμετρίας

1595 3459 1791 3523 γενέσθαι
1812 3460 1885 3507 καὶ
1906 3458 1983 3516 τὴν
2004 3461 2087 3505 τῶν
2106 3458 2206 3522 περὶ
2238 3460 2322 3504 τῶν
2344 3456 2513 3522 ἄστρων
2534 3455 2714 3520 θεωρίαν
2739 3476 2785 3504 τε
2809 3459 2884 3507 καὶ
2955 3464 2957 3466 ’
2999 3460 3001 3462 ’

1594 3532 1896 3599 παρατήρησιν
1931 3530 2098 3586 διδάξαι
2133 3528 2230 3584 τοὺς
2253 3529 2501 3595 ἐγχωρίους.
2536 3556 2601 3566 —-
2625 3531 2765 3592 Apud
2776 3534 2882 3578 Ἡε·

1592 3608 1817 3652 rodotum
1853 3622 1943 3667 pro
1984 3602 2176 3668 Σάσυχις
2205 3606 2376 3666 legitur
2397 3598 2594 3666 Ἄσυχις,
2627 3605 2885 3651 scribarum

1594 3681 1754 3739 culpa,
1780 3681 1849 3724 uti
1868 3679 2054 3723 videtur
2076 3676 2243 3736 (verba
2264 3685 2370 3722 sunt
2397 3691 2408 3719 ε
2437 3671 2562 3722 Μετὰ
2579 3671 2622 3719 δὲ
2642 3674 2882 3739 Μυκερῖνον
2955 3718 2957 3723 .

1591 3750 1786 3813 γενέσθαι
1817 3748 2042 3812 Αἰγύπτου
2077 3745 2258 3811 βασιλέα
2293 3746 2438 3808 ἔλεγον
2470 3746 2508 3792 οἱ
2528 3744 2636 3810 ἱρέες
2654 3742 2878 3811 Ἄσυχιν).

1591 3828 1707 3871 Nam
1729 3824 1930 3869 eundem
1955 3837 2048 3867 esse
2065 3837 2171 3865 cum
2189 3821 2376 3880 Sasychi
2395 3819 2639 3865 Diodoreo
2660 3820 2770 3865 inde
2791 3823 2882 3866 col·

1590 3900 1725 3958 ligas,
1749 3895 1880 3956 quod
1901 3896 2026 3939 hunc
2043 3908 2231 3952 quoque
2250 3893 2560 3953 legislatorem
2576 3892 2711 3937 fuisse
2729 3895 2880 3954 arguit

1590 3972 1678 4025 lex,
1695 3984 1835 4028 quam
1849 3968 1906 4012 de
1930 3981 2018 4011 aere
2034 3966 2185 4010 alieno
2199 3966 2305 4010 tulit
2322 3964 2568 4025 (Herodot.
2592 3965 2624 4012 1.
2647 3965 2717 4026 1.).
2738 3965 2878 4024 Quod

1589 4058 1701 4087 vero
1721 4040 1948 4100 Mycerini
1971 4052 2202 4083 successor
2223 4036 2411 4092 dicitur,
2439 4051 2572 4080 error
2593 4045 2658 4080 est
2677 4037 2878 4081 auctoris

1586 4116 1660 4159 vel
1701 4115 1836 4158 etiam
1875 4118 2074 4171 exegetae
2109 4109 2334 4170 AEgyptii.
2360 4110 2476 4154 Nam
2497 4117 2542 4153 et
2577 4115 2876 4152 monumenta
2944 4114 2951 4174 J

1586 4186 1693 4229 huic
1717 4184 1950 4228 sententiae
1971 4183 2201 4226 contraria
2218 4190 2357 4237 ’sunt‚
2385 4190 2430 4225 et
2453 4195 2586 4225 causa
2605 4180 2777 4224 erroris
2796 4195 2874 4223 ex-
2951 4188 2953 4190 “
2996 4195 3000 4231 j
