<?xml version="1.0" encoding="UTF-8"?>
<!DOCTYPE html PUBLIC "-//W3C//DTD XHTML 1.0 Transitional//EN"
    "http://www.w3.org/TR/xhtml1/DTD/xhtml1-transitional.dtd">
<html xmlns="http://www.w3.org/1999/xhtml" xml:lang="en" lang="en">
 <head>
  <title>
</title>
<meta http-equiv="Content-Type" content="text/html;charset=utf-8" />
  <meta name='ocr-system' content='tesseract 3.04.00' />
  <meta name='ocr-capabilities' content='ocr_page ocr_carea ocr_par ocr_line ocrx_word'/>
</head>
<body>
  <div class='ocr_page' id='page_1' title='image "./fragmentahistori02mueluoft_0180.png"; bbox 0 0 3016 4628; ppageno 0'>
   <div class='ocr_carea' id='block_1_1' title="bbox 268 266 1549 345">
    <p class='ocr_par' dir='ltr' id='par_1_1' title="bbox 268 266 1549 345">
     <span class='ocr_line' id='line_1_1' title="bbox 268 266 1549 345; baseline -0.024 -1"><span class='ocrx_word' id='word_1_1' title='bbox 268 303 356 345; x_wconf 74' lang='lat'>¹28</span> <span class='ocrx_word' id='word_1_2' title='bbox 1144 266 1549 322; x_wconf 81' lang='lat' dir='ltr'><strong>ARISTOTELIS</strong></span> 
     </span>
    </p>
   </div>
   <div class='ocr_carea' id='block_1_2' title="bbox 264 386 1546 520">
    <p class='ocr_par' dir='ltr' id='par_1_2' title="bbox 264 386 1546 520">
     <span class='ocr_line' id='line_1_2' title="bbox 264 386 1543 464; baseline -0.022 -14"><span class='ocrx_word' id='word_1_3' title='bbox 264 403 534 464; x_wconf 74' lang='lat' dir='ltr'>AEgidarum</span> <span class='ocrx_word' id='word_1_4' title='bbox 556 407 785 443; x_wconf 82' lang='lat' dir='ltr'>rationem</span> <span class='ocrx_word' id='word_1_5' title='bbox 808 394 932 436; x_wconf 84' lang='lat' dir='ltr'>hisce</span> <span class='ocrx_word' id='word_1_6' title='bbox 952 386 1417 435; x_wconf 66' lang='lat' dir='ltr'>Lacedaemoniorum</span> <span class='ocrx_word' id='word_1_7' title='bbox 1440 394 1543 424; x_wconf 85' lang='lat' dir='ltr'>nar-</span> 
     </span>
     <span class='ocr_line' id='line_1_3' title="bbox 265 459 1546 520; baseline -0.022 1"><span class='ocrx_word' id='word_1_8' title='bbox 265 474 525 520; x_wconf 80' lang='lat' dir='ltr'>rationibus</span> <span class='ocrx_word' id='word_1_9' title='bbox 539 472 609 515; x_wconf 89' lang='lat' dir='ltr'>vel</span> <span class='ocrx_word' id='word_1_10' title='bbox 630 467 819 514; x_wconf 84' lang='lat' dir='ltr'>Pindari</span> <span class='ocrx_word' id='word_1_11' title='bbox 835 471 964 508; x_wconf 88' lang='lat' dir='ltr'>aetate</span> <span class='ocrx_word' id='word_1_12' title='bbox 985 460 1120 505; x_wconf 86' lang='lat' dir='ltr'>valde</span> <span class='ocrx_word' id='word_1_13' title='bbox 1141 459 1429 502; x_wconf 80' lang='lat' dir='ltr'>obscuratam</span> <span class='ocrx_word' id='word_1_14' title='bbox 1454 465 1546 496; x_wconf 87' lang='lat' dir='ltr'>esse</span> 
     </span>
    </p>
   </div>
   <div class='ocr_carea' id='block_1_3' title="bbox 265 523 1550 674">
    <p class='ocr_par' dir='ltr' id='par_1_3' title="bbox 265 523 1550 674">
     <span class='ocr_line' id='line_1_4' title="bbox 265 523 1544 604; baseline -0.022 -12"><span class='ocrx_word' id='word_1_15' title='bbox 265 549 405 591; x_wconf 82' lang='lat' dir='ltr'>fusius</span> <span class='ocrx_word' id='word_1_16' title='bbox 418 543 609 604; x_wconf 79' lang='lat' dir='ltr'>exponit</span> <span class='ocrx_word' id='word_1_17' title='bbox 633 542 688 586; x_wconf 89' lang='grc' dir='ltr'>Ο.</span> <span class='ocrx_word' id='word_1_18' title='bbox 712 538 898 584; x_wconf 82' lang='lat' dir='ltr'>Miiller.</span> <span class='ocrx_word' id='word_1_19' title='bbox 940 534 1062 579; x_wconf 84' lang='lat' dir='ltr'>Min.</span> <span class='ocrx_word' id='word_1_20' title='bbox 1098 529 1185 575; x_wconf 86' lang='lat'>351</span> <span class='ocrx_word' id='word_1_21' title='bbox 1216 543 1335 587; x_wconf 60' lang='lat' dir='ltr'>sqq„</span> <span class='ocrx_word' id='word_1_22' title='bbox 1362 526 1473 569; x_wconf 85' lang='lat' dir='ltr'>Dor.</span> <span class='ocrx_word' id='word_1_23' title='bbox 1498 523 1544 575; x_wconf 94' lang='lat' dir='ltr'>I,</span> 
     </span>
     <span class='ocr_line' id='line_1_5' title="bbox 269 596 1550 674; baseline -0.023 -11"><span class='ocrx_word' id='word_1_24' title='bbox 269 619 345 664; x_wconf 79' lang='lat'>61.</span> <span class='ocrx_word' id='word_1_25' title='bbox 385 615 502 672; x_wconf 76' lang='lat'>354,</span> <span class='ocrx_word' id='word_1_26' title='bbox 523 628 663 674; x_wconf 85' lang='lat' dir='ltr'>quem</span> <span class='ocrx_word' id='word_1_27' title='bbox 691 609 830 656; x_wconf 86' lang='lat' dir='ltr'>semel</span> <span class='ocrx_word' id='word_1_28' title='bbox 868 609 917 651; x_wconf 90' lang='lat' dir='ltr'>in</span> <span class='ocrx_word' id='word_1_29' title='bbox 940 608 1062 664; x_wconf 85' lang='lat' dir='ltr'>Rep.</span> <span class='ocrx_word' id='word_1_30' title='bbox 1091 596 1550 647; x_wconf 77' lang='lat' dir='ltr'>Lacedaemoniorum</span> 
     </span>
    </p>
   </div>
   <div class='ocr_carea' id='block_1_4' title="bbox 269 685 950 838">
    <p class='ocr_par' dir='ltr' id='par_1_4' title="bbox 269 685 950 838">
     <span class='ocr_line' id='line_1_6' title="bbox 269 685 714 734; baseline -0.009 0"><span class='ocrx_word' id='word_1_31' title='bbox 269 689 474 734; x_wconf 82' lang='lat' dir='ltr'>laudasse</span> <span class='ocrx_word' id='word_1_32' title='bbox 504 685 714 732; x_wconf 84' lang='lat' dir='ltr'>sufficiat.</span> 
     </span>
     <span class='ocr_line' id='line_1_7' title="bbox 875 782 950 838; baseline 0.013 -12"><span class='ocrx_word' id='word_1_33' title='bbox 875 782 950 838; x_wconf 84' lang='lat'>76.</span> 
     </span>
    </p>
   </div>
   <div class='ocr_carea' id='block_1_5' title="bbox 262 880 1557 1678">
    <p class='ocr_par' dir='ltr' id='par_1_5' title="bbox 262 880 1557 1678">
     <span class='ocr_line' id='line_1_8' title="bbox 340 880 1553 957; baseline -0.024 -10"><span class='ocrx_word' id='word_1_34' title='bbox 340 902 610 948; x_wconf 80' lang='lat' dir='ltr'>Plutarchus</span> <span class='ocrx_word' id='word_1_35' title='bbox 626 901 736 957; x_wconf 77' lang='lat' dir='ltr'>Lyc.</span> <span class='ocrx_word' id='word_1_36' title='bbox 753 912 791 939; x_wconf 93' lang='lat' dir='ltr'>c.</span> <span class='ocrx_word' id='word_1_37' title='bbox 818 910 855 949; x_wconf 92' lang='lat'>1,</span> <span class='ocrx_word' id='word_1_38' title='bbox 878 909 893 936; x_wconf 94' lang='lat'>1</span> <span class='ocrx_word' id='word_1_39' title='bbox 921 908 930 935; x_wconf 78' lang='lat' dir='ltr'>t</span> <span class='ocrx_word' id='word_1_40' title='bbox 954 886 1062 950; x_wconf 84' lang='grc' dir='ltr'>Περὶ</span> <span class='ocrx_word' id='word_1_41' title='bbox 1081 882 1325 945; x_wconf 82' lang='grc' dir='ltr'>Λυκούργου</span> <span class='ocrx_word' id='word_1_42' title='bbox 1344 880 1415 922; x_wconf 76' lang='grc' dir='ltr'>τοῦ</span> <span class='ocrx_word' id='word_1_43' title='bbox 1434 891 1553 935; x_wconf 86' lang='grc' dir='ltr'>νομο-</span> 
     </span>
     <span class='ocr_line' id='line_1_9' title="bbox 276 947 1546 1031; baseline -0.026 -8"><span class='ocrx_word' id='word_1_44' title='bbox 276 974 395 1021; x_wconf 77' lang='grc' dir='ltr'>θέτου</span> <span class='ocrx_word' id='word_1_45' title='bbox 417 971 598 1019; x_wconf 78' lang='grc' dir='ltr'>καθόλου</span> <span class='ocrx_word' id='word_1_46' title='bbox 621 968 697 1031; x_wconf 85' lang='grc' dir='ltr'>μὲν</span> <span class='ocrx_word' id='word_1_47' title='bbox 721 964 836 1013; x_wconf 83' lang='grc' dir='ltr'>οὐδὲν</span> <span class='ocrx_word' id='word_1_48' title='bbox 863 963 973 1009; x_wconf 84' lang='grc' dir='ltr'>ἔστιν</span> <span class='ocrx_word' id='word_1_49' title='bbox 994 962 1125 1006; x_wconf 78' lang='grc' dir='ltr'>εἰπεῖν</span> <span class='ocrx_word' id='word_1_50' title='bbox 1148 947 1546 1031; x_wconf 72' lang='grc' dir='ltr'>ἀναμφισὸήτητογ,</span> 
     </span>
     <span class='ocr_line' id='line_1_10' title="bbox 279 1019 1554 1109; baseline -0.025 -15"><span class='ocrx_word' id='word_1_51' title='bbox 279 1040 328 1093; x_wconf 70' lang='grc' dir='ltr'>οῧ</span> <span class='ocrx_word' id='word_1_52' title='bbox 357 1064 406 1109; x_wconf 87' lang='grc' dir='ltr'>γε</span> <span class='ocrx_word' id='word_1_53' title='bbox 430 1044 503 1092; x_wconf 75' lang='grc' dir='ltr'>καὶ</span> <span class='ocrx_word' id='word_1_54' title='bbox 525 1038 743 1106; x_wconf 70' lang='grc' dir='ltr'>γένοςκαὶ</span> <span class='ocrx_word' id='word_1_55' title='bbox 783 1033 1002 1094; x_wconf 81' lang='grc' dir='ltr'>ἀποδημία</span> <span class='ocrx_word' id='word_1_56' title='bbox 1027 1030 1099 1077; x_wconf 82' lang='grc' dir='ltr'>καὶ</span> <span class='ocrx_word' id='word_1_57' title='bbox 1130 1023 1304 1079; x_wconf 87' lang='grc' dir='ltr'>τελευτὴ</span> <span class='ocrx_word' id='word_1_58' title='bbox 1340 1019 1414 1068; x_wconf 84' lang='grc' dir='ltr'>καὶ</span> <span class='ocrx_word' id='word_1_59' title='bbox 1451 1037 1554 1082; x_wconf 85' lang='grc' dir='ltr'>προς</span> 
     </span>
     <span class='ocr_line' id='line_1_11' title="bbox 279 1091 1551 1179; baseline -0.025 -13"><span class='ocrx_word' id='word_1_60' title='bbox 279 1118 440 1165; x_wconf 74' lang='grc' dir='ltr'>ἅπασιν</span> <span class='ocrx_word' id='word_1_61' title='bbox 462 1119 490 1172; x_wconf 81' lang='grc' dir='ltr'>ἠ</span> <span class='ocrx_word' id='word_1_62' title='bbox 513 1114 610 1179; x_wconf 88' lang='grc' dir='ltr'>περὶ</span> <span class='ocrx_word' id='word_1_63' title='bbox 643 1110 737 1163; x_wconf 78' lang='grc' dir='ltr'>τοὺς</span> <span class='ocrx_word' id='word_1_64' title='bbox 768 1109 918 1170; x_wconf 88' lang='grc' dir='ltr'>νόμους</span> <span class='ocrx_word' id='word_1_65' title='bbox 954 1106 1085 1150; x_wconf 77' lang='grc' dir='ltr'>αὐτοῦ</span> <span class='ocrx_word' id='word_1_66' title='bbox 1126 1097 1199 1145; x_wconf 86' lang='grc' dir='ltr'>καὶ</span> <span class='ocrx_word' id='word_1_67' title='bbox 1223 1094 1299 1151; x_wconf 69' lang='grc' dir='ltr'>τὴν</span> <span class='ocrx_word' id='word_1_68' title='bbox 1335 1091 1551 1139; x_wconf 83' lang='grc' dir='ltr'>πολιτείαν</span> 
     </span>
     <span class='ocr_line' id='line_1_12' title="bbox 278 1161 1552 1253; baseline -0.024 -17"><span class='ocrx_word' id='word_1_69' title='bbox 278 1187 554 1253; x_wconf 85' lang='grc' dir='ltr'>πραγματεία</span> <span class='ocrx_word' id='word_1_70' title='bbox 579 1182 797 1250; x_wconf 72' lang='grc' dir='ltr'>διαφόρους</span> <span class='ocrx_word' id='word_1_71' title='bbox 820 1178 999 1241; x_wconf 77' lang='grc' dir='ltr'>ἔσχηκεν</span> <span class='ocrx_word' id='word_1_72' title='bbox 1020 1172 1231 1235; x_wconf 82' lang='grc' dir='ltr'>ἱστορίας,</span> <span class='ocrx_word' id='word_1_73' title='bbox 1256 1166 1417 1224; x_wconf 82' lang='grc' dir='ltr'>ἥκιστα</span> <span class='ocrx_word' id='word_1_74' title='bbox 1443 1161 1486 1209; x_wconf 80' lang='grc' dir='ltr'>δὲ</span> <span class='ocrx_word' id='word_1_75' title='bbox 1512 1163 1552 1247; x_wconf 64' lang='lat' dir='ltr'>ot</span> 
     </span>
     <span class='ocr_line' id='line_1_13' title="bbox 262 1237 1553 1323; baseline -0.023 -15"><span class='ocrx_word' id='word_1_76' title='bbox 262 1259 446 1323; x_wconf 75' lang='grc' dir='ltr'>Ιχρόνοι,</span> <span class='ocrx_word' id='word_1_77' title='bbox 470 1256 566 1304; x_wconf 87' lang='grc' dir='ltr'>καθ’</span> <span class='ocrx_word' id='word_1_78' title='bbox 586 1255 652 1307; x_wconf 78' lang='grc' dir='ltr'>οὒς</span> <span class='ocrx_word' id='word_1_79' title='bbox 668 1252 835 1315; x_wconf 89' lang='grc' dir='ltr'>γέγονεν</span> <span class='ocrx_word' id='word_1_80' title='bbox 856 1253 877 1295; x_wconf 79' lang='grc' dir='ltr'>ὅ</span> <span class='ocrx_word' id='word_1_81' title='bbox 897 1247 1019 1312; x_wconf 84' lang='grc' dir='ltr'>ἀνὴρ,</span> <span class='ocrx_word' id='word_1_82' title='bbox 1041 1245 1360 1306; x_wconf 76' lang='grc' dir='ltr'>ὁμολογοῦνται.</span> <span class='ocrx_word' id='word_1_83' title='bbox 1391 1237 1448 1283; x_wconf 80' lang='grc' dir='ltr'>Οἳ</span> <span class='ocrx_word' id='word_1_84' title='bbox 1476 1252 1553 1296; x_wconf 89' lang='grc' dir='ltr'>μεν</span> 
     </span>
     <span class='ocr_line' id='line_1_14' title="bbox 280 1307 1556 1396; baseline -0.024 -16"><span class='ocrx_word' id='word_1_85' title='bbox 280 1331 363 1396; x_wconf 77' lang='grc' dir='ltr'>γὰρ</span> <span class='ocrx_word' id='word_1_86' title='bbox 395 1329 543 1394; x_wconf 71' lang='grc' dir='ltr'>Ἰφίτῳ</span> <span class='ocrx_word' id='word_1_87' title='bbox 577 1323 846 1386; x_wconf 81' lang='grc' dir='ltr'>συνακμάσαι</span> <span class='ocrx_word' id='word_1_88' title='bbox 875 1320 946 1367; x_wconf 86' lang='grc' dir='ltr'>καὶ</span> <span class='ocrx_word' id='word_1_89' title='bbox 971 1314 1253 1387; x_wconf 53' lang='grc' dir='ltr'>συνδιαθίῖναι</span> <span class='ocrx_word' id='word_1_90' title='bbox 1287 1309 1363 1366; x_wconf 83' lang='grc' dir='ltr'>τὴν</span> <span class='ocrx_word' id='word_1_91' title='bbox 1388 1307 1556 1366; x_wconf 82' lang='grc' dir='ltr'>Ὀλυμ-</span> 
     </span>
     <span class='ocr_line' id='line_1_15' title="bbox 282 1378 1553 1463; baseline -0.022 -14"><span class='ocrx_word' id='word_1_92' title='bbox 282 1400 446 1459; x_wconf 82' lang='grc' dir='ltr'>πιακὴν</span> <span class='ocrx_word' id='word_1_93' title='bbox 488 1396 722 1463; x_wconf 81' lang='grc' dir='ltr'>ἐκεχειρίαν</span> <span class='ocrx_word' id='word_1_94' title='bbox 758 1394 948 1456; x_wconf 87' lang='grc' dir='ltr'>λέγουσιν</span> <span class='ocrx_word' id='word_1_95' title='bbox 980 1388 1125 1436; x_wconf 81' lang='grc' dir='ltr'>αὐτόν·</span> <span class='ocrx_word' id='word_1_96' title='bbox 1148 1388 1207 1431; x_wconf 82' lang='grc' dir='ltr'>ὧν</span> <span class='ocrx_word' id='word_1_97' title='bbox 1231 1386 1320 1430; x_wconf 83' lang='grc' dir='ltr'>ἐστι</span> <span class='ocrx_word' id='word_1_98' title='bbox 1347 1378 1419 1427; x_wconf 75' lang='grc' dir='ltr'>καὶ</span> <span class='ocrx_word' id='word_1_99' title='bbox 1444 1378 1553 1439; x_wconf 83' lang='grc' dir='ltr'>Ἄρι-</span> 
     </span>
     <span class='ocr_line' id='line_1_16' title="bbox 282 1450 1553 1534; baseline -0.02 -14"><span class='ocrx_word' id='word_1_100' title='bbox 282 1472 480 1528; x_wconf 84' lang='grc' dir='ltr'>στοτέλης</span> <span class='ocrx_word' id='word_1_101' title='bbox 495 1474 516 1517; x_wconf 80' lang='grc' dir='ltr'>ὁ</span> <span class='ocrx_word' id='word_1_102' title='bbox 540 1468 762 1534; x_wconf 75' lang='grc' dir='ltr'>φιλόσοφος</span> <span class='ocrx_word' id='word_1_103' title='bbox 781 1463 1009 1528; x_wconf 77' lang='grc' dir='ltr'>τεκμήριον</span> <span class='ocrx_word' id='word_1_104' title='bbox 1026 1455 1276 1522; x_wconf 81' lang='grc' dir='ltr'>προσφέρων</span> <span class='ocrx_word' id='word_1_105' title='bbox 1295 1452 1365 1499; x_wconf 81' lang='grc' dir='ltr'>τὸν</span> <span class='ocrx_word' id='word_1_106' title='bbox 1385 1450 1553 1510; x_wconf 90' lang='grc' dir='ltr'>Ὀλυμ-</span> 
     </span>
     <span class='ocr_line' id='line_1_17' title="bbox 282 1522 1555 1604; baseline -0.02 -12"><span class='ocrx_word' id='word_1_107' title='bbox 282 1539 408 1590; x_wconf 84' lang='grc' dir='ltr'>πίασι</span> <span class='ocrx_word' id='word_1_108' title='bbox 429 1543 585 1599; x_wconf 86' lang='grc' dir='ltr'>δίσκον,</span> <span class='ocrx_word' id='word_1_109' title='bbox 609 1543 650 1586; x_wconf 83' lang='grc' dir='ltr'>ἐν</span> <span class='ocrx_word' id='word_1_110' title='bbox 672 1532 707 1604; x_wconf 73' lang='grc' dir='ltr'>ᾧ</span> <span class='ocrx_word' id='word_1_111' title='bbox 729 1536 912 1597; x_wconf 83' lang='grc' dir='ltr'>τοῦνομα</span> <span class='ocrx_word' id='word_1_112' title='bbox 936 1537 1009 1580; x_wconf 75' lang='grc' dir='ltr'>τοῦ</span> <span class='ocrx_word' id='word_1_113' title='bbox 1030 1527 1276 1591; x_wconf 77' lang='grc' dir='ltr'>Λυκούργου</span> <span class='ocrx_word' id='word_1_114' title='bbox 1302 1522 1555 1577; x_wconf 84' lang='grc' dir='ltr'>διασώζεται</span> 
     </span>
     <span class='ocr_line' id='line_1_18' title="bbox 283 1598 1557 1678; baseline -0.02 -15"><span class='ocrx_word' id='word_1_115' title='bbox 283 1611 704 1678; x_wconf 78' lang='grc' dir='ltr'>καταγεγραμμένον.</span> <span class='ocrx_word' id='word_1_116' title='bbox 743 1609 1002 1654; x_wconf 81' lang='lat' dir='ltr'>Potuerunt</span> <span class='ocrx_word' id='word_1_117' title='bbox 1032 1605 1127 1648; x_wconf 85' lang='lat' dir='ltr'>haec</span> <span class='ocrx_word' id='word_1_118' title='bbox 1160 1602 1298 1645; x_wconf 85' lang='lat' dir='ltr'>etiam</span> <span class='ocrx_word' id='word_1_119' title='bbox 1332 1600 1382 1642; x_wconf 91' lang='lat' dir='ltr'>in</span> <span class='ocrx_word' id='word_1_120' title='bbox 1405 1598 1557 1656; x_wconf 86' lang='lat' dir='ltr'>Olym·</span> 
     </span>
    </p>
   </div>
   <div class='ocr_carea' id='block_1_6' title="bbox 283 1688 1558 1929">
    <p class='ocr_par' dir='ltr' id='par_1_6' title="bbox 283 1688 1558 1929">
     <span class='ocr_line' id='line_1_19' title="bbox 283 1688 596 1751; baseline 0 -18"><span class='ocrx_word' id='word_1_121' title='bbox 283 1690 478 1751; x_wconf 40' lang='lat' dir='ltr'>pionxicis</span> <span class='ocrx_word' id='word_1_122' title='bbox 490 1688 575 1746; x_wconf 85' lang='lat' dir='ltr'>legi</span> <span class='ocrx_word' id='word_1_123' title='bbox 584 1720 596 1733; x_wconf 88' lang='lat'>.</span> 
     </span>
     <span class='ocr_line' id='line_1_20' title="bbox 877 1789 949 1829; baseline -0.014 0"><span class='ocrx_word' id='word_1_124' title='bbox 877 1789 949 1829; x_wconf 88' lang='lat'>77·</span> 
     </span>
     <span class='ocr_line' id='line_1_21' title="bbox 348 1855 1558 1929; baseline -0.015 -10"><span class='ocrx_word' id='word_1_125' title='bbox 348 1875 478 1919; x_wconf 88' lang='lat' dir='ltr'>Idem</span> <span class='ocrx_word' id='word_1_126' title='bbox 498 1874 560 1918; x_wconf 91' lang='lat' dir='ltr'>ib.</span> <span class='ocrx_word' id='word_1_127' title='bbox 590 1871 666 1929; x_wconf 84' lang='lat'>31,</span> <span class='ocrx_word' id='word_1_128' title='bbox 696 1870 719 1914; x_wconf 79' lang='lat'>3</span> <span class='ocrx_word' id='word_1_129' title='bbox 752 1884 762 1915; x_wconf 91' lang='lat'>:</span> <span class='ocrx_word' id='word_1_130' title='bbox 787 1865 842 1913; x_wconf 87' lang='lat' dir='ltr'>‘O</span> <span class='ocrx_word' id='word_1_131' title='bbox 874 1863 916 1910; x_wconf 81' lang='grc' dir='ltr'>δὲ</span> <span class='ocrx_word' id='word_1_132' title='bbox 945 1865 1030 1926; x_wconf 84' lang='lat' dir='ltr'>(se.</span> <span class='ocrx_word' id='word_1_133' title='bbox 1057 1858 1326 1923; x_wconf 76' lang='grc' dir='ltr'>Λυκοῦργος)</span> <span class='ocrx_word' id='word_1_134' title='bbox 1354 1858 1400 1903; x_wconf 80' lang='grc' dir='ltr'>οὐ</span> <span class='ocrx_word' id='word_1_135' title='bbox 1422 1855 1558 1921; x_wconf 84' lang='grc' dir='ltr'>γράμ-</span> 
     </span>
    </p>
   </div>
   <div class='ocr_carea' id='block_1_7' title="bbox 284 1929 1563 2571">
    <p class='ocr_par' dir='ltr' id='par_1_7' title="bbox 284 1929 1563 2571">
     <span class='ocr_line' id='line_1_22' title="bbox 290 1929 1560 2007; baseline -0.013 -16"><span class='ocrx_word' id='word_1_136' title='bbox 290 1964 405 2007; x_wconf 86' lang='grc' dir='ltr'>ματα</span> <span class='ocrx_word' id='word_1_137' title='bbox 433 1942 505 1990; x_wconf 87' lang='grc' dir='ltr'>καὶ</span> <span class='ocrx_word' id='word_1_138' title='bbox 533 1941 704 2003; x_wconf 79' lang='grc' dir='ltr'>λόγους,</span> <span class='ocrx_word' id='word_1_139' title='bbox 725 1939 818 1985; x_wconf 83' lang='grc' dir='ltr'>ἀλλ’</span> <span class='ocrx_word' id='word_1_140' title='bbox 854 1936 963 1999; x_wconf 87' lang='grc' dir='ltr'>ἔργῳ</span> <span class='ocrx_word' id='word_1_141' title='bbox 1003 1931 1224 1981; x_wconf 86' lang='grc' dir='ltr'>πολιτείαν</span> <span class='ocrx_word' id='word_1_142' title='bbox 1250 1929 1469 2002; x_wconf 65' lang='grc' dir='ltr'>ἀμίμητον</span> <span class='ocrx_word' id='word_1_143' title='bbox 1503 1930 1560 1982; x_wconf 88' lang='grc' dir='ltr'>εἷς</span> 
     </span>
     <span class='ocr_line' id='line_1_23' title="bbox 289 1999 1561 2082; baseline -0.015 -19"><span class='ocrx_word' id='word_1_144' title='bbox 289 2020 375 2082; x_wconf 76' lang='grc' dir='ltr'>φῶς</span> <span class='ocrx_word' id='word_1_145' title='bbox 407 2011 766 2078; x_wconf 82' lang='grc' dir='ltr'>προενεγκάμενος</span> <span class='ocrx_word' id='word_1_146' title='bbox 805 2007 985 2059; x_wconf 77' lang='grc' dir='ltr'>καὶτοῖς</span> <span class='ocrx_word' id='word_1_147' title='bbox 1016 2004 1284 2069; x_wconf 87' lang='grc' dir='ltr'>ἀνύπαρκτον</span> <span class='ocrx_word' id='word_1_148' title='bbox 1326 2004 1435 2047; x_wconf 82' lang='grc' dir='ltr'>εἶναι</span> <span class='ocrx_word' id='word_1_149' title='bbox 1482 1999 1561 2058; x_wconf 86' lang='grc' dir='ltr'>τὴν</span> 
     </span>
     <span class='ocr_line' id='line_1_24' title="bbox 288 2072 1560 2150; baseline -0.014 -15"><span class='ocrx_word' id='word_1_150' title='bbox 288 2087 518 2150; x_wconf 85' lang='grc' dir='ltr'>λεγομένην</span> <span class='ocrx_word' id='word_1_151' title='bbox 551 2084 648 2147; x_wconf 79' lang='grc' dir='ltr'>περὶ</span> <span class='ocrx_word' id='word_1_152' title='bbox 688 2082 755 2129; x_wconf 81' lang='grc' dir='ltr'>τὸν</span> <span class='ocrx_word' id='word_1_153' title='bbox 799 2079 924 2145; x_wconf 74' lang='grc' dir='ltr'>σοφὸν</span> <span class='ocrx_word' id='word_1_154' title='bbox 963 2077 1147 2125; x_wconf 89' lang='grc' dir='ltr'>διάθεσιν</span> <span class='ocrx_word' id='word_1_155' title='bbox 1182 2072 1560 2136; x_wconf 69' lang='grc' dir='ltr'>ὓπολαμὸάνουσιν</span> 
     </span>
     <span class='ocr_line' id='line_1_25' title="bbox 286 2146 1563 2217; baseline -0.011 -13"><span class='ocrx_word' id='word_1_156' title='bbox 286 2157 489 2212; x_wconf 79' lang='grc' dir='ltr'>ἐπιδείξας</span> <span class='ocrx_word' id='word_1_157' title='bbox 506 2156 605 2213; x_wconf 78' lang='grc' dir='ltr'>ὅλην</span> <span class='ocrx_word' id='word_1_158' title='bbox 625 2158 700 2212; x_wconf 86' lang='grc' dir='ltr'>τὴν</span> <span class='ocrx_word' id='word_1_159' title='bbox 715 2153 832 2200; x_wconf 87' lang='grc' dir='ltr'>πόλιν</span> <span class='ocrx_word' id='word_1_160' title='bbox 852 2152 1174 2217; x_wconf 74' lang='grc' dir='ltr'>φιλοσοφοῦσαν,</span> <span class='ocrx_word' id='word_1_161' title='bbox 1190 2146 1362 2198; x_wconf 81' lang='grc' dir='ltr'>εἰκότως</span> <span class='ocrx_word' id='word_1_162' title='bbox 1378 2147 1563 2209; x_wconf 80' lang='grc' dir='ltr'>ὑπερῇρε</span> 
     </span>
     <span class='ocr_line' id='line_1_26' title="bbox 284 2215 1557 2292; baseline -0.009 -16"><span class='ocrx_word' id='word_1_163' title='bbox 284 2234 336 2292; x_wconf 77' lang='grc' dir='ltr'>τῇ</span> <span class='ocrx_word' id='word_1_164' title='bbox 359 2228 454 2291; x_wconf 83' lang='grc' dir='ltr'>δόξῃ</span> <span class='ocrx_word' id='word_1_165' title='bbox 474 2227 568 2281; x_wconf 77' lang='grc' dir='ltr'>τοὺς</span> <span class='ocrx_word' id='word_1_166' title='bbox 585 2226 755 2272; x_wconf 74' lang='grc' dir='ltr'>πώποτε</span> <span class='ocrx_word' id='word_1_167' title='bbox 779 2220 1161 2281; x_wconf 81' lang='grc' dir='ltr'>πολιτευσαμένους</span> <span class='ocrx_word' id='word_1_168' title='bbox 1184 2221 1226 2266; x_wconf 83' lang='grc' dir='ltr'>ἐν</span> <span class='ocrx_word' id='word_1_169' title='bbox 1247 2221 1335 2271; x_wconf 84' lang='grc' dir='ltr'>τοῖς</span> <span class='ocrx_word' id='word_1_170' title='bbox 1353 2215 1557 2274; x_wconf 66' lang='grc' dir='ltr'>ζΈλλησι.</span> 
     </span>
     <span class='ocr_line' id='line_1_27' title="bbox 285 2289 1562 2364; baseline -0.01 -16"><span class='ocrx_word' id='word_1_171' title='bbox 285 2301 351 2349; x_wconf 84' lang='grc' dir='ltr'>Δι’</span> <span class='ocrx_word' id='word_1_172' title='bbox 375 2301 476 2364; x_wconf 81' lang='grc' dir='ltr'>ὅπερ</span> <span class='ocrx_word' id='word_1_173' title='bbox 500 2300 572 2347; x_wconf 82' lang='grc' dir='ltr'>καὶ</span> <span class='ocrx_word' id='word_1_174' title='bbox 594 2295 888 2363; x_wconf 82' lang='grc' dir='ltr'>Ἀριστοτέλης</span> <span class='ocrx_word' id='word_1_175' title='bbox 912 2293 1141 2346; x_wconf 77' lang='grc' dir='ltr'>ἐλάττονας</span> <span class='ocrx_word' id='word_1_176' title='bbox 1162 2295 1280 2355; x_wconf 73' lang='grc' dir='ltr'>σχεῖν</span> <span class='ocrx_word' id='word_1_177' title='bbox 1304 2309 1408 2355; x_wconf 78' lang='grc' dir='ltr'>φησι</span> <span class='ocrx_word' id='word_1_178' title='bbox 1431 2289 1562 2351; x_wconf 85' lang='grc' dir='ltr'>τιμὰς</span> 
     </span>
     <span class='ocr_line' id='line_1_28' title="bbox 285 2360 1559 2436; baseline -0.01 -17"><span class='ocrx_word' id='word_1_179' title='bbox 285 2374 312 2428; x_wconf 78' lang='grc' dir='ltr'>ἢ</span> <span class='ocrx_word' id='word_1_180' title='bbox 338 2375 552 2436; x_wconf 71' lang='grc' dir='ltr'>προσ-ἧκον</span> <span class='ocrx_word' id='word_1_181' title='bbox 585 2363 635 2428; x_wconf 66' lang='grc' dir='ltr'>ἦν</span> <span class='ocrx_word' id='word_1_182' title='bbox 672 2367 796 2415; x_wconf 79' lang='grc' dir='ltr'>αὐτὸν</span> <span class='ocrx_word' id='word_1_183' title='bbox 833 2367 946 2431; x_wconf 78' lang='grc' dir='ltr'>ἔχειν</span> <span class='ocrx_word' id='word_1_184' title='bbox 980 2368 1022 2412; x_wconf 81' lang='grc' dir='ltr'>ἐν</span> <span class='ocrx_word' id='word_1_185' title='bbox 1048 2363 1369 2425; x_wconf 87' lang='grc' dir='ltr'>Λακεδαίμονι,</span> <span class='ocrx_word' id='word_1_186' title='bbox 1405 2360 1559 2424; x_wconf 87' lang='grc' dir='ltr'>καίπερ</span> 
     </span>
     <span class='ocr_line' id='line_1_29' title="bbox 286 2432 1558 2507; baseline -0.009 -16"><span class='ocrx_word' id='word_1_187' title='bbox 286 2445 436 2507; x_wconf 74' lang='grc' dir='ltr'>ἔχοντα</span> <span class='ocrx_word' id='word_1_188' title='bbox 468 2443 541 2496; x_wconf 78' lang='grc' dir='ltr'>τὰς</span> <span class='ocrx_word' id='word_1_189' title='bbox 581 2441 806 2504; x_wconf 84' lang='grc' dir='ltr'>μεγίστας’</span> <span class='ocrx_word' id='word_1_190' title='bbox 842 2439 956 2504; x_wconf 80' lang='grc' dir='ltr'>ἱερόν</span> <span class='ocrx_word' id='word_1_191' title='bbox 993 2457 1037 2484; x_wconf 86' lang='grc' dir='ltr'>τε</span> <span class='ocrx_word' id='word_1_192' title='bbox 1063 2436 1146 2500; x_wconf 86' lang='grc' dir='ltr'>γάρ</span> <span class='ocrx_word' id='word_1_193' title='bbox 1171 2438 1285 2483; x_wconf 80' lang='grc' dir='ltr'>ἐστιν</span> <span class='ocrx_word' id='word_1_194' title='bbox 1311 2437 1442 2480; x_wconf 75' lang='grc' dir='ltr'>αὐτοῦ’</span> <span class='ocrx_word' id='word_1_195' title='bbox 1483 2432 1558 2481; x_wconf 80' lang='grc' dir='ltr'>καὶ</span> 
     </span>
     <span class='ocr_line' id='line_1_30' title="bbox 287 2510 1165 2571; baseline -0.008 -9"><span class='ocrx_word' id='word_1_196' title='bbox 287 2515 429 2562; x_wconf 88' lang='grc' dir='ltr'>θύουσι</span> <span class='ocrx_word' id='word_1_197' title='bbox 449 2517 542 2561; x_wconf 90' lang='grc' dir='ltr'>καθ’</span> <span class='ocrx_word' id='word_1_198' title='bbox 568 2514 745 2560; x_wconf 80' lang='grc' dir='ltr'>ἕκαστον</span> <span class='ocrx_word' id='word_1_199' title='bbox 772 2510 959 2558; x_wconf 83' lang='grc' dir='ltr'>ἐνιαυτὸν</span> <span class='ocrx_word' id='word_1_200' title='bbox 987 2511 1044 2563; x_wconf 81' lang='grc' dir='ltr'>ὡς</span> <span class='ocrx_word' id='word_1_201' title='bbox 1067 2512 1165 2571; x_wconf 81' lang='grc' dir='ltr'>θεῷ.</span> 
     </span>
    </p>
   </div>
   <div class='ocr_carea' id='block_1_8' title="bbox 225 2644 1584 4119">
    <p class='ocr_par' dir='ltr' id='par_1_8' title="bbox 289 2644 1571 2894">
     <span class='ocr_line' id='line_1_31' title="bbox 289 2644 1569 2701; baseline -0.005 -11"><span class='ocrx_word' id='word_1_202' title='bbox 289 2653 428 2692; x_wconf 84' lang='lat' dir='ltr'>deinde</span> <span class='ocrx_word' id='word_1_203' title='bbox 439 2652 603 2700; x_wconf 85' lang='lat' dir='ltr'>Thebis,</span> <span class='ocrx_word' id='word_1_204' title='bbox 617 2662 694 2701; x_wconf 91' lang='lat' dir='ltr'>quo</span> <span class='ocrx_word' id='word_1_205' title='bbox 707 2650 976 2699; x_wconf 80' lang='lat' dir='ltr'>deverterant,</span> <span class='ocrx_word' id='word_1_206' title='bbox 1000 2648 1052 2688; x_wconf 84' lang='lat' dir='ltr'>ad</span> <span class='ocrx_word' id='word_1_207' title='bbox 1072 2646 1300 2687; x_wconf 85' lang='lat' dir='ltr'>convivium</span> <span class='ocrx_word' id='word_1_208' title='bbox 1321 2645 1447 2696; x_wconf 85' lang='lat' dir='ltr'>gentis</span> <span class='ocrx_word' id='word_1_209' title='bbox 1463 2644 1569 2693; x_wconf 82' lang='lat' dir='ltr'>AEgi-</span> 
     </span>
     <span class='ocr_line' id='line_1_32' title="bbox 290 2710 1564 2765; baseline -0.005 -9"><span class='ocrx_word' id='word_1_210' title='bbox 290 2718 429 2756; x_wconf 86' lang='lat' dir='ltr'>darum</span> <span class='ocrx_word' id='word_1_211' title='bbox 460 2717 642 2756; x_wconf 89' lang='lat' dir='ltr'>invitatos</span> <span class='ocrx_word' id='word_1_212' title='bbox 673 2727 777 2765; x_wconf 82' lang='lat' dir='ltr'>esse3</span> <span class='ocrx_word' id='word_1_213' title='bbox 810 2715 862 2755; x_wconf 91' lang='lat' dir='ltr'>ibi</span> <span class='ocrx_word' id='word_1_214' title='bbox 885 2725 1010 2765; x_wconf 91' lang='lat' dir='ltr'>quum</span> <span class='ocrx_word' id='word_1_215' title='bbox 1036 2714 1125 2764; x_wconf 89' lang='lat' dir='ltr'>post</span> <span class='ocrx_word' id='word_1_216' title='bbox 1145 2723 1299 2751; x_wconf 81' lang='lat' dir='ltr'>coenam</span> <span class='ocrx_word' id='word_1_217' title='bbox 1319 2710 1564 2751; x_wconf 77' lang='lat' dir='ltr'>sacerdotem</span> 
     </span>
     <span class='ocr_line' id='line_1_33' title="bbox 291 2774 1571 2830; baseline -0.005 -11"><span class='ocrx_word' id='word_1_218' title='bbox 291 2780 525 2830; x_wconf 78' lang='lat' dir='ltr'>audiissent,</span> <span class='ocrx_word' id='word_1_219' title='bbox 542 2782 762 2829; x_wconf 81' lang='lat' dir='ltr'>precantem</span> <span class='ocrx_word' id='word_1_220' title='bbox 785 2780 831 2817; x_wconf 89' lang='lat' dir='ltr'>ut</span> <span class='ocrx_word' id='word_1_221' title='bbox 853 2778 997 2827; x_wconf 78' lang='lat' dir='ltr'>AEgidis</span> <span class='ocrx_word' id='word_1_222' title='bbox 1017 2777 1119 2816; x_wconf 89' lang='lat' dir='ltr'>bona</span> <span class='ocrx_word' id='word_1_223' title='bbox 1153 2776 1208 2815; x_wconf 91' lang='lat' dir='ltr'>dii</span> <span class='ocrx_word' id='word_1_224' title='bbox 1232 2776 1397 2825; x_wconf 88' lang='lat' dir='ltr'>darent,</span> <span class='ocrx_word' id='word_1_225' title='bbox 1419 2774 1571 2814; x_wconf 88' lang='lat' dir='ltr'>oraculi</span> 
     </span>
     <span class='ocr_line' id='line_1_34' title="bbox 292 2841 1273 2894; baseline -0.004 -10"><span class='ocrx_word' id='word_1_226' title='bbox 292 2855 407 2883; x_wconf 80' lang='lat' dir='ltr'>sensu</span> <span class='ocrx_word' id='word_1_227' title='bbox 427 2845 626 2894; x_wconf 88' lang='lat' dir='ltr'>perspecto</span> <span class='ocrx_word' id='word_1_228' title='bbox 642 2873 652 2892; x_wconf 94' lang='lat'>,</span> <span class='ocrx_word' id='word_1_229' title='bbox 672 2843 764 2882; x_wconf 88' lang='lat' dir='ltr'>binc</span> <span class='ocrx_word' id='word_1_230' title='bbox 779 2842 903 2882; x_wconf 88' lang='lat' dir='ltr'>socios</span> <span class='ocrx_word' id='word_1_231' title='bbox 919 2842 991 2880; x_wconf 88' lang='lat' dir='ltr'>sibi</span> <span class='ocrx_word' id='word_1_232' title='bbox 1015 2841 1273 2881; x_wconf 84' lang='lat' dir='ltr'>arcessivisse.</span> 
     </span>
    </p>

    <p class='ocr_par' dir='ltr' id='par_1_9' title="bbox 225 2972 1578 3539">
     <span class='ocr_line' id='line_1_35' title="bbox 347 2972 1574 3026; baseline -0.002 -10"><span class='ocrx_word' id='word_1_233' title='bbox 347 2977 450 3017; x_wconf 79' lang='lat' dir='ltr'>Nihil</span> <span class='ocrx_word' id='word_1_234' title='bbox 475 2977 636 3016; x_wconf 89' lang='lat' dir='ltr'>omnino</span> <span class='ocrx_word' id='word_1_235' title='bbox 651 3007 661 3026; x_wconf 95' lang='lat'>,</span> <span class='ocrx_word' id='word_1_236' title='bbox 685 2976 792 3026; x_wconf 88' lang='lat' dir='ltr'>quod</span> <span class='ocrx_word' id='word_1_237' title='bbox 811 2987 890 3015; x_wconf 91' lang='lat' dir='ltr'>non</span> <span class='ocrx_word' id='word_1_238' title='bbox 907 2977 946 3015; x_wconf 90' lang='lat' dir='ltr'>in</span> <span class='ocrx_word' id='word_1_239' title='bbox 966 2976 1130 3015; x_wconf 88' lang='lat' dir='ltr'>dubium</span> <span class='ocrx_word' id='word_1_240' title='bbox 1145 2977 1324 3025; x_wconf 83' lang='lat' dir='ltr'>vocetur,</span> <span class='ocrx_word' id='word_1_241' title='bbox 1342 2974 1391 3014; x_wconf 91' lang='lat' dir='ltr'>de</span> <span class='ocrx_word' id='word_1_242' title='bbox 1406 2972 1574 3024; x_wconf 81' lang='lat' dir='ltr'>Lycurgi</span> 
     </span>
     <span class='ocr_line' id='line_1_36' title="bbox 297 3037 1574 3090; baseline -0.003 -11"><span class='ocrx_word' id='word_1_243' title='bbox 297 3041 527 3090; x_wconf 83' lang='lat' dir='ltr'>legislatoris</span> <span class='ocrx_word' id='word_1_244' title='bbox 548 3040 628 3079; x_wconf 85' lang='lat' dir='ltr'>vita</span> <span class='ocrx_word' id='word_1_245' title='bbox 643 3039 719 3078; x_wconf 89' lang='lat' dir='ltr'>dici</span> <span class='ocrx_word' id='word_1_246' title='bbox 738 3041 877 3089; x_wconf 84' lang='lat' dir='ltr'>potest.</span> <span class='ocrx_word' id='word_1_247' title='bbox 897 3042 994 3079; x_wconf 90' lang='lat' dir='ltr'>Nam</span> <span class='ocrx_word' id='word_1_248' title='bbox 1013 3051 1136 3090; x_wconf 91' lang='lat' dir='ltr'>quum</span> <span class='ocrx_word' id='word_1_249' title='bbox 1153 3039 1202 3079; x_wconf 88' lang='lat' dir='ltr'>de</span> <span class='ocrx_word' id='word_1_250' title='bbox 1216 3050 1357 3090; x_wconf 84' lang='lat' dir='ltr'>genere</span> <span class='ocrx_word' id='word_1_251' title='bbox 1370 3068 1381 3088; x_wconf 96' lang='lat'>,</span> <span class='ocrx_word' id='word_1_252' title='bbox 1402 3037 1574 3088; x_wconf 87' lang='lat' dir='ltr'>peregri-</span> 
     </span>
     <span class='ocr_line' id='line_1_37' title="bbox 302 3101 1577 3153; baseline -0.002 -11"><span class='ocrx_word' id='word_1_253' title='bbox 302 3104 460 3143; x_wconf 84' lang='lat' dir='ltr'>natione</span> <span class='ocrx_word' id='word_1_254' title='bbox 477 3134 487 3152; x_wconf 95' lang='lat'>,</span> <span class='ocrx_word' id='word_1_255' title='bbox 507 3103 696 3153; x_wconf 86' lang='lat' dir='ltr'>obituque</span> <span class='ocrx_word' id='word_1_256' title='bbox 715 3102 830 3152; x_wconf 82' lang='lat' dir='ltr'>·ejus‚</span> <span class='ocrx_word' id='word_1_257' title='bbox 852 3105 1040 3152; x_wconf 76' lang='lat' dir='ltr'>praeterea</span> <span class='ocrx_word' id='word_1_258' title='bbox 1062 3103 1110 3142; x_wconf 90' lang='lat' dir='ltr'>de</span> <span class='ocrx_word' id='word_1_259' title='bbox 1136 3104 1264 3152; x_wconf 86' lang='lat' dir='ltr'>legum</span> <span class='ocrx_word' id='word_1_260' title='bbox 1282 3102 1367 3152; x_wconf 87' lang='lat' dir='ltr'>ejus</span> <span class='ocrx_word' id='word_1_261' title='bbox 1381 3112 1428 3140; x_wconf 89' lang='lat' dir='ltr'>ac</span> <span class='ocrx_word' id='word_1_262' title='bbox 1449 3101 1577 3151; x_wconf 87' lang='lat' dir='ltr'>reipu-</span> 
     </span>
     <span class='ocr_line' id='line_1_38' title="bbox 300 3165 1575 3206; baseline -0.002 -1"><span class='ocrx_word' id='word_1_263' title='bbox 300 3166 413 3205; x_wconf 77' lang='lat' dir='ltr'>blicae</span> <span class='ocrx_word' id='word_1_264' title='bbox 435 3166 678 3205; x_wconf 86' lang='lat' dir='ltr'>institutione</span> <span class='ocrx_word' id='word_1_265' title='bbox 707 3165 872 3205; x_wconf 80' lang='lat' dir='ltr'>diversae</span> <span class='ocrx_word' id='word_1_266' title='bbox 901 3167 1140 3206; x_wconf 85' lang='lat' dir='ltr'>narrationes</span> <span class='ocrx_word' id='word_1_267' title='bbox 1165 3167 1303 3205; x_wconf 84' lang='lat' dir='ltr'>extant</span> <span class='ocrx_word' id='word_1_268' title='bbox 1332 3178 1341 3205; x_wconf 93' lang='lat'>:</span> <span class='ocrx_word' id='word_1_269' title='bbox 1373 3166 1462 3204; x_wconf 90' lang='lat' dir='ltr'>tum</span> <span class='ocrx_word' id='word_1_270' title='bbox 1480 3175 1575 3203; x_wconf 87' lang='lat' dir='ltr'>vero</span> 
     </span>
     <span class='ocr_line' id='line_1_39' title="bbox 225 3229 1577 3290; baseline 0 -22"><span class='ocrx_word' id='word_1_271' title='bbox 225 3287 228 3290; x_wconf 18' lang='grc' dir='ltr'><strong>Δ</strong></span> <span class='ocrx_word' id='word_1_272' title='bbox 299 3242 381 3280; x_wconf 85' lang='lat' dir='ltr'>quo</span> <span class='ocrx_word' id='word_1_273' title='bbox 398 3233 573 3280; x_wconf 86' lang='lat' dir='ltr'>tempore</span> <span class='ocrx_word' id='word_1_274' title='bbox 588 3231 752 3279; x_wconf 86' lang='lat' dir='ltr'>vixerit,</span> <span class='ocrx_word' id='word_1_275' title='bbox 771 3230 933 3270; x_wconf 88' lang='lat' dir='ltr'>minime</span> <span class='ocrx_word' id='word_1_276' title='bbox 956 3231 1131 3270; x_wconf 91' lang='lat' dir='ltr'>omnium</span> <span class='ocrx_word' id='word_1_277' title='bbox 1153 3231 1193 3270; x_wconf 90' lang='lat' dir='ltr'>in</span> <span class='ocrx_word' id='word_1_278' title='bbox 1214 3231 1391 3271; x_wconf 79' lang='lat' dir='ltr'>confesso</span> <span class='ocrx_word' id='word_1_279' title='bbox 1414 3230 1485 3270; x_wconf 90' lang='lat' dir='ltr'>est.</span> <span class='ocrx_word' id='word_1_280' title='bbox 1503 3229 1577 3269; x_wconf 88' lang='lat' dir='ltr'>Alii</span> 
     </span>
     <span class='ocr_line' id='line_1_40' title="bbox 299 3293 1578 3347; baseline -0.002 -12"><span class='ocrx_word' id='word_1_281' title='bbox 299 3296 406 3335; x_wconf 85' lang='lat' dir='ltr'>enim</span> <span class='ocrx_word' id='word_1_282' title='bbox 435 3296 547 3345; x_wconf 84' lang='lat' dir='ltr'>lphiti</span> <span class='ocrx_word' id='word_1_283' title='bbox 572 3296 812 3346; x_wconf 85' lang='lat' dir='ltr'>temporibus</span> <span class='ocrx_word' id='word_1_284' title='bbox 835 3296 1039 3344; x_wconf 80' lang='lat' dir='ltr'>claruisse,</span> <span class='ocrx_word' id='word_1_285' title='bbox 1067 3307 1238 3347; x_wconf 89' lang='lat' dir='ltr'>eumque</span> <span class='ocrx_word' id='word_1_286' title='bbox 1271 3296 1312 3335; x_wconf 86' lang='lat' dir='ltr'>in</span> <span class='ocrx_word' id='word_1_287' title='bbox 1338 3293 1578 3346; x_wconf 82' lang='lat' dir='ltr'>Olympiacis</span> 
     </span>
     <span class='ocr_line' id='line_1_41' title="bbox 302 3357 1577 3411; baseline 0 -12"><span class='ocrx_word' id='word_1_288' title='bbox 302 3361 405 3400; x_wconf 76' lang='lat' dir='ltr'>seriis</span> <span class='ocrx_word' id='word_1_289' title='bbox 420 3360 663 3400; x_wconf 81' lang='lat' dir='ltr'>instituendis</span> <span class='ocrx_word' id='word_1_290' title='bbox 679 3361 870 3409; x_wconf 86' lang='lat' dir='ltr'>adjuvisse</span> <span class='ocrx_word' id='word_1_291' title='bbox 881 3362 1042 3400; x_wconf 89' lang='lat' dir='ltr'>tradunt</span> <span class='ocrx_word' id='word_1_292' title='bbox 1060 3374 1071 3410; x_wconf 80' lang='lat'>3</span> <span class='ocrx_word' id='word_1_293' title='bbox 1086 3364 1222 3411; x_wconf 89' lang='lat' dir='ltr'>estque</span> <span class='ocrx_word' id='word_1_294' title='bbox 1237 3362 1356 3411; x_wconf 89' lang='lat' dir='ltr'>hujus</span> <span class='ocrx_word' id='word_1_295' title='bbox 1371 3357 1577 3401; x_wconf 69' lang='lat' dir='ltr'>sententiae</span> 
     </span>
     <span class='ocr_line' id='line_1_42' title="bbox 300 3423 1577 3474; baseline 0 -12"><span class='ocrx_word' id='word_1_296' title='bbox 300 3423 418 3463; x_wconf 86' lang='lat' dir='ltr'>etiam</span> <span class='ocrx_word' id='word_1_297' title='bbox 437 3423 658 3463; x_wconf 77' lang='lat' dir='ltr'>Aristoteles</span> <span class='ocrx_word' id='word_1_298' title='bbox 673 3424 943 3474; x_wconf 85' lang='lat' dir='ltr'>philosophus,</span> <span class='ocrx_word' id='word_1_299' title='bbox 959 3424 1089 3464; x_wconf 89' lang='lat' dir='ltr'>indicii</span> <span class='ocrx_word' id='word_1_300' title='bbox 1108 3425 1195 3464; x_wconf 89' lang='lat' dir='ltr'>loco</span> <span class='ocrx_word' id='word_1_301' title='bbox 1215 3425 1367 3465; x_wconf 91' lang='lat' dir='ltr'>discum</span> <span class='ocrx_word' id='word_1_302' title='bbox 1395 3423 1577 3474; x_wconf 89' lang='lat' dir='ltr'>Olympi-</span> 
     </span>
     <span class='ocr_line' id='line_1_43' title="bbox 301 3487 1575 3539; baseline 0.002 -14"><span class='ocrx_word' id='word_1_303' title='bbox 301 3498 393 3526; x_wconf 90' lang='lat' dir='ltr'>cum</span> <span class='ocrx_word' id='word_1_304' title='bbox 403 3487 615 3537; x_wconf 84' lang='lat' dir='ltr'>adducens,</span> <span class='ocrx_word' id='word_1_305' title='bbox 632 3487 671 3526; x_wconf 94' lang='lat' dir='ltr'>in</span> <span class='ocrx_word' id='word_1_306' title='bbox 687 3492 765 3537; x_wconf 89' lang='lat' dir='ltr'>quo</span> <span class='ocrx_word' id='word_1_307' title='bbox 774 3498 914 3527; x_wconf 87' lang='lat' dir='ltr'>nomen</span> <span class='ocrx_word' id='word_1_308' title='bbox 927 3490 1090 3539; x_wconf 81' lang='lat' dir='ltr'>Lycurgi</span> <span class='ocrx_word' id='word_1_309' title='bbox 1104 3489 1270 3529; x_wconf 87' lang='lat' dir='ltr'>incisum</span> <span class='ocrx_word' id='word_1_310' title='bbox 1286 3489 1416 3528; x_wconf 88' lang='lat' dir='ltr'>adhuc</span> <span class='ocrx_word' id='word_1_311' title='bbox 1432 3489 1575 3528; x_wconf 83' lang='lat' dir='ltr'>exstet.</span> 
     </span>
    </p>

    <p class='ocr_par' dir='ltr' id='par_1_10' title="bbox 901 3556 971 3595">
     <span class='ocr_line' id='line_1_44' title="bbox 901 3556 971 3595; baseline 0.014 -1"><span class='ocrx_word' id='word_1_312' title='bbox 901 3556 954 3595; x_wconf 92' lang='grc'>77</span> <span class='ocrx_word' id='word_1_313' title='bbox 962 3586 971 3595; x_wconf 92' lang='grc'><strong>.</strong></span> 
     </span>
    </p>

    <p class='ocr_par' dir='ltr' id='par_1_11' title="bbox 303 3621 1584 4119">
     <span class='ocr_line' id='line_1_45' title="bbox 358 3621 1579 3675; baseline 0.001 -12"><span class='ocrx_word' id='word_1_314' title='bbox 358 3627 556 3674; x_wconf 79' lang='lat' dir='ltr'>Lycurgus</span> <span class='ocrx_word' id='word_1_315' title='bbox 572 3632 650 3660; x_wconf 93' lang='lat' dir='ltr'>non</span> <span class='ocrx_word' id='word_1_316' title='bbox 666 3621 785 3661; x_wconf 89' lang='lat' dir='ltr'>libros</span> <span class='ocrx_word' id='word_1_317' title='bbox 803 3622 852 3662; x_wconf 92' lang='lat' dir='ltr'>de</span> <span class='ocrx_word' id='word_1_318' title='bbox 880 3623 1102 3673; x_wconf 83' lang='lat' dir='ltr'>republica,</span> <span class='ocrx_word' id='word_1_319' title='bbox 1125 3624 1193 3664; x_wconf 89' lang='lat' dir='ltr'>sed</span> <span class='ocrx_word' id='word_1_320' title='bbox 1213 3636 1256 3664; x_wconf 89' lang='lat' dir='ltr'>re</span> <span class='ocrx_word' id='word_1_321' title='bbox 1275 3625 1359 3675; x_wconf 88' lang='lat' dir='ltr'>ipsa</span> <span class='ocrx_word' id='word_1_322' title='bbox 1374 3624 1579 3664; x_wconf 78' lang='lat' dir='ltr'>civitatem</span> 
     </span>
     <span class='ocr_line' id='line_1_46' title="bbox 304 3686 1582 3740; baseline 0 -12"><span class='ocrx_word' id='word_1_323' title='bbox 304 3689 413 3728; x_wconf 84' lang='lat' dir='ltr'>nulla</span> <span class='ocrx_word' id='word_1_324' title='bbox 435 3686 653 3726; x_wconf 79' lang='lat' dir='ltr'>imitatione</span> <span class='ocrx_word' id='word_1_325' title='bbox 686 3686 917 3735; x_wconf 69' lang='lat' dir='ltr'>aequandam</span> <span class='ocrx_word' id='word_1_326' title='bbox 943 3689 1107 3737; x_wconf 87' lang='lat' dir='ltr'>protulit</span> <span class='ocrx_word' id='word_1_327' title='bbox 1138 3689 1178 3728; x_wconf 93' lang='lat' dir='ltr'>in</span> <span class='ocrx_word' id='word_1_328' title='bbox 1204 3690 1333 3729; x_wconf 90' lang='lat' dir='ltr'>lucem</span> <span class='ocrx_word' id='word_1_329' title='bbox 1357 3706 1366 3730; x_wconf 89' lang='lat'><strong>:</strong></span> <span class='ocrx_word' id='word_1_330' title='bbox 1396 3691 1516 3740; x_wconf 87' lang='lat' dir='ltr'>atque</span> <span class='ocrx_word' id='word_1_331' title='bbox 1534 3689 1582 3729; x_wconf 87' lang='lat' dir='ltr'>iis</span> 
     </span>
     <span class='ocr_line' id='line_1_47' title="bbox 303 3749 1570 3804; baseline 0.004 -15"><span class='ocrx_word' id='word_1_332' title='bbox 303 3753 370 3802; x_wconf 84' lang='lat' dir='ltr'>qui</span> <span class='ocrx_word' id='word_1_333' title='bbox 390 3750 597 3800; x_wconf 81' lang='lat' dir='ltr'>opinantur</span> <span class='ocrx_word' id='word_1_334' title='bbox 619 3749 747 3788; x_wconf 86' lang='lat' dir='ltr'>virum</span> <span class='ocrx_word' id='word_1_335' title='bbox 762 3750 974 3799; x_wconf 81' lang='lat' dir='ltr'>sapientem</span> <span class='ocrx_word' id='word_1_336' title='bbox 990 3762 1070 3790; x_wconf 93' lang='lat' dir='ltr'>non</span> <span class='ocrx_word' id='word_1_337' title='bbox 1091 3763 1132 3791; x_wconf 88' lang='lat' dir='ltr'>re</span> <span class='ocrx_word' id='word_1_338' title='bbox 1147 3763 1239 3792; x_wconf 87' lang='lat' dir='ltr'>vera</span> <span class='ocrx_word' id='word_1_339' title='bbox 1266 3756 1423 3793; x_wconf 78' lang='lat' dir='ltr'>exstare</span> <span class='ocrx_word' id='word_1_340' title='bbox 1442 3764 1570 3804; x_wconf 89' lang='lat' dir='ltr'>posse,</span> 
     </span>
     <span class='ocr_line' id='line_1_48' title="bbox 303 3812 1580 3867; baseline 0.002 -13"><span class='ocrx_word' id='word_1_341' title='bbox 303 3814 356 3854; x_wconf 90' lang='lat' dir='ltr'>ob</span> <span class='ocrx_word' id='word_1_342' title='bbox 372 3814 509 3853; x_wconf 87' lang='lat' dir='ltr'>oculos</span> <span class='ocrx_word' id='word_1_343' title='bbox 524 3812 654 3862; x_wconf 89' lang='lat' dir='ltr'>posuit</span> <span class='ocrx_word' id='word_1_344' title='bbox 669 3814 793 3851; x_wconf 83' lang='lat' dir='ltr'>totam</span> <span class='ocrx_word' id='word_1_345' title='bbox 811 3812 947 3851; x_wconf 87' lang='lat' dir='ltr'>urbem</span> <span class='ocrx_word' id='word_1_346' title='bbox 963 3814 1162 3863; x_wconf 76' lang='lat' dir='ltr'>sapientiae</span> <span class='ocrx_word' id='word_1_347' title='bbox 1179 3816 1310 3855; x_wconf 86' lang='lat' dir='ltr'>studio</span> <span class='ocrx_word' id='word_1_348' title='bbox 1321 3819 1580 3867; x_wconf 76' lang='lat' dir='ltr'>occupatam3</span> 
     </span>
     <span class='ocr_line' id='line_1_49' title="bbox 304 3875 1581 3928; baseline 0.002 -12"><span class='ocrx_word' id='word_1_349' title='bbox 304 3888 428 3928; x_wconf 83' lang='lat' dir='ltr'>quare</span> <span class='ocrx_word' id='word_1_350' title='bbox 443 3876 583 3916; x_wconf 87' lang='lat' dir='ltr'>merito</span> <span class='ocrx_word' id='word_1_351' title='bbox 602 3875 785 3915; x_wconf 85' lang='lat' dir='ltr'>omnibus</span> <span class='ocrx_word' id='word_1_352' title='bbox 801 3875 890 3924; x_wconf 89' lang='lat' dir='ltr'>illis,</span> <span class='ocrx_word' id='word_1_353' title='bbox 903 3876 1160 3927; x_wconf 90' lang='lat' dir='ltr'>quiunquam</span> <span class='ocrx_word' id='word_1_354' title='bbox 1174 3880 1279 3928; x_wconf 86' lang='lat' dir='ltr'>apud</span> <span class='ocrx_word' id='word_1_355' title='bbox 1299 3883 1458 3920; x_wconf 80' lang='lat' dir='ltr'>Graecos</span> <span class='ocrx_word' id='word_1_356' title='bbox 1476 3891 1581 3920; x_wconf 90' lang='lat' dir='ltr'>rem-</span> 
     </span>
     <span class='ocr_line' id='line_1_50' title="bbox 305 3939 1584 3995; baseline 0.004 -14"><span class='ocrx_word' id='word_1_357' title='bbox 305 3942 503 3993; x_wconf 76' lang='lat' dir='ltr'>publicam</span> <span class='ocrx_word' id='word_1_358' title='bbox 531 3942 770 3991; x_wconf 76' lang='lat' dir='ltr'>attigerunt,</span> <span class='ocrx_word' id='word_1_359' title='bbox 791 3939 911 3988; x_wconf 77' lang='lat' dir='ltr'>gloria</span> <span class='ocrx_word' id='word_1_360' title='bbox 929 3940 1042 3990; x_wconf 85' lang='lat' dir='ltr'>longe</span> <span class='ocrx_word' id='word_1_361' title='bbox 1062 3944 1324 3993; x_wconf 86' lang='lat' dir='ltr'>anteponitur.</span> <span class='ocrx_word' id='word_1_362' title='bbox 1343 3944 1516 3995; x_wconf 84' lang='lat' dir='ltr'>Ideoque</span> <span class='ocrx_word' id='word_1_363' title='bbox 1543 3947 1584 3985; x_wconf 91' lang='lat' dir='ltr'>et</span> 
     </span>
     <span class='ocr_line' id='line_1_51' title="bbox 307 4005 1583 4060; baseline 0.003 -14"><span class='ocrx_word' id='word_1_364' title='bbox 307 4007 532 4059; x_wconf 77' lang='lat' dir='ltr'>Aristoteles</span> <span class='ocrx_word' id='word_1_365' title='bbox 546 4005 601 4045; x_wconf 87' lang='lat' dir='ltr'>ait</span> <span class='ocrx_word' id='word_1_366' title='bbox 614 4005 785 4044; x_wconf 86' lang='lat' dir='ltr'>minores</span> <span class='ocrx_word' id='word_1_367' title='bbox 799 4015 891 4044; x_wconf 89' lang='lat' dir='ltr'>eum</span> <span class='ocrx_word' id='word_1_368' title='bbox 907 4005 1009 4054; x_wconf 81' lang='lat' dir='ltr'>apud</span> <span class='ocrx_word' id='word_1_369' title='bbox 1025 4008 1246 4056; x_wconf 85' lang='lat' dir='ltr'>Spartanos,</span> <span class='ocrx_word' id='word_1_370' title='bbox 1261 4020 1382 4059; x_wconf 84' lang='lat' dir='ltr'>quam</span> <span class='ocrx_word' id='word_1_371' title='bbox 1398 4021 1498 4060; x_wconf 90' lang='lat' dir='ltr'>quos</span> <span class='ocrx_word' id='word_1_372' title='bbox 1513 4021 1583 4060; x_wconf 85' lang='lat' dir='ltr'>par</span> 
     </span>
     <span class='ocr_line' id='line_1_52' title="bbox 305 4068 1581 4119; baseline 0.003 -10"><span class='ocrx_word' id='word_1_373' title='bbox 305 4072 404 4118; x_wconf 81' lang='lat' dir='ltr'>erat,</span> <span class='ocrx_word' id='word_1_374' title='bbox 422 4070 589 4118; x_wconf 72' lang='lat' dir='ltr'>bonores</span> <span class='ocrx_word' id='word_1_375' title='bbox 606 4068 944 4119; x_wconf 81' lang='lat' dir='ltr'>adeptum,quum</span> <span class='ocrx_word' id='word_1_376' title='bbox 967 4068 1017 4108; x_wconf 87' lang='lat' dir='ltr'>sit</span> <span class='ocrx_word' id='word_1_377' title='bbox 1032 4070 1190 4119; x_wconf 87' lang='lat' dir='ltr'>quidem</span> <span class='ocrx_word' id='word_1_378' title='bbox 1207 4075 1366 4112; x_wconf 84' lang='lat' dir='ltr'>ornatus</span> <span class='ocrx_word' id='word_1_379' title='bbox 1385 4074 1581 4114; x_wconf 77' lang='lat' dir='ltr'>maximis.</span> 
     </span>
    </p>
   </div>
   <div class='ocr_carea' id='block_1_9' title="bbox 307 4133 1584 4248">
    <p class='ocr_par' dir='ltr' id='par_1_12' title="bbox 307 4133 1584 4248">
     <span class='ocr_line' id='line_1_53' title="bbox 307 4133 1584 4189; baseline 0.005 -15"><span class='ocrx_word' id='word_1_380' title='bbox 307 4134 513 4185; x_wconf 86' lang='lat' dir='ltr'>Templum</span> <span class='ocrx_word' id='word_1_381' title='bbox 535 4134 639 4174; x_wconf 86' lang='lat' dir='ltr'>enim</span> <span class='ocrx_word' id='word_1_382' title='bbox 662 4133 696 4172; x_wconf 89' lang='lat' dir='ltr'>ei</span> <span class='ocrx_word' id='word_1_383' title='bbox 713 4133 883 4184; x_wconf 82' lang='lat' dir='ltr'>positum</span> <span class='ocrx_word' id='word_1_384' title='bbox 900 4134 958 4173; x_wconf 74' lang='lat' dir='ltr'>est</span> <span class='ocrx_word' id='word_1_385' title='bbox 970 4163 980 4183; x_wconf 94' lang='lat'>‚</span> <span class='ocrx_word' id='word_1_386' title='bbox 997 4134 1319 4187; x_wconf 81' lang='lat' dir='ltr'>sacriticaturque</span> <span class='ocrx_word' id='word_1_387' title='bbox 1332 4138 1402 4189; x_wconf 86' lang='lat' dir='ltr'>ipsi</span> <span class='ocrx_word' id='word_1_388' title='bbox 1414 4140 1584 4189; x_wconf 83' lang='lat' dir='ltr'>quotan-</span> 
     </span>
     <span class='ocr_line' id='line_1_54' title="bbox 309 4197 671 4248; baseline -0.006 -10"><span class='ocrx_word' id='word_1_389' title='bbox 309 4198 369 4238; x_wconf 77' lang='lat' dir='ltr'>nis</span> <span class='ocrx_word' id='word_1_390' title='bbox 383 4200 569 4248; x_wconf 83' lang='lat' dir='ltr'>tanquam</span> <span class='ocrx_word' id='word_1_391' title='bbox 583 4197 671 4237; x_wconf 83' lang='lat' dir='ltr'>deo.</span> 
     </span>
    </p>
   </div>
   <div class='ocr_carea' id='block_1_10' title="bbox 1595 238 2004 313">
    <p class='ocr_par' dir='ltr' id='par_1_13' title="bbox 1595 238 2004 313">
     <span class='ocr_line' id='line_1_55' title="bbox 1595 238 2004 313; baseline -0.027 0"><span class='ocrx_word' id='word_1_392' title='bbox 1595 238 2004 313; x_wconf 71' lang='lat' dir='ltr'><strong>FRAGMENTA.</strong></span> 
     </span>
    </p>
   </div>
   <div class='ocr_carea' id='block_1_11' title="bbox 1597 2496 2935 2565">
    <p class='ocr_par' dir='ltr' id='par_1_14' title="bbox 1597 2496 2963 2565">
     <span class='ocr_line' id='line_1_56' title="bbox 1597 2496 2935 2565; baseline -0.007 -13"><span class='ocrx_word' id='word_1_393' title='bbox 1597 2540 1607 2545; x_wconf 89' lang='lat'>-</span> <span class='ocrx_word' id='word_1_394' title='bbox 1639 2503 1683 2551; x_wconf 81' lang='grc' dir='ltr'>δὲ</span> <span class='ocrx_word' id='word_1_395' title='bbox 1703 2503 1775 2551; x_wconf 84' lang='grc' dir='ltr'>τὸν</span> <span class='ocrx_word' id='word_1_396' title='bbox 1802 2501 1879 2565; x_wconf 85' lang='grc' dir='ltr'>μὲν</span> <span class='ocrx_word' id='word_1_397' title='bbox 1908 2505 2142 2551; x_wconf 80' lang='grc' dir='ltr'>Κνακιῶνα</span> <span class='ocrx_word' id='word_1_398' title='bbox 2165 2500 2378 2564; x_wconf 83' lang='grc' dir='ltr'>ποταμὸν,</span> <span class='ocrx_word' id='word_1_399' title='bbox 2398 2497 2478 2558; x_wconf 82' lang='grc' dir='ltr'>τὴν</span> <span class='ocrx_word' id='word_1_400' title='bbox 2504 2497 2549 2545; x_wconf 81' lang='grc' dir='ltr'>δὲ</span> <span class='ocrx_word' id='word_1_401' title='bbox 2568 2496 2775 2547; x_wconf 71' lang='grc' dir='ltr'>Βαὸύκαν</span> <span class='ocrx_word' id='word_1_402' title='bbox 2802 2497 2963 2562; x_wconf 61' lang='grc' dir='ltr'>γέφυό</span> 
     </span>
    </p>
   </div>
   <div class='ocr_carea' id='block_1_12' title="bbox 297 2596 2524 2622">
    <p class='ocr_par' dir='ltr' id='par_1_15' title="bbox 297 2596 2524 2622">
     <span class='ocr_line' id='line_1_57' title="bbox 297 2596 2524 2622; baseline -0.011 0"><span class='ocrx_word' id='word_1_403' title='bbox 297 2596 2524 2622; x_wconf 81' lang='lat'>.-———-—-—-——-—--——--——-———————--———-·-—</span> 
     </span>
    </p>
   </div>
   <div class='ocr_carea' id='block_1_13' title="bbox 2942 0 3016 845">
    <p class='ocr_par' dir='ltr' id='par_1_16' title="bbox 2942 0 3016 845">
     <span class='ocr_line' id='line_1_58' title="bbox 2942 0 3016 845; baseline 0 -56"><span class='ocrx_word' id='word_1_404' title='bbox 2942 0 3016 845; x_wconf 95' lang='lat' dir='ltr'>    </span> 
     </span>
    </p>
   </div>
   <div class='ocr_carea' id='block_1_14' title="bbox 2229 360 2308 417">
    <p class='ocr_par' dir='ltr' id='par_1_17' title="bbox 2229 360 2308 417">
     <span class='ocr_line' id='line_1_59' title="bbox 2229 360 2308 417; baseline 0.013 -12"><span class='ocrx_word' id='word_1_405' title='bbox 2229 360 2308 417; x_wconf 69' lang='grc'>78.</span> 
     </span>
    </p>
   </div>
   <div class='ocr_carea' id='block_1_15' title="bbox 1621 459 3004 1400">
    <p class='ocr_par' dir='ltr' id='par_1_18' title="bbox 1621 459 3004 1400">
     <span class='ocr_line' id='line_1_60' title="bbox 1686 459 2908 531; baseline -0.012 -6"><span class='ocrx_word' id='word_1_406' title='bbox 1686 480 1816 525; x_wconf 90' lang='lat' dir='ltr'>Idem</span> <span class='ocrx_word' id='word_1_407' title='bbox 1840 476 1903 520; x_wconf 91' lang='lat' dir='ltr'>ib.</span> <span class='ocrx_word' id='word_1_408' title='bbox 1929 474 1955 518; x_wconf 89' lang='lat'><strong>5</strong></span> <span class='ocrx_word' id='word_1_409' title='bbox 1973 507 1986 528; x_wconf 89' lang='lat'>,</span> <span class='ocrx_word' id='word_1_410' title='bbox 2021 487 2050 531; x_wconf 91' lang='lat'>9</span> <span class='ocrx_word' id='word_1_411' title='bbox 2078 487 2088 514; x_wconf 74' lang='grc' dir='ltr'>ι</span> <span class='ocrx_word' id='word_1_412' title='bbox 2129 462 2410 530; x_wconf 86' lang='grc' dir='ltr'>Αἷωρουμένη</span> <span class='ocrx_word' id='word_1_413' title='bbox 2448 459 2531 526; x_wconf 78' lang='grc' dir='ltr'>γὰρ</span> <span class='ocrx_word' id='word_1_414' title='bbox 2555 465 2582 519; x_wconf 85' lang='grc' dir='ltr'>ἡ</span> <span class='ocrx_word' id='word_1_415' title='bbox 2607 459 2803 509; x_wconf 81' lang='grc' dir='ltr'>πολιτεία</span> <span class='ocrx_word' id='word_1_416' title='bbox 2832 461 2908 510; x_wconf 74' lang='grc' dir='ltr'>καὶ</span> 
     </span>
     <span class='ocr_line' id='line_1_61' title="bbox 1623 533 2918 603; baseline -0.016 -6"><span class='ocrx_word' id='word_1_417' title='bbox 1623 547 1909 598; x_wconf 81' lang='grc' dir='ltr'>ἀποκλίνουσα</span> <span class='ocrx_word' id='word_1_418' title='bbox 1946 547 2019 589; x_wconf 77' lang='grc' dir='ltr'>νῦν</span> <span class='ocrx_word' id='word_1_419' title='bbox 2045 540 2122 603; x_wconf 86' lang='grc' dir='ltr'>μὲν</span> <span class='ocrx_word' id='word_1_420' title='bbox 2147 541 2202 591; x_wconf 83' lang='grc' dir='ltr'>ὡς</span> <span class='ocrx_word' id='word_1_421' title='bbox 2224 536 2321 590; x_wconf 78' lang='grc' dir='ltr'>τοὺς</span> <span class='ocrx_word' id='word_1_422' title='bbox 2347 535 2537 600; x_wconf 84' lang='grc' dir='ltr'>βασιλεῖς</span> <span class='ocrx_word' id='word_1_423' title='bbox 2559 533 2631 580; x_wconf 83' lang='grc' dir='ltr'>ἐπὶ</span> <span class='ocrx_word' id='word_1_424' title='bbox 2657 533 2918 599; x_wconf 61' lang='grc' dir='ltr'>τυραννίδα,</span> 
     </span>
     <span class='ocr_line' id='line_1_62' title="bbox 1621 598 2959 672; baseline -0.016 -3"><span class='ocrx_word' id='word_1_425' title='bbox 1621 627 1694 669; x_wconf 79' lang='grc' dir='ltr'>νῦν</span> <span class='ocrx_word' id='word_1_426' title='bbox 1721 617 1764 666; x_wconf 79' lang='grc' dir='ltr'>δὲ</span> <span class='ocrx_word' id='word_1_427' title='bbox 1783 620 1839 671; x_wconf 81' lang='grc' dir='ltr'>ὡς</span> <span class='ocrx_word' id='word_1_428' title='bbox 1862 615 1910 662; x_wconf 85' lang='grc' dir='ltr'>τὸ</span> <span class='ocrx_word' id='word_1_429' title='bbox 1933 615 2093 671; x_wconf 75' lang='grc' dir='ltr'>πλῆθος</span> <span class='ocrx_word' id='word_1_430' title='bbox 2125 609 2195 658; x_wconf 78' lang='grc' dir='ltr'>ἐπὶ</span> <span class='ocrx_word' id='word_1_431' title='bbox 2233 605 2544 672; x_wconf 87' lang='grc' dir='ltr'>δημοκρατίαν,</span> <span class='ocrx_word' id='word_1_432' title='bbox 2576 598 2662 652; x_wconf 77' lang='grc' dir='ltr'>οἷον</span> <span class='ocrx_word' id='word_1_433' title='bbox 2697 603 2810 671; x_wconf 80' lang='grc' dir='ltr'>ἕρμα</span> <span class='ocrx_word' id='word_1_434' title='bbox 2831 602 2959 666; x_wconf 47' lang='lat' dir='ltr'>‘²4³ss</span> 
     </span>
     <span class='ocr_line' id='line_1_63' title="bbox 1622 671 3004 755; baseline -0.014 -15"><span class='ocrx_word' id='word_1_435' title='bbox 1622 696 1706 740; x_wconf 84' lang='grc' dir='ltr'>τῶν</span> <span class='ocrx_word' id='word_1_436' title='bbox 1724 689 1931 755; x_wconf 85' lang='grc' dir='ltr'>γερόντων</span> <span class='ocrx_word' id='word_1_437' title='bbox 1951 684 2090 750; x_wconf 80' lang='grc' dir='ltr'>ἀρχὴν</span> <span class='ocrx_word' id='word_1_438' title='bbox 2109 684 2150 730; x_wconf 83' lang='grc' dir='ltr'>ἓν</span> <span class='ocrx_word' id='word_1_439' title='bbox 2170 680 2290 747; x_wconf 81' lang='grc' dir='ltr'>μέσῳ</span> <span class='ocrx_word' id='word_1_440' title='bbox 2306 678 2461 742; x_wconf 83' lang='grc' dir='ltr'>θεμένη</span> <span class='ocrx_word' id='word_1_441' title='bbox 2478 677 2550 726; x_wconf 82' lang='grc' dir='ltr'>καὶ</span> <span class='ocrx_word' id='word_1_442' title='bbox 2570 671 2931 744; x_wconf 40' lang='lat' dir='ltr'>{coppomimcoeg</span> <span class='ocrx_word' id='word_1_443' title='bbox 2953 698 2960 726; x_wconf 70' lang='lat'>1</span> <span class='ocrx_word' id='word_1_444' title='bbox 3000 718 3004 721; x_wconf 88' lang='grc'><em>,</em></span> 
     </span>
     <span class='ocr_line' id='line_1_64' title="bbox 1622 748 2951 823; baseline -0.008 -14"><span class='ocrx_word' id='word_1_445' title='bbox 1622 764 1700 821; x_wconf 84' lang='grc' dir='ltr'>τὴν</span> <span class='ocrx_word' id='word_1_446' title='bbox 1726 757 2052 823; x_wconf 78' lang='grc' dir='ltr'>ἀσφαλεστάτην</span> <span class='ocrx_word' id='word_1_447' title='bbox 2071 754 2189 808; x_wconf 85' lang='grc' dir='ltr'>τάξιν</span> <span class='ocrx_word' id='word_1_448' title='bbox 2214 753 2315 818; x_wconf 87' lang='grc' dir='ltr'>ἔσχε</span> <span class='ocrx_word' id='word_1_449' title='bbox 2335 751 2410 800; x_wconf 82' lang='grc' dir='ltr'>καὶ</span> <span class='ocrx_word' id='word_1_450' title='bbox 2429 751 2716 799; x_wconf 88' lang='grc' dir='ltr'>κατάστασιν·</span> <span class='ocrx_word' id='word_1_451' title='bbox 2741 749 2815 799; x_wconf 80' lang='grc' dir='ltr'>ἀεὶ</span> <span class='ocrx_word' id='word_1_452' title='bbox 2828 748 2951 799; x_wconf 40' lang='lat' dir='ltr'>viiiv*</span> 
     </span>
     <span class='ocr_line' id='line_1_65' title="bbox 1625 823 3004 892; baseline -0.01 -9"><span class='ocrx_word' id='word_1_453' title='bbox 1625 838 1736 883; x_wconf 85' lang='grc' dir='ltr'>ὂκτὼ</span> <span class='ocrx_word' id='word_1_454' title='bbox 1762 831 1837 879; x_wconf 83' lang='grc' dir='ltr'>καὶ</span> <span class='ocrx_word' id='word_1_455' title='bbox 1858 829 1992 877; x_wconf 82' lang='grc' dir='ltr'>εἴκοσι</span> <span class='ocrx_word' id='word_1_456' title='bbox 2010 827 2221 892; x_wconf 89' lang='grc' dir='ltr'>γερόντων</span> <span class='ocrx_word' id='word_1_457' title='bbox 2238 826 2325 879; x_wconf 82' lang='grc' dir='ltr'>τοῖς</span> <span class='ocrx_word' id='word_1_458' title='bbox 2347 823 2424 887; x_wconf 84' lang='grc' dir='ltr'>μὲν</span> <span class='ocrx_word' id='word_1_459' title='bbox 2445 823 2668 887; x_wconf 80' lang='grc' dir='ltr'>βασιλεῦσι</span> <span class='ocrx_word' id='word_1_460' title='bbox 2691 826 2958 889; x_wconf 53' lang='lat' dir='ltr'>‘nmmos-j*</span> <span class='ocrx_word' id='word_1_461' title='bbox 3001 835 3004 837; x_wconf 73' lang='grc'><strong>’</strong></span> 
     </span>
     <span class='ocr_line' id='line_1_66' title="bbox 1626 887 3003 968; baseline -0.007 -16"><span class='ocrx_word' id='word_1_462' title='bbox 1626 905 1781 968; x_wconf 83' lang='grc' dir='ltr'>μένων,</span> <span class='ocrx_word' id='word_1_463' title='bbox 1816 901 1913 949; x_wconf 78' lang='grc' dir='ltr'>ὅσον</span> <span class='ocrx_word' id='word_1_464' title='bbox 1951 899 2179 956; x_wconf 74' lang='grc' dir='ltr'>ἀντιὸἧναι</span> <span class='ocrx_word' id='word_1_465' title='bbox 2219 896 2325 963; x_wconf 84' lang='grc' dir='ltr'>πρὸς</span> <span class='ocrx_word' id='word_1_466' title='bbox 2364 893 2679 960; x_wconf 83' lang='grc' dir='ltr'>δημοκρατίαν,</span> <span class='ocrx_word' id='word_1_467' title='bbox 2715 887 2837 949; x_wconf 68' lang='grc' dir='ltr'>αὖθις</span> <span class='ocrx_word' id='word_1_468' title='bbox 2869 893 2963 943; x_wconf 50' lang='lat'>835</span> <span class='ocrx_word' id='word_1_469' title='bbox 3001 928 3003 931; x_wconf 37' lang='lat' dir='ltr'>v</span> 
     </span>
     <span class='ocr_line' id='line_1_67' title="bbox 1627 967 2959 1042; baseline -0.008 -18"><span class='ocrx_word' id='word_1_470' title='bbox 1627 976 1733 1042; x_wconf 78' lang='grc' dir='ltr'>ὑπὲρ</span> <span class='ocrx_word' id='word_1_471' title='bbox 1756 979 1831 1021; x_wconf 76' lang='grc' dir='ltr'>τοῦ</span> <span class='ocrx_word' id='word_1_472' title='bbox 1871 973 1930 1035; x_wconf 82' lang='grc' dir='ltr'>μὴ</span> <span class='ocrx_word' id='word_1_473' title='bbox 1960 971 2158 1036; x_wconf 83' lang='grc' dir='ltr'>γενέσθαι</span> <span class='ocrx_word' id='word_1_474' title='bbox 2189 968 2420 1035; x_wconf 88' lang='grc' dir='ltr'>τυραννίδα</span> <span class='ocrx_word' id='word_1_475' title='bbox 2444 967 2515 1015; x_wconf 86' lang='grc' dir='ltr'>τὸν</span> <span class='ocrx_word' id='word_1_476' title='bbox 2537 968 2673 1029; x_wconf 71' lang='grc' dir='ltr'>δῆμον</span> <span class='ocrx_word' id='word_1_477' title='bbox 2695 967 2959 1032; x_wconf 54' lang='grc' dir='ltr'>ἀναρρων-’Ϊῇ</span> 
     </span>
     <span class='ocr_line' id='line_1_68' title="bbox 1626 1038 2963 1108; baseline -0.009 -9"><span class='ocrx_word' id='word_1_478' title='bbox 1626 1049 1805 1099; x_wconf 87' lang='grc' dir='ltr'>νύντων.</span> <span class='ocrx_word' id='word_1_479' title='bbox 1834 1043 2078 1098; x_wconf 79' lang='grc' dir='ltr'>Τοσούτους</span> <span class='ocrx_word' id='word_1_480' title='bbox 2103 1042 2149 1090; x_wconf 84' lang='grc' dir='ltr'>δέ</span> <span class='ocrx_word' id='word_1_481' title='bbox 2181 1061 2286 1108; x_wconf 85' lang='grc' dir='ltr'>φησι</span> <span class='ocrx_word' id='word_1_482' title='bbox 2308 1043 2634 1097; x_wconf 74' lang='grc' dir='ltr'>κατασταθῆναι</span> <span class='ocrx_word' id='word_1_483' title='bbox 2657 1038 2753 1094; x_wconf 79' lang='grc' dir='ltr'>τοὺς</span> <span class='ocrx_word' id='word_1_484' title='bbox 2770 1039 2963 1105; x_wconf 49' lang='lat' dir='ltr'>&#39;respuit-5]</span> 
     </span>
     <span class='ocr_line' id='line_1_69' title="bbox 1626 1108 2966 1184; baseline -0.007 -16"><span class='ocrx_word' id='word_1_485' title='bbox 1626 1141 1702 1174; x_wconf 91' lang='grc' dir='ltr'>τας</span> <span class='ocrx_word' id='word_1_486' title='bbox 1741 1117 2058 1184; x_wconf 87' lang='grc' dir='ltr'>Ἀριστοτέλης,</span> <span class='ocrx_word' id='word_1_487' title='bbox 2102 1114 2168 1162; x_wconf 79' lang='grc' dir='ltr'>ὅτι</span> <span class='ocrx_word' id='word_1_488' title='bbox 2197 1115 2436 1180; x_wconf 36' lang='grc' dir='ltr'>,τριάκοντα</span> <span class='ocrx_word' id='word_1_489' title='bbox 2467 1115 2551 1159; x_wconf 80' lang='grc' dir='ltr'>τῶν</span> <span class='ocrx_word' id='word_1_490' title='bbox 2589 1110 2773 1177; x_wconf 82' lang='grc' dir='ltr'>πρώτων</span> <span class='ocrx_word' id='word_1_491' title='bbox 2805 1108 2966 1178; x_wconf 42' lang='grc' dir='ltr'>μετὰξῖ</span> 
     </span>
     <span class='ocr_line' id='line_1_70' title="bbox 1626 1181 2942 1255; baseline -0.005 -16"><span class='ocrx_word' id='word_1_492' title='bbox 1626 1192 1875 1255; x_wconf 84' lang='grc' dir='ltr'>Λυκούργου</span> <span class='ocrx_word' id='word_1_493' title='bbox 1915 1187 2172 1253; x_wconf 84' lang='grc' dir='ltr'>γενομένων,</span> <span class='ocrx_word' id='word_1_494' title='bbox 2214 1186 2288 1235; x_wconf 86' lang='grc' dir='ltr'>δύο</span> <span class='ocrx_word' id='word_1_495' title='bbox 2326 1184 2406 1243; x_wconf 82' lang='grc' dir='ltr'>τὴν</span> <span class='ocrx_word' id='word_1_496' title='bbox 2449 1183 2604 1249; x_wconf 81' lang='grc' dir='ltr'>πρᾶξιν</span> <span class='ocrx_word' id='word_1_497' title='bbox 2639 1181 2942 1252; x_wconf 16' lang='grc' dir='ltr'>ἐγκατι-ίῦλιτιῐονι</span> 
     </span>
     <span class='ocr_line' id='line_1_71' title="bbox 1628 1254 2962 1325; baseline -0.005 -13"><span class='ocrx_word' id='word_1_498' title='bbox 1628 1262 2022 1314; x_wconf 79' lang='grc' dir='ltr'>ἀποδειλιάσαντες.</span> <span class='ocrx_word' id='word_1_499' title='bbox 2053 1259 2111 1308; x_wconf 87' lang='grc' dir='ltr'>Ὁ</span> <span class='ocrx_word' id='word_1_500' title='bbox 2133 1259 2178 1306; x_wconf 81' lang='grc' dir='ltr'>δὲ</span> <span class='ocrx_word' id='word_1_501' title='bbox 2201 1259 2390 1325; x_wconf 80' lang='grc' dir='ltr'>Σφαῖρος</span> <span class='ocrx_word' id='word_1_502' title='bbox 2413 1255 2455 1310; x_wconf 78' lang='grc' dir='ltr'>ἐξ</span> <span class='ocrx_word' id='word_1_503' title='bbox 2483 1258 2622 1321; x_wconf 77' lang='grc' dir='ltr'>ἀρχῆς</span> <span class='ocrx_word' id='word_1_504' title='bbox 2637 1255 2744 1322; x_wconf 72' lang='grc' dir='ltr'>φησὶ</span> <span class='ocrx_word' id='word_1_505' title='bbox 2760 1254 2926 1305; x_wconf 57' lang='lat' dir='ltr'>‘roseti-⁴</span> <span class='ocrx_word' id='word_1_506' title='bbox 2943 1280 2962 1312; x_wconf 69' lang='lat'>12</span> 
     </span>
     <span class='ocr_line' id='line_1_72' title="bbox 1627 1328 2688 1400; baseline -0.009 -17"><span class='ocrx_word' id='word_1_507' title='bbox 1627 1355 1722 1389; x_wconf 88' lang='grc' dir='ltr'>τους</span> <span class='ocrx_word' id='word_1_508' title='bbox 1746 1333 1941 1400; x_wconf 90' lang='grc' dir='ltr'>γενέσθαι</span> <span class='ocrx_word' id='word_1_509' title='bbox 1965 1331 2061 1387; x_wconf 76' lang='grc' dir='ltr'>τοὺς</span> <span class='ocrx_word' id='word_1_510' title='bbox 2082 1335 2159 1391; x_wconf 80' lang='grc' dir='ltr'>τ’ἧς</span> <span class='ocrx_word' id='word_1_511' title='bbox 2177 1331 2353 1395; x_wconf 86' lang='grc' dir='ltr'>γνώμης</span> <span class='ocrx_word' id='word_1_512' title='bbox 2379 1328 2688 1392; x_wconf 69' lang='grc' dir='ltr'>μετασχόντας.</span> 
     </span>
    </p>
   </div>
   <div class='ocr_carea' id='block_1_16' title="bbox 2234 1461 2312 1506">
    <p class='ocr_par' dir='ltr' id='par_1_19' title="bbox 2234 1461 2312 1506">
     <span class='ocr_line' id='line_1_73' title="bbox 2234 1461 2312 1506; baseline 0.026 -2"><span class='ocrx_word' id='word_1_513' title='bbox 2234 1461 2312 1506; x_wconf 85' lang='grc'>79·</span> 
     </span>
    </p>
   </div>
   <div class='ocr_carea' id='block_1_17' title="bbox 1631 1556 2950 2494">
    <p class='ocr_par' dir='ltr' id='par_1_20' title="bbox 1631 1556 2950 2494">
     <span class='ocr_line' id='line_1_74' title="bbox 1694 1556 2931 1627; baseline -0.011 -15"><span class='ocrx_word' id='word_1_514' title='bbox 1694 1568 1768 1613; x_wconf 92' lang='lat' dir='ltr'>Id.</span> <span class='ocrx_word' id='word_1_515' title='bbox 1788 1568 1855 1614; x_wconf 81' lang='lat' dir='ltr'>ib.</span> <span class='ocrx_word' id='word_1_516' title='bbox 1877 1567 1926 1627; x_wconf 86' lang='lat'>6,</span> <span class='ocrx_word' id='word_1_517' title='bbox 1945 1568 2218 1625; x_wconf 83' lang='lat' dir='ltr'>2.Lycurgo</span> <span class='ocrx_word' id='word_1_518' title='bbox 2238 1562 2401 1622; x_wconf 82' lang='lat' dir='ltr'>Pythia</span> <span class='ocrx_word' id='word_1_519' title='bbox 2413 1560 2549 1618; x_wconf 87' lang='lat' dir='ltr'>jubet</span> <span class='ocrx_word' id='word_1_520' title='bbox 2567 1574 2578 1606; x_wconf 93' lang='lat'><strong>:</strong></span> <span class='ocrx_word' id='word_1_521' title='bbox 2605 1580 2625 1602; x_wconf 78' lang='grc' dir='ltr'>α</span> <span class='ocrx_word' id='word_1_522' title='bbox 2646 1556 2747 1614; x_wconf 82' lang='grc' dir='ltr'>Διὸς</span> <span class='ocrx_word' id='word_1_523' title='bbox 2766 1557 2931 1608; x_wconf 63' lang='grc' dir='ltr'>Ἕλλα,</span> 
     </span>
     <span class='ocr_line' id='line_1_75' title="bbox 1631 1631 2927 1698; baseline -0.005 -12"><span class='ocrx_word' id='word_1_524' title='bbox 1631 1639 1722 1687; x_wconf 91' lang='grc' dir='ltr'>νίου</span> <span class='ocrx_word' id='word_1_525' title='bbox 1755 1639 1828 1686; x_wconf 82' lang='grc' dir='ltr'>καὶ</span> <span class='ocrx_word' id='word_1_526' title='bbox 1866 1638 2042 1690; x_wconf 84' lang='grc' dir='ltr'>Ἀθανᾶς</span> <span class='ocrx_word' id='word_1_527' title='bbox 2076 1634 2308 1688; x_wconf 87' lang='grc' dir='ltr'>Ἑλλανίας</span> <span class='ocrx_word' id='word_1_528' title='bbox 2331 1632 2442 1698; x_wconf 79' lang='grc' dir='ltr'>ἱερὸν</span> <span class='ocrx_word' id='word_1_529' title='bbox 2466 1631 2766 1697; x_wconf 82' lang='grc' dir='ltr'>ἱδρυσάμενον,</span> <span class='ocrx_word' id='word_1_530' title='bbox 2788 1633 2927 1696; x_wconf 82' lang='grc' dir='ltr'>φυλὰς</span> 
     </span>
     <span class='ocr_line' id='line_1_76' title="bbox 1633 1704 2937 1778; baseline -0.005 -19"><span class='ocrx_word' id='word_1_531' title='bbox 1633 1711 1880 1778; x_wconf 81' lang='grc' dir='ltr'>φυλάξαντα</span> <span class='ocrx_word' id='word_1_532' title='bbox 1910 1709 1986 1757; x_wconf 77' lang='grc' dir='ltr'>καὶ</span> <span class='ocrx_word' id='word_1_533' title='bbox 2011 1708 2130 1762; x_wconf 75' lang='grc' dir='ltr'>ὠὸὰς</span> <span class='ocrx_word' id='word_1_534' title='bbox 2153 1706 2381 1762; x_wconf 71' lang='grc' dir='ltr'>ὠὸάξαντα</span> <span class='ocrx_word' id='word_1_535' title='bbox 2397 1743 2410 1767; x_wconf 91' lang='grc'>,</span> <span class='ocrx_word' id='word_1_536' title='bbox 2435 1704 2668 1771; x_wconf 75' lang='grc' dir='ltr'>τριάκοντα</span> <span class='ocrx_word' id='word_1_537' title='bbox 2700 1704 2937 1768; x_wconf 80' lang='grc' dir='ltr'>γερουσίαν.</span> 
     </span>
     <span class='ocr_line' id='line_1_77' title="bbox 1634 1775 2931 1848; baseline -0.005 -17"><span class='ocrx_word' id='word_1_538' title='bbox 1634 1785 1709 1832; x_wconf 83' lang='grc' dir='ltr'>σὺν</span> <span class='ocrx_word' id='word_1_539' title='bbox 1730 1782 1990 1848; x_wconf 83' lang='grc' dir='ltr'>ἀρχαγέταις</span> <span class='ocrx_word' id='word_1_540' title='bbox 2010 1775 2506 1843; x_wconf 72' lang='grc' dir='ltr'>καταστήσαντα,’ὥρας</span> <span class='ocrx_word' id='word_1_541' title='bbox 2529 1775 2572 1832; x_wconf 82' lang='grc' dir='ltr'>ἐξ</span> <span class='ocrx_word' id='word_1_542' title='bbox 2602 1775 2718 1841; x_wconf 81' lang='grc' dir='ltr'>ὥρας</span> <span class='ocrx_word' id='word_1_543' title='bbox 2737 1777 2931 1826; x_wconf 64' lang='lat' dir='ltr'>&lt;insuet-</span> 
     </span>
     <span class='ocr_line' id='line_1_78' title="bbox 1635 1847 2931 1918; baseline -0.005 -14"><span class='ocrx_word' id='word_1_544' title='bbox 1635 1860 1718 1912; x_wconf 88' lang='grc' dir='ltr'>ζειν</span> <span class='ocrx_word' id='word_1_545' title='bbox 1743 1854 1909 1918; x_wconf 77' lang='grc' dir='ltr'>μεταξὺ·</span> <span class='ocrx_word' id='word_1_546' title='bbox 1926 1851 2134 1907; x_wconf 77' lang='grc' dir='ltr'>Βαὸύκας</span> <span class='ocrx_word' id='word_1_547' title='bbox 2156 1871 2201 1899; x_wconf 89' lang='grc' dir='ltr'>τε</span> <span class='ocrx_word' id='word_1_548' title='bbox 2225 1851 2298 1899; x_wconf 91' lang='grc' dir='ltr'>καὶ</span> <span class='ocrx_word' id='word_1_549' title='bbox 2320 1852 2582 1908; x_wconf 83' lang='grc' dir='ltr'>Κνακιῶνος,</span> <span class='ocrx_word' id='word_1_550' title='bbox 2600 1848 2675 1896; x_wconf 79' lang='grc' dir='ltr'>καὶ</span> <span class='ocrx_word' id='word_1_551' title='bbox 2695 1847 2830 1903; x_wconf 78' lang='grc' dir='ltr'>οὕτως</span> <span class='ocrx_word' id='word_1_552' title='bbox 2844 1850 2931 1897; x_wconf 72' lang='lat' dir='ltr'>eie·</span> 
     </span>
     <span class='ocr_line' id='line_1_79' title="bbox 1635 1913 2928 1995; baseline -0.006 -20"><span class='ocrx_word' id='word_1_553' title='bbox 1635 1929 1776 1995; x_wconf 80' lang='grc' dir='ltr'>φέρειν</span> <span class='ocrx_word' id='word_1_554' title='bbox 1798 1946 1842 1974; x_wconf 88' lang='grc' dir='ltr'>τε</span> <span class='ocrx_word' id='word_1_555' title='bbox 1865 1925 1939 1974; x_wconf 83' lang='grc' dir='ltr'>καὶ</span> <span class='ocrx_word' id='word_1_556' title='bbox 1970 1925 2257 1991; x_wconf 78' lang='grc' dir='ltr'>ἀφίστασθαι·</span> <span class='ocrx_word' id='word_1_557' title='bbox 2293 1921 2418 1986; x_wconf 85' lang='grc' dir='ltr'>δάμῳ</span> <span class='ocrx_word' id='word_1_558' title='bbox 2455 1920 2499 1968; x_wconf 80' lang='grc' dir='ltr'>δὲ</span> <span class='ocrx_word' id='word_1_559' title='bbox 2533 1920 2688 1987; x_wconf 85' lang='grc' dir='ltr'>κυρίαν</span> <span class='ocrx_word' id='word_1_560' title='bbox 2710 1913 2822 1984; x_wconf 67' lang='grc' dir='ltr'>ἦμεν</span> <span class='ocrx_word' id='word_1_561' title='bbox 2851 1918 2928 1968; x_wconf 71' lang='grc' dir='ltr'>καὶ</span> 
     </span>
     <span class='ocr_line' id='line_1_80' title="bbox 1636 1991 2931 2066; baseline -0.008 -17"><span class='ocrx_word' id='word_1_562' title='bbox 1636 2001 1807 2066; x_wconf 84' lang='grc' dir='ltr'>κράτος.</span> <span class='ocrx_word' id='word_1_563' title='bbox 1835 2022 1855 2041; x_wconf 72' lang='lat' dir='ltr'>n</span> <span class='ocrx_word' id='word_1_564' title='bbox 1882 2001 1962 2046; x_wconf 88' lang='grc' dir='ltr'>Ἐν</span> <span class='ocrx_word' id='word_1_565' title='bbox 1979 1997 2142 2051; x_wconf 83' lang='grc' dir='ltr'>τούτοις</span> <span class='ocrx_word' id='word_1_566' title='bbox 2170 1996 2219 2044; x_wconf 83' lang='grc' dir='ltr'>τὸ</span> <span class='ocrx_word' id='word_1_567' title='bbox 2244 1993 2322 2055; x_wconf 84' lang='grc' dir='ltr'>μὲν</span> <span class='ocrx_word' id='word_1_568' title='bbox 2347 1993 2482 2060; x_wconf 82' lang='grc' dir='ltr'>φυλὰς</span> <span class='ocrx_word' id='word_1_569' title='bbox 2505 1992 2693 2058; x_wconf 82' lang='grc' dir='ltr'>φυλάξαι</span> <span class='ocrx_word' id='word_1_570' title='bbox 2715 1992 2790 2040; x_wconf 70' lang='grc' dir='ltr'>καὶ</span> <span class='ocrx_word' id='word_1_571' title='bbox 2810 1991 2931 2047; x_wconf 74' lang='grc' dir='ltr'>ὠὸδις</span> 
     </span>
     <span class='ocr_line' id='line_1_81' title="bbox 1636 2063 2930 2130; baseline -0.007 -10"><span class='ocrx_word' id='word_1_572' title='bbox 1636 2072 1804 2128; x_wconf 74' lang='grc' dir='ltr'>ὠὸάξαι</span> <span class='ocrx_word' id='word_1_573' title='bbox 1827 2071 1977 2118; x_wconf 82' lang='grc' dir='ltr'>διελεῖν</span> <span class='ocrx_word' id='word_1_574' title='bbox 2000 2069 2182 2117; x_wconf 79' lang='grc' dir='ltr'>ἐστικαὶ</span> <span class='ocrx_word' id='word_1_575' title='bbox 2199 2073 2462 2124; x_wconf 83' lang='grc' dir='ltr'>κατανεῖμαι</span> <span class='ocrx_word' id='word_1_576' title='bbox 2486 2066 2535 2113; x_wconf 84' lang='grc' dir='ltr'>τὸ</span> <span class='ocrx_word' id='word_1_577' title='bbox 2551 2067 2711 2123; x_wconf 73' lang='grc' dir='ltr'>πλῆθος</span> <span class='ocrx_word' id='word_1_578' title='bbox 2727 2067 2784 2119; x_wconf 83' lang='grc' dir='ltr'>εἷς</span> <span class='ocrx_word' id='word_1_579' title='bbox 2807 2063 2930 2130; x_wconf 80' lang='grc' dir='ltr'>μερί-</span> 
     </span>
     <span class='ocr_line' id='line_1_82' title="bbox 1639 2135 2929 2207; baseline -0.005 -16"><span class='ocrx_word' id='word_1_580' title='bbox 1639 2147 1738 2204; x_wconf 86' lang='grc' dir='ltr'>δας,</span> <span class='ocrx_word' id='word_1_581' title='bbox 1756 2138 1814 2191; x_wconf 62' lang='grc' dir='ltr'>ὧν</span> <span class='ocrx_word' id='word_1_582' title='bbox 1839 2141 1915 2198; x_wconf 82' lang='grc' dir='ltr'>τὰς</span> <span class='ocrx_word' id='word_1_583' title='bbox 1940 2143 2018 2205; x_wconf 81' lang='grc' dir='ltr'>μὲν</span> <span class='ocrx_word' id='word_1_584' title='bbox 2042 2141 2203 2207; x_wconf 79' lang='grc' dir='ltr'>φυλὰς,</span> <span class='ocrx_word' id='word_1_585' title='bbox 2235 2140 2311 2194; x_wconf 85' lang='grc' dir='ltr'>τὰς</span> <span class='ocrx_word' id='word_1_586' title='bbox 2344 2138 2389 2186; x_wconf 83' lang='grc' dir='ltr'>δὲ</span> <span class='ocrx_word' id='word_1_587' title='bbox 2427 2137 2545 2192; x_wconf 68' lang='grc' dir='ltr'>ὧὸὰς</span> <span class='ocrx_word' id='word_1_588' title='bbox 2565 2135 2929 2203; x_wconf 59' lang='grc' dir='ltr'>προσηγόρευκενς</span> 
     </span>
     <span class='ocr_line' id='line_1_83' title="bbox 1641 2209 2933 2281; baseline -0.005 -18"><span class='ocrx_word' id='word_1_589' title='bbox 1641 2214 1901 2281; x_wconf 81' lang='grc' dir='ltr'>Ἀρχαγέται</span> <span class='ocrx_word' id='word_1_590' title='bbox 1926 2213 1971 2261; x_wconf 82' lang='grc' dir='ltr'>δὲ</span> <span class='ocrx_word' id='word_1_591' title='bbox 1991 2216 2030 2262; x_wconf 76' lang='grc' dir='ltr'>οἱ</span> <span class='ocrx_word' id='word_1_592' title='bbox 2054 2215 2243 2278; x_wconf 83' lang='grc' dir='ltr'>βασιλεῖς</span> <span class='ocrx_word' id='word_1_593' title='bbox 2266 2211 2481 2275; x_wconf 87' lang='grc' dir='ltr'>λέγονται.</span> <span class='ocrx_word' id='word_1_594' title='bbox 2512 2210 2578 2259; x_wconf 86' lang='grc' dir='ltr'>Τὸ</span> <span class='ocrx_word' id='word_1_595' title='bbox 2603 2209 2648 2256; x_wconf 83' lang='grc' dir='ltr'>δὲ</span> <span class='ocrx_word' id='word_1_596' title='bbox 2672 2209 2933 2265; x_wconf 83' lang='grc' dir='ltr'>ἀπελλάζειν</span> 
     </span>
     <span class='ocr_line' id='line_1_84' title="bbox 1641 2280 2933 2351; baseline -0.007 -14"><span class='ocrx_word' id='word_1_597' title='bbox 1641 2288 1956 2346; x_wconf 80' lang='grc' dir='ltr'>ἐκκλησιάζειν·</span> <span class='ocrx_word' id='word_1_598' title='bbox 1978 2285 2043 2332; x_wconf 80' lang='grc' dir='ltr'>ὅτι</span> <span class='ocrx_word' id='word_1_599' title='bbox 2063 2284 2140 2343; x_wconf 86' lang='grc' dir='ltr'>τὴν</span> <span class='ocrx_word' id='word_1_600' title='bbox 2167 2283 2307 2351; x_wconf 85' lang='grc' dir='ltr'>ἀρχὴν</span> <span class='ocrx_word' id='word_1_601' title='bbox 2332 2283 2406 2331; x_wconf 85' lang='grc' dir='ltr'>καὶ</span> <span class='ocrx_word' id='word_1_602' title='bbox 2425 2283 2504 2341; x_wconf 82' lang='grc' dir='ltr'>τὴν</span> <span class='ocrx_word' id='word_1_603' title='bbox 2531 2280 2673 2330; x_wconf 84' lang='grc' dir='ltr'>αἰτίαν</span> <span class='ocrx_word' id='word_1_604' title='bbox 2706 2283 2784 2340; x_wconf 72' lang='grc' dir='ltr'>τῆς</span> <span class='ocrx_word' id='word_1_605' title='bbox 2807 2283 2933 2330; x_wconf 84' lang='grc' dir='ltr'>πολι-</span> 
     </span>
     <span class='ocr_line' id='line_1_85' title="bbox 1646 2349 2950 2422; baseline -0.004 -16"><span class='ocrx_word' id='word_1_606' title='bbox 1646 2359 1764 2414; x_wconf 84' lang='grc' dir='ltr'>τείας</span> <span class='ocrx_word' id='word_1_607' title='bbox 1783 2360 1841 2412; x_wconf 88' lang='grc' dir='ltr'>εἷς</span> <span class='ocrx_word' id='word_1_608' title='bbox 1869 2358 1942 2405; x_wconf 84' lang='grc' dir='ltr'>τὸν</span> <span class='ocrx_word' id='word_1_609' title='bbox 1967 2357 2127 2406; x_wconf 78' lang='grc' dir='ltr'>Πύθιον</span> <span class='ocrx_word' id='word_1_610' title='bbox 2162 2358 2318 2422; x_wconf 72' lang='grc' dir='ltr'>ἀνῆψε.</span> <span class='ocrx_word' id='word_1_611' title='bbox 2341 2353 2436 2412; x_wconf 87' lang='grc' dir='ltr'>Τὴν</span> <span class='ocrx_word' id='word_1_612' title='bbox 2468 2352 2512 2400; x_wconf 87' lang='grc' dir='ltr'>δὲ</span> <span class='ocrx_word' id='word_1_613' title='bbox 2540 2349 2748 2402; x_wconf 75' lang='grc' dir='ltr'>Βαὸύκαν</span> <span class='ocrx_word' id='word_1_614' title='bbox 2769 2352 2842 2400; x_wconf 80' lang='grc' dir='ltr'>καὶ</span> <span class='ocrx_word' id='word_1_615' title='bbox 2861 2352 2950 2401; x_wconf 77' lang='grc' dir='ltr'>τὸνί</span> 
     </span>
     <span class='ocr_line' id='line_1_86' title="bbox 1641 2423 2937 2494; baseline -0.007 -14"><span class='ocrx_word' id='word_1_616' title='bbox 1641 2433 1873 2481; x_wconf 78' lang='grc' dir='ltr'>Κνακιῶνα</span> <span class='ocrx_word' id='word_1_617' title='bbox 1890 2434 1961 2477; x_wconf 75' lang='grc' dir='ltr'>νῦν</span> <span class='ocrx_word' id='word_1_618' title='bbox 1978 2432 2187 2479; x_wconf 79' lang='grc' dir='ltr'>Οἷνοῧντα</span> <span class='ocrx_word' id='word_1_619' title='bbox 2212 2425 2600 2494; x_wconf 88' lang='grc' dir='ltr'>προσαγορεύουσιν</span> <span class='ocrx_word' id='word_1_620' title='bbox 2611 2445 2622 2457; x_wconf 92' lang='grc'><em>·</em></span> <span class='ocrx_word' id='word_1_621' title='bbox 2641 2423 2937 2491; x_wconf 79' lang='grc' dir='ltr'>Ἀριστοτέλης</span> 
     </span>
    </p>
   </div>
   <div class='ocr_carea' id='block_1_18' title="bbox 2258 2645 2333 2685">
    <p class='ocr_par' dir='ltr' id='par_1_21' title="bbox 2258 2645 2333 2685">
     <span class='ocr_line' id='line_1_87' title="bbox 2258 2645 2333 2685; baseline 0 -1"><span class='ocrx_word' id='word_1_622' title='bbox 2258 2645 2333 2685; x_wconf 92' lang='grc'>78.</span> 
     </span>
    </p>
   </div>
   <div class='ocr_carea' id='block_1_19' title="bbox 1643 2715 2940 4000">
    <p class='ocr_par' dir='ltr' id='par_1_22' title="bbox 1643 2715 2940 3406">
     <span class='ocr_line' id='line_1_88' title="bbox 1695 2715 2937 2773; baseline -0.006 -11"><span class='ocrx_word' id='word_1_623' title='bbox 1695 2725 1796 2764; x_wconf 85' lang='lat' dir='ltr'>Nam</span> <span class='ocrx_word' id='word_1_624' title='bbox 1812 2722 2036 2773; x_wconf 83' lang='lat' dir='ltr'>respublica</span> <span class='ocrx_word' id='word_1_625' title='bbox 2051 2721 2248 2762; x_wconf 85' lang='lat' dir='ltr'>fluctuans</span> <span class='ocrx_word' id='word_1_626' title='bbox 2266 2730 2314 2759; x_wconf 87' lang='lat' dir='ltr'>ac</span> <span class='ocrx_word' id='word_1_627' title='bbox 2329 2729 2438 2758; x_wconf 91' lang='lat' dir='ltr'>nunc</span> <span class='ocrx_word' id='word_1_628' title='bbox 2453 2716 2560 2769; x_wconf 88' lang='lat' dir='ltr'>apud</span> <span class='ocrx_word' id='word_1_629' title='bbox 2573 2726 2681 2767; x_wconf 62' lang='lat' dir='ltr'>reges</span> <span class='ocrx_word' id='word_1_630' title='bbox 2695 2715 2747 2757; x_wconf 89' lang='lat' dir='ltr'>ad</span> <span class='ocrx_word' id='word_1_631' title='bbox 2759 2715 2937 2767; x_wconf 54' lang='lat' dir='ltr'>tyranniz</span> 
     </span>
     <span class='ocr_line' id='line_1_89' title="bbox 1643 2780 2937 2836; baseline -0.005 -10"><span class='ocrx_word' id='word_1_632' title='bbox 1643 2786 1735 2825; x_wconf 90' lang='lat' dir='ltr'>dem</span> <span class='ocrx_word' id='word_1_633' title='bbox 1747 2816 1758 2836; x_wconf 93' lang='lat'>‚</span> <span class='ocrx_word' id='word_1_634' title='bbox 1774 2797 1883 2826; x_wconf 81' lang='lat' dir='ltr'>nunc</span> <span class='ocrx_word' id='word_1_635' title='bbox 1904 2786 2010 2836; x_wconf 91' lang='lat' dir='ltr'>apud</span> <span class='ocrx_word' id='word_1_636' title='bbox 2028 2784 2326 2825; x_wconf 86' lang='lat' dir='ltr'>multitudinem</span> <span class='ocrx_word' id='word_1_637' title='bbox 2340 2782 2392 2821; x_wconf 84' lang='lat' dir='ltr'>ad</span> <span class='ocrx_word' id='word_1_638' title='bbox 2405 2782 2597 2832; x_wconf 87' lang='lat' dir='ltr'>populare</span> <span class='ocrx_word' id='word_1_639' title='bbox 2618 2780 2830 2831; x_wconf 86' lang='lat' dir='ltr'>imperium</span> <span class='ocrx_word' id='word_1_640' title='bbox 2846 2790 2937 2820; x_wconf 80' lang='lat' dir='ltr'>ver-</span> 
     </span>
     <span class='ocr_line' id='line_1_90' title="bbox 1644 2845 2938 2905; baseline -0.005 -16"><span class='ocrx_word' id='word_1_641' title='bbox 1644 2861 1763 2905; x_wconf 85' lang='lat' dir='ltr'>gens,</span> <span class='ocrx_word' id='word_1_642' title='bbox 1797 2851 1938 2890; x_wconf 87' lang='lat' dir='ltr'>senatu</span> <span class='ocrx_word' id='word_1_643' title='bbox 1968 2849 2083 2899; x_wconf 87' lang='lat' dir='ltr'>quasi</span> <span class='ocrx_word' id='word_1_644' title='bbox 2112 2848 2279 2888; x_wconf 85' lang='lat' dir='ltr'>saburra</span> <span class='ocrx_word' id='word_1_645' title='bbox 2311 2845 2519 2895; x_wconf 88' lang='lat' dir='ltr'>interjecto</span> <span class='ocrx_word' id='word_1_646' title='bbox 2530 2874 2543 2894; x_wconf 92' lang='lat'>,</span> <span class='ocrx_word' id='word_1_647' title='bbox 2577 2855 2696 2894; x_wconf 80' lang='lat' dir='ltr'>aequo</span> <span class='ocrx_word' id='word_1_648' title='bbox 2733 2845 2938 2884; x_wconf 85' lang='lat' dir='ltr'>momento</span> 
     </span>
     <span class='ocr_line' id='line_1_91' title="bbox 1645 2909 2939 2966; baseline -0.004 -12"><span class='ocrx_word' id='word_1_649' title='bbox 1645 2917 1832 2966; x_wconf 88' lang='lat' dir='ltr'>utrinque</span> <span class='ocrx_word' id='word_1_650' title='bbox 1850 2915 1975 2954; x_wconf 87' lang='lat' dir='ltr'>divisa</span> <span class='ocrx_word' id='word_1_651' title='bbox 1992 2914 2230 2954; x_wconf 88' lang='lat' dir='ltr'>tutissimam</span> <span class='ocrx_word' id='word_1_652' title='bbox 2245 2912 2388 2962; x_wconf 80' lang='lat' dir='ltr'>adepta</span> <span class='ocrx_word' id='word_1_653' title='bbox 2402 2912 2461 2951; x_wconf 87' lang='lat' dir='ltr'>est</span> <span class='ocrx_word' id='word_1_654' title='bbox 2477 2910 2765 2950; x_wconf 80' lang='lat' dir='ltr'>ordinationem</span> <span class='ocrx_word' id='word_1_655' title='bbox 2784 2925 2796 2950; x_wconf 70' lang='grc' dir='ltr'>ε</span> <span class='ocrx_word' id='word_1_656' title='bbox 2812 2909 2939 2961; x_wconf 83' lang='lat' dir='ltr'>quum</span> 
     </span>
     <span class='ocr_line' id='line_1_92' title="bbox 1645 2975 2940 3031; baseline -0.003 -11"><span class='ocrx_word' id='word_1_657' title='bbox 1645 2981 1737 3020; x_wconf 89' lang='lat' dir='ltr'>octo</span> <span class='ocrx_word' id='word_1_658' title='bbox 1763 2982 1804 3020; x_wconf 90' lang='lat' dir='ltr'>et</span> <span class='ocrx_word' id='word_1_659' title='bbox 1826 2980 1965 3031; x_wconf 80' lang='lat' dir='ltr'>viginti</span> <span class='ocrx_word' id='word_1_660' title='bbox 1986 2990 2100 3020; x_wconf 87' lang='lat' dir='ltr'>senes</span> <span class='ocrx_word' id='word_1_661' title='bbox 2118 2989 2272 3029; x_wconf 84' lang='lat' dir='ltr'>semper</span> <span class='ocrx_word' id='word_1_662' title='bbox 2291 2977 2332 3016; x_wconf 91' lang='lat' dir='ltr'>in</span> <span class='ocrx_word' id='word_1_663' title='bbox 2350 2987 2398 3016; x_wconf 88' lang='lat' dir='ltr'>eo</span> <span class='ocrx_word' id='word_1_664' title='bbox 2424 2975 2581 3026; x_wconf 85' lang='lat' dir='ltr'>regibus</span> <span class='ocrx_word' id='word_1_665' title='bbox 2595 2975 2746 3015; x_wconf 83' lang='lat' dir='ltr'>auxilio</span> <span class='ocrx_word' id='word_1_666' title='bbox 2763 2975 2868 3023; x_wconf 85' lang='lat' dir='ltr'>sint,</span> <span class='ocrx_word' id='word_1_667' title='bbox 2887 2985 2940 3016; x_wconf 86' lang='lat' dir='ltr'>ne</span> 
     </span>
     <span class='ocr_line' id='line_1_93' title="bbox 1645 3038 2939 3099; baseline -0.005 -14"><span class='ocrx_word' id='word_1_668' title='bbox 1645 3045 1696 3084; x_wconf 87' lang='lat' dir='ltr'>ad</span> <span class='ocrx_word' id='word_1_669' title='bbox 1714 3046 1908 3096; x_wconf 90' lang='lat' dir='ltr'>populum</span> <span class='ocrx_word' id='word_1_670' title='bbox 1926 3038 2082 3085; x_wconf 86' lang='lat' dir='ltr'>summa</span> <span class='ocrx_word' id='word_1_671' title='bbox 2107 3055 2240 3099; x_wconf 86' lang='lat' dir='ltr'>rerum</span> <span class='ocrx_word' id='word_1_672' title='bbox 2259 3042 2480 3091; x_wconf 78' lang='lat' dir='ltr'>deteratur3</span> <span class='ocrx_word' id='word_1_673' title='bbox 2498 3050 2716 3091; x_wconf 88' lang='lat' dir='ltr'>rursusque</span> <span class='ocrx_word' id='word_1_674' title='bbox 2745 3041 2939 3091; x_wconf 87' lang='lat' dir='ltr'>populum</span> 
     </span>
     <span class='ocr_line' id='line_1_94' title="bbox 1646 3104 2940 3158; baseline -0.005 -9"><span class='ocrx_word' id='word_1_675' title='bbox 1646 3109 1927 3158; x_wconf 85' lang='lat' dir='ltr'>corroborent,</span> <span class='ocrx_word' id='word_1_676' title='bbox 1942 3119 1993 3148; x_wconf 90' lang='lat' dir='ltr'>ne</span> <span class='ocrx_word' id='word_1_677' title='bbox 2009 3107 2060 3148; x_wconf 86' lang='lat' dir='ltr'>ad</span> <span class='ocrx_word' id='word_1_678' title='bbox 2075 3106 2325 3158; x_wconf 87' lang='lat' dir='ltr'>tyrannidem</span> <span class='ocrx_word' id='word_1_679' title='bbox 2342 3116 2406 3146; x_wconf 89' lang='lat' dir='ltr'>res</span> <span class='ocrx_word' id='word_1_680' title='bbox 2421 3104 2618 3144; x_wconf 85' lang='lat' dir='ltr'>deveniat.</span> <span class='ocrx_word' id='word_1_681' title='bbox 2631 3104 2795 3144; x_wconf 86' lang='lat' dir='ltr'>Numeri</span> <span class='ocrx_word' id='word_1_682' title='bbox 2804 3105 2940 3144; x_wconf 84' lang='lat' dir='ltr'>autem</span> 
     </span>
     <span class='ocr_line' id='line_1_95' title="bbox 1645 3167 2940 3219; baseline -0.003 -7"><span class='ocrx_word' id='word_1_683' title='bbox 1645 3183 1735 3212; x_wconf 88' lang='lat' dir='ltr'>eam</span> <span class='ocrx_word' id='word_1_684' title='bbox 1754 3173 1948 3212; x_wconf 88' lang='lat' dir='ltr'>rationem</span> <span class='ocrx_word' id='word_1_685' title='bbox 1967 3171 2197 3211; x_wconf 86' lang='lat' dir='ltr'>Aristoteles</span> <span class='ocrx_word' id='word_1_686' title='bbox 2211 3170 2354 3219; x_wconf 80' lang='lat' dir='ltr'>affert,</span> <span class='ocrx_word' id='word_1_687' title='bbox 2378 3167 2487 3219; x_wconf 82' lang='lat' dir='ltr'>quod</span> <span class='ocrx_word' id='word_1_688' title='bbox 2501 3178 2628 3218; x_wconf 89' lang='lat' dir='ltr'>quum</span> <span class='ocrx_word' id='word_1_689' title='bbox 2647 3170 2853 3219; x_wconf 80' lang='lat' dir='ltr'>Lycurgus</span> <span class='ocrx_word' id='word_1_690' title='bbox 2864 3167 2940 3209; x_wconf 81' lang='lat' dir='ltr'>tri-</span> 
     </span>
     <span class='ocr_line' id='line_1_96' title="bbox 1646 3227 2939 3287; baseline -0.002 -12"><span class='ocrx_word' id='word_1_691' title='bbox 1646 3237 1754 3287; x_wconf 81' lang='lat' dir='ltr'>ginta</span> <span class='ocrx_word' id='word_1_692' title='bbox 1769 3235 2017 3284; x_wconf 86' lang='lat' dir='ltr'>instituisset,</span> <span class='ocrx_word' id='word_1_693' title='bbox 2034 3234 2115 3273; x_wconf 92' lang='lat' dir='ltr'>duo</span> <span class='ocrx_word' id='word_1_694' title='bbox 2128 3245 2177 3274; x_wconf 88' lang='lat' dir='ltr'>ex</span> <span class='ocrx_word' id='word_1_695' title='bbox 2193 3234 2255 3273; x_wconf 78' lang='lat' dir='ltr'>liis</span> <span class='ocrx_word' id='word_1_696' title='bbox 2268 3243 2352 3283; x_wconf 87' lang='lat' dir='ltr'>prae</span> <span class='ocrx_word' id='word_1_697' title='bbox 2363 3233 2470 3271; x_wconf 88' lang='lat' dir='ltr'>metu</span> <span class='ocrx_word' id='word_1_698' title='bbox 2485 3231 2664 3271; x_wconf 82' lang='lat' dir='ltr'>ordinem</span> <span class='ocrx_word' id='word_1_699' title='bbox 2680 3227 2939 3272; x_wconf 81' lang='lat' dir='ltr'>deseruerint.</span> 
     </span>
     <span class='ocr_line' id='line_1_97' title="bbox 1648 3294 2925 3355; baseline -0.005 -15"><span class='ocrx_word' id='word_1_700' title='bbox 1648 3301 1700 3340; x_wconf 86' lang='lat' dir='ltr'>At</span> <span class='ocrx_word' id='word_1_701' title='bbox 1732 3300 1920 3350; x_wconf 82' lang='lat' dir='ltr'>Spbaerus</span> <span class='ocrx_word' id='word_1_702' title='bbox 1946 3298 2058 3338; x_wconf 90' lang='lat' dir='ltr'>initio</span> <span class='ocrx_word' id='word_1_703' title='bbox 2069 3299 2225 3355; x_wconf 84' lang='lat' dir='ltr'>tantum</span> <span class='ocrx_word' id='word_1_704' title='bbox 2241 3298 2333 3337; x_wconf 90' lang='lat' dir='ltr'>octo</span> <span class='ocrx_word' id='word_1_705' title='bbox 2349 3298 2389 3337; x_wconf 85' lang='lat' dir='ltr'>et</span> <span class='ocrx_word' id='word_1_706' title='bbox 2403 3295 2543 3347; x_wconf 86' lang='lat' dir='ltr'>viginti</span> <span class='ocrx_word' id='word_1_707' title='bbox 2561 3294 2754 3344; x_wconf 77' lang='lat' dir='ltr'>fuisseait</span> <span class='ocrx_word' id='word_1_708' title='bbox 2770 3294 2843 3346; x_wconf 86' lang='lat' dir='ltr'>qui</span> <span class='ocrx_word' id='word_1_709' title='bbox 2854 3305 2925 3336; x_wconf 82' lang='lat' dir='ltr'>sen</span> 
     </span>
     <span class='ocr_line' id='line_1_98' title="bbox 1646 3364 2030 3406; baseline -0.008 0"><span class='ocrx_word' id='word_1_710' title='bbox 1646 3365 1815 3406; x_wconf 88' lang='lat' dir='ltr'>tentiam</span> <span class='ocrx_word' id='word_1_711' title='bbox 1836 3364 2030 3404; x_wconf 85' lang='lat' dir='ltr'>dicerent.</span> 
     </span>
    </p>

    <p class='ocr_par' dir='ltr' id='par_1_23' title="bbox 2136 3431 2337 3471">
     <span class='ocr_line' id='line_1_99' title="bbox 2136 3431 2337 3471; baseline -0.005 0"><span class='ocrx_word' id='word_1_712' title='bbox 2136 3452 2139 3454; x_wconf 91' lang='lat'><em>-</em></span> <span class='ocrx_word' id='word_1_713' title='bbox 2263 3431 2337 3471; x_wconf 80' lang='lat'>79.</span> 
     </span>
    </p>

    <p class='ocr_par' dir='ltr' id='par_1_24' title="bbox 1649 3491 2937 4000">
     <span class='ocr_line' id='line_1_100' title="bbox 1703 3491 2935 3545; baseline -0.004 -5"><span class='ocrx_word' id='word_1_714' title='bbox 1703 3516 1723 3535; x_wconf 76' lang='grc' dir='ltr'>ιι</span> <span class='ocrx_word' id='word_1_715' title='bbox 1744 3502 1769 3540; x_wconf 84' lang='lat' dir='ltr'><strong>J</strong></span> <span class='ocrx_word' id='word_1_716' title='bbox 1771 3500 1856 3540; x_wconf 90' lang='lat' dir='ltr'>ovis</span> <span class='ocrx_word' id='word_1_717' title='bbox 1875 3499 2046 3542; x_wconf 82' lang='lat' dir='ltr'>Hellanii</span> <span class='ocrx_word' id='word_1_718' title='bbox 2061 3499 2102 3539; x_wconf 89' lang='lat' dir='ltr'>et</span> <span class='ocrx_word' id='word_1_719' title='bbox 2118 3497 2308 3538; x_wconf 77' lang='lat' dir='ltr'>Minervae</span> <span class='ocrx_word' id='word_1_720' title='bbox 2329 3494 2519 3536; x_wconf 83' lang='lat' dir='ltr'>Hellanioe</span> <span class='ocrx_word' id='word_1_721' title='bbox 2529 3493 2727 3545; x_wconf 82' lang='lat' dir='ltr'>templum</span> <span class='ocrx_word' id='word_1_722' title='bbox 2740 3491 2910 3535; x_wconf 72' lang='lat' dir='ltr'>aedificet</span> <span class='ocrx_word' id='word_1_723' title='bbox 2931 3500 2935 3504; x_wconf 60' lang='lat'><strong>⁴</strong></span> 
     </span>
     <span class='ocr_line' id='line_1_101' title="bbox 1653 3559 2937 3617; baseline -0.006 -11"><span class='ocrx_word' id='word_1_724' title='bbox 1653 3566 1845 3617; x_wconf 89' lang='lat' dir='ltr'>populum</span> <span class='ocrx_word' id='word_1_725' title='bbox 1867 3564 1910 3604; x_wconf 89' lang='lat' dir='ltr'>in</span> <span class='ocrx_word' id='word_1_726' title='bbox 1931 3564 2074 3616; x_wconf 87' lang='lat' dir='ltr'>phylas</span> <span class='ocrx_word' id='word_1_727' title='bbox 2088 3564 2129 3603; x_wconf 92' lang='lat' dir='ltr'>et</span> <span class='ocrx_word' id='word_1_728' title='bbox 2143 3562 2240 3602; x_wconf 86' lang='lat' dir='ltr'>obas</span> <span class='ocrx_word' id='word_1_729' title='bbox 2264 3561 2440 3610; x_wconf 82' lang='lat' dir='ltr'>dividat,</span> <span class='ocrx_word' id='word_1_730' title='bbox 2455 3559 2616 3610; x_wconf 77' lang='lat' dir='ltr'>triginta</span> <span class='ocrx_word' id='word_1_731' title='bbox 2633 3559 2835 3600; x_wconf 77' lang='lat' dir='ltr'>senatores</span> <span class='ocrx_word' id='word_1_732' title='bbox 2848 3569 2897 3599; x_wconf 89' lang='lat' dir='ltr'>cu</span> <span class='ocrx_word' id='word_1_733' title='bbox 2928 3559 2937 3604; x_wconf 74' lang='lat' dir='ltr'>j·</span> 
     </span>
     <span class='ocr_line' id='line_1_102' title="bbox 1649 3621 2915 3679; baseline -0.006 -10"><span class='ocrx_word' id='word_1_734' title='bbox 1649 3626 1867 3679; x_wconf 84' lang='lat' dir='ltr'>archagetis</span> <span class='ocrx_word' id='word_1_735' title='bbox 1881 3627 2095 3668; x_wconf 85' lang='lat' dir='ltr'>constituat</span> <span class='ocrx_word' id='word_1_736' title='bbox 2109 3642 2119 3667; x_wconf 78' lang='grc' dir='ltr'>ι</span> <span class='ocrx_word' id='word_1_737' title='bbox 2137 3624 2304 3666; x_wconf 82' lang='lat' dir='ltr'>subinde</span> <span class='ocrx_word' id='word_1_738' title='bbox 2318 3624 2422 3664; x_wconf 84' lang='lat' dir='ltr'>inter</span> <span class='ocrx_word' id='word_1_739' title='bbox 2435 3622 2634 3674; x_wconf 82' lang='lat' dir='ltr'>Babycem</span> <span class='ocrx_word' id='word_1_740' title='bbox 2648 3623 2689 3663; x_wconf 86' lang='lat' dir='ltr'>et</span> <span class='ocrx_word' id='word_1_741' title='bbox 2699 3621 2876 3664; x_wconf 82' lang='lat' dir='ltr'>cnacion</span> <span class='ocrx_word' id='word_1_742' title='bbox 2885 3639 2915 3658; x_wconf 61' lang='lat' dir='ltr'>m</span> 
     </span>
     <span class='ocr_line' id='line_1_103' title="bbox 1651 3687 2936 3743; baseline -0.005 -8"><span class='ocrx_word' id='word_1_743' title='bbox 1651 3694 1883 3734; x_wconf 88' lang='lat' dir='ltr'>concionem</span> <span class='ocrx_word' id='word_1_744' title='bbox 1906 3692 2042 3743; x_wconf 89' lang='lat' dir='ltr'>populi</span> <span class='ocrx_word' id='word_1_745' title='bbox 2075 3691 2290 3739; x_wconf 84' lang='lat' dir='ltr'>convocet,</span> <span class='ocrx_word' id='word_1_746' title='bbox 2312 3688 2447 3739; x_wconf 83' lang='lat' dir='ltr'>itaque</span> <span class='ocrx_word' id='word_1_747' title='bbox 2468 3687 2519 3728; x_wconf 86' lang='lat' dir='ltr'>de</span> <span class='ocrx_word' id='word_1_748' title='bbox 2548 3687 2668 3727; x_wconf 86' lang='lat' dir='ltr'>rebus</span> <span class='ocrx_word' id='word_1_749' title='bbox 2698 3687 2843 3728; x_wconf 75' lang='lat' dir='ltr'>reserat</span> <span class='ocrx_word' id='word_1_750' title='bbox 2864 3698 2890 3729; x_wconf 73' lang='lat' dir='ltr'>a</span> <span class='ocrx_word' id='word_1_751' title='bbox 2917 3694 2936 3721; x_wconf 61' lang='lat' dir='ltr'>f</span> 
     </span>
     <span class='ocr_line' id='line_1_104' title="bbox 1651 3749 2900 3808; baseline -0.004 -10"><span class='ocrx_word' id='word_1_752' title='bbox 1651 3758 1852 3808; x_wconf 78' lang='lat' dir='ltr'>antiquet3</span> <span class='ocrx_word' id='word_1_753' title='bbox 1869 3756 2016 3808; x_wconf 88' lang='lat' dir='ltr'>populo</span> <span class='ocrx_word' id='word_1_754' title='bbox 2031 3756 2166 3795; x_wconf 84' lang='lat' dir='ltr'>autem</span> <span class='ocrx_word' id='word_1_755' title='bbox 2180 3752 2314 3803; x_wconf 85' lang='lat' dir='ltr'>jussus</span> <span class='ocrx_word' id='word_1_756' title='bbox 2325 3752 2402 3793; x_wconf 89' lang='lat' dir='ltr'>erit</span> <span class='ocrx_word' id='word_1_757' title='bbox 2420 3752 2460 3791; x_wconf 90' lang='lat' dir='ltr'>et</span> <span class='ocrx_word' id='word_1_758' title='bbox 2474 3749 2703 3791; x_wconf 82' lang='lat' dir='ltr'>auctoritas.</span> <span class='ocrx_word' id='word_1_759' title='bbox 2727 3765 2748 3786; x_wconf 66' lang='grc' dir='ltr'>ιι</span> <span class='ocrx_word' id='word_1_760' title='bbox 2769 3750 2841 3791; x_wconf 80' lang='lat' dir='ltr'>His</span> <span class='ocrx_word' id='word_1_761' title='bbox 2853 3761 2900 3793; x_wconf 81' lang='lat' dir='ltr'>or</span> 
     </span>
     <span class='ocr_line' id='line_1_105' title="bbox 1652 3814 2921 3872; baseline -0.006 -10"><span class='ocrx_word' id='word_1_762' title='bbox 1652 3822 1733 3862; x_wconf 84' lang='lat' dir='ltr'>culi</span> <span class='ocrx_word' id='word_1_763' title='bbox 1765 3821 1897 3862; x_wconf 82' lang='lat' dir='ltr'>verbis</span> <span class='ocrx_word' id='word_1_764' title='bbox 1917 3821 2034 3872; x_wconf 88' lang='grc' dir='ltr'>φυλὰς</span> <span class='ocrx_word' id='word_1_765' title='bbox 2058 3819 2216 3871; x_wconf 80' lang='grc' dir='ltr'>φυλάξαι</span> <span class='ocrx_word' id='word_1_766' title='bbox 2246 3819 2287 3858; x_wconf 86' lang='lat' dir='ltr'>et</span> <span class='ocrx_word' id='word_1_767' title='bbox 2312 3817 2417 3863; x_wconf 81' lang='grc' dir='ltr'>ὠὸὰς</span> <span class='ocrx_word' id='word_1_768' title='bbox 2439 3815 2584 3862; x_wconf 71' lang='grc' dir='ltr'>ὠὸάξαι</span> <span class='ocrx_word' id='word_1_769' title='bbox 2600 3856 2605 3861; x_wconf 80' lang='grc'>,</span> <span class='ocrx_word' id='word_1_770' title='bbox 2621 3814 2818 3866; x_wconf 77' lang='lat' dir='ltr'>significat</span> <span class='ocrx_word' id='word_1_771' title='bbox 2843 3815 2887 3856; x_wconf 84' lang='lat' dir='ltr'>di</span> <span class='ocrx_word' id='word_1_772' title='bbox 2913 3819 2921 3866; x_wconf 63' lang='lat' dir='ltr'>j</span> 
     </span>
     <span class='ocr_line' id='line_1_106' title="bbox 1655 3878 2914 3933; baseline -0.005 -7"><span class='ocrx_word' id='word_1_773' title='bbox 1655 3886 1749 3926; x_wconf 89' lang='lat' dir='ltr'>dere</span> <span class='ocrx_word' id='word_1_774' title='bbox 1772 3886 1813 3926; x_wconf 89' lang='lat' dir='ltr'>et</span> <span class='ocrx_word' id='word_1_775' title='bbox 1827 3884 2063 3925; x_wconf 83' lang='lat' dir='ltr'>distribuere</span> <span class='ocrx_word' id='word_1_776' title='bbox 2097 3881 2292 3933; x_wconf 86' lang='lat' dir='ltr'>populum</span> <span class='ocrx_word' id='word_1_777' title='bbox 2327 3880 2370 3920; x_wconf 88' lang='lat' dir='ltr'>in</span> <span class='ocrx_word' id='word_1_778' title='bbox 2406 3881 2560 3930; x_wconf 79' lang='lat' dir='ltr'>partes,</span> <span class='ocrx_word' id='word_1_779' title='bbox 2591 3888 2760 3929; x_wconf 83' lang='lat' dir='ltr'>quarum</span> <span class='ocrx_word' id='word_1_780' title='bbox 2799 3878 2880 3921; x_wconf 63' lang='lat' dir='ltr'>⁸1oe</span> <span class='ocrx_word' id='word_1_781' title='bbox 2908 3879 2914 3885; x_wconf 74' lang='grc'><em>”</em></span> 
     </span>
     <span class='ocr_line' id='line_1_107' title="bbox 1652 3941 2910 4000; baseline -0.007 -10"><span class='ocrx_word' id='word_1_782' title='bbox 1652 3950 1768 4000; x_wconf 83' lang='grc' dir='ltr'>φυλὰς</span> <span class='ocrx_word' id='word_1_783' title='bbox 1780 3979 1791 3996; x_wconf 88' lang='grc'>,</span> <span class='ocrx_word' id='word_1_784' title='bbox 1815 3949 1964 3989; x_wconf 86' lang='lat' dir='ltr'>alteras</span> <span class='ocrx_word' id='word_1_785' title='bbox 1995 3946 2100 3992; x_wconf 80' lang='grc' dir='ltr'>ὠὸἁς</span> <span class='ocrx_word' id='word_1_786' title='bbox 2131 3943 2332 3996; x_wconf 83' lang='lat' dir='ltr'>appellant</span> <span class='ocrx_word' id='word_1_787' title='bbox 2358 3958 2370 3983; x_wconf 70' lang='grc' dir='ltr'>ι</span> <span class='ocrx_word' id='word_1_788' title='bbox 2405 3953 2514 3993; x_wconf 87' lang='lat' dir='ltr'>reges</span> <span class='ocrx_word' id='word_1_789' title='bbox 2543 3943 2679 3982; x_wconf 85' lang='lat' dir='ltr'>autem</span> <span class='ocrx_word' id='word_1_790' title='bbox 2713 3941 2910 3992; x_wconf 70' lang='lat' dir='ltr'>Archag</span> 
     </span>
    </p>
   </div>
  </div>
 </body>
</html>
