3016 4628
126 502 404 573 [;U'·‘zcepsent
429 511 717 556 Wellauerus
734 509 795 554 ad
817 511 961 555 schol.
986 511 1141 570 Apoll.
1176 520 1222 555 et
1241 512 1372 554 Bun-

114 585 207 646 ζῶ
226 618 232 624 .
260 585 291 629 l.
313 584 347 632 l.
369 583 660 629 Wellauerus
671 582 970 627 scribendum
990 583 1216 642 proponit
1236 596 1247 628 :
1266 580 1371 644 φησὶ

126 652 470 738 ι,·;Ἁι)ιι)ἰία·ρχος’
451 670 495 698 εν
511 650 693 717 δευτέρῳ
715 653 974 710 Ἑλληνικοῦ
1006 652 1098 717 βίου
1126 652 1198 699 καὶ
1230 657 1369 702 τοῦτο.

152 728 284 778 {mle
301 728 365 772 sic
391 726 540 770 oratio
559 725 792 784 procedit.
816 727 1070 770 Bunsenius
1098 726 1290 769 scribit:
1318 727 1368 772 Δ

112 783 329 863 Μρῳ
362 795 572 849 Ἑλλάδος
595 794 669 842 καὶ
687 796 911 843 πολιτικοῦ
939 796 1030 860 βίου
1053 797 1112 844 Σε
1095 814 1242 859 ςσογχ.
1271 798 1366 843 κτλ.

128 905 179 929 ,-.
180 879 182 881 ’
184 870 409 933 egregia
427 878 492 914 est
514 868 795 913 emendatio.
822 870 848 913 J
851 884 925 913 am
946 871 1069 913 enim
1091 884 1244 913 sensus
1259 869 1369 913 fun-

255 942 472 1002 optimus.
500 942 625 986 Dicit
649 941 888 985 scholiasta
916 957 926 984 z

111 1017 190 1078 ζ’
205 1029 234 1060 ο
254 1014 380 1059 bello
426 1013 665 1069 inclaruit,
703 1012 784 1057 sed
807 1014 952 1057 civilis
971 1015 1109 1057 etiam
1128 1015 1258 1069 vitae,
1286 1014 1368 1058 Di-

118 1084 123 1092 ’
177 1080 293 1131 'cho‘
309 1092 436 1140 teste,
455 1099 615 1128 curam.
631 1084 838 1144 gerebat.
864 1091 884 1124 ὐ
904 1085 1026 1128 Dein
1048 1086 1144 1144 ipsa
1164 1085 1370 1128 instituta

118 1142 132 1154 Ἴ
171 1156 366 1203 &civilia
382 1165 819 1200 commemorantur.
837 1180 897 1189 -
923 1155 1136 1199 Ceterum
1153 1154 1369 1198 offende-

117 1185 292 1312 §istud
322 1223 532 1278 Ἑλλάδος
548 1242 638 1286 pro
669 1223 762 1301 βίου
783 1223 1021 1282 Ἑλλάδος,
1055 1228 1137 1271 etsi
1159 1227 1280 1270 tituli
1308 1227 1367 1268 li-

246 1320 269 1339 ο
307 1299 483 1359 passim
518 1306 830 1353 truncantur3
855 1312 1017 1341 verum
1053 1313 1198 1356 quum
1234 1296 1368 1341 simul

150 1418 153 1421 ,
191 1393 213 1410 ιι
254 1370 373 1416 illud
406 1371 449 1416 ἐν
473 1366 654 1432 δευτέρῳ
683 1370 741 1413 sit
775 1369 1047 1424 offensioni,
1076 1370 1262 1427 utrique
1296 1369 1367 1410 in-

114 1370 336 1501 amodo
355 1442 546 1487 medear
569 1441 816 1486 scribendo
842 1441 883 1485 ἐν
911 1438 990 1503 βίῳ
1015 1438 1239 1491 Ἑλλάδος.
1264 1438 1369 1483 Mu-

106 1521 130 1582 ζ
148 1515 199 1560 ὀ
220 1513 409 1559 minime
431 1515 636 1558 violenta
657 1522 746 1568 est,
769 1528 914 1571 quum
932 1511 1012 1575 βίῲ
1043 1514 1091 1555 in
1115 1513 1244 1556 libris
1266 1527 1366 1556 ma-

104 1584 163 1638 Q:
196 1587 326 1647 riptis
341 1587 553 1632 facillime
577 1601 682 1628 cum
706 1586 889 1628 numeri
905 1586 1018 1644 siglo
1037 1584 1367 1643 confundipo-

80 1658 154 1718 ’ζ
190 1657 257 1704 't.’
285 1661 341 1704 In
381 1659 542 1704 codice
580 1659 788 1702 Parisino
822 1659 919 1702 haec
956 1658 1097 1703 verba
1124 1672 1368 1717 perperam

36 1726 41 1733 Α
88 1727 99 1737 ”
132 1732 150 1742 “
184 1722 496 1777 -6sita'sunt.
527 1732 582 1774 ln
603 1731 990 1790 scholiisvulgatis
1013 1730 1225 1774 ordinem
1264 1745 1370 1773 sen-

31 1856 33 1859 ⁴
85 1820 152 1866 1³²·
187 1804 333 1850 ‘arum
365 1804 620 1848 Bunsenius
660 1802 859 1846 restituit
877 1802 1021 1846 verba
1063 1799 1170 1863 Περὶ
1199 1798 1243 1845 δὲ
1283 1802 1367 1845 τῶν

27 1881 30 1909 2
188 1892 247 1921 ων
270 1873 424 1920 'Anum
449 1871 698 1929 ἐπενήνοθεν
727 1870 831 1918 αἰὼν
864 1883 1168 1932 transponens
1195 1882 1241 1917 et
1262 1883 1370 1932 post

28 1952 29 1956 ’
79 1953 138 2011 j¹
163 1946 225 1992 ba
238 1943 309 1992 τὸν
332 1943 484 2009 χρόνον
513 1942 647 1990 αἴτιον
667 1946 920 2005 γεγενῆσθαι
949 1945 1196 1990 collocans.
1220 1945 1369 2000 Quam

125 2020 436 2064 ornationem
458 2033 543 2063 nos
565 2019 615 2061 in
638 2018 850 2061 versione
871 2017 1193 2075 expressimus.
1228 2015 1369 2073 Quod

87 2088 114 2144 *J*
136 2106 173 2129 ἰι
205 2084 385 2147 attinet,
408 2090 592 2134 dubites
602 2104 708 2134 sane
729 2105 841 2132 num
858 2090 954 2148 ipse
973 2087 1267 2132 Dicaearchus
1286 2088 1370 2131 Se·-

168 2162 354 2217 chosin,
374 2163 579 2221 primum
600 2175 758 2221 regem
787 2162 1034 2205 mortalem
1054 2175 1106 2204 ac
1137 2160 1370 2219 legislato-

99 2230 155 2272 ⁸·
197 2267 210 2290 ,
228 2233 428 2278 eundem
445 2234 662 2277 habuerit
684 2248 791 2276 cum
815 2233 1120 2276 celeberrimo
1143 2232 1231 2275 isto
1270 2232 1367 2274 bel-

101 2298 255 2362 ⁵tore,
299 2321 440 2364 quem
469 2306 610 2365 vulgo
635 2320 733 2348 non
758 2305 823 2348 ita
841 2305 1041 2348 multum
1075 2312 1180 2347 ante
1203 2305 1367 2348 Troica

90 2379 92 2383 ’
161 2379 243 2422 isse
265 2377 412 2423 Graeci
437 2377 720 2430 statuebant,
763 2373 984 2420 Manetho
1007 2391 1119 2419 vero
1146 2375 1362 2433 dynastiae

150 2449 372 2494 odecimae
387 2448 655 2492 vindicavit.
676 2448 790 2492 Mihi
811 2448 1000 2506 quidem
1023 2447 1187 2491 scholii
1205 2456 1368 2491 auctor

129 2522 324 2567 minum
357 2520 658 2565 similitudine
693 2519 908 2564 seductus
948 2518 1178 2562 miscuisse
1219 2519 1369 2563 aliena

165 2602 286 2638 etur.
330 2593 587 2637 Bunsenius
623 2607 812 2651 quoque
832 2589 888 2650 (l.
920 2592 953 2634 l.
975 2592 1052 2646 II,
1076 2605 1125 2649 p.
1162 2587 1256 2650 87)
1279 2606 1365 2634 no-

109 2658 122 2665 ’
154 2677 158 2680 ’
179 2681 228 2710 m
251 2656 409 2725 regem
430 2680 454 2708 a
473 2665 700 2708 bellatore
724 2663 944 2722 dynastiae
958 2664 1052 2707 XII
1074 2663 1148 2705 vel
1166 2663 1288 2706 XIX·
1305 2663 1370 2706 di·

103 2729 159 2778 ¹⁸..
181 2784 193 2794 ζ
237 2739 294 2794 ‘t‚
329 2738 652 2797 aptissimeque
684 2736 927 2794 componit
971 2750 1077 2778 cum
1115 2735 1364 2791 Sesortosi,

228 2809 558 2856 Manethonem
596 2808 814 2867 dynastiae
835 2807 978 2850 tertiae
1003 2821 1112 2865 rege
1137 2805 1364 2863 secundo,

35 2900 46 2942 ᾗ
94 2870 235 2943 sque
250 2870 580 2942 AEgyptiorum
598 2880 812 2924 institutis
827 2879 1131 2923 meritissimo.
1155 2878 1368 2922 Ceterum

31 2977 40 2989 ··
251 2950 611 2998 Manethoniana
638 2953 846 3011 dynastia
872 2952 1007 2995 tertia
1030 2952 1087 2994 sit
1114 2955 1273 3010 prima
1293 2968 1365 2995 re-

145 3076 150 3085 ζ
227 3025 612 3086 Memphit'drum‚
663 3025 957 3070 Sesonchosis
976 3023 1231 3067 Dicaearchi
1255 3013 1367 3068 vero

127 3090 235 3156 'ss’m
265 3107 372 3159 post
392 3100 575 3143 Horum
609 3097 749 3141 deum
784 3110 995 3156 regnasse
1017 3093 1201 3138 dicatur
1227 3110 1238 3137 :
1260 3095 1369 3140 hinc

123 3171 180 3230 sfgr
195 3170 302 3217 dem
317 3171 488 3230 colligo
509 3169 829 3214 Dicaearchum
849 3166 1117 3226 expressisse
1152 3165 1369 3210 traditio—

120 3240 178 3302 ‘fif-2*
212 3243 571 3303 Memphitarum
586 3275 598 3297 ,
626 3256 828 3300 quorum
841 3241 890 3283 in
905 3238 1178 3298 anagraphis
1200 3239 1369 3282 Seson-

124 3309 144 3325 ”
263 3330 424 3376 reg-mn
459 3314 892 3372 Memphiticorum,
926 3319 1063 3369 atque
1084 3310 1201 3354 adeo
1227 3309 1372 3370 AEgy-

124 3374 130 3384 ⁷
146 3398 307 3443 mn,
333 3388 414 3447 qui
431 3389 540 3446 post
557 3386 670 3429 deos
691 3385 953 3444 regnarint‚
975 3383 1113 3426 fuerit
1137 3391 1290 3441 caput.
1313 3411 1369 3416 —

174 3479 181 3497 ο
206 3458 271 3503 li
279 3459 480 3519 AEgyptii
499 3472 587 3517 per
607 3472 775 3517 geneia
794 3457 888 3500 sive
909 3455 1067 3498 classes
1097 3453 1369 3513 descriptio-

165 3520 491 3577 *Sesonchosi
506 3538 666 3573 nostro
688 3530 781 3573 siv'e
805 3528 997 3572 Sesostri
1022 3525 1118 3584 jam
1146 3527 1371 3570 tribuerat

165 3602 354 3649 ··?=‹5teles
374 3603 512 3649 Polit.
538 3603 643 3657 VII,
664 3617 710 3661 9,
740 3617 757 3643 1
786 3605 872 3652 etl4
897 3600 967 3658 (v.
991 3599 1128 3642 Arist.
1148 3597 1206 3641 fr.
1235 3595 1366 3658 252),

140 3670 251 3723 fle
271 3674 555 3734 tempotibus
568 3675 689 3734 regis
703 3672 834 3717 addit
853 3666 1150 3716 haec.110'm
1137 3666 1218 3731 γὰρ
1241 3671 1367 3731 ὓπερ-

176 3741 314 3801 τὴν
338 3742 463 3792 Μίνω
485 3741 705 3806 βασιλείαν
730 3745 758 3798 ἡ
792 3739 1075 3803 Σεσώστριιν.
1111 3741 1252 3800 Apud
1285 3742 1370 3784 Di-

140 3806 215 3866 ·,Ῐ
222 3876 224 3878 ‚
246 3837 251 3854 ι
296 3831 344 3860 m
363 3816 494 3862 Nilus
513 3830 597 3861 rex
624 3825 689 3860 est
711 3814 895 3859 Plzccoro
919 3818 1009 3856 sive
1041 3813 1179 3856 Nilus
1201 3813 1367 3855 Erato-

134 3503 166 3530 *5

203 4033 319 4074 dmi
335 4037 482 4074 nomen
496 4032 642 4073 habent
660 4043 684 4072 a
700 4032 888 4072 Chaldaeo
906 4031 1104 4082 quodam,
1128 4032 1173 4069 ut
1193 4030 1367 4068 Dicaear-

149 4099 160 4115 ‘¹
190 4104 220 4158 gf
242 4105 246 4127 ³
286 4112 293 4131 ·
312 4098 438 4148 primo
454 4099 512 4137 De
526 4096 607 4136 vita
619 4096 787 4135 Graeciae
799 4095 919 4134 refert
934 4095 1041 4133 hisce
1055 4093 1206 4132 verbis.
1227 4093 1370 4131 «Inter

139 4163 194 4205 ᾗ
220 4158 385 4203 denti&
404 4159 623 4210 opibusque
644 4159 854 4198 eminuisse
874 4158 1019 4197 Ninum
1042 4156 1180 4195 dicunt
1200 4164 1370 4203 eumque

209 4217 222 4230 ’
285 4233 364 4262 em
393 4222 464 4262 sibi
482 4222 620 4261 urbem
648 4221 788 4260 incolis
817 4221 1096 4270 frequentasse.
1123 4218 1177 4258 Ab
1201 4229 1246 4257 eo
1262 4217 1367 4256 deci

1003 4301 1024 4314 V

1206 327 1609 384 FRAGMENTA.

125 414 128 422 ’
750 416 764 433 Ι

131 453 192 481 'm
223 438 346 487 haud
367 441 534 485 elicies.
556 439 700 483 Recte
724 438 864 499 igitur
888 448 1160 498 corruptum
1180 454 1272 483 esse
1296 440 1372 484 lo-
1445 441 1639 496 stheni53
1666 442 1702 484 is
1724 456 1835 486 vero
1864 445 2215 502 componendus
2246 462 2350 490 cum
2380 449 2544 494 Thuori
2567 453 2722 496 Mane-

979 939 1239 986 «Sesostris
1272 957 1380 986 non¹

2629 354 2718 396 237

1445 511 1687 566 thoniano,
1728 512 1944 571 dynastiae
1978 515 2099 559 XIX
2130 531 2236 575 rege
2274 519 2466 575 ultimo,
2505 522 2588 566 sub
2626 531 2721 581 qno

1450 583 1585 640 ija
1602 594 1872 643 expugnata
1895 599 1987 628 esse
2007 586 2170 630 fertur.
2202 589 2330 632 Patet
2362 591 2501 649 igitur
2528 609 2610 636 cur
2630 595 2721 638 Nili

1443 656 1730 699 mentionem
1751 647 2043 701 Dicaanchus
2077 658 2252 702 fecetit.
2285 661 2442 704 AEram
2479 656 2747 722 Trojananr

1441 727 1750 785 probabiliter
1765 727 2069 804 adoptaverat
2084 732 2396 788 antiquiorem
2414 734 2556 789 illam,
2569 750 2722 794 exqua

1443 793 1609 836 Troica
1630 794 1915 852 assignantur
1938 795 2066 838 annis
2099 810 2117 837 1
2129 810 2154 837 2
2166 810 2183 837 1
2194 809 2277 850 7—
2289 811 2304 838 1
2317 796 2408 840 208
2434 812 2477 842 a.
2499 799 2548 845 C.
2564 801 2724 858 Itaque

1442 932 1594 993 Trojae
1612 935 1844 980 excidium
1868 916 2054 982 caderet
2070 953 2118 980 m
2140 952 2311 981 annum
2329 941 2542 997 quintum
2569 942 2726 986 Thuo—

1429 1007 1504 1067 *ris
1525 1008 1620 1051 sive
1641 1007 1763 1064 Nili,
1780 1022 1917 1067 quem
1937 1010 2195 1053 Manethon
2233 1012 2361 1054 annis
2383 1026 2428 1067 7,
2460 1013 2723 1057 Eratosthe-

1442 1093 1524 1122 nes
1558 1080 1688 1123 annis
1739 1095 1795 1139 19
1829 1095 2040 1140 regnasse
2080 1081 2285 1146 tradunt.
2329 1083 2400 1127 Ab
2451 1084 2726 1143 Olympiade

1440 1152 1591 1210 prima
1633 1151 1692 1195 ad
1732 1153 2042 1196 Sesonchosin
2077 1154 2288 1198 scholion
2334 1165 2544 1200 numerat
2581 1171 2726 1200 annos

1445 1223 1569 1283 2936
1591 1222 1913 1283 (2500—436
1933 1221 1962 1285 ).
1987 1226 2077 1282 Qui
2102 1224 2246 1284 quiun
2265 1226 2391 1270 haud
2410 1227 2549 1287 longe
2578 1227 2726 1271 absint

1441 1294 1498 1338 ab
1519 1295 1648 1338 annis
1674 1310 1798 1354 2922
1817 1329 1829 1350 ‚
1856 1296 2024 1354 quibus
2049 1296 2150 1340 duae
2184 1298 2369 1356 periodi
2402 1299 2627 1343 Sothiacae
2648 1314 2725 1343 ex-

1439 1367 1648 1425 plentur,
1688 1368 1869 1426 opinari
1894 1368 2058 1426 aliquis
2094 1370 2265 1428 possit,
2300 1385 2445 1415 annos
2484 1368 2609 1414 2500
2642 1386 2738 1416 roa.

1441 1437 1588 1481 tundo
1601 1440 1798 1482 numero
1817 1439 1929 1497 poni
1953 1455 2045 1499 pro·
2064 1441 2206 1493 2486.
2227 1468 2230 1471 ι

1505 1654 1728 1712 Stephan.
1754 1655 1858 1713 Byz.
1886 1670 1931 1698 V.
1962 1653 2174 1700 Χαλδαῖοι
2211 1671 2221 1698 :
2258 1652 2534 1713 Ἐκλήθησαν
2567 1657 2612 1703 δὲ
2640 1657 2725 1704 ἀπὸ

1440 1724 1664 1772 Χαλδαίου
1700 1723 1838 1782 τινὸς,
1880 1727 1939 1777 ὡς
1975 1725 2239 1789 Δικαίαρχος
2275 1727 2317 1771 ἐν
2350 1727 2510 1790 πρώτῳ
2541 1732 2615 1774 τοῦ
2652 1732 2727 1786 τῆς

1443 1795 1652 1850 Ἑλλάδος
1679 1795 1794 1861 βίου·
1819 1819 1838 1839 «
1864 1796 2042 1845 Τούτων
2077 1796 2120 1844 δὲ
2143 1797 2308 1845 συνέσει
2330 1799 2403 1845 καὶ
2425 1800 2602 1862 δυνάμει
2626 1801 2722 1847 διά-

1441 1887 1566 1932 φορον
1590 1870 1814 1932 γενόμενον
1835 1869 1907 1917 τὸν
1931 1869 2193 1932 καλούμενον
2229 1870 2358 1920 Νίνον
2379 1871 2454 1930 τὴν
2493 1874 2720 1935 ὁμώνυμον

1446 1961 1561 1988 αυτω
1594 1941 1831 1989 συνοικίσαι
1870 1942 2020 1989 πόλιν·
2046 1943 2131 1990 ἀπὸ
2164 1943 2208 1991 δὲ
2245 1943 2393 1992 τούτου
2425 1919 2659 2022 re'roiprovu
2652 1949 2723 1994 ἐπὶ

1443 2011 1545 2058 δέκα
1572 2012 1754 2076 βασιλέα
1786 2012 2040 2076 γενόμενον,
2080 2017 2115 2060 ὡ
2149 2014 2335 2078 τοῦνομα
2367 2019 2584 2066 Χαλδαῒον
2619 2024 2726 2066 εἶναι

1441 2084 1659 2147 λέγουσιν,
1681 2085 1767 2148 [ον]
1790 2105 1893 2152 φασι
1919 2099 1993 2132 καί
2016 2086 2257 2134 Βαὸυλῶνα
2280 2087 2356 2146 τὴν
2378 2091 2726 2152 ὀνομαστοτάτην

1440 2157 1563 2203 πόλιν
1603 2156 1700 2220 περὶ
1738 2157 1808 2204 τὸν
1858 2158 2088 2222 Εὐφράτην
2143 2160 2336 2221 ποταμὸν
2375 2163 2723 2220 κατασκευάσαι,

1442 2229 1635 2282 ἅπαντας
1651 2231 1708 2282 εἷς
1723 2228 1854 2276 ταύτὸ
1875 2230 2170 2293 συναγαγόντα
2190 2228 2284 2284 τοὺς
2303 2232 2590 2294 καλουμένους
2607 2236 2726 2282 Χαλ-

1442 2299 1598 2353 δαίους.
1627 2322 1645 2342 υ
1681 2299 1866 2363 Λέγεται
1903 2301 1976 2347 καὶ
2004 2301 2205 2350 Χαλδαία
2242 2301 2383 2367 χώρα.
2423 2305 2526 2352 Εἰσὶ
2565 2304 2610 2352 δὲ
2648 2308 2721 2352 καὶ

1440 2373 1653 2420 Χαλδαῖοι
1677 2372 1791 2433 ἔθνος
1811 2372 1991 2430 πλησίον
2015 2377 2091 2431 τῆς
2111 2374 2332 2437 Κολχίδος.

1505 2443 1667 2490 τούτων
1686 2443 1775 2507 δὲ]
1801 2447 1864 2491 sic
1887 2448 2049 2506 scripsi
2070 2463 2161 2507 pro
2183 2463 2261 2507 vg.
2298 2445 2434 2510 τούτῳ
2454 2445 2499 2494 δὲ
2523 2465 2579 2494 ex
2604 2466 2724 2495 con-

1437 2518 1616 2576 jectura
1646 2519 1782 2561 Neuii
1818 2534 1893 2577 ap.
1931 2519 2278 2563 Buttmannum.
2316 2521 2535 2580 Stephani
2568 2522 2725 2567 locum

1443 2590 1678 2648 exscripsit
1714 2590 1974 2634 Eustathius
2009 2590 2069 2635 ad
2106 2592 2298 2651 Dionys.
2343 2592 2460 2650 767,
2488 2595 2550 2643 ita
2572 2603 2726 2639 tamen

1441 2670 1493 2704 ut
1529 2662 1786 2706 Dicaearchi
1820 2663 2106 2706 mentionem
2130 2665 2221 2708 alio
2248 2665 2415 2708 trahat.
2443 2667 2512 2708 lta
2535 2666 2677 2711 habet
2710 2682 2722 2711 :

1444 2730 1559 2784 Τοὺς
1583 2731 1625 2777 δὲ
1651 2734 1787 2777 ἐκεῖσε
1816 2732 1890 2794 (in
1906 2734 2147 2794 Armenia)
2175 2734 2371 2787 Χάλδους
2394 2735 2594 2798 λέγεσθαι
2626 2738 2724 2784 ἐπι-

1442 2809 1590 2866 κρατεῖ
1617 2806 1643 2859 ἧ
1677 2801 1875 2859 συνήθεια
1902 2803 2192 2863 δισυλλάὸως,
2225 2807 2271 2851 οὗ
2310 2805 2568 2860 Χαλδαίους.
2595 2805 2724 2853 Χαλ-

1443 2875 1554 2920 δαῖοι
1576 2871 1659 2939 γὰρ
1692 2874 1986 2938 τρισυλλάὸως
2009 2878 2047 2922 οἱ
2080 2875 2184 2923 ποτὲ
2217 2875 2292 2938 μὲν
2317 2878 2540 2940 Κηφῆνες,
2571 2878 2656 2924 ἀπὸ
2680 2876 2723 2924 δὲ

1445 2947 1643 3011 Περσέως
1663 2946 1831 3009 Πέρσαι
1845 2965 1854 2976 ·
1875 2948 2089 2995 Χαλδαῖοι
2114 2946 2337 3004 κληθέντες
2361 2948 2447 2994 ἀπό
2470 2966 2579 3000 τινος
2599 2951 2724 2996 Χαλ-

1443 3018 1584 3076 δαίου,
1605 3017 1649 3065 ὅν
1675 3037 1778 3083 φασι
1799 3018 2000 3084 τέταρτον
2019 3019 2089 3066 ἐπὶ
2113 3020 2214 3067 δέκα
2235 3019 2395 3083 [ἤγουν
2414 3039 2723 3085 τεσσαρεσκαι-

1443 3091 1649 3154 δέκατον]
1692 3090 1872 3155 βασιλέα
1909 3090 2018 3153 μετὰ
2045 3090 2177 3140 Νίνον
2202 3091 2427 3154 γενόμενον
2463 3091 2540 3148 τὴν
2584 3093 2725 3139 8261)-

1443 3165 1558 3210 λῶνα
1575 3163 1732 3211 οἰκίσαι
1748 3199 1760 3222 ,
1784 3163 1856 3210 καὶ
1873 3163 1969 3217 τοὺς
1983 3163 2266 3235 συναχθέντας
2283 3163 2464 3210 καλέσαι
2482 3165 2555 3228 ἀφ’
2572 3167 2724 3211 ἑαυτοῦ

1445 3235 1702 3290 Χαλδαίους.
1737 3236 1944 3297 Αέγονται
1978 3236 2121 3298 μέντοι
2158 3235 2276 3301 παρά
2299 3254 2422 3282 τινων
2458 3235 2533 3282 καὶ
2567 3239 2725 3300 οἱπερὶ

1442 3307 1518 3365 τὴν
1558 3308 1751 3372 Κολχίδα
1782 3309 1974 3366 Χάλδοι,
2002 3310 2214 3356 Χαλδαῖοι
2252 3308 2572 3372 τρισυλλάὸως,
2613 3308 2723 3355 κατὰ

1443 3381 1725 3444 Δικαίαρχον.
1752 3384 1810 3426 In
1842 3383 2011 3441 quibus
2035 3383 2268 3427 diversum
2292 3399 2317 3427 a
2344 3394 2504 3426 nostro
2528 3383 2724 3441 Stepha-

1443 3471 1555 3500 num
1587 3464 1799 3499 tractasse
1842 3456 2105 3500 Eustathius
2141 3456 2290 3499 videri
2327 3457 2492 3514 possit,
2534 3464 2723 3516 notante

1444 3526 1759 3584 Bernhardyo.
1787 3527 1885 3584 Ego
1903 3534 2057 3569 tamen
2079 3527 2359 3585 negaverim.
2382 3527 2570 3570 Rectius
2595 3527 2628 3570 F
2631 3526 2722 3568 uh·-

1442 3600 1538 3642 rius
1570 3613 1620 3656 p.
1670 3613 1758 3641 100
1800 3599 1862 3641 ita
1891 3612 1902 3644 :
1937 3619 1956 3637 «
1991 3599 2144 3642 Verba
2181 3596 2293 3642 κατὰ
2319 3597 2581 3659 Δικαίαρχον
2618 3607 2722 3641 ante.

1442 3666 1636 3729 λέγονται
1675 3670 1930 3724 collocare,
1960 3670 2032 3713 vel
2058 3671 2196 3712 etiam
2238 3684 2316 3713 sua
2341 3670 2448 3713 sede
2478 3671 2722 3712 retinentes

1442 3750 1547 3785 ante
1569 3755 1619 3783 ea
1655 3741 1984 3800 interpungere
2006 3756 2245 3800 possumus
2268 3742 2329 3785 ita
2357 3750 2408 3784 ut
2441 3741 2718 3793 Eustathius,

1444 3811 1575 3870 quod
1602 3827 1740 3871 supra
1771 3813 2018 3868 omisisset,
2043 3812 2258 3870 adjecisse
2282 3813 2522 3872 cogitetur,
2543 3825 2594 3854 ea
2615 3810 2719 3853 dico

1445 3970 1555 3998 mum
1571 3962 1759 4009 quartum
1785 3970 1937 4010 regem,
1955 3960 2018 3999 cui
2036 3959 2207 3999 Chaldaei
2236 3969 2379 3998 nomen
2407 3957 2523 3996 fuisse
2555 3955 2691 3994 dicunt
2707 3977 2734 4000 ‚-

1423 4023 1710 4072 Babylonem,
1734 4022 1874 4062 urbem
1897 4022 2176 4071 clarissimam,
2204 4021 2254 4059 ad
2285 4020 2523 4069 Euphratem
2552 4017 2717 4055 fluvium

1445 4087 1731 4136 construxisse,
1760 4088 2003 4137 congregatis
2018 4087 2155 4126 eodem
2171 4085 2353 4124 omnibus
2369 4083 2435 4132 qui
2455 4082 2508 4121 ab
2534 4091 2628 4130 reye
2645 4081 2719 4119 illu

1445 4151 1617 4192 chaldaei
1629 4153 1834 4191 vocantur.
1853 4167 1871 4184 υ
1886 4151 2011 4189 Etiam
2029 4150 2134 4198 regio
2145 4157 2280 4187 eorum
2290 4145 2471 4185 ctialdaea
2485 4143 2713 4193 appellatur.

1446 4217 1546 4254 Sunt
1561 4226 1656 4254 vero
1680 4214 1798 4253 etiam
1818 4212 1995 4253 Clialdaei
2014 4211 2181 4262 populus
2194 4207 2370 4249 Colchidi
2384 4207 2546 4245 vicinus.
