3016 4628
283 217 869 330 CALLIAS
941 223 1126 327 ET
1192 215 1943 327 ANTANDER
2014 168 2987 398 SYRACUSANIJ

342 544 550 600 Uterque
567 543 747 601 scripsit
758 542 995 586 historiam
1009 541 1287 600 Agathoclis.
1307 538 1558 592 Antandri‚

279 615 458 672 tyranni
483 614 635 657 fratris
650 647 663 669 ‚
691 629 806 673 opus
828 628 923 657 uno
949 621 1127 656 tantum
1150 613 1254 656 loco
1275 618 1560 657 memoratur

280 684 418 742 (vide
448 684 503 731 fr.
542 684 570 727 6
595 680 625 746 ).
654 685 816 729 Paullo
848 686 980 744 plura
1012 685 1177 727 tradita
1209 685 1468 742 accepimus
1500 681 1558 724 de

275 758 417 802 Callia
462 756 547 818 (*)‚
584 757 714 814 cujus
753 758 952 801 historiae
987 756 1105 799 duos
1138 766 1183 799 et
1218 756 1380 814 viginti
1418 754 1559 797 libros

276 829 705 887 complectebantur
744 828 834 886 (fr.
869 827 953 886 6).
986 829 1054 870 De
1079 825 1173 870 fide
1205 834 1249 869 et
1283 826 1558 869 auctoritate

273 902 510 960 scriptoris
540 900 791 944 edocemur
825 901 932 942 loco
952 898 1151 942 Diodori
1179 898 1349 957 (XXI,
1379 913 1453 953 17,
1482 891 1554 956 4),

274 974 353 1016 ubi
373 974 469 1017 haec
492 968 615 1016 :⁰012
640 969 712 1016 καὶ
736 969 928 1021 Καλλίας
948 971 969 1013 ὃ
986 966 1273 1030 Συρακούσιος
1293 966 1468 1019 δικαίως
1481 965 1556 1012 καὶ
1579 1027 1586 1033 .

271 1043 571 1106 προσηκόντως
609 1040 865 1103 κατηγορίας
902 1037 1113 1096 ἀξιωθείη.
1159 1037 1432 1102 Ἀναληφθεὶς
1473 1035 1556 1102 γὰρ

275 1118 347 1160 ὑπ’
373 1114 672 1177 Ἀγαθοκλέους
703 1111 775 1158 καὶ
801 1110 945 1174 δώρων
971 1110 1170 1172 μεγάλων
1197 1110 1455 1172 ἀποδόμενος
1478 1108 1555 1166 τὴν

274 1189 481 1251 προφῆτιν
506 1189 580 1241 τῆς
600 1182 796 1241 ἀληθείας
813 1181 1028 1245 ἱστορίαν,
1053 1183 1128 1227 οὐκ
1152 1181 1436 1228 ἀπολέλοιπεν
1461 1181 1555 1228 ἀδί-

271 1276 356 1311 κως
379 1256 655 1320 ἐγκωμιάζων
677 1254 747 1300 τὸν
767 1252 1033 1316 μισθοδότην.
1059 1254 1154 1300 Οὐκ
1169 1254 1321 1316 ὀλίγων
1338 1252 1421 1317 γὰρ
1438 1254 1554 1313 αὐτῷ

272 1327 584 1392 πεπραγμένων
630 1326 733 1391 πρὸς
778 1324 976 1378 ἀσεὸείας
1017 1328 1120 1371 θεῶν
1166 1325 1240 1372 καὶ
1279 1325 1554 1390 παρανομίας

273 1400 518 1464 ἀνθρώπων,
554 1399 681 1464 φησὶν
713 1401 734 1444 ὁ
776 1395 1040 1462 συγγραφεὺς
1075 1397 1202 1444 αὐτὸν
1243 1398 1440 1464 εὐσεὸείᾳ
1479 1399 1553 1446 καὶ

270 1471 563 1536 φιλανθρωπία
580 1470 687 1517 πολὺ
709 1468 803 1522 τοὺς
827 1470 979 1521 ἄλλους
1001 1469 1384 1532 ὑπερὸεὸληκέναι.
1407 1470 1550 1518 Καθό·

267 1543 343 1588 λου
365 1543 407 1588 δὲ
428 1540 617 1604 καθάπερ
638 1540 897 1604 Ἀγαθοκλῆς
918 1542 1229 1606 ἀφαιρούμενος
1251 1541 1306 1588 τὰ
1327 1546 1410 1590 τῶν
1427 1545 1551 1589 πολι-

267 1618 348 1658 τῶν
382 1614 575 1676 ἐδωρεῖτο
605 1616 664 1677 τῷ
690 1619 924 1676 συγγραφεῖ
963 1613 1095 1674 μηδὲν
1132 1614 1406 1678 προσήκοντα
1431 1615 1552 1680 παρὰ

267 1685 314 1730 τὸ
350 1683 525 1741 δίκαιον,
559 1681 692 1737 οὕτως
724 1688 745 1731 ὁ
777 1685 1066 1747 θαυμαστὸς(
1056 1686 1375 1750 ιστοριογράφος
1411 1686 1554 1752 ἐχαρί·

265 1760 357 1810 ζετο
383 1756 452 1802 διὰ
472 1761 547 1815 τῆς
542 1760 733 1831 ἢ,γραφῆς
754 1755 926 1803 ἅπαντα
950 1757 1119 1821 τάγαθὰ
1143 1762 1203 1805 τῶ
1223 1758 1425 1823 δυνάστῃ
1448 1757 1552 1807 ‘Poi-

264 1830 349 1875 διον
371 1828 408 1874 δ
431 1833 501 1891 ἠν,
523 1833 664 1919 οἶμαι,
689 1829 794 1894 πρὸς
818 1828 992 1894 ἄμειψιν
1013 1830 1187 1895 χάριτος
1212 1851 1273 1878 τω
1293 1833 1451 1896 γραφεῖ
1467 1850 1551 1878 των

267 1900 490 1962 ἐγκωμίων
526 1900 586 1963 μὴ
617 1903 839 1967 λειφθῆναι
867 1905 943 1959 τῆς
971 1904 1018 1949 ἐκ
1049 1908 1123 1950 τοῦ
1152 1905 1379 1966 βασιλικου
1406 1903 1552 1968 γένους

266 1971 533 2035 δωροδοκίας.

333 2048 386 2090 ln
413 2047 790 2092 antecedentibus
818 2048 1057 2094 Diodorus
1073 2049 1132 2094 de
1147 2051 1319 2094 Timaeo
1346 2050 1552 2112 dixerat,

265 2119 345 2176 qui
369 2119 478 2162 odio
497 2121 679 2178 tyranni
695 2121 841 2164 multa
861 2121 919 2165 de
941 2137 997 2166 eo
1017 2122 1262 2168 mendacia
1286 2123 1550 2170 tradiderit.

267 2192 331 2234 Ex
348 2191 561 2235 Diodoro
579 2207 657 2237 sua
677 2193 838 2238 suidas
848 2210 892 2242 V.
913 2193 1127 2247 Καλλίας.
1149 2197 1231 2240 His
1255 2195 1375 2240 adde
1394 2197 1554 2240 locum

266 2264 288 2304 ,Ι
296 2262 451 2321 osephi
469 2263 631 2309 Contr.
649 2266 821 2323 Apion.
843 2267 888 2322 I,
915 2265 940 2310 3
965 2265 1127 2326 (quem
1155 2268 1392 2327 exscripsit
1411 2269 1552 2313 Euse-

267 2335 366 2377 bius
385 2335 436 2377 P.
457 2335 510 2379 E.
536 2336 608 2392 X,
636 2353 660 2393 7
682 2353 730 2397 p.
758 2336 880 2401 478)
907 2355 917 2383 :
945 2336 1058 2385 Ἀλλ’
1080 2336 1175 2384 οὐδὲ
1197 2337 1294 2402 περὶ
1314 2341 1398 2385 τῶν
1425 2340 1552 2387 Σικε-

269 2406 398 2449 λικῶν
421 2404 505 2457 τοῖς
527 2406 624 2470 περὶ
649 2406 861 2472 Ἀντίοχον
881 2407 955 2455 καὶ
968 2408 1177 2458 Φίλιστον
1202 2408 1231 2467 ἢ
1250 2409 1447 2458 Καλλίαν
1471 2409 1553 2459 Τί·

268 2494 391 2534 μαιος
407 2477 646 2542 συμφωνεῖν
663 2478 858 2538 ἠξίωσεν.

549 2579 629 2647 TA
666 2578 816 2628 ΠΕΡΙ
851 2582 1253 2630 ΑΓΑΘΟΚΛΕΑ.

887 2692 925 2719 1.

621 2760 657 2802 Ε
685 2762 867 2807 LIBRO
899 2763 1171 2809 SEPTIMO.

337 2847 538 2891 Macrob.
563 2850 654 2895 Sat.
688 2854 743 2908 V,
769 2869 824 2913 19
851 2867 862 2899 τ
890 2855 1070 2899 Callias
1097 2866 1248 2900 autem
1276 2859 1323 2901 iti
1350 2861 1547 2917 septima

271 2917 463 2961 historia
489 2921 557 2963 De
579 2923 707 2965 rebus
729 2924 892 2969 Siculis
919 2931 984 2971 ita
1007 2930 1197 2973 scribit:
1224 2926 1279 2974 ‘H
1312 2926 1356 2974 δὲ
1383 2927 1546 2993 Ἐρύκη

325 3038 358 3082 (*
362 3036 374 3083 )
403 3036 512 3075 Alius
532 3039 674 3079 Callias
690 3043 958 3091 Syracusanus
978 3050 1224 3088 memoratur
1248 3059 1312 3099 ap.
1339 3049 1547 3088 Plutarch]

275 3094 975 3145 1›‹·mosth.c.5,Vit.Dec.or.at
1000 3116 1037 3154 p.
1066 3109 1163 3156 844,
1190 3109 1223 3145 D
1252 3107 1318 3156 (p
1349 3112 1470 3156 1028,
1501 3111 1552 3148 49

279 3150 408 3189 uidet.
426 3153 452 3200 ).
470 3173 521 3180 —
539 3154 680 3193 Callias
704 3157 971 3209 Mytilenaeus,
994 3162 1061 3211 qui
1091 3163 1131 3201 in
1159 3164 1339 3214 Sapphus
1366 3166 1407 3204 et
1430 3164 1551 3204 Alcaei

267 3220 292 3243 ἰ
295 3208 445 3246 irmina
458 3214 933 3266 commentariosscripsit‚
950 3229 988 3257 v.
1006 3230 1067 3269 ap.
1084 3222 1316 3261 Athenaeum
1333 3225 1410 3271 ΙΙΙ,
1427 3234 1467 3272 p.
1487 3227 1552 3274 85,

276 3266 319 3312 i«,
344 3266 584 3306 ‹tstrab0n.
608 3272 722 3319 ΧΙΙΙ,
751 3282 789 3321 p.
814 3278 901 3314 618.
920 3278 1151 3328 —Callias‚
1169 3280 1345 3319 musicus
1360 3282 1400 3319 et
1423 3291 1553 3330 gram·
1587 3260 1592 3314 i

532 3392 614 3439 DE
648 3395 844 3444 REBUS
879 3399 1292 3452 AGATHOCLlS.

892 3480 931 3518 1.

328 3536 448 3583 Ιίτμκε
480 3546 503 3574 a
533 3537 628 3576 Gela
655 3539 772 3579 distat
804 3544 937 3584 stadiis
969 3547 1122 3588 circiter
1153 3552 1385 3601 nonaginta,
1423 3554 1553 3592 solum

273 3608 315 3633 asi
318 3608 453 3645 perum
467 3601 506 3638 et
523 3600 713 3641 incultum
726 3605 783 3643 est
799 3616 911 3645 mons
926 3611 963 3648 et
982 3612 1094 3659 urbs,
1111 3624 1202 3663 quae
1219 3615 1442 3655 Siculorum
1458 3618 1554 3657 olim

274 3662 368 3710 snit,
399 3663 473 3701 sub
503 3675 582 3714 qua
611 3666 699 3706 Dilli
729 3679 829 3717 quos
854 3671 989 3713 dicunt
1015 3676 1077 3715 siti
1104 3681 1216 3728 sunt,
1243 3680 1278 3718 id
1308 3684 1366 3720 est
1387 3685 1555 3723 crateres

271 3724 352 3762 «luc»
367 3737 498 3775 ,quos
520 3728 735 3768 Palicorum
766 3732 900 3772 fratres
919 3746 1002 3775 esse
1023 3738 1218 3781 Siceliotne
1242 3746 1393 3793 putant.
1423 3747 1521 3785 Bull
1515 3758 1555 3786 is

273 3789 459 3829 mittunt
478 3790 526 3829 ad
550 3791 670 3832 instar
689 3806 802 3845 aquoe
824 3797 1019 3840 ferventis.

888 3867 931 3906 2.

326 3924 336 3959 Ι
340 3923 555 3963 ’anorrnitis
575 3936 622 3964 ve
626 3938 668 3966 ro
684 3928 825 3970 Siciliae
842 3933 923 3971 tota
947 3933 1095 3975 hortus
1115 3940 1345 3991 appellatur,
1367 3946 1552 3993 quoniam

274 3989 354 4023 loti
374 3988 506 4027 sativis
521 3990 726 4032 arboribus
742 3996 888 4046 repleta
907 4000 988 4047 est,
1010 4002 1053 4039 ut
1066 4001 1120 4040 ait
1137 4005 1277 4044 Callias
1293 4019 1339 4045 ο(
1343 4010 1367 4046 ti
1369 4020 1432 4047 ivo
1453 4010 1553 4049 libro

275 4050 341 4087 lli
333 4053 530 4092 toriarum
555 4056 785 4103 Agathoclis.

887 4130 927 4168 3.

320 4185 465 4225 Callias
493 4189 590 4229 libro
624 4191 776 4233 ‹lcchno
798 4195 966 4236 bistoriae
1001 4210 1120 4248 quam
1148 4205 1373 4254 conscripsit.
1405 4207 1452 4246 ‹lc
1479 4212 1551 4259 Sy-

1600 2972 1609 2979 ·
1627 2916 1978 2983 προσανατρίψας
1998 2915 2109 2975 τῆν’
2098 2916 2219 2982 ισχυν
2245 2918 2323 2977 τὴν
2341 2924 2537 2986 συμφυῆ,
2564 2925 2657 2969 εἶτα
2678 2920 2826 2985 μέντοι
2843 2927 2922 2971 του

1644 537 1718 591 τῆς
1743 533 1819 596 μὲν
1854 533 2027 598 Γελῴας
2057 535 2154 583 ὅσον
2183 533 2457 591 ἐννενήκοντα
2491 536 2657 584 στάδιοι-
2680 538 2827 597 διίστη

1635 608 1830 659 ἐπιεικῶς
1861 605 1904 652 δὲ
1940 606 2091 672 χερρός
2128 609 2243 654 ἐστιν
2265 605 2317 653 τό
2336 607 2375 654 τ’
2397 606 2494 672 ὅρος
2520 608 2595 656 καὶ
2614 613 2644 667 ἡ
2666 610 2717 658 τὸ
2735 613 2842 658 παλ
2875 626 2941 713 l

1634 679 1827 726 Σικελῶν
1860 679 2124 742 γεγενημένη
2156 677 2303 737 πόλις,
2337 679 2405 745 ὑφ’
2429 673 2459 745 ᾗ
2491 680 2565 729 καὶ
2594 681 2706 736 τοὺς
2722 685 2869 778 Διελ-

1633 749 1921 810 καλουμένους
1960 755 2066 798 εἶναι
2107 748 2404 812 συμὸέὸηκεν.
2437 731 2583 802 Οὗτοι
2626 754 2671 802 δὲ
2714 773 2761 803 κ·

1634 821 1762 868 δυο
1746 821 1871 884 εἰσινι
1902 822 1973 876 οὺς
2007 823 2213 889 ἀδελφους
2245 826 2330 871 τῶν
2355 825 2564 873 naxium
2592 829 2630 874 οἱ
2664 824 2909 890 Σικελεῦτ

1631 892 1887 954 νομίζουσιν
1916 893 2008 948 Τὰς
2029 893 2072 942 δὲ
2107 893 2325 961 ἀναφορας
2351 915 2436 943 των
2460 890 2751 963 πομφολύγων
2775 918 2923 967 παρα
2932 906 2941 954 Ξ

1631 964 1818 1021 πλησίας
1844 965 2141 1029 βραζούσαις”
2118 985 2306 1031 εχουσιν.
2326 972 2559 1014 Hactenus
2577 970 2770 1018 Callias.
2790 975 2849 1020 Ρ
2890 1009 2922 1017 -.
2981 1011 2984 1014 .

1631 1054 1735 1082 mon
1757 1054 1869 1083 velo
1893 1050 1977 1088 etc.

2253 1143 2298 1174 2·
2328 1146 2332 1151 .

2005 1227 2041 1270 Ε
2075 1227 2260 1272 LIBRO
2297 1227 2554 1276 OCTAVO.

1699 1325 1946 1369 Athenaeus
1968 1325 2299 1386 X11‚p.542,
2324 1330 2396 1371 Α;
2419 1324 2474 1374 Ἡ
2499 1324 2543 1373 δὲ
2566 1325 2907 1394 Πανορμῖτις
2899 1300 2914 1311 ”

1632 1394 1833 1448 Σικελίας
1865 1403 1985 1442 πᾶσα
2021 1399 2157 1453 κῆπος
2195 1396 2585 1463 προσαγορεύεται,
2620 1397 2690 1447 διὰ
2719 1419 2770 1448 το
2798 1418 2849 1450 π

1629 1469 1736 1512 εἶναι
1774 1466 1943 1531 πληρης
1979 1467 2159 1532 δένδρων
2199 1468 2390 1534 ἡμέρων,
2422 1468 2478 1524 ὥς
2510 1489 2615 1536 φησι
2648 1433 2935 1530 {tautam}

1633 1540 1760 1604 ὀγδόη
1786 1543 1870 1586 τῶν
1897 1540 2008 1607 Περὶ
2039 1541 2300 1606 Ἀγαθοκλέα
2324 1541 2542 1609 ἳστοριων.
2767 1616 2769 1618 γ
2909 1539 2932 1610 ‘5'

2255 1644 2303 1693 3.

2003 1746 2040 1790 Ε
2075 1746 2266 1792 LIBRO
2294 1747 2545 1794 DECIMO.

1694 1844 1861 1891 AElian.
1896 1847 1954 1892 N
1981 1847 2037 1892 A.
2061 1847 2203 1906 XVI,
2240 1843 2352 1893 28:
2381 1845 2620 1901 Καλλίας’
2600 1865 2643 1894 εν
2669 1850 2724 1912 τῇ
2754 1846 2864 1897 δεκ
2923 1875 2937 1886 ν

1627 1934 1711 1961 των
1731 1916 1798 1962 Πε
1780 1934 1843 1980 ερι
1863 1914 1934 1962 τὸν
1956 1916 2250 1993 Συρακούσιον
2271 1917 2530 1981 Ἀγαθοκλέα
2549 1918 2689 1983 λόγων
2705 1920 2811 1987 φησὶ
2828 1941 2895 1973 τ

1628 1987 1841 2051 κεράστας
1867 1987 1982 2053 ὄφεις
2012 1987 2173 2043 δεινους
2201 1981 2308 2036 εἶναι
2337 2009 2386 2037 το
2415 1991 2586 2055 δῆγμα·
2617 1992 2806 2058 ἀναιρεῖν
2839 2012 2901 2059 γ

1628 2057 1703 2104 καὶ
1735 2061 1825 2122 ζῶα
1855 2058 1992 2124 ἄλογα
2021 2079 2096 2107 και
2131 2059 2400 2126 ἀνθρώπους,
2435 2063 2471 2110 εἰ
2503 2061 2582 2125 μὴ
2594 2063 2756 2128 παρείη
2788 2064 2889 2116 Δί

1629 2130 1766 2197 ἀνὴρ,
1791 2130 2021 2186 Ψύλλος
1994 2131 2054 2178 ων
2083 2131 2131 2179 τὸ
2154 2132 2286 2196 γένος.
2317 2127 2456 2189 Ουτος
2480 2153 2580 2223 γουν
2607 2135 2680 2184 ἐάν
2702 2156 2750 2185 τε
2769 2124 2916 2229 κληᾎιίῗ

2903 1976 2938 2012 rt

1631 2204 1865 2270 ἀφίκηται,
1896 2204 1970 2251 ἐάν
1990 2224 2038 2252 τε
2063 2204 2137 2252 καὶ
2164 2209 2285 2271 παρῇ
2310 2205 2424 2254 κατὰ
2445 2205 2650 2299 nix-qm*
2616 2209 2695 2257 καὶ
2715 2199 2911 2269 θεάση-Ῐῑ
2927 2259 2945 2282 .

1629 2277 1777 2344 πράως
1811 2276 1873 2324 ἔτι
1905 2265 2117 2353 ἀλγουντα
2148 2278 2226 2336 τὴν
2262 2279 2488 2344 πληγὴνῆ
2518 2281 2568 2329 τὸ
2598 2282 2768 2347 δῆγμα,
2794 2282 2853 2348 1³¹5
2885 2270 2945 2319 ,ἴί

1627 2349 1906 2416 προσ-πτύσας
1926 2354 2019 2396 εἶτα
2036 2349 2182 2412 μέντοι
2197 2350 2275 2410 τὴν
2299 2353 2489 2410 ὀδύνην’
2469 2353 2683 2419 επράῦνε,
2702 2355 2776 2419 καὶ
2793 2357 2882 2405 καῖ
2895 2330 2947 2422 Ξ

1630 2422 1834 2487 γοήτευσε
1858 2422 1906 2470 τὸ
1931 2421 2063 2470 δεινὸν
2086 2426 2148 2490 τῷ
2173 2425 2326 2491 σιάλῳ.
2383 2425 2491 2475 Ἐὰν
2519 2426 2564 2474 δὲ
2593 2425 2701 2494 ευρῃ
2721 2429 2885 2478 δυσα

1631 2514 1869 2560 σχετουντα
1893 2494 1968 2542 καὶ
1986 2495 2182 2555 ἀτλήτως
2198 2496 2408 2564 φέροντα,
2433 2495 2548 2566 ὕδωρ
2579 2500 2729 2568 ἀθρόον
2753 2500 2860 2551 σπᾶ
2882 2491 2923 2528 J·

1627 2567 1732 2615 εἴσω
1760 2571 1845 2615 τῶν
1884 2568 2083 2638 ὀδόντων,
2108 2569 2183 2616 καὶ
2204 2570 2478 2636 χρησάμενος
2515 2592 2632 2639 αυτῳ
2654 2592 2730 2622 του

1636 2653 1705 2688 τος
1735 2632 1980 2696 κλυσματι,
2017 2639 2111 2681 εἶτα
2131 2653 2254 2683 τουτο
2275 2639 2333 2690 εἰς
2358 2637 2516 2685 κύλικα
2547 2622 2750 2730 effla&
2776 2635 2934 2691 δίῶισι

1636 2709 1823 2772 ῥοφῆσαι
1839 2709 1900 2772 τῷ
1917 2705 2138 2772 τρωθέντι.
2160 2706 2268 2757 Ἐὰν
2286 2709 2331 2756 δὲ
2349 2708 2593 2775 περαιτέρω
2614 2711 2691 2760 καὶ
2709 2713 2841 2761 τοῦδε
2847 2716 2924 2763 τοῦ

1626 2778 1858 2862 φαρμάκου
1879 2779 2096 2844 κατισχύῃ
2120 2779 2170 2827 τὸ
2193 2799 2346 2840 κακον,
2368 2785 2390 2829 ὁ
2412 2780 2457 2829 δὲ
2469 2786 2541 2848 τῷ
2561 2788 2756 2833 νοσοῦντι

1626 2844 1817 2892 κλίνεται
1846 2848 1997 2909 γυμνῶ
2029 2845 2216 2909 γυμνὸς,
2251 2846 2327 2894 καὶ
2349 2852 2425 2895 τοῦ
2454 2831 2622 2924 χρωτός
2642 2851 2684 2896 οἱ
2711 2853 2793 2897 τοῦ
2811 2850 2919 2898 ὓδίου

1627 3008 1764 3037 κακου
1780 2990 1992 3053 πεποίηκε
2010 2990 2082 3038 τὸν
2107 2990 2329 3058 ἄνθρωπον
2347 2991 2542 3052 ἐξάντην.

1627 3104 1797 3144 maticus
1815 3115 1879 3154 ap.
1904 3104 2120 3144 Alexandr.
2144 3104 2354 3156 Aphrodis.
2382 3117 2426 3157 p
2453 3111 2555 3158 362;
2576 3107 2676 3148 alios
2693 3097 2923 3211 chnut

1627 3162 1690 3201 nis
1715 3162 1824 3201 viros
1850 3162 1941 3202 vide
1962 3163 2004 3202 in
2023 3163 2158 3214 steph.
2185 3164 2303 3204 Thes.
2333 3174 2366 3204 s.
2396 3165 2434 3204 h.
2458 3175 2499 3205 v.
2527 3139 2568 3205 e't
2590 3165 2632 3205 in
2650 3164 2859 3209 Indicibus

1633 3220 1840 3270 Polybium
1857 3221 1897 3259 et
1914 3221 2134 3271 Appianum
2151 3223 2192 3261 et
2208 3223 2456 3262 Athenaeum.
2471 3224 2550 3263 etc.
2568 3227 2751 3272 Quorum
2769 3212 2920 3285 now-

1628 3292 1717 3320 mos
1732 3281 1951 3321 recensitos
1967 3282 2148 3322 habesin
2165 3284 2340 3334 Pauly's
2359 3285 2476 3324 Real-
2460 3285 2636 3346 :encycL
2656 3295 2689 3325 s.
2710 3285 2752 3325 h.
2767 3294 2812 3325 v.
2848 3285 2849 3334 J

1635 3415 1826 3444 raeusano
1843 3405 2059 3456 Agathocle
2073 3436 2085 3456 ,
2105 3407 2276 3446 cerastas
2287 3406 2415 3457 inquit
2425 3407 2652 3457 pestiferum
2664 3397 2882 3450 morsui
2883 3448 2889 3455 s

1631 3467 1765 3518 ssigere
1783 3469 1934 3519 solere,
1950 3470 1991 3508 et
2014 3469 2162 3510 bestias
2184 3469 2337 3510 ratione
2351 3472 2585 3511 carenteset
2603 3464 2855 3563 Ἰιοίιιίιιιεεῑιῐιι

1630 3532 1680 3572 fi«
1682 3544 1770 3583 ere
1801 3534 1875 3573 nisi
1904 3535 2076 3585 Libycus
2103 3534 2164 3574 vir
2189 3545 2212 3575 e
2240 3535 2462 3585 Psyllorum
2484 3537 2600 3586 gente
2619 3535 2671 3576 ad
2700 3546 2765 3576 ou

1629 3597 1848 3637 accesserit.
1906 3597 1977 3638 Hic
2005 3607 2100 3638 sane
2118 3597 2150 3638 si
2169 3600 2359 3638 evocatus
2388 3599 2472 3639 sive
2501 3599 2665 3639 fortuito
2690 3599 2782 3640 ad·

1629 3661 1668 3699 et
1690 3660 1844 3711 plagam
1865 3661 1997 3701 adhuc
2016 3661 2275 3702 tolerabiliter
2296 3661 2498 3702 dolentem
2522 3662 2686 3712 viderit,
2709 3662 2876 3710 solam

1629 3723 1748 3762 livam
1765 3724 1863 3764 ictui
1883 3724 2082 3764 mor-suive
2095 3724 2283 3775 inspuens
2298 3725 2476 3765 dolorem
2500 3726 2655 3777 mitigat
2673 3727 2756 3767 et·
2839 3775 2854 3794 -.
2888 3727 2890 3730 ’

1628 3787 1694 3836 git.
1749 3788 1818 3827 Sin
1850 3798 2081 3838 percussum
2100 3787 2310 3828 offenderit
2331 3789 2536 3839 aegerrime
2562 3787 2835 3840 dolentemsi
2843 3816 2846 3822 ,
2886 3814 2887 3824 ι

1629 3850 1769 3890 dentes
1785 3852 2023 3902 permultam
2042 3862 2189 3902 aquam
2209 3852 2367 3903 haurit,
2389 3855 2429 3893 et
2451 3864 2496 3894 os
2517 3864 2635 3894 suum
2661 3854 2790 3905 primo
2805 3850 2869 3895 ex?

1626 3914 1766 3954 colluit
1779 3943 1790 3963 ,
1810 3916 1898 3964 post
1914 3926 2008 3955 vero
2023 3925 2112 3955 eam
2135 3915 2175 3954 in
2191 3916 2380 3966 poculum
2406 3916 2594 3967 injectam
2610 3918 2820 3959 vulnerato
2846 3921 2849 3923 ’

1627 3977 1864 4017 sorbendam
1882 3978 2016 4018 tradit.
2037 3977 2187 4025 Quodsi
2207 3979 2328 4019 etiam
2354 3981 2441 4030 post
2465 3980 2540 4019 hoc
2566 3979 2706 4020 veneni
2725 3978 2856 4023 aoerbi

1626 4042 1757 4082 acrius
1775 4041 1998 4087 invalescit,
2026 4043 2091 4084 hio
2119 4044 2325 4094 aegrotanti
2341 4044 2451 4084 nudo
2474 4044 2604 4085 nudus
2625 4045 2866 4098 accumbit,

1628 4106 1784 4156 proprio
1807 4117 1880 4146 suo
1901 4117 2065 4157 corpore
2091 4107 2220 4148 morbi
2244 4108 2324 4148 vim
2346 4108 2487 4159 frangit
2509 4111 2548 4149 et
2582 4109 2688 4150 malo
2717 4109 2824 4151 homi
2854 4159 2856 4161 ‚

1628 4170 1782 4211 liberat.

2844 3553 2914 3605 τὸ
