3008 4542
70 388 99 433 ῃ
137 370 327 416 rinensis
349 369 426 414 ille
446 382 670 428 papyrus,
695 367 744 410 in
767 381 862 424 quo
883 375 988 425 post
1013 380 1185 410 nomen
1202 366 1414 425 quintum

78 446 100 466 ’-
139 439 239 502 (1101
256 450 362 500 post
388 433 719 483 duodecimum
741 436 851 480 inde
882 437 940 480 ab
971 437 1246 498 Hephaesto)
1269 451 1417 481 novus

80 514 95 570 ᾖ
135 512 260 557 ordo.
280 512 484 570 incipere
507 502 694 555 dicitur.

745 612 791 652 4.

80 752 95 766 ,„
200 705 413 763 Excerpt.
437 693 632 750 Barbar.
657 720 707 764 p.
737 694 798 762 74
839 720 850 748 ε
886 692 1202 762 AEgyptiorum
1227 715 1416 759 regnum

135 779 378 820 invenimus
400 780 757 830 vetustissimum,
777 779 974 820 omnium
1000 787 1266 832 regnorum3
1290 777 1420 829 cujas

137 851 309 892 initium
331 842 417 912 [ut]
433 846 515 891 sub
529 835 851 909 Manethono'(
868 843 948 891 ὑπὸ
961 842 1240 906 Μανεθῶνος)
1256 845 1422 907 dicitur·

135 933 434 963 memoramus
453 919 662 963 scribere.
690 920 892 963 Primum
915 918 1097 970 deorum
1125 920 1203 975 qui
1225 917 1285 959 ab
1309 919 1420 975 ipsis

90 983 101 1017 ³¹]
131 990 387 1034 scribuntur
390 987 579 1046 faciam
595 1007 738 1051 regna
757 983 825 1035 sic
843 989 1026 1054 (πρῶτον
1047 988 1151 1034 θεῶν
1167 988 1252 1044 τῶν
1277 987 1419 1038 αὐτοῖς

133 1051 411 1124 γραφομένων
426 1063 596 1107 ποιοῦσι
620 1060 866 1125 βασιλείας,
889 1052 1044 1117 οὕτως,
1063 1054 1265 1120 Scalig.)
1295 1075 1305 1102 ε

174 1138 177 1140 ·
1069 1127 1288 1173 (Ρ31101101.)

133 1182 431 1243 Hephoestum
450 1185 608 1229 dieunt
622 1187 810 1245 quidam
830 1186 963 1229 deum

75 1247 90 1282 ,¹
198 1269 397 1313 regnare
414 1260 461 1299 in
479 1259 679 1318 AEgypto
694 1273 838 1302 annos
859 1272 962 1301 sex-

156 1346 160 1349 ·
199 1336 349 1370 centos
364 1329 565 1376 LXXX.
916 1374 919 1378 ,
1026 1325 1120 1372 680
1159 1322 1287 1386 (727)

75 1394 95 1453 13'
133 1399 246 1443 Post
276 1399 396 1442 hunc
415 1400 567 1445 Solem
591 1401 771 1461 Iphesti
797 1416 942 1446 annos

88 1460 95 1465 ’
199 1472 458 1516 LXXVII.
493 1491 497 1494 -
1059 1486 1118 1527 77
1190 1467 1288 1531 (80)

81 1554 89 1602 g
133 1544 248 1590 Post
299 1535 431 1588 istum
483 1545 751 1590 OsinosirIm
806 1560 950 1589 annos

89 1670 91 1674 Ι
203 1616 476 1663 CCCCXX.
1035 1619 1128 1667 420
1197 1611 1291 1674 (35)

72 1692 97 1739 ‘j
136 1689 248 1735 Post
263 1688 382 1732 hunc
404 1689 526 1733 Oron
545 1688 852 1734 Stoliarchum
876 1704 961 1732 an-

42 1750 85 1777 *
200 1774 281 1804 nos
301 1762 552 1806 XXVIII.
1041 1757 1129 1802 28-
1188 1754 1291 1819 [25]

47 1837 85 1902 J'.
135 1832 247 1881 Post
266 1832 384 1876 hunc
412 1833 634 1893 Typhona
655 1848 801 1877 annos
820 1833 968 1878 XLV.
1051 1830 1110 1884 45
1195 1829 1289 1891 (29)
1346 1836 1351 1843 “

205 1904 493 1964 Colliguntur
505 1905 689 1949 deorum
709 1919 855 1963 regna

202 1980 317 2038 anai
337 1978 462 2021 mille
479 1978 576 2022 DL.

137 2085 365 2144 Deinceps
385 2085 669 2130 Mitheorum
697 2082 920 2147 (ἡμιθέων)
945 2100 1090 2146 regna
1110 2088 1174 2128 sic
1198 2100 1214 2127 .·

45 2212 47 2215 Υ
72 2171 103 2210 ³>
136 2157 280 2204 Prota
303 2155 485 2220 (πρῶτα)
506 2156 692 2202 Anubes
715 2156 962 2219 [Amusim,
995 2160 1072 2216 qui
1096 2160 1238 2200 etiam
1279 2157 1423 2212 AEgy-

58 2230 61 2231 ⁷
90 2220 95 2228 ⁴
193 2233 398 2289 ptiorum
406 2233 651 2289 scripturas
662 2234 923 2290 composuit,
935 2228 954 2291 ]
969 2244 1114 2274 annos
1126 2227 1400 2274 LXXXIII
1408 2260 1418 2273 .

76 2308 109 2354 ³5⁴
138 2300 269 2365 [Post
296 2301 415 2345 hunc
445 2306 596 2363 Apion
627 2307 978 2361 grammaticus,
1016 2317 1146 2361 quem
1179 2300 1423 2349 secundum

55 2367 60 2375 ’
83 2369 86 2371 ’
203 2374 430 2418 Inachum
458 2374 582 2431 (κατ’
607 2370 803 2437 Ἴναχον)
830 2368 1421 2433 interpretabatur]*******

203 2454 350 2490 annos
368 2448 629 2502 LXXVII,
655 2446 815 2510 [quem
834 2448 916 2491 sub
932 2450 1102 2505 Argios
1119 2449 1248 2495 Initio
1262 2460 1422 2505 regna·

205 2516 397 2579 veruna]

91 2579 115 2650 '2⁵'
137 2580 249 2639 Post
265 2590 368 2634 hoec
390 2591 663 2648 Ecyniorum
686 2586 897 2652 (νεκύων)
930 2606 1060 2651 reges
1087 2592 1413 2649 interpretavit,

78 2654 90 2658 Η
204 2662 426 2707 Imitlzeos
449 2678 621 2708 vocans
652 2674 700 2707 et
726 2668 862 2723 ipsos,
896 2679 1040 2708 annos
1069 2664 1159 2707 duo
1186 2664 1334 2705 millm
1359 2662 1420 2714 C,

61 2779 86 2794 a„
192 2733 476 2793 fortissimos
503 2733 699 2797 (ἥρωας)
720 2751 911 2782 vocans,

138 2808 394 2873 Hoecfinis.
409 2809 468 2851 de
484 2812 637 2872 prI'mo
661 2818 780 2852 tomo
808 2807 1087 2859 Manethom'
1118 2807 1291 2851 habens
1315 2815 1429 2848 tem·

84 2882 86 2887 ’
190 2895 320 2946 pom
341 2895 564 2930 annorum
585 2881 675 2925 duo
698 2882 851 2924 millla
877 2881 931 2925 C.

57 3018 74 3036 b
91 3013 99 3041 ;
202 2972 395 3017 Numeri
412 2971 610 3016 deorum
621 2973 888 3017 nominibus
899 2972 1119 3032 adscripti
1129 2986 1185 3016 ex
1201 2972 1430 3033 AEgyptiis

59 3030 97 3130 Ξ
142 3046 273 3092 annis
307 3046 552 3089 menstruis
575 3045 786 3090 similiter
808 3061 860 3090 ac
883 3045 1149 3089 Panodorei
1177 3045 1430 3104 computati

56 3113 101 3175 ’ἕι-’ᾗ
139 3125 261 3164 sunt.
287 3115 563 3176 Excipiendi
585 3125 739 3161 tamen
757 3117 866 3160 anni
889 3117 1080 3162 Osiridis
1097 3125 1143 3161 et
1164 3116 1296 3161 Isidis
1317 3121 1426 3171 420,

141 3186 222 3250 qui
233 3186 462 3232 vetustum
477 3203 725 3232 numerum
737 3189 895 3248 ,annis
912 3187 970 3232 35
993 3187 1073 3250 (12
1091 3195 1149 3239 ><
1167 3187 1225 3233 35
1240 3206 1300 3230 z
1315 3187 1425 3249 420)

60 3255 65 3300 Ξ
93 3259 105 3290 ²=
139 3259 424 3308 Panodoreis
451 3259 810 3318 respondentem
840 3260 1076 3304 exhibent.
1113 3259 1286 3304 Procul
1309 3261 1431 3304 enim

142 3331 290 3380 dubio
315 3336 539 3390 utrosque
561 3346 728 3387 annos,
767 3340 814 3375 et
836 3329 1076 3392 AEgyptios
1098 3341 1145 3377 et
1177 3332 1431 3376 secundum

60 3459 64 3466 ι
112 3429 114 3432 >
140 3404 458 3448 recentiorum
478 3402 602 3446 istud
630 3403 854 3462 placitum
873 3403 1112 3460 reductos,
1131 3405 1182 3447 in
1200 3404 1329 3447 fonte
1348 3418 1431 3447 suo

60 3474 108 3535 ἢ..
141 3475 369 3520 Barbarus
390 3476 567 3519 invenit
586 3484 852 3533 temereque
871 3476 1076 3531 miscuit;
1095 3475 1146 3519 id
1166 3475 1297 3534 quod
1317 3476 1431 3534 Syn-

61 3530 106 3614 ἓξ
146 3546 264 3590 cello
289 3561 480 3605 quoque
499 3546 550 3589 in
571 3545 895 3591 Chaldaeorum
918 3562 1079 3607 regum
1103 3548 1327 3591 laterculo
1351 3562 1432 3590 ac-

144 3615 272 3660 cidit.
305 3643 368 3650 —
401 3619 505 3662 Jam
531 3618 569 3661 si
601 3633 690 3677 pro
716 3620 810 3671 420
834 3620 1104 3678 reponimus
1147 3618 1234 3674 35,
1259 3633 1435 3663 summa

64 3686 107 3754 ¹¹:53]
147 3687 376 3734 conflatur
396 3705 471 3735 an.
495 3689 605 3737 863.
627 3691 806 3748 Quibus
825 3691 1030 3735 addendi
1054 3700 1160 3735 sunt
1182 3692 1291 3736 anni
1310 3693 1435 3750 Aga—

147 3758 453 3806 thodaemonis
476 3770 522 3806 et
542 3762 727 3813 Saturni
750 3778 776 3807 a
800 3763 1007 3809 Barbaro
1033 3765 1325 3809 omissorum.
1344 3765 1434 3807 Pa-

90 3881 107 3901 w
143 3831 354 3880 nodorus
371 3833 426 3877 iis
448 3826 613 3878 tribuit
641 3849 716 3882 an.
751 3849 830 3894 97.
853 3837 955 3879 Hoc
978 3835 1123 3882 modo
1148 3836 1436 3894 nanciscere-

95 3914 109 3939 ³
143 3917 251 3949 mur
272 3918 348 3948 an.
376 3903 470 3963 960
490 3899 608 3965 (pro
632 3905 917 3950 Panodoreis
935 3904 1074 3967 969),
1098 3908 1172 3951 vel
1193 3908 1436 3967 AEgyptios

69 4047 110 4089 ‘1³³
764 4049 808 4089 5.

67 4065 103 4103 ι
196 4115 291 4158 Haec
309 4115 359 4155 de
376 4115 654 4168 antiquissimis
681 4113 834 4168 AEgypti
863 4118 1018 4168 regibus
1045 4119 1229 4160 Manetho
1245 4118 1426 4167 tradidit3

1248 256 1657 305 FRAGMENTA.

2675 270 2765 311 533

1490 379 1634 409 annos
1653 365 1774 409 circa
1801 381 1819 409 1
1833 363 1974 412 1520.
1994 368 2095 425 Ipse
2118 377 2279 412 auctor
2299 384 2521 415 summam
2542 373 2672 430 ponit
2691 388 2768 417 an-

1490 451 1576 480 nos
1611 438 1736 481 mille
1767 435 1883 496 (leg.
1910 442 2083 491 myrias
2106 440 2260 500 mille)
2297 442 2395 487 DL.
2420 443 2597 500 Quibus
2618 444 2771 489 verbis

1489 508 1527 551 si
1547 507 1767 552 reductos
1789 501 1933 552 annos
1958 508 2214 568 significare
2239 512 2477 570 voluisset,
2504 530 2678 559 summa
2701 515 2773 558 fo-

1491 586 1562 622 ret
1581 579 1701 623 circa
1724 577 1876 623 18600
1893 575 1969 640 (Ἴ.
1986 579 2123 636 Quod
2141 595 2305 638 parum
2319 584 2575 640 probabile.
2591 587 2786 634 Diutiusv

1490 649 1614 693 hisce
1636 650 1859 694 inhaerere
1878 652 2007 694 11010.
2038 652 2166 694 Patet
2189 661 2340 696 tamen
2369 655 2607 714 Excerptis
2630 673 2774 715 quan—

1493 721 1659 764 tumvis
1676 722 1835 766 laceris
1847 723 1983 766 aliam
1998 737 2136 780 quam
2152 724 2469 768 Panodoream
2489 729 2775 773 Manethonis

1495 794 1811 837 recensionem
1827 782 2022 849 subesse,
2045 809 2141 837 non
2158 795 2295 854 longe
2317 804 2484 856 tamen,
2504 808 2555 841 ut
2573 800 2772 854 videtur,

1493 864 1543 906 in
1583 879 1759 909 summa
1799 880 2030 908 annorum
2068 879 2094 909 a
2129 866 2339 924 reliquis,
2386 882 2501 924 quos
2538 872 2774 930 novimus,

1493 935 1802 980 recedentem.
1849 938 2055 998 Fortasse
2095 938 2278 981 numeri
2317 939 2506 982 Barbari
2552 955 2608 984 ex
2647 951 2777 1000 parte

1494 1004 1730 1070 fluxerunt
1752 1024 1777 1052 e
1799 1010 2047 1053 Ptolemaeo
2080 1009 2335 1053 Mendesio.
2360 1010 2491 1054 Certe
2526 1027 2577 1056 ea
2599 1028 2697 1070 quae
2728 1016 2776 1058 in

1495 1081 1800 1137 sequentibus.
1826 1081 1976 1125 alieno
2001 1081 2297 1145 locoposita
2335 1083 2465 1126 uncis
2495 1084 2777 1142 inclusimus,

1495 1160 1714 1196 monente
1736 1152 1958 1196 Boeckhio
1970 1187 1985 1211 ,
2010 1152 2398 1216 aperte-indicant
2427 1154 2581 1197 locum
2602 1157 2778 1200 Tatiani

1500 1219 1612 1280 (Or.
1644 1223 1749 1267 adv.
1778 1220 1858 1268 Gr.
1883 1239 1924 1270 c.
1958 1220 2065 1285 39),
2099 1224 2196 1282 quo
2228 1225 2461 1268 Ptolemaei
2482 1226 2703 1270 Mendesii
2736 1238 2782 1272 et

1497 1295 1692 1354 Apionis
1718 1296 1892 1339 mentio
1931 1285 1999 1339 fit.
2041 1296 2192 1357 Verba
2230 1297 2408 1340 Tatiani
2447 1308 2552 1341 sunt
2589 1314 2598 1342 :
2642 1298 2777 1359 Αἰγυ-

1498 1363 1631 1411 πτίων
1651 1366 1687 1411 δ’
1704 1364 1808 1411 εἰσὶν
1832 1364 2021 1428 ἀκριὸεῒς
2035 1364 2199 1429 χρόνων
2223 1366 2478 1432 ἀναγραφαί·
2496 1367 2569 1414 καὶ
2589 1371 2672 1415 τῶν
2686 1370 2779 1416 κατ’

1500 1435 1651 1490 αὐτοὺς
1671 1436 1942 1500 γραμμάτων
1962 1436 2166 1500 ἑρμηνεὺς
2187 1437 2200 1502 (
2212 1444 2292 1498 qui
2303 1445 2442 1484 etiam
2463 1445 2781 1501 AEgyptioram

1497 1504 2138 1571 scripturas'composuz't?)...
2163 1508 2238 1562 τὰς
2261 1511 2345 1555 τῶν
2367 1510 2577 1573 βασιλέων
2611 1512 2784 1576 πράξεις

1499 1579 1762 1642 ἐκτιθέμενος
1787 1580 1900 1647 κατὰ
1923 1579 2115 1642 Ἄμωσιν
2155 1580 2374 1643 Αἰγύπτου
2411 1584 2588 1645 βασιλέα
2616 1585 2784 1648 γεγονέ-

1499 1671 1568 1698 ναι
1589 1652 1811 1717 Ἰουδαίοις
1834 1653 1938 1719 φησὶ
1957 1652 2034 1716 τὴν
2055 1652 2097 1708 ἐξ
2118 1653 2341 1716 Αἰγύπτου
2365 1654 2518 1709 ἔξοδον.
2545 1657 2668 1713 Μετὰ
2685 1662 2782 1709 τοῦ·

1499 1742 1571 1771 τον
1592 1724 1636 1771 δὲ
1662 1724 1816 1773 Ἀπίων
1848 1729 1870 1773 ὃ
1904 1725 2219 1791 γραμματικὸς.
2250 1765 2273 1782 .,
2298 1727 2425 1793 φησὶν
2455 1726 2520 1774 ὅτι
2540 1731 2784 1795 κατέσκαψε

1499 1795 1577 1854 τὴν
1601 1796 1765 1862 Αὔαριν
1782 1794 1972 1860 ’Άμωσις
1993 1796 2105 1845 κατὰ
2127 1797 2198 1845 τὸν
2219 1798 2405 1863 Ἀργεῖον
2424 1798 2646 1861 γενόμενος
2666 1798 2783 1849 Ἵνα·

1499 1886 1592 1932 χον,
1621 1871 1678 1923 ὣς
1702 1871 1745 1916 ἐν
1770 1876 1855 1923 τοῖς
1887 1869 2063 1934 Χρόνοις
2086 1869 2322 1935 ἀνέγραψεν
2348 1874 2380 1918 ὁ·
2404 1871 2643 1929 Μενδήσιος
2667 1875 2783 1921 Πτο-

1499 1944 1691 2001 λεμαῖος.
1720 1944 1958 2003 .Suspicor
1995 1944 2284 1988 Mendesium
2326 1945 2459 1988 illum
2498 1947 2784 1992 Manethonis

1500 2029 1617 2073 opus
1642 2014 1797 2059 denuo
1835 2017 2134 2076 recensuisse3
2159 2031 2268 2060 nam
2295 2016 2519 2061 confundi
2543 2018 2785 2069 interdum-

1497 2087 1826 2131 Manethonem
1846 2103 1952 2131 cum
1977 2087 2224 2132 Ptolemaeo
2255 2089 2408 2132 nescio
2433 2104 2492 2132 an
2526 2089 2634 2134 inde
2667 2106 2785 2134 con-

1499 2157 1687 2202 cludere
1725 2159 1884 2215 liceat‚
1922 2159 2052 2217 quod
2088 2159 2250 2204 Suidas
2288 2159 2422 2203 affert
2458 2161 2786 2205 Manethoneni

1496 2229 1800 2282 Mendesium.
1827 2233 1976 2278 Porro
2000 2232 2207 2276 Clemens
2232 2231 2571 2276 Alexandrinus
2587 2265 2600 2287 ‚
2624 2232 2785 2276 eadem

1499 2316 1600 2359 quae
1619 2302 1834 2345 Tatianus
1852 2317 2067 2357 narrans,
2090 2302 2379 2346 Mendesium
2405 2303 2530 2346 hunc
2558 2304 2786 2348 Chronica

1497 2374 1723 2432 scripsisse
1746 2373 1859 2418 dicit
1882 2375 2010 2418 libris
2038 2375 2175 2418 tribus
2204 2373 2300 2432 (uti
2322 2374 2541 2418 Manetho
2558 2373 2590 2434 ).
2623 2377 2692 2418 De
2715 2375 2786 2419 his

1497 2446 1615 2488 nihil
1630 2446 1865 2501 Tatianus3
1887 2461 2038 2504 neque
2055 2446 2299 2489 verisimile
2319 2455 2408 2500 est,
2430 2447 2466 2489 si
2483 2455 2606 2490 recte
2626 2447 2781 2491 Schol-

1501 2516 1662 2575 Odyss.
1688 2519 1767 2573 IV,
1796 2516 1889 2560 228
1914 2517 2055 2560 refert
2076 2517 2376 2561 Ptolemaeum
2406 2517 2464 2561 de
2488 2518 2638 2561 Thuni
2657 2516 2669 2581 (
2686 2521 2786 2562 Ho-

1500 2592 1614 2631 meri
1629 2587 1924 2647 Alexandra)
1946 2588 2110 2632 dixisse
2126 2589 2464 2633 Chronicorum
2478 2590 2599 2633 libro
2612 2595 2782 2649 primo.

1502 2686 1562 2693 —
1598 2661 1738 2718 Quod
1781 2661 1944 2704 attinet
1980 2675 2227 2704 numerum
2261 2662 2350 2705 duo
2387 2663 2537 2704 millia
2575 2672 2775 2716 centum,

1484 2748 1646 2797 ⁷quum
1659 2734 1817 2791 paullo
1833 2742 1939 2792 post
1954 2733 2122 2776 iterum
2141 2742 2360 2792 ponatur,
2379 2734 2517 2803 sfmel
2536 2741 2658 2777 certe
2676 2749 2783 2786 coru

1501 2813 1663 2864 ruptus
1696 2804 1851 2848 fuerit.
1890 2806 1990 2849 Sec.
2021 2806 2283 2864 Syncellum
2306 2806 2524 2849 Manetho
2557 2806 2606 2848 in
2634 2806 2805 2864 primo.

1501 2877 1740 2921 volumine
1760 2892 1921 2936 regum
1941 2878 2207 2920 mortalium
2228 2892 2373 2921 annos
2391 2878 2619 2921 recensuit
2643 2877 2784 2923 2300.

1501 2949 1624 2992 Num
1653 2950 1744 2993 hoc
1770 2948 1978 2998 analiud
2011 2948 2155 2992 subsit
2192 2949 2348 2993 verbis
2378 2949 2594 3005 Bar-bari,
2620 2951 2789 2998 nescio,

2123 3045 2165 3090 5.

1569 3147 1733 3191 Malala
1757 3147 1931 3192 Chron.
1961 3160 2012 3204 p.
2047 3144 2106 3190 25
2126 3178 2138 3201 ‚
2173 3162 2226 3189 12
2253 3145 2328 3191 ed.
2345 3147 2518 3203 Bonn.‚
2544 3153 2791 3204 postquam

1505 3219 1737 3278 Hephaesti
1760 3217 1903 3276 (1680
1924 3216 2019 3277 an.)
2047 3251 2058 3273 ,
2082 3218 2199 3262 Solis
2217 3215 2359 3278 (4477
2384 3217 2475 3277 311.)
2492 3251 2503 3271 ,
2526 3218 2667 3272 Sosis,
2690 3218 2789 3261 Osi-

1505 3291 1640 3345 ridis,
1664 3291 1782 3334 Hori
1806 3298 1852 3333 et
1873 3289 2081 3333 Thulidis
2102 3304 2245 3350 regna
2266 3299 2583 3343 recensuerat,
2615 3289 2743 3333 addit
2776 3302 2787 3333 :

1506 3344 1660 3408 sz't‘iw
1678 3358 1723 3405 δὲ
1740 3358 2000 3411 παλαιὰ,κα“ι
2026 3359 2186 3423 ἀρχαῖα
2214 3357 2412 3422 βασίλεια
2435 3361 2518 3404 τῶν
2543 3358 2788 3420 Αἰγυπτίων

1506 3435 1585 3480 Μα
1596 3435 1677 3478 νεθ
1688 3429 1751 3476 ὼν
1766 3430 2075 3495 συνεγράψατο·
2094 3432 2136 3476 ἓν
2151 3422 2211 3484 οἷς
2221 3429 2551 3494 συγγράμμασιν
2569 3432 2696 3476 αὐτοῦ
2712 3432 2786 3491 ἐμ·

1507 3502 1678 3566 φέρεται
1691 3501 1829 3555 ἄλλως
1841 3501 2039 3567 λέγεσθαι
2051 3500 2128 3555 τὰς
2137 3501 2380 3564 ἐπωνυμίας
2387 3504 2469 3548 τῶν
2480 3501 2604 3548 πέντε
2619 3503 2789 3557 πλανη-

1560 3631 1612 3681 (*)
1635 3632 1711 3671 'rot
1732 3631 1812 3671 fere
1831 3630 2028 3671 Diodorus
2043 3630 2116 3671 diis
2136 3631 2275 3671 tribuit
2299 3631 2480 3680 (18000.)
2500 3654 2550 3665 -
2572 3628 2684 3679 Apud
2704 3630 2786 3668 Ma·

1508 3690 1626 3728 lalam
1660 3700 1700 3738 p.
1738 3694 1791 3729 21μ
1806 3699 1906 3738 51111.
1925 3688 1988 3728 ed.
2011 3690 2138 3732 Bonn.
2173 3689 2405 3738 Hephaestus
2426 3689 2561 3737 regnat
2587 3690 2698 3725 1680.
2723 3686 2787 3725 Sol

1516 3750 1615 3792 4477
1633 3757 1756 3793 annos
1778 3746 1843 3785 vel
1866 3746 1970 3793 dios3
1992 3757 2094 3796 quos
2112 3756 2298 3784 numeros
2319 3746 2359 3783 in
2377 3746 2486 3783 tanta
2507 3744 2787 3792 Excerptorum

1509 3803 1760 3854 corruptione
1771 3814 2007 3853 componere
2021 3803 2164 3854 aliquis
2175 3803 2319 3842 audeat
2335 3813 2425 3841 cum
2444 3801 2599 3840 Barbari
2614 3799 2789 3838 numeris
2839 3804 2853 3817 ·

1511 3865 1586 3901 680
1603 3863 1643 3900 et
1655 3865 1718 3901 77.
1735 3882 1789 3890 —
1804 3861 1918 3911 Apud
1932 3862 2025 3901 Joh.
2045 3861 2225 3900 Antioch.
2239 3861 2280 3899 in
2293 3863 2422 3899 cram.
2440 3858 2558 3896 Paris.
2572 3856 2718 3896 Aneed.
2733 3858 2798 3904 11„

1515 3924 1591 3960 385
1607 3919 1687 3959 Soli
1705 3919 1851 3958 dantur
1869 3919 1962 3958 anni
1979 3917 2085 3970 ,ξψοῖ
2107 3918 2210 3967 (scr.
2234 3916 2340 3966 ,ζψοξ
2357 3915 2498 3964 7777).

1503 4056 1592 4105 tur-3
1613 4056 1802 4095 nimirum
1835 4059 2009 4096 Cronurn
2040 4054 2288 4105 appellabant
2318 4051 2529 4100 λάμποντα,
2563 4049 2785 4098 splenden-

1505 4122 1603 4164 tem,
1640 4122 1780 4159 Jovem
1817 4122 2016 4170 φαέθοντα,
2049 4117 2278 4163 Lucidum,
2312 4116 2477 4154 Martem
2514 4114 2667 4164 πυρώδη
2705 4112 2786 4152 sive

88 4167 126 4228 ῥ’
150 4177 260 4226 eujus
277 4179 318 4219 in
333 4180 488 4230 scriptis
507 4181 619 4221 aliter
642 4181 887 4222 denominari
915 4182 1093 4234 quinque
1111 4184 1278 4237 planetae
1299 4184 1425 4225 serun-
1506 4185 1696 4233 aneum,
1717 4186 1909 4223 Venerem
1934 4182 2145 4229 κάλλιστον,
2166 4178 2517 4225 ΡιιῖεΙῑθννίηιηηι,
2536 4175 2802 4225 Mercurium„
