3016 4628
278 304 364 345 172

271 408 412 450 θενται
434 396 566 459 αὐτοὶ,
582 398 610 457 ἢ
629 397 1022 455 κατασκευάζουσιν
1042 397 1202 465 ἕτερον,
1220 396 1367 462 ὥσπερ
1389 396 1549 446 Ἱππα-

273 477 381 540 ρῖνος
396 472 617 522 Διονύσιον
641 474 683 520 ἐν
707 471 1026 538 Συρακούσαις.

334 551 390 605 V,
412 552 460 608 4,
483 547 512 591 6
546 561 558 593 ε
596 544 816 599 Διονύσιος
843 545 1095 609 κατηγορῶν
1131 541 1350 606 Δαφναίου
1374 540 1448 589 καὶ
1473 544 1555 587 τῶν

268 618 483 666 πλουσίων
495 617 654 675 ἠξιώθη
671 620 747 675 τῆς
758 615 1015 683 τυραννίδος,
1031 614 1100 661 διὰ
1114 613 1189 671 τὴν
1208 613 1363 678 ἔχθραν
1382 631 1553 659 πιστευ·

269 689 401 744 θεὶς(
377 710 434 744 ως
453 688 736 753 δημοτικὸς”
705 709 781 736 ων.

334 766 421 822 111,
445 779 518 822 10,
544 780 640 809 10:
665 762 743 810 Δει
756 760 839 825 γὰρ
867 758 992 806 αὐτὸν
1016 758 1092 820 μὲν
1129 758 1219 819 (se.
1241 755 1312 802 τὸν
1336 754 1551 846 μέλλοντα

272 835 582 900 βασιλεύειν)”
558 854 672 900 εχειν
693 833 839 898 ἶσχον,
860 837 967 879 εἰναι
1000 832 1044 878 δὲ
1066 829 1277 885 τοσαύτην
1301 827 1378 884 τὴν
1402 825 1551 889 ἷσχυν,

270 907 382 955 ὥστε
412 907 593 955 ἑκάστου
620 905 698 970 μὲν
722 906 838 953 καὶ
822 904 910 957 ενὸς
935 902 1009 950 καὶ
1029 899 1323 963 συμπλειόνων
1347 897 1552 962 κρείττω,

270 984 346 1027 τοῦ
366 978 411 1026 δὲ
431 979 619 1038 πλήθους
635 978 765 1037 ἥττω,
787 975 983 1039 καθάπερ
1006 973 1049 1021 οἵ
1068 974 1105 1019 τ’
1126 972 1299 1036 ἀρχαῖοι
1319 969 1394 1022 τὰς
1417 968 1554 1034 φύλα-

270 1071 348 1104 κας
371 1051 582 1109 ἐδίδοσαν,
603 1050 672 1097 ὅτε
700 1047 948 1097 καθισταῖέν
978 1065 1072 1093 τινα
1093 1047 1171 1102 τῆς
1192 1041 1357 1094 πόλεως
1379 1041 1463 1087 ὃν’
1445 1039 1552 1086 εκά-

269 1124 369 1170 λουν
395 1122 660 1185 αἰσυμνήτην
680 1121 707 1178 ἢ
726 1120 941 1184 τύραννον,
955 1117 1029 1164 καὶ
1047 1114 1256 1179 Διονυσίῳ
1276 1133 1352 1171 τις,
1373 1112 1435 1159 οτ’
1457 1111 1550 1176 ᾔτει

271 1213 370 1246 τους
390 1193 613 1257 φύλακας,
635 1191 910 1240 συνεὸούλευε
931 1196 1017 1242 τοῖς
1039 1185 1348 1252 Συρακουσίοις
1385 1184 1549 1230 διδόναι

271 1265 495 1319 τοσούτους
518 1285 613 1319 τους
641 1265 848 1330 φύλακας.

337 1343 391 1395 V,
426 1356 484 1399 9,
520 1338 585 1384 5:
619 1339 694 1383 Ad
717 1354 795 1394 ea,
826 1337 995 1396 quibus
1025 1332 1319 1394 tyrannidem
1364 1339 1555 1375 tuentur

271 1414 480 1471 tyianni,
502 1412 704 1471 pertinet
729 1411 864 1454 etiam
905 1410 932 1463 ἡ
960 1403 1135 1471 εἰσφορὰ
1167 1405 1251 1450 τῶν
1271 1401 1428 1460 τελων,
1462 1407 1549 1448 οἱον

270 1484 314 1528 ἐν
339 1481 657 1544 Συρακούσαις·
696 1482 739 1526 ἐν
773 1497 899 1525 πεντε
937 1476 1019 1566 γὰρ
1044 1476 1180 1522 ἔτεσιν
1220 1472 1293 1520 ἐπὶ
1327 1472 1550 1521 Διονυσίου

270 1554 346 1611 τὴν
363 1554 506 1601 οὐσίαν
528 1552 700 1599 ἅπασαν
722 1549 1031 1614 εἰσενηνοχέναι
1054 1546 1313 1594 συνέὸαινεν.
1332 1548 1555 1593 Similiter

270 1628 486 1686 Cypselus
504 1642 578 1685 ap.
604 1627 792 1672 Aristot.
815 1626 994 1669 OEcon.
1016 1624 1085 1677 II,
1109 1637 1150 1665 c.
1181 1636 1227 1668 2.
1292 1628 1295 1631 ’

336 1701 375 1754 Ι,
396 1714 441 1753 2,
464 1714 523 1742 2;
545 1695 792 1757 Ἔπιστήμη
809 1696 845 1741 δ’
868 1693 916 1740 ἂν
938 1712 1003 1749 ειη
1021 1690 1095 1738 καὶ
1116 1688 1347 1748 δεσποτικὴ
1369 1709 1444 1736 και
1462 1690 1552 1736 δου-

268 1768 390 1826 λική·
417 1767 589 1825 δουλικὴ
626 1766 723 1830 μὲν,
750 1765 840 1813 οίαν
868 1784 950 1830 περ
974 1766 1040 1812 ὅ
1021 1779 1063 1811 εν
1089 1762 1391 1828 Συρακούσαις
1425 1761 1555 1808 ἐπαί-

271 1842 406 1887 δευεν·
436 1842 525 1887 ἐκεῖ
543 1838 624 1903 γὰρ
654 1837 889 1901 λαμὸάνων
921 1855 983 1890 τις
1013 1835 1161 1898 μισθὸν
1183 1833 1383 1881 ἐδίδασκε
1406 1832 1461 1879 τὰ
1482 1834 1555 1898 ἐγ-

269 1910 424 1958 κύκλια
446 1910 739 1971 διακονήματα
759 1908 852 1962 τοὺς
872 1909 1046 1960 παῖδας.

335 1987 378 2044 Ι,
403 1990 452 2042 4,
483 2002 507 2042 7
545 2001 556 2029 :
596 1982 670 2030 'Ev
707 1980 887 2045 Σικελίᾳ
923 1979 968 2026 δέ
989 1999 1053 2033 τις
1075 1977 1263 2032 τεθέντος
1298 1976 1402 2043 παρ’
1434 1978 1553 2042 αὐτῷ

269 2054 532 2116 νομίσματος
558 2053 813 2117 συνεπρίατο
836 2052 980 2099 πάντα
1004 2051 1075 2098 τὸν
1098 2051 1271 2116 σίδηρον
1299 2052 1348 2097 ἐκ
1371 2052 1459 2096 τῶν
1486 2068 1553 2096 σι-

270 2127 463 2191 δηρείων,
496 2126 605 2188 μετὰ
629 2126 825 2173 δὲταῦτα
850 2128 906 2179 ὡς
931 2124 1132 2190 ἀφίκοντο
1157 2125 1205 2170 ἐκ
1230 2125 1314 2169 τῶν
1336 2121 1554 2187 ἐμπορίων

270 2202 307 2246 οἱ
329 2199 534 2264 ἔμποροι,
555 2199 710 2246 ἐπώλει
731 2197 878 2260 μόνος,
905 2199 950 2244 οὗ
972 2195 1136 2254 πολλὴν
1165 2195 1351 2252 ποιήσας
1374 2193 1551 2258 ὑπερδο-

268 2270 346 2328 λὴν
370 2275 445 2328 τῆς
467 2275 614 2331 τιμῆς,
634 2272 728 2317 ἀλλ’
753 2268 869 2331 ὅμως
894 2269 964 2316 ἐπὶ
984 2276 1071 2323 τοῖς
1091 2267 1360 2326 πεντήκοντα
1390 2265 1556 2313 ταλάν-

267 2364 352 2397 τοις
373 2343 583 2390 ἐπέλαὸεν
618 2341 784 2389 ἑκατόν.
808 2345 951 2390 Τοῦτο
986 2341 1063 2404 μὲν
1087 2333 1159 2388 οὖν
1192 2343 1215 2387 ὃ
1239 2338 1461 2393 Διονύσιος
1487 2341 1554 2386 αἷ-

270 2415 468 2478 σθόμενος
483 2414 537 2462 τὰ
558 2414 635 2477 μὲν
655 2413 863 2479 χρήματα
883 2413 1102 2461 ἐκέλευσεν
1120 2411 1436 2476 ἐκκομίσασθαι
1452 2450 1465 2471 ,
1486 2410 1547 2474 μὴ

267 2553 549 2603 rempublicam
557 2552 823 2602 moderantur,
835 2552 1069 2602 patrimonia
1077 2550 1408 2601 consumpserunt
1415 2549 1558 2588 intem-

267 2619 449 2667 peranter
459 2616 643 2656 vivendo.
657 2617 814 2656 Etenim
822 2616 922 2656 tales
932 2616 1111 2655 homines
1122 2615 1241 2655 rebus
1251 2614 1366 2654 novis
1377 2613 1555 2662 student,

269 2682 309 2720 et
338 2682 408 2719 aut
444 2680 516 2730 ipsi
547 2680 797 2730 tyrannidem
819 2681 1033 2740 'occupant
1046 2709 1058 2730 ,
1093 2681 1164 2719 aut
1193 2679 1316 2719 alium
1335 2680 1555 2729 tyrannum

269 2745 431 2795 parant,
454 2743 786 2794 quemadmodum
810 2744 1049 2794 Hipparinus
1072 2743 1305 2794 Dionysium
1341 2742 1557 2793 Syracusis.

321 2810 527 2858 Dionysius
541 2839 552 2857 ,
574 2820 699 2858 quum
714 2810 962 2859 Daphnaeum
981 2811 1021 2848 et
1040 2810 1192 2849 ceteros
1211 2808 1428 2858 locupletes
1440 2817 1559 2846 accu-

271 2873 392 2914 sasset
403 2904 414 2923 ,
431 2874 568 2924 dignus
576 2874 780 2924 tyrannide
798 2875 1043 2914 existimatus
1059 2875 1132 2924 est,
1150 2874 1310 2924 propter
1322 2872 1551 2911 inimicitias

272 2949 366 2976 eum
384 2938 459 2976 illis
488 2939 686 2988 susceptas
712 2938 830 2978 fidem
845 2937 949 2988 apud
965 2938 1158 2989 populum
1173 2938 1430 2986 consecutus,
1443 2935 1557 2986 quasi

273 2999 470 3050 popularis
485 3001 599 3039 esset.

326 3064 490 3116 Oportet
507 3062 611 3101 enim
627 3063 662 3102 ei
685 3062 789 3113 (regi
806 3064 820 3114 )
835 3064 916 3103 vim
937 3063 1097 3114 quidem
1117 3063 1265 3114 praesto
1281 3073 1365 3103 esse
1377 3091 1388 3111 ‚
1413 3061 1485 3102 sed
1501 3062 1560 3101 ta·

275 3127 375 3176 lem,
403 3127 448 3164 ut
476 3126 642 3164 validior
670 3127 720 3166 sit
742 3138 864 3177 quam
892 3128 1033 3178 singuli
1060 3130 1100 3167 et
1120 3138 1224 3166 unus
1247 3128 1288 3167 et
1314 3126 1558 3176 complures,

276 3189 505 3228 imbecillior
517 3191 647 3228 tamen
665 3201 783 3240 quam
795 3191 976 3230 universa
994 3191 1222 3231 multitudo.
1235 3190 1351 3238 Quod
1364 3189 1561 3230 faciebant

274 3255 369 3293 olim
382 3284 392 3304 ,
410 3254 440 3293 si
456 3265 573 3304 quem
591 3255 758 3294 civitatis
772 3258 1039 3305 AEsymnetem
1051 3287 1062 3307 ‚
1076 3256 1415 3307 quemadmodum
1430 3254 1560 3305 appel-

278 3318 428 3365 labant,
446 3319 515 3356 aut
529 3319 741 3366 tyrannum
758 3319 943 3359 creabant
962 3336 971 3359 ι
994 3321 1088 3359 item
1104 3320 1356 3370 Syracusanis
1374 3319 1561 3369 Dionysio

276 3381 458 3420 custodes
473 3381 617 3431 petenti
636 3382 696 3420 tot
715 3393 880 3422 numero
900 3383 1061 3433 quidam
1084 3386 1130 3424 ut
1147 3384 1309 3434 darent,
1327 3382 1534 3423 suadebat.

331 3443 389 3483 Ad
427 3455 474 3482 ea
486 3474 496 3492 ,
525 3444 669 3493 quibus
698 3446 947 3494 tyrannidem
983 3448 1146 3487 tuentur
1177 3447 1361 3498 tyranni,
1393 3446 1563 3497 pertinet

277 3509 395 3548 etiam
412 3507 650 3546 tributorum
666 3510 817 3547 exactio
829 3539 840 3558 ‚
854 3511 899 3548 ut
912 3511 1126 3560 Syracusis,
1143 3511 1211 3550 ubi
1225 3510 1476 3561 tyrannidem
1492 3510 1563 3550 ob-

276 3574 426 3613 tinente
444 3572 628 3622 Dionysio
640 3584 775 3612 omnes
790 3585 882 3623 opes
898 3576 1040 3614 civium
1062 3577 1239 3627 quinque
1254 3587 1451 3616 annorum
1463 3586 1554 3626 spa-

279 3638 337 3677 tio
356 3636 494 3676 tributi
515 3636 674 3676 nomine
686 3637 840 3677 collatae
862 3639 1036 3679 fuerunt.

328 3700 498 3744 scientia
511 3710 594 3740 esse
605 3700 761 3739 videtur
773 3702 812 3739 et
827 3702 979 3741 servilis
993 3704 1033 3742 et
1047 3703 1177 3743 herilis
1194 3721 1201 3744 :
1218 3704 1371 3744 servilis
1385 3704 1562 3755 quidem,

278 3764 405 3815 qualis
417 3774 478 3813 ea,
496 3774 617 3814 qnam
629 3763 692 3802 ille
703 3767 970 3813 Syracusanus
985 3767 1175 3806 tradebat.
1187 3769 1274 3807 lllic
1286 3769 1390 3807 enim
1401 3769 1563 3818 quidam

274 3827 623 3877 mercedeaccepta
632 3827 1565 3879 puerosusitataetvulgariaministeriadocebat.

332 3895 374 3932 ln
415 3891 549 3931 Sicilia
585 3890 746 3941 quidam
789 3891 919 3930 numis
961 3892 1063 3941 apud
1102 3905 1144 3933 se
1187 3894 1372 3944 depositis
1416 3896 1566 3935 serrum

279 3966 396 3995 omne
416 3966 466 3994 ex
482 3954 654 3994 ferrariis
684 3953 852 3993 officinis
870 3955 1027 3994 coemit.
1044 3957 1204 4006 Postea,
1227 3958 1294 3996 ubi
1311 3969 1362 3998 ex
1382 3959 1567 4009 emporiis

281 4017 554 4065 convenerunt
577 4018 839 4066 mercatores,
869 4017 1015 4057 serrum
1053 4029 1171 4059 omne
1200 4020 1307 4060 solus
1340 4022 1564 4073 vendebat,

282 4096 360 4124 non
391 4084 447 4124 ita
470 4082 729 4123 immoderate
759 4084 877 4123 aucto
903 4084 1030 4133 pretio
1058 4100 1065 4123 :
1096 4086 1373 4125 verumtamen
1400 4088 1564 4137 talentis

282 4149 566 4199 quinquaginta
583 4147 785 4198 expensis,
806 4149 966 4187 centum
985 4148 1082 4187 lucri
1101 4149 1204 4188 fecit.
1222 4150 1335 4196 Quod
1351 4161 1474 4200 quum
1493 4163 1565 4190 au-

285 4214 401 4254 disset
426 4213 652 4263 Dionysius,
685 4214 862 4264 pecuniae
889 4212 1049 4264 quidem
1077 4223 1211 4255 secum
1239 4216 1493 4265 exportanda:
1529 4216 1565 4256 ei

1155 288 1561 339 ARISTOTELIS
1606 289 2006 339 FRAGMENTA.
2035 338 2043 342 ,

1629 396 1774 459 μέντοι
1797 398 1838 458 γ’
1863 395 1927 443 ἔτι
1955 392 2096 456 μένειν
2125 395 2168 440 ἐν
2194 395 2515 461 Συρακούσαις,
2535 398 2593 451 ὣς
2614 396 2770 462 πόρους
2804 396 2919 464 εὓρί-
2940 401 2951 434 ³,

1628 488 1785 518 σκοντα
1803 475 1888 522 τοῖς
1909 469 2038 514 αὐτοῦ
2058 466 2309 533 πράγμασιν
2332 470 2655 535 ἅσυμφόρους.]

2214 556 2325 603 223.
2946 600 2950 609 2
2999 603 3001 605 .

1692 636 1937 688 Athenaeus
1949 644 2072 702 X,p.
2086 641 2197 699 435,
2211 645 2276 688 E:
2298 641 2593 707 Ἀριστοτέλης
2608 644 2646 691 δ’
2657 645 2766 709 ἐντῇ
2781 646 2954 711 zupus-f*
2999 639 3009 685 ᾗ

1627 713 1809 760 κουσίων
1832 712 2052 778 πολιτείᾳ,
2075 713 2150 760 καὶ
2178 717 2369 779 συνεχῶς
2390 715 2521 780 φησὶν
2544 715 2671 764 αὐτὸν
2695 717 2791 781 (se.
2818 720 2957 771 Διός..ι

1627 785 1767 832 νύσιον
1804 784 1876 832 τὸν
1903 784 2139 850 νεώτερον)
2174 785 2261 835 ἔσθ’
2286 786 2357 834 ὅτε
2381 788 2453 835 ἐπὶ
2483 786 2648 854 ἡμέρας
2670 788 2959 848 ἐνενήκοντα·ι

1629 856 1823 917 μεθύειν·
1861 857 1924 904 διὸ
1957 856 2034 904 καὶ
2073 858 2437 926 ἇμὸλυωπότερον
2471 859 2670 925 γενέσθαι
2691 859 2768 916 τὰς
2789 861 2923 928 ὄψεις.
2946 893 2952 895 -

1627 932 1695 979 Cf.
1718 933 1958 979 Plutarch.
1999 933 2141 978 Dion.
2168 949 2208 978 e.
2247 950 2291 992 7.
2946 972 2959 993 .·=
2998 931 3009 967 f'

1691 1006 1883 1051 Aristot.
1905 1005 2004 1049 Pol.
2027 1005 2150 1070 V,8,
2173 1011 2272 1058 14:
2301 1004 2392 1054 Καὶ
2426 1005 2639 1070 Διονυσίῳ
2661 1009 2723 1073 τῷ
2754 987 2958 1074 υστέρῳ

1626 1074 1740 1123 Δίων
1762 1074 1938 1122 ἐπέθετο
1963 1074 2033 1122 διὰ
2053 1074 2102 1123 τὸ
2122 1079 2424 1143 καταφρονεῖν,
2445 1081 2554 1143 δρῶν
2571 1078 2668 1132 τούς
2682 1098 2730 1127 τε
2745 1078 2930 1136 πολίτας,
2943 1079 2964 1143 2}
2998 1086 3003 1105 ³

1626 1147 1758 1200 οὕτως
1781 1146 1960 1212 ἔχοντας
1990 1167 2065 1195 και
2092 1147 2221 1196 αὐτὸν
2252 1150 2349 1198 αἰεὶ-
2374 1152 2603 1214 μεθύοντα.
2639 1153 2719 1206 Cf.
2749 1153 2925 1205 AElian.
2997 1150 3002 1170 ’ἶ

1624 1223 1710 1278 VI,
1745 1236 1828 1284 123
1855 1223 2021 1270 Justm.
2050 1224 2202 1284 XXI,
2231 1240 2277 1272 2.
2937 1231 2940 1233 ’

2193 1310 2350 1374 [224.]
2938 1335 2957 1367 >j
2999 1343 3004 1378 i

1693 1386 1919 1458 [Aristot.
1939 1396 2047 1445 Pol.
2065 1402 2120 1456 V,
2142 1398 2186 1456 8,
2207 1416 2225 1444 1
2240 1416 2264 1457 7
2288 1416 2298 1444 :
2323 1397 2512 1452 Ἐκεῖνος
2527 1396 2610 1464 γὰρ
2633 1397 2718 1464 (sc.
2740 1400 2764 1446 ὃ
2779 1397 2923 1464 Δίων)
2943 1385 2959 1462 1}

1630 1471 1724 1531 μετ’
1751 1468 1908 1532 ὀλίγων
1949 1469 2231 1535 ἐστράτευσεν
2267 1470 2339 1519 ἐπὶ
2376 1472 2615 1532 Διονύσιον,
2646 1471 2781 1527 οὕτως
2803 1468 2953 1538 ἔχειν.ἰ
3000 1489 3003 1492 ’

1628 1541 1822 1607 φάσκων,
1855 1544 1941 1601 ὡς,
1968 1561 2158 1607 οπουπερ
2191 1542 2242 1590 ἂν
2281 1538 2460 1602 δύνηται
2499 1545 2736 1610 προελθεῖν,
2775 1543 2924 1593 ἱκανὸν

1630 1616 1747 1679 αὐτῷ
1773 1632 1974 1662 τοσουτον
2004 1622 2239 1680 μετασχεῖν
2267 1619 2344 1674 τ’ῆς
2368 1616 2584 1682 πράξεως,
2605 1609 2693 1665 οἷον
2713 1619 2751 1665 εἷ
2771 1616 2927 1683 μικρὸν

1629 1685 1842 1733 ἐπιὸάντα
1865 1691 1942 1745 τ’ἧς
1965 1690 2042 1750 γῆς
2078 1686 2218 1742 εὐθὺς
2229 1688 2426 1751 συμὸαίη
2464 1691 2746 1750 τελευτησαι,
2777 1709 2927 1739 τουτον

1628 1762 1771 1813 καλῶς
1796 1759 1910 1823 ἔχειν
1940 1762 2058 1826 αὐτῷ
2081 1760 2152 1808 τὸν
2177 1760 2388 1812 θάνατον.-
2414 1766 2487 1810 De
2516 1765 2671 1810 Dione
2706 1764 2767 1811 ef.
2790 1767 2852 1823 V,
2877 1764 2925 1822 8,

1635 1849 1692 1894 19
1721 1833 1812 1895 (fr.
1836 1850 1926 1879 221
1949 1834 1980 1896 ).

1695 1908 1749 1963 V,
1778 1921 1835 1963 2,
1868 1922 1920 1951 ιι
1951 1922 1962 1951 :
2003 1903 2293 1970 Συρακούσιοι
2331 1905 2443 1969 μετὰ
2481 1906 2535 1954 τὰ
2566 1906 2797 1974 τυραννικὰ
2829 1907 2938 1963 τους

1656 1972 1771 2029 ε’νους
1790 1975 1865 2023 καὶ
1883 1975 1981 2031 τους
1999 1976 2280 2041 μισθοφόρους
2295 1977 2475 2034 πολίτας
2489 1981 2779 2043 ποιησάμενοι
2796 1981 2927 2028 ἐστα-

1631 2046 1787 2095 σίασαν
1811 2048 1884 2096 και
1909 2051 1966 2103 εἷς
1991 2049 2138 2114 μάχην
2159 2043 2304 2109 ἠλθον.
2322 2051 2342 2114 ]

2066 2149 2505 2215 [ΛΕΟΝΤΙΝΩΝ.]

2184 2240 2330 2310 [225.
2335 2239 2355 2309 ]

1695 2342 1906 2404 [Aristot.
1925 2345 2027 2390 Pol.
2045 2346 2100 2402 V,
2127 2360 2201 2402 10,
2224 2349 2285 2397 4.
2302 2342 2380 2391 Ἐν
2397 2341 2636 2398 Λεοντίνοις
2653 2346 2711 2399 εἷς
2728 2342 2808 2403 τὴν
2832 2346 2957 2398 Her«

1630 2413 1792 2462 ναιτίου
1815 2415 2046 2494 τυραννίδα
2072 2415 2088 2478 (
2107 2419 2134 2473 ἡ
2159 2415 2388 2480 ὀλιγαρχία
2411 2414 2674 2480 μετέὸαλε).

1631 2552 1868 2601 potestatem
1899 2551 2018 2599 fecit,
2043 2561 2186 2591 verum
2213 2552 2417 2602 Syracusis
2443 2562 2536 2591 eum
2569 2552 2762 2594 excedere
2781 2554 2929 2605 jussit,
2952 2551 2963 2562 ’“

1633 2617 1825 2665 tanquam
1843 2615 1915 2665 qui
1927 2615 2011 2654 vias
2026 2615 2209 2666 pecuniae
2225 2615 2416 2656 faciendae
2426 2615 2636 2666 reperisset
2656 2617 2738 2657 suis
2759 2617 2927 2659 rationi-

1632 2680 1707 2720 bus
1724 2680 1831 2720 haud
1847 2680 2209 2733 accommodatas]

2221 2759 2324 2799 223.

1685 2826 1916 2875 Aristoteles
1937 2835 1979 2874 in
2001 2836 2341 2884 Syracusanorum
2372 2846 2456 2885 rep.
2476 2834 2710 2886 Dionysium
2729 2835 2929 2884 juniorem

1633 2909 1922 2948 nonnunquam
1949 2909 2020 2948 per
2045 2898 2259 2947 nonaginta
2286 2899 2497 2937 continuos
2517 2898 2600 2938 dies
2626 2898 2782 2939 ebrium
2809 2899 2928 2941 fuisse

1633 2963 1791 3014 scribit;
1815 2974 1943 3014 eoque
1962 2965 2081 3002 etiam
2104 2963 2335 3002 hebetatum
2360 2963 2415 3001 illi
2435 2962 2642 3001 oculorum
2665 2974 2798 3004 usum.

1687 3031 1734 3068 ln
1762 3027 1995 3077 Dionysium
2031 3026 2289 3077 posteriorem
2329 3026 2430 3065 Dion
2467 3028 2628 3076 propter
2657 3029 2930 3079 contemptum

1635 3093 1800 3142 invasit,
1829 3103 1957 3142 quum
1974 3093 2014 3132 et
2032 3091 2142 3131 cives
2168 3091 2223 3131 ita·
2250 3091 2414 3131 affectos
2443 3093 2484 3131 et
2506 3090 2636 3142 ipsu'm
2664 3083 2821 3144 semper
2843 3104 2929 3134 esse

1637 3158 1792 3199 ebrium
1808 3158 1973 3198 videret.

2209 3236 2351 3290 [2243

1689 3317 1705 3369 s
1708 3318 1778 3358 Ille
1800 3317 1956 3373 (Dion)
1978 3322 2084 3363 enim
2099 3334 2191 3364 eum
2206 3334 2327 3374 parva
2346 3333 2468 3362 manu
2488 3321 2679 3362 adversus
2701 3321 2940 3373 Dionysium

1636 3393 1678 3422 se
1693 3385 1876 3435 eontulit,
1893 3397 2021 3436 quum
2036 3387 2112 3427 hoc
2127 3388 2260 3427 animo
2275 3397 2317 3426 se
2335 3397 2420 3426 esse
2436 3385 2607 3436 diceret,
2620 3386 2668 3426 ut
2677 3396 2906 3436 quocumqu
2917 3401 2941 3421 r<

1636 3448 1820 3497 progredi
1847 3449 2024 3503 daretur,
2050 3452 2214 3491 eatenus
2236 3450 2436 3490 actionem
2464 3449 2687 3500 susceptam
2715 3448 2934 3500 perducem

1638 3512 1733 3551 satis
1748 3514 1853 3557 esset
1867 3514 2100 3565 habiturus,
2118 3515 2196 3554 hoc
2215 3515 2274 3554 ost
2286 3543 2297 3564 ,
2314 3513 2546 3564 praeclaram
2559 3523 2648 3552 eam
2664 3513 2835 3553 mortem
2851 3523 2916 3552 ιιοι

1639 3579 1892 3616 recusaturus
1913 3578 1978 3617 vel
2001 3578 2034 3617 si
2057 3578 2191 3618 statim
2206 3577 2279 3617 sibi
2298 3587 2401 3616 mori
2413 3575 2629 3625 accideret
2645 3574 2766 3616 modo
2783 3576 2903 3648 terrai
2927 3579 2935 3596 ³

1639 3639 1745 3679 illius
1761 3640 1812 3679 ad
1826 3640 1948 3681 breve
1962 3642 2122 3692 tempus
2133 3640 2339 3691 attigisset.

1690 3706 1926 3755 Syracusani
1942 3707 2032 3756 post
2047 3707 2209 3745 exactos
2219 3707 2408 3755 tyrannos
2418 3733 2430 3754 ,
2447 3702 2661 3754 peregrinis
2674 3702 2715 3743 et
2727 3714 2923 3744 mercena*

1641 3771 1707 3811 riis
1720 3770 1912 3810 militibus
1933 3770 2088 3813 civibus
2103 3770 2230 3819 factis,
2246 3769 2514 3810 dissenserunt
2530 3768 2634 3810 inter
2648 3778 2713 3819 se,
2737 3768 2864 3810 donec
2889 3785 2895 3804 τ
2922 3760 2924 3764 '

1640 3847 1811 3887 pugnam
1836 3837 1999 3876 ventum
2021 3835 2113 3887 est.]
2758 3857 2761 3859 ·

2023 3940 2548 4007 [LEONTJNORUM.]

2220 4050 2358 4103 [225.]

1690 4148 1831 4199 {Apud
1872 4147 2088 4189 Leontinos
2118 4149 2156 4187 in
2195 4146 2357 4188 Panaetii
2393 4144 2642 4196 tyrannidem
2695 4144 2926 4196 (oligarc-

1643 4213 1868 4263 versaost).
