3016 4628
240 299 322 339 114

229 398 337 450 λοις,
363 394 432 440 καὶ
459 394 496 438 οἱ
522 391 599 453 μὲν
641 390 858 455 βούλοιντο
895 388 1167 452 διανέμεσθαι
1202 387 1255 435 τὰ
1293 386 1410 435 κοινὰ
1427 423 1438 444 ,
1465 387 1502 433 οἱ

230 466 271 511 δὲ
297 465 356 525 μὴ
374 501 386 522 ,
417 464 655 519 ἐδικάζοντο
678 465 716 510 οἱ
750 462 997 527 βουλόμενοι
1032 467 1118 514 τοῖς
1143 460 1202 523 μὴ
1231 458 1503 523 βουλομένοις

228 536 563 601 προκαλούμενοι
579 537 637 589 εἰς
655 535 849 593 δατητῶν
870 532 1046 598 αἵρεσιν.
1076 532 1239 585 Λυσίας
1260 534 1303 578 ἐν
1322 532 1383 595 τῷ
1399 528 1503 594 πρὸς

229 607 524 670 Ἀλεξίδημον,
545 609 582 655 εἷ
607 607 776 670 γνήσιος
791 644 805 668 ,
829 611 901 653 καὶ
923 603 1213 670 Ἀριστοτέλης
1233 605 1275 650 ἐν
1300 605 1352 666 τῇ
1379 601 1504 658 Ἀθη-

229 681 358 726 ναίων
382 680 594 744 πολιτείᾳ.
618 682 688 729 Cf.
710 682 877 726 Pollux
900 681 1038 740 VIII,
1064 677 1168 722 136.

296 756 446 813 Etym.
583 750 859 809 εΔατητὴς,
891 748 1010 814 παρὰ
1051 747 1250 800 Ἀττικοῖς
1297 749 1319 792 6
1361 746 1501 790 διανε-

232 824 388 886 μητής.
415 823 720 889 Ἀριστοτέλης.

293 901 403 942 Lex.
440 899 634 945 Rhetor.
660 914 710 957 p.
745 895 865 953 567,
898 892 1102 944 28:133<
1134 890 1327 945 δατητῶν
1354 885 1500 950 [αιρε-

228 969 352 1031 σιν],
370 967 605 1032 πρόκλησις
629 968 838 1028 νεμέσεως
861 966 888 1021 ἢ
908 959 1235 1052 κληρονρμίας*
1212 981 1239 1017 η
1267 978 1407 1006 κοινου
1430 976 1500 1003 τι-

232 1038 297 1091 νὸς
333 1041 610 1127 ἀγορασμοῧ·
641 1037 851 1102 [δατηταὶ
875 1035 1029 1099 γὰρ]’
1013 1033 1080 1080 επὶ
1106 1035 1188 1079 τῶν
1218 1029 1500 1091 διανεμόντων

229 1110 284 1157 τὰ
308 1112 430 1158 κοινά
457 1131 593 1169 τισιν,
614 1114 670 1165 ὣς
694 1108 982 1174 Ἀριστοτέλης
1014 1108 1057 1152 ἐν
1083 1108 1135 1167 τῇ
1160 1102 1391 1161 Ἀθηναίων
1420 1119 1498 1147 πο-

228 1182 390 1230 λιτεία·
416 1207 434 1223 κ
457 1182 583 1231 Δίκαι
605 1180 891 1245 λαγχάνονται
915 1176 1019 1242 πρὸς
1060 1195 1130 1222 τον
1158 1174 1344 1239 ἄρχοντα
1372 1171 1500 1218 ἄλλαι

229 1254 336 1307 τινὲς
365 1254 438 1301 καὶ
466 1258 494 1311 ἡ
519 1256 576 1308 εἰς
606 1254 799 1309 δατητῶν
828 1249 1014 1314 αἵρεσιν,
1049 1247 1149 1294 ὅταν
1177 1247 1229 1310 [6
1266 1244 1340 1307 μὲν
1374 1242 1499 1307 θέλῃ,

228 1329 251 1371 6
275 1325 347 1388 δὲ]
371 1325 430 1387 μὴ
449 1326 548 1388 θέλῃ
569 1323 623 1371 τὰ
646 1323 765 1370 κοινὰ
783 1322 885 1370 ὄντα
907 1321 1170 1380 νέμεσθαι.»

293 1402 366 1444 Sic
386 1401 536 1444 locum
561 1399 792 1443 constituit
809 1396 1003 1440 Meierus
1026 1392 1219 1457 (Fragm.
1232 1394 1342 1438 Lex.
1362 1391 1498 1435 Rhet.

230 1473 334 1516 Hal.
360 1471 428 1515 18
426 1477 495 1526 ’.4,
507 1487 564 1558 p
592 1469 683 1530 13).
725 1467 882 1513 Codex
901 1483 911 1510 ε
932 1466 1007 1517 Εἷς
1019 1462 1198 1519 δατητὸν
1215 1460 1499 1525 πρόκλησις...

230 1543 474 1631 ἀγορασμου
500 1540 571 1588 ἐπι
593 1543 709 1587 τῶν..
715 1536 1045 1600 ,λαγχάνονται
1079 1534 1180 1599 πρὸς
1214 1532 1284 1580 τὸν
1311 1532 1499 1597 ἄρχοντα

228 1614 323 1659 ἀλλ’
349 1614 387 1659 εἴ
408 1632 469 1666 τις
491 1631 563 1659 και
581 1613 619 1665 ἐς
640 1612 831 1667 δατητῶν
854 1607 1042 1672 αἵρεσιν,
1065 1605 1164 1653 ὅταν
1182 1604 1242 1668 μὴ
1261 1605 1360 1668 θέλῃ
1379 1601 1499 1651 κοινὰ

227 1685 280 1730 τὰ
313 1685 414 1731 ὄντα
445 1685 660 1747 νέμεσθαι.
697 1687 917 1729 ΡιΗεεῖειεει
945 1682 1180 1727 Meierzus
1220 1699 1240 1720 «
1277 1681 1381 1723 Plo
1394 1678 1498 1739 ἀγο-

230 1762 412 1820 ρασμοῢ,
427 1758 556 1817 quod
571 1759 644 1801 hic
671 1772 766 1800 non
779 1754 961 1799 emendi
987 1762 1153 1806 aetum,
1171 1751 1252 1795 sed
1277 1766 1378 1794 rem
1394 1766 1495 1794 em-

227 1839 351 1889 ptam
365 1829 603 1889 significat,
618 1829 746 1872 malis
758 1826 947 1870 forsitan
968 1823 1115 1879 ἄλλου,
1131 1838 1293 1867 verum
1307 1838 1359 1866 ea
1375 1838 1492 1866 voce

227 1901 683 1960 comprehenduntur
705 1900 859 1942 omnia
880 1911 1164 1956 quaeeunque
1183 1911 1282 1939 non
1303 1895 1500 1939 heredi-

228 1983 317 2017 tate
348 1974 406 2017 ad
445 1973 642 2017 duorum
675 1971 933 2030 pluriumve
957 1983 1202 2012 commune
1239 1967 1499 2012 dominium

228 2046 519 2103 perveniant3
560 2044 727 2087 etenim
759 2051 864 2101 post
892 2041 1197 2084 hereditatem
1234 2040 1410 2099 emptio
1432 2040 1501 2082 in-

226 2119 386 2176 primis
410 2132 540 2160 causa
557 2116 811 2160 communis
827 2114 1023 2158 dominii
1043 2128 1134 2157 esse
1159 2113 1289 2158 solet.
1315 2131 1334 2152 »

288 2190 498 2233 Ceterum
512 2188 570 2232 de
584 2188 816 2231 archontis
829 2185 990 2230 officiis
1005 2187 1066 2229 ita
1082 2186 1250 2229 Pollux
1263 2186 1392 2241 VIII,
1409 2183 1469 2244 89
1483 2199 1495 2231 :

226 2258 280 2306 ‘O
301 2258 342 2304 δὲ
356 2258 499 2323 ἄρχων
517 2257 726 2315 διατίθησι
748 2258 824 2318 μὲν
840 2255 1041 2303 Διονύσια
1058 2255 1131 2303 καὶ
1140 2256 1371 2320 Θαργήλια
1389 2255 1499 2318 μετὰ

223 2332 305 2375 τῶν
339 2331 633 2391 ἐπιμελητῶν·
682 2328 795 2375 δίκαι
831 2327 874 2374 δὲ
911 2327 1014 2388 πρὸς
1049 2327 1174 2374 αὐτὸν
1208 2327 1500 2392 λαγχάνονται

223 2402 469 2458 κακώσεως,
488 2402 747 2466 παρανοίας,
773 2402 829 2453 εἷς
849 2400 1041 2457 δατητῶν
1064 2399 1242 2464 αἵρεσιν,
1269 2401 1500 2463 ἐπιτροπῆς

224 2478 429 2539 ὀρφανῶν,
448 2472 685 2538 ἐπιτρόπων
701 2472 1005 2531 καταστάσεις,
1026 2472 1196 2537 κλήρων
1219 2472 1293 2519 καὶ
1319 2473 1501 2531 ἐπικλή-

226 2566 305 2611 ρων
335 2546 608 2593 ἐπιδικασίαι·
639 2546 946 2607 ἐπιμελεῖται
923 2546 968 2591 οὲ
987 2544 1060 2592 καὶ
1092 2548 1175 2592 τῶν
1195 2563 1429 2608 γυναικῶν,
1453 2545 1499 2593 αἳ

225 2638 274 2664 αν
303 2621 434 2683 φῶσιν
458 2617 529 2663 ἀπ’
559 2617 704 2683 ἀνδρὸς
729 2619 925 2675 τελευτης
957 2616 1095 2663 κύειν·
1121 2617 1194 2664 καὶ
1227 2616 1323 2671 τους
1360 2617 1500 2672 οἴκους

226 2691 416 2751 ἐκμισθοῖ
444 2692 525 2735 τῶν
542 2690 758 2755 ὀρφανῶν.
790 2688 967 2737 ΗΕστι
946 2688 988 2735 οὲ
1012 2689 1231 2752 ἐπώνυμος
1255 2687 1397 2748 οὗτος,
1423 2709 1496 2738 και

227 2763 299 2808 ἀπ’
320 2764 444 2808 αὐτου
471 2765 491 2808 6
516 2761 661 2826 χρόνος
679 2764 936 2826 ἀριθμεῖται.

797 2905 852 2946 27
880 2890 928 2936 b.

294 3000 656 3061 Harpocration:
677 2998 774 3045 Ἐπ
788 3017 802 3044 ι
815 3001 1051 3060 μελητὴς
1069 3005 1163 3048 τῶν
1185 2985 1249 3065 μύ
1263 3022 1358 3061 στη
1373 3002 1498 3068 ρίων

226 3068 325 3132 παρ’
351 3068 580 3126 Ἀθηναίοις
611 3072 634 3116 6
661 3069 883 3133 λεγόμενος
924 3073 1172 3136 βασιλεύς...
1207 3074 1500 3139 Ἀριστοτέλης

228 3142 268 3186 ἐν
291 3140 517 3199 Ἀθηναίων
542 3140 735 3206 πολιτείᾳ
766 3142 892 3207 φησὶν
917 3143 1072 3199 οὕτως·
1098 3169 1118 3187 «ι
1146 3147 1200 3195 Ὀ
1229 3145 1272 3194 δὲ
1300 3145 1500 3210 βασιλεὺς

228 3214 393 3275 πρῶτον
418 3212 494 3273 μὲν
514 3215 597 3260 τῶν
618 3214 862 3278 μυστηρίων
882 3218 1143 3277 ἐπιμελεῖται
1169 3218 1279 3281 μετὰ
1298 3222 1382 3265 τῶν
1408 3222 1500 3267 ἐπι-

229 3285 438 3343 μελητῶν,
457 3284 525 3338 οὓς
540 3287 562 3332 6
582 3287 712 3347 δῆμος
728 3286 976 3355 ἐχειροτόνει
993 3290 1004 3350 (
1019 3293 1050 3335 l.
1073 3292 1347 3355 χειροτονεῖ),
1365 3291 1404 3355 β’
1422 3291 1499 3353 μὲν

229 3355 268 3408 ἐξ
302 3356 530 3413 Ἀθηναίων
558 3357 780 3416 ἁπάντων,
817 3358 887 3406 ἕνα
926 3362 964 3407 δ’
999 3362 1041 3417 ἐξ
1079 3365 1366 3425 Εὐμολπιδῶν
1383 3400 1397 3422 ,
1427 3363 1500 3411 ἕνα

228 3427 265 3473 δ’
289 3430 336 3474 ἐκ
362 3428 586 3494 Κηρύκων.
611 3451 629 3471 ¹·

1102 281 1508 332 ARISTOTELIS
1546 281 1621 327 Fss
1633 280 1709 327 AG
1721 277 1956 326 MENTA.

1642 386 1710 431 Cf.
1735 385 1900 428 Pollux
1923 383 2056 434 VIII,
2089 392 2194 437 90·
2185 413 2194 423 .
2223 375 2274 423 Ὁ
2300 377 2343 422 δὲ
2372 375 2570 440 βασιλεὺς
2608 369 2859 444 μυστηρίων

1577 454 1830 543 προέστηκε
1853 450 1963 512 μετὰ
1996 468 2079 495 των
2119 450 2408 509 ἐπιμελητων,
2447 467 2519 494 και
2551 449 2754 506 Ληναίων
2785 451 2860 498 καὶ

1578 525 1753 589 ἀγώνων
1772 543 1856 571 των
1882 522 1954 568 ἐπὶ
1985 519 2206 582 λαμπάδι·
2227 538 2301 566 και
2335 519 2390 565 τὰ
2425 519 2526 608 περὶ
2555 518 2632 574 τὰς
2657 521 2877 587 πατρίους.

1578 598 1722 650 θυσίας
1752 598 1916 642 διοικεῖ.
2000 592 2128 640 Δίκαι
2173 589 2216 638 δὲ
2255 591 2360 655 πρὸς
2399 591 2526 638 αυτὸν
2563 593 2861 657 λαγχάνονται

1578 667 1775 720 ἀσεὸείας
1788 703 1800 724 ,
1823 663 2055 729 ἱερωσύνης
2071 699 2084 720 ,
2109 660 2476 727 ἀμφισὸητήσεως
2490 680 2499 692 ·
2515 662 2590 710 καὶ
2609 665 2694 718 τοῖς
2718 663 2860 728 γένεσι
2906 689 2911 692 ·

1577 740 1652 786 καὶ
1671 742 1756 792 τοῖς
1776 740 1927 801 ἱεροῖσι
1946 741 2078 781 πᾶσιν
2102 733 2228 787 αὐτὸς
2249 734 2427 793 δικάζει,
2445 734 2520 782 καὶ
2539 733 2614 788 τὰς
2635 741 2709 783 τοῦ
2733 736 2863 802 φόνου

1576 811 1695 864 δίκας
1711 813 1768 864 εἷς
1781 811 1827 857 ’A
1837 827 1945 873 ρειον
1962 807 2099 870 πάγον
2124 806 2287 869 εἰσάγει
2301 842 2314 867 ,
2340 805 2415 853 καὶ
2435 806 2506 854 τὸν
2526 806 2861 873 στέφανονάπο·

1576 883 1747 945 θέμενος
1767 881 1841 928 σὺν
1865 881 2007 933 αὐτοῖς
2024 878 2202 934 δικάζει.
2224 878 2515 943 Προαγορεύει
2541 877 2587 927 δὲ
2612 887 2699 934 τοῖς
2722 882 2765 927 ἐν
2789 882 2862 928 αἶ·-

1574 956 1645 1019 τίᾳ
1686 953 1923 1017 ἀπέχεσθαι
1959 949 2205 1015 μυστηρίων
2239 950 2314 997 καὶ
2351 954 2437 998 τῶν
2477 951 2621 999 ἄλλων
2645 951 2861 1015 νομίμων·

1575 1026 1736 1082 δικάζει
1761 1026 1804 1072 δὲ
1830 1024 1903 1072 καὶ
1930 1023 2006 1077 τὰς
2037 1025 2121 1069 τῶν
2147 1021 2328 1087 ἀψύχων
2365 1022 2503 1079 δίκας.
2529 1023 2624 1082 Τὴν
2653 1023 2699 1072 δὲ
2723 1043 2864 1074 συνοι-

1574 1103 1732 1145 κοῦσαν
1755 1098 1872 1161 αὐτῷ
1898 1095 2157 1159 βασίλισσαν
2175 1096 2398 1145 καλοῦσιν.

2175 1216 2251 1262 28.

1640 1339 2012 1397 Harpomation:
2041 1333 2338 1400 Πολέμαρχ
2348 1355 2403 1389 ος
2424 1371 2437 1392 ,
2461 1334 2592 1421 ἀρχήκ
2599 1355 2664 1390 τις
2684 1340 2737 1394 ἠν
2758 1339 2863 1402 παρ’

1575 1407 1808 1466 Ἀθηναίοις
1824 1405 1936 1453 οὕτω
1953 1406 2215 1469 καλουμένη.
2236 1403 2368 1456 Ἐστι
2392 1406 2436 1454 δὲ
2460 1411 2519 1462 εἷς
2534 1410 2618 1455 τῶν
2643 1407 2764 1456 ἐννέα
2781 1410 2866 1474 ἆρ-

1572 1480 1755 1545 χόντων.
1783 1478 2076 1544 Ἀριστοτέλης
2059 1479 2124 1527 δ’
2149 1481 2192 1527 ἐν
2212 1483 2268 1545 τῇ
2283 1478 2514 1538 Ἀθηναίων
2533 1480 2731 1528 πολιτεία
2754 1480 2863 1537 διεξ-

1577 1549 1710 1598 ελθὼν
1743 1549 1823 1598 ὅσα
1849 1552 1997 1598 διοικεῖ
2022 1554 2044 1598 6
2070 1551 2370 1618 πολέμαρχος,
2394 1574 2412 1594 α
2438 1551 2555 1616 Πρὸς
2576 1555 2737 1616 ταῦτα,
2782 1572 2864 1621 φη-

1574 1623 1668 1683 σὶν,
1712 1623 1836 1677 αὐτός
1894 1643 1942 1670 τε
1967 1623 2130 1688 εἷσάγει
2167 1624 2288 1678 δίκας
2313 1624 2389 1678 τάς
2411 1643 2458 1671 τε
2494 1624 2759 1673 ἀποστασίου
2789 1625 2867 1673 καὶ

1575 1695 1866 1761 ἀπροστασίου
1889 1695 1963 1742 καὶ
1984 1695 2154 1762 κλήρων
2175 1697 2249 1744 καὶ
2266 1695 2512 1761 ἐπικλήρων
2531 1699 2618 1750 τοῖς
2636 1691 2865 1760 μετοίκοις,

1574 1788 1648 1816 και
1670 1762 1809 1816 τᾶλλα
1829 1768 1910 1816 ὅσα
1930 1775 2019 1824 τοῖς
2041 1769 2236 1824 πολίταις
2259 1772 2284 1818 6
2313 1769 2474 1834 ἄρχων,
2506 1774 2645 1818 ταυτα
2677 1773 2764 1825 τοῖς
2786 1789 2865 1833 με·

1574 1840 1734 1896 τοίκοις
1754 1845 1780 1888 ὃ
1800 1841 2140 1926 πολέμαρχος.»

1641 1915 1832 1976 Eadem,
1851 1916 1986 1961 missa
1997 1917 2257 1961 Aristotelis
2277 1917 2535 1978 mentione,
2551 1931 2610 1961 ex
2626 1918 2860 1977 Harpocr.

1575 1986 1741 2033 Suidas
1767 1997 1813 2032 et
1835 1988 2029 2034 Photius
2050 2005 2094 2034 V.
2121 1986 2440 2052 Πολέμαρχος,
2466 1989 2576 2034 hinc
2607 1989 2868 2050 migrarunt

1574 2062 1624 2104 in
1642 2060 1789 2108 schol.
1815 2059 1975 2105 Aldin.
1998 2060 2059 2105 ad
2082 2061 2323 2120 Aristoph.
2349 2062 2484 2120 Vesp.
2517 2065 2657 2113 104²·

1641 2133 1854 2178 Eundem
1874 2134 2134 2178 Aristotelis
2154 2135 2315 2179 locum
2330 2134 2499 2177 iterum
2523 2133 2867 2192 Harpocration

1575 2207 1720 2266 tangit
1731 2221 1778 2252 v.
1800 2202 2109 2268 Ἀπροστασίου
2130 2201 2439 2252 ιἈποστασίου
2451 2201 2548 2260 δίκη
2567 2201 2631 2256 τίς
2651 2204 2740 2249 ἐστι
2754 2201 2867 2249 κατὰ
2913 2219 2928 2232 ·

1574 2278 1660 2324 τῶν
1679 2275 2108 2342 ἀπελευθερωθέντων
2126 2273 2331 2337 δεδομένη
2345 2280 2433 2328 τοῖς
2451 2271 2868 2339 ἀπελευθερώσασιν,

1576 2346 1649 2395 ἐὰν
1673 2347 1956 2414 Ἀεριστῶνταί
1989 2367 2036 2395 τε
2044 2348 2130 2394 ἀπ’
2157 2349 2298 2394 αὐτῶν
2319 2344 2348 2404 ἢ
2368 2345 2510 2410 ἕτερον
2545 2345 2869 2411 ἐπιγράφωνται

1575 2420 1843 2484 προστάτην,
1862 2438 1937 2466 και
1952 2418 1980 2466 ἃ
2003 2417 2247 2466 κελεύουσιν
2273 2420 2311 2466 οἱ
2330 2417 2452 2480 νόμοι
2476 2414 2535 2478 μὴ
2559 2419 2756 2464 ποιῶσιν.
2775 2416 2870 2467 Καὶ

1575 2511 1673 2545 τους
1690 2491 1767 2553 μὲν
1786 2490 1868 2539 ἅλ’
1845 2511 1968 2546 οντας
1991 2493 2057 2538 δεῖ
2079 2491 2252 2545 δούλους
2279 2495 2411 2548 εἶναι,
2429 2489 2523 2543 τους
2543 2489 2589 2536 δὲ
2609 2488 2869 2547 νικήσαντας

1574 2562 1730 2617 τελέως
1748 2564 1833 2622 ἤδη
1864 2562 2167 2628 ἐλευθέρους..
2192 2527 2488 2649 Ἀριστοτέλης
2511 2560 2547 2608 δ’
2572 2563 2614 2608 ἐν
2633 2557 2867 2618 Ἀθηναίων

1575 2636 1773 2683 πολιτεία
1796 2655 1896 2699 περι
1929 2655 2004 2683 του
2037 2634 2320 2700 πολεμάρχου
2343 2634 2499 2699 γράφει
2517 2633 2653 2680 τουτί·
2683 2654 2704 2674 α
2728 2625 2870 2686 Οὗτος

1577 2708 1620 2756 δὲ
1635 2709 1780 2773 εἷσάγε
1786 2708 1930 2762 ιδίκας
1941 2707 2018 2762 τάς
2033 2726 2081 2755 τε
2093 2712 2169 2755 τοῦ
2190 2707 2456 2755 ἀποστασίου
2481 2726 2556 2754 και
2577 2706 2870 2772 απροστασίου

1574 2784 1649 2832 καὶ
1669 2785 1839 2848 κλήρων
1864 2784 1939 2832 καὶ
1961 2783 2221 2849 ἐπικλήρων.
2245 2805 2264 2826 n
2282 2786 2357 2832 Cf.·
2379 2785 2531 2831 Idem.
2556 2782 2868 2847 ν.-Ἥγεμονία
2897 2779 2901 2782 ⁴

1576 2856 1871 2921 δικαστηρίου.

1640 2932 1712 2979 Cf.
1734 2933 1903 2977 Pollux
1935 2933 2073 2988 VIII,
2112 2946 2170 2990 91
2203 2944 2216 2977 t
2237 2927 2296 2976 ‘O
2312 2927 2359 2976 δὲ
2376 2927 2650 2994 πολέμαρχος
2673 2927 2763 2976 θύει
2788 2926 2868 2990 μὲν

1575 3002 1791 3068 Ἀρτέμιδι
1812 3001 2026 3068 ἀγροτέρα
2050 3001 2124 3049 καὶ
2144 3004 2206 3066 τῷ
2222 3000 2440 3065 Ἐνυαλίῳ
2457 3036 2472 3063 ,
2496 3000 2708 3058 διατίθησι
2732 2998 2778 3047 δὲ
2794 2999 2867 3047 τὸν

1575 3076 1802 3142 ἐπιτάφιον
1822 3077 1970 3139 ἀγῶνα
1987 3077 2072 3122 τῶν
2092 3076 2135 3122 ἐν
2153 3073 2333 3139 πολέμῳ
2352 3073 2674 3131 ἀποθανόντων,
2690 3072 2766 3120 καὶ
2781 3079 2870 3126 τοῖς

1573 3147 1672 3213 περὶ
1694 3147 1916 3212 Ἁρμόδιον
1950 3146 2149 3211 ἐναγίζει.
2187 3145 2318 3194 Δίκαι
2353 3145 2397 3193 δὲ
2420 3144 2526 3210 πρὸς
2549 3144 2676 3192 αὐτὸν
2698 3143 2869 3209 λαγχά-

1573 3239 1718 3268 νονται
1733 3219 1960 3283 μετοίκων,
1979 3221 2198 3278 ἰσοτελῶν,
2218 3217 2382 3282 [Ξένων,
2396 3219 2506 3266 add.
2523 3217 2727 3280 Mein-,J
2760 3233 2868 3280 προ-

1575 3292 1701 3348 ξένων
1713 3312 1724 3323 ·
1741 3293 1815 3341 καὶ
1834 3292 2027 3355 διανέμει
2041 3291 2091 3340 τὸ
2106 3292 2262 3356 λαχὸν,
2289 3290 2453 3355 ἑκάστῃ
2474 3292 2587 3356 φυλῇ
2609 3308 2647 3336 τι
2675 3287 2803 3352 μέρος
2815 3307 2828 3319 ·
2845 3289 2866 3308 *

1574 3365 1623 3413 τὸ
1649 3365 1727 3428 μὲν
1749 3366 1988 3424 διαιτηταῖς
2010 3362 2295 3429 παραδιδοὺς,
2324 3362 2511 3426 εἰσάγων
2545 3362 2590 3409 δὲ
2612 3359 2732 3415 δίκας
2757 3361 2862 3425 ἀπο·
2924 3398 2928 3410 2

1576 3437 1778 3496 στασίου,
1795 3436 2111 3503 ἀπροστασίου,
2133 3436 2326 3501 κλήρων,
2345 3434 2570 3499 μετοίκων.
2589 3462 2654 3470 --
2675 3434 2873 3480 Photius
2916 3442 2926 3451 ⁵

228 3578 386 3607 munem
404 3579 485 3607 rem
514 3569 689 3609 dividere
710 3570 914 3620 volebant,
945 3572 1054 3613 litem
1076 3575 1326 3616 intendebant
1358 3577 1404 3617 iis
1429 3578 1500 3627 qui

228 3630 480 3680 semisabant,
505 3632 622 3683 injus
632 3636 819 3674 vocantes
839 3636 888 3675 ad
910 3637 1125 3678 divisorum
1153 3640 1399 3681 electionem.
1420 3644 1500 3692 Ly-

227 3695 302 3735 sias
322 3696 361 3735 in
374 3695 551 3736 oratione
566 3698 702 3737 contra
718 3697 991 3739 Alexidemum
1004 3730 1016 3750 ,
1043 3702 1073 3741 si
1091 3702 1210 3742 modo
1224 3704 1393 3754 genuina
1415 3707 1474 3746 est
1485 3735 1497 3755 ‚

226 3763 263 3798 vt
289 3760 512 3801 Aristoteles
538 3762 576 3801 in
594 3763 687 3813 Rep.
708 3762 846 3802 Athen.

276 3825 447 3871 Δατητής
462 3824 567 3875 apud
589 3825 737 3866 Atticos
765 3829 930 3867 vocatur
946 3827 1106 3877 divisor,
1123 3831 1224 3870 teste
1243 3831 1465 3872 Aristotele.

279 3888 501 3928 Aristoteles
519 3889 558 3928 in
583 3889 746 3940 Republ.
777 3890 1070 3931 Atheniensium
1093 3908 1102 3931 ε
1127 3908 1144 3926 «
1168 3894 1349 3934 Actiones
1367 3896 1417 3935 ad
1436 3907 1500 3936 ar-

228 3953 408 3992 chantem
426 3953 722 4003 pertinentium
737 3954 826 3994 alioe
844 3954 1026 4005 quandam
1044 3958 1129 3996 tum
1147 3968 1193 3996 ea
1212 3969 1301 4008 quse
1315 3959 1458 3999 dicitur
1489 3956 1526 4001 :‘

228 4033 244 4048 οι
262 4018 309 4055 ml
326 4016 538 4057 divisorum
555 4018 801 4068 electionem,
824 4036 842 4053 ι·
857 4020 890 4058 si
904 4020 1003 4060 alter
1024 4022 1125 4069 vult,
1141 4022 1238 4061 alter
1254 4034 1332 4063 non
1354 4026 1438 4064 vult
1455 4037 1500 4066 ea

227 4091 315 4130 qum.
335 4082 559 4121 communia
575 4084 668 4122 sunt
686 4082 877 4122 dividere.
903 4099 919 4116 υ

817 4150 871 4190 27
894 4145 935 4189 b.

277 4215 444 4253 (tm-ator
471 4217 748 4265 mysteriorum
768 4216 871 4267 apud
896 4218 1034 4258 Allien.
1055 4222 1136 4259 orat
1167 4221 1188 4258 ὁ
1209 4222 1386 4270 βασιλεὺς
1407 4223 1419 4267 (
1432 4234 1499 4261 rex

1575 3577 1815 3628 sacrorum).
1842 3577 2071 3618 Aristoteles
2089 3576 2130 3616 in
2150 3578 2248 3627 Rep.
2271 3575 2414 3615 Athen.
2444 3572 2502 3613 sic
2527 3571 2584 3612 ait
2605 3586 2616 3612 ε
2639 3586 2660 3607 «ι
2687 3572 2772 3612 Rex
2800 3580 2868 3610 cu·
2918 3586 2920 3590 ⁷

1574 3643 1636 3681 rat
1664 3641 1838 3692 primum
1864 3641 2052 3691 mysteria
2097 3649 2191 3679 cum
2238 3636 2490 3678 curatoribus
2503 3664 2518 3685 ,
2563 3634 2632 3686 qui
2663 3644 2689 3674 a
2717 3633 2871 3686 populo
2919 3641 2924 3648 ·

1573 3708 1758 3746 creantur
1783 3717 1950 3747 nurnero
1966 3707 2171 3757 quattuor,
2192 3705 2274 3745 duo
2289 3715 2337 3744 ex
2357 3702 2543 3744 omnibus
2567 3701 2724 3741 civibus
2738 3699 2864 3741 Athe·
2911 3724 2918 3730 -ψ

1573 3771 1774 3812 niensibus
1786 3801 1798 3823 ,
1811 3771 1954 3812 tertius
1967 3781 2014 3812 ex
2036 3769 2301 3821 EumolpidiS,
2321 3769 2526 3820 quai-tuse
2543 3764 2774 3818 Cerycibus.
2795 3781 2816 3800 ι»

1628 3909 1930 3958 Polemarchus,
1950 3908 2204 3959 magistratus
2221 3906 2309 3947 erat
2331 3903 2514 3953 AtheniS,
2532 3911 2637 3942 unus
2658 3899 2709 3941 ‹le
2721 3910 2874 3954 novemg
2916 3943 2921 3953 s

1573 3971 1843 4012 archontibus.
1855 3970 2102 4013 Aristoteles
2092 3982 2133 4011 in
2141 3973 2239 4021 Rep.
2250 3967 2563 4016 Atheniensium,
2573 3975 2663 4016 quoe
2674 3960 2887 4016 polemtr-'x

1574 4036 1676 4074 chus
1688 4034 1934 4074 administret
1946 4035 2198 4085 persecutus.
2215 4032 2303 4073 «Ad
2320 4028 2576 4080 hoec,inquit‚
2584 4026 2908 4072 Polemarchuo'·

1575 4098 1789 4138 introducit
1809 4108 1947 4138 causas
1961 4097 2169 4137 detrectati
2184 4098 2224 4137 et
2241 4094 2410 4146 neglecti
2420 4090 2628 4144 patrocinii
2650 4091 2690 4131 et
2707 4089 2891 4131 heredi:

1575 4163 1704 4200 tatum
1720 4163 1762 4200 et
1782 4160 2020 4211 pupillarum
2037 4160 2229 4200 heredum
2251 4157 2474 4210 inquilinis;
2493 4157 2535 4195 et
2555 4153 2721 4194 'omnino
2738 4151 2907 4204 quod-

1575 4235 1733 4274 cunque
1749 4224 1900 4278 archon
1910 4224 2077 4273 civibus,
2097 4224 2136 4263 id
2149 4224 2312 4274 praestat
2326 4220 2528 4272 inquilinis
2538 4216 2825 4271 polenmrchus.
2842 4229 2871 4252 ιν.
2907 4226 2911 4227 ’
