3016 4628
99 306 155 402 7
604 349 1330 461 Dionossns
1403 351 2214 467 PERIEGETA.

1096 604 1734 633 κ-Ἀ-ςνομῃ

163 781 389 825 Panum.
418 772 477 821 ad
495 773 671 819 Polem.
696 786 745 831 p.
789 786 878 828 170
915 787 925 814 :
967 791 986 811 «
1028 772 1207 816 Primus
1230 774 1377 831 quise

98 852 379 913 periegetam
401 838 519 891 inter
541 845 787 903 scriptores
809 843 1038 902 professus
1065 853 1153 899 est,
1190 845 1377 889 videtur

21 941 24 944 ·
98 923 232 980 fiiisse
254 919 488 966 Diodorus
509 916 823 978 (Atheniensis
839 914 880 975 );
908 926 1032 960 certe
1055 916 1130 959 hic
1163 917 1401 975 antiquis--

23 1026 26 1028 -
96 995 235 1038 simus
253 1000 319 1035 est
343 1003 530 1043 eorum,
558 986 616 1031 de
652 987 821 1045 quibus
842 987 948 1030 satis
983 1002 1152 1047 magno
1174 987 1233 1030 ad
1248 987 1381 1044 judi-

96 1063 295 1110 candum
315 1075 510 1106 numero
530 1059 897 1120 fragmentorum
914 1069 1105 1104 constat.
1123 1061 1259 1103 Hunc
1276 1068 1382 1104 ante

98 1133 348 1180 duodecim
368 1131 515 1176 tribus
536 1131 710 1176 Atticas
724 1131 952 1174 institutas
967 1131 998 1174 i.
1022 1143 1064 1174 e.
1086 1139 1190 1174 ante
1209 1146 1383 1174 annum

82 1196 190 1252 ‘308
211 1221 253 1250 a.
277 1206 326 1252 C.
343 1205 568 1264 scripsisse
590 1203 787 1248 AhrenS.
806 1200 904 1262 (De
927 1202 1097 1248 Athen.
1120 1211 1240 1246 statu
1257 1203 1383 1261 poli-

89 1278 190 1323 tico
207 1285 251 1321 et
271 1277 410 1323 litter.
426 1291 472 1336 p.
497 1273 604 1336 27)
592 1275 828 1334 ingeniose
842 1275 1066 1318 conclusit
1080 1289 1136 1318 ex
1150 1289 1205 1318 eo
1220 1273 1385 1334 ‚quod

37 1348 440 1407 Harpocration
473 1347 676 1405 aliique,
714 1361 918 1404 quorum
945 1345 1003 1390 de
1039 1345 1186 1390 demis
1223 1347 1386 1390 Atticis

19 1403 74 1481 ζῗῑῖζ
94 1420 356 1465 notationes
375 1420 623 1463 maximam
641 1426 822 1477 partem
846 1433 904 1462 ex
924 1417 1139 1462 Diodoro
1165 1417 1384 1462 derivatae

18 1498 27 1543 ξ,
67 1502 76 1549 ’ζ
94 1501 222 1547 sunt,
257 1506 497 1550 nunquam
526 1499 790 1535 memorant
824 1490 1182 1551 Antigonidem,
1214 1492 1385 1534 Deme-

13 1557 22 1614 ἶ
95 1563 317 1619 triadem,
342 1562 707 1616 Ptolemaidem,
729 1562 998 1607 Attalidem.
1011 1561 1087 1607 Cf.
1111 1561 1383 1607 Grotefend.

51 1634 144 1709 ³:⁵¹¹
168 1631 406 1691 Zeitschfl.
417 1631 469 1691 f.
492 1634 835 1680 Altertlzumsw.
864 1633 985 1678 1836
1009 1648 1057 1692 p.
1085 1638 1223 1685 1040.
1257 1634 1386 1677 Scri-

18 1724 74 1797 ἐξ
87 1707 232 1766 psisse
266 1721 373 1750 eum
412 1715 520 1765 post
550 1713 731 1750 aetatem
765 1706 1089 1761 Anaximenis‚
1125 1705 1173 1750 h.
1203 1720 1244 1751 e.
1282 1714 1387 1764 post

0 1796 1 1799 ¹
33 1762 81 1818 ³³
71 1772 412 1827 Alexandrum
434 1776 499 1824 M.
487 1811 526 1834 .,
550 1786 678 1837 patet
703 1792 758 1822 ex
784 1778 1004 1821 Athenaeo
1033 1778 1177 1832 XIII,
1203 1792 1253 1836 p.
1293 1775 1381 1836 591

27 1819 79 1919 ,ἔ
97 1851 135 1902 E
158 1848 276 1910 (fr.
325 1858 410 1896 :ut
421 1849 558 1894 fuerit
573 1850 761 1908 aequalis
776 1849 1096 1908 Theophrasti,
1112 1850 1385 1907 Dicaearchi,

22 1848 314 1993 31Eu(demi)‚
336 1921 594 1967 Heraclidis
609 1921 814 1976 Pontici,
833 1921 1118 1965 Philochoro
1133 1930 1286 1965 autem
1303 1936 1383 1965 an-

21 2009 36 2021 ··
67 1991 69 1994 ’
71 1994 284 2054 ἐξε]ιιίοι’,
307 1984 360 2038 ut
388 1995 470 2052 qui
492 1994 671 2052 scripsit
688 2002 795 2052 post
814 1992 1067 2037 duodecim
1085 1993 1232 2038 tribus
1257 1994 1387 2037 insti-

78 2074 230 2125 tutas.
245 2067 324 2111 De
326 2066 477 2125 patria
493 2065 697 2110 Diodori
715 2080 814 2108 non
830 2073 1034 2121 constat,
1048 2065 1129 2109 sed
1144 2075 1261 2124 puto
1280 2080 1385 2109 eum

24 2134 169 2187 ...wel
199 2138 386 2183 natione
409 2138 484 2182 vel
506 2138 690 2182 civitate
713 2137 1041 2182 Atheniensem
1065 2137 1216 2183 fuisse.
1254 2138 1387 2182 Certe

36 2228 49 2251 ι
59 2209 339 2274 „periegesis
349 2195 447 2267 ejus
460 2216 556 2252 tota
570 2209 721 2252 Attica
736 2216 848 2264 erat,
861 2217 1015 2268 neque
1030 2209 1153 2253 ultra
1166 2209 1387 2253 terminos

36 2268 257 2339 ³·‘Atticae
284 2296 530 2341 progressa
553 2295 646 2325 esse
668 2280 870 2338 videtur,
889 2289 935 2325 et
953 2289 1134 2325 constat
1155 2282 1231 2324 illa
1253 2289 1384 2325 aetate

41 2352 422 2413 &antiquitatum
457 2354 714 2398 Atticarum
747 2353 952 2398 studium
985 2363 1032 2397 et
1064 2353 1191 2412 apud
1226 2368 1387 2413 gram—

30 2411 286 2489 .;ss“'s'ipaticos
305 2434 351 2471 et
365 2425 491 2485 apud
518 2426 762 2469 historicos
783 2440 960 2470 summe
975 2424 1203 2470 floruisse.
1230 2427 1300 2470 Ita
1325 2425 1383 2470 de

36 2492 41 2550 ‘K
91 2509 101 2545 :⁴
132 2519 143 2537 *v
157 2499 306 2543 ulcro
327 2498 646 2542 ThemistocliS
659 2497 900 2542 Diodorus
917 2497 1167 2542 adhibetur
1182 2512 1258 2556 ap.
1285 2498 1389 2541 Plu-

171 2570 246 2616 ch.
274 2571 493 2615 Themist.
518 2585 560 2616 c,
593 2569 650 2613 32
680 2569 767 2631 (fr.
812 2569 858 2630 1)
881 2570 924 2615 ἐν
951 2569 1039 2621 τοῖς
1080 2567 1190 2631 Περὶ
1214 2571 1390 2629 μνημά-

13 2644 16 2680 ἷ
51 2654 139 2711 ζ’ζμ
164 2656 211 2697 ν,
236 2643 270 2687 i.
296 2657 338 2686 e.
362 2644 432 2686 De
449 2642 747 2686 monimentis
765 2651 818 2685 ut
840 2642 1029 2686 videtur
1047 2642 1385 2701 sepulcrorum.

39 2710 45 2715 '
66 2711 296 2781 subulas
311 2715 450 2757 etiam
475 2714 680 2772 ritusque
705 2729 858 2758 sacros
880 2714 929 2757 in
948 2715 1259 2758 monumentis
1280 2729 1390 2772 per-

168 2784 340 2830 irendis
362 2784 629 2830 Diodorum
651 2795 945 2845 persecutum
979 2801 1071 2830 esse
1105 2787 1310 2830 cernitur
1334 2801 1391 2830 ex

156 2857 330 2902 utarch.
350 2858 483 2903 Thes.
511 2873 555 2904 e.
591 2857 650 2902 36
677 2857 758 2917 (fr.
786 2854 858 2919 3).
886 2858 1158 2916 Inquirebat
1181 2859 1318 2902 etiam
1342 2859 1392 2901 in

56 2928 261 2992 ja'rpes
293 2928 571 2987 familiarum
607 2930 869 2973 Atticarum
904 2928 987 2990 (fr.
1030 2926 1104 2991 4).
1133 2930 1390 2973 Plurimum

39 2996 48 3013 ἱ
90 2995 91 2998 ’
339 3001 365 3009 ιι
846 3001 855 3009 .
986 3002 995 3009 -

47 3359 55 3414 J
152 3372 229 3404 ·ne
245 3366 372 3418 patet
390 3374 495 3404 eum
511 3362 573 3405 ita
591 3361 688 3405 fere
705 3362 754 3403 in
770 3361 861 3404 hoc
881 3375 1024 3419 opere
1036 3370 1263 3405 versatum
1281 3376 1389 3419 esse,

49 3456 163 3486 μ,
199 3439 247 3494 et
284 3431 531 3482 demorum
574 3430 764 3476 nomina
809 3441 854 3476 et
902 3432 1172 3492 phylarum‚
1227 3434 1393 3492 quibus

49 3498 159 3569 '³:²2³‘
171 3500 297 3562 ‘sque
317 3505 542 3586 ascriptus
586 3513 722 3560 esset,
748 3513 934 3548 notaret
956 3514 1001 3548 et
1027 3519 1199 3548 nomen
1222 3507 1393 3564 gentile

181 3571 303 3618 demi
325 3577 514 3620 nomine
537 3586 662 3621 recte
686 3576 992 3635 derivandum
1017 3576 1290 3634 subjiceiet,
1311 3577 1392 3620 ad-

79 3637 203 3701 .fflilu
233 3647 366 3690 simul
396 3648 650 3729 cautione,
670 3649 707 3692 si
739 3649 876 3707 plura
906 3647 1111 3705 ejusdem
1145 3647 1268 3690 demi
1304 3664 1391 3690 no-

76 3837 135 3996 {⁷²
286 3960 289 3962 »
466 3925 546 4007 1319
582 3926 719 3974 ΜοΝ
729 3924 1029 3974 UMENTIS.

731 4006 750 4045 1
762 4035 772 4044 .

143 4183 146 4186 ζ
194 4136 246 4169 en
280 4130 326 4169 ut
361 4131 574 4181 conjectari
610 4133 756 4184 magis,
784 4144 905 4184 quam
937 4136 1046 4174 certo
1071 4133 1171 4172 scire
1196 4132 1391 4180 videatur,

61 4245 63 4255 ζ
89 4187 101 4236 ξ
146 4188 224 4250 Ἴι’ῑει
236 4192 395 4242 portum
414 4195 575 4244 Piroeei‚
589 4207 614 4235 a
631 4196 926 4246 promontorio,
947 4197 1054 4246 quod
1082 4198 1140 4235 cst
1166 4206 1267 4245 pone
1286 4194 1391 4235 Alci

233 4251 404 4306 ,νοτε-ξεί
422 4257 622 4307 quendam
646 4259 771 4299 veluti
798 4259 998 4306 cubitum,
1026 4258 1242 4299 secundum
1272 4268 1390 4307 quem

62 4301 262 4447 -ζῘ-ἴίπῐτο
277 4314 407 4358 nectat
420 4320 510 4370 quis
523 4332 686 4361 cursum
698 4333 802 4372 ‚quo
819 4322 905 4360 loco
918 4333 1026 4361 mare
1040 4321 1119 4361 fere
1134 4321 1390 4370 tranquitlum

282 4394 510 4427 FRAGMENTA
534 4400 688 4429 msTon.
717 4401 783 4429 Gn
802 4410 845 4420 ·-
864 4401 955 4430 VOL·
975 4402 1015 4432 11.

1455 779 1643 838 insuper
1655 782 2024 825 testimoniorum
2038 784 2269 827 variorum
2283 797 2503 844 apparatu
2517 791 2732 840 instructa

1457 849 1590 894 fuisse
1629 850 1979 907 affirmaverim,
2018 868 2121 912 quae
2155 869 2209 898 ex
2252 858 2476 901 seriorum
2494 871 2733 918 ‘gramma-

1458 923 1656 966 ticorum
1687 939 1819 968 more
1858 926 2010 969 omisit
2050 928 2408 985 Harpocration.
2454 950 2472 968 »
2525 933 2734 979 Ceterum

1460 996 1616 1038 Vossio
1654 1010 1702 1055 p.
1738 995 1832 1049 430
1865 997 2102 1042 Diodorus
2129 1000 2364 1059 periegeta
2391 1000 2515 1044 idem
2555 1019 2646 1049 esse
2669 1009 2736 1050 vi·

1459 1067 1612 1122 detur,
1650 1070 1731 1126 qui
1770 1066 1876 1131 Περὶ
1906 1071 2107 1130 σταθμῶν
2147 1072 2327 1130 scripsit
2370 1062 2635 1131 (schols‘ll.
2673 1082 2732 1133 V,

1461 1135 1574 1198 5765
1597 1139 1761 1184 Suidas
1789 1156 1831 1183 v.
1858 1138 2125 1204 Τάλαντον).
2158 1143 2299 1200 Quod
2327 1143 2451 1187 haud
2478 1145 2608 1191 facile
2633 1163 2737 1193 cre-

1459 1209 1644 1255 dideris.
1684 1212 1862 1257 fefellit
1884 1214 2092 1258 Vossium
2110 1219 2361 1273 periegetoe
2385 1217 2542 1261 titulus
2574 1220 2738 1265 Nostro

1460 1282 1672 1339 tributus,
1687 1299 1826 1343 quem
1837 1284 1894 1328 de
1911 1287 2177 1346 geographo
2198 1288 2322 1331 orbis
2344 1296 2567 1332 terrarum
2587 1294 2739 1349 perie-

1459 1367 1617 1412 gescos
1637 1365 1827 1400 auctore
1847 1357 2056 1416 accipere
2075 1358 2238 1402 solent.
2268 1359 2402 1402 Idem
2423 1361 2590 1404 accidit
2614 1366 2737 1408 Leo-

1460 1426 1633 1484 poldo,
1658 1429 1740 1486 qui
1761 1427 1821 1472 ad
1855 1429 2089 1475 Plutarch.
2115 1430 2249 1474 Thes.
2284 1440 2402 1474 extr.
2442 1432 2501 1476 de
2527 1435 2740 1480 Diodoro

1463 1497 1564 1544 Per.
1586 1500 1746 1543 scribit
1769 1514 1780 1545 τ
1813 1500 1956 1544 Genese
1976 1500 2275 1545 Characenus
2295 1500 2420 1558 fias,
2459 1508 2743 1566 geogr-cymas

1460 1572 1795 1626 celeberrimus,
1849 1577 1927 1632 qui
1968 1576 2165 1633 Augusti
2211 1576 2482 1636 temporibus
2504 1577 2739 1633 floruerit.

1460 1643 1727 1688 Diodorum
1764 1645 2011 1689 confundit
2049 1661 2154 1689 cum
2191 1647 2415 1706 Dionysio
2449 1649 2739 1707 Characeno,

1460 1716 1748 1776 periegeseos
1785 1732 1945 1777 geogr.
1989 1718 2237 1777 scriptore,
2273 1718 2401 1777 cujus
2441 1721 2612 1766 Plinius
2649 1739 2743 1767 me·

1461 1789 1605 1834 minit.

1826 1882 1969 1930 ΠΕΡΙ
2007 1884 2386 1931 ΜΝΗΜΑΤΩΝ.

2086 1993 2125 2022 1.

1527 2071 1762 2117 Plutarch.
1791 2071 2083 2123 Themistocl.
2120 2087 2160 2115 c.
2191 2071 2270 2131 32,
2307 2081 2547 2131 postquam
2580 2073 2744 2118 Ando-

1464 2143 1615 2187 cidem
1639 2152 1684 2187 et
1707 2143 2015 2202 Phylarchum
2038 2156 2154 2187 vana
2183 2143 2366 2187 tradere
2391 2144 2449 2188 dc
2483 2146 2743 2190 Themisto-

1463 2217 1544 2259 clis
1567 2216 1772 2274 reliquiis
1802 2215 2009 2270 dixerat,
2034 2217 2187 2276 pergit
2210 2232 2221 2259 τ
2248 2213 2457 2279 Διόδωρος
2481 2216 2517 2262 δ’
2542 2219 2565 2263 ὁ
2587 2236 2744 2281 περι-ν,-

1463 2284 1596 2349 γητὴς
1613 2288 1654 2332 ἐν
1672 2292 1758 2339 τοῖς
1779 2285 1887 2349 Περὶ
1907 2289 1989 2332 τῶν
2009 2285 2244 2347 μνημάτων
2270 2287 2436 2351 εἴρηκεν
2449 2324 2460 2345 ,
2481 2290 2537 2342 ὡς
2554 2291 2744 2336 ὑπονοῶν

1465 2355 1676 2415 μᾶλλον
1652 2378 1679 2414 η
1705 2355 1951 2420 γινώσκων,
1975 2355 2040 2404 ὅτι
2057 2376 2152 2422 περ(
2179 2376 2249 2404 τον
2264 2356 2419 2419 λιμένα
2437 2377 2510 2405 του
2533 2362 2746 2425 Πειραιως

1466 2429 1551 2475 ἀπὸ
1580 2433 1654 2476 του
1678 2428 1789 2476 κατὰ
1820 2428 1890 2474 τὸν
1913 2425 2118 2491 Ἄλκιμον
2145 2431 2410 2494 ἀκρωτηρίου
2439 2431 2660 2494 πρόκειταί
2683 2452 2746 2486 τις

1464 2495 1550 2548 οἶον
1575 2499 1745 2563 ἀγκων,
1766 2498 1839 2546 καὶ
1870 2500 2091 2565 κάμψαντι
2113 2519 2260 2547 τουτον
2284 2501 2397 2555 ἐντὸς
2426 2507 2455 2565 ᾑ
2475 2503 2523 2549 τὸ
2547 2504 2744 2551 ὕπεύδιον

1464 2577 1539 2630 τῆς
1558 2572 1769 2630 θαλάττης
1785 2572 1940 2636 κρηπίς
1963 2575 2075 2620 ἐστιν
2093 2573 2320 2636 εὐμεγέθης
2335 2574 2408 2620 καὶ
2429 2574 2476 2621 τὸ
2491 2594 2589 2639 περι
2610 2576 2744 2631 αὐτὴν

1468 2643 1697 2708 βωμοειδὲς
1729 2644 1861 2709 τάφος
1896 2650 1968 2692 τοῦ
2008 2644 2363 2706 Θεμιστοκλέους.
2400 2646 2553 2695 Οἴεται
2588 2647 2634 2695 δὲ
2670 2648 2743 2694 καὶ

1468 2715 1685 2764 Πλάτωνα
1709 2714 1779 2762 τὸν
1805 2716 1998 2778 κωμικὸν
2023 2719 2140 2780 αὑτῷ
2162 2724 2391 2781 μαρτυρεῖν
2417 2721 2460 2766 ἐν
2483 2721 2662 2772 τούτοις·

1566 2815 1614 2854 ‘0
1635 2814 1702 2859 σὸς
1726 2815 1766 2853 δὲ
1785 2814 1926 2865 τύμὸος
1943 2815 1981 2854 ἐν
1998 2816 2106 2865 καλῷ
2122 2818 2367 2866 κεχωσμένος

1567 2878 1644 2917 τοῖς
1663 2873 1842 2923 ἐμπόροις
1862 2872 2069 2923 πρόσρησις
2089 2874 2197 2912 ἔσται
2214 2879 2428 2925 πανταχοῦ,

1571 2931 1656 2975 τούς
1679 2932 1711 2969 τ’
1735 2931 1959 2975 ἐκπλέοντας
1976 2931 2216 2976 εἰσπλέοντάς
2231 2933 2264 2969 τ’
2282 2932 2416 2979 ὄψεται

1567 2988 1750 3039 χώπόταν
1774 2989 1914 3039 ἅμιλλα
1933 2993 2008 3027 τῶν
2032 2993 2127 3028 νεῶν
2148 2989 2343 3028 θεάσεται.

1473 3091 1491 3109 «
1527 3071 1877 3114 Accuratissima
1903 3071 1994 3113 loci
2027 3069 2300 3129 descriptio,
2332 3081 2385 3115 ut
2417 3072 2561 3115 oculis
2591 3073 2744 3116 stilum

1467 3143 1667 3186 auctoris
1685 3143 1815 3200 sequi
1837 3143 1997 3200 possis,
2025 3157 2169 3200 eaque
2195 3143 2371 3187 Comici
2401 3141 2603 3202 insuper,
2631 3159 2747 3202 quo-

1467 3231 1571 3260 rum
1592 3216 1862 3260 testimoniis
1881 3215 2029 3259 omnis
2061 3215 2156 3258 haec
2181 3216 2503 3274 antiquitatum
2539 3215 2754 3258 doctrina·

1467 3287 1592 3346 apud
1627 3288 1912 3345 antiquiores
1939 3286 2158 3330 illustrari
2177 3287 2377 3341 solebat,
2406 3287 2510 3329 loco
2535 3286 2745 3329 stabilita.

1464 3362 1625 3418 Neque
1647 3360 1973 3403 asseverantius
1989 3374 2115 3402 suam
2139 3360 2410 3417 opinionem
2433 3359 2614 3417 posuit3
2637 3359 2747 3401 scri·

1465 3432 1606 3475 bebat
1626 3433 1747 3475 enim
1772 3433 1827 3481 ὼς
1851 3431 2038 3475 ὑπονοῶν
2064 3429 2228 3490 μᾶλλον
2259 3427 2287 3484 ἢ
2324 3426 2594 3490 γιγνώσκων,
2620 3428 2747 3487 quod

1465 3504 1562 3547 noli
1586 3503 1646 3548 ad
1670 3503 2027 3561 descriptionem
2051 3503 2142 3545 loci
2166 3501 2364 3555 referre,
2385 3516 2485 3559 quae
2505 3500 2608 3543 satis
2626 3500 2748 3543 lucu·

1466 3575 1588 3618 lenta
1612 3582 1701 3628 est,
1742 3587 1905 3616 verum
1940 3573 2130 3616 nolebat
2163 3571 2453 3616 confidenter
2486 3571 2544 3615 de
2575 3571 2748 3614 ossibus

1466 3645 1782 3689 Themistoclis
1798 3645 1846 3687 in
1869 3644 2068 3688 Atticam
2090 3644 2343 3702 deportatis
2363 3657 2740 3695 commemorare,

1467 3716 1525 3759 de
1543 3716 1711 3774 quibus
1728 3715 1994 3760 dubitanter
2010 3725 2164 3759 narrat
2181 3716 2318 3759 etiam
2334 3714 2543 3773 Thucyd.
2569 3714 2616 3766 Ι,
2640 3729 2654 3755 ι
2669 3713 2741 3757 38.

1467 3786 1536 3831 Cf.
1558 3787 1748 3830 Pausan.
1774 3788 1814 3846 1,
1841 3802 1882 3842 1,
1903 3801 1949 3833 2.
1983 3806 2002 3826 υ
2034 3786 2257 3831 vnum.
2285 3786 2344 3830 ad
2365 3787 2535 3830 Polem.
2555 3799 2602 3842 p.
2638 3799 2742 3839 171.

1466 3923 1547 3969 est,
1568 3921 1620 3960 ibi
1638 3921 1755 3969 justae
1778 3921 2056 3971 magnitudinis
2084 3923 2238 3960 exstare
2263 3919 2520 3970 crepidinem,
2542 3920 2658 3965 atque
2691 3915 2740 3953 ad

1464 3993 1553 4024 ‘cam
1573 3995 1652 4024 arae
1668 3987 1835 4024 sormam
1852 3985 1998 4026 habens
2019 3985 2290 4026 Themistoclis
2314 3994 2396 4023 esse
2409 3983 2579 4021 bustum.
2601 3982 2742 4019 Censet

68 4047 88 4116 ’Ξ
141 4059 355 4113 :Morus
370 4069 589 4120 Periegetes
602 4069 644 4109 in
658 4079 777 4121 opere
797 4073 854 4110 De
870 4070 1137 4110 monumentis
1152 4069 1311 4118 scribit,
1339 4069 1393 4107 ita
1464 4049 1586 4088 etiam
1606 4049 1678 4088 sibi
1700 4050 1901 4090 Platonem
1917 4050 2111 4089 comicum
2127 4049 2330 4098 suffragari
2351 4047 2410 4086 liis
2426 4045 2597 4084 versibus
2619 4060 2626 4081 :

1553 4158 1633 4198 Qua
1648 4156 1809 4192 tumulus
1824 4160 1879 4192 est
1894 4159 1978 4201 apto
1994 4156 2112 4191 editus
2130 4156 2192 4191 tibi
2209 4155 2290 4190 loco

1553 4214 1800 4258 negotiatores
1815 4213 2024 4249 salutabunt
2041 4222 2125 4248 eum

1551 4279 1693 4314 semper
1710 4283 1719 4304 ε
1735 4269 1874 4305 videbit
1890 4268 2064 4303 adveniet
2082 4267 2266 4302 discedere

1551 4335 1613 4360 eos
1625 4352 1634 4368 ,
1651 4326 1786 4361 videbit
1803 4325 1951 4359 navium
1968 4325 2178 4359 certamina.
