3016 4628
247 275 337 314 484

245 373 378 437 φυλῆς
402 363 509 418 εἶναι
536 370 752 435 ἀνάθημα.
777 395 795 413 »
867 372 954 422 Καὶ
979 373 1106 429 αὐτὸς
1131 374 1371 434 Ἀνδοκίδης
1403 378 1446 423 ἐν
1477 379 1539 443 τῷ

248 444 355 508 Περὶ
379 447 461 491 τῶν
487 443 734 510 μυστηρίων
757 443 822 494 ὅτι
845 449 921 505 τῆς
946 447 1148 510 Αἰγηίδος
1170 447 1235 506 εἴη
1261 450 1309 495 τὸ
1335 448 1539 511 ἀνάθημα

245 517 426 582 εἴρηκεν,
461 515 571 564 ὥστε
593 520 614 564 ὃ
637 521 789 583 Δοῦρις
815 519 1134 584 αὐτοσχεδιάζει
1159 521 1400 569 Ἀνδοκίδου
1437 521 1542 568 αὐτὸ

248 582 355 636 εἶναι
376 587 532 653 λέγων.

525 700 606 750 63.
637 700 743 764 (01.
776 719 856 763 91,
882 720 936 762 23
962 722 1002 750 a.
1031 706 1080 751 C.
1110 704 1254 765 415.)

307 816 539 861 Plutarch.
572 819 743 878 Agesil.
784 834 824 865 c.
864 819 889 862 3
921 835 931 865 ε
974 817 1280 872 Βασιλεύοντος
1305 817 1341 864 δ’
1372 815 1541 880 Ἄγιδος

246 880 350 945 ἧκεν
375 886 647 946 Ἀλκιὸιάδης
674 891 721 936 ἐκ
745 889 946 943 Σικελίας
970 889 1104 955 φυγὰς
1127 892 1184 944 εἷς
1204 889 1536 952 Λακεδαίμονα·

243 957 317 1005 καὶ
341 957 494 1024 χρόνον
515 959 634 1007 οὔπω
657 959 791 1008 πολὺν
809 963 850 1008 ἐν
875 965 929 1025 τῇ
950 963 1071 1008 πόλει
1096 961 1254 1025 διάγων
1274 961 1413 1008 αἰτίαν
1438 961 1539 1026 ἔσχε

243 1034 297 1096 τῇ
321 1032 492 1095 γυναικὶΙ
523 1038 596 1080 τοῦ
639 1032 850 1097 βασιλέως
884 1034 1056 1099 Τιμαίᾳ
1090 1041 1291 1082 συνεῖναι.
1365 1034 1454 1082 Καὶ
1490 1034 1538 1082 τὸ

240 1102 436 1167 γεννηθὲν
455 1104 497 1159 ἐξ
521 1106 648 1162 αὐτῆς
663 1104 885 1169 παιδάριον
908 1108 985 1152 οὐκ
1005 1104 1083 1170 ἔφη
1104 1104 1327 1168 γινώσκειν
1344 1109 1365 1153 ὃ
1382 1099 1501 1168 Ἆγις
1516 1143 1528 1164 ,

241 1176 336 1222 ἀλλ’
365 1176 406 1231 ἐξ
431 1176 700 1225 Ἀλκιὸιάδου
729 1177 964 1239 γεγονέναι.
991 1180 1131 1226 Τοῦτο
1152 1177 1197 1224 δὲ
1223 1179 1270 1225 οὗ
1296 1178 1408 1225 πάνυ
1433 1179 1536 1225 δυσ-

239 1246 374 1300 κόλως
401 1247 478 1306 τὴν
510 1250 702 1312 Τιμαίαν
735 1251 916 1312 ἐνεγκεῖν
953 1248 1057 1312 φησὶ
1092 1252 1272 1313 Δοῦρις,
1310 1249 1422 1297 ἀλλὰ
1460 1251 1535 1298 καὶ

238 1320 536 1387 ψιθυρίζουσαν
575 1322 681 1370 οἴκοι
709 1323 812 1384 πρὸς
836 1321 911 1375 τὰς
942 1321 1162 1374 εἱλωτίδας
1182 1322 1459 1380 Ἀλκιὸιάδην
1485 1323 1532 1371 τὸ

236 1394 423 1452 παιδίον,
447 1396 493 1441 οὐ
525 1394 818 1458 Λεωτυχίδην,
844 1396 1006 1443 καλεῖν.
1079 1393 1167 1442 Καὶ
1193 1393 1338 1456 μέντοι
1361 1395 1436 1442 καὶ
1459 1397 1530 1443 τὸν

236 1465 511 1524 Ἀλκιὸιάδην
552 1466 676 1513 αὐτὸν
717 1468 763 1513 οὐ
800 1466 902 1531 πρὸς
938 1465 1058 1532 ὕὸριν
1095 1467 1226 1532 φάναι
1265 1471 1318 1531 τῇ
1359 1468 1530 1534 Τιμαίᾳ

236 1538 502 1597 πλησιάζειν,
526 1539 637 1586 ἀλλὰ
666 1538 1016 1603 φιλοτιμούμενον
1045 1537 1349 1603 βασιλεύεσθαι
1375 1542 1527 1606 Σπαρ-

235 1609 383 1663 τιάτας
407 1610 488 1657 ὑπὸ
512 1613 594 1657 τῶν
621 1610 661 1666 ἐξ
683 1614 834 1658 ἑαυτοῦ
858 1610 1109 1674 γεγονότων.
1136 1614 1270 1660 Conf.
1294 1616 1527 1663 Plutarch,

233 1687 303 1729 De
327 1687 467 1732 anim.
497 1695 644 1744 tranq.
669 1701 718 1745 p.
745 1685 854 1742 467,
882 1686 1105 1744 Lysandr.
1129 1702 1170 1734 e.
1191 1701 1269 1742 22,
1293 1688 1526 1738 Alcibiad.

236 1756 314 1804 23.
332 1760 554 1818 Xenoph.
578 1761 760 1805 Hellen.
793 1759 863 1804 ΠΙ
881 1793 892 1814 ,
926 1759 951 1802 3
970 1794 981 1815 ‚
1015 1776 1054 1806 1.
1082 1785 1146 1792 —
1171 1757 1421 1824 εἱλωτίδας]
1449 1762 1520 1809 Cf.

235 1829 417 1877 Miiller.
449 1833 551 1876 Dor.
581 1833 646 1886 ΙΙ,
669 1837 745 1883 41.

514 1963 591 2016 64.
635 1962 736 2025 (Ol.
763 1965 849 2022 93,
884 1978 934 2021 1;
961 1979 1003 2011 a.
1028 1965 1078 2009 C.
1106 1964 1238 2027 408.)

295 2079 523 2122 Plutarch.
551 2079 701 2122 Alcib.
732 2095 772 2125 c,
805 2079 863 2123 32
889 2093 899 2125 ε
940 2077 996 2125 ‘O
1021 2077 1056 2124 δ’
1082 2076 1383 2139 Ἀλκιὸιάδης,
1420 2080 1522 2127 ἰδεῖν

227 2161 274 2194 τε
296 2151 435 2195 ποθῶν
462 2148 544 2206 ἤδη
569 2147 623 2194 τὰ
648 2147 753 2196 οἴκοι
779 2149 853 2196 καὶ
883 2148 945 2197 ἔτι
969 2144 1140 2212 μᾶλλον
1166 2153 1347 2213 ὀφθῆναι
1375 2153 1527 2217 βουλό-

229 2232 350 2274 μενος
369 2214 453 2267 τοῖς
477 2213 669 2267 πολίταις
689 2214 919 2273 νενικηκὼς
941 2216 1037 2270 τοὺς
1054 2217 1287 2279 πολεμίους
1306 2218 1522 2266 τοσαυτά·

227 2305 290 2340 κις
324 2286 488 2351 ἀνήχθη
507 2324 520 2350 ,
543 2289 722 2342 πολλαῖς
757 2288 835 2350 μὲν
868 2289 1020 2337 ἀσπίσι
1040 2289 1115 2336 καὶ
1147 2291 1353 2356 λαφύροις
1375 2291 1523 2358 κύκλῳ

228 2360 563 2423 κεκοσμημένων
586 2364 670 2408 τῶν
697 2360 898 2409 Ἀττικῶν
930 2362 1132 2429 τριήρων,
1158 2362 1321 2417 πολλὰς
1346 2364 1383 2410 δ’
1401 2365 1523 2429 ἐφελ·

226 2431 399 2492 κόμενος
420 2432 738 2497 αἰχμαλώτους,
758 2433 822 2481 ἔτι
841 2435 883 2482 δὲ
902 2435 1037 2482 πλείω
1058 2435 1244 2498 κομίζων
1266 2436 1523 2502 ἀκροστόλια

226 2505 308 2550 τῶν
331 2507 649 2571 διεφθαρμένων
666 2503 744 2553 ‘five'
763 2509 894 2555 αὐτοῦ
912 2507 986 2555 καὶ
999 2507 1351 2573 κεκρατημένων.
1375 2502 1523 2558 ῗΗσαν

226 2578 308 2642 γὰρ
349 2580 425 2626 οὐκ
461 2578 660 2634 ἐλάττους
699 2581 1022 2647 συναμφότεραι
1068 2581 1316 2632 διακοσίων.
1388 2581 1439 2659 {A
1477 2582 1521 2631 δὲ

229 2654 417 2716 Δοῦριςὸ
444 2652 634 2713 Σάμιος,
661 2652 933 2702 Ἀλκιὸιάδου
958 2654 1134 2721 φάσκων
1159 2655 1366 2719 ἀπόγονος
1382 2660 1517 2714 εἶναι,
1599 2655 1762 2718 Σάμιοι
1796 2655 1839 2702 δὲ
1870 2656 1924 2703 τὰ
1956 2657 2058 2720 παρ’
2097 2660 2238 2711 αὑτοῖς
2270 2656 2431 2721 Ἡραῖα
2463 2658 2712 2722 Αυσάνδρια
2746 2657 2899 2708 κάλ-εἴν
2922 2652 2929 2672 ⁷

225 2799 309 2828 esse
326 2790 533 2830 Andocidis
559 2793 960 2851 sednAEgeidistribus
976 2796 1201 2837 donarium.
1222 2814 1242 2833 υ
1263 2794 1412 2848 Et‘ipse
1437 2801 1521 2838 An-

226 2853 385 2893 docides
400 2855 441 2894 in
457 2855 634 2896 oratione
650 2861 707 2897 De
722 2860 919 2910 mysteriis
938 2860 1035 2900 dicit
1050 2872 1134 2902 esse
1149 2873 1243 2902 eum
1264 2862 1435 2912 AEgeidis
1450 2862 1521 2902 do·
1559 2843 1565 2882 ¹
1596 2862 1694 2901 tibia
1724 2862 1947 2912 praecinisse
1988 2862 2203 2912 remigibus
2235 2863 2416 2903 nauticos
2447 2863 2608 2912 modos,
2634 2863 2896 2915 Callippidem

227 2918 397 2957 narium.
432 2920 657 2960 Hariolatur
676 2923 794 2971 igitur
815 2925 956 2973 Duris,
981 2927 1049 2976 qui
1082 2938 1176 2966 eum
1198 2927 1411 2967 Andocidis
1439 2939 1524 2968 esse

226 2982 295 3022 ait.
878 3016 883 3018 -

835 3064 907 3104 63.

282 3152 403 3201 Agide
424 3156 609 3202 regnante
633 3156 849 3199 Alcibiades
865 3171 915 3199 ex
931 3161 1063 3202 Sicilia
1078 3163 1173 3202 exul
1195 3163 1522 3204 Lacedaemonem

226 3216 360 3266 venit,
373 3227 501 3266 neque
515 3218 584 3257 diu
606 3219 657 3258 ibi
688 3221 761 3261 suit
775 3252 786 3271 ‚
814 3235 940 3274 quum
957 3237 1095 3265 rumor
1113 3227 1291 3276 exstitit,
1312 3238 1405 3267 eum
1423 3239 1514 3268 cum

229 3291 352 3320 uxore
380 3282 509 3331 Agidis
528 3294 609 3322 rem
628 3285 784 3327 habere.
803 3290 945 3330 Filium
963 3291 1126 3341 quidem
1146 3303 1196 3332 ex
1216 3303 1263 3332 ea
1284 3294 1423 3333 natum
1448 3305 1519 3334 rex

228 3354 306 3382 non
325 3346 483 3394 agnovit
499 3357 615 3386 suum
641 3360 746 3398 esse,
767 3352 834 3391 sed
866 3355 1074 3396 Alcibiadis
1096 3368 1179 3397 esse
1194 3357 1316 3407 dixit;
1337 3369 1467 3409 neque
1481 3359 1519 3398 id

228 3409 391 3449 moleste
410 3410 623 3451 admodum
653 3415 842 3455 Timaeam
859 3419 995 3460 tulisse
1017 3423 1130 3462 Duris
1146 3423 1307 3474 scribit,
1333 3424 1521 3474 domique

227 3474 381 3513 ancillis
403 3485 547 3514 nomen
577 3478 685 3526 pueri
717 3491 795 3518 non
835 3484 1139 3536 Leotychidem,
1172 3488 1239 3527 sed
1274 3487 1519 3528 Alcibiadem

230 3538 494 3587 insusurasse3
514 3539 753 3580 Alcibiadem
770 3554 929 3595 quoque
942 3547 1099 3599 dixisse,
1115 3561 1197 3590 non
1214 3551 1386 3592 libidinis
1398 3562 1520 3592 causa

228 3611 270 3640 se
293 3611 385 3639 cum
402 3594 551 3641 Timaea
566 3603 725 3654 coiisse,
746 3617 884 3646 verum
913 3609 950 3648 id
968 3611 1012 3649 'af
1014 3612 1223 3653 sectantem
1236 3645 1247 3663 ‚
1276 3617 1320 3655 ut
1339 3616 1518 3665 Spartani

228 3664 279 3703 ab
297 3664 418 3714 ipsius
433 3666 543 3714 prole
561 3670 803 3715 regerentur.

832 3755 902 3794 64.

278 3858 497 3898 Alcibiades
519 3859 560 3899 et
590 3859 720 3899 videre
743 3861 826 3910 jam
857 3863 1082 3906 desiderans
1102 3871 1296 3922 patriam,
1327 3875 1367 3913 et
1393 3875 1517 3925 magis

227 3921 347 3961 etiam
366 3922 488 3961 videri
516 3934 558 3963 se
578 3923 740 3973 cupiens
760 3936 783 3964 a
807 3925 960 3967 civibus
985 3931 1096 3980 suis,.
1119 3933 1264 3982 quibus
1292 3938 1354 3976 tot
1377 3939 1515 3978 contra

228 3986 359 4025 hostes
404 3986 616 4036 peperisset
653 3988 861 4038 victorias,
905 3991 1077 4032 Athenas
1109 3999 1288 4037 revectus
1328 4002 1387 4040 est
1422 4013 1515 4042 cum

227 4043 348 4083 classe
364 4056 375 4093 ;
399 4046 509 4083 erant
523 4047 657 4084 antem
673 4057 797 4096 quum
822 4048 959 4088 multis
974 4050 1119 4100 clypeis
1138 4054 1177 4092 et
1192 4056 1322 4104 spoliis
1338 4059 1513 4110 undique

228 4108 427 4145 exornatae
457 4108 598 4147 Attica¹
626 4109 829 4157 triremes,
848 4113 934 4150 tum
969 4123 1154 4162 magnum
1183 4120 1269 4166 post
1287 4130 1329 4159 se
1349 4122 1516 4171 captiva·

229 4179 316 4208 rum
336 4180 546 4210 numerum
567 4171 771 4222 trahebat,
804 4175 1007 4225 rostraque
1025 4187 1048 4215 a
1070 4187 1111 4217 se
1139 4179 1333 4221 victarum
1367 4186 1407 4223 et
1434 4196 1514 4234 pes-

229 4233 497 4274 siimdatarum
516 4237 677 4277 navium
694 4238 800 4278 haud
820 4240 1051 4288 pauciorum
1068 4242 1250 4284 ducentis
1268 4252 1401 4287 secu‘m
1422 4249 1516 4290 inse-

230 4298 352 4338 rebat.
372 4299 488 4340 Addit
510 4301 567 4340 his
580 4303 764 4344 omnibus
782 4306 899 4345 Duris
913 4307 1067 4346 Samius
1080 4337 1091 4357 ‚
1115 4309 1181 4359 qui
1199 4320 1321 4360 genus
1335 4324 1453 4355 suum
1467 4317 1515 4356 ad

1369 269 1627 320 DURlDlS
1662 266 1840 321 SAMH

1587 2173 1706 2235 -μοὺς
1738 2176 1782 2221 αἱ
1814 2175 1958 2228 πόλεις
1987 2173 2228 2233 ἀνέστησαν
2257 2178 2314 2230 ὡς
2338 2179 2420 2242 θεῷ
2443 2175 2517 2224 καὶ
2547 2177 2694 2231 θυσίας
2728 2177 2898 2239 ἔθυσαν,
2940 2235 2941 2238 ¹

1617 378 1870 443 προστίθησι
1888 377 2075 440 τούτοις,
2103 380 2247 426 αὐλεῖν
2269 379 2347 442 μὲν
2365 374 2550 446 εἰρεσίαν
2570 386 2663 440 ’τοῖς
2687 385 2912 438 ἐλαύνόυΐι

1617 450 1888 515 Χρυσόγονον
1917 450 1988 496 τὸν
2013 450 2293 513 Πυθιονίκην,
2319 452 2507 501 κελεύειν
2533 453 2576 502 δὲ
2603 458 2912 520 Καλλιππίδην
2946 483 2947 487 ’

1617 521 1688 568 τὸν
1718 525 1803 568 τῶν
1834 523 2086 586 τραγῳδιῶν
2129 521 2380 589 ὑποκριτὴν,
2420 525 2576 574 στατὸν
2621 528 2696 576 καὶ
2737 528 2925 586 ξυστίδα,

1617 592 1691 639 καὶ
1714 592 1786 639 τὸν
1814 593 1943 640 ἄλλον
1982 593 2210 658 ἐναγώνιον
2235 596 2542 661 ἀμπεχόμενον
2572 598 2755 665 κόσμον,
2788 604 2914 675 ἱστίῳ
2984 588 2996 659 ⁵2

1617 664 1653 710 δ’
1677 665 1873 730 ἁλουργῷ
1895 664 1974 723 τὴν
2003 667 2245 732 ναυαρχίδα
2270 670 2587 736 προσφέρεσθαι
2609 680 2695 728 τοῖς
2718 676 2948 738 >stit-{mm
2984 683 2996 727 fg

1616 734 1761 800 ὥσπερ
1784 738 1834 783 ἐκ
1859 735 1989 796 μέθης
2022 739 2393 802 ἐπικωμάζοντος,
2419 741 2515 790 οὔτε
2539 744 2800 808 Θεόπομπος
2823 747 2939 807 οὔτ’-ρ’,
2984 778 2989 785 «

1614 806 1801 873 Ἔφορος
1821 807 1918 855 οὔτε
1951 809 2155 875 Ξενοφῶν
2181 811 2409 879 γέγραφεν·
2434 813 2524 862 οὔτ’
2548 816 2659 872 εἰκὸς
2679 811 2734 877 ἧν
2773 818 2908 878 οὕτως
2930 811 2937 828 ⁵
2984 809 2989 823 ἓ

1615 882 1875 946 ἐντρυφῆσαι
1917 883 2004 936 τοῖς
2035 882 2272 941 Ἀθηναίοις
2302 885 2413 949 μετὰ
2455 886 2591 951 φυγὴν
2625 889 2701 937 καὶ
2741 910 2912 960 συμφο-

1616 952 1689 1016 ρὰς
1730 953 1944 1008 τοσαύτας
1984 956 2319 1021 κατερχόμενον.
2359 964 2430 1007 Ex
2468 957 2652 1010 Duride
2697 958 2911 1015 'hauserit
2938 1019 2939 1022 ,

1611 1029 1859 1073 Athenaeus
1875 1027 1981 1087 XII,
1998 1046 2049 1090 p.
2077 1029 2194 1090 535,
2217 1034 2266 1079 C.
2288 1035 2358 1081 Cf.
2373 1030 2578 1084 Diodor.
2605 1031 2748 1096 xm,
2770 1031 2848 1099 68,
2859 1051 2915 1098 ut
2926 1027 2948 1090 '³2

1610 1101 1790 1144 mittam
1814 1102 2021 1161 reliquos
2038 1104 2090 1148 in
2109 1119 2162 1150 re
2181 1101 2434 1154 notissima.
2449 1101 2808 1158 -‘'A')„x2'6202800
2827 1111 2910 1176 φᾶ.

1611 1189 1726 1218 cxmv
1747 1171 1954 1232 ἀπόγονος
1964 1165 2387 1238 εἶναι]«ΒθΡιιῐειηῐί
2405 1182 2557 1240 patria
2577 1191 2816 1230 extorrem
2829 1176 2912 1232 d'iu
2933 1174 2935 1179 ⁴
2986 1177 2990 1202 ·’

1611 1246 1660 1288 ίη
1679 1247 1817 1291 Samo
1838 1248 2129 1293 Alcibiadem
2147 1252 2290 1311 egisse
2306 1287 2319 1312 ,
2346 1255 2649 1300 cas'tra'etiam
2663 1255 2882 1305 habuisse
2891 1253 2948 1318 ,”,’,

1608 1319 1866 1363 attendenti
1888 1321 2089 1365 maxime
2107 1325 2288 1382 generis
2313 1326 2745 1387 propinquitatem,
2769 1319 2947 1391 quam}
2985 1324 2994 1394 Ξ

1607 1390 1778 1435 Duridi
1806 1392 1975 1436 scimus
2005 1408 2113 1437 cum
2148 1392 2392 1442 Alcibiade
2428 1398 2758 1459 intercessisse,
2794 1397 2943 1454 milii?v
2985 1399 2991 1451 ξ

1606 1478 1704 1506 non
1724 1464 1952 1508 absonum
1968 1466 2118 1509 visum
2140 1465 2230 1528 est,
2252 1468 2336 1513 sed
2355 1463 2614 1516 admodum
2632 1473 2900 1533 probabile,
2927 1464 2942 1498 (ἵ

1606 1536 1656 1578 in
1688 1536 1952 1582 Samiorum
1991 1540 2257 1583 Annalibus
2291 1543 2523 1601 prolixius
2562 1539 2623 1590 de
2659 1537 2908 1593 Alcibiade
2987 1539 2989 1544 ¹

1606 1607 1743 1654 fuisse
1764 1619 2006 1655 narratum
2031 1632 2050 1649 »
2080 1613 2346 1661 Halleman.

1891 1710 1972 1756 65.
2013 1712 2112 1773 (Ol.
2142 1719 2234 1774 94,
2267 1731 2309 1772 13
2337 1731 2380 1761 a.
2407 1716 2458 1762 C.
2485 1714 2616 1782 404.)

1669 1811 1904 1857 Plutarch.
1933 1814 2041 1873 Lys.
2075 1829 2117 1858 c.
2151 1813 2207 1858 18
2236 1827 2248 1861 :
2283 1805 2396 1862 Τότε
2438 1821 2571 1876 (post
2606 1832 2811 1879 pugnam
2845 1816 2906 1866 ad

1603 1885 1963 1945 AEgospotamos
1990 1885 2272 1948 pugnatam)
2308 1885 2344 1933 δ’
2369 1881 2440 1934 οῧν
2473 1890 2495 1934 ὃ
2534 1887 2784 1954 Λύσανδρος
2803 1888 2904 1939 ὅσον

1603 1955 1738 2009 οὐδεὶς
1754 1958 1838 2002 τῶν
1852 1955 2035 2021 πρόσθεν
2056 1956 2281 2015 Ἑλλήνιον
2299 1959 2488 2018 δυνηθεὶς
2506 1959 2643 2008 ἐδόκει
2659 1961 2904 2028 φρονήματι

1603 2026 1675 2075 καὶ
1706 2027 1823 2094 ὄγκῳ
1860 2029 2020 2090 μείζονι
2050 2030 2290 2094 κεχρῆσθαι
2315 2035 2393 2090 τῆς
2420 2031 2653 2094 δυνάμεως.
2722 2035 2906 2099 Πρῶτον

1604 2099 1682 2164 μὲν
1705 2100 1805 2166 γὰρ,
1833 2104 1890 2155 ὣς
1921 2103 2081 2167 ἱστορεῖ
2103 2106 2272 2167 Δοῦρις,
2299 2102 2520 2162 Ἑλλήνων
2542 2105 2692 2172 ἐκείνῳ
2714 2107 2790 2154 καὶ
2816 2110 2904 2172 βω·

1601 2248 1659 2301 εἷς
1691 2246 1735 2294 δὲ
1766 2250 1936 2312 πρῶτον
1964 2255 2143 2302 παιᾶνες
2173 2248 2385 2313 ᾔσθησαν,
2415 2241 2474 2297 ὧν
2505 2249 2596 2306 ἑνὸς
2624 2249 2763 2317 ἀρχὴν
2793 2253 2942 2303 ἀπο-

1603 2320 1919 2383 μνημονεύουσι
1942 2320 2125 2368 τοιάνδε·
2921 2319 2933 2346 5

1757 2424 1833 2464 Τὸν
1852 2420 2030 2468 Ἑλλάδος
2046 2423 2233 2473 ἀγαθέας,

1755 2483 1969 2533 στραταγὸν
1986 2481 2053 2520 ἀπ’
2073 2481 2281 2533 εὐρυχόρου

1757 2539 1933 2591 Σπάρτας
1955 2540 2192 2592 ὑμνήσομεν,
2219 2541 2268 2590 ὦ,

1931 2599 1972 2645 ῑὴ
1989 2598 2132 2638 Παιάν.
2878 2609 2894 2617 ·>
2919 2569 2950 2635 ³³}

1604 2798 1846 2838 Alcibiadem
1876 2799 2081 2837 auctorem
2111 2799 2231 2838 refert
2245 2828 2257 2848 ‚
2296 2799 2596 2850 Chrysogonum
2622 2799 2897 2850 Pythionicam

1594 2927 1877 2977 tragoediarum
1909 2927 2141 2967 histrionem
2155 2957 2168 2978 ,
2197 2929 2301 2970 stato
2339 2929 2381 2968 et
2403 2927 2559 2979 xystide
2584 2929 2798 2979 ceteroque
2826 2929 2898 2969 ha-

1595 2990 1683 3030 bitu
1715 2990 1981 3042 instructum,
2015 3003 2096 3042 quo
2123 2991 2183 3033 uti
2211 2992 2341 3031 solent
2372 2992 2440 3042 qui
2463 2990 2651 3031 docendis
2679 2991 2824 3033 fabulis
2854 2993 2894 3032 in

1595 3055 1751 3094 theatro
1768 3056 1945 3105 certant,
1963 3052 2160 3106 'remigum
2186 3054 2305 3112 fuisse
2332 3056 2576 3096 hortatorem
2592 3086 2604 3106 ,
2631 3067 2778 3097 navem
2795 3062 2895 3108 prae-

1593 3119 1739 3159 toriam
1770 3120 1966 3170 explicato
1992 3120 2082 3160 velo
2104 3130 2306 3171 purpureo
2332 3120 2373 3159 in
2397 3121 2558 3171 portum
2577 3121 2765 3172 subiisse,
2782 3121 2895 3173 quasi

1593 3182 1661 3223 ille
1676 3183 1849 3234 crapulis
1876 3184 2018 3234 plenus
2043 3195 2091 3224 ex
2130 3183 2415 3224 comessatione
2443 3184 2604 3226 rediret.
2636 3189 2734 3227 Haec
2763 3196 2893 3238 neque

1596 3248 1778 3298 Ephorus
1788 3258 1918 3297 neque
1933 3247 2213 3298 Theopompus
2239 3258 2370 3298 neque
2398 3245 2623 3300 Xenophon
2652 3259 2897 3298 commemo*

1596 3314 1707 3360 rant,
1729 3322 1857 3362 neque
1875 3322 1971 3351 vero
1986 3311 2192 3362 probabile
2211 3313 2271 3352 est
2287 3311 2528 3354 Alcibiadem
2545 3313 2644 3354 adeo
2654 3324 2726 3365 per
2748 3313 2891 3355 luxum

1594 3377 1763 3416 voluisse
1778 3376 2085 3416 Atheniensibus
2104 3376 2309 3427 insultare,
2327 3377 2379 3417 ab
2402 3377 2520 3417 exilio
2534 3378 2738 3431 'tantisque
2756 3387 2889 3423 revor-

1594 3452 1681 3479 sum
1702 3451 1882 3481 miserus,

2201 3511 2276 3552 '65.

1649 3585 1846 3636 Lysander
1865 3596 1993 3636 quum
2021 3583 2120 3626 tunc
2146 3586 2198 3626 ad
2213 3586 2408 3638 ‘maj0rem
2439 3598 2559 3638 quam
2591 3587 2696 3628 ullus
2712 3587 2888 3644 unquam

1594 3653 1757 3692 Graecus
1771 3652 1896 3691 ⁴homo
1915 3652 2134 3702 potentiam
2154 3652 2421 3703 pervenisset,
2449 3653 2554 3695 fastu
2571 3654 2706 3693 tamen
2729 3647 2888 3703 videtur

1593 3715 1747 3764 majori,
1767 3725 1888 3765 quam
1908 3726 1980 3766 pro
1996 3726 2067 3755 sua
2088 3716 2278 3766 potentia,
2289 3716 2416 3756 elatus
2427 3715 2562 3756 fuisse.
2579 3717 2714 3757 Primo
2729 3706 2889 3761 euimssol‘>

1592 3781 1827 3818 Graecorum
1842 3779 1882 3818 et
1901 3789 1982 3820 arae
2009 3781 2102 3820 sunt
2133 3790 2156 3819 a
2175 3778 2403 3820 civitatibus
2424 3779 2584 3831 positae,
2601 3781 2648 3821 ut
2671 3781 2791 3822 Duris
2803 3776 2886 3823 th»-

1589 3841 1670 3892 dit,
1690 3842 1993 3892 tanquamdeo,
2022 3842 2063 3882 et
2093 3842 2285 3883 sacrificia
2314 3844 2476 3894 peracta
2492 3843 2534 3883 in
2554 3843 2639 3894 ejus
2660 3844 2851 3885 honorem
2873 3859 2881 3869 ·

1589 3905 1717 3957 primo
1747 3907 1927 3946 omnium
1957 3909 2189 3948 Graecorum
2213 3918 2371 3958 paeanes
2386 3911 2480 3950 sunt
2510 3909 2680 3960 cantati,
2713 3921 2785 3962 qu·
2826 3924 2844 3942 ··

1590 3970 1706 4008 unius
1725 3970 1801 4010 hoc
1818 3970 1976 4011 initium
1997 3973 2333 4012 commemoratur
2351 3987 2361 4013 :

1675 4069 1950 4105 celebrabimus
1965 4069 2117 4106 inclutae

1677 4126 1831 4162 Graeciae
1848 4126 2112 4163 Lacedaemone

1677 4185 1897 4228 prognatum
1915 4182 2050 4219 ducem
2062 4182 2108 4218 ab
2125 4184 2244 4230 ampla
2259 4194 2269 4217 ε

1766 4242 1806 4275 10
1828 4242 1962 4275 Paean!

1591 4319 1710 4358 Samii
1729 4318 1870 4359 festum
1892 4319 2061 4359 ,lunonis
2099 4330 2216 4360 sunm
2234 4321 2447 4372 Lysandria
2485 4321 2707 4362 vocandum
2736 4331 2805 4364 san
2834 4318 2855 4330 ’
