3016 4628
258 260 317 299 «¹9
330 262 348 299 ι
1175 253 1511 302 DIONYSIUS
1554 253 1997 304 HERACLEOTA.

256 351 474 414 Ἰδομένης
512 351 616 417 φησὶ
648 350 926 417 δημαγωγόν,
961 355 1093 415 quod
1116 356 1179 400 ita
1203 357 1428 416 explicuit
1457 359 1553 402 Lo-
1583 398 1585 402 .
1629 354 1880 409 Ἑλλάνικος
1904 357 1945 402 ἐν
1963 351 2121 420 πρώτῳ
2142 355 2350 419 Τρωικῶν
2374 353 2448 401 καὶ
2470 354 2704 418 Ἰδομενεὺς
2727 359 2769 405 ἰν
2782 377 2840 424 πρ
2857 357 2870 377 ’
2924 362 2926 368 ’
2957 344 2969 381 ³3

253 426 390 472 beck.
425 427 528 487 Agl.
558 441 610 486 p.
640 441 724 471 121
753 441 765 470 t
805 446 825 466 «
851 427 1036 472 Scilicet
1061 423 1133 472 διὰ
1155 425 1315 472 τούτων
1340 425 1553 483 ἐδήλωσεν
1630 430 1856 491 Τρωικῶν.
2893 414 2898 419 ⁸
2959 435 2967 488 ξ

254 495 550 558 Δημοσθένης,
577 499 650 543 Sic
668 497 950 559 demagogus
967 508 1162 544 vocatur
1184 496 1395 561 βάσκανος
1419 497 1557 560 Ἔριν-
1711 504 1783 546 De
1802 502 1893 545 hoc
1914 501 2021 544 loco
2041 501 2240 546 Sintenis
2263 500 2325 546 ad
2346 501 2584 554 Plutarchi
2604 503 2774 551 Per-iel.
2821 498 2925 558 Exe

256 567 324 623 νύς
347 572 536 630 Dionys,
560 572 621 617 H.
644 570 716 617 IX
732 606 745 628 ‚
772 569 849 624 45.
873 591 892 610 υ
916 571 1007 616 Sed
1031 571 1146 630 quid
1171 580 1269 615 tum
1291 570 1560 629 sequentia?
1641 577 1696 629 V,
1747 589 1800 632 p.
1827 571 1919 617 315
1949 573 2013 616 ita
2035 573 2177 618 habet
2199 588 2210 617 ε
2241 592 2261 613 «
2285 573 2493 618 Dubium
2515 584 2604 632 cst,
2633 586 2790 622 utrum
2859 583 2862 586 ’
2882 598 2901 615 1v
2961 569 2970 601 Ξ

253 644 405 701 Quam
457 643 614 703 recepi
647 643 1020 688 emendationem
1051 644 1276 702 optimam
1311 644 1560 702 proposuit
1639 659 1864 703 psacenus
1907 645 2240 704 intelligendus
2261 645 2319 691 sit
2355 660 2416 690 an
2454 646 2570 691 alius
2606 642 2799 707 quidam
2825 663 2838 693 t
2893 674 2908 703 ¹,
2962 641 2972 657 ²

258 713 315 761 H.
357 716 543 775 Sauppe
585 716 636 760 in
676 717 750 762 W
744 716 861 760 elck.
901 733 947 762 ιι.
991 715 1182 760 Ritschl.
1220 715 1383 761 Rhein.
1427 716 1555 760 Mus.
1640 718 1667 760 J
1670 717 1788 760 onsii
1824 717 2112 776 suspicione,
2147 717 2252 776 qui,
2300 736 2321 758 «
2354 717 2635 764 Idomeneus
2649 755 2664 780 ,
2694 721 2872 780 inquit,
2909 727 2911 730 ’
2962 710 2970 726 ²

268 787 416 845 1843,
437 803 484 848 p.
510 786 621 842 451.
646 788 714 836 Cf.
738 789 894 833 Schol.
915 788 1154 833 Demosth.
1175 786 1249 843 18,
1277 788 1304 847 §
1327 786 1415 831 130
1437 802 1447 830 :
1472 784 1560 832 Τὸν
1640 788 1802 846 Dictys
1824 788 2051 832 Cretensis
2065 789 2201 832 simul
2218 789 2477 834 militarunt
2496 802 2660 836 contra
2678 779 2918 852 Trojano&

258 858 338 921 μὲν
361 856 530 923 πατέρα
551 858 645 906 ἀντὶ
661 858 886 923 Τρόμητος
904 858 1102 915 ἐποίησεν
1120 856 1400 920 Ἀτρόμητον,
1419 856 1496 918 τὴν
1517 855 1562 903 δὲ
1641 875 1701 904 an
1716 859 1846 913 ,forte
1876 869 1929 904 ut
1945 859 2083 920 hujus
2097 893 2110 915 ,
2130 861 2194 904 sic
2218 868 2264 905 et
2290 862 2413 906 illius
2435 864 2626 908 nomine
2648 861 2830 927 Τρωικὰ
2853 880 2879 910 a
2899 864 2914 879 “

257 930 424 996 μητέρα
445 934 611 994 σεμνῶς
626 930 740 978 πάνυ
763 930 1054 989 Γλαυκοθέαν,
1077 930 1130 988 ἣν
1145 928 1406 991 Ἔμπουσαν
1427 927 1561 975 ἅπαν·
1641 931 1833 990 quando
1855 933 2077 980 exstitisse
2097 933 2333 983 dicemus?
2353 954 2372 975 »
2396 950 2541 994 penes
2556 936 2675 980 alios
2693 946 2790 982 esto
2807 935 2912 996 ᾖιιῗ

258 1021 326 1058 τες
345 1003 464 1051 ἴσασι
483 1003 770 1066 καλουμένην,
802 1006 850 1050 ἐκ
869 1007 943 1050 τοῦ
961 1002 1103 1050 πάντα
1125 1004 1261 1048 ποιεῖν
1284 1001 1357 1048 καὶ
1377 1001 1562 1064 πάσχειν
1641 1005 1782 1052 cium.
1856 1007 1974 1050 Item
1995 1006 2054 1051 de
2072 1022 2200 1062 mea,
2223 1021 2327 1066 quae
2340 1007 2439 1052 haee
2464 1017 2547 1053 est.
2575 1008 2719 1068 Apud
2741 1009 2884 1070 Apoll
2894 1009 2932 1059 '‘‚ss

259 1076 333 1123 καὶ
352 1075 571 1140 γίγνεσθαι
590 1076 783 1132 δηλονότι
801 1073 960 1133 ταύτης
979 1078 1056 1132 τῆς
1069 1071 1317 1133 ἐπωνυμίας
1329 1077 1561 1135 τυχοῦσαν.
1639 1075 1775 1120 nium
1811 1078 2200 1138 scholiastamque
2224 1078 2466 1138 Apollonii
2495 1080 2651 1140 agitur
2674 1079 2736 1126 de
2768 1071 2922 1127 Sam

260 1175 326 1185 —-
345 1147 610 1214 Ἀνεφαίνετο
642 1154 727 1200 τοῖς
763 1147 833 1210 μ.]
871 1156 1047 1207 spectat
1080 1147 1140 1192 ad
1171 1149 1286 1191 ritus
1323 1161 1565 1190 sacrorum
1639 1148 1799 1194 thrace
1828 1151 1977 1195 insula
2008 1149 2199 1210 ejusque
2233 1151 2551 1209 antiquissima
2584 1152 2779 1198 historia
2805 1147 2826 1196 :v
2845 1151 2880 1212 j
2909 1184 2934 1204 „
2970 1142 2974 1164 ’ξ

260 1223 557 1269 Sabaziorum
577 1222 650 1266 vel
663 1223 990 1280 phrygiorum,
1012 1235 1217 1278 quorum
1232 1219 1567 1264 Glaucotheam
1641 1221 1701 1266 de
1734 1221 1981 1268 Idomenei
2021 1224 2116 1268 sive
2149 1224 2455 1283 Lampsaceni
2489 1238 2571 1268 seu
2602 1224 2721 1271 alius
2749 1223 2872 1270 hist&
2971 1224 2975 1236 ’·

263 1296 500 1341 AEschinis
525 1303 718 1338 matrem
741 1295 907 1337 scimus
930 1292 1063 1335 fuisse
1091 1292 1356 1335 antistitam.
1377 1293 1432 1338 V.
1458 1291 1565 1335 Sui·
1641 1295 1987 1340 Samothracica
2002 1304 2133 1340 certo
2151 1304 2332 1340 constat
2344 1295 2499 1340 Suidae
2516 1296 2799 1345 testimonio,
2830 1301 2846 1339 0
2873 1317 2927 1347 ²:

261 1369 342 1413 das
359 1383 406 1412 v.
430 1365 655 1429 Αἰσχίνης.
695 1366 762 1411 Cf.
787 1365 991 1408 Lobeck.
1017 1364 1121 1424 Agl.
1142 1379 1196 1423 p.
1218 1362 1329 1408 652.
1351 1363 1568 1408 Ceterum
1642 1368 1807 1428 igitur,
1828 1369 1866 1412 si
1886 1368 2144 1413 Idomeneo
2169 1365 2225 1413 τὰ
2251 1363 2432 1430 Τρωικὰ
2452 1383 2614 1414 errore
2642 1369 2837 1415 librario
2876 1378 2928 1408 τιὸ

262 1441 322 1487 cf.
355 1441 500 1484 schol.
542 1438 781 1497 Aristoph.
809 1439 928 1483 Ran.
960 1435 1051 1496 293
1079 1451 1090 1479 ε
1125 1434 1256 1482 Δοκεῖ
1291 1432 1334 1480 δὲ
1374 1433 1449 1480 καὶ
1473 1434 1564 1496 (se.
1642 1438 1750 1484 data
1769 1440 2077 1484 existimamus
2087 1456 2261 1501 ,quum
2280 1440 2507 1485 deberent
2525 1441 2872 1504 Σαμοθρακικῶν

262 1514 289 1567 ἡ
313 1507 549 1572 Ἔμπουσα
569 1509 580 1573 )
606 1510 697 1562 ταῖς
712 1507 1000 1571 μεσημὸρίαις
1021 1507 1334 1572 φαντάζεσθαι,
1361 1504 1463 1553 ὅταν
1483 1509 1569 1559 τοῖς
1591 1515 1594 1518 ’
1641 1512 1716 1556 bri
1728 1514 2117 1580 commemorari?
2131 1523 2185 1558 ut
2202 1514 2413 1577 Τρωικῶν
2430 1522 2606 1560 temere
2624 1514 2925 1576 repetitum&
2976 1502 2978 1528 ξ

263 1581 585 1646 κατοιχομένοις
635 1580 897 1643 ἐναγίζωσιν.
939 1581 1102 1626 Suidas
1135 1590 1181 1625 et
1225 1582 1382 1640 Etym.
1421 1581 1487 1627 M.
1523 1589 1568 1624 et
1642 1599 1700 1628 ex
1727 1599 1978 1645 praegressa
2002 1587 2230 1631 Hellanici
2248 1602 2446 1647 operum
2467 1588 2917 1645 commemoratione
2976 1591 2981 1599 ²

262 1655 421 1715 Steph.
446 1657 578 1702 Thes.
600 1671 644 1702 v.
667 1651 920 1714 Ἔμπουσα.
1581 1700 1594 1712 ‚
1643 1657 2122 1717 commutandumque
2149 1674 2258 1703 cum
2293 1659 2655 1724 Σαμοθρακικῶν,
2681 1660 2932 1707 mutatiofi

668 1770 743 1816 ΣΑ
753 1768 1128 1816 ἊΟΘΡΑΚΙΚΑ
1642 1729 1703 1774 ad
1725 1731 1929 1790 speciem
1950 1732 2096 1792 magis
2119 1747 2260 1791 quam
2281 1747 2447 1795 revera
2468 1733 2694 1779 violenta.
2717 1752 2738 1773 ι·
2762 1731 2919 1779 Proba
2978 1728 2982 1730 ’

752 1791 763 1815 ³
944 1815 955 1836 ι
998 1850 1004 1857 ⁴
1140 1806 1150 1816 '
1643 1801 1757 1847 bilia
1788 1802 2138 1864 haemUngerus
2163 1805 2213 1848 in
2225 1804 2674 1850 Paradox.Theban.
2696 1819 2746 1864 p.
2780 1812 2920 1862 272,

330 1894 492 1939 Suidas
518 1910 528 1937 :
554 1889 803 1954 Ἰδομενεὺς,
825 1888 1034 1956 ἱστορικὸς
1056 1888 1243 1955 ἔγραψεν
1271 1890 1464 1954 ἱστορίαν
1480 1892 1566 1937 τῶν
1643 1879 1761 1938 qnid
1794 1881 2074 1925 ‘natandum
2115 1891 2257 1939 esset,
2286 1891 2474 1942 pataret
2506 1882 2814 1928 Idomeneum
2842 1891 2916 1928 Μ

265 1963 375 2011 κατὰ
397 1962 700 2029 Σαμοθράκην.
1643 1960 1784 1997 ctasse
1800 1969 1873 1997 res
1889 1957 2070 2013 patrias
2086 1963 2165 1999 aut
2180 1953 2403 2000 heroicas.
2418 1957 2490 2000 De
2504 1970 2558 2001 re
2574 1963 2819 2002 narratam
2829 1953 2928 2001 Mil

1643 2024 1729 2069 ler.
1746 2026 1871 2072 Min.
1892 2041 1943 2086 p
1968 2021 2920 2089 4623L0heck.Aglaoph.p.120631112

692 2214 729 2256 L
732 2209 877 2258 IBRO
913 2208 1133 2258 PRIMO.
2907 2238 2935 2267 ,2

884 2332 957 2383 18.
1710 2312 1993 2387 DIONY
1998 2312 2217 2386 SIUS
2237 2311 2934 2439 ΗΕ.ΒΑΕΙᾹΕΟΤΑ.ἐζΞ

330 2453 484 2499 Schol.
506 2452 663 2511 Apoll.
683 2451 844 2498 Rhod.
874 2452 897 2495 I
913 2450 1080 2511 ,.916
1106 2450 1284 2508 Νῆσον
1315 2450 1362 2503 ἐς
1387 2446 1569 2497 Ἤλέκ·
1711 2451 1964 2510 Dionysius
1983 2450 2290 2506 Heracleoten,
2313 2446 2770 2530 Theophantifilius,
2790 2450 2873 2495 Ζ

275 2545 299 2571 τ
315 2539 427 2588 ρης;
453 2521 529 2579 τὴν
558 2519 848 2588 Σαμοθράκην
873 2485 1006 2584 λέγει.
1031 2520 1154 2569 Ἐκεῖ
1176 2519 1310 2609 γὰρ]
1279 2540 1384 2569 ωκει
1409 2520 1570 2570 Ἢλέκ-
1646 2523 1718 2567 nis
1748 2522 2002 2582 discipulus
2027 2521 2040 2582 (
2064 2522 2147 2581 qui
2177 2536 2323 2582 quum
2347 2521 2446 2580 jam
2468 2535 2609 2566 senex
2638 2536 2665 2566 a
2690 2521 2858 2568 Stoicis
2891 2510 2956 2560 ἰ

270 2615 350 2662 τρα
382 2599 410 2653 ἡ
443 2593 700 2654 Ἄτλαντος,
737 2593 812 2642 καὶ
833 2593 1081 2657 ὠνομάζετο
1115 2597 1198 2642 υπο
1231 2597 1316 2642 τῶν
1349 2593 1569 2660 ἐγχωρίων
1647 2596 1926 2656 Cyrenaicos
1956 2594 2217 2651 defecisset,
2255 2590 2556 2653 Μεταθέμενος
2590 2595 2934 2665 cognomina
2952 2584 2956 2593 ’

271 2666 537 2731 Στρατηγις,
560 2665 613 2724 ἥν
634 2685 761 2731 φησιν
785 2665 1042 2720 Ελλάνικος
1070 2665 1398 2731 Ἠλεκτρυώνην
1423 2668 1570 2714 καλεῖ·
1646 2668 1755 2729 est),
1771 2676 1943 2728 praeter
1961 2668 2048 2712 alia
2066 2667 2204 2711 etiam
2218 2666 2430 2711 historici
2445 2667 2706 2727 argumenti
2721 2644 2945 2711 nonnulla

273 2743 383 2786 σθαι.
417 2739 650 2800 Ἐγέννησε
688 2739 732 2787 δὲ
764 2747 875 2805 τρεῖς
907 2740 1094 2795 παῖδας
1134 2739 1374 2806 Δάρδανον,
1414 2740 1485 2788 τὸν
1531 2743 1572 2795 ἐς
1595 2628 1614 2972 ι
1645 2741 1852 2802 scripsit,
1895 2736 2028 2803 ssepi
2070 2737 2305 2803 ἀρχαίων
2347 2733 2620 2801 βασιλέων
2660 2737 2864 2795 scilicet,
2890 2745 2944 2786 et

274 2811 434 2877 Τροίαν
452 2812 767 2870 κατοικήσαντα
789 2812 861 2876 (ὃν
878 2832 952 2860 και
970 2812 1235 2878 Πολυάρχην
1249 2812 1355 2877 φασὶ
1371 2812 1571 2876 λέγεσθαι
1648 2810 1781 2877 Περὶ
1803 2810 2014 2876 βαρὸαρ
2029 2829 2077 2857 ικ
2089 2829 2156 2856 ων
2181 2811 2336 2867 ἐθῶν,
2359 2819 2472 2855 teste
2503 2812 2714 2872 Diogene
2744 2811 2799 2856 L.
2831 2808 2944 2913 ΠΙ,

275 2884 357 2932 υπὸ
388 2903 471 2931 των
500 2884 776 2949 ἐγχωρίων),
805 2884 877 2932 καὶ
899 2885 1128 2944 Ἠετίωνα,
1157 2884 1202 2933 ὃν
1230 2884 1433 2934 Ἰασίωνα
1467 2884 1573 2948 (καὶ
1654 2886 1741 2943 167
1767 2888 1817 2930 in
1848 2887 1960 2932 Vita
1987 2884 2124 2943 hujus
2151 2884 2439 2944 philosophi
2479 2884 2756 2944 Fragmenta
2791 2890 2902 2927 aut

277 2956 468 3005 Ἡσίωνα
486 2959 596 3006 cod.
614 2961 720 3007 Par.
726 2958 1023 3020 )ὀνομάζουσι,
1041 2957 1115 3006 καί
1129 2977 1234 3024 φασι
1248 2961 1572 3023 κεραυνωθῆναι
1648 2960 1822 3004 horu-m
1837 2958 2072 3002 librorum
2087 2972 2187 3001 non
2204 2964 2466 3016 supersunt,
2482 2963 2711 3014 quantum
2725 2953 2945 3014 equide-

280 3029 406 3077 αὗτὸν
420 3028 645 3093 υὸρίζοντα
664 3029 843 3093 ἄγαλμα
859 3034 934 3089 τῆς
947 3031 1192 3097 Δήμητρος·
1212 3030 1361 3095 τρῖτην
1383 3029 1470 3077 δὲ’
1446 3048 1571 3094 εσχεν
1649 3031 1759 3076 seio.
1782 3030 1851 3076 Cf.
1881 3031 2158 3090 interpretes
2180 3028 2241 3073 ad
2262 3023 2542 3088 Diogenem,
2561 3033 2608 3072 ct
2630 3026 2690 3072 de
2715 3026 2943 3087 tempori-

279 3101 517 3167 Ἁρμονίαν,
543 3101 594 3159 ἣν
626 3101 808 3165 ἠμίγετο
829 3103 1020 3166 Κάδμος.
1096 3102 1232 3152 Καὶ’
1209 3102 1294 3150 απὸ
1313 3107 1389 3162 τῆς
1414 3102 1574 3168 μητρὸς
1647 3105 1746 3149 bus
1761 3105 1853 3148 viri
1883 3103 2171 3148 Clinton.F.
2210 3099 2642 3156 11.t0m.111‚ad
2676 3115 2751 3147 an.
2779 3097 2872 3144 263
2896 3101 2943 3144 et

281 3176 410 3229 αὐτης
432 3173 708 3239 Ἠλεκτρίδας
730 3174 866 3229 πύλας
890 3195 965 3234 της
990 3175 1190 3234 Θήὸης’
1170 3175 1383 3240 ονομάσαι
1412 3178 1575 3240 ἱστορεῖ
1648 3192 1699 3236 Ρ.
1727 3176 1837 3237 496.

1650 3314 1893 3364 Polyarrhen
1934 3313 2123 3364 appellari
2164 3313 2318 3360 serunt;
2363 3310 2506 3351 deinde
2556 3309 2782 3358 Eetionem,
2835 3325 2933 3342 ···-1·

503 3356 585 3403 DE
621 3356 819 3406 REBUS
854 3358 1350 3408 SAMOTHRACIAE·
1645 3378 1769 3417 etiam
1791 3379 1986 3418 Iasionem
2005 3378 2174 3426 vocant3
2204 3377 2268 3416 liic
2286 3387 2412 3428 quum
2438 3376 2478 3414 in
2502 3374 2658 3415 Cereris
2687 3371 2854 3414 sitnul

890 3477 943 3516 18
1649 3426 1914 3494 superbisset,
1936 3443 2102 3483 fulmine
2128 3442 2360 3482 interfectus
2396 3450 2480 3481 esse
2509 3439 2677 3489 (licitum
2707 3437 2833 3479 filiam
2853 3429 2873 3438 ”

951 3507 959 3516 “
1651 3510 1808 3550 Electra
1822 3509 1962 3551 habuit
1979 3508 2259 3558 Harmoniam,
2275 3517 2394 3558 quam
2417 3506 2594 3547 Cadmus
2617 3514 2788 3545 uxorem
2809 3487 2927 3550 «infit

339 3585 379 3622 ln
401 3583 673 3624 Samothracia
689 3585 890 3627 habitabat
907 3589 1062 3627 Electra
1076 3620 1087 3638 ‚
1109 3590 1277 3629 Atlantis
1303 3589 1384 3629 filia
1398 3618 1410 3638 ,
1441 3587 1576 3640 ibique
1650 3579 1764 3616 Hanc
1780 3574 1829 3615 de
1848 3576 2018 3616 Electra?
2038 3575 2174 3615 mamb*
2193 3584 2355 3614 nomme
2377 3575 2511 3623 portas
2535 3570 2761 3612 Thebarum
2779 3563 2925 3611 Μ

285 3647 335 3686 al»
366 3647 554 3698 indigenis
588 3648 855 3698 appellabatur
896 3652 1096 3701 strategis.
1136 3653 1313 3693 Eandem
1348 3653 1577 3694 Heuanicus
1649 3639 1722 3680 das
1743 3640 1967 3679 nominasse
1983 3641 2118 3679 narrat
2139 3638 2365 3694 Hellanicus
2382 3636 2485 3677 libro
2506 3635 2634 3687 primo
2656 3633 2926 3683 Troicum

288 3711 548 3762 Electryonen
569 3711 647 3751 dici
673 3714 740 3752 ait.
764 3714 917 3763 Peperit
932 3726 1027 3754 vero
1044 3716 1189 3757 liberos
1203 3719 1306 3767 tres3
1326 3718 1576 3768 Dardanum,
1654 3704 1888 3745 ¹d⁰¹1¹0¹¹ffl¹S
1907 3704 2007 3743 ῙῙῘΉὌ
2026 3704 2155 3754 primo
2185 3702 2416 3744 ΤΙὌῙΟΟΙΊΙΙὮ
2436 3702 2448 3751 (
2468 3704 2529 3742 De
2551 3699 2676 3740 ''⁶⁶2ss
2696 3698 2874 3739 sama

286 3776 403 3826 quiin
414 3775 583 3825 Troiana
596 3775 750 3827 regione
761 3776 891 3817 sedem
905 3778 1006 3827 fixit,
1017 3781 1056 3819 et
1068 3790 1185 3830 quem
1198 3781 1248 3821 ab
1258 3781 1446 3832 indigenis
1458 3783 1578 3822 etiam
1613 3739 1622 3807 ι
1651 3780 1728 3809 ⁶²oe
1744 3770 1772 3820 )·
2278 3828 2284 3829 ff
2841 3816 2843 3821 ι
2857 3775 2887 3801 '³'
