3008 4542
200 365 201 369 ’
232 384 242 395 .
258 385 264 393 ι
280 373 304 402 ν
319 351 435 416 λέγει
454 349 503 398 τὸ
525 348 640 413 μέλι.

737 453 763 483 2
775 453 790 480 1
805 473 816 483 .

152 535 322 590 *Idem
339 542 428 598 ΙΙΙ,
442 556 492 601 p.
518 540 596 593 81.
611 539 647 585 F
667 554 678 583 :
707 532 896 596 Ἀλκμὰν
910 533 955 582 δὲ
967 533 1015 580 τὸ
1028 535 1244 599 στρουθίον
1264 536 1419 597 μῆλον,

171 613 226 669 Ϊ*’ν’
243 613 349 676 λέγῃ
371 633 390 653 α
409 613 544 659 Μεῖον
567 607 596 667 ἢ
620 607 882 671 κοδύμαλον.
905 628 923 649 υ
948 607 1267 673 Ἀπολλόδωρος
1285 607 1328 653 δὲ
1345 607 1419 654 καὶ

141 687 185 740 ῤ’
204 679 339 738 σίὸιος
363 682 412 731 τὸ
438 681 642 730 κυδώνιον
664 682 800 744 μ’ῆλον
823 678 1066 727 ἀκούουσιν.
1086 678 1193 728 “Ort
1211 678 1255 727 δὲ
1277 679 1419 744 διαφέ·

211 756 259 805 τὸ
283 755 488 805 κυδώνιον
527 756 665 818 μ’ἥλον
701 758 775 801 τοῦ
805 752 1051 810 στρουθίου,
1080 755 1227 817 σαφῶς
1251 750 1417 815 εἴρηκεν

135 829 143 893 J
155 829 449 896 ,Θεόφραστος
468 830 512 876 ἐν
535 830 597 893 τῷ
618 825 802 892 δευτέρῳ
821 829 898 883 τῆς
917 824 1144 891 Ἱστορίας.

188 905 442 965 Hesychius
466 920 476 948 :
503 903 596 966 Περ
632 899 726 948 ίλα·
747 898 987 954 Σωσίὸιος·
1011 897 1155 963 κύριον
1183 896 1334 956 ὄνομα.

129 971 150 1026 ’Ᾰ
171 978 349 1036 ⁴Idem:
372 972 557 1033 Σάνδυξ,
573 975 743 1038 δενδρον
757 972 994 1034 θαμνῶδες,
1011 962 1059 1017 οῧ
1076 969 1123 1017 τὸ
1140 969 1261 1022 ἄνθος
1273 968 1423 1034 χροιὰν

134 1059 142 1069 ²
158 1068 268 1113 κκῳ
286 1051 452 1112 ε’μφερῆ
473 1046 577 1112 ἔχει.

96 1123 120 1179 J
189 1124 342 1170 Schol.
360 1123 592 1168 Theocrit.
608 1123 664 1177 V,
686 1136 747 1180 92
774 1134 786 1166 ζ
809 1114 1023 1170 Σώσιὸιος
1041 1114 1085 1162 δὲ
1105 1114 1182 1168 τὰς
1205 1113 1426 1176 ἀνεμώνας

109 1186 248 1259 ἦτ’·παρὰ
289 1192 471 1242 Λάκωσι
502 1191 699 1257 φαινίδας
732 1187 960 1238 καλεῖσθαί
1001 1207 1124 1253 φησι.
1163 1190 1258 1234 Ubi
1300 1188 1422 1234 conf.

123 1269 331 1317 Dubner.
349 1283 399 1327 p.
427 1265 532 1311 138.

734 1389 810 1418 22.

559 1490 707 1536 ΠΕΡΙ
737 1487 1017 1536 ΟΜΗΡΟΥ.

149 1576 154 1580 ⁴
190 1597 433 1643 Athenaeus
458 1596 556 1651 XI,
582 1610 631 1655 p.
654 1594 764 1655 493,
792 1594 826 1642 C
847 1609 857 1637 ε
887 1588 1100 1643 Σωσίὸιος
1115 1589 1157 1637 δὲ
1188 1591 1210 1636 6
1233 1587 1425 1650 λυτικὸς,

36 1659 291 1733 &mom
314 1665 368 1713 τὰ
392 1664 475 1724 ἔπη
497 1665 598 1731 (Ἰλ.
622 1663 678 1724 λ’,
704 1666 793 1711 631
808 1666 851 1728 )·

55 1749 62 1762 ι’
85 1747 94 1771 ³
231 1767 359 1811 Ἄλλος
376 1767 443 1818 μὲν
461 1767 611 1817 μογέων
631 1765 925 1811 ἀποκινήσασκε
940 1763 1128 1814 τραπέζης

227 1827 355 1869 πλεῖον
371 1826 449 1874 ἐὸν,
469 1825 629 1875 Νέστωρ
647 1824 680 1863 δ’
698 1824 720 1865 ὁ
737 1824 857 1874 γέρων
878 1822 1041 1874 ἀμογητὶ
1063 1821 1201 1872 ἄειρεν,

124 1927 282 1996 γράφει
302 1926 417 1975 κατὰ
435 1926 548 1983 λέξιν
567 1946 578 1956 ·
599 1950 619 1968 »
641 1929 735 1976 Νῦν
749 1925 797 1974 τὸ
819 1926 897 1988 μὲν
920 1923 1235 1986 ἐπιτιμώμενόν
1254 1927 1343 1971 ἐστι
1366 1927 1428 1989 τῷ

22 2007 38 2066 ,’
124 2003 310 2065 ποιητῇ,
347 1997 413 2047 ὅτι
448 1998 544 2053 τοὺς
575 1997 652 2062 μὲν
675 1998 850 2053 λοιποὺς
880 1994 979 2045 ἔστι
1007 1997 1165 2062 (ἔφηῖ)
1201 1996 1434 2059 μογέοντας

19 2095 22 2127 :
52 2090 82 2139 '4-
127 2071 282 2139 ἄείρειν
302 2072 351 2120 τὸ
367 2071 513 2131 δέπας,
529 2072 600 2122 τὸν
615 2072 661 2122 δὲ
673 2071 872 2138 Νέστορα
888 2070 1016 2135 μόνον
1032 2069 1238 2135 ἀμογητί.
1255 2068 1433 2132 Ἄλογον

19 2153 35 2205 f
127 2145 164 2194 δ’
189 2144 325 2194 ἐδόκει
340 2183 352 2207 ,
372 2143 613 2208 Διομήδους
627 2144 702 2193 καὶ
720 2143 930 2206 Αἴαντος,
952 2143 1016 2192 ἔτι
1041 2143 1076 2190 δ’
1103 2141 1333 2206 Ἀχιλλέως
1349 2161 1434 2188 πα·

15 2209 64 2231 ³
129 2219 302 2286 ρόντων,
317 2218 567 2285 εἰσάγεσθαι
588 2218 660 2266 τὸν
677 2216 877 2284 Νέστορα
894 2216 1199 2283 γενναιότερον,
1217 2219 1270 2281 τῇ
1286 2214 1434 2280 ἡλικίᾳ

20 2346 31 2402 s
72 2408 75 2413 ,
101 2385 106 2389 ·
126 2360 276 2400 semina
291 2361 332 2399 in
347 2362 479 2400 musto
495 2362 623 2400 cocta.
644 2359 852 2401 Chidrum
862 2370 960 2399 vero
972 2361 1031 2399 est
1049 2360 1206 2398 coctum
1228 2357 1430 2405 triticum3

58 2430 75 2463 ’ἰ
126 2433 295 2464 cereum
307 2424 653 2474 autemfructum
668 2423 766 2464 dicit
787 2424 880 2463 mel.
936 2422 939 2425 ⁴

751 2488 836 2549 21.'

182 2590 350 2630 Alcman
379 2589 591 2640 codymali
621 2589 782 2630 nomine
807 2588 989 2638 intelligit
1016 2587 1234 2628 struthium
1258 2587 1433 2636 malum,

128 2665 250 2705 quum
265 2654 321 2694 ait
342 2670 352 2694 ι
373 2669 393 2689 α
413 2654 545 2694 Minus
560 2664 682 2704 quam
713 2653 984 2703 codymalum.
1007 2669 1025 2687 »
1049 2652 1315 2703 Apollodorus
1340 2662 1434 2690 vero

129 2722 170 2758 et
183 2718 360 2758 Sosibius
378 2718 605 2769 cydonium
640 2719 790 2758 malum
819 2718 1059 2767 intelligunt.
1094 2718 1261 2757 Differre
1298 2719 1432 2756 autem

129 2791 154 2822 a
168 2782 340 2822 struthio
361 2783 467 2822 malo
486 2783 639 2821 malum
655 2782 878 2832 cydonium
895 2783 1001 2822 clare
1019 2782 1120 2821 dixit
1140 2782 1434 2832 Theophrastus

129 2845 303 2886 secundo
313 2846 505 2912 ‘Historiae
524 2847 750 2897 plantarum
769 2846 886 2886 libro.

181 2923 363 2974 Perphila
373 2954 385 2975 ,
402 2934 549 2964 nomen
571 2924 787 2975 proprium.
802 2923 991 2965 Sosibius.

0 2822 47 2842 ······

131 3052 239 3091 cocci
251 3082 263 3102 ,
275 3055 323 3092 ut
339 3052 516 3093 Sosibius
527 3052 596 3093 ait.

181 3118 356 3159 Sosibius
381 3129 596 3159 anemonas
621 3118 728 3170 apud
765 3121 944 3166 Lacones
979 3120 1210 3170 phaenidas
1245 3120 1432 3170 appellari

130 3182 239 3223 dicit.

550 3298 552 3300 ·
580 3294 664 3342 DE
703 3293 987 3342 HOMERO.

742 3412 815 3451 22.

185 3520 360 3560 Sosibius
380 3532 474 3560 vero
493 3521 656 3571 Lyticus
693 3522 1004 3572 (quaestionum
1026 3522 1222 3572 solutor)
1246 3523 1432 3573 praeposi·

135 3584 186 3626 tis
200 3585 276 3625 illis
290 3586 490 3625 versibus:

223 3683 327 3719 Alius
341 3684 491 3729 quidem
506 3694 584 3720 non
601 3685 821 3738 sine-labore
840 3685 1084 3721 submovisset
1099 3695 1121 3720 a
1136 3695 1260 3720 mensa

225 3740 376 3786 plenum
393 3741 424 3776 si
438 3744 554 3783 esset;
574 3744 707 3777 Nestor
723 3752 812 3778 vero
836 3751 947 3780 senex
962 3743 1069 3778 nullo
1084 3743 1213 3778 labore
1231 3743 1407 3784 tollebat,

7 3870 9 3873 .
134 3829 223 3875 haec
239 3833 478 3875 verbotenus
493 3835 654 3890 scribit:
675 3852 695 3871 ι
715 3839 830 3876 Nunc
845 3837 1136 3887 reprehendunt
1154 3840 1309 3887 poetam
1328 3837 1433 3886 quod

0 3886 13 3937 ἱ
135 3896 313 3947 reliquos
328 3897 434 3938 dicat
450 3909 528 3938 non
549 3900 632 3940 sine
651 3900 787 3946 labore
806 3901 945 3940 tollere
961 3902 1152 3951 poculum
1168 3931 1179 3950 ,
1199 3912 1323 3939 unum
1342 3912 1434 3939 vero

135 3964 340 4002 Nestorem
357 3963 467 4004 nullo
484 3964 631 4006 labore.
651 3968 801 4007 Contra
817 3968 1011 4006 rationem
1027 3969 1161 4006 autem
1179 3977 1262 4006 esse
1277 3965 1433 4004 videba-

137 4027 217 4075 tur,
241 4037 367 4077 quum
387 4028 518 4069 adsint
540 4030 748 4070 Diomedes
770 4032 811 4070 et
827 4030 924 4080 Ajax
951 4033 1071 4081 atque
1102 4031 1220 4069 etiam
1243 4030 1432 4078 Achilles,

139 4091 340 4137 Nestorem
362 4092 422 4132 his
442 4093 666 4134 validiorem
683 4105 781 4144 esse,
805 4095 875 4150 qui
898 4097 1015 4134 aetate
1035 4094 1162 4133 multo
1182 4095 1266 4132 erat
1291 4104 1433 4143 prove-

175 244 178 247 ι
584 222 593 231 ,
1279 175 1685 225 FRAGMENTA.

230 313 232 315 Ι
253 303 258 321 ³
295 277 520 347 ἡψημένη.
543 276 690 342 χίδρον
717 275 760 322 δὲ
785 276 824 321 οἱ
849 273 965 340 ἑφθοὶ
983 273 1128 339 πυροί,
1157 274 1345 340 Κηρίναν
1371 277 1414 323 δὲ
1494 276 1815 339 προὸεὸηκότα.
1852 279 2028 328 Τούτων
2062 281 2197 331 τοίνυν
2220 283 2351 339 οὕτως
2379 289 2780 352 κατηγορουμένων,

183 2989 373 3040 sandyx,
413 2990 532 3030 arbor
561 2982 774 3040 fruticosa,
801 2990 918 3041 cuius
948 2991 1022 3031 tlos
1040 2993 1173 3031 colore
1206 2991 1343 3030 similis
1375 2994 1433 3031 est
1472 2995 1474 2998 ’

2682 197 2778 238 629

1494 352 1547 411 τῇ
1584 351 1828 414 ἀναστροφῇ
1856 352 2146 415 χρησάμενοι,
2191 357 2433 420 ἀπολύομεν
2468 358 2539 406 τὸν
2576 361 2776 420 ποιητήν.

1497 419 1600 468 Ἀπὸ
1623 420 1706 485 γὰρ
1724 422 1875 470 τούτου
1897 427 1969 470 τοῦ
1995 423 2245 491 ἑξαμέτρου·

1600 533 1737 572 Πλεῖον
1757 532 1834 580 ἐὸν,
1853 533 2010 584 Νέστωρ
2029 534 2062 573 δ’
2080 536 2101 573 ὁ
2119 538 2237 587 γέρων
2253 539 2416 589 ἀμογητὶ
2436 540 2572 591 ἄειρεν,

1498 629 1584 677 ἀπὸ
1608 635 1679 677 τοῦ
1704 631 1836 692 μέσου
1861 630 2067 687 ἐξελόντες
2082 633 2137 680 τὸ
2160 636 2340 701 γέρων,
2365 638 2546 702 τάξομεν
2574 646 2646 689 τοῦ
2665 643 2782 707 πρώ-

1498 721 1572 749 του
1593 702 1742 767 στίχου
1766 703 1869 769 πρὸς
1890 702 1965 761 τὴν
1991 704 2126 770 ἀρχὴν
2155 707 2237 754 ὑπὸ
2263 708 2311 755 τὸ
2333 708 2482 765 Ἄλλος
2502 712 2594 774 μέν,
2619 706 2710 762 εἶτα
2735 717 2783 764 τὸ

1500 774 1542 833 ἐξ
1569 776 1705 838 ἀρχῆς
1725 780 1979 840 συνεροῧμεν
1994 796 2003 806 ·
2025 776 2073 824 'A
2087 779 2205 832 λλος
2228 779 2318 840 μὲν
2339 781 2471 844 γέρων
2493 785 2657 847 μογέων
2679 789 2784 835 ἀπο-

1502 846 1736 903 κινήσασκε
1760 847 1972 912 τραπέζης
1992 851 2138 896 πλεῖον
2164 850 2244 911 ἐὸν,
2271 853 2293 897 6
2316 853 2359 898 δὲ
2395 852 2571 918 Νέστωρ
2605 860 2784 916 ἀπονητὶ

1503 916 1658 983 ἄειρεν.
1684 919 1776 965 Νῦν
1799 911 1890 980 οὖν,
1911 918 2022 966 οὕτω
2044 921 2332 983 τεταγμένων,
2355 927 2376 971 6
2394 924 2569 991 Νέστωρ
2589 927 2784 992 φαίνεται

1502 993 1586 1036 τῶν
1626 990 1703 1052 μὲν
1737 992 1898 1037 λοιπῶν
1927 993 2179 1056 πρεσὸυτῶν
2205 993 2330 1055 μόνος
2362 995 2410 1043 τὸ
2441 997 2571 1052 δέπας
2602 1002 2786 1062 ἀμογητὶ

1505 1062 1671 1126 ἀείρων.
1699 1085 1716 1102 n
1735 1065 1889 1110 Ταῦτα
1913 1064 1986 1110 καὶ
2009 1068 2031 1111 6
2051 1065 2285 1127 θαυμάσιος
2307 1068 2472 1121 λυτικὸς
2498 1071 2722 1130 Σωσίὸιος,
2740 1073 2786 1119 ὃν

1504 1129 1580 1174 οὐκ
1605 1127 1817 1191 ἀχαρίτως
1848 1128 2037 1184 διέπαιξε
2059 1129 2128 1176 διὰ
2161 1129 2237 1184 τὰς
2272 1133 2610 1197 πολυθρυλήτους
2633 1139 2789 1191 ταύτας

1503 1199 1576 1246 καὶ
1596 1200 1669 1253 τὰς
1693 1198 1891 1252 τοιαύτας
1910 1200 2052 1255 λύσεις
2075 1204 2344 1261 Πτολεμαῖος
2371 1207 2393 1251 6
2418 1205 2688 1271 Φιλάδελφος
2706 1211 2785 1271 βα-

1505 1272 1660 1327 σιλεύς.
1734 1272 2039 1334 Λαμὸάνοντος
2060 1273 2142 1338 γὰρ
2165 1277 2292 1322 αὐτοῦ
2321 1275 2515 1332 σύνταξιν
2543 1279 2789 1342 βασιλικὴν,

1506 1346 1898 1410 μεταπεμψάμενος
1924 1343 2020 1399 τοὺς
2039 1345 2222 1410 ταμίας,
2248 1347 2483 1406 ἐκέλευσεν,
2506 1350 2576 1397 ἐὰν
2599 1351 2789 1414 παραγέ·

1504 1436 1630 1473 νηται
1661 1420 1683 1463 ὃ
1712 1417 1924 1471 Σωσίὸιος
1959 1417 2030 1464 ἐπὶ
2065 1417 2141 1475 τὴν
2167 1419 2399 1477 ἀπαίτησιν
2429 1425 2504 1478 τῆς
2533 1424 2789 1486 συντάξεως,

1504 1489 1643 1553 λέγειν
1664 1493 1802 1554 αὐτῷ,
1828 1490 1891 1536 ὅτι
1915 1491 2141 1556 ἀπείληφε.
2167 1492 2254 1539 Καὶ
2277 1493 2371 1555 μετ’
2393 1496 2439 1540 οὐ
2467 1494 2574 1540 πολὺ
2596 1514 2791 1560 παραγε-

1506 1562 1669 1627 νομένῳ
1683 1563 1755 1610 καὶ
1775 1566 1979 1620 αἰτοῦντι,
1998 1563 2183 1617 εἰπόντες
2201 1564 2429 1612 δεδωκέναι
2447 1568 2577 1631 αὐτῷ,
2597 1567 2673 1621 τὰς
2690 1572 2792 1625 ἡσυ·

1506 1634 1607 1699 χίας
1642 1627 1771 1698 εἶχον,
1807 1637 1828 1680 6
1853 1633 1896 1680 δὲ
1926 1638 1987 1700 τῷ
2016 1637 2186 1698 βασιλεῖ
2212 1636 2455 1700 προσελθὼν
2497 1639 2793 1705 κατεμέμφετο

1507 1705 1602 1759 τοὺς
1631 1705 1804 1767 ταμίας.
1832 1707 2102 1768 Πτολεμαῖος
2137 1708 2179 1753 δὲ
2207 1708 2593 1774 μεταπεμψάμενος
2618 1709 2790 1770 αὐτοὺς,

1509 1778 1584 1826 καὶ
1611 1777 1731 1836 ἥκειν
1760 1777 1966 1832 κελεύσας
1992 1778 2100 1841 μετὰ
2125 1783 2207 1826 τῶν
2236 1780 2424 1844 βιὸλίων,
2451 1784 2492 1827 ἐν
2522 1775 2580 1836 οἷς
2614 1784 2657 1829 αἱ
2689 1784 2793 1831 ἀνα-

1510 1852 1671 1917 γραφαί
1707 1853 1789 1898 εἶσι
1827 1854 1910 1897 τῶν
1939 1851 2013 1905 τὰς
2049 1851 2262 1907 συντάξεις
2298 1853 2622 1916 λαμῧανόντων,
2649 1855 2793 1904 λαὸὼν

1509 1924 1668 1977 ταύτας
1687 1925 1743 1978 εἷς
1760 1930 1911 1988 χεῖρας
1931 1927 1953 1970 6
1979 1924 2198 1987 βασιλεὺς,
2218 1924 2290 1972 καὶ
2314 1926 2512 1984 κατιδὼν,
2531 1927 2609 1992 ἔφη
2630 1928 2702 1974 καὶ
2720 1931 2792 1975 αὖ·

1510 1996 1579 2050 τὸς
1604 1994 1821 2060 εἰληφέναι
1838 1995 1962 2042 αὐτὸν
1984 1995 2128 2050 οὕτως.
2146 1989 2232 2044 ὟΗν
2250 1996 2441 2060 ὀνόματα
2467 2000 2792 2067 ἐγγεγραμμένα

1513 2073 1675 2130 ταῦτα,
1705 2071 1931 2134 Σωτῆρος,
1963 2069 2254 2134 Σωσιγένους,
2294 2071 2478 2134 Βίωνος,
2511 2076 2792 2135 Ἀπόλλωνος,

1512 2142 1670 2195 Δίωνος
1685 2161 1694 2170 ·
1710 2143 1767 2195 εἷς
1789 2141 1816 2188 ἃ
1836 2141 2120 2210 ἇποὸλέψαςὸ
2143 2145 2341 2210 βασιλεὺς
2354 2140 2485 2206 εἶπεν,
2502 2172 2519 2191 α
2534 2140 2569 2196 ὦ
2586 2149 2795 2212 θαυμάσιε

2632 2227 2658 2237 συ

1511 2214 1682 2275 λυτικὲ,
1711 2212 1781 2264 ἐὰν
1809 2215 1967 2282 ἀφέλῃς
1989 2222 2063 2265 τοῦ
2090 2221 2290 2283 Σωτῆρος
2313 2220 2360 2266 τὸ
2383 2239 2466 2278 σω,
2492 2222 2564 2268 καὶ
2587 2241 2658 2269 του
2690 2224 2792 2270 Σω-

1505 2356 1618 2394 ctior.
1642 2357 1823 2400 Quorum
1843 2356 1894 2395 ab
1912 2357 2159 2397 accusatione
2189 2358 2443 2397 liberabimus
2468 2362 2647 2409 poetam,
2665 2361 2790 2401 inver-

1510 2419 1619 2459 sione
1638 2421 1795 2459 utentes
1809 2420 1891 2459 sive
1907 2420 2218 2470 transpositione.
2241 2424 2338 2461 Nam
2356 2423 2395 2461 in
2411 2422 2475 2461 illo
2498 2434 2627 2471 versu,

1597 2526 1748 2571 plenum
1763 2526 1792 2561 si
1806 2529 1919 2567 esset;
1936 2528 2068 2562 Nestor
2083 2535 2171 2562 vero
2186 2536 2295 2563 senex
2312 2529 2415 2564 nullo
2432 2529 2554 2565 labore
2575 2530 2722 2566 tollebat
2739 2543 2749 2565 z

1509 2630 1532 2658 e
1550 2619 1683 2659 medio
1711 2631 1829 2659 versu
1856 2619 2075 2659 eximemus
2099 2629 2235 2659 vocem
2250 2630 2402 2670 senex,
2426 2632 2694 2672 ponemusque
2722 2623 2796 2662 sub

1506 2683 1646 2734 prioris
1665 2695 1800 2723 versus
1811 2683 1968 2722 initium
1985 2685 2073 2734 post
2084 2684 2205 2738 verba
2217 2683 2338 2724 Alius
2354 2685 2539 2735 quidem,
2556 2686 2695 2725 deinde
2707 2698 2796 2726 con·

1507 2748 1713 2787 nectemus
1728 2747 1848 2787 verba
1872 2749 1915 2786 ut
1926 2749 2041 2786 antea
2062 2763 2070 2786 :
2089 2758 2250 2798 nempe,
2272 2749 2382 2788 Alius
2401 2749 2559 2799 quidem
2577 2761 2695 2789 senex
2717 2762 2793 2790 non

1490 2811 1591 2851 sine
1612 2812 1746 2851 labore
1761 2811 2021 2850 submovisset
2038 2811 2087 2850 de
2103 2823 2238 2851 mensa
2252 2842 2263 2861 ,
2284 2812 2443 2863 plenum
2462 2813 2494 2852 si
2510 2816 2632 2860 essen
2655 2816 2793 2853 Nestor

1506 2887 1601 2915 vero
1617 2875 1699 2914 sine
1715 2875 1846 2914 labore
1862 2875 2037 2914 tollebat.
2056 2877 2169 2915 Nunc
2186 2876 2316 2926 igitur,
2330 2876 2389 2915 his
2404 2876 2458 2915 ita
2473 2877 2707 2925 constitutis,
2720 2889 2785 2927 ap·

1507 2943 1618 2991 paret
1632 2943 1835 2980 Nestorem
1856 2951 1981 2978 unum
1990 2951 2072 2990 prae
2085 2941 2244 2990 reliquis
2254 2941 2410 2980 senibus
2425 2941 2507 2980 sine
2523 2941 2656 2981 labore
2667 2947 2794 2981 sustu-

1506 3005 1595 3045 lisse
1612 3005 1814 3055 poculum.
1835 3020 1854 3039 n
1878 3007 1973 3044 Haec
1990 3005 2150 3055 quidem
2170 3006 2412 3045 admirabilis
2441 3006 2506 3045 ille
2537 3006 2796 3056 quaestionum

1506 3071 1661 3110 solutor
1680 3071 1871 3111 Sosibius.
1909 3073 2038 3117 Quem
2054 3071 2105 3110 ob
2138 3071 2254 3110 hasce
2276 3072 2449 3121 aliasque
2474 3071 2556 3121 ejus
2578 3071 2727 3121 generis
2738 3071 2795 3120 ja·

1507 3137 1636 3175 ctatas
1651 3135 1865 3175 solutiones
1886 3134 1991 3173 haud
2008 3135 2188 3174 infestive
2203 3135 2295 3175 lusit
2319 3146 2389 3174 rex
2411 3135 2646 3174 Ptolemaeus
2670 3135 2795 3174 Phila·

1506 3198 1684 3248 delphus.
1705 3200 1803 3237 Nam
1834 3209 1960 3247 quum
1987 3209 2120 3236 annuo
2144 3198 2338 3247 stipendio
2354 3198 2458 3247 regio
2476 3198 2671 3236 frueretur
2686 3196 2791 3237 Sosi-

1506 3261 1595 3300 bius
1607 3291 1618 3311 ‚
1636 3261 1829 3300 arcessitis
1845 3260 2107 3310 quaestoribus
2126 3270 2197 3299 rex
2213 3260 2437 3307 mandavit,
2458 3260 2489 3298 si
2503 3260 2670 3298 venisset
2689 3259 2793 3298 Sosi·

1507 3325 1595 3364 bius
1627 3325 1675 3364 ad
1708 3324 1924 3374 petendum
1951 3323 2187 3373 stipendium
2203 3354 2214 3372 ‚
2247 3323 2421 3362 dicerent
2443 3323 2501 3371 ei,
2519 3334 2601 3362 esse
2627 3321 2721 3360 illud
2753 3322 2787 3361 ei

1503 3391 1586 3440 Jam
1602 3391 1860 3440 persolutum.
1881 3389 1959 3436 Qui
1978 3400 2104 3439 quum
2134 3388 2238 3427 haud
2259 3389 2384 3426 multo
2400 3389 2487 3437 post
2503 3386 2670 3425 venienti
2687 3386 2790 3426 Sosi·

1506 3454 1572 3493 bio
1587 3453 1905 3503 stipendiumque
1928 3452 2076 3502 petenti
2105 3451 2416 3501 respondissent,
2436 3461 2476 3488 se
2487 3450 2567 3498 jam
2592 3449 2627 3487 ei
2651 3459 2791 3488 nume-

1509 3528 1613 3556 rasse
1629 3546 1639 3565 ,
1665 3528 1738 3555 nec
1768 3517 1893 3555 ullum
1912 3515 2079 3554 verbum
2099 3515 2202 3554 ultra
2222 3531 2230 3553 :
2254 3514 2318 3552 ille
2348 3524 2474 3562 regem
2506 3512 2659 3560 adiens,
2679 3523 2790 3562 quae·

1508 3582 1632 3620 stores
1667 3579 1884 3619 accusavit.
1918 3579 2070 3626 Quibus
2099 3577 2294 3616 arcessitis
2321 3579 2360 3615 et
2394 3576 2526 3614 adesse
2556 3576 2671 3623 Jussis
2700 3586 2790 3614 cum

1508 3645 1678 3694 tabulis,
1704 3645 1742 3682 in
1759 3644 1902 3693 quibus
1919 3644 2143 3693 consignata
2159 3652 2293 3681 eorum
2312 3640 2468 3678 nomina
2497 3641 2607 3678 erant
2623 3639 2690 3688 qui
2718 3639 2789 3678 sti·

1510 3709 1651 3759 pendia
1670 3707 1933 3757 accipiebant,
1963 3707 2199 3746 Ptolemaeus
2223 3705 2262 3743 in
2278 3714 2418 3741 manus
2443 3703 2605 3751 sumpsit
2623 3702 2788 3749 tabulas,

1508 3774 1643 3824 eisque
1664 3774 1869 3823 inspectis,
1905 3773 1985 3822 ipse
2000 3782 2157 3821 quoque
2176 3769 2325 3809 Sosibio
2342 3768 2463 3815 dixit,
2492 3767 2683 3816 accepisse
2698 3777 2787 3805 eum

1508 3838 1614 3888 quod
1634 3840 1785 3888 peteret
1806 3850 1815 3875 :
1849 3847 1991 3886 nempe
2011 3836 2085 3874 hoc
2111 3834 2229 3872 modo
2259 3850 2267 3871 s
2291 3833 2474 3882 inscripta
2502 3831 2646 3869 tabulis
2675 3834 2785 3869 erant

1509 3905 1596 3943 haec
1623 3902 1782 3941 nomina
1810 3903 1967 3951 (eorum
1995 3900 2137 3949 quibus
2152 3897 2385 3946 stipendium
2402 3896 2482 3944 Jam
2502 3896 2627 3933 suerat
2654 3905 2789 3932 nume·

1508 3966 1665 4014 ratum)
1684 3980 1694 4004 z
1715 3967 1892 4012 Soteris,
1921 3963 2124 4011 sosiqenis
2139 3990 2150 4009 ,
2183 3962 2351 4006 Bionis,
2372 3959 2582 4016 Apollonis
2599 3987 2609 4005 ,
2632 3959 2787 3995 Dionis.

1510 4034 1607 4076 Quae
1626 4040 1692 4068 rex
1715 4028 1882 4066 intuitus
1900 4026 1998 4065 dixit
2017 4041 2025 4064 ε
2058 4041 2076 4058 «
2096 4027 2129 4062 O
2146 4022 2383 4061 admirabilis
2395 4022 2662 4071 quaestionum
2684 4021 2785 4059 solu·

1507 4095 1584 4141 tor,
1603 4093 1631 4131 si
1654 4104 1675 4130 a
1689 4091 1834 4131 Soteris
1850 4088 2226 4136 nominejsumpseris
2238 4086 2427 4137 syllabam
2447 4088 2496 4122 So
2509 4114 2519 4132 ,
2537 4086 2621 4122 tum
2637 4095 2657 4121 a
2681 4086 2784 4125 Sosi,
