3016 4628
752 295 1170 352 MALIENSfflM,
1204 294 1666 345 THESSALORUM
1715 299 2136 348 RESPUBLICAE.

108 376 110 379 '
140 426 210 463 rat
245 409 536 472 Thucydides
562 408 694 462 VIII,
725 406 767 453 3.
803 404 872 450 Cf.
909 405 1091 449 Miiller.
1123 405 1234 450 Dor.
1261 405 1310 460 Ι,
1339 402 1419 456 45.

139 489 213 533 Ad
253 488 338 531 hos
374 484 514 544 igitur
549 478 836 540 potissimum
868 484 1077 535 spectare
1119 475 1423 534 proverbium

136 568 345 604 nostrum
375 563 420 599 et
435 553 642 615 junctam
666 550 708 594 ei
730 547 1116 593 historiunculam
1134 547 1420 606 putaverim.

701 664 854 728 [Ιίιίι.]

202 777 421 832 [Aristot.
450 771 552 816 Pol.
579 770 669 825 IV,
700 783 782 824 lo,
807 782 836 827 9
860 764 954 828 (10)
987 781 997 812 :
1027 765 1147 812 Ἐστὶ
1173 767 1210 812 δ’
1234 768 1262 822 ἡ
1288 766 1417 812 πολι-

134 845 226 894 τεία
261 845 363 908 παρ’
391 840 512 894 ἐνίοις
545 840 591 886 οὗ
627 836 753 900 μόνον
776 840 824 885 ἐκ
847 840 931 884 τῶν
951 837 1279 895 ὁπλιτευόντων,
1305 835 1419 883 ἀλλὰ

133 918 206 966 καὶ
229 920 278 966 ἐκ
299 917 382 963 τῶν
404 909 748 959 ὡπλιτευκότων·
775 912 817 957 ἐν
842 910 1059 957 Μαλιεῦσι
1083 909 1126 956 δὲ
1145 913 1171 966 ἡ
1199 908 1276 971 μὲν
1299 910 1418 956 πολι-

131 988 223 1038 τεία
242 981 293 1046 ἦν
319 988 368 1033 ἐκ
390 983 573 1040 τούτων,
593 980 669 1035 τὰς
691 982 734 1029 δὲ
759 980 896 1046 ἀρχὰς
912 984 1091 1046 ᾑροῦντο
1115 983 1163 1028 ἐκ
1185 984 1270 1028 τῶν
1292 999 1418 1045 στρα-

130 1057 410 1124 τευομένων.]
434 1061 486 1103 V.
514 1057 699 1104 Miiller.
724 1057 832 1101 Dor.
855 1058 903 1112 I,
929 1071 978 1135 p..
1007 1055 1085 1108 45.

320 1180 516 1227 KotNll
546 1179 888 1229 ΘΕΤΤΑΛΩΝ
915 1179 1233 1227 ΠΟΛΙΤΕΙΑ.

730 1288 837 1342 145.

198 1396 541 1454 Harpocration
559 1412 601 1441 v,
623 1392 875 1459 Τετραρχία
891 1409 902 1441 :
918 1392 1150 1456 Τεττάρων
1180 1391 1322 1458 μέρων
1344 1392 1417 1440 ὅν-

132 1485 216 1512 των
232 1468 306 1522 τῆς
319 1466 561 1520 Θετταλίας
579 1465 758 1513 ἕκαστον
778 1464 902 1530 μέρος
913 1464 1063 1530 τετρὰς
1080 1467 1288 1524 ἐκαλεῖτο,
1303 1466 1416 1514 καθά

131 1555 259 1602 φησιν
285 1536 537 1592 Ἑλλάνικος
557 1539 599 1585 ἐν
622 1541 709 1593 τοῖς
727 1539 1015 1591 Θεσσαλικοῖς
1029 1556 1040 1567 ·
1063 1537 1197 1599 ὄνομα
1229 1537 1275 1584 δέ
1293 1556 1421 1602 φησιν

131 1601 240 1656 εἶναι
262 1611 356 1663 ταῖς
380 1609 554 1674 τετράσι
581 1610 878 1659 Θεσσαλιῶτιν
895 1647 908 1671 ,
927 1610 1144 1671 Φθιῶτιν,
1165 1610 1421 1672 Πελασγιῶ-

130 1700 218 1741 τιν,
235 1680 525 1730 Ἑστιαιῶτιν·
548 1683 622 1731 καὶ
635 1682 926 1749 Ἀριστοτέλης
950 1681 994 1729 δὲ
1014 1684 1058 1729 ἐν
1076 1687 1129 1747 τῇ
1151 1686 1287 1745 Κοινῇ
1308 1685 1420 1732 Θετ-

130 1752 270 1799 ταλῶν
290 1752 485 1818 πολιτείᾳ
503 1753 573 1801 ἐπὶ
597 1753 746 1802 Ἀλεύα
760 1758 833 1800 τοῦ
857 1753 1030 1818 Πύρρου
1049 1753 1274 1818 διῃρῆσθαί
1291 1772 1419 1818 φησιν

131 1823 190 1876 εἷς
230 1824 266 1870 δ’
305 1823 456 1890 μοίρας
494 1824 572 1883 τὴν
611 1825 908 1873 Θετταλίαν...
960 1824 1066 1873 εὈτι
1111 1823 1156 1871 δὲ
1198 1824 1421 1879 Φίλιππος

130 1894 226 1942 καθ’
248 1895 434 1954 ἑκάστην
459 1895 621 1943 τούτων
651 1899 734 1944 τῶν
758 1899 916 1961 μοιρῶν
937 1895 1128 1962 ἄρχοντα
1152 1896 1392 1956 κατέστησε
1407 1933 1420 1957 ,

7 1969 9 1982 “
84 2014 86 2016 ,
131 1966 422 2024 δεδηλώκασιν
455 1967 578 2016 ἄλλοι
600 1988 646 2016 τε
669 1969 743 2016 καὶ
773 1968 1035 2031 Θεόπομπος
1070 1971 1112 2017 ἐν
1148 1972 1201 2033 τῇ
1228 1970 1317 2032 μδ’.

195 2042 346 2090 Verba
364 2041 406 2086 ἓν
422 2043 476 2105 τῇ
494 2044 613 2105 κοινῇ
631 2043 688 2090 Θ.
705 2061 754 2088 π.
773 2043 937 2088 eodem
957 2043 1102 2087 modo
1122 2044 1422 2104 intelligenda

134 2127 230 2158 csse
249 2129 414 2159 censeo
430 2129 525 2174 quo
543 2115 688 2159 verba
708 2114 750 2160 ἐν
764 2116 884 2178 κοινῇ
907 2114 1123 2178 Ἀρκάδων
1142 2115 1242 2160 πολ.
1263 2117 1323 2163 fr.
1343 2132 1421 2175 91.

130 2186 280 2245 Igitur
312 2185 430 2230 dixit
467 2187 736 2231 Aristoteles
770 2187 828 2231 de
867 2188 1105 2232 Thessaliae
1140 2203 1241 2247 rep.
1257 2222 1269 2243 ,
1307 2203 1422 2247 qua-

126 2258 223 2301 lem
256 2265 363 2317 post
401 2273 578 2303 eversas
614 2259 902 2318 singularum
932 2260 1122 2303 urbium
1157 2260 1424 2318 tyrannides

9 2350 10 2355 ¹
55 2357 57 2359 ·
133 2329 373 2388 Philippus
407 2331 708 2374 constituerat
732 2329 784 2375 in
822 2331 1092 2375 tetrarchias
1117 2331 1306 2375 vetustis
1336 2332 1424 2375 illis

132 2401 400 2445 nominibus
432 2402 669 2461 insignitas
698 2401 932 2458 dividens,
962 2402 1242 2461 singulisque
1278 2403 1422 2461 parti-

71 2498 74 2502 ·
132 2475 220 2519 bus
257 2489 389 2518 suum
425 2473 683 2532 praeficiens
713 2474 1001 2518 archontem.
1045 2475 1262 2518 Veterum
1294 2475 1424 2518 locos

111 2573 115 2576 -
134 2547 215 2606 qui
227 2547 319 2590 huc
341 2547 578 2606 pertinent
593 2545 844 2606 diligenter
862 2547 1051 2605 collegit
1067 2546 1340 2592 Schneider.
1364 2547 1426 2590 ad

134 2619 239 2666 Pol.
261 2618 402 2664 Arist.
427 2634 478 2678 p.
509 2618 601 2678 496
626 2634 730 2678 sqq.

697 2723 784 2778 145
821 2741 862 2771 a.

199 2832 445 2877 Athenaeus
462 2833 552 2891 XI,
575 2848 626 2893 p.
657 2838 774 2893 499,
798 2835 833 2878 B
863 2849 883 2897 :-
913 2831 1206 2896 Ἀριστοτέλης
1233 2832 1267 2878 δ’
1294 2834 1336 2879 ἐν
1369 2837 1422 2898 τῇ

135 2903 368 2949 Θετταλῶν
392 2902 588 2968 πολιτείᾳ
621 2905 816 2962 θηλυκῶς
841 2903 1044 2968 λέγεσθαι
1068 2903 1150 2951 ὑπὸ
1186 2906 1420 2953 Θετταλῶν

136 2972 211 3031 τὴν
234 2973 431 3037 λάγυνον.
455 2979 526 3022 Ita
543 2979 681 3022 etiam
697 2979 908 3023 Rhianus
923 2995 999 3038 ap.
1029 2979 1198 3023 Athen.
1223 2980 1255 3023 l.
1284 2981 1315 3026 l.
1342 2980 1411 3024 Cf.

0 3020 4 3109 i
143 3047 294 3094 Moeris
309 3064 359 3108 p.
382 3050 505 3102 246:
528 3047 722 3112 Λάγυνος
744 3050 974 3114 ἀρρενικῶς
997 3048 1204 3107 Ἀττικοί,
1229 3051 1422 3106 θηλυκῶς

0 3150 3 3188 Ι
137 3120 363 3177 “EM-mec.
391 3123 608 3167 Ceterum
639 3122 699 3168 de
724 3121 896 3186 λαγύνῳ
931 3124 1202 3167 Aristoteles
1224 3123 1419 3179 dixerit,

710 3259 851 3311 [144]

191 3331 386 3383 [Constat
407 3333 540 3372 autem
566 3333 788 3384 respublica
823 3335 928 3386 apud
950 3335 1163 3375 nonnullos
1184 3346 1264 3374 non
1296 3335 1426 3375 solum

61 3422 86 3454 .‘
144 3407 195 3435 ex
215 3397 260 3436 iis
292 3397 490 3447 peditibus
508 3397 578 3448 qui
600 3409 711 3438 arma
732 3402 899 3450 gerunt,
917 3411 1058 3439 verum
1085 3401 1204 3440 etiam
1235 3400 1347 3439 exiis
1362 3399 1431 3450 qui

0 3471 2 3478 ·
77 3490 87 3506 .
117 3463 356 3511 ,gesserunt
389 3463 504 3514 Apud
534 3463 740 3505 Malienses
761 3467 899 3505 autem
926 3464 1149 3515 respublica
1181 3465 1346 3515 quidem
1377 3476 1429 3504 ex

143 3524 712 3630 &mnsmbat'magisnams
727 3541 822 3571 vero
837 3530 948 3571 exiis
958 3561 970 3581 ‚
985 3530 1054 3581 qui
1074 3531 1312 3580 militabant,
1330 3531 1430 3580 lege·

221 3591 328 3643 tun]

143 3689 476 3740 COMMUNIS
515 3692 600 3740 ΤΗ
608 3691 988 3741 ESSALORUM
1015 3692 1422 3743 RESPUBLICA.

738 3819 835 3860 145.

197 3897 424 3940 Aristoteles
470 3897 510 3937 in
555 3900 769 3939 Communi
802 3901 1080 3941 Thessalorum
1119 3898 1322 3949 republica
1357 3900 1432 3939 snb

148 3960 272 4000 Aleua
301 3961 439 4011 Pyrrhi
458 3961 539 4000 filio
563 3963 803 4003 Thessaliam
829 3963 870 4003 in
893 3965 1082 4014 quattuor
1101 3967 1230 4014 partes
1245 3963 1433 4003 distribu-

148 4025 230 4063 tam
255 4035 339 4065 ωδε
353 4025 420 4066 ait.
745 4064 756 4079 x
1070 4028 1075 4033 ·

342 4082 357 4093 ‘
707 4093 789 4134 145
813 4103 855 4135 a.

199 4182 476 4223 Aristotelesin
488 4184 766 4224 Thessalorum
782 4194 865 4233 rep.
880 4186 948 4231 τὴν
971 4184 1134 4230 λάγυνον
1155 4183 1344 4222 lenimina
1365 4194 1428 4233 ge-

135 4255 244 4299 -nere
258 4246 335 4286 dici
358 4248 463 4297 apud
482 4249 687 4289 Thessalos
713 4247 848 4288 tradit.

2691 316 2706 356 1
2721 317 2772 357 51

1501 413 1726 463 quatenus
1738 422 1951 451 mensura
1968 408 2180 466 quaedam
2198 425 2312 454 voce
2332 412 2629 470 significatur.
2649 418 2784 461 Athe-

1500 491 1624 520 naeus
1645 478 1676 520 l.
1717 479 1748 524 l.
1775 494 1785 520 :
1814 476 2008 539 Λάγυνον
2035 475 2079 523 δὲ
2111 477 2267 541 μέτρου
2290 479 2483 542 λέγουσιν
2521 476 2626 529 εἶναι
2647 484 2782 547 ὄνομα

1501 545 1620 611 παρὰ
1651 553 1737 601 τοῖς
1774 546 2012 605 εἛλλησιν,
2048 551 2105 602 ὡς
2137 548 2237 612 χοὸς
2275 550 2347 596 καὶ
2386 552 2591 610 κοτύλης·
2628 565 2784 621 χωρεῖν

1504 618 1540 663 δ’
1564 617 1668 665 αὐτὸ
1692 619 1873 672 κοτύλας
1907 618 2104 672 Ἀττικὰς
2123 619 2305 667 δώδεκα.
2335 622 2422 669 Καὶ
2446 626 2488 670 ἐν
2521 626 2714 691 Πάτραις
2740 630 2785 676 δέ

1501 707 1604 753 φασι
1627 692 1743 737 τοῦτ’
1769 683 1877 737 εἶναι
1903 688 1952 736 τὸ
1975 689 2128 755 μέτρον
2152 689 2229 748 τὴν
2248 692 2446 755 λάγυνον.
2471 698 2540 742 Cf.
2566 700 2783 759 Stephau.

1500 763 1628 808 Thes.
1654 780 1688 810 s.
1721 780 1765 808 v,

1566 835 1635 879 Ex
1667 836 1988 880 Thessalorum
2028 834 2231 899 Πολιτείᾳ
2267 838 2463 897 Sopater
2488 842 2535 883 in
2559 842 2786 887 Historia-

1500 921 1604 950 rum
1629 908 1750 951 libro
1781 909 1874 952 XII
1911 910 2049 967 plura
2080 918 2315 954 mutuatus
2346 919 2434 963 est,
2474 919 2583 955 teste
2620 914 2787 957 Photio

1501 977 1746 1022 cod.161.

2097 1075 2201 1126 146.

1566 1174 1877 1233 philargyrius
1913 1175 1972 1218 ad
2009 1177 2138 1236 Virg.
2173 1176 2347 1235 Georg.
2385 1179 2453 1231 ΙΙ,
2482 1195 2541 1237 97
2573 1194 2582 1221 :
2609 1180 2722 1222 Sunt
2746 1191 2790 1222 ee

1501 1243 1748 1306 Amineae]
1801 1249 2015 1289 Amineos
2067 1248 2336 1290 Aristoteles
2379 1253 2425 1291 in
2462 1250 2664 1292 Politicls
2705 1251 2790 1294 hoc

1497 1317 1659 1359 scribit
1688 1315 2108 1372 The.s·salossuisse‚
2149 1319 2229 1377 qui
2258 1333 2358 1361 suoe
2379 1323 2574 1376 regionis
2594 1326 2711 1364 vites
2743 1328 2790 1366 in

1498 1389 1691 1431 Italiam
1709 1391 2038 1443 transtulerint,
2068 1400 2204 1449 atque
2225 1392 2330 1434 inde
2348 1393 2440 1434 illis
2458 1408 2620 1436 nomen
2639 1398 2791 1454 impo—

1496 1463 1648 1506 situm.
1674 1462 1766 1504 Pro
1784 1463 1994 1505 Politicis
2019 1477 2107 1508 scr.
2132 1464 2331 1507 Potitiis.
2352 1465 2567 1508 Ceterum
2588 1466 2646 1509 de
2664 1468 2790 1510 Ami-

1499 1533 1598 1576 neis
1626 1533 1847 1577 Thessalis
1865 1533 2034 1578 frustra
2060 1536 2262 1594 quaesivi.
2289 1537 2411 1580 Num
2430 1546 2556 1581 recte
2578 1538 2667 1582 huc
2697 1555 2790 1597 po·-

1499 1605 1671 1647 suerim
1691 1604 2028 1664 fragmentum,
2055 1622 2113 1651 an
2135 1607 2194 1651 ad
2222 1608 2357 1652 Italas
2376 1610 2517 1668 Resp.
2549 1612 2789 1668 pertinue-

1499 1675 1582 1732 rit,
1603 1677 1781 1719 nescio.

2058 1766 2235 1836 [147·]

1565 1869 1774 1932 [Aristot.
1799 1873 1900 1916 Pol.
1925 1875 1996 1927 ΙΙ,
2024 1874 2077 1930 6,
2113 1890 2139 1917 2
2167 1870 2259 1920 :⁶11
2284 1892 2328 1919 τε
2355 1872 2436 1936 γὰρ
2458 1876 2689 1923 Θετταλῶν
2714 1895 2790 1922 πε-

1497 1941 1668 1988 νεστεία
1707 1942 1919 2003 πολλάκις
1950 1941 2124 1991 ἐπέθετο
2158 1951 2245 1999 τοῖς
2279 1947 2535 2004 Θετταλοῖς,
2560 1946 2715 2007 ὁμοίως
2747 1947 2790 1993 δὲ

1498 2013 1573 2061 καὶ
1597 2015 1683 2067 τοῖς
1702 2014 1908 2062 Λάκωσιν
1929 2018 1967 2063 οἱ
1992 2015 2204 2071 Εἵλωτες·
2227 2017 2373 2082 ὥσπερ
2397 2017 2479 2081 γὰρ
2498 2019 2789 2083 ἐφεδρεύοντες

1499 2093 1586 2139 τοῖς
1611 2086 1865 2150 ἀτυχήμασι
1890 2089 2208 2138 διατελοῦσιν...
2234 2089 2308 2135 καὶ
2329 2091 2414 2143 τοῖς
2434 2092 2672 2145 Θετταλοῖς
2693 2091 2789 2138 κατ’

1500 2157 1639 2223 ἀρχὰς
1663 2158 1895 2223 ἀφίσταντο
1924 2158 1994 2206 διὰ
2012 2159 2061 2207 τὸ
2082 2163 2287 2222 πολεμεῖν
2306 2161 2368 2208 ἔτι
2387 2164 2474 2215 τοῖς
2498 2163 2786 2228 προσχώροις,

1499 2230 1685 2293 Ἀχαιοῖς
1705 2230 1779 2277 καὶ
1800 2231 2060 2295 Περραιὸοῒς
2084 2232 2158 2279 καὶ
2179 2232 2452 2298 Μάγνησιν.]

2056 2332 2229 2395 [ι[.8.]

1567 2432 1727 2494 [Idem
1746 2434 1846 2477 Pol.
1874 2435 1984 2490 VII,
2019 2451 2036 2478 1
2051 2451 2068 2478 1
2091 2468 2103 2491 ,
2126 2451 2151 2478 2
2177 2452 2185 2479 :
2210 2433 2376 2498 Πρέπει
2398 2435 2432 2480 δ’
2451 2432 2534 2481 ὑπὸ
2554 2439 2699 2482 τοῦτον
2720 2436 2791 2482 τὸν

1500 2502 1629 2550 τόπον
1659 2512 1823 2564 (quem
1851 2507 2025 2565 templo
2050 2516 2096 2551 et
2111 2510 2294 2567 syssitiis
2317 2509 2423 2569 eligi
2448 2510 2571 2568 vult)
2594 2508 2793 2565 τοιαύτης

1502 2577 1660 2639 ἀγορᾶς
1698 2568 1805 2622 εἶναι
1843 2577 2113 2635 κατασκευὴν
2155 2578 2247 2626 οἵαν
2287 2579 2361 2626 καὶ
2398 2579 2495 2642 περὶ
2545 2580 2790 2627 Θετταλίαν

1498 2646 1803 2709 ὀνομάζουσιν,
1827 2647 1878 2705 ἣν
1903 2647 2127 2713 ἐλευθέραν
2151 2652 2369 2699 καλοῦσιν.
2394 2651 2513 2707 Αὕτη
2539 2652 2574 2698 ’δ’
2604 2653 2715 2699 ἐστὶν
2740 2653 2792 2711 ἣν

1503 2719 1564 2764 δεῖ
1589 2718 1782 2785 καθαρὰν
1805 2712 1912 2766 εἶναι
1936 2724 2020 2767 τῶν
2041 2721 2175 2767 ὠνίων
2194 2722 2368 2770 πάντων
2382 2760 2394 2782 ,
2414 2722 2488 2770 καὶ
2506 2724 2614 2785 μήτε
2636 2724 2793 2788 βάναυ·

1501 2811 1574 2838 σον
1610 2791 1718 2851 μήτε
1746 2792 1933 2858 γεωργὸν
1971 2793 2071 2856 μήτ’
2097 2794 2224 2842 ἄλλον
2251 2798 2415 2857 μηδένα
2441 2801 2627 2843 τοιοῦτον
2650 2815 2791 2860 παρα-

1501 2863 1676 2910 ὅάλλειν
1704 2864 1763 2926 μὴ
1794 2864 2059 2928 καλούμενον
2093 2866 2175 2913 ὑπὸ
2211 2871 2294 2915 τῶν
2325 2868 2594 2933 ἀρχόντων.]
2620 2872 2791 2914 Similia

1500 2939 1559 2982 de
1594 2940 1740 2984 Persis
1777 2941 1974 2999 loquens
2010 2951 2168 2986 narrat
2211 2944 2481 3002 Xenophon
2534 2944 2704 3001 Cyrop.
2747 2947 2791 2998 1,

1499 3026 1550 3066 2,
1577 3011 1621 3056 3.

2013 3310 2016 3314 ,
2082 3264 2223 3317 [14η

1557 3344 1794 3395 [Thessalici
1811 3357 1971 3396 quoque
1986 3349 2159 3397 penestae
2168 3358 2270 3398 saepe
2283 3349 2323 3386 in
2340 3349 2546 3388 Thessalos
2555 3348 2795 3395 invaserunt,

1506 3410 1683 3460 itemque
1711 3411 1869 3451 llelotes
1896 3412 1934 3450 in
1967 3402 2302 3452 Lacedaemonios.
2332 3416 2435 3453 Nam
2462 3417 2652 3463 perpetuo
2675 3413 2795 3451 voluti

1506 3473 1661 3512 casibus
1709 3485 1847 3514 eorum
1893 3475 2068 3515 adversis
2102 3476 2333 3516 insidiantes
2375 3476 2628 3516 imminent...
2682 3476 2795 3524 Apud

1504 3537 1710 3576 Thessalos
1743 3537 1853 3576 initio
1872 3539 1974 3578 servi
2002 3539 2252 3578 desciverunt
2282 3542 2487 3589 propterea
2513 3538 2618 3589 quod
2648 3538 2794 3577 bellum

1505 3600 1624 3639 etiam
1653 3602 1741 3640 tum
1773 3612 1864 3640 cum
1901 3602 2047 3642 accolis
2069 3602 2247 3652 Achaeis,
2275 3602 2517 3651 Perrhaebis,
2547 3601 2795 3649 Magnetibus.

1504 3661 1738 3713 gerebant]

2083 3724 2223 3777 [148.]

1557 3798 1669 3849 [Sub
1701 3801 1776 3839 hoc
1805 3803 1939 3839 autem
1966 3802 2054 3840 loco
2086 3802 2230 3851 (quem
2259 3801 2415 3851 templis
2442 3802 2482 3838 ct
2513 3799 2673 3848 syssitiis
2703 3798 2792 3845 eligi

1508 3864 1622 3911 vult)
1659 3864 1789 3902 sorum
1810 3864 2053 3904 constituere
2081 3866 2238 3915 oportet
2267 3864 2302 3904 ei
2330 3863 2456 3903 simile
2479 3861 2582 3912 quod
2613 3863 2650 3899 in
2675 3862 2791 3899 Thes·

1505 3926 1600 3964 salia
1630 3925 1799 3965 liberum
1826 3927 2039 3976 appellant.
2064 3929 2149 3967 Hoc
2176 3930 2308 3967 autem
2338 3929 2395 3965 est
2418 3924 2628 3974 ojunsmcdi,
2648 3925 2691 3961 ut
2719 3933 2791 3961 nec

1507 3989 1624 4029 rebus
1652 3990 1857 4029 venalibus
1880 3990 2102 4040 inquinari,
2132 4002 2204 4030 nec
2230 3990 2434 4039 opificibus
2459 3989 2526 4025 aut
2550 3985 2728 4034 agricolis
2752 3988 2792 4023 rt

1507 4054 1647 4094 ceteris
1666 4054 1704 4093 id
1725 4066 1848 4104 genus
1867 4058 2000 4105 patere
2023 4055 2191 4104 debeat,
2227 4055 2297 4093 nisi
2319 4055 2349 4093 si
2373 4053 2459 4102 quis
2483 4050 2594 4089 suerit
2620 4060 2641 4087 a
2662 4050 2788 4097 magi·

1507 4119 1693 4158 stratibus
1715 4121 1938 4160 accersitus.
1959 4120 1974 4170 ]
