3016 4628
975 284 1453 332 A'l'llENlENSlUM
1495 284 1891 331 RESPUBLlCA.

754 393 827 451 39.

221 481 600 558 Haipocration:
625 488 901 547 Διαιτηταί...

151 569 286 634 ἕτεροι
323 586 407 615 των
441 566 675 613 δικαστῶν·
706 565 822 608 οὑτοι
851 558 928 621 μὲν
960 558 1043 624 γὰρ
1070 562 1112 606 ἐν
1144 557 1432 622 δικαστηρίοις

930 487 1030 535 Eiet
1063 487 1108 533 δὲ
1146 489 1184 534 οἱ
1211 485 1430 544 διαιτηταὶ

134 640 340 696 -ἐδίκαζον
365 634 736 698 ἀποδεδειγμένοις
770 632 844 679 καὶ
874 630 952 685 τὰς
980 631 1064 678 ἀπὸ
1087 634 1171 678 τῶν
1203 632 1431 687 διαιτητῶν

150 712 376 777 ἐφεσίμους
406 710 586 775 ἔκρινον,
619 709 658 754 οἱ
698 705 742 752 δὲ
773 703 991 762 διαιτηταὶ
1031 703 1237 768 πρότερον
1279 702 1431 767 κλήρῳ

31 828 42 842 ,
101 782 111 792 ⁸
133 782 400 848 λαχόντες*
377 803 404 840 η
427 778 745 845 ἐπιτρεψάντων
773 777 917 829 αὐτοῖς
948 779 1050 822 τῶν
1061 772 1325 839 κρινομένων
1345 775 1431 828 τοῖς

146 3281 439 3348 Ἀριστοτέλης
458 3286 500 3330 ἐν
521 3287 573 3348 τῇ
593 3283 823 3342 Ἀθηναίων
854 3284 1067 3348 πολιτείᾳ.

141 855 410 939 κρινομένοις
428 852 612 917 διῄτουν
635 849 728 897 Καὶ
749 851 784 896 εἷ
808 847 884 910 μὲν
912 847 1066 912 ἤρεσκε
1084 848 1171 900 τοῖς
1191 847 1431 904 ἀντιδίκοις,

141 926 266 981 ,τέλος
287 944 401 990 ειχεν
435 929 463 983 ἡ
485 924 607 981 δίκη·
634 924 670 969 εἰ
696 921 740 968 δὲ
774 920 862 983 μὴ,
893 920 948 967 τὰ
973 919 1228 982 ἐγκλήματα
1262 919 1335 966 καὶ
1359 917 1440 972 τὰς

148 997 406 1064 προκλήσεις
429 995 503 1044 καὶ
527 994 604 1048 τὰς
625 993 882 1084 μαρτυρίας,
912 991 972 1038 ἔτι
998 990 1042 1037 δὲ
1066 990 1140 1038 καὶ
1161 990 1256 1045 τοὺς
1280 990 1434 1052 νόμους

150 1069 223 1119 καὶ
246 1068 323 1123 τὰς
347 1069 481 1122 ἄλλας
502 1067 664 1120 πίστεις
691 1064 901 1152 ἑκατέρων
941 1062 1203 1124 ἐμὸαλόντες
1224 1064 1283 1116 εἷς
1304 1062 1426 1109 καδί-

149 1161 273 1195 σκους
300 1161 373 1188 και
400 1138 698 1203 σημηνάμενοι
718 1135 1007 1200 ’παρεδίδοσαν
1031 1141 1118 1187 τοῖς
1146 1136 1429 1196 εἷσαγωγευσι

131 1202 231 1275 ’,τῶν
254 1215 408 1271 δικῶν,
428 1211 557 1274 Λέγει
579 1211 621 1258 δὲ
646 1209 744 1275 περὶ
773 1210 912 1255 αὐτῶν
932 1205 1225 1270 Ἀριστοτέλης
1248 1208 1291 1253 ἐν
1313 1205 1435 1264 Ἀθη-

149 1285 278 1332 ναίων
305 1283 516 1347 πολιτείᾳ.

213 1359 282 1403 Cf.
309 1359 475 1402 Pollux
501 1358 634 1412 VIII,
669 1355 786 1400 126:
812 1350 1042 1409 Διαιτηταὶ
1070 1349 1114 1397 δὲ
1145 1352 1193 1397 ἐκ
1215 1352 1300 1396 τῶν
1327 1353 1435 1414 ὓπερ

149 1428 354 1487 ἑξήκοντα
381 1428 454 1485 ἔτη
472 1427 704 1491 γεγονότων
723 1427 1004 1488 ἐκληροῦντο,
1032 1423 1106 1470 καὶ
1122 1423 1435 1487 ἐπεκληρουντο

149 1504 292 1555 αὐτοῖς
320 1503 364 1548 αἱ
394 1500 580 1548 δίαιται·
613 1499 689 1545 καὶ
725 1496 878 1561 ἀτιμία
906 1495 1123 1562 ἀφώριστο
1152 1497 1218 1559 τῷ
1238 1494 1298 1557 μὴ
1324 1495 1433 1541 διαι-

148 1574 328 1631 τήσαντι
352 1571 429 1630 τὴν
458 1573 826 1636 ἐπικληρωθεῖσαν
852 1567 1042 1615 δίαιταν·
1062 1570 1147 1613 τῶν
1173 1566 1209 1612 δ’
1239 1568 1282 1613 ἐν
1308 1569 1435 1630 ἱεροις

147 1643 286 1690 πάλαι
307 1643 485 1706 οὐδεμία
507 1642 602 1701 δίκη
617 1641 718 1706 πρὶν
735 1639 806 1688 ἐπὶ
825 1637 1046 1696 διαιτητὰς
1062 1639 1196 1684 ἐλθεῖν
1215 1636 1410 1699 εἰσήγετο
1422 1658 1432 1667 ·

147 1715 292 1779 ἔλεγον
311 1715 355 1763 δὲ
372 1714 600 1779 ἐπιτρέψαι
623 1713 804 1771 δίαιταν,
821 1711 894 1759 καὶ
911 1715 938 1769 ἡ
962 1711 1104 1758 δίαιτα
1122 1711 1318 1757 ἐκαλεῖτο
1343 1712 1436 1757 ἐπι-

148 1787 310 1853 τροπή·
330 1791 356 1846 ἡ
383 1786 427 1834 δὲ
448 1786 589 1852 ἔφεσις
618 1787 758 1831 αὐτῶν
777 1786 813 1831 εἷ
834 1785 891 1837 εἷς
911 1781 1185 1846 δικαστήριον
1215 1781 1406 1846 ἐγίγνετο
1420 1820 1432 1842 ,

133 1861 206 1914 ἐἷς
239 1862 379 1925 ’ἐχῖνον
415 1859 492 1913 τὰς
521 1857 688 1923 ψήφους
719 1853 979 1919 ἐμὸαλόντες
1007 1854 1094 1920 ἰδίᾳ
1117 1854 1323 1919 ἑκατέρας
1355 1875 1428 1902 του

147 1931 369 1995 φεύγοντος
393 1930 556 1978 καὶτοῦ
582 1927 805 1983 διώκοντος
821 1926 1215 1988 κατεσημαίνοντο·
1236 1926 1435 1989 ἐλάμὸα-

146 2023 214 2052 νον
241 2003 285 2051 δὲ
323 2006 363 2052 οἱ
393 2001 610 2060 διαιτηταὶ
641 1999 842 2066 δραχμὴν
873 1997 994 2063 παρὰ
1029 2003 1102 2046 τοῦ
1123 1997 1335 2063 κρίνοντος
1356 2019 1409 2057 τη

147 2075 418 2137 καλουμένην
442 2074 735 2139 παράστασιν,
771 2071 1062 2136 ἐγγράψαντος
1081 2072 1211 2118 αὐτοῦ
1232 2073 1275 2117 ἐν
1291 2090 1434 2136 γραμ-

146 2148 311 2212 ματείῳ
333 2147 382 2194 τὸ
408 2145 607 2209 ἔγκλημα
633 2142 708 2191 καὶ
731 2144 779 2190 τὸ
802 2144 998 2206 τίμημα·
1024 2142 1270 2206 ἐλάμὸανον
1296 2143 1340 2190 δὲ
1360 2144 1433 2190 καὶ

146 2217 293 2282 ἑτέραν
330 2217 438 2283 ὑπὲρ
479 2222 555 2276 τῆς
597 2215 883 2278 ἀντωμοσίας.
938 2215 1096 2264 Schol.
1150 2218 1200 2259 in
1243 2218 1425 2261 Platon.

144 2305 194 2348 p.
211 2289 301 2348 457
314 2291 458 2337 Bekk.
474 2307 487 2347 3
502 2290 702 2335 Bekker.
719 2289 898 2333 Anecd.
914 2291 937 2332 Ι
954 2322 966 2344 ,
989 2304 1037 2348 p.
1053 2287 1430 2347 235.Hermann.

146 2364 177 2408 l.
201 2363 231 2407 l.
261 2364 287 2423 §
313 2362 431 2419 1453
457 2364 747 2409 Schoemann.
773 2363 1007 2420 Antiq.'p.
1048 2361 1141 2405 266
1168 2371 1214 2405 et
1235 2361 1326 2411 284
1352 2377 1422 2420 sq.

751 2453 829 2500 4ο.

211 2565 366 2610 Schol.
390 2565 624 2623 Aristoph.
653 2567 787 2622 Vesp.
817 2563 936 2620 1437
968 2579 978 2606 ε
1003 2561 1053 2609 Ὁ
1079 2562 1282 2624 ἐχῖνος,
1305 2560 1435 2625 ἄγγος

146 2652 188 2682 τι
203 2632 439 2698 χαλκοῦν-ἢ
458 2633 532 2680 καὶ
548 2635 596 2680 ἐκ
610 2633 801 2698 κεράμου
816 2670 829 2692 ,
854 2634 911 2686 εἷς
936 2632 958 2680 δ
983 2637 1181 2680 καθιᾶσιν
1199 2637 1236 2680 οἱ
1263 2635 1433 2692 διαιτη-

145 2705 216 2752 ταὶ
236 2704 285 2753 τὰ
303 2710 586 2771 γραμματεῖα
607 2708 692 2752 τῶν
723 2707 988 2771 μαρτυριῶν,
1012 2704 1040 2751 ἅ
1063 2724 1170 2759 τινες
1187 2705 1433 2771 ἐμαρτύρη-

131 2783 242 2836 ’σαν,
265 2778 340 2824 καὶ
364 2780 778 2840 κατασημηνάμενοι
804 2775 914 2839 μετὰ
940 2781 1101 2835 ταῦτα,
1140 2779 1177 2824 εἷ
1205 2778 1429 2840 ἐγκληθείη

145 2853 172 2907 ἡ
194 2849 354 2912 δίαιτα,
376 2851 461 2904 τοῖς
486 2851 705 2903 δικασταῖς
718 2849 952 2897 ἐπεδίδουν.
981 2852 1072 2897 Τοῦ
1096 2849 1131 2896 δ’
1160 2849 1314 2913 ἄγγους
1333 2851 1431 2898 τού-

146 2940 220 2969 του
246 2921 320 2968 καὶ
349 2921 626 2984 Δημοσθένης
660 2919 976 2984 μνημονεύουσι
1006 2920 1081 2968 καὶ
1117 2921 1428 2985 Ἀριστοτέλης.

146 2997 444 3041 Scholiastam
468 2997 807 3056 exscripserunt
829 2997 1021 3041 Photius
1044 3004 1089 3040 et
1112 2996 1277 3041 Suidas
1294 3013 1329 3050 s.
1353 3014 1395 3044 v.

217 3070 566 3129 Harpocration
586 3085 597 3113 :
618 3066 788 3131 Ἐχῒνος
811 3065 901 3114 ἔστι
922 3066 998 3126 μὲν
1025 3065 1154 3130 ἄγγος
1169 3086 1233 3126 τι,
1252 3069 1308 3122 εἷς
1333 3067 1354 3115 ὃ
1377 3067 1431 3115 τὰ

127 3177 132 3181 .
149 3140 423 3205 γραμματεῖα
438 3139 494 3187 τὰ
516 3138 620 3203 πρὸς
639 3138 714 3193 τὰς
732 3139 851 3193 δίκας
866 3140 1048 3187 ἐτίθεντο
1060 3159 1069 3168 ·
1093 3140 1371 3202 Δημοσθένης
1387 3143 1430 3188 ἐν

146 3213 207 3276 τῷ
238 3210 342 3276 πρὸς
372 3210 580 3273 Τιμόθεον
619 3213 875 3274 μνημονεύει
891 3213 983 3260 Τοῦ
1008 3210 1161 3275 ἅγγους
1180 3211 1332 3260 τούτου
1356 3217 1431 3260 καὶ

750 3427 821 3467 39.

199 3491 349 3532 Arbitri
377 3492 616 3543 aJudicibus
631 3492 776 3532 diversi
797 3493 981 3543 suerunt3
997 3503 1091 3532 nam
1104 3492 1259 3542 judices
1282 3493 1322 3532 in
1340 3493 1431 3532 assi-

147 3555 274 3605 gnatis
291 3556 387 3595 foris
400 3556 652 3607 judicarunt,
671 3556 838 3606 litesque
857 3556 908 3595 ah
919 3556 1078 3595 arbitris
1097 3556 1146 3595 ad
1167 3567 1209 3595 se
1220 3557 1432 3596 translatas

133 3618 418 3663 ¹discreverunt
428 3614 602 3669 3‘arbitri
617 3629 712 3658 vero
731 3621 824 3659 ante
836 3620 942 3659 sorte
957 3619 1050 3659 lecti
1065 3630 1187 3669 quam
1200 3619 1243 3669 ii,
1258 3631 1430 3670 quorum

74 3720 82 3734 1
130 3681 197 3725 ‚de
215 3693 257 3723 re
270 3681 413 3732 agitur,
432 3693 475 3722 se
492 3682 541 3722 iis
551 3671 844 3733 permitterent,
866 3682 1073 3722 arbitrium
1092 3682 1368 3732 reddiderunt,
1390 3684 1430 3722 et

146 3745 437 3796 mitigantibus
463 3746 698 3797 placuisset,
723 3746 844 3786 finem
871 3747 931 3786 liti
952 3747 1251 3797 imposuerunt3
1269 3747 1330 3786 sin
1355 3747 1427 3785 mi—

146 3819 248 3860 nus,
271 3811 438 3850 crimina
457 3813 497 3851 et
523 3812 733 3852 citationes
761 3813 804 3852 et
832 3813 1059 3852 testimonia
1082 3814 1121 3852 et
1144 3813 1248 3862 leges
1272 3814 1312 3851 et
1332 3812 1429 3851 alias

59 3862 90 3901 ⁵„
113 3875 119 3879 “
138 3867 351 3925 utriusque
369 3875 620 3925 probationes
633 3875 675 3914 in
690 3875 876 3915 echinum
892 3876 1090 3924 conjectas
1101 3877 1222 3926 atque
1245 3875 1428 3925 obsigna-

79 3949 86 3957 ’
131 3936 208 3976 ·tas
226 3936 356 3986 litium
383 3938 723 3978 introductoribus
741 3938 1003 3979 tradiderunt.
1028 3941 1086 3979 De
1103 3939 1250 3990 quibus
1273 3939 1426 3979 Aristo·

141 3990 244 4047 ‚teies
261 3999 415 4042 disserit
428 4001 470 4042 in
485 4004 582 4053 Rep.
601 4002 914 4042 Atheniensium.

46 4466 111 4628 ΗέἜ-ἕέἱλι
81 4453 87 4460 -
74 4374 94 4433 ’.κ-ψ

757 4070 831 4109 40.

198 4134 382 4185 Echinus,
399 4146 471 4175 vas
489 4147 644 4176 aeneum
665 4137 726 4176 vel
747 4137 867 4176 etiam
889 4135 1113 4187 figulinum,
1134 4136 1174 4175 in
1193 4135 1301 4186 quod
1315 4135 1429 4185 depo-

150 4197 294 4245 nebant
307 4199 442 4240 arbitri
463 4200 617 4241 tabulas
627 4201 950 4246 *testimoniorum
967 4231 978 4250 ,
995 4203 1035 4240 et
1054 4201 1162 4251 quod
1180 4201 1426 4251 obsignatum

1463 2918 1471 3327 ξ

2701 293 2786 332 119

1574 389 1745 432 Confer
1770 388 2099 440 Pollutavlll,
2131 404 2210 443 173
2241 391 2351 431 Lex.
2397 388 2527 433 lunen.
2559 393 2603 433 in
2643 392 2786 438 Bckk.

1508 461 1599 505 Αιι.
1624 475 1672 518 p.
1698 458 1816 514 258,
1838 458 1886 517 33
1909 457 2129 516 Stephan.
2155 460 2372 502 Thesaur.
2397 477 2431 504 s.
2462 478 2512 517 v3
2540 465 2790 508 llcrinami.

1509 531 1534 590 §
1567 536 1674 584 141,
1709 546 1789 586 12;
1815 529 2112 574 Schoemann.
2139 544 2187 587 p.
2223 528 2332 574 281.

2112 650 2186 686 41.

1575 747 1952 805 Harpocration.
1986 741 2131 790 Κατὰ
2154 740 2352 803 δήμους
2377 744 2650 798 δικαστάς.
2692 751 2795 810 Περὶ

1507 819 1592 863 τῶν
1634 815 1746 862 κατὰ
1780 814 1943 904 δήμους
1982 816 2213 873 δικαστων,
2243 818 2300 868 ὡς
2334 815 2538 879 πρότερον
2583 818 2659 877 μὲν
2686 840 2796 876 ησαν

1507 888 1763 954 τριάκοντα,
1786 887 1860 934 καὶ
1881 886 1993 934 κατὰ
2018 887 2178 950 δήμους
2212 887 2445 952 περιιόντες
2463 888 2670 952 ἐδίκαζον,
2706 896 2795 938 εἶτα

1507 960 1700 1023 ἐγένοντο
1733 959 2085 1024 τεσσαράκοντα,
2134 958 2302 1024 εἴρηκεν
2343 959 2558 1024 ἐΑριστοτ
2550 960 2638 1018 ’λης
2669 965 2710 1008 ἐν
2737 968 2788 1026 τῇ

1517 1033 1741 1091 Αθηναίων
1774 1031 1992 1097 πολιτείᾳ.

1574 1108 1741 1151 Pollux
1765 1109 1900 1163 VIII,
1934 1122 2022 1150 100
2049 1120 2060 1151 ;
2087 1105 2144 1151 Οἳ
2169 1102 2212 1150 δὲ
2233 1102 2555 1168 τεσσαράκοντα
2593 1105 2797 1169 πρότερον

1511 1176 1587 1238 μὲν
1611 1180 1723 1234 ἦσαν
1743 1175 2060 1240 τριάκοντα,οἳ
2078 1176 2309 1240 περιιόντες
2329 1173 2441 1222 κατὰ
2459 1175 2617 1237 δήμους
2642 1196 2693 1222 τα
2717 1178 2769 1238 με’

1509 1268 1582 1314 χρι
1607 1250 1814 1312 δραχμων
1840 1247 1942 1294 δέκα
1971 1247 2181 1305 ἐδίκαζον,
2214 1247 2333 1294 τὰδὲ
2361 1247 2467 1310 υπὲρ
2500 1252 2664 1305 ταῦτα,
2690 1250 2796 1294 διαι-

1509 1324 1657 1378 τηταῒς
1674 1313 1981 1384 παρεδίδοσαν.
2002 1318 2127 1367 Μετὰ
2138 1319 2181 1366 δὲ
2199 1318 2276 1378 τὴν
2286 1323 2408 1366 τῶν
2388 1319 2616 1383 τριάκοντα
2634 1323 2682 1366 ὀλ
2675 1341 2802 1384 ιγαρ-

1508 1393 1610 1456 χίαν
1643 1391 1762 1454 μίσει
1794 1411 1866 1438 του
1895 1394 2075 1453 ἀριθμου
2107 1411 2191 1437 των
2220 1391 2449 1454 τριάκοντα
2479 1393 2799 1455 τεσσαράκοντα

1510 1482 1720 1527 εγενοντο.
1763 1466 1830 1510 Cf.
1867 1466 2058 1509 Aristot.
2102 1466 2204 1511 Pol.
2223 1467 2309 1520 lv,
2351 1464 2429 1520 13,
2459 1481 2504 1508 2.
2546 1468 2796 1512 Hermus-n.

1511 1539 1536 1598 ᾖ
1561 1539 1666 1590 146.

2094 1648 2148 1695 41
2178 1659 2221 1689 a.

1579 1759 1747 1803 Pollux
1766 1759 1876 1803 VIII
1892 1791 1904 1813 ‚
1932 1758 1992 1801 62
2023 1773 2033 1800 ε
2061 1753 2188 1819 ’Έφε
2203 1774 2281 1809 σις
2302 1756 2346 1802 δέ
2367 1758 2495 1815 ἐστιν,
2514 1757 2613 1804 ὅταν
2633 1779 2692 1811 τις
2714 1761 2797 1806 ἀπὸ

1510 1831 1737 1886 διαιτητῶν
1757 1826 1784 1885 ἢ
1808 1827 2029 1892 ἀρχόντων
2047 1826 2074 1884 ἢ
2103 1829 2301 1888 δημοτῶν
2322 1828 2392 1875 ἐπὶ
2409 1829 2612 1887 δικαστὴν
2635 1834 2714 1896 ἐφῇ
2732 1870 2744 1890 ,
2766 1833 2792 1890 ἢ

1510 1901 1597 1948 ἀπὸ
1625 1902 1821 1964 βουλης’
1806 1899 1878 1946 επὶ
1899 1901 2064 1962 δῆμον,
2082 1896 2110 1956 ἢ
2139 1900 2226 1947 ἀπο
2251 1900 2436 1963 δήμου’
2417 1901 2489 1948 επὶ
2510 1903 2798 1968 δικαστηριόν,

1509 1973 1536 2031 ἢ
1577 1973 1662 2020 ἀπὸ
1709 1974 1920 2019 δικαστῶν
1967 1971 2038 2019 ἐπὶ
2076 1970 2234 2031 ξενικον
2271 1973 2567 2038 δικαστήριον·
2600 1979 2671 2041 ἐφε
2654 1976 2799 2037 ζσιμος

1510 2044 1546 2091 δ’
1563 2045 1846 2107 ὠνομάζετο
1825 2063 1851 2100 η
1870 2043 1993 2102 δίκη·
2015 2047 2144 2090 αὗται
2167 2042 2210 2090 δὲ
2237 2063 2311 2091 και
2338 2044 2580 2102 ἔκκλητοι
2558 2043 2674 2093 οίκαι
2701 2050 2799 2095 ἐκα-

1508 2120 1672 2165 λουντο.
1694 2116 1756 2165 Τὸ
1780 2114 1824 2162 δὲ
1846 2115 2353 2180 παρακαταὸαλλόμενον
2383 2117 2454 2163 ἐπὶ
2483 2121 2566 2164 τῶν
2595 2120 2796 2184 ἐφέσεων,

1508 2190 1613 2255 ὅπερ
1645 2192 1683 2236 οἱ
1707 2193 1778 2235 νῦν
1809 2188 2078 2253 παραὸόλιον
2111 2191 2313 2247 καλοῦσι,
2337 2189 2585 2254 παράὸολον
2613 2192 2798 2255 Ἀριστο-

1508 2262 1634 2320 τέλης
1659 2261 1792 2324 λέγει.

2111 2358 2191 2405 42.

1574 2473 1954 2530 Harpocration:
1980 2468 2032 2516 ’E
2046 2486 2101 2514 πι
2115 2487 2175 2530 με
2189 2469 2250 2527 λη
2262 2468 2351 2526 τὴς
2369 2470 2671 2535 ἐμπορίου..
2689 2471 2797 2535 Ἀρι·

1509 2540 1786 2604 σ-τοτέληςήα
1819 2540 2068 2605 Ἐμπορίου
2111 2540 2147 2587 δ’
2178 2541 2439 2603 ἐπιμελητὰς
2475 2544 2500 2588 ι’
2548 2544 2796 2607 κληροῦσιν,

1507 2611 1669 2667 τούτοις
1703 2612 1746 2659 δὲ
1785 2613 2101 2679 προστέτακται
2139 2615 2223 2658 τῶν
2265 2633 2311 2659 τε
2336 2613 2553 2678 ἐμπορίων
2580 2617 2799 2675 ἐπιμελεῖ-

1509 2688 1634 2743 σθαι,
1658 2685 1730 2733 καὶ
1746 2690 1819 2732 τοῦ
1843 2685 1961 2733 σίτου
1999 2688 2073 2732 τοῦ
2106 2684 2426 2740 καταπλέοντος
2448 2689 2505 2740 εἷς
2530 2686 2578 2734 τὸ
2609 2687 2797 2735 Ἀττικὸν

1506 2756 1708 2821 ἐμπόριον
1732 2757 1784 2804 τὰ
1813 2757 1853 2821 β’
1879 2757 1989 2823 μέρη
2012 2757 2107 2818 τοὺς
2132 2757 2342 2822 ἐμπόρους
2378 2758 2630 2820 ἀναγκάζειν
2659 2762 2715 2812 εἷς
2751 2760 2799 2805 τὸ

1506 2829 1612 2876 ἄστυ
1643 2829 1844 2891 κομίζειν.
1865 2853 1884 2872 2·
1901 2833 2076 2877 Eadem
2099 2834 2147 2875 in
2161 2832 2306 2876 Bekk.
2334 2833 2513 2876 Anecd.
2542 2834 2563 2875 I
2577 2867 2588 2888 ‚
2608 2849 2657 2891 p.
2685 2832 2796 2888 255,

1478 2906 1481 2908 ’
1504 2904 1586 2948 ubi
1608 2914 1715 2963 post
1738 2903 1839 2949 δέκα
1867 2903 1938 2950 τὸν
1967 2902 2411 2967 ἀριθμὸν.ει(1(1υιιῐιιι·
2435 2921 2445 2948 :
2467 2902 2648 2950 ἑκάστου
2682 2903 2798 2956 ἔτους

1505 2974 1823 3036 καθιστάμενοι.
1880 2977 1947 3023 Cf.
2005 2977 2194 3021 Boeckh.
2236 2977 2412 3020 OEcon.
2462 2977 2591 3022 Ci‘vil.
2628 2979 2794 3023 Athen.

1506 3057 1619 3094 tom.
1646 3050 1692 3104 Ι,
1719 3065 1767 3108 p.
1795 3047 1853 3094 50
1875 3064 1941 3107 sq.
1967 3051 2222 3093 Hermann.
2258 3047 2365 3093 136.

2112 3166 2187 3219 43.

1576 3285 1918 3345 Harpocration
1955 3301 1964 3329 :
2008 3282 2395 3347 Ἀγορανόμοι,
2430 3285 2468 3329 οἱ
2496 3281 2550 3328 τὰ
2574 3282 2685 3328 κατὰ
2720 3284 2795 3338 τὴν

1507 3424 1594 3461 tum
1612 3433 1738 3472 quum
1756 3423 1796 3461 in
1813 3421 2009 3472 judicium
2031 3433 2092 3460 res
2109 3422 2334 3469 vocaretur,
2348 3420 2550 3470 judicibus
2571 3421 2792 3460 tradebant.

1507 3486 1620 3525 Vasis
1642 3485 1759 3535 hujiis
1781 3486 2024 3525 mentionem
2052 3485 2199 3524 faciunt
2219 3487 2259 3524 et
2278 3485 2562 3524 Demosthenes
2580 3487 2620 3524 et
2647 3486 2795 3524 Aristo-

1506 3550 1617 3590 teles.

2118 3616 2189 3655 41.
2320 3659 2323 3662 μ

1557 3689 1616 3725 De
1627 3685 1827 3735 judicibus
1845 3685 1947 3724 κατὰ
1971 3685 2113 3735 δήμους
2130 3714 2141 3732 ,
2163 3684 2233 3734 qui
2256 3685 2430 3735 primum
2444 3684 2625 3733 triginta,
2650 3683 2792 3721 deinde

1505 3749 1766 3800 quadraginta
1779 3749 1891 3788 sueru
1897 3750 1954 3798 nt,
1966 3750 2005 3788 et
2017 3747 2190 3798 singulos
2197 3759 2315 3799 pagos
2322 3748 2513 3788 obeuntes
2519 3746 2585 3797 jus
2595 3745 2726 3784 diceba
2732 3749 2789 3793 nt,

1506 3813 1734 3853 Aristoteles
1747 3811 1902 3863 scripsit
1916 3812 1957 3851 in
1979 3813 2077 3862 Rep.
2102 3812 2244 3866 Athen.

2116 3879 2189 3918 42.

1555 3947 1782 3987 Aristoteles
1795 3963 1804 3987 :
1817 3962 1836 3981 «
1851 3949 1998 3986 Decem
2007 3945 2171 3995 emporii
2187 3946 2389 3983 curatores
2403 3943 2508 3981 sorte
2526 3940 2683 3989 legunt,
2702 3941 2784 3989 qui·

1506 4011 1582 4050 bus
1601 4010 1641 4050 id
1656 4010 1802 4060 negotii
1825 4010 1965 4049 datum
1988 4011 2069 4056 est,
2090 4010 2134 4046 ut
2159 4008 2426 4057 emporiorum
2447 4014 2582 4042 curam
2615 4002 2786 4041 habeant

1504 4077 1544 4115 et
1571 4074 1784 4123 frumenti,
1806 4073 1913 4124 quod
1928 4073 1968 4111 in
1985 4073 2160 4111 Atticum
2181 4070 2401 4119 emporium
2421 4067 2652 4113 advehatur,
2688 4065 2786 4104 duas

1503 4142 1634 4190 partes
1654 4140 1693 4178 in
1710 4139 1849 4178 urbem
1866 4139 2106 4177 mercatores
2122 4136 2272 4175 deferre
2287 4133 2442 4183 cogant.
2463 4147 2481 4163 υ
