3016 4628
238 286 326 325 306

231 388 336 447 abt-Tr,
381 379 698 436 ξενοκτονούσης
713 415 725 439 ,
761 376 1024 442 ἀμφοτέρους
1065 375 1244 422 ἐκόλασε
1259 410 1269 429 ,
1307 392 1378 419 τον
1426 370 1478 433 μὲ
1461 390 1503 417 ν

231 458 299 502 ὑπ’
324 451 599 504 ἀπαιδευσίας
622 469 669 496 κε
673 449 924 514 κωφημένον
941 450 1024 493 τῶν
1042 444 1205 492 ὤτωνε
1189 444 1436 501 εξελκύσας,
1461 442 1505 495 ὃς

230 524 298 574 διὰ
322 525 398 582 τὴν
417 527 494 570 του
520 525 684 586 φρονεῖν
708 520 871 568 ἔνδειαν
891 524 964 566 τοῦ
994 518 1165 565 πάντων
1196 512 1503 573 ἀναισθητοτά-

227 618 297 645 του
318 597 423 662 ζώου
446 594 562 651 τὴν’
544 592 788 655 επωνυμίαν
810 591 930 655 ἔσγε·
956 590 1033 646 τὴν
1057 588 1144 636 δὲ’*
1225 609 1244 630 »
1363 618 1369 626 .

293 673 327 718 l
330 666 456 716 λυκυν
489 666 692 727 ἀγκῶνα]
716 666 783 711 Cf.
817 666 1014 724 Hesych.
1048 679 1083 708 s.
1112 664 1160 709 h.
1183 677 1250 705 v:
1283 659 1506 722 Κλέαρχος

226 742 270 789 δέ
299 760 414 805 φησι,
435 737 531 792 τους
558 735 818 799 Αἰγυπτίους
838 734 1064 798 ἐξυὸρίζειν
1089 734 1147 786 εἷς
1163 730 1238 784 τὰς
1263 733 1347 775 τῶν
1365 748 1505 775 κατα-

225 817 361 861 δεεστε
344 812 448 876 ζρων
472 810 673 872 γυναῖκας
705 827 778 854 και
805 806 1063 870 παρθένους,
1089 822 1162 850 και
1184 802 1256 849 τὸν
1282 802 1434 859 τόπον,
1462 802 1505 846 ἐν

223 890 258 951 ᾧ
286 889 418 931 ταῦτα
451 882 603 944 ἔδρων,
631 877 840 940 ὀνομάσαι
862 875 1070 924 Γλυκὺν’
1046 877 1237 938 αγκῶνα.
1263 876 1357 920 Ubi
1376 874 1505 936 Αἷγυ-

222 959 365 1010 πτίους
388 956 636 1015 Hesychius
657 968 743 1013 pro
766 947 930 1002 Λυδους
945 951 1080 1010 ponit
1091 949 1285 992 miscens
1305 947 1499 991 diversa.

222 1031 335 1076 Vide
358 1027 612 1074 Zenobium
645 1027 717 1080 II,
756 1038 816 1082 92
839 1022 1000 1080 ibique
1031 1022 1307 1079 interpretes
1337 1033 1384 1078 p.
1415 1017 1500 1074 55,

222 1103 328 1146 coll.
345 1117 392 1160 p.
418 1105 532 1156 470,
562 1114 585 1154 7
610 1095 782 1150 et486,
788 1094 834 1140 6
856 1093 926 1139 Cf.
950 1092 1009 1139 fi.
1039 1107 1119 1138 22.

836 1196 879 1237 7.

286 1294 415 1338 Idem
435 1288 733 1350 X11,p.524‚
750 1289 816 1331 B:
837 1282 1147 1347 ΚλέαρχοςδΗ
1128 1300 1170 1328 εν
1191 1280 1405 1346 τετάρτῳ,
1423 1284 1497 1339 ζη-

221 1363 441 1416 λώσαντάς
465 1380 568 1426 φησι
591 1380 686 1414 τους
707 1356 943 1414 Μιλησίους
970 1355 1048 1412 τὴν
1083 1353 1370 1417 Κολοφωνίων
1400 1372 1503 1416 τρυ-

221 1437 320 1500 φὴν,
346 1435 557 1482 διαδοῦναι
577 1432 649 1480 καὶ
677 1437 762 1484 τοῖς
785 1426 1165 1492 πλησιοχωροις,”
1141 1446 1232 1474 επει
1237 1429 1274 1474 τ’
1299 1427 1501 1482 ὀνειδιζο-

221 1509 367 1571 μένους
397 1506 567 1570 λέγεινε
550 1510 729 1557 εαυτοῖς·
753 1523 770 1544 (ι
790 1500 914 1550 Οἴκοι
931 1499 984 1547 τὰ
1008 1499 1204 1556 Μιλησια
1225 1498 1499 1563 κάπιχώρια,

221 1581 292 1628 καὶ
318 1601 376 1643 μη
414 1599 434 1626 ν
453 1598 512 1625 τω
532 1596 666 1641 μεσϋ).
688 1599 705 1617 ¹)

832 1661 874 1706 8.

286 1774 415 1817 Idem
435 1774 557 1826 XII,
582 1787 626 1830 p.
656 1768 775 1825 524,
802 1770 873 1814 C:
904 1765 992 1814 Και
1023 1765 1120 1830 περὶ
1146 1767 1323 1812 Σκυθῶν
1350 1763 1384 1810 δ’
1406 1762 1499 1820 ἑξῆς

220 1848 241 1890 ὁ
274 1844 489 1907 Κλέαρχος
526 1841 626 1887 τάδε
663 1842 841 1904 ἱστορεῖ·
867 1861 885 1879 α
913 1837 1058 1886 Μόνον
1094 1837 1137 1884 δὲ
1160 1836 1305 1898 νόμοις
1345 1843 1499 1890 κοινοῖς

220 1919 385 1977 πρῶτον
407 1915 556 1967 ἔθνος’
539 1933 557 1959 ε
559 1932 590 1977 s
594 1913 751 1978 ρήσατο
766 1911 814 1958 τὸ
831 1913 1023 1959 Σκυθῶν·
1045 1914 1136 1957 εἶτα
1154 1910 1324 1957 πάλίν
1305 1908 1498 1973 εγένοντο

219 1988 390 2034 πάντων
416 1986 667 2035 ἀθλιωτατοι
689 1987 848 2050 βροτῶν
873 1982 943 2031 διὰ
966 1982 1042 2041 τὴν
1064 1982 1200 2047 ὅὸριν.
1222 1980 1497 2048 Ετρύφησαν

222 2059 296 2121 μὲν
320 2060 399 2124 γὰρ
430 2063 485 2112 ὡς
519 2057 716 2111 οὐδένες
702 2057 767 2104 ε’τε
751 2076 857 2122 ,ροι,
892 2059 976 2104 τῶν
1015 2055 1188 2103 πάντων
1224 2054 1388 2121 εὐροίας
1423 2053 1498 2102 καὶ

220 2132 401 2178 πλούτου
423 2130 496 2178 καὶ
515 2134 589 2188 τ’ῆς
607 2132 758 2187 λοιπης
781 2128 928 2220 αὐτρὺς
945 2127 1152 2194 χορηγίας
1171 2125 1493 2192 κατασχούσης.

222 2208 262 2253 'l
266 2208 361 2251 οῧτο
376 2203 418 2250 δὲ
439 2204 564 2260 δῆλον
587 2203 634 2249 ἐκ
646 2222 718 2259 της
731 2201 792 2249 ἔτι
804 2201 952 2250 καὶνῧν
964 2200 1277 2258 ὑπολειπούσης
1296 2220 1497 2267 περιτους

225 2275 429 2365 ηγεμόνας
453 2277 590 2322 αὐτῶν
616 2274 789 2333 ἐσθητός
811 2294 854 2321 τε
879 2294 954 2321 και
983 2275 1159 2332 διαίτης
1190 2273 1498 2339 Τρυφήσαντες

223 2349 292 2407 δὲ,
315 2350 386 2395 καὶ
407 2348 596 2411 μάλιστα
617 2346 668 2405 δὴ
688 2347 934 2411 καὶπρῶτοι
962 2346 1136 2399 πάντων
1153 2349 1236 2393 τῶν
1261 2345 1497 2410 ἀνθρώπων

221 2421 288 2467 ἐπὶ
305 2420 350 2467 τὸ
367 2427 524 2485 τρυφᾶν
541 2418 817 2484 ὁρμήσαντες,
843 2421 899 2473 εἷς
921 2423 1046 2467 τοῦτο
1069 2419 1285 2484 προηλθον
1306 2416 1493 2483 ὕὸρεως,

222 2559 511 2598 concubuerant
546 2557 715 2607 hospites
750 2557 1013 2606 interficeret,
1048 2557 1098 2596 de
1130 2556 1326 2595 ambobus
1363 2566 1500 2607 poenas

221 2620 384 2669 sumpsit
421 2635 430 2658 :
465 2619 520 2658 illi
545 2619 724 2669 quidem,
750 2618 837 2658 rudi
869 2619 1018 2673 homini
1048 2622 1087 2658 et
1121 2619 1284 2668 stolido,
1311 2630 1427 2658 aures
1458 2619 1501 2657 in

224 2684 379 2731 longum
395 2683 621 2731 extrahens,
639 2683 701 2722 cui
712 2682 922 2733 ‚quoniam
943 2694 1059 2723 sensu
1085 2683 1285 2722 communi
1316 2683 1498 2733 carebat,

222 2746 471 2796 stupidissimi
487 2749 660 2787 omnium
680 2747 905 2787 animalium
928 2759 1144 2799 cognomen
1160 2747 1391 2798 impositum
1408 2749 1496 2788 est.

226 2813 324 2850 hanc
342 2823 435 2851 vero
451 2813 470 2832 *
488 2814 506 2831 *

829 2897 870 2934 7.

276 2987 483 3026 Clearchus
522 2989 661 3037 quarto
706 2989 805 3027 libro
834 2989 908 3039 ait,
953 2990 1120 3031 Milesios
1162 2990 1498 3041 colophoniorum

228 3051 428 3089 luxuriam
454 3051 677 3101 aemulatos,
707 3052 868 3091 eandem
902 3053 1076 3093 finitimis
1112 3055 1231 3094 etiam
1262 3054 1496 3103 tradidisse3

227 3115 365 3153 ‹l‹·in‹l‹·.
378 3126 499 3164 quum
515 3116 958 3168 idillisexprobraretur‚
969 3119 1112 3160 dixisse
1127 3120 1334 3171 ipsossibi
1347 3136 1366 3155 «
1379 3120 1497 3160 Donu

227 3181 373 3219 Milesia
388 3183 427 3219 et
447 3182 590 3230 patria,
613 3193 690 3221 non
711 3183 749 3222 in
766 3184 936 3223 me‹li0.›

835 3288 876 3326 8.

279 3380 425 3419 ibidem
454 3380 593 3420 deinde
618 3382 827 3423 cleauhus
851 3384 899 3424 de
921 3387 1075 3437 Scythis
1095 3387 1180 3427 haec
1202 3387 1349 3427 tradit:
1370 3389 1497 3428 «Una

228 3445 375 3491 l‹··„ibus
401 3446 673 3486 communibus
704 3448 871 3497 primum
898 3462 968 3490 usa
998 3454 1081 3491 erat
1109 3459 1203 3503 gens
1231 3453 1494 3503 Scytharum3

226 3507 366 3546 deinde
397 3519 530 3548 rursus
558 3510 732 3549 omnium
767 3512 923 3553 suerunt
955 3514 1159 3555 miserrimi
1189 3515 1415 3556 mortalium
1445 3517 1497 3556 ob

226 3572 503 3611 contumeliam
533 3572 801 3624 injuriamque.
822 3578 1004 3618 Luxuria.
1024 3579 1126 3618 enim
1147 3579 1268 3620 dediti
1289 3583 1425 3630 erant,
1449 3583 1497 3621 ut

226 3637 342 3674 nemo
361 3635 459 3674 alius
483 3636 648 3685 populus
669 3637 808 3687 magis,
836 3650 957 3688 quum
972 3643 1146 3681 omnium
1164 3655 1294 3683 rerum
1311 3655 1495 3684 successu

225 3700 428 3737 uterentur
447 3701 487 3739 ct
502 3698 648 3738 divitiis
661 3700 919 3752 omnibusque
935 3704 1052 3753 copiis
1067 3706 1333 3747 abundarent.
1368 3712 1494 3759 Appa-

226 3747 285 3800 r³et
305 3760 342 3800 id
373 3764 507 3801 autem
534 3762 652 3801 etiam
676 3772 779 3802 nune
806 3775 854 3803 ex
885 3766 1024 3805 vestitu
1046 3769 1084 3807 et
1107 3769 1199 3810 vitae
1229 3782 1367 3820 genere
1382 3802 1393 3822 ‚
1414 3783 1494 3822 quo

226 3823 419 3875 hodieque
439 3824 560 3864 (luces
586 3835 723 3866 eorum
752 3829 931 3868 utuntur.
955 3831 1157 3881 Voluptati
1185 3834 1301 3883 igitur
1320 3833 1494 3876 maxime

221 3888 362 3938 dediti,
391 3894 429 3928 et
451 3889 565 3940 prlmi
585 3891 761 3930 omnium
782 3887 1015 3933 nominum
1005 3906 1044 3934 in
1070 3896 1266 3937 luxuriam
1286 3899 1426 3951 elsusi,
1448 3912 1494 3941 eo

223 3961 317 3998 pro„
305 3951 410 3989 ressi
426 3953 518 3991 sunt
537 3951 802 4002 contumeliae,
824 3955 889 4003 ut,
903 3965 1152 4007 quocumque
1168 3956 1365 4010 venirent,
1381 3973 1495 4006 nares

223 4013 427 4053 hominum
458 4014 721 4056 decurtarent.
755 4020 934 4064 Quorum
965 4022 1148 4070 nepotes,
1179 4026 1386 4074 postquam
1417 4027 1494 4066 alio

220 4075 464 4126 migrarunt,
485 4078 602 4119 etiam
636 4091 741 4120 nunc
762 4080 812 4120 ab
835 4093 880 4119 ea
900 4084 1135 4123 contumelia
1162 4096 1304 4125 nomen
1333 4088 1490 4128 ha'berit.

224 4141 371 4178 Uxores
398 4152 489 4181 vero
515 4140 751 4192 51ytt=aruln
772 4155 937 4195 corpora
962 4146 1172 4186 mulierum
1190 4149 1327 4187 Thrar'
1321 4162 1491 4202 icarum,

222 4204 956 4256 ‹·0ru=nTl·rac‹1=u,quiahouuunte
972 4211 1009 4247 et
1027 4220 1048 4247 a
1064 4211 1325 4259 septentrione
1340 4215 1495 4262 Scythis

1207 264 1283 311 (ΖΙ
1288 262 1519 311 EARCHI
1559 258 1857 308 SOLENslS

1576 369 1686 416 ὥστε
1703 369 1873 415 πάντων
1890 369 1974 414 τῶν
1990 363 2185 428 ἀνθρώπω
2176 383 2240 424 ιν,
2264 362 2320 419 εἷς
2339 360 2410 418 ους
2427 360 2703 428 ἅφίκοῑντο,’
2681 376 2877 429 ηκρωτη·

1579 441 1719 505 ρίαζον
1742 439 1818 493 τὰς
1842 442 1982 504 ῥῖνας·
2012 439 2085 502 ἀφ
2110 441 2168 484 ὧν
2188 456 2225 484 οι
2246 436 2447 500 ἀπόγονοι
2474 436 2790 498 μεταστάντες,
2813 439 2876 483 ἔτι

1579 512 1653 560 καὶ
1678 532 1752 559 νυν
1780 510 1866 557 ἀπὸ
1886 514 1961 556 τοῦ
1987 509 2145 561 πάθους
2176 507 2326 572 ἔχουσι
2350 507 2428 565 τὴν
2452 507 2719 570 ἐπωνυμίαν.
2747 509 2805 556 Αἱ
2831 505 2876 553 δὲ
2933 546 2959 558 .,

1575 592 1774 648 γυναῖκες
1812 586 1950 630 αὐτῶν
1984 580 2062 635 τὰς
2093 583 2283 645 Θρᾳκῶν
2322 583 2406 627 τῶν
2449 580 2555 646 πρὸς
2590 579 2776 646 ἑσπέραν
2800 578 2876 627 καὶ
2963 578 2981 596 ”

1579 657 1732 721 ἄρκτον
1754 659 1838 702 τῶν
1854 653 2097 720 περιοίκων
2103 659 2309 716 γυναῖκας
2330 652 2575 700 ἐποίκιλλον
2598 651 2654 700 τὰ
2674 651 2875 712 σώματα,

1577 728 1775 792 περόναις
1794 725 2008 792 γραφὴν’
1989 745 2054 773 ενε
2053 726 2163 772 ἴσαι.
2183 721 2314 773 ‘'Oesv
2338 724 2559 779 πολλοῒς”
2537 743 2673 772 ετεσιν
2698 723 2874 790 ὕστερον

1579 802 1622 845 αἱ
1647 797 1915 862 ὃὸρισθεῖσαι
1935 798 2018 843 τῶν
2039 797 2229 861 Θρακῶν
2245 801 2442 859 γυναῖκες
2462 795 2579 851 ἰδίως
2597 795 2876 862 ἐξηλείψαντο

1577 870 1655 926 τὴν
1699 867 1942 933 συμφορὰν,
1990 867 2466 934 προσαναγραψάμεναι
2505 867 2561 916 τὰ
2610 867 2744 916 λοιπὰ
2797 885 2875 915 του

1576 940 1764 1005 χρωτὸς,
1784 939 1839 986 ἵν’
1862 943 1885 986 ὃ
1909 943 1986 998 τ’ῆς
2013 938 2176 999 ὕὸρεως
2199 939 2274 987 καὶ
2300 944 2376 997 τῆς
2406 941 2656 1006 αἷσχύνης’
2637 943 2706 988 επ’
2724 941 2876 996 αὗταῒς
2960 982 2973 1008 Γ,

1575 1012 1806 1078 χαρακτὴρ
1824 1014 1880 1066 εἷς
1896 1011 2112 1060 ποικιλίαν
2128 1012 2463 1078 καταριθμηθεὶς
2478 1013 2644 1077 κόσμου
2660 1029 2877 1078 προσηγο-
2951 1034 2979 1063 ς»,

1577 1084 1647 1149 ρίᾳ
1670 1083 1878 1138 τοῦνειδος
1903 1084 2123 1150 ἐξαλείψῃ
2153 1085 2338 1132 Πάντων
2362 1085 2407 1132 δὲ
2428 1084 2607 1140 οὕτωςε
2589 1084 2874 1152 υπερηφάνως
2947 1078 2965 1107 ’”

1575 1156 1864 1220 προέστησαν,
1903 1156 2016 1204 ὥστε
2051 1157 2231 1205 οὐδένων
2270 1159 2459 1224 ἄδακρυς
2497 1162 2524 1217 ἡ
2559 1162 2638 1218 τ’ἠς
2680 1157 2875 1213 δουλείας

1575 1229 1784 1318 ὑπουργία
1801 1229 2029 1294 γιγνομένη
2042 1267 2054 1287 ,
2073 1230 2312 1295 διήγγειλεν
2330 1232 2389 1286 εἷς
2407 1230 2502 1286 τους
2526 1232 2874 1296 ἐπιγιγνομένους

1574 1301 1651 1359 τὴν
1677 1301 1763 1348 ἀπὸ
1788 1304 1965 1350 Σκυθῶν
1995 1305 2134 1369 ῥῆσιν,
2154 1299 2224 1350 οἵα
2247 1322 2310 1357 τις
2332 1307 2401 1361 ἠν.
2426 1302 2511 1353 Διὰ
2537 1303 2586 1351 τὸ
2605 1305 2767 1362 πλῆθος
2799 1295 2873 1351 οἷν

1573 1376 1658 1420 τῶν
1680 1378 1994 1439 κατασχουσῶν
2016 1374 2169 1429 αὐτοὺς
2185 1378 2433 1441 συμφορῶν,
2456 1373 2550 1423 ἐπεὶ
2571 1373 2642 1423 διὰ
2655 1375 2704 1423 τὸ
2726 1373 2875 1429 πένθος
2963 1426 2970 1440 ,Ι

1577 1444 1669 1508 ἅμα
1698 1445 1771 1494 τόν
1798 1466 1844 1494 τε
1867 1449 1951 1495 τῶν
1980 1446 2083 1511 βίων
2108 1447 2238 1495 ὅλὸον
2268 1447 2343 1496 καὶ
2375 1447 2451 1503 τὰς
2473 1447 2612 1506 κόμας
2633 1447 2872 1514 περιεσπά-

1575 1522 1740 1576 σθησαν
1772 1519 1932 1574 παντὸς
1965 1518 2129 1578 ἔθνους,
2142 1522 2191 1567 οἱ
2229 1518 2310 1574 ἔξω
2341 1519 2419 1577 τὴν
2457 1522 2524 1582 ἔφ’
2558 1518 2681 1584 ῧὸρει
2713 1517 2873 1585 κουρὰν

1575 1591 1885 1640 ἀπεσκυθίσθαι
1905 1590 2274 1657 προσηγόρευσαν
2306 1614 2325 1634 »

2201 1698 2244 1741 9.

1633 1767 1770 1812 Idem
1786 1768 1899 1822 XII
1914 1781 1961 1827 p.
1986 1766 2099 1827 522,
2116 1769 2189 1812 D.
2209 1764 2501 1830 Ταραντίνους
2517 1763 2563 1813 δέ
2581 1783 2685 1830 φησι
2701 1761 2874 1830 Κλεαρ-

1570 1856 1645 1902 χος
1667 1839 1709 1884 ἐν
1736 1838 1929 1903 τετάρτῳ
1944 1837 2076 1897 Βίων,
2101 1836 2239 1896 ἀλκὴν
2258 1837 2334 1885 καὶ
2354 1837 2534 1899 δύναμιν
2553 1835 2870 1901 κτησαμένους,

1573 1913 1630 1965 εἰς
1660 1929 1859 1958 τοσουτον
1886 1930 2047 1977 τρυφης
2080 1909 2369 1976 προελθεῖν,”
2338 1930 2452 1966 ωστε
2490 1910 2563 1959 τὸν
2587 1909 2687 1959 ὅλον
2719 1913 2872 1977 χρῶτα

1571 1982 1959 2048 παραλεαίνεσθαι,
1979 1982 2054 2030 καὶ
2082 2002 2158 2040 της
2178 1982 2399 2048 ψιλώσεως
2421 1982 2582 2042 ταύτης
2595 1984 2683 2074 τρῖς
2707 1984 2871 2037 λοιποῖς

1571 2052 1818 2130 κατάρξαι.
1831 2075 1850 2096 «
1880 2053 2089 2121 Ἐφόρουν
2117 2052 2190 2118 δὲ,
2207 2054 2340 2122 φησὶ,
2365 2053 2438 2102 καὶ
2461 2054 2664 2121 παρυφὴν
2685 2054 2872 2121 διαφανη

1571 2126 1748 2185 πάντες,
1775 2131 1839 2181 οῖς
1858 2131 1932 2174 νῦν
1957 2130 1979 2174 ὃ
2003 2130 2088 2175 τῶν
2119 2130 2334 2191 γυναικῶν
2359 2127 2591 2193 ἁδρύνεται
2629 2126 2732 2192 βίος.
2757 2125 2875 2176 Δεύ-

1571 2217 1690 2263 τερον
1714 2198 1749 2245 δ’
1776 2200 1859 2246 ὑπὸ
1882 2202 1958 2257 τ’ἧς
1979 2218 2140 2266 τρυφης
2176 2200 2234 2254 εἷς
2257 2198 2379 2265 ὕὸριν
2418 2197 2731 2262 ποδηγηθέντες
2764 2197 2871 2247 ἀνά·
2933 2259 2939 2262 ἢ

1571 2291 1725 2319 στατον
1754 2270 1856 2334 μίαν
1894 2271 2018 2319 πόλιν
2043 2264 2264 2336 Ἰαπύγων
2301 2271 2530 2330 ἐποίησαν,
2563 2269 2803 2336 Καρὸίναν,
2827 2269 2883 2336 ἐξἥ

1569 2350 1620 2402 ῆς
1644 2345 1802 2397 παιδας
1827 2363 1902 2391 και
1934 2341 2177 2410 παρθένους
2203 2363 2278 2391 και
2311 2345 2387 2398 τὰς
2423 2345 2467 2391 ἐν
2506 2345 2627 2408 ἀκμῇ
2661 2345 2869 2407 γυναῖκας

1571 2416 1842 2482 ἀθροίσαντες
1866 2418 1923 2471 εἷς
1941 2416 1996 2463 τὰ
2015 2419 2100 2464 τῶν
2124 2416 2413 2482 Κᾳρὸινατῶν
2437 2414 2532 2481 ἱερὰ
2549 2415 2872 2475 σκηνοποιησά-
2940 2440 2946 2466 ’-,

1575 2555 1735 2595 finitimi
1762 2557 1888 2604 sunt,
1907 2555 2186 2613 variegarunt,
2212 2555 2365 2595 subulis
2378 2545 2556 2606 picturas
2570 2552 2764 2605 quasdam
2782 2552 2868 2594 cuti
2934 2543 2954 2594 ἶ

1576 2619 1736 2660 illarum
1754 2621 1984 2660 inserentes.
2006 2623 2138 2668 Quare
2157 2620 2296 2661 multis
2314 2624 2404 2672 post
2430 2619 2547 2660 annis
2561 2610 2767 2660 Thracicae
2781 2629 2870 2659 mu·

1571 2683 1702 2735 lieres,
1716 2695 1808 2735 quae
1827 2695 1915 2724 eam
1928 2684 2212 2724 contumeliam
2228 2695 2356 2735 passae
2371 2685 2500 2735 erant,
2516 2683 2676 2735 proprio
2691 2682 2870 2734 quodam

1573 2739 1706 2787 mod'o
1718 2747 1956 2788 calamitatis
1970 2749 2108 2788 notam
2131 2747 2390 2797 deleverunt,
2408 2747 2603 2798 reliquam
2628 2747 2775 2787 etiam
2763 2757 2870 2787 msu-

1571 2822 1641 2862 per
1657 2813 1791 2851 cutem
1810 2812 1936 2851 totam
1954 2811 2121 2863 picturis
2135 2810 2646 2862 variegantes.ut1njuriae
2665 2811 2706 2850 et
2725 2811 2868 2851 contu·-

1573 2875 1703 2917 meliae
1737 2876 1833 2914 nota
1863 2885 1954 2925 quae
1973 2875 2051 2915 illis
2070 2875 2220 2924 inerat,
2250 2874 2361 2914 varie
2393 2873 2680 2924 multiplicata,
2706 2874 2873 2914 ornatus

1571 2938 1733 2978 nomine
1744 2938 1894 2979 deleret
1910 2938 2117 2990 probrum.
2130 2938 2294 2978 Cunctis
2301 2939 2436 2976 autem
2452 2937 2508 2976 ita
2521 2936 2692 2987 superbe
2702 2934 2869 2988 Scytha),

1570 3002 1838 3053 imperarunt,
1858 3004 1906 3042 ut
1927 3001 2130 3042 servitutis
2153 2999 2393 3049 ministeria,
2420 3010 2512 3050 quae
2537 2999 2687 3039 nemini
2713 3009 2794 3040 non
2815 2999 2870 3040 la·

1571 3066 1742 3107 crimosa
1760 3068 1895 3115 erant,
1911 3065 2031 3106 etiam
2050 3065 2216 3116 posteris
2235 3064 2502 3114 declararent,
2521 3062 2728 3115 quidillud
2750 3064 2871 3105 fuerit

1570 3129 1678 3182 quod
1702 3141 1730 3170 a
1755 3132 1831 3181 Scy
1839 3130 1923 3170 this
1954 3129 2121 3170 dictum
2154 3129 2275 3179 vulgo
2307 3127 2430 3167 aiunt.
2453 3129 2622 3178 Propter
2647 3126 2871 3169 'multitudi-

1569 3205 1662 3234 nem
1681 3192 1801 3245 igitur
1822 3194 2021 3234 malorum
2038 3204 2128 3244 quae
2146 3192 2234 3232 illos
2248 3191 2506 3244 premebant,
2522 3190 2714 3242 quoniam
2727 3190 2781 3231 ob
2799 3191 2866 3231 lu·

1569 3258 1680 3297 ctum
1697 3257 1812 3298 simul
1835 3257 1929 3297 vitae
1946 3255 2249 3296 commoditates
2268 3256 2308 3295 et
2330 3245 2458 3294 coma&
2475 3253 2672 3305 quusque
2691 3253 2866 3294 circum-

1570 3321 1674 3361 circa
1688 3321 1823 3372 populi
1847 3320 2195 3369 abstrahebantur,
2223 3318 2378 3358 externi
2396 3317 2532 3369 populi
2555 3312 2762 3358 tonsuram
2777 3326 2868 3368 quoe

1570 3384 1615 3425 fit
1630 3384 1883 3425 contumeliae
1903 3393 2046 3433 causa,
2069 3383 2347 3423 ἀπεσκυθίσθαι
2368 3381 2578 3421 vocarunt

2198 3483 2239 3519 9.

1620 3577 1854 3618 Tarentinos
1882 3588 2006 3627 vero,
2034 3577 2089 3617 ait
2116 3576 2335 3617 Clearchus
2358 3576 2500 3626 quarto
2527 3573 2631 3614 libro
2654 3572 2864 3624 Vitarum‚

1569 3641 1693 3681 robur
1705 3643 1745 3682 et
1753 3641 1973 3692 potentiam
1988 3639 2141 3690 nactos,
2151 3650 2199 3680 eo
2214 3638 2386 3679 luxuriae
2403 3636 2666 3688 mollitieique
2685 3644 2867 3688 progres-

1568 3717 1633 3747 sos
1649 3717 1755 3757 esse,
1773 3708 1820 3748 ut
1834 3708 1961 3748 totius
1980 3705 2156 3757 corporis
2175 3705 2311 3744 cutem
2321 3703 2485 3755 laevigat
2487 3703 2578 3753 ent
2599 3702 2640 3743 et
2653 3699 2775 3752 huius
2791 3698 2865 3742 de-
2907 3751 2909 3754 Α

1567 3738 1822 3822 glabrati6nis
1836 3771 2064 3822 exemplum
2079 3769 2165 3809 aliis
2177 3768 2365 3808 omnibus
2379 3732 2585 3818 praeirent'.
2608 3780 2628 3800 α
2648 3763 2867 3806 cantabant
2884 3812 2887 3818 .

1569 3847 1666 3876 vero
1693 3836 1812 3876 etiam
1842 3846 1981 3876 omnes
2008 3833 2180 3887 (inquit)
2201 3831 2428 3884 splendidos
2452 3828 2630 3872 vestibus
2649 3828 2896 3882 praetextos·

1572 3900 1740 3950 limbos,
1780 3899 1926 3951 quibus
1958 3875 2066 3939 nuric
2111 3896 2291 3937 luxuriat
2324 3895 2457 3936 mollis
2491 3893 2734 3936 (eminarum
2764 3891 2861 3933 vita.
2883 3903 2888 3911 ··

1572 3963 1722 4004 Deinde
1738 3973 1762 4002 a
1791 3962 1952 4002 luxuria
1970 3961 2022 4002 ad
2045 3959 2332 4001 contumeliam
2352 3957 2621 4009 injuriamque
2639 3954 2865 4010 progreoei,
2875 4012 2878 4014 v

1581 4036 1719 4067 eversa
1751 4025 1940 4076 Carbina,
1970 4035 2050 4064 uno
2077 4035 2129 4064 ex
2151 4023 2320 4074 Iapygiae
2348 4023 2466 4074 (sive
2482 4020 2663 4072 Apuliae)
2682 3984 2882 4077 oppidis}

1569 4101 1714 4141 pueros
1722 4090 1763 4130 et
1773 4089 1945 4138 virgines
1954 4088 2042 4127 etin
2053 4086 2147 4127 flore
2156 4087 2286 4127 aetatis
2297 4085 2520 4126 matronas·
2508 4095 2550 4124 m
2559 4078 2868 4125 Garbinatarum
2878 4122 2897 4141 :-

1570 4154 1734 4193 delubra
1755 4152 2066 4203 congregarunt,
2087 4150 2130 4190 in
2157 4149 2332 4201 quibus
2320 4149 2395 4200 ipsi
2418 4146 2553 4190 sedem
2570 4146 2734 4198 figentes
2754 4128 2893 4211 nudi}

1572 4218 1731 4256 illorum
1764 4226 1928 4266 corpora
1959 4215 2090 4254 totum
2111 4212 2215 4253 diem
2245 4211 2458 4289 spectanda
2477 4209 2767 4291 exposuerunt,
2791 4204 2865 4248 ut
