<?xml version="1.0" encoding="UTF-8"?>
<!DOCTYPE html PUBLIC "-//W3C//DTD XHTML 1.0 Transitional//EN"
    "http://www.w3.org/TR/xhtml1/DTD/xhtml1-transitional.dtd">
<html xmlns="http://www.w3.org/1999/xhtml" xml:lang="en" lang="en">
 <head>
  <title>
</title>
<meta http-equiv="Content-Type" content="text/html;charset=utf-8" />
  <meta name='ocr-system' content='tesseract 3.04.00' />
  <meta name='ocr-capabilities' content='ocr_page ocr_carea ocr_par ocr_line ocrx_word'/>
</head>
<body>
  <div class='ocr_page' id='page_1' title='image "./fragmentahistori02mueluoft_0113.png"; bbox 0 0 3016 4628; ppageno 0'>
   <div class='ocr_carea' id='block_1_1' title="bbox 523 341 925 394">
    <p class='ocr_par' dir='ltr' id='par_1_1' title="bbox 523 341 925 394">
     <span class='ocr_line' id='line_1_1' title="bbox 523 341 925 394; baseline -0.017 0"><span class='ocrx_word' id='word_1_1' title='bbox 523 341 871 394; x_wconf 86' lang='grc' dir='ltr'><strong>ΣΥΝΑΙὩΓΗ.</strong></span> <span class='ocrx_word' id='word_1_2' title='bbox 917 356 925 363; x_wconf 94' lang='grc'>·</span> 
     </span>
    </p>
   </div>
   <div class='ocr_carea' id='block_1_2' title="bbox 53 437 1346 983">
    <p class='ocr_par' dir='ltr' id='par_1_2' title="bbox 62 437 724 566">
     <span class='ocr_line' id='line_1_2' title="bbox 62 437 724 566; baseline -0.009 -62"><span class='ocrx_word' id='word_1_3' title='bbox 62 437 91 566; x_wconf 62' lang='grc' dir='ltr'><strong>ς.</strong></span> <span class='ocrx_word' id='word_1_4' title='bbox 679 468 724 498; x_wconf 72' lang='lat'><strong>1.</strong></span> 
     </span>
    </p>

    <p class='ocr_par' dir='ltr' id='par_1_3' title="bbox 54 548 1344 922">
     <span class='ocr_line' id='line_1_3' title="bbox 66 548 1341 622; baseline -0.015 -9.189"><span class='ocrx_word' id='word_1_5' title='bbox 66 566 286 613; x_wconf 68' lang='lat' dir='ltr'><strong>‘&#39;&#39;.Athen</strong></span> <span class='ocrx_word' id='word_1_6' title='bbox 306 564 503 622; x_wconf 82' lang='grc' dir='ltr'><strong>ΧΙΙΙ,Ρ.</strong></span> <span class='ocrx_word' id='word_1_7' title='bbox 524 560 637 619; x_wconf 86' lang='grc'>609,</span> <span class='ocrx_word' id='word_1_8' title='bbox 657 560 733 603; x_wconf 90' lang='lat' dir='ltr'><strong>A.</strong></span> <span class='ocrx_word' id='word_1_9' title='bbox 753 554 857 603; x_wconf 84' lang='grc' dir='ltr'>Ἐπὶ</span> <span class='ocrx_word' id='word_1_10' title='bbox 875 553 1027 601; x_wconf 83' lang='grc' dir='ltr'>κάλλει</span> <span class='ocrx_word' id='word_1_11' title='bbox 1045 551 1122 599; x_wconf 82' lang='grc' dir='ltr'><strong>δὲ..</strong></span> <span class='ocrx_word' id='word_1_12' title='bbox 1131 548 1341 607; x_wconf 59' lang='grc' dir='ltr'>,διαδόψ</span> 
     </span>
     <span class='ocr_line' id='line_1_4' title="bbox 57 621 1342 711; baseline -0.014 -26"><span class='ocrx_word' id='word_1_13' title='bbox 57 655 123 690; x_wconf 72' lang='grc' dir='ltr'><strong>τοι</strong></span> <span class='ocrx_word' id='word_1_14' title='bbox 138 634 340 700; x_wconf 83' lang='grc' dir='ltr'>γεγόνασι</span> <span class='ocrx_word' id='word_1_15' title='bbox 363 635 583 697; x_wconf 82' lang='grc' dir='ltr'>γυναῖκες,</span> <span class='ocrx_word' id='word_1_16' title='bbox 604 627 836 694; x_wconf 84' lang='grc' dir='ltr'>Θαργηλία</span> <span class='ocrx_word' id='word_1_17' title='bbox 865 630 892 684; x_wconf 83' lang='grc' dir='ltr'>ἡ</span> <span class='ocrx_word' id='word_1_18' title='bbox 915 623 1137 683; x_wconf 86' lang='grc' dir='ltr'>Μιλησία,</span> <span class='ocrx_word' id='word_1_19' title='bbox 1152 622 1276 711; x_wconf 59' lang='lat' dir='ltr'><strong>{51:th</strong></span> <span class='ocrx_word' id='word_1_20' title='bbox 1267 621 1342 668; x_wconf 74' lang='grc' dir='ltr'><strong>καὶ</strong></span> 
     </span>
     <span class='ocr_line' id='line_1_5' title="bbox 56 685 1344 781; baseline -0.016 -22"><span class='ocrx_word' id='word_1_21' title='bbox 56 704 444 781; x_wconf 61' lang='grc' dir='ltr'>πσσαρεσκαίδεκα</span> <span class='ocrx_word' id='word_1_22' title='bbox 469 701 670 767; x_wconf 81' lang='grc' dir='ltr'>ἀνδράσιν</span> <span class='ocrx_word' id='word_1_23' title='bbox 692 699 915 764; x_wconf 81' lang='grc' dir='ltr'>ἐγαμήθη,</span> <span class='ocrx_word' id='word_1_24' title='bbox 941 689 1049 745; x_wconf 86' lang='grc' dir='ltr'>ουσα</span> <span class='ocrx_word' id='word_1_25' title='bbox 1066 695 1139 743; x_wconf 82' lang='grc' dir='ltr'><strong>καὶ</strong></span> <span class='ocrx_word' id='word_1_26' title='bbox 1164 694 1211 741; x_wconf 85' lang='grc' dir='ltr'><strong>τὸ</strong></span> <span class='ocrx_word' id='word_1_27' title='bbox 1237 685 1344 748; x_wconf 82' lang='grc' dir='ltr'>εἶδος</span> 
     </span>
     <span class='ocr_line' id='line_1_6' title="bbox 57 765 1340 841; baseline -0.014 -11"><span class='ocrx_word' id='word_1_28' title='bbox 57 765 170 835; x_wconf 64' lang='grc' dir='ltr'>πάνυ</span> <span class='ocrx_word' id='word_1_29' title='bbox 192 779 304 836; x_wconf 80' lang='grc' dir='ltr'>καλὴ</span> <span class='ocrx_word' id='word_1_30' title='bbox 330 797 403 825; x_wconf 86' lang='grc' dir='ltr'><strong>και</strong></span> <span class='ocrx_word' id='word_1_31' title='bbox 424 774 561 841; x_wconf 77' lang='grc' dir='ltr'>σοφὴ,</span> <span class='ocrx_word' id='word_1_32' title='bbox 585 772 647 827; x_wconf 78' lang='grc' dir='ltr'><strong>ὥς</strong></span> <span class='ocrx_word' id='word_1_33' title='bbox 662 791 790 838; x_wconf 87' lang='grc' dir='ltr'>φησιν</span> <span class='ocrx_word' id='word_1_34' title='bbox 813 770 985 824; x_wconf 84' lang='grc' dir='ltr'>Ἱππίας</span> <span class='ocrx_word' id='word_1_35' title='bbox 1009 772 1031 816; x_wconf 86' lang='grc' dir='ltr'>ὃ</span> <span class='ocrx_word' id='word_1_36' title='bbox 1064 765 1264 834; x_wconf 75' lang='grc' dir='ltr'>σοφιστὴς</span> <span class='ocrx_word' id='word_1_37' title='bbox 1297 767 1340 813; x_wconf 83' lang='grc' dir='ltr'>ἐν</span> 
     </span>
     <span class='ocr_line' id='line_1_7' title="bbox 54 844 885 922; baseline -0.015 -21"><span class='ocrx_word' id='word_1_38' title='bbox 54 854 125 922; x_wconf 53' lang='lat' dir='ltr'><strong>aff»</strong></span> <span class='ocrx_word' id='word_1_39' title='bbox 145 846 554 916; x_wconf 80' lang='grc' dir='ltr'>ἐπιγραφομένῳ</span> <span class='ocrx_word' id='word_1_40' title='bbox 575 844 885 910; x_wconf 86' lang='grc' dir='ltr'>Συναγωγή.</span> 
     </span>
    </p>

    <p class='ocr_par' dir='ltr' id='par_1_4' title="bbox 53 917 1346 983">
     <span class='ocr_line' id='line_1_8' title="bbox 53 917 1346 983; baseline -0.009 -13"><span class='ocrx_word' id='word_1_41' title='bbox 53 927 62 970; x_wconf 76' lang='lat' dir='ltr'><strong>s·</strong></span> <span class='ocrx_word' id='word_1_42' title='bbox 119 928 326 974; x_wconf 88' lang='lat' dir='ltr'><strong>Osannus</strong></span> <span class='ocrx_word' id='word_1_43' title='bbox 344 924 601 983; x_wconf 80' lang='lat' dir='ltr'><strong>suspicatur</strong></span> <span class='ocrx_word' id='word_1_44' title='bbox 623 921 807 980; x_wconf 83' lang='lat' dir='ltr'><strong>Hippiae</strong></span> <span class='ocrx_word' id='word_1_45' title='bbox 832 919 890 964; x_wconf 91' lang='lat' dir='ltr'><strong>de</strong></span> <span class='ocrx_word' id='word_1_46' title='bbox 923 917 1166 978; x_wconf 84' lang='lat' dir='ltr'><strong>Thargelia</strong></span> <span class='ocrx_word' id='word_1_47' title='bbox 1183 930 1346 960; x_wconf 87' lang='lat' dir='ltr'><strong>narra·</strong></span> 
     </span>
    </p>
   </div>
   <div class='ocr_carea' id='block_1_3' title="bbox 48 989 1349 1122">
    <p class='ocr_par' dir='ltr' id='par_1_5' title="bbox 48 989 1349 1122">
     <span class='ocr_line' id='line_1_9' title="bbox 49 989 1349 1078; baseline -0.012 -32.919"><span class='ocrx_word' id='word_1_48' title='bbox 49 1000 232 1078; x_wconf 61' lang='lat' dir='ltr'><strong>fiunem</strong></span> <span class='ocrx_word' id='word_1_49' title='bbox 243 997 421 1042; x_wconf 82' lang='lat' dir='ltr'><strong>fontem</strong></span> <span class='ocrx_word' id='word_1_50' title='bbox 436 995 571 1039; x_wconf 89' lang='lat' dir='ltr'><strong>fuisse</strong></span> <span class='ocrx_word' id='word_1_51' title='bbox 595 1009 786 1048; x_wconf 88' lang='lat' dir='ltr'><strong>eorum,</strong></span> <span class='ocrx_word' id='word_1_52' title='bbox 809 1007 911 1051; x_wconf 89' lang='lat' dir='ltr'><strong>quae</strong></span> <span class='ocrx_word' id='word_1_53' title='bbox 931 991 1079 1034; x_wconf 77' lang='lat' dir='ltr'><strong>serioi</strong></span> <span class='ocrx_word' id='word_1_54' title='bbox 1081 1004 1128 1033; x_wconf 87' lang='lat' dir='ltr'><strong>es</strong></span> <span class='ocrx_word' id='word_1_55' title='bbox 1151 989 1349 1048; x_wconf 88' lang='lat' dir='ltr'><strong>scripto-</strong></span> 
     </span>
     <span class='ocr_line' id='line_1_10' title="bbox 48 1035 1344 1122; baseline -0.011 -6"><span class='ocrx_word' id='word_1_56' title='bbox 48 1035 131 1122; x_wconf 62' lang='grc' dir='ltr'>εῧεε</span> <span class='ocrx_word' id='word_1_57' title='bbox 164 1069 223 1115; x_wconf 89' lang='lat' dir='ltr'><strong>de</strong></span> <span class='ocrx_word' id='word_1_58' title='bbox 264 1068 427 1113; x_wconf 87' lang='lat' dir='ltr'><strong>eadem</strong></span> <span class='ocrx_word' id='word_1_59' title='bbox 466 1067 662 1118; x_wconf 86' lang='lat' dir='ltr'><strong>muliere</strong></span> <span class='ocrx_word' id='word_1_60' title='bbox 701 1064 987 1109; x_wconf 77' lang='lat' dir='ltr'><strong>fabulantur.</strong></span> <span class='ocrx_word' id='word_1_61' title='bbox 1012 1062 1068 1107; x_wconf 89' lang='lat' dir='ltr'><strong>V.</strong></span> <span class='ocrx_word' id='word_1_62' title='bbox 1106 1060 1344 1106; x_wconf 80' lang='lat' dir='ltr'><strong>Plutarch.</strong></span> 
     </span>
    </p>
   </div>
   <div class='ocr_carea' id='block_1_4' title="bbox 39 1131 1350 1634">
    <p class='ocr_par' dir='ltr' id='par_1_6' title="bbox 39 1131 1350 1634">
     <span class='ocr_line' id='line_1_11' title="bbox 48 1131 1350 1198; baseline -0.012 -9"><span class='ocrx_word' id='word_1_63' title='bbox 48 1131 220 1191; x_wconf 60' lang='lat' dir='ltr'><strong>Pericl.</strong></span> <span class='ocrx_word' id='word_1_64' title='bbox 240 1156 279 1186; x_wconf 92' lang='lat' dir='ltr'><strong>c.</strong></span> <span class='ocrx_word' id='word_1_65' title='bbox 304 1145 391 1197; x_wconf 79' lang='lat'><strong>243</strong></span> <span class='ocrx_word' id='word_1_66' title='bbox 413 1142 646 1198; x_wconf 82' lang='lat' dir='ltr'><strong>Anonym.</strong></span> <span class='ocrx_word' id='word_1_67' title='bbox 673 1139 743 1183; x_wconf 92' lang='lat' dir='ltr'><strong>De</strong></span> <span class='ocrx_word' id='word_1_68' title='bbox 763 1137 950 1181; x_wconf 77' lang='lat' dir='ltr'><strong>muliel.</strong></span> <span class='ocrx_word' id='word_1_69' title='bbox 974 1135 1024 1178; x_wconf 91' lang='lat' dir='ltr'><strong>in</strong></span> <span class='ocrx_word' id='word_1_70' title='bbox 1047 1134 1170 1178; x_wconf 83' lang='lat' dir='ltr'><strong>Bibl.</strong></span> <span class='ocrx_word' id='word_1_71' title='bbox 1183 1131 1232 1189; x_wconf 80' lang='lat' dir='ltr'><strong>f.</strong></span> <span class='ocrx_word' id='word_1_72' title='bbox 1254 1133 1350 1176; x_wconf 82' lang='lat' dir='ltr'><strong>alte</strong></span> 
     </span>
     <span class='ocr_line' id='line_1_12' title="bbox 45 1205 1349 1272; baseline -0.013 -7"><span class='ocrx_word' id='word_1_73' title='bbox 45 1210 114 1265; x_wconf 61' lang='grc' dir='ltr'><strong>ῨΚ.</strong></span> <span class='ocrx_word' id='word_1_74' title='bbox 157 1231 201 1262; x_wconf 83' lang='grc' dir='ltr'><strong>ιι.</strong></span> <span class='ocrx_word' id='word_1_75' title='bbox 256 1214 338 1262; x_wconf 91' lang='lat' dir='ltr'><strong>W.</strong></span> <span class='ocrx_word' id='word_1_76' title='bbox 387 1214 442 1269; x_wconf 94' lang='lat'><strong>6,</strong></span> <span class='ocrx_word' id='word_1_77' title='bbox 489 1228 538 1272; x_wconf 91' lang='lat' dir='ltr'><strong>p.</strong></span> <span class='ocrx_word' id='word_1_78' title='bbox 583 1226 644 1256; x_wconf 88' lang='grc'><strong>22</strong></span> <span class='ocrx_word' id='word_1_79' title='bbox 696 1208 1070 1271; x_wconf 83' lang='lat' dir='ltr'><strong>(Westermann.</strong></span> <span class='ocrx_word' id='word_1_80' title='bbox 1118 1205 1349 1251; x_wconf 86' lang='lat' dir='ltr'><strong>Paradox.</strong></span> 
     </span>
     <span class='ocr_line' id='line_1_13' title="bbox 53 1277 1348 1351; baseline -0.011 -18"><span class='ocrx_word' id='word_1_81' title='bbox 53 1287 106 1351; x_wconf 66' lang='lat' dir='ltr'><strong>j).</strong></span> <span class='ocrx_word' id='word_1_82' title='bbox 133 1284 282 1348; x_wconf 81' lang='lat'><strong>217);</strong></span> <span class='ocrx_word' id='word_1_83' title='bbox 309 1286 502 1331; x_wconf 87' lang='lat' dir='ltr'><strong>Lucian.</strong></span> <span class='ocrx_word' id='word_1_84' title='bbox 529 1284 742 1329; x_wconf 89' lang='lat' dir='ltr'><strong>Eunuch.</strong></span> <span class='ocrx_word' id='word_1_85' title='bbox 773 1298 815 1328; x_wconf 92' lang='lat' dir='ltr'><strong>c.</strong></span> <span class='ocrx_word' id='word_1_86' title='bbox 850 1297 904 1338; x_wconf 84' lang='lat'><strong>73</strong></span> <span class='ocrx_word' id='word_1_87' title='bbox 933 1279 1119 1335; x_wconf 85' lang='lat' dir='ltr'><strong>Suidas‚</strong></span> <span class='ocrx_word' id='word_1_88' title='bbox 1146 1277 1348 1336; x_wconf 86' lang='lat' dir='ltr'><strong>Hesych.</strong></span> 
     </span>
     <span class='ocr_line' id='line_1_14' title="bbox 42 1350 1348 1420; baseline -0.013 -13"><span class='ocrx_word' id='word_1_89' title='bbox 42 1355 206 1420; x_wconf 68' lang='lat' dir='ltr'><strong>‘Etym</strong></span> <span class='ocrx_word' id='word_1_90' title='bbox 229 1357 290 1403; x_wconf 90' lang='lat' dir='ltr'><strong>M.</strong></span> <span class='ocrx_word' id='word_1_91' title='bbox 313 1373 362 1404; x_wconf 86' lang='lat' dir='ltr'><strong>v.</strong></span> <span class='ocrx_word' id='word_1_92' title='bbox 390 1353 650 1419; x_wconf 74' lang='grc' dir='ltr'>Θαργήλια,</span> <span class='ocrx_word' id='word_1_93' title='bbox 692 1353 893 1399; x_wconf 87' lang='lat' dir='ltr'><strong>AEchinis</strong></span> <span class='ocrx_word' id='word_1_94' title='bbox 916 1354 1094 1398; x_wconf 88' lang='lat' dir='ltr'><strong>Socrat.</strong></span> <span class='ocrx_word' id='word_1_95' title='bbox 1136 1350 1348 1408; x_wconf 81' lang='lat' dir='ltr'><strong>dialogus</strong></span> 
     </span>
     <span class='ocr_line' id='line_1_15' title="bbox 56 1423 1346 1494; baseline -0.011 -16"><span class='ocrx_word' id='word_1_96' title='bbox 56 1426 224 1494; x_wconf 76' lang='grc' dir='ltr'>Περὶτ.</span> <span class='ocrx_word' id='word_1_97' title='bbox 246 1429 392 1493; x_wconf 90' lang='grc' dir='ltr'>Θαργ.</span> <span class='ocrx_word' id='word_1_98' title='bbox 418 1444 488 1489; x_wconf 89' lang='lat' dir='ltr'><strong>ap.</strong></span> <span class='ocrx_word' id='word_1_99' title='bbox 509 1429 771 1473; x_wconf 89' lang='lat' dir='ltr'><strong>Philostrat.</strong></span> <span class='ocrx_word' id='word_1_100' title='bbox 804 1429 857 1473; x_wconf 94' lang='lat' dir='ltr'><strong>V.</strong></span> <span class='ocrx_word' id='word_1_101' title='bbox 885 1426 930 1472; x_wconf 93' lang='lat' dir='ltr'><strong>S.</strong></span> <span class='ocrx_word' id='word_1_102' title='bbox 970 1441 1022 1484; x_wconf 88' lang='grc' dir='ltr'><strong>Ρ.</strong></span> <span class='ocrx_word' id='word_1_103' title='bbox 1054 1439 1168 1484; x_wconf 77' lang='grc'><strong>919,</strong></span> <span class='ocrx_word' id='word_1_104' title='bbox 1205 1423 1346 1480; x_wconf 84' lang='lat' dir='ltr'><strong>Diog.</strong></span> 
     </span>
     <span class='ocr_line' id='line_1_16' title="bbox 39 1498 1343 1561; baseline -0.011 -11"><span class='ocrx_word' id='word_1_105' title='bbox 39 1505 112 1552; x_wconf 70' lang='lat' dir='ltr'><strong>l«.</strong></span> <span class='ocrx_word' id='word_1_106' title='bbox 151 1506 220 1560; x_wconf 90' lang='lat' dir='ltr'><strong>II,</strong></span> <span class='ocrx_word' id='word_1_107' title='bbox 261 1519 306 1561; x_wconf 91' lang='lat'><strong>7,</strong></span> <span class='ocrx_word' id='word_1_108' title='bbox 358 1502 407 1559; x_wconf 87' lang='lat'><strong>3,</strong></span> <span class='ocrx_word' id='word_1_109' title='bbox 448 1502 508 1546; x_wconf 90' lang='lat' dir='ltr'><strong>de</strong></span> <span class='ocrx_word' id='word_1_110' title='bbox 543 1517 637 1561; x_wconf 92' lang='lat' dir='ltr'><strong>quo</strong></span> <span class='ocrx_word' id='word_1_111' title='bbox 673 1501 808 1560; x_wconf 87' lang='lat' dir='ltr'><strong>plura</strong></span> <span class='ocrx_word' id='word_1_112' title='bbox 843 1515 890 1546; x_wconf 89' lang='lat' dir='ltr'><strong>v.</strong></span> <span class='ocrx_word' id='word_1_113' title='bbox 947 1514 1025 1557; x_wconf 89' lang='lat' dir='ltr'><strong>ap.</strong></span> <span class='ocrx_word' id='word_1_114' title='bbox 1074 1498 1246 1543; x_wconf 81' lang='lat' dir='ltr'><strong>Osann,</strong></span> <span class='ocrx_word' id='word_1_115' title='bbox 1289 1509 1343 1552; x_wconf 86' lang='lat' dir='ltr'><strong>p.</strong></span> 
     </span>
     <span class='ocr_line' id='line_1_17' title="bbox 61 1573 1322 1634; baseline -0.011 -12"><span class='ocrx_word' id='word_1_116' title='bbox 61 1573 154 1628; x_wconf 76' lang='grc'><strong>504</strong></span> <span class='ocrx_word' id='word_1_117' title='bbox 180 1590 252 1634; x_wconf 86' lang='lat' dir='ltr'><strong>sq.</strong></span> <span class='ocrx_word' id='word_1_118' title='bbox 1317 1582 1322 1589; x_wconf 90' lang='lat'>·</span> 
     </span>
    </p>
   </div>
   <div class='ocr_carea' id='block_1_5' title="bbox 0 0 61 1029">
    <p class='ocr_par' dir='ltr' id='par_1_7' title="bbox 0 0 61 1029">
     <span class='ocr_line' id='line_1_18' title="bbox 0 0 61 1029; baseline 0 0"><span class='ocrx_word' id='word_1_119' title='bbox 0 0 61 1029; x_wconf 95' lang='lat' dir='ltr'><strong>    </strong></span> 
     </span>
    </p>
   </div>
   <div class='ocr_carea' id='block_1_6' title="bbox 561 1676 865 1697">
    <p class='ocr_par' dir='ltr' id='par_1_8' title="bbox 561 1676 865 1697">
     <span class='ocr_line' id='line_1_19' title="bbox 561 1676 865 1697; baseline 0 -4"><span class='ocrx_word' id='word_1_120' title='bbox 561 1676 865 1697; x_wconf 57' lang='lat' dir='ltr'><strong>—w</strong></span> 
     </span>
    </p>
   </div>
   <div class='ocr_carea' id='block_1_7' title="bbox 259 1792 1146 1947">
    <p class='ocr_par' dir='ltr' id='par_1_9' title="bbox 259 1792 1146 1947">
     <span class='ocr_line' id='line_1_20' title="bbox 259 1792 1146 1846; baseline -0.009 -1"><span class='ocrx_word' id='word_1_121' title='bbox 259 1795 752 1846; x_wconf 84' lang='grc' dir='ltr'>ΟΛΥΜΠΙΟΝΙΚΩΝ</span> <span class='ocrx_word' id='word_1_122' title='bbox 785 1792 1146 1841; x_wconf 81' lang='grc' dir='ltr'><strong>ΑΝΑΓΡΑΦΗ.</strong></span> 
     </span>
     <span class='ocr_line' id='line_1_21' title="bbox 681 1919 726 1947; baseline -0.022 0"><span class='ocrx_word' id='word_1_123' title='bbox 681 1919 726 1947; x_wconf 88' lang='grc'><strong>2.</strong></span> 
     </span>
    </p>
   </div>
   <div class='ocr_carea' id='block_1_8' title="bbox 0 2005 1358 2872">
    <p class='ocr_par' dir='ltr' id='par_1_10' title="bbox 0 2005 1358 2872">
     <span class='ocr_line' id='line_1_22' title="bbox 53 2005 1353 2070; baseline -0.006 -10"><span class='ocrx_word' id='word_1_124' title='bbox 53 2047 56 2050; x_wconf 62' lang='grc'><strong><em>«</em></strong></span> <span class='ocrx_word' id='word_1_125' title='bbox 123 2014 355 2060; x_wconf 82' lang='lat' dir='ltr'><strong>Plutarch.</strong></span> <span class='ocrx_word' id='word_1_126' title='bbox 375 2015 527 2058; x_wconf 90' lang='lat' dir='ltr'><strong>Numa</strong></span> <span class='ocrx_word' id='word_1_127' title='bbox 545 2028 584 2059; x_wconf 87' lang='lat' dir='ltr'><strong>e.</strong></span> <span class='ocrx_word' id='word_1_128' title='bbox 613 2028 632 2056; x_wconf 91' lang='lat'>1</span> <span class='ocrx_word' id='word_1_129' title='bbox 671 2028 680 2056; x_wconf 92' lang='lat'><strong>:</strong></span> <span class='ocrx_word' id='word_1_130' title='bbox 704 2011 803 2057; x_wconf 86' lang='grc' dir='ltr'><strong>Τῶν</strong></span> <span class='ocrx_word' id='word_1_131' title='bbox 833 2008 1241 2070; x_wconf 79' lang='grc' dir='ltr'>Ὀλυμπιονικῶν...</span> <span class='ocrx_word' id='word_1_132' title='bbox 1277 2005 1353 2060; x_wconf 79' lang='grc' dir='ltr'>τὴν</span> 
     </span>
     <span class='ocr_line' id='line_1_23' title="bbox 61 2079 1352 2150; baseline -0.008 -16"><span class='ocrx_word' id='word_1_133' title='bbox 61 2083 309 2150; x_wconf 75' lang='grc' dir='ltr'>ἀναγραφὴν</span> <span class='ocrx_word' id='word_1_134' title='bbox 333 2083 409 2150; x_wconf 75' lang='grc' dir='ltr'><strong>ὀψὲ</strong></span> <span class='ocrx_word' id='word_1_135' title='bbox 430 2082 558 2149; x_wconf 80' lang='grc' dir='ltr'>φασὶν</span> <span class='ocrx_word' id='word_1_136' title='bbox 594 2081 772 2131; x_wconf 65' lang='grc' dir='ltr'>Ἱππίαν</span> <span class='ocrx_word' id='word_1_137' title='bbox 810 2082 1006 2129; x_wconf 73' lang='grc' dir='ltr'>ἐκδοῦναι</span> <span class='ocrx_word' id='word_1_138' title='bbox 1041 2079 1114 2127; x_wconf 74' lang='grc' dir='ltr'>τὸν</span> <span class='ocrx_word' id='word_1_139' title='bbox 1140 2079 1352 2138; x_wconf 83' lang='grc' dir='ltr'>·Ἢλεῖον,</span> 
     </span>
     <span class='ocr_line' id='line_1_24' title="bbox 61 2151 1145 2221; baseline -0.006 -15"><span class='ocrx_word' id='word_1_140' title='bbox 61 2157 136 2218; x_wconf 70' lang='grc' dir='ltr'>ἀπ’</span> <span class='ocrx_word' id='word_1_141' title='bbox 157 2156 320 2211; x_wconf 75' lang='grc' dir='ltr'>οὐδενὸς</span> <span class='ocrx_word' id='word_1_142' title='bbox 339 2155 586 2221; x_wconf 80' lang='grc' dir='ltr'>ὁρμώμενον</span> <span class='ocrx_word' id='word_1_143' title='bbox 611 2153 846 2218; x_wconf 84' lang='grc' dir='ltr'>ἀναγκαίου</span> <span class='ocrx_word' id='word_1_144' title='bbox 866 2152 970 2217; x_wconf 86' lang='grc' dir='ltr'>πρὸς</span> <span class='ocrx_word' id='word_1_145' title='bbox 987 2151 1145 2199; x_wconf 90' lang='grc' dir='ltr'>πίστιν.</span> 
     </span>
     <span class='ocr_line' id='line_1_25' title="bbox 125 2227 1351 2293; baseline -0.007 -14"><span class='ocrx_word' id='word_1_146' title='bbox 125 2229 323 2293; x_wconf 84' lang='grc' dir='ltr'>Ἠλεῖον]</span> <span class='ocrx_word' id='word_1_147' title='bbox 352 2227 509 2287; x_wconf 80' lang='grc' dir='ltr'>Δήλιον</span> <span class='ocrx_word' id='word_1_148' title='bbox 544 2231 695 2274; x_wconf 84' lang='lat' dir='ltr'><strong>voluit</strong></span> <span class='ocrx_word' id='word_1_149' title='bbox 728 2227 1029 2283; x_wconf 88' lang='lat' dir='ltr'><strong>Meziriacus‚</strong></span> <span class='ocrx_word' id='word_1_150' title='bbox 1071 2228 1167 2271; x_wconf 91' lang='lat' dir='ltr'><strong>sine</strong></span> <span class='ocrx_word' id='word_1_151' title='bbox 1202 2242 1351 2271; x_wconf 85' lang='lat' dir='ltr'><strong>causa.</strong></span> 
     </span>
     <span class='ocr_line' id='line_1_26' title="bbox 61 2296 1356 2367; baseline -0.006 -17"><span class='ocrx_word' id='word_1_152' title='bbox 61 2306 283 2367; x_wconf 76' lang='lat' dir='ltr'><strong>Agnoscis</strong></span> <span class='ocrx_word' id='word_1_153' title='bbox 318 2296 553 2348; x_wconf 84' lang='lat' dir='ltr'><strong>levitatem</strong></span> <span class='ocrx_word' id='word_1_154' title='bbox 572 2303 802 2361; x_wconf 75' lang='lat' dir='ltr'><strong>sophistae.</strong></span> <span class='ocrx_word' id='word_1_155' title='bbox 830 2304 902 2346; x_wconf 93' lang='lat' dir='ltr'><strong>De</strong></span> <span class='ocrx_word' id='word_1_156' title='bbox 937 2300 1356 2345; x_wconf 80' lang='lat' dir='ltr'><strong>declamationibus</strong></span> 
     </span>
     <span class='ocr_line' id='line_1_27' title="bbox 61 2373 1353 2437; baseline -0.006 -14"><span class='ocrx_word' id='word_1_157' title='bbox 61 2378 244 2437; x_wconf 79' lang='lat' dir='ltr'><strong>Hippiae</strong></span> <span class='ocrx_word' id='word_1_158' title='bbox 268 2377 521 2436; x_wconf 84' lang='lat' dir='ltr'><strong>Olympicis</strong></span> <span class='ocrx_word' id='word_1_159' title='bbox 542 2391 589 2419; x_wconf 84' lang='lat' dir='ltr'><strong>v.</strong></span> <span class='ocrx_word' id='word_1_160' title='bbox 621 2375 804 2418; x_wconf 87' lang='lat' dir='ltr'><strong>Platon.</strong></span> <span class='ocrx_word' id='word_1_161' title='bbox 833 2375 943 2432; x_wconf 90' lang='lat' dir='ltr'><strong>Hip.</strong></span> <span class='ocrx_word' id='word_1_162' title='bbox 969 2374 1084 2416; x_wconf 90' lang='lat' dir='ltr'><strong>min.</strong></span> <span class='ocrx_word' id='word_1_163' title='bbox 1105 2373 1228 2428; x_wconf 63' lang='lat' dir='ltr'><strong>init„</strong></span> <span class='ocrx_word' id='word_1_164' title='bbox 1253 2374 1353 2416; x_wconf 86' lang='lat' dir='ltr'><strong>Lu·-</strong></span> 
     </span>
     <span class='ocr_line' id='line_1_28' title="bbox 0 2446 1355 2502; baseline -0.003 -8"><span class='ocrx_word' id='word_1_165' title='bbox 0 2459 3 2483; x_wconf 65' lang='lat' dir='ltr'><strong><em>f</em></strong></span> <span class='ocrx_word' id='word_1_166' title='bbox 62 2450 183 2494; x_wconf 80' lang='lat' dir='ltr'><strong>cian.</strong></span> <span class='ocrx_word' id='word_1_167' title='bbox 210 2448 442 2493; x_wconf 90' lang='lat' dir='ltr'><strong>Herodot.</strong></span> <span class='ocrx_word' id='word_1_168' title='bbox 478 2463 522 2492; x_wconf 85' lang='lat' dir='ltr'><strong>c.</strong></span> <span class='ocrx_word' id='word_1_169' title='bbox 561 2447 606 2492; x_wconf 86' lang='lat'><strong>3.</strong></span> <span class='ocrx_word' id='word_1_170' title='bbox 634 2446 806 2492; x_wconf 89' lang='lat' dir='ltr'><strong>Confer</strong></span> <span class='ocrx_word' id='word_1_171' title='bbox 833 2447 971 2490; x_wconf 85' lang='lat' dir='ltr'><strong>etiam</strong></span> <span class='ocrx_word' id='word_1_172' title='bbox 994 2446 1264 2489; x_wconf 85' lang='lat' dir='ltr'><strong>Pausaniam</strong></span> <span class='ocrx_word' id='word_1_173' title='bbox 1291 2448 1355 2502; x_wconf 87' lang='lat' dir='ltr'><strong>V,</strong></span> 
     </span>
     <span class='ocr_line' id='line_1_29' title="bbox 0 2514 1354 2579; baseline -0.004 -12"><span class='ocrx_word' id='word_1_174' title='bbox 0 2514 1 2548; x_wconf 35' lang='grc' dir='ltr'><strong>ἶ</strong></span> <span class='ocrx_word' id='word_1_175' title='bbox 63 2529 151 2577; x_wconf 70' lang='grc'><strong>24,</strong></span> <span class='ocrx_word' id='word_1_176' title='bbox 176 2521 256 2565; x_wconf 86' lang='lat' dir='ltr'><strong>ubi</strong></span> <span class='ocrx_word' id='word_1_177' title='bbox 287 2521 498 2579; x_wconf 88' lang='lat' dir='ltr'><strong>loquitur</strong></span> <span class='ocrx_word' id='word_1_178' title='bbox 522 2519 634 2564; x_wconf 72' lang='lat' dir='ltr'><strong>des</strong></span> <span class='ocrx_word' id='word_1_179' title='bbox 614 2520 752 2579; x_wconf 84' lang='lat' dir='ltr'><strong>signis</strong></span> <span class='ocrx_word' id='word_1_180' title='bbox 776 2519 908 2563; x_wconf 86' lang='lat' dir='ltr'><strong>chori</strong></span> <span class='ocrx_word' id='word_1_181' title='bbox 938 2533 1224 2577; x_wconf 77' lang='lat' dir='ltr'><strong>pueroium,</strong></span> <span class='ocrx_word' id='word_1_182' title='bbox 1252 2534 1354 2576; x_wconf 85' lang='lat' dir='ltr'><strong>quae</strong></span> 
     </span>
     <span class='ocr_line' id='line_1_30' title="bbox 61 2586 1356 2652; baseline -0.004 -13"><span class='ocrx_word' id='word_1_183' title='bbox 61 2594 272 2639; x_wconf 85' lang='lat' dir='ltr'><strong>Messenii</strong></span> <span class='ocrx_word' id='word_1_184' title='bbox 291 2593 503 2652; x_wconf 84' lang='lat' dir='ltr'><strong>naufragi</strong></span> <span class='ocrx_word' id='word_1_185' title='bbox 517 2600 804 2652; x_wconf 80' lang='lat' dir='ltr'><strong>posuerant.</strong></span> <span class='ocrx_word' id='word_1_186' title='bbox 828 2588 894 2637; x_wconf 73' lang='lat' dir='ltr'><strong>&#39;lb</strong></span> <span class='ocrx_word' id='word_1_187' title='bbox 917 2587 993 2650; x_wconf 80' lang='grc' dir='ltr'><strong>μὲν</strong></span> <span class='ocrx_word' id='word_1_188' title='bbox 1021 2586 1116 2646; x_wconf 79' lang='grc' dir='ltr'><strong>δὴ’</strong></span> <span class='ocrx_word' id='word_1_189' title='bbox 1098 2587 1356 2650; x_wconf 87' lang='grc' dir='ltr'>επίγραμμα</span> 
     </span>
     <span class='ocr_line' id='line_1_31' title="bbox 37 2659 1357 2728; baseline -0.004 -17"><span class='ocrx_word' id='word_1_190' title='bbox 37 2662 214 2721; x_wconf 60' lang='grc' dir='ltr'>’ἐδήλου</span> <span class='ocrx_word' id='word_1_191' title='bbox 238 2662 287 2710; x_wconf 82' lang='grc' dir='ltr'><strong>τὸ</strong></span> <span class='ocrx_word' id='word_1_192' title='bbox 325 2665 526 2728; x_wconf 86' lang='grc' dir='ltr'>ἀρχαῖον,</span> <span class='ocrx_word' id='word_1_193' title='bbox 558 2661 815 2724; x_wconf 84' lang='grc' dir='ltr'>ἀναθήματα</span> <span class='ocrx_word' id='word_1_194' title='bbox 845 2666 954 2708; x_wconf 86' lang='grc' dir='ltr'>εἰναι</span> <span class='ocrx_word' id='word_1_195' title='bbox 983 2663 1068 2708; x_wconf 87' lang='grc' dir='ltr'>τῶν</span> <span class='ocrx_word' id='word_1_196' title='bbox 1102 2663 1144 2707; x_wconf 84' lang='grc' dir='ltr'>ἐν</span> <span class='ocrx_word' id='word_1_197' title='bbox 1177 2659 1357 2726; x_wconf 87' lang='grc' dir='ltr'>πόρθμῳ</span> 
     </span>
     <span class='ocr_line' id='line_1_32' title="bbox 65 2732 1358 2800; baseline -0.003 -17"><span class='ocrx_word' id='word_1_198' title='bbox 65 2734 346 2793; x_wconf 86' lang='grc' dir='ltr'>Μεσσηνίων·</span> <span class='ocrx_word' id='word_1_199' title='bbox 381 2733 524 2800; x_wconf 84' lang='grc' dir='ltr'>χρόνῳ</span> <span class='ocrx_word' id='word_1_200' title='bbox 551 2733 595 2781; x_wconf 85' lang='grc' dir='ltr'><strong>δὲ</strong></span> <span class='ocrx_word' id='word_1_201' title='bbox 630 2732 807 2798; x_wconf 82' lang='grc' dir='ltr'>ὕστερον</span> <span class='ocrx_word' id='word_1_202' title='bbox 832 2732 1049 2786; x_wconf 86' lang='grc' dir='ltr'>Ἱππίας</span> <span class='ocrx_word' id='word_1_203' title='bbox 1072 2735 1094 2779; x_wconf 84' lang='grc' dir='ltr'>ὁ</span> <span class='ocrx_word' id='word_1_204' title='bbox 1130 2733 1358 2796; x_wconf 90' lang='grc' dir='ltr'>λεγόμενος</span> 
     </span>
     <span class='ocr_line' id='line_1_33' title="bbox 65 2805 1357 2872; baseline -0.003 -17"><span class='ocrx_word' id='word_1_205' title='bbox 65 2806 147 2863; x_wconf 72' lang='grc' dir='ltr'><strong>ὕπο</strong></span> <span class='ocrx_word' id='word_1_206' title='bbox 181 2806 404 2863; x_wconf 80' lang='grc' dir='ltr'>Ἑλλήνων</span> <span class='ocrx_word' id='word_1_207' title='bbox 429 2825 556 2872; x_wconf 73' lang='grc' dir='ltr'>σοφος</span> <span class='ocrx_word' id='word_1_208' title='bbox 572 2842 585 2868; x_wconf 95' lang='grc'>,</span> <span class='ocrx_word' id='word_1_209' title='bbox 611 2805 674 2852; x_wconf 81' lang='grc' dir='ltr'><strong>τὰ</strong></span> <span class='ocrx_word' id='word_1_210' title='bbox 697 2807 910 2869; x_wconf 81' lang='grc' dir='ltr'>ἐλεγεῖα</span> <span class='ocrx_word' id='word_1_211' title='bbox 942 2807 1012 2853; x_wconf 82' lang='grc' dir='ltr'>ἐπ’</span> <span class='ocrx_word' id='word_1_212' title='bbox 1038 2806 1180 2859; x_wconf 78' lang='grc' dir='ltr'>αὐτοῖς</span> <span class='ocrx_word' id='word_1_213' title='bbox 1204 2805 1357 2864; x_wconf 82' lang='grc' dir='ltr'>ἐποίη-</span> 
     </span>
    </p>
   </div>
   <div class='ocr_carea' id='block_1_9' title="bbox 67 2878 772 2940">
    <p class='ocr_par' dir='ltr' id='par_1_11' title="bbox 67 2878 772 2940">
     <span class='ocr_line' id='line_1_34' title="bbox 67 2878 772 2940; baseline -0.003 -14"><span class='ocrx_word' id='word_1_214' title='bbox 67 2895 156 2929; x_wconf 82' lang='grc' dir='ltr'>σεν.</span> <span class='ocrx_word' id='word_1_215' title='bbox 182 2880 251 2926; x_wconf 86' lang='lat' dir='ltr'><strong>Cf.</strong></span> <span class='ocrx_word' id='word_1_216' title='bbox 278 2881 446 2927; x_wconf 87' lang='lat' dir='ltr'><strong>Osann.</strong></span> <span class='ocrx_word' id='word_1_217' title='bbox 471 2882 503 2925; x_wconf 95' lang='lat' dir='ltr'><strong>l.</strong></span> <span class='ocrx_word' id='word_1_218' title='bbox 527 2878 635 2940; x_wconf 51' lang='lat' dir='ltr'><strong>lyp.</strong></span> <span class='ocrx_word' id='word_1_219' title='bbox 660 2879 772 2940; x_wconf 83' lang='lat'><strong>498.</strong></span> 
     </span>
    </p>
   </div>
   <div class='ocr_carea' id='block_1_10' title="bbox 490 3017 893 3067">
    <p class='ocr_par' dir='ltr' id='par_1_12' title="bbox 490 3017 893 3067">
     <span class='ocr_line' id='line_1_35' title="bbox 490 3017 893 3067; baseline -0.002 0"><span class='ocrx_word' id='word_1_220' title='bbox 490 3053 494 3057; x_wconf 47' lang='grc'><strong>.</strong></span> <span class='ocrx_word' id='word_1_221' title='bbox 525 3017 893 3067; x_wconf 81' lang='lat' dir='ltr'><strong>COLLECTIO.</strong></span> 
     </span>
    </p>
   </div>
   <div class='ocr_carea' id='block_1_11' title="bbox 690 3121 730 3161">
    <p class='ocr_par' dir='ltr' id='par_1_13' title="bbox 690 3121 730 3161">
     <span class='ocr_line' id='line_1_36' title="bbox 690 3121 730 3161; baseline 0.025 -1"><span class='ocrx_word' id='word_1_222' title='bbox 690 3121 730 3161; x_wconf 79' lang='lat'><strong>1.</strong></span> 
     </span>
    </p>
   </div>
   <div class='ocr_carea' id='block_1_12' title="bbox 73 3177 1366 3443">
    <p class='ocr_par' dir='ltr' id='par_1_14' title="bbox 73 3177 1366 3443">
     <span class='ocr_line' id='line_1_37' title="bbox 123 3177 1366 3252; baseline 0 -10"><span class='ocrx_word' id='word_1_223' title='bbox 123 3200 186 3242; x_wconf 84' lang='lat' dir='ltr'><strong>ob</strong></span> <span class='ocrx_word' id='word_1_224' title='bbox 209 3177 344 3240; x_wconf 77' lang='lat' dir='ltr'><strong>formae</strong></span> <span class='ocrx_word' id='word_1_225' title='bbox 376 3201 545 3251; x_wconf 85' lang='lat' dir='ltr'><strong>speciem</strong></span> <span class='ocrx_word' id='word_1_226' title='bbox 573 3202 691 3242; x_wconf 84' lang='lat' dir='ltr'><strong>clarae</strong></span> <span class='ocrx_word' id='word_1_227' title='bbox 717 3202 904 3241; x_wconf 76' lang='lat' dir='ltr'><strong>mulieres</strong></span> <span class='ocrx_word' id='word_1_228' title='bbox 931 3202 1090 3241; x_wconf 85' lang='lat' dir='ltr'><strong>suerunt</strong></span> <span class='ocrx_word' id='word_1_229' title='bbox 1120 3217 1130 3241; x_wconf 76' lang='lat' dir='ltr'><em>z</em></span> <span class='ocrx_word' id='word_1_230' title='bbox 1159 3202 1366 3252; x_wconf 85' lang='lat' dir='ltr'><strong>Thargelia</strong></span> 
     </span>
     <span class='ocr_line' id='line_1_38' title="bbox 74 3263 1365 3315; baseline 0.001 -10"><span class='ocrx_word' id='word_1_231' title='bbox 74 3263 243 3314; x_wconf 75' lang='lat' dir='ltr'><strong>Milesia,</strong></span> <span class='ocrx_word' id='word_1_232' title='bbox 269 3275 360 3314; x_wconf 69' lang='lat' dir='ltr'><strong>quae</strong></span> <span class='ocrx_word' id='word_1_233' title='bbox 381 3266 697 3315; x_wconf 88' lang='lat' dir='ltr'><strong>quattuordecim</strong></span> <span class='ocrx_word' id='word_1_234' title='bbox 724 3266 819 3305; x_wconf 89' lang='lat' dir='ltr'><strong>viris</strong></span> <span class='ocrx_word' id='word_1_235' title='bbox 845 3266 999 3315; x_wconf 85' lang='lat' dir='ltr'><strong>nupsit,</strong></span> <span class='ocrx_word' id='word_1_236' title='bbox 1031 3266 1202 3306; x_wconf 84' lang='lat' dir='ltr'><strong>formosa</strong></span> <span class='ocrx_word' id='word_1_237' title='bbox 1226 3267 1365 3306; x_wconf 90' lang='lat' dir='ltr'><strong>admo-</strong></span> 
     </span>
     <span class='ocr_line' id='line_1_39' title="bbox 73 3327 1366 3443; baseline 0.002 -75"><span class='ocrx_word' id='word_1_238' title='bbox 73 3327 415 3443; x_wconf 48' lang='lat' dir='ltr'><strong>ffinrigtosollers,</strong></span> <span class='ocrx_word' id='word_1_239' title='bbox 436 3331 484 3368; x_wconf 89' lang='lat' dir='ltr'><strong>ut</strong></span> <span class='ocrx_word' id='word_1_240' title='bbox 504 3329 560 3370; x_wconf 88' lang='lat' dir='ltr'><strong>ait</strong></span> <span class='ocrx_word' id='word_1_241' title='bbox 586 3330 748 3381; x_wconf 86' lang='lat' dir='ltr'><strong>Hippias</strong></span> <span class='ocrx_word' id='word_1_242' title='bbox 766 3330 950 3380; x_wconf 84' lang='lat' dir='ltr'><strong>sophista</strong></span> <span class='ocrx_word' id='word_1_243' title='bbox 964 3328 1006 3368; x_wconf 81' lang='lat' dir='ltr'><strong>in&#39;</strong></span> <span class='ocrx_word' id='word_1_244' title='bbox 1028 3330 1130 3370; x_wconf 89' lang='lat' dir='ltr'><strong>libro</strong></span> <span class='ocrx_word' id='word_1_245' title='bbox 1152 3333 1366 3381; x_wconf 74' lang='lat' dir='ltr'><strong>Synaqoqe</strong></span> 
     </span>
    </p>
   </div>
   <div class='ocr_carea' id='block_1_13' title="bbox 578 3457 884 3478">
    <p class='ocr_par' dir='ltr' id='par_1_15' title="bbox 578 3457 884 3478">
     <span class='ocr_line' id='line_1_40' title="bbox 578 3457 884 3478; baseline 0 1150"><span class='ocrx_word' id='word_1_246' title='bbox 578 3457 884 3478; x_wconf 95' lang='lat' dir='ltr'><strong> </strong></span> 
     </span>
    </p>
   </div>
   <div class='ocr_carea' id='block_1_14' title="bbox 88 3514 1367 3752">
    <p class='ocr_par' dir='ltr' id='par_1_16' title="bbox 88 3514 1367 3752">
     <span class='ocr_line' id='line_1_41' title="bbox 166 3514 1200 3618; baseline 0 -28"><span class='ocrx_word' id='word_1_247' title='bbox 166 3615 168 3618; x_wconf 8' lang='lat' dir='ltr'>y</span> <span class='ocrx_word' id='word_1_248' title='bbox 228 3539 822 3602; x_wconf 19' lang='lat' dir='ltr'><strong>*OLYMP10N1CARUM</strong></span> <span class='ocrx_word' id='word_1_249' title='bbox 858 3514 1200 3591; x_wconf 79' lang='lat' dir='ltr'><strong>RECENSUS.</strong></span> 
     </span>
     <span class='ocr_line' id='line_1_42' title="bbox 88 3633 1367 3752; baseline 0.002 -15"><span class='ocrx_word' id='word_1_250' title='bbox 88 3747 92 3751; x_wconf 18' lang='grc' dir='ltr'><em>ῃ</em></span> <span class='ocrx_word' id='word_1_251' title='bbox 132 3675 491 3751; x_wconf 74' lang='lat' dir='ltr'><strong>Olympionicarum</strong></span> <span class='ocrx_word' id='word_1_252' title='bbox 517 3633 737 3740; x_wconf 74' lang='lat' dir='ltr'><strong>Recensu2m</strong></span> <span class='ocrx_word' id='word_1_253' title='bbox 753 3712 842 3740; x_wconf 90' lang='lat' dir='ltr'><strong>sero</strong></span> <span class='ocrx_word' id='word_1_254' title='bbox 858 3701 1019 3740; x_wconf 89' lang='lat' dir='ltr'><strong>demum</strong></span> <span class='ocrx_word' id='word_1_255' title='bbox 1047 3701 1161 3740; x_wconf 90' lang='lat' dir='ltr'><strong>aiunt</strong></span> <span class='ocrx_word' id='word_1_256' title='bbox 1184 3702 1367 3752; x_wconf 80' lang='lat' dir='ltr'><strong>Hippiam</strong></span> 
     </span>
    </p>
   </div>
   <div class='ocr_carea' id='block_1_15' title="bbox 83 3759 1368 3815">
    <p class='ocr_par' dir='ltr' id='par_1_17' title="bbox 83 3759 1368 3815">
     <span class='ocr_line' id='line_1_43' title="bbox 83 3759 1368 3815; baseline 0.004 -16"><span class='ocrx_word' id='word_1_257' title='bbox 83 3759 220 3802; x_wconf 83' lang='lat' dir='ltr'><strong>Eleum</strong></span> <span class='ocrx_word' id='word_1_258' title='bbox 249 3760 433 3813; x_wconf 76' lang='lat' dir='ltr'><strong>edidisse,</strong></span> <span class='ocrx_word' id='word_1_259' title='bbox 461 3763 580 3803; x_wconf 89' lang='lat' dir='ltr'><strong>nullis</strong></span> <span class='ocrx_word' id='word_1_260' title='bbox 605 3765 739 3804; x_wconf 87' lang='lat' dir='ltr'><strong>tamen</strong></span> <span class='ocrx_word' id='word_1_261' title='bbox 756 3764 900 3804; x_wconf 80' lang='lat' dir='ltr'><strong>fultum</strong></span> <span class='ocrx_word' id='word_1_262' title='bbox 916 3765 1159 3815; x_wconf 82' lang='lat' dir='ltr'><strong>argumentis</strong></span> <span class='ocrx_word' id='word_1_263' title='bbox 1180 3765 1229 3804; x_wconf 90' lang='lat' dir='ltr'><strong>ad</strong></span> <span class='ocrx_word' id='word_1_264' title='bbox 1251 3765 1368 3805; x_wconf 83' lang='lat' dir='ltr'><strong>fidem</strong></span> 
     </span>
    </p>
   </div>
   <div class='ocr_carea' id='block_1_16' title="bbox 85 3822 883 3918">
    <p class='ocr_par' dir='ltr' id='par_1_18' title="bbox 85 3822 883 3918">
     <span class='ocr_line' id='line_1_44' title="bbox 85 3822 556 3866; baseline 0.006 -3"><span class='ocrx_word' id='word_1_265' title='bbox 85 3822 295 3864; x_wconf 67' lang='lat' dir='ltr'><strong>iaciendum</strong></span> <span class='ocrx_word' id='word_1_266' title='bbox 316 3826 556 3866; x_wconf 84' lang='lat' dir='ltr'><strong>necessariis.</strong></span> 
     </span>
     <span class='ocr_line' id='line_1_45' title="bbox 579 3897 883 3918; baseline -0.003 -6"><span class='ocrx_word' id='word_1_267' title='bbox 579 3897 883 3918; x_wconf 40' lang='grc' dir='ltr'><strong>Μ..-</strong></span> 
     </span>
    </p>
   </div>
   <div class='ocr_carea' id='block_1_17' title="bbox 415 3978 1024 4031">
    <p class='ocr_par' dir='ltr' id='par_1_19' title="bbox 415 3978 1024 4031">
     <span class='ocr_line' id='line_1_46' title="bbox 415 3978 1024 4031; baseline 0.007 -5"><span class='ocrx_word' id='word_1_268' title='bbox 415 3978 669 4027; x_wconf 85' lang='grc' dir='ltr'>ΝΟΜΙΝΑ</span> <span class='ocrx_word' id='word_1_269' title='bbox 704 3979 947 4028; x_wconf 88' lang='lat' dir='ltr'><strong>GENTIU</strong></span> <span class='ocrx_word' id='word_1_270' title='bbox 958 3981 1024 4031; x_wconf 78' lang='lat' dir='ltr'><strong>M.</strong></span> 
     </span>
    </p>
   </div>
   <div class='ocr_carea' id='block_1_18' title="bbox 693 4069 736 4109">
    <p class='ocr_par' dir='ltr' id='par_1_20' title="bbox 693 4069 736 4109">
     <span class='ocr_line' id='line_1_47' title="bbox 693 4069 736 4109; baseline 0 0"><span class='ocrx_word' id='word_1_271' title='bbox 693 4069 736 4109; x_wconf 88' lang='grc'><strong>3.</strong></span> 
     </span>
    </p>
   </div>
   <div class='ocr_carea' id='block_1_19' title="bbox 88 4129 1370 4247">
    <p class='ocr_par' dir='ltr' id='par_1_21' title="bbox 88 4129 1370 4247">
     <span class='ocr_line' id='line_1_48' title="bbox 138 4129 1370 4185; baseline 0.006 -17"><span class='ocrx_word' id='word_1_272' title='bbox 138 4129 296 4181; x_wconf 73' lang='lat' dir='ltr'><strong>Hippias</strong></span> <span class='ocrx_word' id='word_1_273' title='bbox 316 4131 432 4172; x_wconf 83' lang='lat' dir='ltr'><strong>Eleus</strong></span> <span class='ocrx_word' id='word_1_274' title='bbox 449 4132 490 4171; x_wconf 89' lang='lat' dir='ltr'><strong>in</strong></span> <span class='ocrx_word' id='word_1_275' title='bbox 506 4133 739 4174; x_wconf 86' lang='lat' dir='ltr'><strong>Nominibus</strong></span> <span class='ocrx_word' id='word_1_276' title='bbox 753 4135 930 4184; x_wconf 84' lang='lat' dir='ltr'><strong>gentium</strong></span> <span class='ocrx_word' id='word_1_277' title='bbox 959 4135 1148 4185; x_wconf 85' lang='lat' dir='ltr'><strong>populum</strong></span> <span class='ocrx_word' id='word_1_278' title='bbox 1170 4135 1370 4185; x_wconf 83' lang='lat' dir='ltr'><strong>quendam</strong></span> 
     </span>
     <span class='ocr_line' id='line_1_49' title="bbox 88 4189 571 4247; baseline 0.01 -17"><span class='ocrx_word' id='word_1_279' title='bbox 88 4189 182 4234; x_wconf 78' lang='lat' dir='ltr'><strong>dicit</strong></span> <span class='ocrx_word' id='word_1_280' title='bbox 198 4194 381 4244; x_wconf 76' lang='lat' dir='ltr'><strong>appellari</strong></span> <span class='ocrx_word' id='word_1_281' title='bbox 397 4197 571 4247; x_wconf 79' lang='lat' dir='ltr'><strong>spartos.</strong></span> 
     </span>
    </p>
   </div>
   <div class='ocr_carea' id='block_1_20' title="bbox 1389 2632 1400 2931">
    <p class='ocr_par' dir='ltr' id='par_1_22' title="bbox 1389 2632 1400 2931">
     <span class='ocr_line' id='line_1_50' title="bbox 1389 2632 1400 2931; baseline 0 1697"><span class='ocrx_word' id='word_1_282' title='bbox 1389 2632 1400 2931; x_wconf 95' lang='lat' dir='ltr'><strong> </strong></span> 
     </span>
    </p>
   </div>
   <div class='ocr_carea' id='block_1_21' title="bbox 1190 225 2706 278">
    <p class='ocr_par' dir='ltr' id='par_1_23' title="bbox 1190 225 2706 278">
     <span class='ocr_line' id='line_1_51' title="bbox 1190 225 2706 278; baseline -0.013 -1"><span class='ocrx_word' id='word_1_283' title='bbox 1190 225 1603 278; x_wconf 85' lang='lat' dir='ltr'><strong>FRAGMENTA.</strong></span> <span class='ocrx_word' id='word_1_284' title='bbox 2654 228 2706 268; x_wconf 63' lang='grc' dir='ltr'><strong>(ῃ</strong></span> 
     </span>
    </p>
   </div>
   <div class='ocr_carea' id='block_1_22' title="bbox 1761 332 2369 477">
    <p class='ocr_par' dir='ltr' id='par_1_24' title="bbox 1761 332 2369 477">
     <span class='ocr_line' id='line_1_52' title="bbox 1761 332 2369 380; baseline 0 -2"><span class='ocrx_word' id='word_1_285' title='bbox 1761 332 1977 380; x_wconf 82' lang='grc' dir='ltr'>ΕΘΝΩΝ</span> <span class='ocrx_word' id='word_1_286' title='bbox 1999 332 2369 379; x_wconf 77' lang='grc' dir='ltr'>ΟΝΟΜΑΣΙΑΙ.</span> 
     </span>
     <span class='ocr_line' id='line_1_53' title="bbox 2059 434 2104 477; baseline -0.022 0"><span class='ocrx_word' id='word_1_287' title='bbox 2059 434 2104 477; x_wconf 82' lang='lat'><strong>3.</strong></span> 
     </span>
    </p>
   </div>
   <div class='ocr_carea' id='block_1_23' title="bbox 1423 530 2728 882">
    <p class='ocr_par' dir='ltr' id='par_1_25' title="bbox 1423 530 2728 882">
     <span class='ocr_line' id='line_1_54' title="bbox 1493 530 2721 594; baseline -0.003 -14"><span class='ocrx_word' id='word_1_288' title='bbox 1493 536 1649 581; x_wconf 87' lang='lat' dir='ltr'><strong>Schol.</strong></span> <span class='ocrx_word' id='word_1_289' title='bbox 1693 535 1852 594; x_wconf 87' lang='lat' dir='ltr'><strong>Apoll.</strong></span> <span class='ocrx_word' id='word_1_290' title='bbox 1896 534 2055 577; x_wconf 85' lang='lat' dir='ltr'><strong>Rhod.</strong></span> <span class='ocrx_word' id='word_1_291' title='bbox 2092 535 2187 588; x_wconf 88' lang='lat' dir='ltr'><strong>III,</strong></span> <span class='ocrx_word' id='word_1_292' title='bbox 2236 549 2395 591; x_wconf 87' lang='lat'>1079:</span> <span class='ocrx_word' id='word_1_293' title='bbox 2434 531 2604 584; x_wconf 86' lang='grc' dir='ltr'>Ἱππίας</span> <span class='ocrx_word' id='word_1_294' title='bbox 2633 530 2721 577; x_wconf 81' lang='grc' dir='ltr'><strong>δὲὸ</strong></span> 
     </span>
     <span class='ocr_line' id='line_1_55' title="bbox 1423 602 2726 668; baseline -0.005 -14"><span class='ocrx_word' id='word_1_295' title='bbox 1423 605 1582 664; x_wconf 86' lang='grc' dir='ltr'>Δήλιος</span> <span class='ocrx_word' id='word_1_296' title='bbox 1614 606 1723 668; x_wconf 86' lang='lat' dir='ltr'><strong>(scr.</strong></span> <span class='ocrx_word' id='word_1_297' title='bbox 1753 606 1942 650; x_wconf 86' lang='lat' dir='ltr'><strong>videtur</strong></span> <span class='ocrx_word' id='word_1_298' title='bbox 1980 603 2173 664; x_wconf 83' lang='grc' dir='ltr'>Ἠλεῖος)</span> <span class='ocrx_word' id='word_1_299' title='bbox 2210 604 2252 648; x_wconf 85' lang='grc' dir='ltr'>ἔν</span> <span class='ocrx_word' id='word_1_300' title='bbox 2286 602 2449 650; x_wconf 80' lang='grc' dir='ltr'>Ἐθνῶν</span> <span class='ocrx_word' id='word_1_301' title='bbox 2473 602 2726 662; x_wconf 79' lang='grc' dir='ltr'>ὀνομασίαις</span> 
     </span>
     <span class='ocr_line' id='line_1_56' title="bbox 1428 675 2726 744; baseline -0.005 -19"><span class='ocrx_word' id='word_1_302' title='bbox 1428 678 1556 744; x_wconf 82' lang='grc' dir='ltr'>φησὶν</span> <span class='ocrx_word' id='word_1_303' title='bbox 1577 677 1689 730; x_wconf 86' lang='grc' dir='ltr'>ἔθνος</span> <span class='ocrx_word' id='word_1_304' title='bbox 1708 697 1749 723; x_wconf 90' lang='grc' dir='ltr'>τι</span> <span class='ocrx_word' id='word_1_305' title='bbox 1770 678 1997 723; x_wconf 86' lang='grc' dir='ltr'>καλεῖσθαι</span> <span class='ocrx_word' id='word_1_306' title='bbox 2018 675 2263 739; x_wconf 80' lang='grc' dir='ltr'>Σπάρτους.</span> <span class='ocrx_word' id='word_1_307' title='bbox 2290 676 2423 720; x_wconf 90' lang='lat' dir='ltr'><strong>Idem</strong></span> <span class='ocrx_word' id='word_1_308' title='bbox 2439 677 2595 719; x_wconf 83' lang='lat' dir='ltr'><strong>statuit</strong></span> <span class='ocrx_word' id='word_1_309' title='bbox 2620 678 2726 719; x_wconf 87' lang='lat' dir='ltr'><strong>Dio·</strong></span> 
     </span>
     <span class='ocr_line' id='line_1_57' title="bbox 1424 747 2728 814; baseline -0.004 -17"><span class='ocrx_word' id='word_1_310' title='bbox 1424 754 1580 812; x_wconf 82' lang='lat' dir='ltr'><strong>nysius</strong></span> <span class='ocrx_word' id='word_1_311' title='bbox 1599 753 1800 814; x_wconf 79' lang='lat' dir='ltr'><strong>(Samius</strong></span> <span class='ocrx_word' id='word_1_312' title='bbox 1820 751 1878 795; x_wconf 90' lang='lat' dir='ltr'><strong>fr.</strong></span> <span class='ocrx_word' id='word_1_313' title='bbox 1905 766 1930 794; x_wconf 89' lang='lat'><strong>2</strong></span> <span class='ocrx_word' id='word_1_314' title='bbox 1948 747 1959 812; x_wconf 90' lang='lat'><em>)</em></span> <span class='ocrx_word' id='word_1_315' title='bbox 1977 765 2052 810; x_wconf 92' lang='lat' dir='ltr'><strong>ap.</strong></span> <span class='ocrx_word' id='word_1_316' title='bbox 2069 750 2215 794; x_wconf 85' lang='lat' dir='ltr'><strong>schol.</strong></span> <span class='ocrx_word' id='word_1_317' title='bbox 2231 750 2344 794; x_wconf 87' lang='lat' dir='ltr'><strong>Eur.</strong></span> <span class='ocrx_word' id='word_1_318' title='bbox 2367 749 2529 791; x_wconf 81' lang='lat' dir='ltr'><strong>Phoen.</strong></span> <span class='ocrx_word' id='word_1_319' title='bbox 2545 763 2593 806; x_wconf 89' lang='lat' dir='ltr'><strong>p.</strong></span> <span class='ocrx_word' id='word_1_320' title='bbox 2616 748 2728 803; x_wconf 84' lang='lat'><strong>670.</strong></span> 
     </span>
     <span class='ocr_line' id='line_1_58' title="bbox 1426 821 2727 882; baseline -0.006 -12"><span class='ocrx_word' id='word_1_321' title='bbox 1426 825 1501 870; x_wconf 87' lang='lat' dir='ltr'><strong>Ad</strong></span> <span class='ocrx_word' id='word_1_322' title='bbox 1524 824 1727 869; x_wconf 89' lang='lat' dir='ltr'><strong>eundem</strong></span> <span class='ocrx_word' id='word_1_323' title='bbox 1757 824 1931 867; x_wconf 86' lang='lat' dir='ltr'><strong>librum</strong></span> <span class='ocrx_word' id='word_1_324' title='bbox 1960 824 2199 882; x_wconf 87' lang='lat' dir='ltr'><strong>pertinere</strong></span> <span class='ocrx_word' id='word_1_325' title='bbox 2230 821 2450 864; x_wconf 84' lang='lat' dir='ltr'><strong>videntur</strong></span> <span class='ocrx_word' id='word_1_326' title='bbox 2474 822 2727 878; x_wconf 87' lang='lat' dir='ltr'><strong>sequentia.</strong></span> 
     </span>
    </p>
   </div>
   <div class='ocr_carea' id='block_1_24' title="bbox 1430 914 2737 1279">
    <p class='ocr_par' dir='ltr' id='par_1_26' title="bbox 1431 914 2737 1279">
     <span class='ocr_line' id='line_1_59' title="bbox 2059 914 2104 962; baseline 0 -9"><span class='ocrx_word' id='word_1_327' title='bbox 2059 914 2104 962; x_wconf 66' lang='grc' dir='ltr'><strong>[μ</strong></span> 
     </span>
     <span class='ocr_line' id='line_1_60' title="bbox 1499 991 2728 1056; baseline -0.004 -13"><span class='ocrx_word' id='word_1_328' title='bbox 1499 1000 1708 1044; x_wconf 87' lang='lat' dir='ltr'><strong>Eustath.</strong></span> <span class='ocrx_word' id='word_1_329' title='bbox 1751 998 1812 1042; x_wconf 86' lang='lat' dir='ltr'><strong>ad</strong></span> <span class='ocrx_word' id='word_1_330' title='bbox 1847 998 2043 1056; x_wconf 83' lang='lat' dir='ltr'><strong>Dionys.</strong></span> <span class='ocrx_word' id='word_1_331' title='bbox 2090 1011 2184 1053; x_wconf 83' lang='lat'><strong>270</strong></span> <span class='ocrx_word' id='word_1_332' title='bbox 2214 1011 2225 1039; x_wconf 76' lang='lat' dir='ltr'><strong><em>z</em></strong></span> <span class='ocrx_word' id='word_1_333' title='bbox 2255 991 2430 1046; x_wconf 88' lang='grc' dir='ltr'>Ἱππίας</span> <span class='ocrx_word' id='word_1_334' title='bbox 2471 991 2557 1039; x_wconf 82' lang='grc' dir='ltr'>ἀπὸ</span> <span class='ocrx_word' id='word_1_335' title='bbox 2582 991 2728 1045; x_wconf 84' lang='grc' dir='ltr'>Ἀσίας</span> 
     </span>
     <span class='ocr_line' id='line_1_61' title="bbox 1431 1064 2724 1133; baseline -0.006 -15"><span class='ocrx_word' id='word_1_336' title='bbox 1431 1070 1506 1118; x_wconf 62' lang='grc' dir='ltr'><strong>καὶΙ</strong></span> <span class='ocrx_word' id='word_1_337' title='bbox 1545 1068 1759 1133; x_wconf 82' lang='grc' dir='ltr'>Εὐρώπης</span> <span class='ocrx_word' id='word_1_338' title='bbox 1783 1072 1867 1116; x_wconf 87' lang='grc' dir='ltr'>τῶν</span> <span class='ocrx_word' id='word_1_339' title='bbox 1906 1066 2172 1116; x_wconf 84' lang='grc' dir='ltr'>Ὠκεανίδων</span> <span class='ocrx_word' id='word_1_340' title='bbox 2213 1065 2289 1119; x_wconf 83' lang='grc' dir='ltr'><strong>τὰς</strong></span> <span class='ocrx_word' id='word_1_341' title='bbox 2322 1064 2551 1129; x_wconf 84' lang='grc' dir='ltr'>Ἠπείρους</span> <span class='ocrx_word' id='word_1_342' title='bbox 2582 1067 2724 1114; x_wconf 88' lang='grc' dir='ltr'>καλεῖ.</span> 
     </span>
     <span class='ocr_line' id='line_1_62' title="bbox 1503 1135 2734 1201; baseline -0.005 -13"><span class='ocrx_word' id='word_1_343' title='bbox 1503 1144 1662 1188; x_wconf 87' lang='lat' dir='ltr'><strong>Schol.</strong></span> <span class='ocrx_word' id='word_1_344' title='bbox 1689 1142 1762 1187; x_wconf 89' lang='lat' dir='ltr'><strong>ad.</strong></span> <span class='ocrx_word' id='word_1_345' title='bbox 1789 1144 1821 1187; x_wconf 95' lang='lat' dir='ltr'><strong>l.</strong></span> <span class='ocrx_word' id='word_1_346' title='bbox 1861 1143 1894 1186; x_wconf 92' lang='lat' dir='ltr'><strong>l.</strong></span> <span class='ocrx_word' id='word_1_347' title='bbox 1935 1157 1946 1185; x_wconf 76' lang='lat' dir='ltr'><em>z</em></span> <span class='ocrx_word' id='word_1_348' title='bbox 1980 1136 2156 1192; x_wconf 90' lang='grc' dir='ltr'>Ἱππίας</span> <span class='ocrx_word' id='word_1_349' title='bbox 2195 1137 2340 1199; x_wconf 83' lang='grc' dir='ltr'>μέντοι</span> <span class='ocrx_word' id='word_1_350' title='bbox 2373 1136 2501 1201; x_wconf 79' lang='grc' dir='ltr'>φησὶν</span> <span class='ocrx_word' id='word_1_351' title='bbox 2541 1135 2627 1182; x_wconf 79' lang='grc' dir='ltr'>ἀπὸ</span> <span class='ocrx_word' id='word_1_352' title='bbox 2653 1139 2734 1182; x_wconf 89' lang='grc' dir='ltr'>τῶν</span> 
     </span>
     <span class='ocr_line' id='line_1_63' title="bbox 1430 1211 2737 1279; baseline -0.006 -16.926"><span class='ocrx_word' id='word_1_353' title='bbox 1430 1212 1640 1262; x_wconf 79' lang='grc' dir='ltr'>Ὠκεανοῦ</span> <span class='ocrx_word' id='word_1_354' title='bbox 1673 1211 1923 1279; x_wconf 84' lang='grc' dir='ltr'>θυγατέρων</span> <span class='ocrx_word' id='word_1_355' title='bbox 1955 1213 2045 1275; x_wconf 87' lang='lat' dir='ltr'><strong>(sc.</strong></span> <span class='ocrx_word' id='word_1_356' title='bbox 2086 1228 2263 1257; x_wconf 91' lang='lat' dir='ltr'><strong>nomen</strong></span> <span class='ocrx_word' id='word_1_357' title='bbox 2297 1213 2473 1256; x_wconf 90' lang='lat' dir='ltr'><strong>habere</strong></span> <span class='ocrx_word' id='word_1_358' title='bbox 2511 1213 2665 1256; x_wconf 90' lang='lat' dir='ltr'><strong>Asiam</strong></span> <span class='ocrx_word' id='word_1_359' title='bbox 2691 1220 2737 1255; x_wconf 83' lang='lat' dir='ltr'><strong>et</strong></span> 
     </span>
    </p>
   </div>
   <div class='ocr_carea' id='block_1_25' title="bbox 1429 1281 2734 1423">
    <p class='ocr_par' dir='ltr' id='par_1_27' title="bbox 1429 1281 2734 1423">
     <span class='ocr_line' id='line_1_64' title="bbox 1429 1281 2734 1350; baseline -0.004 -17"><span class='ocrx_word' id='word_1_360' title='bbox 1429 1283 1717 1349; x_wconf 82' lang='lat' dir='ltr'><strong>Europam)·</strong></span> <span class='ocrx_word' id='word_1_361' title='bbox 1754 1285 1828 1332; x_wconf 86' lang='grc' dir='ltr'><strong>δύο</strong></span> <span class='ocrx_word' id='word_1_362' title='bbox 1866 1284 1949 1350; x_wconf 82' lang='grc' dir='ltr'>γὰρ</span> <span class='ocrx_word' id='word_1_363' title='bbox 1987 1283 2248 1336; x_wconf 83' lang='grc' dir='ltr'>Ὠκεανίδας</span> <span class='ocrx_word' id='word_1_364' title='bbox 2285 1282 2492 1347; x_wconf 84' lang='grc' dir='ltr'>πρότερον</span> <span class='ocrx_word' id='word_1_365' title='bbox 2516 1281 2734 1346; x_wconf 89' lang='grc' dir='ltr'>γενεσθαι,</span> 
     </span>
     <span class='ocr_line' id='line_1_65' title="bbox 1436 1354 2644 1423; baseline -0.006 -15.965"><span class='ocrx_word' id='word_1_366' title='bbox 1436 1358 1579 1407; x_wconf 86' lang='grc' dir='ltr'>Ἀσίαν</span> <span class='ocrx_word' id='word_1_367' title='bbox 1604 1378 1680 1405; x_wconf 86' lang='grc' dir='ltr'><strong>και</strong></span> <span class='ocrx_word' id='word_1_368' title='bbox 1709 1356 1949 1423; x_wconf 83' lang='grc' dir='ltr'>Εὐρώπην,</span> <span class='ocrx_word' id='word_1_369' title='bbox 1977 1357 2048 1422; x_wconf 80' lang='grc' dir='ltr'><strong>ἀφ’</strong></span> <span class='ocrx_word' id='word_1_370' title='bbox 2073 1360 2131 1403; x_wconf 79' lang='grc' dir='ltr'>ὧν</span> <span class='ocrx_word' id='word_1_371' title='bbox 2158 1354 2235 1409; x_wconf 84' lang='grc' dir='ltr'><strong>τὰς</strong></span> <span class='ocrx_word' id='word_1_372' title='bbox 2261 1354 2407 1421; x_wconf 80' lang='grc' dir='ltr'>χώρας</span> <span class='ocrx_word' id='word_1_373' title='bbox 2431 1358 2644 1420; x_wconf 78' lang='grc' dir='ltr'>εἷρῆσθαι.</span> 
     </span>
    </p>
   </div>
   <div class='ocr_carea' id='block_1_26' title="bbox 2058 1451 2103 1497">
    <p class='ocr_par' dir='ltr' id='par_1_28' title="bbox 2058 1451 2103 1497">
     <span class='ocr_line' id='line_1_66' title="bbox 2058 1451 2103 1497; baseline 0.022 -1"><span class='ocrx_word' id='word_1_374' title='bbox 2058 1451 2103 1497; x_wconf 85' lang='lat'><strong>5.</strong></span> 
     </span>
    </p>
   </div>
   <div class='ocr_carea' id='block_1_27' title="bbox 1428 1538 2738 1818">
    <p class='ocr_par' dir='ltr' id='par_1_29' title="bbox 1428 1538 2738 1746">
     <span class='ocr_line' id='line_1_67' title="bbox 1499 1538 2736 1598; baseline -0.002 -12"><span class='ocrx_word' id='word_1_375' title='bbox 1499 1541 1660 1586; x_wconf 89' lang='lat' dir='ltr'><strong>Schol.</strong></span> <span class='ocrx_word' id='word_1_376' title='bbox 1686 1540 1877 1584; x_wconf 87' lang='lat' dir='ltr'><strong>Pindar.</strong></span> <span class='ocrx_word' id='word_1_377' title='bbox 1905 1542 2039 1585; x_wconf 87' lang='lat' dir='ltr'><strong>Nem.</strong></span> <span class='ocrx_word' id='word_1_378' title='bbox 2063 1542 2197 1596; x_wconf 84' lang='lat' dir='ltr'><strong>VIII,</strong></span> <span class='ocrx_word' id='word_1_379' title='bbox 2220 1538 2277 1584; x_wconf 81' lang='lat'><strong>53</strong></span> <span class='ocrx_word' id='word_1_380' title='bbox 2302 1556 2311 1583; x_wconf 94' lang='lat'><strong>:</strong></span> <span class='ocrx_word' id='word_1_381' title='bbox 2340 1542 2574 1598; x_wconf 83' lang='lat' dir='ltr'><strong>Quattuor</strong></span> <span class='ocrx_word' id='word_1_382' title='bbox 2605 1556 2736 1584; x_wconf 87' lang='lat' dir='ltr'><strong>com·-</strong></span> 
     </span>
     <span class='ocr_line' id='line_1_68' title="bbox 1428 1610 2738 1675; baseline 0.001 -19"><span class='ocrx_word' id='word_1_383' title='bbox 1428 1623 1694 1658; x_wconf 84' lang='lat' dir='ltr'><strong>memorant</strong></span> <span class='ocrx_word' id='word_1_384' title='bbox 1717 1614 1858 1658; x_wconf 87' lang='lat' dir='ltr'><strong>urbes</strong></span> <span class='ocrx_word' id='word_1_385' title='bbox 1893 1614 2094 1673; x_wconf 85' lang='lat' dir='ltr'><strong>Ephyrae</strong></span> <span class='ocrx_word' id='word_1_386' title='bbox 2115 1614 2308 1657; x_wconf 88' lang='lat' dir='ltr'><strong>nomine</strong></span> <span class='ocrx_word' id='word_1_387' title='bbox 2343 1629 2354 1656; x_wconf 72' lang='grc' dir='ltr'>τ</span> <span class='ocrx_word' id='word_1_388' title='bbox 2389 1610 2536 1674; x_wconf 86' lang='grc' dir='ltr'>τρίτην</span> <span class='ocrx_word' id='word_1_389' title='bbox 2570 1610 2615 1658; x_wconf 80' lang='grc' dir='ltr'><strong>δὲ</strong></span> <span class='ocrx_word' id='word_1_390' title='bbox 2639 1610 2738 1675; x_wconf 82' lang='grc' dir='ltr'>περὶ</span> 
     </span>
     <span class='ocr_line' id='line_1_69' title="bbox 1429 1676 2735 1746; baseline 0 -15"><span class='ocrx_word' id='word_1_391' title='bbox 1429 1676 1586 1742; x_wconf 53' lang='grc' dir='ltr'>ὛΗλιν,</span> <span class='ocrx_word' id='word_1_392' title='bbox 1604 1677 1654 1741; x_wconf 68' lang='grc' dir='ltr'><strong>ἧς</strong></span> <span class='ocrx_word' id='word_1_393' title='bbox 1665 1683 1839 1737; x_wconf 86' lang='grc' dir='ltr'>Ἱππίας</span> <span class='ocrx_word' id='word_1_394' title='bbox 1854 1683 2127 1746; x_wconf 81' lang='grc' dir='ltr'>μνημονεύει.</span> <span class='ocrx_word' id='word_1_395' title='bbox 2150 1685 2222 1730; x_wconf 89' lang='lat' dir='ltr'><strong>Cf.</strong></span> <span class='ocrx_word' id='word_1_396' title='bbox 2246 1686 2531 1745; x_wconf 86' lang='lat' dir='ltr'><strong>Apollodor.</strong></span> <span class='ocrx_word' id='word_1_397' title='bbox 2548 1686 2604 1730; x_wconf 86' lang='lat' dir='ltr'><strong>sr.</strong></span> <span class='ocrx_word' id='word_1_398' title='bbox 2629 1702 2735 1743; x_wconf 84' lang='lat'><strong>170.</strong></span> 
     </span>
    </p>

    <p class='ocr_par' dir='ltr' id='par_1_30' title="bbox 1501 1755 2734 1818">
     <span class='ocr_line' id='line_1_70' title="bbox 1501 1755 2734 1818; baseline 0 -15"><span class='ocrx_word' id='word_1_399' title='bbox 1501 1755 1770 1818; x_wconf 79' lang='lat' dir='ltr'><strong>Sequuntur</strong></span> <span class='ocrx_word' id='word_1_400' title='bbox 1795 1775 1898 1818; x_wconf 87' lang='lat' dir='ltr'><strong>quae</strong></span> <span class='ocrx_word' id='word_1_401' title='bbox 1923 1760 2059 1803; x_wconf 86' lang='lat' dir='ltr'><strong>certis</strong></span> <span class='ocrx_word' id='word_1_402' title='bbox 2082 1759 2214 1802; x_wconf 84' lang='lat' dir='ltr'><strong>libris</strong></span> <span class='ocrx_word' id='word_1_403' title='bbox 2231 1758 2452 1818; x_wconf 82' lang='lat' dir='ltr'><strong>assignari</strong></span> <span class='ocrx_word' id='word_1_404' title='bbox 2475 1766 2734 1817; x_wconf 90' lang='lat' dir='ltr'><strong>nequeunt.</strong></span> 
     </span>
    </p>
   </div>
   <div class='ocr_carea' id='block_1_28' title="bbox 1987 1867 2175 1879">
    <p class='ocr_par' dir='ltr' id='par_1_31' title="bbox 1987 1867 2175 1879">
     <span class='ocr_line' id='line_1_71' title="bbox 1987 1867 2175 1879; baseline 0 2749"><span class='ocrx_word' id='word_1_405' title='bbox 1987 1867 2175 1879; x_wconf 95' lang='lat' dir='ltr'><strong> </strong></span> 
     </span>
    </p>
   </div>
   <div class='ocr_carea' id='block_1_29' title="bbox 1497 1928 2736 2072">
    <p class='ocr_par' dir='ltr' id='par_1_32' title="bbox 1497 1928 2736 2072">
     <span class='ocr_line' id='line_1_72' title="bbox 2055 1928 2102 1972; baseline -0.021 0"><span class='ocrx_word' id='word_1_406' title='bbox 2055 1928 2102 1972; x_wconf 88' lang='lat'><strong>6.</strong></span> 
     </span>
     <span class='ocr_line' id='line_1_73' title="bbox 1497 2010 2736 2072; baseline 0.001 -16"><span class='ocrx_word' id='word_1_407' title='bbox 1497 2012 1638 2056; x_wconf 91' lang='lat' dir='ltr'><strong>Clem.</strong></span> <span class='ocrx_word' id='word_1_408' title='bbox 1668 2012 1742 2056; x_wconf 89' lang='lat' dir='ltr'><strong>Al.</strong></span> <span class='ocrx_word' id='word_1_409' title='bbox 1775 2013 1948 2057; x_wconf 77' lang='lat' dir='ltr'><strong>strom.</strong></span> <span class='ocrx_word' id='word_1_410' title='bbox 1976 2015 2064 2070; x_wconf 93' lang='lat' dir='ltr'><strong>VI,</strong></span> <span class='ocrx_word' id='word_1_411' title='bbox 2103 2029 2153 2072; x_wconf 93' lang='lat' dir='ltr'><strong>p.</strong></span> <span class='ocrx_word' id='word_1_412' title='bbox 2193 2010 2314 2067; x_wconf 74' lang='lat'><strong>265,</strong></span> <span class='ocrx_word' id='word_1_413' title='bbox 2345 2011 2370 2056; x_wconf 86' lang='lat'><strong>5</strong></span> <span class='ocrx_word' id='word_1_414' title='bbox 2400 2012 2530 2071; x_wconf 90' lang='lat' dir='ltr'><strong>Sylb.</strong></span> <span class='ocrx_word' id='word_1_415' title='bbox 2571 2028 2581 2056; x_wconf 73' lang='grc' dir='ltr'>ε</span> <span class='ocrx_word' id='word_1_416' title='bbox 2621 2011 2736 2058; x_wconf 72' lang='grc' dir='ltr'>Ἀλλ’</span> 
     </span>
    </p>
   </div>
   <div class='ocr_carea' id='block_1_30' title="bbox 1429 2079 2743 2942">
    <p class='ocr_par' dir='ltr' id='par_1_33' title="bbox 1429 2079 2740 2508">
     <span class='ocr_line' id='line_1_74' title="bbox 1430 2079 2740 2146; baseline 0.002 -19"><span class='ocrx_word' id='word_1_417' title='bbox 1430 2080 1501 2128; x_wconf 77' lang='grc' dir='ltr'><strong>ἵνα</strong></span> <span class='ocrx_word' id='word_1_418' title='bbox 1531 2079 1592 2142; x_wconf 82' lang='grc' dir='ltr'>μὴ</span> <span class='ocrx_word' id='word_1_419' title='bbox 1624 2081 1827 2128; x_wconf 83' lang='grc' dir='ltr'>ε’πιπλέον</span> <span class='ocrx_word' id='word_1_420' title='bbox 1854 2080 1986 2146; x_wconf 74' lang='grc' dir='ltr'>προίῃ</span> <span class='ocrx_word' id='word_1_421' title='bbox 2009 2085 2031 2128; x_wconf 81' lang='grc' dir='ltr'>ὁ</span> <span class='ocrx_word' id='word_1_422' title='bbox 2061 2081 2186 2144; x_wconf 86' lang='grc' dir='ltr'>λόγος</span> <span class='ocrx_word' id='word_1_423' title='bbox 2210 2081 2582 2146; x_wconf 81' lang='grc' dir='ltr'>φιλοτιμουμένων</span> <span class='ocrx_word' id='word_1_424' title='bbox 2614 2086 2740 2144; x_wconf 81' lang='grc' dir='ltr'>ἡμῶν</span> 
     </span>
     <span class='ocr_line' id='line_1_75' title="bbox 1429 2153 2736 2218; baseline 0.002 -18"><span class='ocrx_word' id='word_1_425' title='bbox 1429 2153 1479 2200; x_wconf 83' lang='grc' dir='ltr'><strong>τὸ</strong></span> <span class='ocrx_word' id='word_1_426' title='bbox 1500 2153 1748 2218; x_wconf 80' lang='grc' dir='ltr'>ἐνεπίφορον</span> <span class='ocrx_word' id='word_1_427' title='bbox 1775 2157 1833 2207; x_wconf 86' lang='grc' dir='ltr'>εἷς</span> <span class='ocrx_word' id='word_1_428' title='bbox 1855 2154 2023 2211; x_wconf 79' lang='grc' dir='ltr'>κλοπὴν</span> <span class='ocrx_word' id='word_1_429' title='bbox 2045 2158 2130 2201; x_wconf 88' lang='grc' dir='ltr'>τῶν</span> <span class='ocrx_word' id='word_1_430' title='bbox 2152 2153 2378 2212; x_wconf 89' lang='grc' dir='ltr'>Ἑλλήνων</span> <span class='ocrx_word' id='word_1_431' title='bbox 2400 2153 2512 2202; x_wconf 79' lang='grc' dir='ltr'>κατὰ</span> <span class='ocrx_word' id='word_1_432' title='bbox 2537 2154 2634 2208; x_wconf 78' lang='grc' dir='ltr'>τοὺς</span> <span class='ocrx_word' id='word_1_433' title='bbox 2657 2155 2736 2202; x_wconf 87' lang='grc' dir='ltr'><strong>λό-</strong></span> 
     </span>
     <span class='ocr_line' id='line_1_76' title="bbox 1431 2226 2738 2291; baseline 0.002 -19"><span class='ocrx_word' id='word_1_434' title='bbox 1431 2245 1531 2289; x_wconf 87' lang='grc' dir='ltr'>γους</span> <span class='ocrx_word' id='word_1_435' title='bbox 1562 2245 1609 2272; x_wconf 91' lang='grc' dir='ltr'>τε</span> <span class='ocrx_word' id='word_1_436' title='bbox 1635 2226 1711 2273; x_wconf 83' lang='grc' dir='ltr'><strong>καὶ</strong></span> <span class='ocrx_word' id='word_1_437' title='bbox 1747 2226 1802 2273; x_wconf 88' lang='grc' dir='ltr'><strong>τὰ</strong></span> <span class='ocrx_word' id='word_1_438' title='bbox 1830 2226 2030 2288; x_wconf 85' lang='grc' dir='ltr'>δόγματα</span> <span class='ocrx_word' id='word_1_439' title='bbox 2057 2226 2371 2288; x_wconf 80' lang='grc' dir='ltr'>ἐπιδεικνύναι,</span> <span class='ocrx_word' id='word_1_440' title='bbox 2404 2226 2506 2290; x_wconf 83' lang='grc' dir='ltr'>φέρε</span> <span class='ocrx_word' id='word_1_441' title='bbox 2539 2226 2738 2291; x_wconf 81' lang='grc' dir='ltr'>ἄντικρυς</span> 
     </span>
     <span class='ocr_line' id='line_1_77' title="bbox 1433 2297 2726 2363; baseline 0 -19"><span class='ocrx_word' id='word_1_442' title='bbox 1433 2303 1733 2363; x_wconf 75' lang='grc' dir='ltr'>μαρτυροῦντα</span> <span class='ocrx_word' id='word_1_443' title='bbox 1762 2299 1866 2361; x_wconf 83' lang='grc' dir='ltr'>ἡμῖν</span> <span class='ocrx_word' id='word_1_444' title='bbox 1890 2298 2069 2346; x_wconf 89' lang='grc' dir='ltr'>Ἱππίαν</span> <span class='ocrx_word' id='word_1_445' title='bbox 2101 2298 2172 2345; x_wconf 82' lang='grc' dir='ltr'>τὸν</span> <span class='ocrx_word' id='word_1_446' title='bbox 2199 2298 2406 2363; x_wconf 77' lang='grc' dir='ltr'>σοφιστὴν</span> <span class='ocrx_word' id='word_1_447' title='bbox 2429 2297 2500 2345; x_wconf 85' lang='grc' dir='ltr'>τὸν</span> <span class='ocrx_word' id='word_1_448' title='bbox 2526 2298 2726 2360; x_wconf 84' lang='grc' dir='ltr'>Ἠλεῖον,</span> 
     </span>
     <span class='ocr_line' id='line_1_78' title="bbox 1432 2369 2738 2436; baseline 0.003 -20"><span class='ocrx_word' id='word_1_449' title='bbox 1432 2369 1476 2424; x_wconf 83' lang='grc' dir='ltr'><strong>ὃς</strong></span> <span class='ocrx_word' id='word_1_450' title='bbox 1509 2370 1581 2417; x_wconf 82' lang='grc' dir='ltr'>τὸν</span> <span class='ocrx_word' id='word_1_451' title='bbox 1620 2371 1748 2418; x_wconf 80' lang='grc' dir='ltr'>αὐτὸν</span> <span class='ocrx_word' id='word_1_452' title='bbox 1796 2370 1894 2435; x_wconf 80' lang='grc' dir='ltr'>περὶ</span> <span class='ocrx_word' id='word_1_453' title='bbox 1933 2376 2008 2419; x_wconf 72' lang='grc' dir='ltr'><strong>τοῦ</strong></span> <span class='ocrx_word' id='word_1_454' title='bbox 2052 2370 2338 2436; x_wconf 83' lang='grc' dir='ltr'>προκειμένου</span> <span class='ocrx_word' id='word_1_455' title='bbox 2375 2390 2448 2432; x_wconf 89' lang='grc' dir='ltr'><strong>μοι</strong></span> <span class='ocrx_word' id='word_1_456' title='bbox 2485 2370 2738 2434; x_wconf 82' lang='grc' dir='ltr'>σκέμματος</span> 
     </span>
     <span class='ocr_line' id='line_1_79' title="bbox 1431 2437 2561 2508; baseline 0.001 -19"><span class='ocrx_word' id='word_1_457' title='bbox 1431 2442 1551 2502; x_wconf 80' lang='grc' dir='ltr'>ἥκειν</span> <span class='ocrx_word' id='word_1_458' title='bbox 1564 2442 1712 2507; x_wconf 87' lang='grc' dir='ltr'>λόγον,</span> <span class='ocrx_word' id='word_1_459' title='bbox 1738 2444 2126 2508; x_wconf 85' lang='grc' dir='ltr'>παραστησώμεθα</span> <span class='ocrx_word' id='word_1_460' title='bbox 2144 2437 2228 2490; x_wconf 66' lang='grc' dir='ltr'><strong>ὧδέ</strong></span> <span class='ocrx_word' id='word_1_461' title='bbox 2251 2463 2343 2496; x_wconf 88' lang='grc' dir='ltr'><strong>πως</strong></span> <span class='ocrx_word' id='word_1_462' title='bbox 2364 2442 2561 2506; x_wconf 82' lang='grc' dir='ltr'>λέγοντα·</span> 
     </span>
    </p>

    <p class='ocr_par' dir='ltr' id='par_1_34' title="bbox 1432 2513 2743 2942">
     <span class='ocr_line' id='line_1_80' title="bbox 1505 2513 2734 2581; baseline 0.002 -22"><span class='ocrx_word' id='word_1_463' title='bbox 1505 2537 1523 2559; x_wconf 82' lang='grc' dir='ltr'>α</span> <span class='ocrx_word' id='word_1_464' title='bbox 1553 2513 1729 2563; x_wconf 78' lang='grc' dir='ltr'>Τούτων</span> <span class='ocrx_word' id='word_1_465' title='bbox 1754 2515 1856 2570; x_wconf 84' lang='grc' dir='ltr'>ἴσως</span> <span class='ocrx_word' id='word_1_466' title='bbox 1881 2515 2048 2581; x_wconf 87' lang='grc' dir='ltr'>εἴρηται</span> <span class='ocrx_word' id='word_1_467' title='bbox 2071 2515 2126 2562; x_wconf 85' lang='grc' dir='ltr'><strong>τὰ</strong></span> <span class='ocrx_word' id='word_1_468' title='bbox 2151 2515 2227 2577; x_wconf 82' lang='grc' dir='ltr'><strong>μὲν</strong></span> <span class='ocrx_word' id='word_1_469' title='bbox 2253 2515 2437 2580; x_wconf 75' lang='grc' dir='ltr'>Ὀρφεῖ,</span> <span class='ocrx_word' id='word_1_470' title='bbox 2462 2513 2517 2562; x_wconf 84' lang='grc' dir='ltr'><strong>τὰ</strong></span> <span class='ocrx_word' id='word_1_471' title='bbox 2539 2515 2583 2562; x_wconf 80' lang='grc' dir='ltr'><strong>δὲ</strong></span> <span class='ocrx_word' id='word_1_472' title='bbox 2609 2519 2734 2564; x_wconf 88' lang='grc' dir='ltr'>Μου-</span> 
     </span>
     <span class='ocr_line' id='line_1_81' title="bbox 1432 2586 2743 2655; baseline 0.001 -21"><span class='ocrx_word' id='word_1_473' title='bbox 1432 2587 1543 2652; x_wconf 88' lang='grc' dir='ltr'>σαίῳ</span> <span class='ocrx_word' id='word_1_474' title='bbox 1563 2587 1676 2635; x_wconf 82' lang='grc' dir='ltr'>κατὰ</span> <span class='ocrx_word' id='word_1_475' title='bbox 1702 2588 1842 2654; x_wconf 77' lang='grc' dir='ltr'>βραχὺ</span> <span class='ocrx_word' id='word_1_476' title='bbox 1853 2622 1871 2650; x_wconf 66' lang='grc'>·,</span> <span class='ocrx_word' id='word_1_477' title='bbox 1897 2589 2016 2655; x_wconf 83' lang='grc' dir='ltr'>ἄλλῳ</span> <span class='ocrx_word' id='word_1_478' title='bbox 2041 2591 2265 2653; x_wconf 78' lang='grc' dir='ltr'>ἀλλαχοῦ,</span> <span class='ocrx_word' id='word_1_479' title='bbox 2290 2586 2345 2634; x_wconf 82' lang='grc' dir='ltr'><strong>τὰ</strong></span> <span class='ocrx_word' id='word_1_480' title='bbox 2363 2586 2408 2634; x_wconf 84' lang='grc' dir='ltr'><strong>δὲ</strong></span> <span class='ocrx_word' id='word_1_481' title='bbox 2446 2587 2662 2653; x_wconf 59' lang='grc' dir='ltr'><strong>εΗσιόδῳ,</strong></span> <span class='ocrx_word' id='word_1_482' title='bbox 2686 2588 2743 2635; x_wconf 78' lang='grc' dir='ltr'><strong>τὰ</strong></span> 
     </span>
     <span class='ocr_line' id='line_1_82' title="bbox 1435 2659 2742 2726; baseline 0.002 -20"><span class='ocrx_word' id='word_1_483' title='bbox 1435 2659 1480 2706; x_wconf 82' lang='grc' dir='ltr'><strong>δὲ</strong></span> <span class='ocrx_word' id='word_1_484' title='bbox 1503 2660 1711 2726; x_wconf 85' lang='grc' dir='ltr'>Ὁμήρῳ,</span> <span class='ocrx_word' id='word_1_485' title='bbox 1745 2661 1799 2708; x_wconf 87' lang='grc' dir='ltr'><strong>τὰ</strong></span> <span class='ocrx_word' id='word_1_486' title='bbox 1825 2661 1870 2708; x_wconf 80' lang='grc' dir='ltr'><strong>δὲ</strong></span> <span class='ocrx_word' id='word_1_487' title='bbox 1902 2670 1988 2716; x_wconf 87' lang='grc' dir='ltr'>τοῖς</span> <span class='ocrx_word' id='word_1_488' title='bbox 2010 2662 2155 2715; x_wconf 83' lang='grc' dir='ltr'>ἄλλοις</span> <span class='ocrx_word' id='word_1_489' title='bbox 2179 2665 2263 2708; x_wconf 84' lang='grc' dir='ltr'>τῶν</span> <span class='ocrx_word' id='word_1_490' title='bbox 2301 2663 2515 2719; x_wconf 79' lang='grc' dir='ltr'>ποιητῶν,</span> <span class='ocrx_word' id='word_1_491' title='bbox 2550 2659 2605 2708; x_wconf 82' lang='grc' dir='ltr'><strong>τὰ</strong></span> <span class='ocrx_word' id='word_1_492' title='bbox 2630 2660 2674 2708; x_wconf 82' lang='grc' dir='ltr'><strong>δὲ</strong></span> <span class='ocrx_word' id='word_1_493' title='bbox 2699 2663 2742 2707; x_wconf 82' lang='grc' dir='ltr'>ἐν</span> 
     </span>
     <span class='ocr_line' id='line_1_83' title="bbox 1434 2732 2740 2798; baseline 0 -19"><span class='ocrx_word' id='word_1_494' title='bbox 1434 2735 1725 2798; x_wconf 78' lang='grc' dir='ltr'>συγγραφαῖς,</span> <span class='ocrx_word' id='word_1_495' title='bbox 1752 2732 1806 2781; x_wconf 85' lang='grc' dir='ltr'><strong>τὰ</strong></span> <span class='ocrx_word' id='word_1_496' title='bbox 1844 2733 1922 2797; x_wconf 84' lang='grc' dir='ltr'><strong>μὲν</strong></span> <span class='ocrx_word' id='word_1_497' title='bbox 1949 2734 2144 2792; x_wconf 82' lang='grc' dir='ltr'>Ἕλλησι</span> <span class='ocrx_word' id='word_1_498' title='bbox 2161 2771 2174 2795; x_wconf 94' lang='grc'>,</span> <span class='ocrx_word' id='word_1_499' title='bbox 2202 2733 2256 2780; x_wconf 80' lang='grc' dir='ltr'><strong>τὰ</strong></span> <span class='ocrx_word' id='word_1_500' title='bbox 2284 2732 2328 2780; x_wconf 81' lang='grc' dir='ltr'><strong>δὲ</strong></span> <span class='ocrx_word' id='word_1_501' title='bbox 2358 2732 2610 2798; x_wconf 66' lang='grc' dir='ltr'>βαρὸοίροις·</span> <span class='ocrx_word' id='word_1_502' title='bbox 2655 2732 2740 2796; x_wconf 82' lang='grc' dir='ltr'>ἐγὼ</span> 
     </span>
     <span class='ocr_line' id='line_1_84' title="bbox 1434 2804 2732 2870; baseline 0 -18"><span class='ocrx_word' id='word_1_503' title='bbox 1434 2804 1479 2852; x_wconf 81' lang='grc' dir='ltr'><strong>δὲ</strong></span> <span class='ocrx_word' id='word_1_504' title='bbox 1501 2807 1549 2852; x_wconf 82' lang='grc' dir='ltr'><strong>ἐκ</strong></span> <span class='ocrx_word' id='word_1_505' title='bbox 1569 2805 1742 2852; x_wconf 83' lang='grc' dir='ltr'>πάντων</span> <span class='ocrx_word' id='word_1_506' title='bbox 1767 2805 1928 2854; x_wconf 88' lang='grc' dir='ltr'>τούτων</span> <span class='ocrx_word' id='word_1_507' title='bbox 1949 2806 2004 2854; x_wconf 76' lang='grc' dir='ltr'><strong>τὰ</strong></span> <span class='ocrx_word' id='word_1_508' title='bbox 2022 2806 2207 2869; x_wconf 83' lang='grc' dir='ltr'>μέγιστα</span> <span class='ocrx_word' id='word_1_509' title='bbox 2233 2805 2307 2852; x_wconf 85' lang='grc' dir='ltr'><strong>καὶ</strong></span> <span class='ocrx_word' id='word_1_510' title='bbox 2327 2805 2527 2870; x_wconf 74' lang='grc' dir='ltr'>ὁμόφυλα</span> <span class='ocrx_word' id='word_1_511' title='bbox 2551 2805 2732 2862; x_wconf 75' lang='grc' dir='ltr'>συνθεὶς,</span> 
     </span>
     <span class='ocr_line' id='line_1_85' title="bbox 1434 2877 2647 2942; baseline 0 -18"><span class='ocrx_word' id='word_1_512' title='bbox 1434 2882 1584 2925; x_wconf 75' lang='grc' dir='ltr'>τοῦτον</span> <span class='ocrx_word' id='word_1_513' title='bbox 1604 2877 1752 2925; x_wconf 83' lang='grc' dir='ltr'>καινὸν</span> <span class='ocrx_word' id='word_1_514' title='bbox 1775 2879 1849 2925; x_wconf 80' lang='grc' dir='ltr'><strong>καὶ</strong></span> <span class='ocrx_word' id='word_1_515' title='bbox 1869 2880 2075 2937; x_wconf 77' lang='grc' dir='ltr'>πολυειδῆ</span> <span class='ocrx_word' id='word_1_516' title='bbox 2101 2878 2172 2926; x_wconf 78' lang='grc' dir='ltr'>τὸν</span> <span class='ocrx_word' id='word_1_517' title='bbox 2196 2878 2324 2942; x_wconf 90' lang='grc' dir='ltr'>λόγον</span> <span class='ocrx_word' id='word_1_518' title='bbox 2347 2877 2600 2941; x_wconf 87' lang='grc' dir='ltr'>ποιήσομαι.</span> <span class='ocrx_word' id='word_1_519' title='bbox 2627 2901 2647 2920; x_wconf 71' lang='lat' dir='ltr'>u</span> 
     </span>
    </p>
   </div>
   <div class='ocr_carea' id='block_1_31' title="bbox 2062 3021 2106 3062">
    <p class='ocr_par' dir='ltr' id='par_1_35' title="bbox 2062 3021 2106 3062">
     <span class='ocr_line' id='line_1_86' title="bbox 2062 3021 2106 3062; baseline 0.045 -2"><span class='ocrx_word' id='word_1_520' title='bbox 2062 3021 2106 3062; x_wconf 87' lang='grc'><strong>4.</strong></span> 
     </span>
    </p>
   </div>
   <div class='ocr_carea' id='block_1_32' title="bbox 1492 3086 2742 3161">
    <p class='ocr_par' dir='ltr' id='par_1_36' title="bbox 1492 3086 2742 3161">
     <span class='ocr_line' id='line_1_87' title="bbox 1492 3086 2742 3161; baseline 0 -13"><span class='ocrx_word' id='word_1_521' title='bbox 1492 3109 1653 3160; x_wconf 86' lang='lat' dir='ltr'><strong>Hippias</strong></span> <span class='ocrx_word' id='word_1_522' title='bbox 1665 3110 1716 3149; x_wconf 87' lang='lat' dir='ltr'><strong>ab</strong></span> <span class='ocrx_word' id='word_1_523' title='bbox 1733 3111 1822 3150; x_wconf 87' lang='lat' dir='ltr'><strong>Asia</strong></span> <span class='ocrx_word' id='word_1_524' title='bbox 1838 3111 1878 3151; x_wconf 89' lang='lat' dir='ltr'><strong>et</strong></span> <span class='ocrx_word' id='word_1_525' title='bbox 1888 3086 2053 3161; x_wconf 49' lang='lat' dir='ltr'><strong>&#39;Europa</strong></span> <span class='ocrx_word' id='word_1_526' title='bbox 2070 3111 2221 3152; x_wconf 86' lang='lat' dir='ltr'><strong>Oceani</strong></span> <span class='ocrx_word' id='word_1_527' title='bbox 2240 3111 2395 3151; x_wconf 88' lang='lat' dir='ltr'><strong>filiabus</strong></span> <span class='ocrx_word' id='word_1_528' title='bbox 2411 3111 2659 3151; x_wconf 64' lang='lat' dir='ltr'><strong>continentes</strong></span> <span class='ocrx_word' id='word_1_529' title='bbox 2674 3121 2742 3148; x_wconf 83' lang='lat' dir='ltr'><strong>no·</strong></span> 
     </span>
    </p>
   </div>
   <div class='ocr_carea' id='block_1_33' title="bbox 1418 3175 1779 3215">
    <p class='ocr_par' dir='ltr' id='par_1_37' title="bbox 1418 3175 1779 3215">
     <span class='ocr_line' id='line_1_88' title="bbox 1418 3175 1779 3215; baseline 0.006 -2"><span class='ocrx_word' id='word_1_530' title='bbox 1418 3183 1421 3186; x_wconf 86' lang='grc'><strong>’</strong></span> <span class='ocrx_word' id='word_1_531' title='bbox 1439 3185 1531 3214; x_wconf 90' lang='lat' dir='ltr'><strong>men</strong></span> <span class='ocrx_word' id='word_1_532' title='bbox 1552 3175 1697 3215; x_wconf 84' lang='lat' dir='ltr'><strong>habere</strong></span> <span class='ocrx_word' id='word_1_533' title='bbox 1712 3175 1779 3215; x_wconf 85' lang='lat' dir='ltr'><strong>ait.</strong></span> 
     </span>
    </p>
   </div>
   <div class='ocr_carea' id='block_1_34' title="bbox 1495 3255 2699 3392">
    <p class='ocr_par' dir='ltr' id='par_1_38' title="bbox 1495 3255 2699 3392">
     <span class='ocr_line' id='line_1_89' title="bbox 2062 3255 2105 3295; baseline 0 0"><span class='ocrx_word' id='word_1_534' title='bbox 2062 3255 2105 3295; x_wconf 85' lang='lat'><strong>5.</strong></span> 
     </span>
     <span class='ocr_line' id='line_1_90' title="bbox 1495 3332 2699 3392; baseline 0.002 -20"><span class='ocrx_word' id='word_1_535' title='bbox 1495 3332 1652 3384; x_wconf 83' lang='lat' dir='ltr'><strong>Ephyra</strong></span> <span class='ocrx_word' id='word_1_536' title='bbox 1670 3334 1787 3374; x_wconf 87' lang='lat' dir='ltr'><strong>tertia</strong></span> <span class='ocrx_word' id='word_1_537' title='bbox 1803 3335 1908 3374; x_wconf 83' lang='lat' dir='ltr'><strong>circa</strong></span> <span class='ocrx_word' id='word_1_538' title='bbox 1924 3335 2014 3374; x_wconf 86' lang='lat' dir='ltr'><strong>Elin</strong></span> <span class='ocrx_word' id='word_1_539' title='bbox 2029 3335 2103 3392; x_wconf 75' lang='lat' dir='ltr'><strong>sita</strong></span> <span class='ocrx_word' id='word_1_540' title='bbox 2120 3336 2202 3384; x_wconf 80' lang='lat' dir='ltr'><strong>est3</strong></span> <span class='ocrx_word' id='word_1_541' title='bbox 2220 3335 2402 3375; x_wconf 85' lang='lat' dir='ltr'><strong>meminit</strong></span> <span class='ocrx_word' id='word_1_542' title='bbox 2423 3347 2509 3386; x_wconf 88' lang='lat' dir='ltr'><strong>eJus</strong></span> <span class='ocrx_word' id='word_1_543' title='bbox 2525 3335 2699 3386; x_wconf 58' lang='lat' dir='ltr'><strong>Hippias</strong></span> 
     </span>
    </p>
   </div>
   <div class='ocr_carea' id='block_1_35' title="bbox 2056 3425 2099 3465">
    <p class='ocr_par' dir='ltr' id='par_1_39' title="bbox 2056 3425 2099 3465">
     <span class='ocr_line' id='line_1_91' title="bbox 2056 3425 2099 3465; baseline 0.023 -1"><span class='ocrx_word' id='word_1_544' title='bbox 2056 3425 2099 3465; x_wconf 90' lang='grc'><strong>6.</strong></span> 
     </span>
    </p>
   </div>
   <div class='ocr_carea' id='block_1_36' title="bbox 1441 3503 2743 4250">
    <p class='ocr_par' dir='ltr' id='par_1_40' title="bbox 1441 3503 2743 4250">
     <span class='ocr_line' id='line_1_92' title="bbox 1493 3503 2743 3558; baseline 0.002 -15"><span class='ocrx_word' id='word_1_545' title='bbox 1493 3503 1569 3543; x_wconf 86' lang='lat' dir='ltr'><strong>Sed</strong></span> <span class='ocrx_word' id='word_1_546' title='bbox 1584 3515 1636 3543; x_wconf 89' lang='lat' dir='ltr'><strong>ne</strong></span> <span class='ocrx_word' id='word_1_547' title='bbox 1651 3505 1788 3543; x_wconf 79' lang='lat' dir='ltr'><strong>nostra</strong></span> <span class='ocrx_word' id='word_1_548' title='bbox 1806 3505 1962 3555; x_wconf 86' lang='lat' dir='ltr'><strong>longius</strong></span> <span class='ocrx_word' id='word_1_549' title='bbox 1984 3506 2172 3555; x_wconf 86' lang='lat' dir='ltr'><strong>procedat</strong></span> <span class='ocrx_word' id='word_1_550' title='bbox 2190 3508 2340 3557; x_wconf 86' lang='lat' dir='ltr'><strong>oratio,</strong></span> <span class='ocrx_word' id='word_1_551' title='bbox 2369 3507 2466 3546; x_wconf 87' lang='lat' dir='ltr'><strong>dum</strong></span> <span class='ocrx_word' id='word_1_552' title='bbox 2495 3508 2572 3546; x_wconf 87' lang='lat' dir='ltr'><strong>hoc</strong></span> <span class='ocrx_word' id='word_1_553' title='bbox 2591 3507 2743 3558; x_wconf 85' lang='lat' dir='ltr'><strong>agimus</strong></span> 
     </span>
     <span class='ocr_line' id='line_1_93' title="bbox 1441 3569 2739 3625; baseline 0.002 -18"><span class='ocrx_word' id='word_1_554' title='bbox 1441 3569 1487 3607; x_wconf 90' lang='lat' dir='ltr'><strong>ut</strong></span> <span class='ocrx_word' id='word_1_555' title='bbox 1502 3569 1759 3609; x_wconf 83' lang='lat' dir='ltr'><strong>ostendamus</strong></span> <span class='ocrx_word' id='word_1_556' title='bbox 1773 3600 1784 3618; x_wconf 98' lang='lat'><strong>,</strong></span> <span class='ocrx_word' id='word_1_557' title='bbox 1808 3581 1928 3620; x_wconf 86' lang='lat' dir='ltr'><strong>quam</strong></span> <span class='ocrx_word' id='word_1_558' title='bbox 1949 3571 2027 3610; x_wconf 89' lang='lat' dir='ltr'><strong>sint</strong></span> <span class='ocrx_word' id='word_1_559' title='bbox 2043 3573 2174 3625; x_wconf 80' lang='lat' dir='ltr'><strong>Graeci</strong></span> <span class='ocrx_word' id='word_1_560' title='bbox 2188 3573 2383 3623; x_wconf 74' lang='lat' dir='ltr'><strong>proclives</strong></span> <span class='ocrx_word' id='word_1_561' title='bbox 2397 3573 2448 3611; x_wconf 88' lang='lat' dir='ltr'><strong>ad</strong></span> <span class='ocrx_word' id='word_1_562' title='bbox 2473 3573 2624 3612; x_wconf 82' lang='lat' dir='ltr'><strong>furtum</strong></span> <span class='ocrx_word' id='word_1_563' title='bbox 2641 3575 2680 3612; x_wconf 89' lang='lat' dir='ltr'><strong>et</strong></span> <span class='ocrx_word' id='word_1_564' title='bbox 2701 3573 2739 3611; x_wconf 91' lang='lat' dir='ltr'><strong>in</strong></span> 
     </span>
     <span class='ocr_line' id='line_1_94' title="bbox 1441 3631 2741 3686; baseline 0.002 -16"><span class='ocrx_word' id='word_1_565' title='bbox 1441 3631 1687 3672; x_wconf 88' lang='lat' dir='ltr'><strong>orationibus</strong></span> <span class='ocrx_word' id='word_1_566' title='bbox 1704 3636 1745 3672; x_wconf 87' lang='lat' dir='ltr'><strong>et</strong></span> <span class='ocrx_word' id='word_1_567' title='bbox 1764 3633 1806 3672; x_wconf 92' lang='lat' dir='ltr'><strong>in</strong></span> <span class='ocrx_word' id='word_1_568' title='bbox 1827 3634 2101 3684; x_wconf 83' lang='lat' dir='ltr'><strong>dogmatibus,</strong></span> <span class='ocrx_word' id='word_1_569' title='bbox 2130 3647 2201 3686; x_wconf 86' lang='lat' dir='ltr'><strong>age</strong></span> <span class='ocrx_word' id='word_1_570' title='bbox 2217 3636 2463 3675; x_wconf 86' lang='lat' dir='ltr'><strong>adducamus</strong></span> <span class='ocrx_word' id='word_1_571' title='bbox 2481 3636 2659 3686; x_wconf 86' lang='lat' dir='ltr'><strong>Hippiam</strong></span> <span class='ocrx_word' id='word_1_572' title='bbox 2677 3647 2741 3674; x_wconf 88' lang='lat' dir='ltr'><strong>so-</strong></span> 
     </span>
     <span class='ocr_line' id='line_1_95' title="bbox 1443 3695 2741 3748; baseline 0.002 -15"><span class='ocrx_word' id='word_1_573' title='bbox 1443 3695 1614 3745; x_wconf 85' lang='lat' dir='ltr'><strong>phistam</strong></span> <span class='ocrx_word' id='word_1_574' title='bbox 1642 3696 1802 3747; x_wconf 87' lang='lat' dir='ltr'><strong>Eleum,</strong></span> <span class='ocrx_word' id='word_1_575' title='bbox 1832 3698 1902 3747; x_wconf 90' lang='lat' dir='ltr'><strong>qui</strong></span> <span class='ocrx_word' id='word_1_576' title='bbox 1933 3701 2070 3748; x_wconf 86' lang='lat' dir='ltr'><strong>aperte</strong></span> <span class='ocrx_word' id='word_1_577' title='bbox 2095 3699 2304 3738; x_wconf 91' lang='lat' dir='ltr'><strong>nobiscum</strong></span> <span class='ocrx_word' id='word_1_578' title='bbox 2329 3700 2448 3748; x_wconf 84' lang='lat' dir='ltr'><strong>facit,</strong></span> <span class='ocrx_word' id='word_1_579' title='bbox 2482 3700 2522 3739; x_wconf 89' lang='lat' dir='ltr'><strong>et</strong></span> <span class='ocrx_word' id='word_1_580' title='bbox 2548 3699 2589 3738; x_wconf 91' lang='lat' dir='ltr'><strong>id</strong></span> <span class='ocrx_word' id='word_1_581' title='bbox 2611 3699 2741 3748; x_wconf 69' lang='lat' dir='ltr'><strong>ipsum</strong></span> 
     </span>
     <span class='ocr_line' id='line_1_96' title="bbox 1442 3759 2736 3813; baseline 0.002 -16"><span class='ocrx_word' id='word_1_582' title='bbox 1442 3759 1663 3808; x_wconf 83' lang='lat' dir='ltr'><strong>tractabat,</strong></span> <span class='ocrx_word' id='word_1_583' title='bbox 1684 3761 1794 3810; x_wconf 88' lang='lat' dir='ltr'><strong>quod</strong></span> <span class='ocrx_word' id='word_1_584' title='bbox 1815 3761 1866 3800; x_wconf 91' lang='lat' dir='ltr'><strong>ad</strong></span> <span class='ocrx_word' id='word_1_585' title='bbox 1892 3761 2224 3802; x_wconf 89' lang='lat' dir='ltr'><strong>considerandum</strong></span> <span class='ocrx_word' id='word_1_586' title='bbox 2252 3763 2366 3802; x_wconf 91' lang='lat' dir='ltr'><strong>nobis</strong></span> <span class='ocrx_word' id='word_1_587' title='bbox 2391 3765 2451 3803; x_wconf 89' lang='lat' dir='ltr'><strong>est</strong></span> <span class='ocrx_word' id='word_1_588' title='bbox 2477 3762 2736 3813; x_wconf 83' lang='lat' dir='ltr'><strong>propositum.</strong></span> 
     </span>
     <span class='ocr_line' id='line_1_97' title="bbox 1443 3822 2739 3875; baseline 0.002 -15"><span class='ocrx_word' id='word_1_589' title='bbox 1443 3822 1508 3861; x_wconf 89' lang='lat' dir='ltr'><strong>Sic</strong></span> <span class='ocrx_word' id='word_1_590' title='bbox 1522 3824 1656 3862; x_wconf 82' lang='lat' dir='ltr'><strong>autem</strong></span> <span class='ocrx_word' id='word_1_591' title='bbox 1676 3823 1773 3863; x_wconf 87' lang='lat' dir='ltr'><strong>dicit</strong></span> <span class='ocrx_word' id='word_1_592' title='bbox 1795 3841 1805 3864; x_wconf 75' lang='grc' dir='ltr'><strong><em>ε</em></strong></span> <span class='ocrx_word' id='word_1_593' title='bbox 1833 3840 1852 3859; x_wconf 87' lang='lat'>«</span> <span class='ocrx_word' id='word_1_594' title='bbox 1872 3828 1933 3864; x_wconf 81' lang='lat' dir='ltr'><strong>Ex</strong></span> <span class='ocrx_word' id='word_1_595' title='bbox 1949 3825 2010 3864; x_wconf 86' lang='lat' dir='ltr'><strong>his</strong></span> <span class='ocrx_word' id='word_1_596' title='bbox 2032 3826 2196 3866; x_wconf 79' lang='lat' dir='ltr'><strong>sortasse</strong></span> <span class='ocrx_word' id='word_1_597' title='bbox 2219 3826 2327 3866; x_wconf 87' lang='lat' dir='ltr'><strong>dicta</strong></span> <span class='ocrx_word' id='word_1_598' title='bbox 2353 3828 2445 3866; x_wconf 89' lang='lat' dir='ltr'><strong>sunt</strong></span> <span class='ocrx_word' id='word_1_599' title='bbox 2471 3826 2547 3864; x_wconf 86' lang='lat' dir='ltr'><strong>alia</strong></span> <span class='ocrx_word' id='word_1_600' title='bbox 2577 3825 2739 3875; x_wconf 90' lang='lat' dir='ltr'><strong>quidem</strong></span> 
     </span>
     <span class='ocr_line' id='line_1_98' title="bbox 1443 3885 2739 3937; baseline 0.001 -13"><span class='ocrx_word' id='word_1_601' title='bbox 1443 3885 1494 3924; x_wconf 88' lang='lat' dir='ltr'><strong>ab</strong></span> <span class='ocrx_word' id='word_1_602' title='bbox 1511 3887 1686 3936; x_wconf 87' lang='lat' dir='ltr'><strong>Orpheo,</strong></span> <span class='ocrx_word' id='word_1_603' title='bbox 1701 3887 1778 3926; x_wconf 87' lang='lat' dir='ltr'><strong>alia</strong></span> <span class='ocrx_word' id='word_1_604' title='bbox 1793 3899 1816 3927; x_wconf 91' lang='lat' dir='ltr'><strong>a</strong></span> <span class='ocrx_word' id='word_1_605' title='bbox 1832 3891 1984 3928; x_wconf 85' lang='lat' dir='ltr'><strong>Musaeo</strong></span> <span class='ocrx_word' id='word_1_606' title='bbox 1997 3889 2186 3937; x_wconf 90' lang='lat' dir='ltr'><strong>breviter,</strong></span> <span class='ocrx_word' id='word_1_607' title='bbox 2211 3891 2286 3929; x_wconf 86' lang='lat' dir='ltr'><strong>alia</strong></span> <span class='ocrx_word' id='word_1_608' title='bbox 2302 3890 2394 3929; x_wconf 86' lang='lat' dir='ltr'><strong>alibi</strong></span> <span class='ocrx_word' id='word_1_609' title='bbox 2415 3906 2423 3928; x_wconf 92' lang='lat'>:</span> <span class='ocrx_word' id='word_1_610' title='bbox 2442 3890 2517 3928; x_wconf 88' lang='lat' dir='ltr'><strong>alia</strong></span> <span class='ocrx_word' id='word_1_611' title='bbox 2533 3891 2665 3927; x_wconf 81' lang='lat' dir='ltr'><strong>autem</strong></span> <span class='ocrx_word' id='word_1_612' title='bbox 2689 3889 2739 3926; x_wconf 86' lang='lat' dir='ltr'><strong>ab</strong></span> 
     </span>
     <span class='ocr_line' id='line_1_99' title="bbox 1444 3949 2740 4002; baseline 0.002 -15"><span class='ocrx_word' id='word_1_613' title='bbox 1444 3949 1642 4000; x_wconf 86' lang='lat' dir='ltr'><strong>Hesiodo,</strong></span> <span class='ocrx_word' id='word_1_614' title='bbox 1662 3950 1738 3990; x_wconf 87' lang='lat' dir='ltr'><strong>alia</strong></span> <span class='ocrx_word' id='word_1_615' title='bbox 1768 3951 1819 3990; x_wconf 91' lang='lat' dir='ltr'><strong>ab</strong></span> <span class='ocrx_word' id='word_1_616' title='bbox 1843 3954 2042 4002; x_wconf 80' lang='lat' dir='ltr'><strong>Homem,</strong></span> <span class='ocrx_word' id='word_1_617' title='bbox 2063 3953 2139 3992; x_wconf 88' lang='lat' dir='ltr'><strong>alia</strong></span> <span class='ocrx_word' id='word_1_618' title='bbox 2160 3954 2210 3992; x_wconf 87' lang='lat' dir='ltr'><strong>ab</strong></span> <span class='ocrx_word' id='word_1_619' title='bbox 2236 3954 2322 3993; x_wconf 88' lang='lat' dir='ltr'><strong>aliis</strong></span> <span class='ocrx_word' id='word_1_620' title='bbox 2341 3953 2489 4002; x_wconf 88' lang='lat' dir='ltr'><strong>poetis;</strong></span> <span class='ocrx_word' id='word_1_621' title='bbox 2514 3951 2589 3990; x_wconf 79' lang='lat' dir='ltr'><strong>alia</strong></span> <span class='ocrx_word' id='word_1_622' title='bbox 2616 3951 2667 3989; x_wconf 88' lang='lat' dir='ltr'><strong>ab</strong></span> <span class='ocrx_word' id='word_1_623' title='bbox 2695 3951 2740 3989; x_wconf 74' lang='lat' dir='ltr'><strong>it&#39;s</strong></span> 
     </span>
     <span class='ocr_line' id='line_1_100' title="bbox 1443 4014 2736 4065; baseline 0 -14"><span class='ocrx_word' id='word_1_624' title='bbox 1443 4023 1538 4062; x_wconf 84' lang='lat' dir='ltr'><strong>quae</strong></span> <span class='ocrx_word' id='word_1_625' title='bbox 1574 4014 1722 4063; x_wconf 86' lang='lat' dir='ltr'><strong>scripta</strong></span> <span class='ocrx_word' id='word_1_626' title='bbox 1747 4017 1841 4054; x_wconf 89' lang='lat' dir='ltr'><strong>sunt</strong></span> <span class='ocrx_word' id='word_1_627' title='bbox 1867 4016 1997 4055; x_wconf 84' lang='lat' dir='ltr'><strong>soluta</strong></span> <span class='ocrx_word' id='word_1_628' title='bbox 2025 4017 2226 4065; x_wconf 89' lang='lat' dir='ltr'><strong>oratione;</strong></span> <span class='ocrx_word' id='word_1_629' title='bbox 2252 4017 2328 4055; x_wconf 87' lang='lat' dir='ltr'><strong>alia</strong></span> <span class='ocrx_word' id='word_1_630' title='bbox 2355 4027 2377 4054; x_wconf 88' lang='lat' dir='ltr'><strong>a</strong></span> <span class='ocrx_word' id='word_1_631' title='bbox 2405 4015 2573 4062; x_wconf 84' lang='lat' dir='ltr'><strong>Graecis,</strong></span> <span class='ocrx_word' id='word_1_632' title='bbox 2611 4014 2687 4052; x_wconf 87' lang='lat' dir='ltr'><strong>alia</strong></span> <span class='ocrx_word' id='word_1_633' title='bbox 2714 4025 2736 4052; x_wconf 86' lang='lat' dir='ltr'><strong>a</strong></span> 
     </span>
     <span class='ocr_line' id='line_1_101' title="bbox 1443 4073 2737 4128; baseline 0.002 -16"><span class='ocrx_word' id='word_1_634' title='bbox 1443 4073 1632 4114; x_wconf 83' lang='lat' dir='ltr'><strong>barbaris.</strong></span> <span class='ocrx_word' id='word_1_635' title='bbox 1655 4079 1735 4126; x_wconf 84' lang='lat' dir='ltr'><strong>Ego</strong></span> <span class='ocrx_word' id='word_1_636' title='bbox 1762 4079 1898 4116; x_wconf 86' lang='lat' dir='ltr'><strong>autem</strong></span> <span class='ocrx_word' id='word_1_637' title='bbox 1918 4089 2043 4128; x_wconf 90' lang='lat' dir='ltr'><strong>quum</strong></span> <span class='ocrx_word' id='word_1_638' title='bbox 2064 4090 2115 4118; x_wconf 81' lang='lat' dir='ltr'><strong>ex</strong></span> <span class='ocrx_word' id='word_1_639' title='bbox 2135 4079 2195 4118; x_wconf 87' lang='lat' dir='ltr'><strong>his</strong></span> <span class='ocrx_word' id='word_1_640' title='bbox 2224 4078 2409 4117; x_wconf 88' lang='lat' dir='ltr'><strong>omnibus</strong></span> <span class='ocrx_word' id='word_1_641' title='bbox 2436 4089 2499 4125; x_wconf 78' lang='lat' dir='ltr'><strong>ca,</strong></span> <span class='ocrx_word' id='word_1_642' title='bbox 2523 4088 2614 4126; x_wconf 81' lang='lat' dir='ltr'><strong>quac</strong></span> <span class='ocrx_word' id='word_1_643' title='bbox 2644 4079 2737 4115; x_wconf 88' lang='lat' dir='ltr'><strong>suut</strong></span> 
     </span>
     <span class='ocr_line' id='line_1_102' title="bbox 1445 4138 2738 4191; baseline 0.002 -15"><span class='ocrx_word' id='word_1_644' title='bbox 1445 4138 1621 4178; x_wconf 81' lang='lat' dir='ltr'><strong>maxima</strong></span> <span class='ocrx_word' id='word_1_645' title='bbox 1647 4141 1687 4179; x_wconf 86' lang='lat' dir='ltr'><strong>et</strong></span> <span class='ocrx_word' id='word_1_646' title='bbox 1707 4140 1883 4190; x_wconf 85' lang='lat' dir='ltr'><strong>ejusdem</strong></span> <span class='ocrx_word' id='word_1_647' title='bbox 1903 4142 2070 4191; x_wconf 84' lang='lat' dir='ltr'><strong>generis,</strong></span> <span class='ocrx_word' id='word_1_648' title='bbox 2091 4152 2351 4191; x_wconf 81' lang='lat' dir='ltr'><strong>composuero</strong></span> <span class='ocrx_word' id='word_1_649' title='bbox 2366 4170 2376 4188; x_wconf 90' lang='lat'><strong>,</strong></span> <span class='ocrx_word' id='word_1_650' title='bbox 2396 4141 2497 4179; x_wconf 73' lang='lat' dir='ltr'><strong>lianc</strong></span> <span class='ocrx_word' id='word_1_651' title='bbox 2524 4151 2669 4179; x_wconf 74' lang='lat' dir='ltr'><strong>novam</strong></span> <span class='ocrx_word' id='word_1_652' title='bbox 2697 4140 2738 4179; x_wconf 75' lang='lat' dir='ltr'><strong>ct</strong></span> 
     </span>
     <span class='ocr_line' id='line_1_103' title="bbox 1446 4198 2246 4250; baseline 0.005 -11"><span class='ocrx_word' id='word_1_653' title='bbox 1446 4198 1732 4250; x_wconf 76' lang='lat' dir='ltr'><strong>multiformem</strong></span> <span class='ocrx_word' id='word_1_654' title='bbox 1751 4204 1956 4243; x_wconf 82' lang='lat' dir='ltr'><strong>conficiam</strong></span> <span class='ocrx_word' id='word_1_655' title='bbox 1976 4205 2208 4243; x_wconf 84' lang='lat' dir='ltr'><strong>orationem.</strong></span> <span class='ocrx_word' id='word_1_656' title='bbox 2229 4220 2246 4237; x_wconf 76' lang='grc' dir='ltr'>υ</span> 
     </span>
    </p>
   </div>
  </div>
 </body>
</html>
