<?xml version="1.0" encoding="UTF-8"?>
<!DOCTYPE html PUBLIC "-//W3C//DTD XHTML 1.0 Transitional//EN"
    "http://www.w3.org/TR/xhtml1/DTD/xhtml1-transitional.dtd">
<html xmlns="http://www.w3.org/1999/xhtml" xml:lang="en" lang="en">
 <head>
  <title>
</title>
<meta http-equiv="Content-Type" content="text/html;charset=utf-8" />
  <meta name='ocr-system' content='tesseract 3.04.00' />
  <meta name='ocr-capabilities' content='ocr_page ocr_carea ocr_par ocr_line ocrx_word'/>
</head>
<body>
  <div class='ocr_page' id='page_1' title='image "./fragmentahistori02mueluoft_0639.png"; bbox 0 0 3008 4542; ppageno 0'>
   <div class='ocr_carea' id='block_1_1' title="bbox 0 449 158 3234">
    <p class='ocr_par' dir='ltr' id='par_1_1' title="bbox 0 449 158 3234">
     <span class='ocr_line' id='line_1_1' title="bbox 0 449 158 716; baseline 0 -151"><span class='ocrx_word' id='word_1_1' title='bbox 0 449 158 716; x_wconf 95' lang='lat' dir='ltr'><strong>     </strong></span> 
     </span>
     <span class='ocr_line' id='line_1_2' title="bbox 0 716 158 806; baseline 0 0"><span class='ocrx_word' id='word_1_2' title='bbox 0 716 158 806; x_wconf 95' lang='lat' dir='ltr'><strong>  </strong></span> 
     </span>
     <span class='ocr_line' id='line_1_3' title="bbox 0 806 157 865; baseline 0 0"><span class='ocrx_word' id='word_1_3' title='bbox 0 806 157 865; x_wconf 95' lang='lat' dir='ltr'><strong>  </strong></span> 
     </span>
     <span class='ocr_line' id='line_1_4' title="bbox 0 865 157 936; baseline 0 0"><span class='ocrx_word' id='word_1_4' title='bbox 0 865 157 936; x_wconf 95' lang='lat' dir='ltr'><strong>  </strong></span> 
     </span>
     <span class='ocr_line' id='line_1_5' title="bbox 0 936 158 1096; baseline 0 -11"><span class='ocrx_word' id='word_1_5' title='bbox 0 936 158 1096; x_wconf 95' lang='lat' dir='ltr'><strong>   </strong></span> 
     </span>
     <span class='ocr_line' id='line_1_6' title="bbox 0 1096 156 1311; baseline 0 -26"><span class='ocrx_word' id='word_1_6' title='bbox 0 1096 156 1311; x_wconf 95' lang='lat' dir='ltr'><strong>    </strong></span> 
     </span>
     <span class='ocr_line' id='line_1_7' title="bbox 0 1311 157 1458; baseline 0 -26"><span class='ocrx_word' id='word_1_7' title='bbox 0 1311 157 1458; x_wconf 95' lang='lat' dir='ltr'><strong>   </strong></span> 
     </span>
     <span class='ocr_line' id='line_1_8' title="bbox 0 1458 157 1530; baseline 0 0"><span class='ocrx_word' id='word_1_8' title='bbox 0 1458 157 1530; x_wconf 95' lang='lat' dir='ltr'><strong>  </strong></span> 
     </span>
     <span class='ocr_line' id='line_1_9' title="bbox 0 1530 157 1668; baseline 0 -21"><span class='ocrx_word' id='word_1_9' title='bbox 0 1530 157 1668; x_wconf 95' lang='lat' dir='ltr'><strong>    </strong></span> 
     </span>
     <span class='ocr_line' id='line_1_10' title="bbox 0 1668 156 1733; baseline 0 0"><span class='ocrx_word' id='word_1_10' title='bbox 0 1668 156 1733; x_wconf 95' lang='lat' dir='ltr'><strong>  </strong></span> 
     </span>
     <span class='ocr_line' id='line_1_11' title="bbox 0 1733 157 1880; baseline 0 -15"><span class='ocrx_word' id='word_1_11' title='bbox 0 1733 157 1880; x_wconf 95' lang='lat' dir='ltr'><strong>   </strong></span> 
     </span>
     <span class='ocr_line' id='line_1_12' title="bbox 0 1880 157 2013; baseline 0 -69"><span class='ocrx_word' id='word_1_12' title='bbox 0 1880 157 2013; x_wconf 95' lang='lat' dir='ltr'><strong>   </strong></span> 
     </span>
     <span class='ocr_line' id='line_1_13' title="bbox 0 2013 158 2096; baseline 0 0"><span class='ocrx_word' id='word_1_13' title='bbox 0 2013 158 2096; x_wconf 95' lang='lat' dir='ltr'><strong>  </strong></span> 
     </span>
     <span class='ocr_line' id='line_1_14' title="bbox 0 2096 158 2242; baseline 0 -13"><span class='ocrx_word' id='word_1_14' title='bbox 0 2096 158 2242; x_wconf 95' lang='lat' dir='ltr'><strong>   </strong></span> 
     </span>
     <span class='ocr_line' id='line_1_15' title="bbox 0 2242 156 2397; baseline 0 -22"><span class='ocrx_word' id='word_1_15' title='bbox 0 2242 156 2397; x_wconf 95' lang='lat' dir='ltr'><strong>   </strong></span> 
     </span>
     <span class='ocr_line' id='line_1_16' title="bbox 0 2397 156 2532; baseline 0 -18"><span class='ocrx_word' id='word_1_16' title='bbox 0 2397 156 2532; x_wconf 95' lang='lat' dir='ltr'><strong>   </strong></span> 
     </span>
     <span class='ocr_line' id='line_1_17' title="bbox 0 2532 158 2682; baseline 0 -18"><span class='ocrx_word' id='word_1_17' title='bbox 0 2532 158 2682; x_wconf 95' lang='lat' dir='ltr'><strong>   </strong></span> 
     </span>
     <span class='ocr_line' id='line_1_18' title="bbox 0 2682 158 2885; baseline 0 -2"><span class='ocrx_word' id='word_1_18' title='bbox 0 2682 158 2885; x_wconf 95' lang='lat' dir='ltr'><strong>    </strong></span> 
     </span>
     <span class='ocr_line' id='line_1_19' title="bbox 0 2885 158 3042; baseline 0 -16"><span class='ocrx_word' id='word_1_19' title='bbox 0 2885 158 3042; x_wconf 95' lang='lat' dir='ltr'><strong>    </strong></span> 
     </span>
     <span class='ocr_line' id='line_1_20' title="bbox 0 3042 158 3180; baseline 0 -30"><span class='ocrx_word' id='word_1_20' title='bbox 0 3042 158 3180; x_wconf 95' lang='lat' dir='ltr'><strong>   </strong></span> 
     </span>
     <span class='ocr_line' id='line_1_21' title="bbox 0 3180 158 3234; baseline 0 1308"><span class='ocrx_word' id='word_1_21' title='bbox 0 3180 158 3234; x_wconf 95' lang='lat' dir='ltr'><strong> </strong></span> 
     </span>
    </p>
   </div>
   <div class='ocr_carea' id='block_1_2' title="bbox 46 405 1454 3564">
    <p class='ocr_par' dir='ltr' id='par_1_2' title="bbox 91 405 1453 1043">
     <span class='ocr_line' id='line_1_22' title="bbox 134 405 1449 464; baseline -0.003 -8"><span class='ocrx_word' id='word_1_22' title='bbox 134 411 259 460; x_wconf 54' lang='lat' dir='ltr'><strong>§Seri</strong></span> <span class='ocrx_word' id='word_1_23' title='bbox 296 413 370 464; x_wconf 82' lang='grc' dir='ltr'><strong>ΙΙ.</strong></span> <span class='ocrx_word' id='word_1_24' title='bbox 411 407 550 454; x_wconf 90' lang='lat' dir='ltr'><strong>Nulla</strong></span> <span class='ocrx_word' id='word_1_25' title='bbox 591 407 688 464; x_wconf 90' lang='lat' dir='ltr'><strong>ejus</strong></span> <span class='ocrx_word' id='word_1_26' title='bbox 729 405 906 450; x_wconf 87' lang='lat' dir='ltr'><strong>mentio</strong></span> <span class='ocrx_word' id='word_1_27' title='bbox 949 405 1075 464; x_wconf 86' lang='lat' dir='ltr'><strong>apud</strong></span> <span class='ocrx_word' id='word_1_28' title='bbox 1116 407 1449 452; x_wconf 82' lang='lat' dir='ltr'><strong>Manethonem</strong></span> 
     </span>
     <span class='ocr_line' id='line_1_23' title="bbox 141 465 1450 536; baseline -0.002 -10"><span class='ocrx_word' id='word_1_29' title='bbox 141 465 150 484; x_wconf 69' lang='grc'>”</span> <span class='ocrx_word' id='word_1_30' title='bbox 157 472 366 531; x_wconf 70' lang='lat' dir='ltr'><strong>Africani</strong></span> <span class='ocrx_word' id='word_1_31' title='bbox 386 489 433 526; x_wconf 90' lang='lat' dir='ltr'><strong>et</strong></span> <span class='ocrx_word' id='word_1_32' title='bbox 453 479 657 526; x_wconf 85' lang='lat' dir='ltr'><strong>Eusebii.</strong></span> <span class='ocrx_word' id='word_1_33' title='bbox 693 479 719 522; x_wconf 89' lang='lat' dir='ltr'><strong>J</strong></span> <span class='ocrx_word' id='word_1_34' title='bbox 723 478 921 536; x_wconf 88' lang='lat' dir='ltr'><strong>osephus</strong></span> <span class='ocrx_word' id='word_1_35' title='bbox 943 485 1099 521; x_wconf 90' lang='lat' dir='ltr'><strong>tamen</strong></span> <span class='ocrx_word' id='word_1_36' title='bbox 1133 478 1184 523; x_wconf 90' lang='lat' dir='ltr'><strong>in</strong></span> <span class='ocrx_word' id='word_1_37' title='bbox 1214 493 1267 522; x_wconf 89' lang='lat' dir='ltr'><strong>ea</strong></span> <span class='ocrx_word' id='word_1_38' title='bbox 1284 493 1450 524; x_wconf 88' lang='lat' dir='ltr'><strong>narra-</strong></span> 
     </span>
     <span class='ocr_line' id='line_1_24' title="bbox 96 533 1452 613; baseline 0.001 -20"><span class='ocrx_word' id='word_1_39' title='bbox 96 574 109 598; x_wconf 62' lang='lat'><strong>=.,</strong></span> <span class='ocrx_word' id='word_1_40' title='bbox 145 533 309 609; x_wconf 64' lang='lat' dir='ltr'><strong>Bone,</strong></span> <span class='ocrx_word' id='word_1_41' title='bbox 331 567 470 612; x_wconf 91' lang='lat' dir='ltr'><strong>quam</strong></span> <span class='ocrx_word' id='word_1_42' title='bbox 495 547 798 613; x_wconf 79' lang='grc' dir='ltr'>παρεγγράψαι</span> <span class='ocrx_word' id='word_1_43' title='bbox 813 549 1143 611; x_wconf 85' lang='lat' dir='ltr'><strong>Manethonem</strong></span> <span class='ocrx_word' id='word_1_44' title='bbox 1158 549 1288 610; x_wconf 86' lang='lat' dir='ltr'><strong>dicit,</strong></span> <span class='ocrx_word' id='word_1_45' title='bbox 1315 551 1452 609; x_wconf 90' lang='lat' dir='ltr'><strong>ponit</strong></span> 
     </span>
     <span class='ocr_line' id='line_1_25' title="bbox 91 620 1451 684; baseline 0.006 -26"><span class='ocrx_word' id='word_1_46' title='bbox 91 622 102 662; x_wconf 78' lang='grc' dir='ltr'><strong>,ἶ</strong></span> <span class='ocrx_word' id='word_1_47' title='bbox 158 625 443 684; x_wconf 62' lang='lat' dir='ltr'><strong>Amenophis</strong></span> <span class='ocrx_word' id='word_1_48' title='bbox 459 621 607 667; x_wconf 79' lang='lat' dir='ltr'><strong>silium</strong></span> <span class='ocrx_word' id='word_1_49' title='bbox 622 623 784 667; x_wconf 89' lang='lat' dir='ltr'><strong>Sethos</strong></span> <span class='ocrx_word' id='word_1_50' title='bbox 799 655 811 676; x_wconf 93' lang='lat'>‚</span> <span class='ocrx_word' id='word_1_51' title='bbox 834 622 916 679; x_wconf 93' lang='lat' dir='ltr'><strong>qui</strong></span> <span class='ocrx_word' id='word_1_52' title='bbox 939 620 999 664; x_wconf 91' lang='lat' dir='ltr'><strong>de</strong></span> <span class='ocrx_word' id='word_1_53' title='bbox 1017 621 1091 665; x_wconf 81' lang='lat' dir='ltr'><strong>avi</strong></span> <span class='ocrx_word' id='word_1_54' title='bbox 1105 622 1296 666; x_wconf 92' lang='lat' dir='ltr'><strong>nomine</strong></span> <span class='ocrx_word' id='word_1_55' title='bbox 1313 623 1451 666; x_wconf 90' lang='lat' dir='ltr'><strong>etiam</strong></span> 
     </span>
     <span class='ocr_line' id='line_1_26' title="bbox 132 692 1451 754; baseline -0.006 -11"><span class='ocrx_word' id='word_1_56' title='bbox 132 703 141 747; x_wconf 67' lang='lat' dir='ltr'><em>j</em></span> <span class='ocrx_word' id='word_1_57' title='bbox 151 695 391 744; x_wconf 71' lang='lat' dir='ltr'><strong>‘Ramesses</strong></span> <span class='ocrx_word' id='word_1_58' title='bbox 405 695 660 754; x_wconf 89' lang='lat' dir='ltr'><strong>appellatus</strong></span> <span class='ocrx_word' id='word_1_59' title='bbox 677 694 750 740; x_wconf 89' lang='lat' dir='ltr'><strong>sit.</strong></span> <span class='ocrx_word' id='word_1_60' title='bbox 773 694 909 736; x_wconf 87' lang='lat' dir='ltr'><strong>Hunc</strong></span> <span class='ocrx_word' id='word_1_61' title='bbox 924 693 1178 736; x_wconf 90' lang='lat' dir='ltr'><strong>Bunsenius</strong></span> <span class='ocrx_word' id='word_1_62' title='bbox 1191 692 1451 751; x_wconf 84' lang='lat' dir='ltr'><strong>probabili-</strong></span> 
     </span>
     <span class='ocr_line' id='line_1_27' title="bbox 124 763 1452 822; baseline -0.002 -11"><span class='ocrx_word' id='word_1_63' title='bbox 124 763 228 818; x_wconf 54' lang='lat' dir='ltr'><strong>„ter</strong></span> <span class='ocrx_word' id='word_1_64' title='bbox 241 777 394 812; x_wconf 89' lang='lat' dir='ltr'><strong>censet</strong></span> <span class='ocrx_word' id='word_1_65' title='bbox 405 782 498 812; x_wconf 91' lang='lat' dir='ltr'><strong>esse</strong></span> <span class='ocrx_word' id='word_1_66' title='bbox 508 767 602 812; x_wconf 87' lang='lat' dir='ltr'><strong>Seti</strong></span> <span class='ocrx_word' id='word_1_67' title='bbox 610 767 672 810; x_wconf 94' lang='grc' dir='ltr'><strong>ΙΙ.</strong></span> <span class='ocrx_word' id='word_1_68' title='bbox 686 764 892 809; x_wconf 85' lang='lat' dir='ltr'><strong>Africani</strong></span> <span class='ocrx_word' id='word_1_69' title='bbox 905 778 1093 822; x_wconf 89' lang='lat' dir='ltr'><strong>quoque</strong></span> <span class='ocrx_word' id='word_1_70' title='bbox 1111 773 1274 808; x_wconf 86' lang='lat' dir='ltr'>auctor</span> <span class='ocrx_word' id='word_1_71' title='bbox 1291 764 1349 809; x_wconf 89' lang='lat' dir='ltr'><strong>de</strong></span> <span class='ocrx_word' id='word_1_72' title='bbox 1359 765 1452 809; x_wconf 89' lang='lat' dir='ltr'><strong>hoc</strong></span> 
     </span>
     <span class='ocr_line' id='line_1_28' title="bbox 96 822 1452 896; baseline -0.001 -15"><span class='ocrx_word' id='word_1_73' title='bbox 96 824 252 887; x_wconf 63' lang='lat' dir='ltr'><strong>·!‡‘†Seti</strong></span> <span class='ocrx_word' id='word_1_74' title='bbox 273 839 566 887; x_wconf 86' lang='lat' dir='ltr'><strong>II-Ramesse</strong></span> <span class='ocrx_word' id='word_1_75' title='bbox 582 836 760 896; x_wconf 86' lang='lat' dir='ltr'><strong>aliquid</strong></span> <span class='ocrx_word' id='word_1_76' title='bbox 778 836 1001 895; x_wconf 90' lang='lat' dir='ltr'><strong>reperisse</strong></span> <span class='ocrx_word' id='word_1_77' title='bbox 1016 837 1129 879; x_wconf 93' lang='lat' dir='ltr'><strong>mihi</strong></span> <span class='ocrx_word' id='word_1_78' title='bbox 1153 836 1353 883; x_wconf 87' lang='lat' dir='ltr'><strong>videtur.</strong></span> <span class='ocrx_word' id='word_1_79' title='bbox 1379 837 1452 881; x_wconf 92' lang='lat' dir='ltr'><strong>Sic</strong></span> 
     </span>
     <span class='ocr_line' id='line_1_29' title="bbox 157 908 1453 994; baseline -0.002 -37.139"><span class='ocrx_word' id='word_1_80' title='bbox 157 913 278 994; x_wconf 60' lang='lat' dir='ltr'><strong>fnim</strong></span> <span class='ocrx_word' id='word_1_81' title='bbox 297 912 586 972; x_wconf 82' lang='lat' dir='ltr'>intelligitur,</span> <span class='ocrx_word' id='word_1_82' title='bbox 609 925 694 954; x_wconf 90' lang='lat' dir='ltr'><strong>cur</strong></span> <span class='ocrx_word' id='word_1_83' title='bbox 703 910 950 953; x_wconf 87' lang='lat' dir='ltr'><strong>Ramessen</strong></span> <span class='ocrx_word' id='word_1_84' title='bbox 965 909 1010 952; x_wconf 92' lang='lat' dir='ltr'><strong>II</strong></span> <span class='ocrx_word' id='word_1_85' title='bbox 1024 924 1049 952; x_wconf 88' lang='lat' dir='ltr'><strong>e</strong></span> <span class='ocrx_word' id='word_1_86' title='bbox 1069 908 1276 967; x_wconf 83' lang='lat' dir='ltr'>dynastia</span> <span class='ocrx_word' id='word_1_87' title='bbox 1294 910 1453 955; x_wconf 86' lang='lat' dir='ltr'><strong>XVIII</strong></span> 
     </span>
     <span class='ocr_line' id='line_1_30' title="bbox 99 970 1311 1043; baseline 0.002 -20"><span class='ocrx_word' id='word_1_88' title='bbox 99 970 134 999; x_wconf 86' lang='lat'><strong>.·</strong></span> <span class='ocrx_word' id='word_1_89' title='bbox 155 996 205 1029; x_wconf 82' lang='lat' dir='ltr'><strong>m</strong></span> <span class='ocrx_word' id='word_1_90' title='bbox 222 992 439 1043; x_wconf 88' lang='lat' dir='ltr'><strong>quartum</strong></span> <span class='ocrx_word' id='word_1_91' title='bbox 466 984 622 1027; x_wconf 92' lang='lat' dir='ltr'><strong>locum</strong></span> <span class='ocrx_word' id='word_1_92' title='bbox 638 973 856 1041; x_wconf 74' lang='lat' dir='ltr'>dynastiae</span> <span class='ocrx_word' id='word_1_93' title='bbox 873 981 991 1024; x_wconf 86' lang='lat' dir='ltr'><strong>XIX</strong></span> <span class='ocrx_word' id='word_1_94' title='bbox 1012 981 1311 1027; x_wconf 86' lang='lat' dir='ltr'><strong>transtulerit.</strong></span> 
     </span>
    </p>

    <p class='ocr_par' dir='ltr' id='par_1_3' title="bbox 46 1039 1454 2631">
     <span class='ocr_line' id='line_1_31' title="bbox 161 1046 1452 1113; baseline -0.001 -14.059"><span class='ocrx_word' id='word_1_95' title='bbox 161 1079 163 1082; x_wconf 93' lang='lat'>·</span> <span class='ocrx_word' id='word_1_96' title='bbox 219 1046 505 1100; x_wconf 87' lang='lat' dir='ltr'><strong>Penultimus</strong></span> <span class='ocrx_word' id='word_1_97' title='bbox 521 1069 606 1099; x_wconf 88' lang='lat' dir='ltr'><strong>rex</strong></span> <span class='ocrx_word' id='word_1_98' title='bbox 629 1068 706 1113; x_wconf 88' lang='lat' dir='ltr'><strong>ap.</strong></span> <span class='ocrx_word' id='word_1_99' title='bbox 736 1052 1009 1097; x_wconf 89' lang='lat' dir='ltr'><strong>Africanum</strong></span> <span class='ocrx_word' id='word_1_100' title='bbox 1033 1062 1079 1096; x_wconf 92' lang='lat' dir='ltr'><strong>et</strong></span> <span class='ocrx_word' id='word_1_101' title='bbox 1104 1054 1355 1097; x_wconf 88' lang='lat' dir='ltr'><strong>Eusebium</strong></span> <span class='ocrx_word' id='word_1_102' title='bbox 1386 1061 1452 1098; x_wconf 87' lang='lat' dir='ltr'><strong>est</strong></span> 
     </span>
     <span class='ocr_line' id='line_1_32' title="bbox 75 1126 1451 1186; baseline 0 -15"><span class='ocrx_word' id='word_1_103' title='bbox 75 1135 102 1150; x_wconf 73' lang='lat'>⁴</span> <span class='ocrx_word' id='word_1_104' title='bbox 156 1129 512 1174; x_wconf 83' lang='lat' dir='ltr'><strong>Ammenemnes</strong></span> <span class='ocrx_word' id='word_1_105' title='bbox 555 1128 650 1171; x_wconf 84' lang='lat' dir='ltr'><strong>sive</strong></span> <span class='ocrx_word' id='word_1_106' title='bbox 686 1126 1025 1171; x_wconf 82' lang='lat' dir='ltr'><strong>AmmenemeS.</strong></span> <span class='ocrx_word' id='word_1_107' title='bbox 1082 1127 1220 1169; x_wconf 89' lang='lat' dir='ltr'><strong>Hunc</strong></span> <span class='ocrx_word' id='word_1_108' title='bbox 1258 1141 1451 1186; x_wconf 88' lang='lat' dir='ltr'><strong>quoque</strong></span> 
     </span>
     <span class='ocr_line' id='line_1_33' title="bbox 120 1197 1450 1256; baseline 0 -13"><span class='ocrx_word' id='word_1_109' title='bbox 75 1195 126 1253; x_wconf 46' lang='grc' dir='ltr'><strong>,Ἡ</strong></span> <span class='ocrx_word' id='word_1_110' title='bbox 155 1201 292 1244; x_wconf 87' lang='lat' dir='ltr'><strong>series</strong></span> <span class='ocrx_word' id='word_1_111' title='bbox 308 1199 736 1244; x_wconf 87' lang='lat' dir='ltr'><strong>Medinet-Abuana</strong></span> <span class='ocrx_word' id='word_1_112' title='bbox 754 1211 854 1240; x_wconf 93' lang='lat' dir='ltr'><strong>non</strong></span> <span class='ocrx_word' id='word_1_113' title='bbox 871 1197 1026 1241; x_wconf 90' lang='lat' dir='ltr'><strong>habet.</strong></span> <span class='ocrx_word' id='word_1_114' title='bbox 1061 1198 1239 1241; x_wconf 89' lang='lat' dir='ltr'><strong>Iterum</strong></span> <span class='ocrx_word' id='word_1_115' title='bbox 1268 1214 1354 1243; x_wconf 91' lang='lat' dir='ltr'><strong>nos</strong></span> <span class='ocrx_word' id='word_1_116' title='bbox 1375 1198 1450 1256; x_wconf 89' lang='lat' dir='ltr'><strong>ju-</strong></span> 
     </span>
     <span class='ocr_line' id='line_1_34' title="bbox 156 1269 1454 1330; baseline 0.004 -19.696"><span class='ocrx_word' id='word_1_117' title='bbox 156 1279 233 1315; x_wconf 84' lang='lat' dir='ltr'><strong>vat</strong></span> <span class='ocrx_word' id='word_1_118' title='bbox 267 1270 469 1330; x_wconf 90' lang='lat' dir='ltr'><strong>Lepsius.</strong></span> <span class='ocrx_word' id='word_1_119' title='bbox 504 1271 551 1314; x_wconf 89' lang='lat' dir='ltr'><strong>Is</strong></span> <span class='ocrx_word' id='word_1_120' title='bbox 574 1270 766 1313; x_wconf 89' lang='lat' dir='ltr'><strong>enimin</strong></span> <span class='ocrx_word' id='word_1_121' title='bbox 790 1270 1103 1313; x_wconf 90' lang='lat' dir='ltr'><strong>monumentis</strong></span> <span class='ocrx_word' id='word_1_122' title='bbox 1127 1269 1246 1314; x_wconf 91' lang='lat' dir='ltr'><strong>duos</strong></span> <span class='ocrx_word' id='word_1_123' title='bbox 1276 1271 1454 1315; x_wconf 86' lang='lat' dir='ltr'><strong>invenit</strong></span> 
     </span>
     <span class='ocr_line' id='line_1_35' title="bbox 156 1341 1452 1402; baseline 0.001 -15.941"><span class='ocrx_word' id='word_1_124' title='bbox 156 1356 309 1402; x_wconf 77' lang='lat' dir='ltr'><strong>regeS‚</strong></span> <span class='ocrx_word' id='word_1_125' title='bbox 347 1343 427 1402; x_wconf 91' lang='lat' dir='ltr'><strong>qui</strong></span> <span class='ocrx_word' id='word_1_126' title='bbox 451 1341 617 1386; x_wconf 89' lang='lat' dir='ltr'><strong>eodem</strong></span> <span class='ocrx_word' id='word_1_127' title='bbox 653 1355 749 1400; x_wconf 91' lang='lat' dir='ltr'><strong>quo</strong></span> <span class='ocrx_word' id='word_1_128' title='bbox 786 1341 1104 1400; x_wconf 88' lang='lat' dir='ltr'><strong>Menephthah</strong></span> <span class='ocrx_word' id='word_1_129' title='bbox 1137 1348 1350 1401; x_wconf 90' lang='lat' dir='ltr'><strong>tempore</strong></span> <span class='ocrx_word' id='word_1_130' title='bbox 1374 1358 1452 1387; x_wconf 90' lang='lat' dir='ltr'><strong>re-</strong></span> 
     </span>
     <span class='ocr_line' id='line_1_36' title="bbox 70 1413 1452 1476; baseline 0.001 -18.998"><span class='ocrx_word' id='word_1_131' title='bbox 70 1443 76 1473; x_wconf 63' lang='lat'><em>2</em></span> <span class='ocrx_word' id='word_1_132' title='bbox 96 1423 122 1467; x_wconf 62' lang='lat'><strong>*3</strong></span> <span class='ocrx_word' id='word_1_133' title='bbox 157 1423 382 1476; x_wconf 86' lang='lat' dir='ltr'><strong>gnarunt,</strong></span> <span class='ocrx_word' id='word_1_134' title='bbox 412 1413 646 1474; x_wconf 77' lang='lat' dir='ltr'><strong>Siphthah</strong></span> <span class='ocrx_word' id='word_1_135' title='bbox 682 1422 729 1457; x_wconf 92' lang='lat' dir='ltr'><strong>et</strong></span> <span class='ocrx_word' id='word_1_136' title='bbox 772 1415 1082 1457; x_wconf 81' lang='lat' dir='ltr'><strong>Amenemses.</strong></span> <span class='ocrx_word' id='word_1_137' title='bbox 1119 1415 1305 1458; x_wconf 84' lang='lat' dir='ltr'><strong>Horum</strong></span> <span class='ocrx_word' id='word_1_138' title='bbox 1336 1416 1452 1459; x_wconf 88' lang='lat' dir='ltr'><strong>alter</strong></span> 
     </span>
     <span class='ocr_line' id='line_1_37' title="bbox 66 1488 1447 1548; baseline 0.001 -18"><span class='ocrx_word' id='word_1_139' title='bbox 66 1532 70 1540; x_wconf 53' lang='grc'>,</span> <span class='ocrx_word' id='word_1_140' title='bbox 115 1490 121 1505; x_wconf 91' lang='grc'><strong>’·</strong></span> <span class='ocrx_word' id='word_1_141' title='bbox 157 1496 314 1548; x_wconf 77' lang='lat' dir='ltr'><strong>aperte</strong></span> <span class='ocrx_word' id='word_1_142' title='bbox 361 1496 427 1533; x_wconf 89' lang='lat' dir='ltr'><strong>est</strong></span> <span class='ocrx_word' id='word_1_143' title='bbox 475 1490 798 1531; x_wconf 85' lang='lat' dir='ltr'><strong>Ammenemes</strong></span> <span class='ocrx_word' id='word_1_144' title='bbox 843 1488 1152 1532; x_wconf 88' lang='lat' dir='ltr'><strong>Manethonis.</strong></span> <span class='ocrx_word' id='word_1_145' title='bbox 1208 1488 1420 1532; x_wconf 89' lang='lat' dir='ltr'><strong>Alterum</strong></span> <span class='ocrx_word' id='word_1_146' title='bbox 1435 1522 1447 1544; x_wconf 91' lang='lat'>‚</span> 
     </span>
     <span class='ocr_line' id='line_1_38' title="bbox 70 1559 1451 1622; baseline -0.001 -16"><span class='ocrx_word' id='word_1_147' title='bbox 70 1560 120 1612; x_wconf 66' lang='lat' dir='ltr'><strong>,³J&#39;</strong></span> <span class='ocrx_word' id='word_1_148' title='bbox 157 1573 296 1618; x_wconf 88' lang='lat' dir='ltr'><strong>quem</strong></span> <span class='ocrx_word' id='word_1_149' title='bbox 334 1575 432 1604; x_wconf 90' lang='lat' dir='ltr'><strong>non</strong></span> <span class='ocrx_word' id='word_1_150' title='bbox 465 1559 608 1603; x_wconf 85' lang='lat' dir='ltr'><strong>hahet</strong></span> <span class='ocrx_word' id='word_1_151' title='bbox 628 1559 873 1614; x_wconf 88' lang='lat' dir='ltr'><strong>Manetho,</strong></span> <span class='ocrx_word' id='word_1_152' title='bbox 907 1559 1087 1618; x_wconf 85' lang='lat' dir='ltr'><strong>praebet</strong></span> <span class='ocrx_word' id='word_1_153' title='bbox 1128 1561 1451 1604; x_wconf 84' lang='lat' dir='ltr'><strong>Eratosthenes</strong></span> 
     </span>
     <span class='ocr_line' id='line_1_39' title="bbox 99 1629 1445 1691; baseline 0.002 -16.926"><span class='ocrx_word' id='word_1_154' title='bbox 99 1629 122 1651; x_wconf 48' lang='lat'><strong>“²</strong></span> <span class='ocrx_word' id='word_1_155' title='bbox 157 1638 392 1690; x_wconf 84' lang='lat' dir='ltr'><strong>tamquam</strong></span> <span class='ocrx_word' id='word_1_156' title='bbox 416 1639 750 1675; x_wconf 87' lang='lat' dir='ltr'><strong>antecessorem</strong></span> <span class='ocrx_word' id='word_1_157' title='bbox 769 1631 890 1690; x_wconf 89' lang='lat' dir='ltr'><strong>regis</strong></span> <span class='ocrx_word' id='word_1_158' title='bbox 905 1631 1096 1674; x_wconf 88' lang='lat' dir='ltr'><strong>Thuoro</strong></span> <span class='ocrx_word' id='word_1_159' title='bbox 1125 1630 1138 1691; x_wconf 95' lang='lat'>(</span> <span class='ocrx_word' id='word_1_160' title='bbox 1159 1631 1348 1675; x_wconf 72' lang='lat' dir='ltr'><strong>Thuoris</strong></span> <span class='ocrx_word' id='word_1_161' title='bbox 1370 1648 1445 1691; x_wconf 91' lang='lat' dir='ltr'><strong>ap.</strong></span> 
     </span>
     <span class='ocr_line' id='line_1_40' title="bbox 156 1700 1450 1764; baseline 0 -16"><span class='ocrx_word' id='word_1_162' title='bbox 156 1701 358 1748; x_wconf 88' lang='lat' dir='ltr'><strong>African.</strong></span> <span class='ocrx_word' id='word_1_163' title='bbox 384 1712 430 1748; x_wconf 89' lang='lat' dir='ltr'><strong>et</strong></span> <span class='ocrx_word' id='word_1_164' title='bbox 448 1700 584 1763; x_wconf 84' lang='lat' dir='ltr'><strong>EuS.)</strong></span> <span class='ocrx_word' id='word_1_165' title='bbox 604 1735 617 1758; x_wconf 90' lang='lat'>‚</span> <span class='ocrx_word' id='word_1_166' title='bbox 643 1701 762 1746; x_wconf 88' lang='lat' dir='ltr'><strong>adeo</strong></span> <span class='ocrx_word' id='word_1_167' title='bbox 786 1710 840 1745; x_wconf 91' lang='lat' dir='ltr'><strong>ut</strong></span> <span class='ocrx_word' id='word_1_168' title='bbox 860 1702 970 1746; x_wconf 90' lang='lat' dir='ltr'><strong>hinc</strong></span> <span class='ocrx_word' id='word_1_169' title='bbox 994 1718 1186 1762; x_wconf 91' lang='lat' dir='ltr'><strong>quoque</strong></span> <span class='ocrx_word' id='word_1_170' title='bbox 1204 1705 1450 1764; x_wconf 85' lang='lat' dir='ltr'><strong>probabile</strong></span> 
     </span>
     <span class='ocr_line' id='line_1_41' title="bbox 156 1766 1451 1832; baseline 0.007 -19.427"><span class='ocrx_word' id='word_1_171' title='bbox 156 1766 236 1813; x_wconf 85' lang='lat' dir='ltr'><strong>fiat</strong></span> <span class='ocrx_word' id='word_1_172' title='bbox 252 1769 382 1828; x_wconf 85' lang='lat' dir='ltr'><strong>quod</strong></span> <span class='ocrx_word' id='word_1_173' title='bbox 398 1770 457 1815; x_wconf 86' lang='lat' dir='ltr'><strong>de</strong></span> <span class='ocrx_word' id='word_1_174' title='bbox 475 1778 711 1831; x_wconf 85' lang='lat' dir='ltr'><strong>tempore,</strong></span> <span class='ocrx_word' id='word_1_175' title='bbox 735 1788 882 1832; x_wconf 91' lang='lat' dir='ltr'><strong>usque</strong></span> <span class='ocrx_word' id='word_1_176' title='bbox 898 1773 958 1818; x_wconf 90' lang='lat' dir='ltr'><strong>ad</strong></span> <span class='ocrx_word' id='word_1_177' title='bbox 983 1774 1114 1832; x_wconf 90' lang='lat' dir='ltr'><strong>quod</strong></span> <span class='ocrx_word' id='word_1_178' title='bbox 1134 1775 1451 1822; x_wconf 86' lang='lat' dir='ltr'><strong>Eratosthenis</strong></span> 
     </span>
     <span class='ocr_line' id='line_1_42' title="bbox 79 1841 1445 1910; baseline 0.007 -25"><span class='ocrx_word' id='word_1_179' title='bbox 79 1841 83 1847; x_wconf 83' lang='grc'>’</span> <span class='ocrx_word' id='word_1_180' title='bbox 157 1841 402 1887; x_wconf 87' lang='lat' dir='ltr'><strong>laterculus</strong></span> <span class='ocrx_word' id='word_1_181' title='bbox 431 1845 690 1903; x_wconf 89' lang='lat' dir='ltr'><strong>pertineat,</strong></span> <span class='ocrx_word' id='word_1_182' title='bbox 722 1846 772 1888; x_wconf 91' lang='lat' dir='ltr'><strong>in</strong></span> <span class='ocrx_word' id='word_1_183' title='bbox 806 1845 1187 1892; x_wconf 84' lang='lat' dir='ltr'><strong>antecedentibus</strong></span> <span class='ocrx_word' id='word_1_184' title='bbox 1214 1848 1302 1910; x_wconf 92' lang='lat' dir='ltr'><strong>(ad</strong></span> <span class='ocrx_word' id='word_1_185' title='bbox 1334 1850 1445 1909; x_wconf 90' lang='lat' dir='ltr'><strong>dyn.</strong></span> 
     </span>
     <span class='ocr_line' id='line_1_43' title="bbox 52 1913 1450 1980; baseline 0.008 -26"><span class='ocrx_word' id='word_1_186' title='bbox 52 1932 75 1944; x_wconf 27' lang='lat' dir='ltr'><strong>*v</strong></span> <span class='ocrx_word' id='word_1_187' title='bbox 103 1951 105 1953; x_wconf 84' lang='lat'><strong>.</strong></span> <span class='ocrx_word' id='word_1_188' title='bbox 157 1913 304 1975; x_wconf 91' lang='lat' dir='ltr'><strong>XIII)</strong></span> <span class='ocrx_word' id='word_1_189' title='bbox 336 1917 589 1975; x_wconf 89' lang='lat' dir='ltr'><strong>suspicatus</strong></span> <span class='ocrx_word' id='word_1_190' title='bbox 612 1932 730 1963; x_wconf 89' lang='lat' dir='ltr'><strong>sum.</strong></span> <span class='ocrx_word' id='word_1_191' title='bbox 761 1918 862 1961; x_wconf 91' lang='lat' dir='ltr'><strong>Jam</strong></span> <span class='ocrx_word' id='word_1_192' title='bbox 887 1933 1032 1976; x_wconf 91' lang='lat' dir='ltr'><strong>quum</strong></span> <span class='ocrx_word' id='word_1_193' title='bbox 1060 1920 1110 1962; x_wconf 92' lang='lat' dir='ltr'><strong>in</strong></span> <span class='ocrx_word' id='word_1_194' title='bbox 1128 1921 1216 1965; x_wconf 90' lang='lat' dir='ltr'><strong>hac</strong></span> <span class='ocrx_word' id='word_1_195' title='bbox 1242 1921 1450 1980; x_wconf 84' lang='lat' dir='ltr'><strong>dynastia</strong></span> 
     </span>
     <span class='ocr_line' id='line_1_44' title="bbox 67 1984 1450 2052; baseline 0.007 -23"><span class='ocrx_word' id='word_1_196' title='bbox 67 1984 78 2052; x_wconf 35' lang='grc' dir='ltr'><strong>ῤ’</strong></span> <span class='ocrx_word' id='word_1_197' title='bbox 103 2012 105 2014; x_wconf 97' lang='grc'>-</span> <span class='ocrx_word' id='word_1_198' title='bbox 156 2001 329 2031; x_wconf 88' lang='lat' dir='ltr'><strong>nomen</strong></span> <span class='ocrx_word' id='word_1_199' title='bbox 339 1989 576 2033; x_wconf 82' lang='lat' dir='ltr'><strong>Ramesses</strong></span> <span class='ocrx_word' id='word_1_200' title='bbox 588 1998 766 2050; x_wconf 87' lang='lat' dir='ltr'><strong>regnet,</strong></span> <span class='ocrx_word' id='word_1_201' title='bbox 775 1990 930 2034; x_wconf 88' lang='lat' dir='ltr'><strong>nescio</strong></span> <span class='ocrx_word' id='word_1_202' title='bbox 944 2006 1004 2034; x_wconf 91' lang='lat' dir='ltr'><strong>an</strong></span> <span class='ocrx_word' id='word_1_203' title='bbox 1017 1992 1450 2050; x_wconf 87' lang='lat' dir='ltr'><strong>ap.Eratosthenem</strong></span> 
     </span>
     <span class='ocr_line' id='line_1_45' title="bbox 62 2057 1450 2124; baseline 0.008 -24"><span class='ocrx_word' id='word_1_204' title='bbox 62 2107 63 2111; x_wconf 9' lang='grc' dir='ltr'>η</span> <span class='ocrx_word' id='word_1_205' title='bbox 158 2059 207 2102; x_wconf 90' lang='lat' dir='ltr'><strong>in</strong></span> <span class='ocrx_word' id='word_1_206' title='bbox 225 2059 380 2104; x_wconf 86' lang='lat' dir='ltr'><strong>verbis</strong></span> <span class='ocrx_word' id='word_1_207' title='bbox 401 2060 424 2104; x_wconf 83' lang='grc' dir='ltr'>ὁ</span> <span class='ocrx_word' id='word_1_208' title='bbox 444 2058 517 2105; x_wconf 82' lang='grc' dir='ltr'><strong>καὶ</strong></span> <span class='ocrx_word' id='word_1_209' title='bbox 550 2057 720 2124; x_wconf 68' lang='grc' dir='ltr'>Ἑρμῆς</span> <span class='ocrx_word' id='word_1_210' title='bbox 734 2096 747 2118; x_wconf 90' lang='grc'><em>,</em></span> <span class='ocrx_word' id='word_1_211' title='bbox 778 2077 880 2120; x_wconf 86' lang='lat' dir='ltr'><strong>quae</strong></span> <span class='ocrx_word' id='word_1_212' title='bbox 907 2063 1057 2106; x_wconf 91' lang='lat' dir='ltr'><strong>alieno</strong></span> <span class='ocrx_word' id='word_1_213' title='bbox 1077 2064 1185 2108; x_wconf 90' lang='lat' dir='ltr'><strong>loco</strong></span> <span class='ocrx_word' id='word_1_214' title='bbox 1221 2066 1450 2111; x_wconf 87' lang='lat' dir='ltr'><strong>inculcata</strong></span> 
     </span>
     <span class='ocr_line' id='line_1_46' title="bbox 62 2128 1449 2196; baseline 0.006 -23"><span class='ocrx_word' id='word_1_215' title='bbox 62 2128 107 2190; x_wconf 21' lang='lat' dir='ltr'><strong>‘f‘</strong></span> <span class='ocrx_word' id='word_1_216' title='bbox 155 2129 412 2176; x_wconf 90' lang='lat' dir='ltr'><strong>Bunsenius</strong></span> <span class='ocrx_word' id='word_1_217' title='bbox 446 2141 625 2190; x_wconf 88' lang='lat' dir='ltr'><strong>censet,</strong></span> <span class='ocrx_word' id='word_1_218' title='bbox 670 2134 810 2186; x_wconf 89' lang='lat' dir='ltr'><strong>lateat</strong></span> <span class='ocrx_word' id='word_1_219' title='bbox 842 2132 1004 2195; x_wconf 79' lang='grc' dir='ltr'>Σιφθᾶς</span> <span class='ocrx_word' id='word_1_220' title='bbox 1034 2135 1057 2178; x_wconf 80' lang='grc' dir='ltr'><strong><em>ὃ</em></strong></span> <span class='ocrx_word' id='word_1_221' title='bbox 1090 2133 1164 2179; x_wconf 79' lang='grc' dir='ltr'><strong>καὶ</strong></span> <span class='ocrx_word' id='word_1_222' title='bbox 1201 2133 1449 2196; x_wconf 76' lang='grc' dir='ltr'>Ῥαμεσσῆς</span> 
     </span>
     <span class='ocr_line' id='line_1_47' title="bbox 59 2194 1444 2270; baseline 0.006 -26"><span class='ocrx_word' id='word_1_223' title='bbox 59 2194 63 2198; x_wconf 40' lang='grc'><strong>“</strong></span> <span class='ocrx_word' id='word_1_224' title='bbox 159 2198 255 2264; x_wconf 89' lang='lat' dir='ltr'><strong>(vel</strong></span> <span class='ocrx_word' id='word_1_225' title='bbox 274 2201 514 2266; x_wconf 79' lang='grc' dir='ltr'>Ἀρμεσσῆς</span> <span class='ocrx_word' id='word_1_226' title='bbox 526 2207 595 2249; x_wconf 89' lang='lat' dir='ltr'><strong>uti</strong></span> <span class='ocrx_word' id='word_1_227' title='bbox 619 2221 695 2265; x_wconf 88' lang='lat' dir='ltr'><strong>ap.</strong></span> <span class='ocrx_word' id='word_1_228' title='bbox 715 2206 742 2249; x_wconf 90' lang='lat' dir='ltr'><strong>J</strong></span> <span class='ocrx_word' id='word_1_229' title='bbox 746 2205 971 2264; x_wconf 86' lang='lat' dir='ltr'><strong>osephum</strong></span> <span class='ocrx_word' id='word_1_230' title='bbox 991 2222 1165 2251; x_wconf 91' lang='lat' dir='ltr'><strong>nomen</strong></span> <span class='ocrx_word' id='word_1_231' title='bbox 1190 2208 1444 2270; x_wconf 87' lang='lat' dir='ltr'><strong>scribitur).</strong></span> 
     </span>
     <span class='ocr_line' id='line_1_48' title="bbox 156 2275 1448 2342; baseline 0.006 -24"><span class='ocrx_word' id='word_1_232' title='bbox 156 2275 290 2319; x_wconf 89' lang='lat' dir='ltr'><strong>Idem</strong></span> <span class='ocrx_word' id='word_1_233' title='bbox 302 2292 475 2322; x_wconf 91' lang='lat' dir='ltr'><strong>nomen</strong></span> <span class='ocrx_word' id='word_1_234' title='bbox 494 2278 682 2323; x_wconf 85' lang='lat' dir='ltr'><strong>fortasse</strong></span> <span class='ocrx_word' id='word_1_235' title='bbox 699 2279 834 2322; x_wconf 88' lang='lat' dir='ltr'><strong>etiam</strong></span> <span class='ocrx_word' id='word_1_236' title='bbox 851 2279 1041 2323; x_wconf 91' lang='lat' dir='ltr'><strong>Phuoro</strong></span> <span class='ocrx_word' id='word_1_237' title='bbox 1057 2280 1130 2324; x_wconf 89' lang='lat' dir='ltr'><strong>vel</strong></span> <span class='ocrx_word' id='word_1_238' title='bbox 1142 2281 1334 2325; x_wconf 92' lang='lat' dir='ltr'><strong>Thuoro</strong></span> <span class='ocrx_word' id='word_1_239' title='bbox 1350 2283 1448 2342; x_wconf 87' lang='lat' dir='ltr'><strong>regi</strong></span> 
     </span>
     <span class='ocr_line' id='line_1_49' title="bbox 63 2341 1445 2410; baseline 0.007 -22"><span class='ocrx_word' id='word_1_240' title='bbox 63 2341 75 2350; x_wconf 56' lang='grc'><em>“</em></span> <span class='ocrx_word' id='word_1_241' title='bbox 156 2344 258 2393; x_wconf 83' lang='lat' dir='ltr'><strong>fuit.</strong></span> <span class='ocrx_word' id='word_1_242' title='bbox 284 2349 417 2393; x_wconf 87' lang='lat' dir='ltr'><strong>Certe</strong></span> <span class='ocrx_word' id='word_1_243' title='bbox 450 2351 627 2396; x_wconf 91' lang='lat' dir='ltr'><strong>Plinius</strong></span> <span class='ocrx_word' id='word_1_244' title='bbox 673 2351 905 2410; x_wconf 84' lang='lat' dir='ltr'><strong>XXXVI,</strong></span> <span class='ocrx_word' id='word_1_245' title='bbox 933 2350 979 2407; x_wconf 85' lang='lat'><strong>5,</strong></span> <span class='ocrx_word' id='word_1_246' title='bbox 1015 2351 1075 2410; x_wconf 82' lang='lat'><strong>64</strong></span> <span class='ocrx_word' id='word_1_247' title='bbox 1105 2368 1116 2395; x_wconf 90' lang='lat'>:</span> <span class='ocrx_word' id='word_1_248' title='bbox 1149 2353 1445 2410; x_wconf 75' lang='lat' dir='ltr'><strong>Rhamesses,</strong></span> 
     </span>
     <span class='ocr_line' id='line_1_50' title="bbox 87 2410 1449 2485; baseline 0.005 -21"><span class='ocrx_word' id='word_1_249' title='bbox 87 2410 92 2420; x_wconf 58' lang='grc'>’</span> <span class='ocrx_word' id='word_1_250' title='bbox 155 2435 241 2478; x_wconf 79' lang='lat' dir='ltr'><strong>quo</strong></span> <span class='ocrx_word' id='word_1_251' title='bbox 273 2433 496 2481; x_wconf 78' lang='lat' dir='ltr'><strong>regnante</strong></span> <span class='ocrx_word' id='word_1_252' title='bbox 526 2426 669 2468; x_wconf 80' lang='lat' dir='ltr'><strong>Ilium</strong></span> <span class='ocrx_word' id='word_1_253' title='bbox 702 2434 883 2483; x_wconf 82' lang='lat' dir='ltr'><strong>captum</strong></span> <span class='ocrx_word' id='word_1_254' title='bbox 917 2434 998 2468; x_wconf 84' lang='lat' dir='ltr'><strong>est.</strong></span> <span class='ocrx_word' id='word_1_255' title='bbox 1032 2427 1323 2485; x_wconf 87' lang='lat' dir='ltr'><strong>Quamquam</strong></span> <span class='ocrx_word' id='word_1_256' title='bbox 1356 2443 1449 2472; x_wconf 89' lang='lat' dir='ltr'><strong>una</strong></span> 
     </span>
     <span class='ocr_line' id='line_1_51' title="bbox 46 2484 1450 2560; baseline 0.006 -24"><span class='ocrx_word' id='word_1_257' title='bbox 46 2484 91 2560; x_wconf 19' lang='lat'><strong>¹⁴..)</strong></span> <span class='ocrx_word' id='word_1_258' title='bbox 156 2507 213 2536; x_wconf 89' lang='lat' dir='ltr'><strong>ex</strong></span> <span class='ocrx_word' id='word_1_259' title='bbox 235 2494 334 2538; x_wconf 87' lang='lat' dir='ltr'><strong>aeris</strong></span> <span class='ocrx_word' id='word_1_260' title='bbox 354 2495 564 2553; x_wconf 89' lang='lat' dir='ltr'><strong>Trojanis</strong></span> <span class='ocrx_word' id='word_1_261' title='bbox 583 2497 720 2541; x_wconf 88' lang='lat' dir='ltr'><strong>etiam</strong></span> <span class='ocrx_word' id='word_1_262' title='bbox 741 2513 846 2544; x_wconf 90' lang='lat' dir='ltr'><strong>cum</strong></span> <span class='ocrx_word' id='word_1_263' title='bbox 877 2499 931 2542; x_wconf 90' lang='lat' dir='ltr'><strong>iis</strong></span> <span class='ocrx_word' id='word_1_264' title='bbox 949 2499 1136 2559; x_wconf 87' lang='lat' dir='ltr'><strong>regibus</strong></span> <span class='ocrx_word' id='word_1_265' title='bbox 1159 2515 1276 2559; x_wconf 92' lang='lat' dir='ltr'><strong>quos</strong></span> <span class='ocrx_word' id='word_1_266' title='bbox 1289 2502 1450 2545; x_wconf 90' lang='lat' dir='ltr'><strong>Mane-</strong></span> 
     </span>
     <span class='ocr_line' id='line_1_52' title="bbox 50 2563 1094 2631; baseline 0.006 -22"><span class='ocrx_word' id='word_1_267' title='bbox 50 2563 90 2618; x_wconf 31' lang='grc' dir='ltr'><strong>θ’</strong></span> <span class='ocrx_word' id='word_1_268' title='bbox 155 2565 236 2610; x_wconf 83' lang='lat' dir='ltr'><strong>tho</strong></span> <span class='ocrx_word' id='word_1_269' title='bbox 261 2569 498 2612; x_wconf 84' lang='lat' dir='ltr'><strong>Ramesses</strong></span> <span class='ocrx_word' id='word_1_270' title='bbox 517 2568 653 2624; x_wconf 89' lang='lat' dir='ltr'><strong>dicit,</strong></span> <span class='ocrx_word' id='word_1_271' title='bbox 677 2571 899 2629; x_wconf 89' lang='lat' dir='ltr'><strong>componi</strong></span> <span class='ocrx_word' id='word_1_272' title='bbox 924 2572 1094 2631; x_wconf 89' lang='lat' dir='ltr'><strong>potuit.</strong></span> 
     </span>
    </p>

    <p class='ocr_par' dir='ltr' id='par_1_4' title="bbox 55 2639 1451 3564">
     <span class='ocr_line' id='line_1_53' title="bbox 55 2639 1449 2703; baseline 0.005 -21"><span class='ocrx_word' id='word_1_273' title='bbox 55 2691 58 2693; x_wconf 13' lang='grc' dir='ltr'><strong>Α</strong></span> <span class='ocrx_word' id='word_1_274' title='bbox 229 2639 507 2698; x_wconf 88' lang='lat' dir='ltr'><strong>Sepulcrum</strong></span> <span class='ocrx_word' id='word_1_275' title='bbox 536 2642 658 2701; x_wconf 87' lang='lat' dir='ltr'><strong>regis</strong></span> <span class='ocrx_word' id='word_1_276' title='bbox 684 2642 920 2701; x_wconf 68' lang='lat' dir='ltr'><strong>Szphtlzalz</strong></span> <span class='ocrx_word' id='word_1_277' title='bbox 952 2643 1140 2703; x_wconf 89' lang='lat' dir='ltr'><strong>ejusque</strong></span> <span class='ocrx_word' id='word_1_278' title='bbox 1171 2646 1331 2688; x_wconf 86' lang='lat' dir='ltr'><strong>uxoris</strong></span> <span class='ocrx_word' id='word_1_279' title='bbox 1357 2647 1449 2688; x_wconf 87' lang='lat' dir='ltr'><strong>Ta-</strong></span> 
     </span>
     <span class='ocr_line' id='line_1_54' title="bbox 56 2712 1444 2772; baseline 0.007 -22"><span class='ocrx_word' id='word_1_280' title='bbox 56 2724 80 2742; x_wconf 65' lang='lat' dir='ltr'><strong><em>w</em></strong></span> <span class='ocrx_word' id='word_1_281' title='bbox 155 2723 285 2764; x_wconf 83' lang='lat' dir='ltr'><strong>seser,</strong></span> <span class='ocrx_word' id='word_1_282' title='bbox 313 2712 383 2754; x_wconf 91' lang='lat' dir='ltr'><strong>uti</strong></span> <span class='ocrx_word' id='word_1_283' title='bbox 406 2712 598 2771; x_wconf 91' lang='lat' dir='ltr'><strong>Lepsius</strong></span> <span class='ocrx_word' id='word_1_284' title='bbox 622 2712 787 2769; x_wconf 90' lang='lat' dir='ltr'><strong>docet,</strong></span> <span class='ocrx_word' id='word_1_285' title='bbox 811 2713 1065 2758; x_wconf 87' lang='lat' dir='ltr'><strong>vindicavit</strong></span> <span class='ocrx_word' id='word_1_286' title='bbox 1084 2715 1170 2759; x_wconf 91' lang='lat' dir='ltr'><strong>sibi</strong></span> <span class='ocrx_word' id='word_1_287' title='bbox 1193 2730 1275 2760; x_wconf 86' lang='lat' dir='ltr'><strong>rex</strong></span> <span class='ocrx_word' id='word_1_288' title='bbox 1306 2717 1444 2772; x_wconf 91' lang='lat' dir='ltr'><strong>alius,</strong></span> 
     </span>
     <span class='ocr_line' id='line_1_55' title="bbox 158 2781 1444 2848; baseline 0.006 -22"><span class='ocrx_word' id='word_1_289' title='bbox 158 2781 286 2839; x_wconf 88' lang='lat' dir='ltr'><strong>cnjus</strong></span> <span class='ocrx_word' id='word_1_290' title='bbox 301 2798 475 2827; x_wconf 91' lang='lat' dir='ltr'><strong>nomen</strong></span> <span class='ocrx_word' id='word_1_291' title='bbox 494 2784 656 2844; x_wconf 82' lang='lat' dir='ltr'><strong>legunt</strong></span> <span class='ocrx_word' id='word_1_292' title='bbox 678 2786 859 2829; x_wconf 84' lang='lat' dir='ltr'><strong>M-rr-a</strong></span> <span class='ocrx_word' id='word_1_293' title='bbox 880 2787 973 2831; x_wconf 91' lang='lat' dir='ltr'><strong>sive</strong></span> <span class='ocrx_word' id='word_1_294' title='bbox 994 2787 1202 2832; x_wconf 80' lang='lat' dir='ltr'><strong>Meri-ra</strong></span> <span class='ocrx_word' id='word_1_295' title='bbox 1222 2787 1444 2848; x_wconf 81' lang='lat' dir='ltr'><strong>(Bunsen.</strong></span> 
     </span>
     <span class='ocr_line' id='line_1_56' title="bbox 158 2852 1446 2918; baseline 0.008 -23"><span class='ocrx_word' id='word_1_296' title='bbox 158 2866 207 2911; x_wconf 89' lang='lat' dir='ltr'><strong>p.</strong></span> <span class='ocrx_word' id='word_1_297' title='bbox 235 2858 293 2912; x_wconf 90' lang='lat'><strong>94</strong></span> <span class='ocrx_word' id='word_1_298' title='bbox 313 2852 348 2914; x_wconf 94' lang='lat'><strong>).</strong></span> <span class='ocrx_word' id='word_1_299' title='bbox 370 2855 507 2899; x_wconf 91' lang='lat' dir='ltr'><strong>Hunc</strong></span> <span class='ocrx_word' id='word_1_300' title='bbox 527 2871 619 2900; x_wconf 86' lang='lat' dir='ltr'><strong>esse</strong></span> <span class='ocrx_word' id='word_1_301' title='bbox 640 2858 842 2901; x_wconf 90' lang='lat' dir='ltr'><strong>eundem</strong></span> <span class='ocrx_word' id='word_1_302' title='bbox 859 2874 966 2902; x_wconf 89' lang='lat' dir='ltr'><strong>cum</strong></span> <span class='ocrx_word' id='word_1_303' title='bbox 985 2859 1415 2905; x_wconf 79' lang='lat' dir='ltr'><strong>Set-nechtMerira</strong></span> <span class='ocrx_word' id='word_1_304' title='bbox 1434 2896 1446 2918; x_wconf 93' lang='lat'>‚</span> 
     </span>
     <span class='ocr_line' id='line_1_57' title="bbox 158 2920 1449 2991; baseline 0.009 -24"><span class='ocrx_word' id='word_1_305' title='bbox 158 2926 239 2983; x_wconf 88' lang='lat' dir='ltr'><strong>qui</strong></span> <span class='ocrx_word' id='word_1_306' title='bbox 278 2927 327 2969; x_wconf 91' lang='lat' dir='ltr'><strong>in</strong></span> <span class='ocrx_word' id='word_1_307' title='bbox 350 2928 466 2971; x_wconf 91' lang='lat' dir='ltr'><strong>serie</strong></span> <span class='ocrx_word' id='word_1_308' title='bbox 487 2943 649 2988; x_wconf 88' lang='lat' dir='ltr'><strong>regum</strong></span> <span class='ocrx_word' id='word_1_309' title='bbox 673 2920 1106 2976; x_wconf 68' lang='lat' dir='ltr'><strong>Medinet-Abuana</strong></span> <span class='ocrx_word' id='word_1_310' title='bbox 1134 2941 1242 2991; x_wconf 91' lang='lat' dir='ltr'><strong>post</strong></span> <span class='ocrx_word' id='word_1_311' title='bbox 1262 2935 1374 2977; x_wconf 91' lang='lat' dir='ltr'><strong>Meti</strong></span> <span class='ocrx_word' id='word_1_312' title='bbox 1404 2936 1449 2979; x_wconf 95' lang='lat' dir='ltr'><strong>II</strong></span> 
     </span>
     <span class='ocr_line' id='line_1_58' title="bbox 157 2998 1449 3061; baseline 0.008 -21"><span class='ocrx_word' id='word_1_313' title='bbox 157 2998 367 3056; x_wconf 90' lang='lat' dir='ltr'><strong>ponitur,</strong></span> <span class='ocrx_word' id='word_1_314' title='bbox 412 3000 546 3044; x_wconf 90' lang='lat' dir='ltr'><strong>facile</strong></span> <span class='ocrx_word' id='word_1_315' title='bbox 585 3002 836 3061; x_wconf 83' lang='lat' dir='ltr'><strong>largiemur</strong></span> <span class='ocrx_word' id='word_1_316' title='bbox 876 3003 1128 3048; x_wconf 87' lang='lat' dir='ltr'><strong>Bunsenio.</strong></span> <span class='ocrx_word' id='word_1_317' title='bbox 1171 3007 1232 3048; x_wconf 92' lang='lat' dir='ltr'><strong>At</strong></span> <span class='ocrx_word' id='word_1_318' title='bbox 1271 3007 1449 3050; x_wconf 82' lang='lat' dir='ltr'><strong>Merira</strong></span> 
     </span>
     <span class='ocr_line' id='line_1_59' title="bbox 134 3069 1449 3123; baseline 0.008 -11"><span class='ocrx_word' id='word_1_319' title='bbox 134 3083 136 3086; x_wconf 69' lang='grc'>’</span> <span class='ocrx_word' id='word_1_320' title='bbox 157 3069 282 3113; x_wconf 87' lang='lat' dir='ltr'><strong>hunc</strong></span> <span class='ocrx_word' id='word_1_321' title='bbox 302 3071 503 3116; x_wconf 89' lang='lat' dir='ltr'><strong>eundem</strong></span> <span class='ocrx_word' id='word_1_322' title='bbox 526 3087 619 3117; x_wconf 89' lang='lat' dir='ltr'><strong>esse</strong></span> <span class='ocrx_word' id='word_1_323' title='bbox 643 3089 748 3117; x_wconf 90' lang='lat' dir='ltr'><strong>eum</strong></span> <span class='ocrx_word' id='word_1_324' title='bbox 772 3075 963 3119; x_wconf 89' lang='lat' dir='ltr'><strong>Thuoro</strong></span> <span class='ocrx_word' id='word_1_325' title='bbox 986 3077 1058 3120; x_wconf 90' lang='lat' dir='ltr'><strong>vel</strong></span> <span class='ocrx_word' id='word_1_326' title='bbox 1078 3077 1267 3121; x_wconf 90' lang='lat' dir='ltr'><strong>Phuoro</strong></span> <span class='ocrx_word' id='word_1_327' title='bbox 1290 3079 1449 3123; x_wconf 89' lang='lat' dir='ltr'><strong>Mane-</strong></span> 
     </span>
     <span class='ocr_line' id='line_1_60' title="bbox 159 3139 1451 3210; baseline 0.009 -27"><span class='ocrx_word' id='word_1_328' title='bbox 159 3139 315 3185; x_wconf 89' lang='lat' dir='ltr'><strong>thonis</strong></span> <span class='ocrx_word' id='word_1_329' title='bbox 353 3143 401 3185; x_wconf 92' lang='lat' dir='ltr'><strong>in</strong></span> <span class='ocrx_word' id='word_1_330' title='bbox 435 3143 631 3209; x_wconf 87' lang='lat' dir='ltr'><strong>dubium</strong></span> <span class='ocrx_word' id='word_1_331' title='bbox 657 3148 938 3191; x_wconf 85' lang='lat' dir='ltr'><strong>vocaverim.</strong></span> <span class='ocrx_word' id='word_1_332' title='bbox 972 3150 1090 3192; x_wconf 88' lang='lat' dir='ltr'><strong>Nam</strong></span> <span class='ocrx_word' id='word_1_333' title='bbox 1113 3165 1287 3194; x_wconf 91' lang='lat' dir='ltr'><strong>nomen</strong></span> <span class='ocrx_word' id='word_1_334' title='bbox 1314 3153 1451 3210; x_wconf 88' lang='lat' dir='ltr'><strong>plane</strong></span> 
     </span>
     <span class='ocr_line' id='line_1_61' title="bbox 158 3213 1450 3280; baseline 0.009 -23"><span class='ocrx_word' id='word_1_335' title='bbox 158 3213 286 3257; x_wconf 88' lang='lat' dir='ltr'><strong>aliud</strong></span> <span class='ocrx_word' id='word_1_336' title='bbox 297 3223 379 3270; x_wconf 88' lang='lat' dir='ltr'><strong>est,</strong></span> <span class='ocrx_word' id='word_1_337' title='bbox 396 3214 513 3260; x_wconf 88' lang='lat' dir='ltr'><strong>adeo</strong></span> <span class='ocrx_word' id='word_1_338' title='bbox 524 3226 575 3260; x_wconf 92' lang='lat' dir='ltr'><strong>ut</strong></span> <span class='ocrx_word' id='word_1_339' title='bbox 590 3219 843 3263; x_wconf 91' lang='lat' dir='ltr'><strong>Bunsenius</strong></span> <span class='ocrx_word' id='word_1_340' title='bbox 854 3228 1052 3264; x_wconf 85' lang='lat' dir='ltr'><strong>statuere</strong></span> <span class='ocrx_word' id='word_1_341' title='bbox 1062 3227 1254 3280; x_wconf 86' lang='lat' dir='ltr'><strong>cogatur</strong></span> <span class='ocrx_word' id='word_1_342' title='bbox 1268 3224 1450 3268; x_wconf 80' lang='lat' dir='ltr'><strong>Phuoro</strong></span> 
     </span>
     <span class='ocr_line' id='line_1_62' title="bbox 158 3286 1450 3351; baseline 0.009 -23"><span class='ocrx_word' id='word_1_343' title='bbox 158 3299 258 3328; x_wconf 88' lang='lat' dir='ltr'><strong>non</strong></span> <span class='ocrx_word' id='word_1_344' title='bbox 280 3286 455 3331; x_wconf 80' lang='lat' dir='ltr'><strong>no&#39;men</strong></span> <span class='ocrx_word' id='word_1_345' title='bbox 471 3302 563 3333; x_wconf 90' lang='lat' dir='ltr'><strong>esse</strong></span> <span class='ocrx_word' id='word_1_346' title='bbox 581 3289 662 3333; x_wconf 92' lang='lat' dir='ltr'><strong>sed</strong></span> <span class='ocrx_word' id='word_1_347' title='bbox 682 3305 966 3350; x_wconf 84' lang='lat' dir='ltr'><strong>cognomen,</strong></span> <span class='ocrx_word' id='word_1_348' title='bbox 987 3307 1013 3336; x_wconf 92' lang='lat' dir='ltr'><strong>a</strong></span> <span class='ocrx_word' id='word_1_349' title='bbox 1031 3296 1318 3351; x_wconf 81' lang='lat' dir='ltr'><strong>praenomine</strong></span> <span class='ocrx_word' id='word_1_350' title='bbox 1344 3297 1450 3340; x_wconf 82' lang='lat' dir='ltr'><strong>Set—</strong></span> 
     </span>
     <span class='ocr_line' id='line_1_63' title="bbox 159 3355 1450 3417; baseline 0.009 -19"><span class='ocrx_word' id='word_1_351' title='bbox 159 3355 298 3400; x_wconf 78' lang='lat' dir='ltr'><strong>necht</strong></span> <span class='ocrx_word' id='word_1_352' title='bbox 327 3357 576 3404; x_wconf 82' lang='lat' dir='ltr'><strong>diversum.</strong></span> <span class='ocrx_word' id='word_1_353' title='bbox 604 3361 753 3417; x_wconf 89' lang='lat' dir='ltr'><strong>Quam</strong></span> <span class='ocrx_word' id='word_1_354' title='bbox 785 3363 1056 3406; x_wconf 85' lang='lat' dir='ltr'><strong>sententiam</strong></span> <span class='ocrx_word' id='word_1_355' title='bbox 1087 3363 1278 3408; x_wconf 87' lang='lat' dir='ltr'><strong>fortasse</strong></span> <span class='ocrx_word' id='word_1_356' title='bbox 1311 3367 1450 3410; x_wconf 90' lang='lat' dir='ltr'><strong>admi·</strong></span> 
     </span>
     <span class='ocr_line' id='line_1_64' title="bbox 158 3428 1451 3494; baseline 0.007 -22"><span class='ocrx_word' id='word_1_357' title='bbox 158 3428 269 3473; x_wconf 85' lang='lat' dir='ltr'><strong>seris</strong></span> <span class='ocrx_word' id='word_1_358' title='bbox 286 3463 298 3485; x_wconf 94' lang='lat'>‚</span> <span class='ocrx_word' id='word_1_359' title='bbox 328 3431 365 3474; x_wconf 90' lang='lat' dir='ltr'><strong>si</strong></span> <span class='ocrx_word' id='word_1_360' title='bbox 397 3431 456 3475; x_wconf 92' lang='lat' dir='ltr'><strong>de</strong></span> <span class='ocrx_word' id='word_1_361' title='bbox 487 3432 864 3477; x_wconf 85' lang='lat' dir='ltr'><strong>antecedentibus</strong></span> <span class='ocrx_word' id='word_1_362' title='bbox 894 3434 1079 3494; x_wconf 86' lang='lat' dir='ltr'><strong>regibus</strong></span> <span class='ocrx_word' id='word_1_363' title='bbox 1099 3435 1319 3480; x_wconf 88' lang='lat' dir='ltr'><strong>Manetho</strong></span> <span class='ocrx_word' id='word_1_364' title='bbox 1345 3454 1451 3482; x_wconf 90' lang='lat' dir='ltr'><strong>cum</strong></span> 
     </span>
     <span class='ocr_line' id='line_1_65' title="bbox 160 3504 1450 3564; baseline 0.005 -18"><span class='ocrx_word' id='word_1_365' title='bbox 160 3504 276 3548; x_wconf 89' lang='lat' dir='ltr'><strong>serie</strong></span> <span class='ocrx_word' id='word_1_366' title='bbox 285 3518 449 3564; x_wconf 87' lang='lat' dir='ltr'><strong>regum</strong></span> <span class='ocrx_word' id='word_1_367' title='bbox 459 3504 882 3550; x_wconf 87' lang='lat' dir='ltr'><strong>Medinet·Abuana</strong></span> <span class='ocrx_word' id='word_1_368' title='bbox 895 3507 1175 3551; x_wconf 90' lang='lat' dir='ltr'><strong>consentiret</strong></span> <span class='ocrx_word' id='word_1_369' title='bbox 1187 3524 1199 3562; x_wconf 90' lang='lat'>;</span> <span class='ocrx_word' id='word_1_370' title='bbox 1215 3517 1312 3552; x_wconf 91' lang='lat' dir='ltr'><strong>tum</strong></span> <span class='ocrx_word' id='word_1_371' title='bbox 1327 3511 1450 3554; x_wconf 89' lang='lat' dir='ltr'><strong>enim</strong></span> 
     </span>
    </p>
   </div>
   <div class='ocr_carea' id='block_1_3' title="bbox 0 3652 1451 4225">
    <p class='ocr_par' dir='ltr' id='par_1_5' title="bbox 0 3652 1451 4168">
     <span class='ocr_line' id='line_1_66' title="bbox 162 3652 1450 3706; baseline 0.005 -16"><span class='ocrx_word' id='word_1_372' title='bbox 162 3653 312 3692; x_wconf 78' lang='lat' dir='ltr'><strong>Sirius.</strong></span> <span class='ocrx_word' id='word_1_373' title='bbox 344 3652 516 3693; x_wconf 86' lang='lat' dir='ltr'><strong>Theonis</strong></span> <span class='ocrx_word' id='word_1_374' title='bbox 545 3664 665 3694; x_wconf 82' lang='lat' dir='ltr'><strong>aeram</strong></span> <span class='ocrx_word' id='word_1_375' title='bbox 700 3655 776 3694; x_wconf 85' lang='grc' dir='ltr'><strong>ἀπὸ</strong></span> <span class='ocrx_word' id='word_1_376' title='bbox 811 3657 1033 3706; x_wconf 80' lang='grc' dir='ltr'>Μενοφρέως</span> <span class='ocrx_word' id='word_1_377' title='bbox 1060 3656 1266 3696; x_wconf 86' lang='lat' dir='ltr'><strong>Boeckhius</strong></span> <span class='ocrx_word' id='word_1_378' title='bbox 1298 3669 1348 3697; x_wconf 88' lang='lat' dir='ltr'><strong>ex</strong></span> <span class='ocrx_word' id='word_1_379' title='bbox 1373 3658 1450 3698; x_wconf 86' lang='lat' dir='ltr'><strong>alio</strong></span> 
     </span>
     <span class='ocr_line' id='line_1_67' title="bbox 160 3711 1448 3763; baseline 0.004 -14"><span class='ocrx_word' id='word_1_380' title='bbox 160 3711 373 3759; x_wconf 83' lang='lat' dir='ltr'><strong>systemate</strong></span> <span class='ocrx_word' id='word_1_381' title='bbox 406 3711 682 3762; x_wconf 84' lang='lat' dir='ltr'><strong>chronologico</strong></span> <span class='ocrx_word' id='word_1_382' title='bbox 712 3711 872 3752; x_wconf 86' lang='lat' dir='ltr'><strong>fluxisse</strong></span> <span class='ocrx_word' id='word_1_383' title='bbox 897 3714 1025 3763; x_wconf 80' lang='lat' dir='ltr'><strong>putat,</strong></span> <span class='ocrx_word' id='word_1_384' title='bbox 1058 3725 1182 3763; x_wconf 92' lang='lat' dir='ltr'><strong>quum</strong></span> <span class='ocrx_word' id='word_1_385' title='bbox 1196 3725 1324 3754; x_wconf 89' lang='lat' dir='ltr'><strong>annus</strong></span> <span class='ocrx_word' id='word_1_386' title='bbox 1354 3719 1448 3756; x_wconf 84' lang='lat'><strong>1322</strong></span> 
     </span>
     <span class='ocr_line' id='line_1_68' title="bbox 99 3763 1450 3820; baseline 0.005 -16"><span class='ocrx_word' id='word_1_387' title='bbox 99 3763 106 3771; x_wconf 89' lang='grc'><strong>“</strong></span> <span class='ocrx_word' id='word_1_388' title='bbox 161 3766 266 3817; x_wconf 80' lang='lat' dir='ltr'><strong>apud</strong></span> <span class='ocrx_word' id='word_1_389' title='bbox 284 3767 382 3807; x_wconf 89' lang='lat' dir='ltr'><strong>alios</strong></span> <span class='ocrx_word' id='word_1_390' title='bbox 401 3768 562 3809; x_wconf 87' lang='lat' dir='ltr'><strong>inaliud</strong></span> <span class='ocrx_word' id='word_1_391' title='bbox 573 3781 736 3820; x_wconf 84' lang='lat' dir='ltr'><strong>reguum</strong></span> <span class='ocrx_word' id='word_1_392' title='bbox 750 3769 930 3810; x_wconf 85' lang='lat' dir='ltr'><strong>incidisse</strong></span> <span class='ocrx_word' id='word_1_393' title='bbox 942 3772 1248 3810; x_wconf 88' lang='lat' dir='ltr'><strong>consentaneum</strong></span> <span class='ocrx_word' id='word_1_394' title='bbox 1267 3772 1330 3810; x_wconf 88' lang='lat' dir='ltr'><strong>sit.</strong></span> <span class='ocrx_word' id='word_1_395' title='bbox 1349 3773 1388 3812; x_wconf 90' lang='lat' dir='ltr'><strong>Si</strong></span> <span class='ocrx_word' id='word_1_396' title='bbox 1401 3783 1450 3811; x_wconf 89' lang='lat' dir='ltr'><strong>ex</strong></span> 
     </span>
     <span class='ocr_line' id='line_1_69' title="bbox 161 3821 1451 3879; baseline 0.006 -16"><span class='ocrx_word' id='word_1_397' title='bbox 161 3821 320 3866; x_wconf 84' lang='lat' dir='ltr'><strong>Eusebii</strong></span> <span class='ocrx_word' id='word_1_398' title='bbox 338 3827 540 3868; x_wconf 83' lang='lat' dir='ltr'><strong>laterculis</strong></span> <span class='ocrx_word' id='word_1_399' title='bbox 555 3828 841 3879; x_wconf 78' lang='lat' dir='ltr'><strong>proficiscaris,</strong></span> <span class='ocrx_word' id='word_1_400' title='bbox 863 3829 975 3869; x_wconf 81' lang='lat' dir='ltr'><strong>facile</strong></span> <span class='ocrx_word' id='word_1_401' title='bbox 997 3840 1082 3868; x_wconf 88' lang='lat' dir='ltr'><strong>rem</strong></span> <span class='ocrx_word' id='word_1_402' title='bbox 1097 3830 1152 3868; x_wconf 87' lang='lat' dir='ltr'><strong>ita</strong></span> <span class='ocrx_word' id='word_1_403' title='bbox 1175 3829 1358 3868; x_wconf 83' lang='lat' dir='ltr'><strong>adornari</strong></span> <span class='ocrx_word' id='word_1_404' title='bbox 1378 3842 1451 3871; x_wconf 87' lang='lat' dir='ltr'><strong>nec</strong></span> 
     </span>
     <span class='ocr_line' id='line_1_70' title="bbox 162 3883 1448 3937; baseline 0.004 -15"><span class='ocrx_word' id='word_1_405' title='bbox 162 3883 246 3923; x_wconf 88' lang='lat' dir='ltr'><strong>sine</strong></span> <span class='ocrx_word' id='word_1_406' title='bbox 260 3885 546 3933; x_wconf 84' lang='lat' dir='ltr'><strong>probabilitatis</strong></span> <span class='ocrx_word' id='word_1_407' title='bbox 556 3885 685 3935; x_wconf 82' lang='lat' dir='ltr'><strong>specie</strong></span> <span class='ocrx_word' id='word_1_408' title='bbox 696 3896 824 3937; x_wconf 87' lang='lat' dir='ltr'><strong>posse,</strong></span> <span class='ocrx_word' id='word_1_409' title='bbox 838 3889 882 3926; x_wconf 85' lang='lat' dir='ltr'><strong>ut</strong></span> <span class='ocrx_word' id='word_1_410' title='bbox 897 3898 1022 3926; x_wconf 88' lang='lat' dir='ltr'><strong>annus</strong></span> <span class='ocrx_word' id='word_1_411' title='bbox 1036 3893 1130 3926; x_wconf 85' lang='lat'>1322</span> <span class='ocrx_word' id='word_1_412' title='bbox 1147 3887 1262 3926; x_wconf 85' lang='lat' dir='ltr'><strong>cadat</strong></span> <span class='ocrx_word' id='word_1_413' title='bbox 1275 3888 1314 3926; x_wconf 86' lang='lat' dir='ltr'><strong>in</strong></span> <span class='ocrx_word' id='word_1_414' title='bbox 1331 3888 1448 3928; x_wconf 76' lang='lat' dir='ltr'><strong>{inem</strong></span> 
     </span>
     <span class='ocr_line' id='line_1_71' title="bbox 163 3941 1447 3996; baseline 0.005 -17"><span class='ocrx_word' id='word_1_415' title='bbox 163 3941 271 3990; x_wconf 86' lang='lat' dir='ltr'><strong>regni</strong></span> <span class='ocrx_word' id='word_1_416' title='bbox 283 3943 536 3993; x_wconf 81' lang='lat' dir='ltr'><strong>Amenopliis.</strong></span> <span class='ocrx_word' id='word_1_417' title='bbox 555 3945 692 3994; x_wconf 86' lang='lat' dir='ltr'><strong>Neque</strong></span> <span class='ocrx_word' id='word_1_418' title='bbox 707 3946 841 3984; x_wconf 87' lang='lat' dir='ltr'><strong>tamen</strong></span> <span class='ocrx_word' id='word_1_419' title='bbox 859 3945 1062 3995; x_wconf 86' lang='lat' dir='ltr'><strong>probabile</strong></span> <span class='ocrx_word' id='word_1_420' title='bbox 1085 3956 1169 3985; x_wconf 89' lang='lat' dir='ltr'><strong>esse</strong></span> <span class='ocrx_word' id='word_1_421' title='bbox 1189 3947 1447 3996; x_wconf 78' lang='lat' dir='ltr'><strong>Amenophim</strong></span> 
     </span>
     <span class='ocr_line' id='line_1_72' title="bbox 0 3991 1450 4051; baseline 0.005 -16"><span class='ocrx_word' id='word_1_422' title='bbox 0 3991 14 4046; x_wconf 65' lang='grc' dir='ltr'><strong>ξ.</strong></span> <span class='ocrx_word' id='word_1_423' title='bbox 36 3992 42 3998; x_wconf 75' lang='lat'><em>&#39;</em></span> <span class='ocrx_word' id='word_1_424' title='bbox 163 3998 303 4038; x_wconf 82' lang='lat' dir='ltr'><strong>abiisse</strong></span> <span class='ocrx_word' id='word_1_425' title='bbox 324 4001 365 4038; x_wconf 89' lang='lat' dir='ltr'><strong>in</strong></span> <span class='ocrx_word' id='word_1_426' title='bbox 386 3999 643 4051; x_wconf 78' lang='lat' dir='ltr'><strong>Menophren</strong></span> <span class='ocrx_word' id='word_1_427' title='bbox 658 4031 670 4051; x_wconf 94' lang='lat'>,</span> <span class='ocrx_word' id='word_1_428' title='bbox 702 4002 808 4051; x_wconf 87' lang='lat' dir='ltr'><strong>quod</strong></span> <span class='ocrx_word' id='word_1_429' title='bbox 834 4013 981 4041; x_wconf 90' lang='lat' dir='ltr'><strong>nomen</strong></span> <span class='ocrx_word' id='word_1_430' title='bbox 1001 4003 1168 4041; x_wconf 83' lang='lat' dir='ltr'><strong>sormam</strong></span> <span class='ocrx_word' id='word_1_431' title='bbox 1199 4003 1340 4042; x_wconf 86' lang='lat' dir='ltr'><strong>habeat</strong></span> <span class='ocrx_word' id='word_1_432' title='bbox 1357 4015 1450 4043; x_wconf 85' lang='lat' dir='ltr'><strong>vere</strong></span> 
     </span>
     <span class='ocr_line' id='line_1_73' title="bbox 165 4056 1448 4110; baseline 0.005 -15"><span class='ocrx_word' id='word_1_433' title='bbox 165 4056 447 4106; x_wconf 84' lang='lat' dir='ltr'><strong>AEgyptiacam.</strong></span> <span class='ocrx_word' id='word_1_434' title='bbox 483 4060 663 4099; x_wconf 81' lang='lat' dir='ltr'><strong>Fortasse</strong></span> <span class='ocrx_word' id='word_1_435' title='bbox 685 4061 927 4110; x_wconf 85' lang='lat' dir='ltr'><strong>Menophren</strong></span> <span class='ocrx_word' id='word_1_436' title='bbox 950 4060 1067 4099; x_wconf 81' lang='lat' dir='ltr'><strong>fuisse</strong></span> <span class='ocrx_word' id='word_1_437' title='bbox 1095 4062 1268 4099; x_wconf 85' lang='lat' dir='ltr'><strong>tutorem</strong></span> <span class='ocrx_word' id='word_1_438' title='bbox 1291 4062 1448 4106; x_wconf 81' lang='lat' dir='ltr'><strong>Sethos·</strong></span> 
     </span>
     <span class='ocr_line' id='line_1_74' title="bbox 165 4109 1450 4168; baseline 0.005 -16"><span class='ocrx_word' id='word_1_439' title='bbox 165 4109 375 4154; x_wconf 75' lang='lat' dir='ltr'><strong>Ramessis.</strong></span> <span class='ocrx_word' id='word_1_440' title='bbox 395 4119 525 4163; x_wconf 89' lang='lat' dir='ltr'><strong>Quam</strong></span> <span class='ocrx_word' id='word_1_441' title='bbox 542 4116 812 4167; x_wconf 79' lang='lat' dir='ltr'><strong>conjecturam</strong></span> <span class='ocrx_word' id='word_1_442' title='bbox 824 4118 1003 4168; x_wconf 86' lang='lat' dir='ltr'><strong>pluribus</strong></span> <span class='ocrx_word' id='word_1_443' title='bbox 1027 4118 1266 4167; x_wconf 83' lang='lat' dir='ltr'><strong>argumentis</strong></span> <span class='ocrx_word' id='word_1_444' title='bbox 1294 4119 1450 4159; x_wconf 75' lang='lat' dir='ltr'><strong>firmare</strong></span> 
     </span>
    </p>

    <p class='ocr_par' dir='ltr' id='par_1_6' title="bbox 165 4172 558 4225">
     <span class='ocr_line' id='line_1_75' title="bbox 165 4172 558 4225; baseline 0.008 -13"><span class='ocrx_word' id='word_1_445' title='bbox 165 4172 296 4212; x_wconf 86' lang='lat' dir='ltr'><strong>studet</strong></span> <span class='ocrx_word' id='word_1_446' title='bbox 312 4183 353 4223; x_wconf 82' lang='lat' dir='ltr'><strong>p.</strong></span> <span class='ocrx_word' id='word_1_447' title='bbox 378 4178 451 4214; x_wconf 85' lang='lat'><strong>308</strong></span> <span class='ocrx_word' id='word_1_448' title='bbox 471 4185 558 4225; x_wconf 89' lang='lat' dir='ltr'><strong>sqq.</strong></span> 
     </span>
    </p>
   </div>
   <div class='ocr_carea' id='block_1_4' title="bbox 1281 229 1687 278">
    <p class='ocr_par' dir='ltr' id='par_1_7' title="bbox 1281 229 1687 278">
     <span class='ocr_line' id='line_1_76' title="bbox 1281 229 1687 278; baseline 0 0"><span class='ocrx_word' id='word_1_449' title='bbox 1281 229 1687 278; x_wconf 82' lang='lat' dir='ltr'><strong>FRAGMENTA.</strong></span> 
     </span>
    </p>
   </div>
   <div class='ocr_carea' id='block_1_5' title="bbox 158 315 2809 406">
    <p class='ocr_par' dir='ltr' id='par_1_8' title="bbox 148 315 2809 406">
     <span class='ocr_line' id='line_1_77' title="bbox 158 315 2809 406; baseline 0.003 -22.966"><span class='ocrx_word' id='word_1_450' title='bbox 158 325 163 334; x_wconf 68' lang='lat'><strong>.</strong></span> <span class='ocrx_word' id='word_1_451' title='bbox 179 340 199 368; x_wconf 83' lang='grc'><strong>’-</strong></span> <span class='ocrx_word' id='word_1_452' title='bbox 227 341 334 384; x_wconf 88' lang='lat' dir='ltr'><strong>Post</strong></span> <span class='ocrx_word' id='word_1_453' title='bbox 355 336 650 396; x_wconf 86' lang='lat' dir='ltr'><strong>Senephthah</strong></span> <span class='ocrx_word' id='word_1_454' title='bbox 670 315 828 395; x_wconf 81' lang='lat' dir='ltr'><strong>regem</strong></span> <span class='ocrx_word' id='word_1_455' title='bbox 846 334 893 377; x_wconf 88' lang='lat' dir='ltr'><strong>in</strong></span> <span class='ocrx_word' id='word_1_456' title='bbox 913 335 1227 379; x_wconf 82' lang='lat' dir='ltr'><strong>monumentis</strong></span> <span class='ocrx_word' id='word_1_457' title='bbox 1239 336 1448 395; x_wconf 90' lang='lat' dir='ltr'><strong>sequitur</strong></span> <span class='ocrx_word' id='word_1_458' title='bbox 1523 351 1627 380; x_wconf 88' lang='lat' dir='ltr'><strong>cum</strong></span> <span class='ocrx_word' id='word_1_459' title='bbox 1656 337 2065 383; x_wconf 85' lang='lat' dir='ltr'><strong>verisimilitudinis</strong></span> <span class='ocrx_word' id='word_1_460' title='bbox 2087 343 2235 399; x_wconf 85' lang='lat' dir='ltr'><strong>specie</strong></span> <span class='ocrx_word' id='word_1_461' title='bbox 2259 342 2459 401; x_wconf 89' lang='lat' dir='ltr'><strong>quadam</strong></span> <span class='ocrx_word' id='word_1_462' title='bbox 2483 353 2698 391; x_wconf 86' lang='lat' dir='ltr'><strong>statueres</strong></span> <span class='ocrx_word' id='word_1_463' title='bbox 2716 363 2809 406; x_wconf 88' lang='lat' dir='ltr'><strong>po·-</strong></span> 
     </span>
    </p>
   </div>
   <div class='ocr_carea' id='block_1_6' title="bbox 2702 249 2792 287">
    <p class='ocr_par' dir='ltr' id='par_1_9' title="bbox 2702 249 2792 287">
     <span class='ocr_line' id='line_1_78' title="bbox 2702 249 2792 287; baseline 0 0"><span class='ocrx_word' id='word_1_464' title='bbox 2702 249 2792 287; x_wconf 82' lang='lat'><strong>587</strong></span> 
     </span>
    </p>
   </div>
   <div class='ocr_carea' id='block_1_7' title="bbox 1522 414 2810 545">
    <p class='ocr_par' dir='ltr' id='par_1_10' title="bbox 1522 414 2810 545">
     <span class='ocr_line' id='line_1_79' title="bbox 1522 414 2809 476; baseline 0.01 -26"><span class='ocrx_word' id='word_1_465' title='bbox 1522 415 1741 452; x_wconf 87' lang='lat' dir='ltr'><strong>stremum</strong></span> <span class='ocrx_word' id='word_1_466' title='bbox 1775 423 1965 468; x_wconf 91' lang='lat' dir='ltr'><strong>quoque</strong></span> <span class='ocrx_word' id='word_1_467' title='bbox 1997 426 2151 471; x_wconf 86' lang='lat' dir='ltr'><strong>regem</strong></span> <span class='ocrx_word' id='word_1_468' title='bbox 2183 414 2399 459; x_wconf 88' lang='lat' dir='ltr'><strong>Meriram</strong></span> <span class='ocrx_word' id='word_1_469' title='bbox 2434 418 2809 476; x_wconf 88' lang='lat' dir='ltr'><strong>componendum</strong></span> 
     </span>
     <span class='ocr_line' id='line_1_80' title="bbox 1525 481 2810 545; baseline 0.009 -23"><span class='ocrx_word' id='word_1_470' title='bbox 1525 494 1620 523; x_wconf 90' lang='lat' dir='ltr'><strong>esse</strong></span> <span class='ocrx_word' id='word_1_471' title='bbox 1644 494 1749 523; x_wconf 90' lang='lat' dir='ltr'><strong>cum</strong></span> <span class='ocrx_word' id='word_1_472' title='bbox 1775 481 1970 526; x_wconf 85' lang='lat' dir='ltr'><strong>Thuori.</strong></span> <span class='ocrx_word' id='word_1_473' title='bbox 1999 485 2056 526; x_wconf 89' lang='lat' dir='ltr'><strong>At</strong></span> <span class='ocrx_word' id='word_1_474' title='bbox 2074 484 2160 526; x_wconf 88' lang='lat' dir='ltr'><strong>alia</strong></span> <span class='ocrx_word' id='word_1_475' title='bbox 2182 499 2315 543; x_wconf 88' lang='lat' dir='ltr'><strong>agere</strong></span> <span class='ocrx_word' id='word_1_476' title='bbox 2347 488 2696 545; x_wconf 89' lang='lat' dir='ltr'><strong>Manethonem‚</strong></span> <span class='ocrx_word' id='word_1_477' title='bbox 2723 491 2810 535; x_wconf 89' lang='lat' dir='ltr'><strong>alia</strong></span> 
     </span>
    </p>
   </div>
   <div class='ocr_carea' id='block_1_8' title="bbox 1524 553 2815 1614">
    <p class='ocr_par' dir='ltr' id='par_1_11' title="bbox 1524 553 2815 1327">
     <span class='ocr_line' id='line_1_81' title="bbox 1524 553 2811 611; baseline 0.01 -18"><span class='ocrx_word' id='word_1_478' title='bbox 1524 560 1819 596; x_wconf 88' lang='lat' dir='ltr'><strong>monumenta</strong></span> <span class='ocrx_word' id='word_1_479' title='bbox 1847 553 2056 611; x_wconf 86' lang='lat' dir='ltr'><strong>praebere</strong></span> <span class='ocrx_word' id='word_1_480' title='bbox 2078 554 2221 598; x_wconf 91' lang='lat' dir='ltr'><strong>modo</strong></span> <span class='ocrx_word' id='word_1_481' title='bbox 2248 557 2459 605; x_wconf 83' lang='lat' dir='ltr'><strong>vidimus.</strong></span> <span class='ocrx_word' id='word_1_482' title='bbox 2497 561 2599 604; x_wconf 87' lang='lat' dir='ltr'><strong>Huc</strong></span> <span class='ocrx_word' id='word_1_483' title='bbox 2633 562 2811 606; x_wconf 87' lang='lat' dir='ltr'><strong>accedit</strong></span> 
     </span>
     <span class='ocr_line' id='line_1_82' title="bbox 1526 623 2811 688; baseline 0.01 -23"><span class='ocrx_word' id='word_1_484' title='bbox 1526 623 1684 681; x_wconf 87' lang='lat' dir='ltr'><strong>quod,</strong></span> <span class='ocrx_word' id='word_1_485' title='bbox 1719 639 1862 682; x_wconf 90' lang='lat' dir='ltr'><strong>quum</strong></span> <span class='ocrx_word' id='word_1_486' title='bbox 1896 626 2063 669; x_wconf 88' lang='lat' dir='ltr'><strong>Merira</strong></span> <span class='ocrx_word' id='word_1_487' title='bbox 2094 642 2265 671; x_wconf 89' lang='lat' dir='ltr'><strong>nomen</strong></span> <span class='ocrx_word' id='word_1_488' title='bbox 2300 631 2461 688; x_wconf 89' lang='lat' dir='ltr'><strong>saepius</strong></span> <span class='ocrx_word' id='word_1_489' title='bbox 2504 642 2719 676; x_wconf 87' lang='lat' dir='ltr'><strong>occurrat</strong></span> <span class='ocrx_word' id='word_1_490' title='bbox 2762 635 2811 678; x_wconf 90' lang='lat' dir='ltr'><strong>in</strong></span> 
     </span>
     <span class='ocr_line' id='line_1_83' title="bbox 1529 694 2811 763; baseline 0.01 -26"><span class='ocrx_word' id='word_1_491' title='bbox 1529 694 1735 753; x_wconf 84' lang='lat' dir='ltr'><strong>dynastia</strong></span> <span class='ocrx_word' id='word_1_492' title='bbox 1769 696 1886 751; x_wconf 89' lang='lat' dir='ltr'><strong>XX,</strong></span> <span class='ocrx_word' id='word_1_493' title='bbox 1919 698 2301 742; x_wconf 83' lang='lat' dir='ltr'><strong>verisimillimum</strong></span> <span class='ocrx_word' id='word_1_494' title='bbox 2333 710 2425 756; x_wconf 86' lang='lat' dir='ltr'><strong>est,</strong></span> <span class='ocrx_word' id='word_1_495' title='bbox 2454 712 2664 747; x_wconf 88' lang='lat' dir='ltr'><strong>nostrum</strong></span> <span class='ocrx_word' id='word_1_496' title='bbox 2690 719 2811 763; x_wconf 88' lang='lat' dir='ltr'><strong>quo—</strong></span> 
     </span>
     <span class='ocr_line' id='line_1_84' title="bbox 1527 768 2808 834; baseline 0.009 -25"><span class='ocrx_word' id='word_1_497' title='bbox 1527 781 1618 824; x_wconf 93' lang='lat' dir='ltr'><strong>que</strong></span> <span class='ocrx_word' id='word_1_498' title='bbox 1639 768 1882 825; x_wconf 90' lang='lat' dir='ltr'><strong>Meriram‚</strong></span> <span class='ocrx_word' id='word_1_499' title='bbox 1911 770 2111 828; x_wconf 90' lang='lat' dir='ltr'><strong>primum</strong></span> <span class='ocrx_word' id='word_1_500' title='bbox 2141 769 2275 827; x_wconf 89' lang='lat' dir='ltr'><strong>hujus</strong></span> <span class='ocrx_word' id='word_1_501' title='bbox 2311 774 2510 818; x_wconf 87' lang='lat' dir='ltr'><strong>nominis</strong></span> <span class='ocrx_word' id='word_1_502' title='bbox 2533 790 2714 834; x_wconf 84' lang='lat' dir='ltr'><strong>regem,</strong></span> <span class='ocrx_word' id='word_1_503' title='bbox 2749 778 2808 821; x_wconf 85' lang='lat' dir='ltr'><strong>ad</strong></span> 
     </span>
     <span class='ocr_line' id='line_1_85' title="bbox 1528 834 2812 901; baseline 0.01 -22"><span class='ocrx_word' id='word_1_504' title='bbox 1528 834 1638 893; x_wconf 87' lang='lat' dir='ltr'><strong>dyn.</strong></span> <span class='ocrx_word' id='word_1_505' title='bbox 1672 839 1765 881; x_wconf 90' lang='lat' dir='ltr'><strong>XX</strong></span> <span class='ocrx_word' id='word_1_506' title='bbox 1794 853 1887 883; x_wconf 92' lang='lat' dir='ltr'><strong>esse</strong></span> <span class='ocrx_word' id='word_1_507' title='bbox 1915 839 2224 884; x_wconf 86' lang='lat' dir='ltr'><strong>referendum.</strong></span> <span class='ocrx_word' id='word_1_508' title='bbox 2253 844 2415 901; x_wconf 86' lang='lat' dir='ltr'><strong>ltaque</strong></span> <span class='ocrx_word' id='word_1_509' title='bbox 2438 846 2556 889; x_wconf 90' lang='lat' dir='ltr'><strong>male</strong></span> <span class='ocrx_word' id='word_1_510' title='bbox 2581 846 2812 892; x_wconf 86' lang='lat' dir='ltr'><strong>distinctas</strong></span> 
     </span>
     <span class='ocr_line' id='line_1_86' title="bbox 1527 908 2813 969; baseline 0.009 -19"><span class='ocrx_word' id='word_1_511' title='bbox 1527 921 1553 950; x_wconf 91' lang='lat' dir='ltr'><strong>a</strong></span> <span class='ocrx_word' id='word_1_512' title='bbox 1578 908 1857 954; x_wconf 89' lang='lat' dir='ltr'><strong>Manethone</strong></span> <span class='ocrx_word' id='word_1_513' title='bbox 1887 910 2115 969; x_wconf 81' lang='lat' dir='ltr'><strong>dynastias</strong></span> <span class='ocrx_word' id='word_1_514' title='bbox 2141 927 2235 956; x_wconf 88' lang='lat' dir='ltr'><strong>esse</strong></span> <span class='ocrx_word' id='word_1_515' title='bbox 2265 928 2370 956; x_wconf 89' lang='lat' dir='ltr'><strong>cum</strong></span> <span class='ocrx_word' id='word_1_516' title='bbox 2400 916 2628 959; x_wconf 89' lang='lat' dir='ltr'><strong>Bunsenio</strong></span> <span class='ocrx_word' id='word_1_517' title='bbox 2653 917 2813 962; x_wconf 89' lang='lat' dir='ltr'><strong>dicen—</strong></span> 
     </span>
     <span class='ocr_line' id='line_1_87' title="bbox 1530 978 2810 1039; baseline 0.009 -18"><span class='ocrx_word' id='word_1_518' title='bbox 1530 978 1643 1022; x_wconf 90' lang='lat' dir='ltr'><strong>dum</strong></span> <span class='ocrx_word' id='word_1_519' title='bbox 1669 980 1805 1026; x_wconf 88' lang='lat' dir='ltr'><strong>foret.</strong></span> <span class='ocrx_word' id='word_1_520' title='bbox 1837 983 1919 1026; x_wconf 93' lang='lat' dir='ltr'><strong>Uti</strong></span> <span class='ocrx_word' id='word_1_521' title='bbox 1945 997 2069 1027; x_wconf 88' lang='lat' dir='ltr'><strong>nunc</strong></span> <span class='ocrx_word' id='word_1_522' title='bbox 2098 998 2172 1027; x_wconf 88' lang='lat' dir='ltr'><strong>res</strong></span> <span class='ocrx_word' id='word_1_523' title='bbox 2211 984 2374 1039; x_wconf 89' lang='lat' dir='ltr'><strong>habet,</strong></span> <span class='ocrx_word' id='word_1_524' title='bbox 2408 985 2576 1029; x_wconf 86' lang='lat' dir='ltr'><strong>horum</strong></span> <span class='ocrx_word' id='word_1_525' title='bbox 2606 990 2810 1033; x_wconf 89' lang='lat' dir='ltr'><strong>omnium</strong></span> 
     </span>
     <span class='ocr_line' id='line_1_88' title="bbox 1528 1051 2815 1116; baseline 0.008 -23"><span class='ocrx_word' id='word_1_526' title='bbox 1528 1064 1708 1094; x_wconf 89' lang='lat' dir='ltr'><strong>causam</strong></span> <span class='ocrx_word' id='word_1_527' title='bbox 1740 1051 1957 1097; x_wconf 90' lang='lat' dir='ltr'><strong>idoneam</strong></span> <span class='ocrx_word' id='word_1_528' title='bbox 1987 1053 2309 1099; x_wconf 87' lang='lat' dir='ltr'><strong>desideramus.</strong></span> <span class='ocrx_word' id='word_1_529' title='bbox 2345 1055 2493 1109; x_wconf 90' lang='lat' dir='ltr'><strong>Multo</strong></span> <span class='ocrx_word' id='word_1_530' title='bbox 2523 1059 2815 1116; x_wconf 86' lang='lat' dir='ltr'><strong>probabilior</strong></span> 
     </span>
     <span class='ocr_line' id='line_1_89' title="bbox 1527 1123 2814 1190; baseline 0.009 -26"><span class='ocrx_word' id='word_1_531' title='bbox 1527 1130 1593 1164; x_wconf 89' lang='lat' dir='ltr'><strong>est</strong></span> <span class='ocrx_word' id='word_1_532' title='bbox 1607 1124 1846 1167; x_wconf 90' lang='lat' dir='ltr'><strong>Leemansi</strong></span> <span class='ocrx_word' id='word_1_533' title='bbox 1867 1123 1941 1187; x_wconf 92' lang='lat' dir='ltr'><strong>(in</strong></span> <span class='ocrx_word' id='word_1_534' title='bbox 1957 1126 2089 1183; x_wconf 90' lang='lat' dir='ltr'><strong>epist.</strong></span> <span class='ocrx_word' id='word_1_535' title='bbox 2111 1125 2170 1168; x_wconf 88' lang='lat' dir='ltr'><strong>ad</strong></span> <span class='ocrx_word' id='word_1_536' title='bbox 2189 1126 2490 1170; x_wconf 89' lang='lat' dir='ltr'><strong>Salvolinium</strong></span> <span class='ocrx_word' id='word_1_537' title='bbox 2505 1143 2554 1187; x_wconf 88' lang='lat' dir='ltr'><strong>p.</strong></span> <span class='ocrx_word' id='word_1_538' title='bbox 2584 1127 2698 1190; x_wconf 89' lang='lat'>100)</span> <span class='ocrx_word' id='word_1_539' title='bbox 2719 1146 2814 1175; x_wconf 91' lang='lat' dir='ltr'><strong>sen·</strong></span> 
     </span>
     <span class='ocr_line' id='line_1_90' title="bbox 1527 1195 2811 1263; baseline 0.009 -27"><span class='ocrx_word' id='word_1_540' title='bbox 1527 1195 1694 1249; x_wconf 89' lang='lat' dir='ltr'><strong>tentia,</strong></span> <span class='ocrx_word' id='word_1_541' title='bbox 1724 1195 1980 1239; x_wconf 87' lang='lat' dir='ltr'><strong>secundum</strong></span> <span class='ocrx_word' id='word_1_542' title='bbox 2003 1211 2142 1255; x_wconf 89' lang='lat' dir='ltr'><strong>quam</strong></span> <span class='ocrx_word' id='word_1_543' title='bbox 2168 1197 2361 1242; x_wconf 81' lang='lat' dir='ltr'><strong>Thuoris</strong></span> <span class='ocrx_word' id='word_1_544' title='bbox 2381 1201 2571 1244; x_wconf 89' lang='lat' dir='ltr'><strong>nomine</strong></span> <span class='ocrx_word' id='word_1_545' title='bbox 2601 1200 2811 1263; x_wconf 87' lang='lat' dir='ltr'><strong>designa-</strong></span> 
     </span>
     <span class='ocr_line' id='line_1_91' title="bbox 1526 1267 2003 1327; baseline 0.01 -20"><span class='ocrx_word' id='word_1_546' title='bbox 1526 1272 1604 1308; x_wconf 92' lang='lat' dir='ltr'><strong>tur</strong></span> <span class='ocrx_word' id='word_1_547' title='bbox 1628 1267 1817 1310; x_wconf 80' lang='lat' dir='ltr'><strong>Taseser</strong></span> <span class='ocrx_word' id='word_1_548' title='bbox 1829 1268 2003 1327; x_wconf 86' lang='lat' dir='ltr'><strong>regina.</strong></span> 
     </span>
    </p>

    <p class='ocr_par' dir='ltr' id='par_1_12' title="bbox 1525 1338 2815 1614">
     <span class='ocr_line' id='line_1_92' title="bbox 1596 1338 2815 1401; baseline 0.003 -17"><span class='ocrx_word' id='word_1_549' title='bbox 1596 1338 1661 1384; x_wconf 85' lang='lat' dir='ltr'><strong>Ex</strong></span> <span class='ocrx_word' id='word_1_550' title='bbox 1681 1340 1825 1383; x_wconf 88' lang='lat' dir='ltr'><strong>allatis</strong></span> <span class='ocrx_word' id='word_1_551' title='bbox 1843 1341 1985 1399; x_wconf 88' lang='lat' dir='ltr'><strong>igitur</strong></span> <span class='ocrx_word' id='word_1_552' title='bbox 2006 1347 2133 1398; x_wconf 88' lang='lat' dir='ltr'><strong>patet</strong></span> <span class='ocrx_word' id='word_1_553' title='bbox 2153 1354 2210 1383; x_wconf 87' lang='lat' dir='ltr'><strong>ex</strong></span> <span class='ocrx_word' id='word_1_554' title='bbox 2225 1354 2302 1384; x_wconf 87' lang='lat' dir='ltr'><strong>sex</strong></span> <span class='ocrx_word' id='word_1_555' title='bbox 2326 1341 2511 1401; x_wconf 84' lang='lat' dir='ltr'><strong>regibus</strong></span> <span class='ocrx_word' id='word_1_556' title='bbox 2524 1343 2815 1389; x_wconf 89' lang='lat' dir='ltr'><strong>Manethonis</strong></span> 
     </span>
     <span class='ocr_line' id='line_1_93' title="bbox 1526 1410 2812 1470; baseline 0.005 -16"><span class='ocrx_word' id='word_1_557' title='bbox 1526 1410 1644 1454; x_wconf 92' lang='lat' dir='ltr'><strong>duos</strong></span> <span class='ocrx_word' id='word_1_558' title='bbox 1667 1420 1844 1454; x_wconf 86' lang='lat' dir='ltr'><strong>tantum</strong></span> <span class='ocrx_word' id='word_1_559' title='bbox 1868 1426 1960 1455; x_wconf 90' lang='lat' dir='ltr'><strong>esse</strong></span> <span class='ocrx_word' id='word_1_560' title='bbox 1977 1444 1989 1466; x_wconf 91' lang='lat'>‚</span> <span class='ocrx_word' id='word_1_561' title='bbox 2017 1426 2133 1470; x_wconf 92' lang='lat' dir='ltr'><strong>quos</strong></span> <span class='ocrx_word' id='word_1_562' title='bbox 2152 1411 2340 1456; x_wconf 82' lang='lat' dir='ltr'><strong>eosdem</strong></span> <span class='ocrx_word' id='word_1_563' title='bbox 2362 1422 2661 1459; x_wconf 89' lang='lat' dir='ltr'><strong>monumenta</strong></span> <span class='ocrx_word' id='word_1_564' title='bbox 2683 1418 2812 1460; x_wconf 84' lang='lat' dir='ltr'><strong>exhi-</strong></span> 
     </span>
     <span class='ocr_line' id='line_1_94' title="bbox 1525 1483 2813 1547; baseline 0.005 -21"><span class='ocrx_word' id='word_1_565' title='bbox 1525 1483 1652 1539; x_wconf 84' lang='lat' dir='ltr'><strong>bent,</strong></span> <span class='ocrx_word' id='word_1_566' title='bbox 1671 1483 1931 1530; x_wconf 85' lang='lat' dir='ltr'><strong>Ramessem</strong></span> <span class='ocrx_word' id='word_1_567' title='bbox 1947 1485 1993 1527; x_wconf 88' lang='lat' dir='ltr'><strong>II</strong></span> <span class='ocrx_word' id='word_1_568' title='bbox 2009 1492 2055 1527; x_wconf 89' lang='lat' dir='ltr'><strong>et</strong></span> <span class='ocrx_word' id='word_1_569' title='bbox 2074 1485 2441 1543; x_wconf 78' lang='lat' dir='ltr'><strong>Amenephthah.</strong></span> <span class='ocrx_word' id='word_1_570' title='bbox 2462 1488 2643 1530; x_wconf 85' lang='lat' dir='ltr'><strong>Horum</strong></span> <span class='ocrx_word' id='word_1_571' title='bbox 2659 1489 2813 1547; x_wconf 90' lang='lat' dir='ltr'><strong>itaque</strong></span> 
     </span>
     <span class='ocr_line' id='line_1_95' title="bbox 1525 1556 2815 1614; baseline 0.005 -16"><span class='ocrx_word' id='word_1_572' title='bbox 1525 1563 1734 1614; x_wconf 86' lang='lat' dir='ltr'><strong>tempora</strong></span> <span class='ocrx_word' id='word_1_573' title='bbox 1775 1571 1799 1599; x_wconf 90' lang='lat' dir='ltr'><strong>e</strong></span> <span class='ocrx_word' id='word_1_574' title='bbox 1828 1556 2108 1600; x_wconf 86' lang='lat' dir='ltr'><strong>Manethone</strong></span> <span class='ocrx_word' id='word_1_575' title='bbox 2146 1556 2206 1600; x_wconf 87' lang='lat' dir='ltr'><strong>ad</strong></span> <span class='ocrx_word' id='word_1_576' title='bbox 2238 1567 2646 1603; x_wconf 87' lang='lat' dir='ltr'><strong>monumentorum</strong></span> <span class='ocrx_word' id='word_1_577' title='bbox 2678 1562 2815 1606; x_wconf 88' lang='lat' dir='ltr'><strong>series</strong></span> 
     </span>
    </p>
   </div>
   <div class='ocr_carea' id='block_1_9' title="bbox 1502 1627 1911 1675">
    <p class='ocr_par' dir='ltr' id='par_1_13' title="bbox 1502 1627 1911 1675">
     <span class='ocr_line' id='line_1_96' title="bbox 1502 1627 1911 1675; baseline 0.015 -6"><span class='ocrx_word' id='word_1_578' title='bbox 1502 1653 1505 1655; x_wconf 60' lang='lat'>&gt;</span> <span class='ocrx_word' id='word_1_579' title='bbox 1527 1627 1772 1672; x_wconf 83' lang='lat' dir='ltr'><strong>transferre</strong></span> <span class='ocrx_word' id='word_1_580' title='bbox 1788 1628 1911 1675; x_wconf 88' lang='lat' dir='ltr'><strong>licet.</strong></span> 
     </span>
    </p>
   </div>
   <div class='ocr_carea' id='block_1_10' title="bbox 1523 1700 2813 2192">
    <p class='ocr_par' dir='ltr' id='par_1_14' title="bbox 1523 1700 2813 2192">
     <span class='ocr_line' id='line_1_97' title="bbox 1589 1700 2808 1764; baseline 0.006 -21"><span class='ocrx_word' id='word_1_581' title='bbox 1589 1700 1791 1744; x_wconf 88' lang='lat' dir='ltr'><strong>Ramessi</strong></span> <span class='ocrx_word' id='word_1_582' title='bbox 1806 1701 1852 1744; x_wconf 94' lang='grc' dir='ltr'><strong>ΙΙ</strong></span> <span class='ocrx_word' id='word_1_583' title='bbox 1867 1702 1893 1743; x_wconf 87' lang='lat' dir='ltr'>J</span> <span class='ocrx_word' id='word_1_584' title='bbox 1897 1701 2093 1760; x_wconf 89' lang='lat' dir='ltr'><strong>osephus</strong></span> <span class='ocrx_word' id='word_1_585' title='bbox 2112 1701 2275 1744; x_wconf 87' lang='lat' dir='ltr'><strong>tribuit</strong></span> <span class='ocrx_word' id='word_1_586' title='bbox 2298 1716 2443 1746; x_wconf 89' lang='lat' dir='ltr'><strong>annos</strong></span> <span class='ocrx_word' id='word_1_587' title='bbox 2459 1701 2519 1746; x_wconf 91' lang='lat'><strong>66</strong></span> <span class='ocrx_word' id='word_1_588' title='bbox 2540 1718 2808 1764; x_wconf 90' lang='lat' dir='ltr'><strong>mensesque</strong></span> 
     </span>
     <span class='ocr_line' id='line_1_98' title="bbox 1527 1772 2806 1836; baseline 0.005 -21"><span class='ocrx_word' id='word_1_589' title='bbox 1527 1786 1580 1827; x_wconf 80' lang='lat'><strong>23</strong></span> <span class='ocrx_word' id='word_1_590' title='bbox 1603 1772 1804 1820; x_wconf 87' lang='lat' dir='ltr'><strong>eundem</strong></span> <span class='ocrx_word' id='word_1_591' title='bbox 1825 1781 1930 1831; x_wconf 91' lang='lat' dir='ltr'><strong>post</strong></span> <span class='ocrx_word' id='word_1_592' title='bbox 1950 1773 2134 1831; x_wconf 91' lang='lat' dir='ltr'><strong>pulsum</strong></span> <span class='ocrx_word' id='word_1_593' title='bbox 2158 1774 2363 1818; x_wconf 90' lang='lat' dir='ltr'><strong>Armaim</strong></span> <span class='ocrx_word' id='word_1_594' title='bbox 2386 1773 2575 1818; x_wconf 88' lang='lat' dir='ltr'><strong>fratrem</strong></span> <span class='ocrx_word' id='word_1_595' title='bbox 2597 1791 2806 1836; x_wconf 88' lang='lat' dir='ltr'><strong>regnasse</strong></span> 
     </span>
     <span class='ocr_line' id='line_1_99' title="bbox 1525 1842 2810 1911; baseline 0.009 -26"><span class='ocrx_word' id='word_1_596' title='bbox 1525 1842 1638 1887; x_wconf 91' lang='lat' dir='ltr'><strong>dicit</strong></span> <span class='ocrx_word' id='word_1_597' title='bbox 1666 1845 1795 1888; x_wconf 91' lang='lat' dir='ltr'><strong>annis</strong></span> <span class='ocrx_word' id='word_1_598' title='bbox 1823 1842 1882 1904; x_wconf 85' lang='lat'><strong>59</strong></span> <span class='ocrx_word' id='word_1_599' title='bbox 1905 1843 2098 1905; x_wconf 90' lang='lat' dir='ltr'><strong>(eodem</strong></span> <span class='ocrx_word' id='word_1_600' title='bbox 2120 1845 2318 1889; x_wconf 89' lang='lat' dir='ltr'><strong>redeunt</strong></span> <span class='ocrx_word' id='word_1_601' title='bbox 2340 1847 2447 1890; x_wconf 89' lang='lat' dir='ltr'><strong>anni</strong></span> <span class='ocrx_word' id='word_1_602' title='bbox 2475 1846 2536 1890; x_wconf 91' lang='lat'><strong>60</strong></span> <span class='ocrx_word' id='word_1_603' title='bbox 2559 1847 2810 1911; x_wconf 85' lang='lat' dir='ltr'><strong>Africani).</strong></span> 
     </span>
     <span class='ocr_line' id='line_1_100' title="bbox 1523 1915 2806 1974; baseline 0.007 -17"><span class='ocrx_word' id='word_1_604' title='bbox 1523 1915 1750 1960; x_wconf 81' lang='lat' dir='ltr'><strong>Praeterea</strong></span> <span class='ocrx_word' id='word_1_605' title='bbox 1770 1917 1963 1960; x_wconf 90' lang='lat' dir='ltr'><strong>Armessi</strong></span> <span class='ocrx_word' id='word_1_606' title='bbox 1981 1916 2117 1960; x_wconf 88' lang='lat' dir='ltr'><strong>datur</strong></span> <span class='ocrx_word' id='word_1_607' title='bbox 2134 1932 2280 1961; x_wconf 89' lang='lat' dir='ltr'><strong>annus</strong></span> <span class='ocrx_word' id='word_1_608' title='bbox 2300 1933 2319 1961; x_wconf 91' lang='lat'>1</span> <span class='ocrx_word' id='word_1_609' title='bbox 2341 1926 2387 1961; x_wconf 91' lang='lat' dir='ltr'><strong>et</strong></span> <span class='ocrx_word' id='word_1_610' title='bbox 2400 1933 2576 1963; x_wconf 89' lang='lat' dir='ltr'><strong>menses</strong></span> <span class='ocrx_word' id='word_1_611' title='bbox 2594 1925 2639 1974; x_wconf 90' lang='lat'><strong>4,</strong></span> <span class='ocrx_word' id='word_1_612' title='bbox 2661 1924 2806 1966; x_wconf 87' lang='lat' dir='ltr'><strong>etAr-</strong></span> 
     </span>
     <span class='ocr_line' id='line_1_101' title="bbox 1523 1987 2811 2053; baseline 0.008 -25"><span class='ocrx_word' id='word_1_613' title='bbox 1523 1987 1640 2042; x_wconf 82' lang='lat' dir='ltr'><strong>mai,</strong></span> <span class='ocrx_word' id='word_1_614' title='bbox 1660 1988 1758 2045; x_wconf 87' lang='lat' dir='ltr'><strong>qui,</strong></span> <span class='ocrx_word' id='word_1_615' title='bbox 1781 1987 1966 2032; x_wconf 91' lang='lat' dir='ltr'><strong>absente</strong></span> <span class='ocrx_word' id='word_1_616' title='bbox 1984 1989 2034 2031; x_wconf 91' lang='lat' dir='ltr'><strong>in</strong></span> <span class='ocrx_word' id='word_1_617' title='bbox 2051 1989 2425 2048; x_wconf 88' lang='lat' dir='ltr'><strong>expeditionibus</strong></span> <span class='ocrx_word' id='word_1_618' title='bbox 2442 1990 2598 2048; x_wconf 84' lang='lat' dir='ltr'><strong>fratre,</strong></span> <span class='ocrx_word' id='word_1_619' title='bbox 2620 2009 2811 2053; x_wconf 86' lang='lat' dir='ltr'><strong>regnum</strong></span> 
     </span>
     <span class='ocr_line' id='line_1_102' title="bbox 1524 2056 2813 2119; baseline 0.008 -19"><span class='ocrx_word' id='word_1_620' title='bbox 1524 2056 1883 2114; x_wconf 84' lang='lat' dir='ltr'><strong>administravit,</strong></span> <span class='ocrx_word' id='word_1_621' title='bbox 1906 2059 2192 2119; x_wconf 83' lang='lat' dir='ltr'><strong>assignantur</strong></span> <span class='ocrx_word' id='word_1_622' title='bbox 2207 2062 2315 2104; x_wconf 90' lang='lat' dir='ltr'><strong>anni</strong></span> <span class='ocrx_word' id='word_1_623' title='bbox 2335 2066 2362 2113; x_wconf 94' lang='lat'><strong>4</strong></span> <span class='ocrx_word' id='word_1_624' title='bbox 2381 2095 2393 2116; x_wconf 94' lang='lat'>,</span> <span class='ocrx_word' id='word_1_625' title='bbox 2413 2064 2578 2107; x_wconf 89' lang='lat' dir='ltr'><strong>mensis</strong></span> <span class='ocrx_word' id='word_1_626' title='bbox 2601 2079 2618 2107; x_wconf 86' lang='lat'>1</span> <span class='ocrx_word' id='word_1_627' title='bbox 2631 2098 2641 2108; x_wconf 89' lang='lat'><strong>.</strong></span> <span class='ocrx_word' id='word_1_628' title='bbox 2665 2063 2813 2110; x_wconf 87' lang='lat' dir='ltr'><strong>Hosce</strong></span> 
     </span>
     <span class='ocr_line' id='line_1_103' title="bbox 1525 2131 2387 2192; baseline 0.006 -20"><span class='ocrx_word' id='word_1_629' title='bbox 1525 2144 1744 2174; x_wconf 88' lang='lat' dir='ltr'><strong>numeros</strong></span> <span class='ocrx_word' id='word_1_630' title='bbox 1767 2131 1830 2174; x_wconf 92' lang='lat' dir='ltr'><strong>ita</strong></span> <span class='ocrx_word' id='word_1_631' title='bbox 1853 2131 2106 2175; x_wconf 91' lang='lat' dir='ltr'><strong>Bunsenius</strong></span> <span class='ocrx_word' id='word_1_632' title='bbox 2122 2131 2387 2192; x_wconf 86' lang='lat' dir='ltr'><strong>conjungit:</strong></span> 
     </span>
    </p>
   </div>
   <div class='ocr_carea' id='block_1_11' title="bbox 1587 2217 2722 2495">
    <p class='ocr_par' dir='ltr' id='par_1_15' title="bbox 1587 2217 2709 2423">
     <span class='ocr_line' id='line_1_104' title="bbox 1587 2217 2702 2278; baseline 0.006 -19"><span class='ocrx_word' id='word_1_633' title='bbox 1587 2217 1773 2260; x_wconf 91' lang='lat' dir='ltr'><strong>Ramses</strong></span> <span class='ocrx_word' id='word_1_634' title='bbox 1795 2226 1956 2277; x_wconf 85' lang='lat' dir='ltr'><strong>regnat</strong></span> <span class='ocrx_word' id='word_1_635' title='bbox 1980 2226 2084 2262; x_wconf 90' lang='lat' dir='ltr'><strong>ante</strong></span> <span class='ocrx_word' id='word_1_636' title='bbox 2109 2218 2468 2278; x_wconf 83' lang='lat' dir='ltr'><strong>expeditionem.</strong></span> <span class='ocrx_word' id='word_1_637' title='bbox 2510 2254 2519 2263; x_wconf 91' lang='lat'><strong>.</strong></span> <span class='ocrx_word' id='word_1_638' title='bbox 2599 2237 2638 2268; x_wconf 89' lang='lat'><strong>1.</strong></span> <span class='ocrx_word' id='word_1_639' title='bbox 2676 2228 2702 2275; x_wconf 90' lang='lat'><strong>4</strong></span> 
     </span>
     <span class='ocr_line' id='line_1_105' title="bbox 1590 2289 2709 2348; baseline 0.004 -17"><span class='ocrx_word' id='word_1_640' title='bbox 1590 2289 1769 2332; x_wconf 89' lang='lat' dir='ltr'><strong>Armais</strong></span> <span class='ocrx_word' id='word_1_641' title='bbox 1784 2303 1978 2348; x_wconf 87' lang='lat' dir='ltr'><strong>regnum</strong></span> <span class='ocrx_word' id='word_1_642' title='bbox 2000 2290 2301 2334; x_wconf 88' lang='lat' dir='ltr'><strong>administrat.</strong></span> <span class='ocrx_word' id='word_1_643' title='bbox 2338 2324 2347 2333; x_wconf 87' lang='lat'><strong>.</strong></span> <span class='ocrx_word' id='word_1_644' title='bbox 2380 2326 2391 2337; x_wconf 87' lang='lat'><strong>.</strong></span> <span class='ocrx_word' id='word_1_645' title='bbox 2421 2323 2434 2336; x_wconf 92' lang='lat'><strong>.</strong></span> <span class='ocrx_word' id='word_1_646' title='bbox 2473 2324 2485 2337; x_wconf 92' lang='lat'><strong>.</strong></span> <span class='ocrx_word' id='word_1_647' title='bbox 2516 2325 2525 2334; x_wconf 94' lang='lat'><strong>.</strong></span> <span class='ocrx_word' id='word_1_648' title='bbox 2599 2291 2644 2336; x_wconf 88' lang='grc'><strong>5.</strong></span> <span class='ocrx_word' id='word_1_649' title='bbox 2690 2308 2709 2336; x_wconf 88' lang='lat'><em>1</em></span> 
     </span>
     <span class='ocr_line' id='line_1_106' title="bbox 1591 2361 2709 2423; baseline 0.006 -21"><span class='ocrx_word' id='word_1_650' title='bbox 1591 2361 1777 2404; x_wconf 87' lang='lat' dir='ltr'><strong>Ramses</strong></span> <span class='ocrx_word' id='word_1_651' title='bbox 1795 2370 1957 2420; x_wconf 86' lang='lat' dir='ltr'><strong>regnat</strong></span> <span class='ocrx_word' id='word_1_652' title='bbox 1979 2371 2085 2420; x_wconf 92' lang='lat' dir='ltr'><strong>post</strong></span> <span class='ocrx_word' id='word_1_653' title='bbox 2104 2361 2462 2420; x_wconf 85' lang='lat' dir='ltr'><strong>expeditionem.</strong></span> <span class='ocrx_word' id='word_1_654' title='bbox 2508 2399 2518 2408; x_wconf 94' lang='lat'><strong>.</strong></span> <span class='ocrx_word' id='word_1_655' title='bbox 2560 2361 2639 2421; x_wconf 82' lang='lat'><strong>59.</strong></span> <span class='ocrx_word' id='word_1_656' title='bbox 2679 2380 2709 2423; x_wconf 87' lang='lat'>9</span> 
     </span>
    </p>

    <p class='ocr_par' dir='ltr' id='par_1_16' title="bbox 2559 2450 2722 2495">
     <span class='ocr_line' id='line_1_107' title="bbox 2559 2450 2722 2495; baseline 0.012 -2"><span class='ocrx_word' id='word_1_657' title='bbox 2559 2450 2637 2493; x_wconf 87' lang='lat'><strong>66.</strong></span> <span class='ocrx_word' id='word_1_658' title='bbox 2677 2465 2722 2495; x_wconf 82' lang='lat'><strong>2.</strong></span> 
     </span>
    </p>
   </div>
   <div class='ocr_carea' id='block_1_12' title="bbox 2522 2433 2684 2440">
    <p class='ocr_par' dir='ltr' id='par_1_17' title="bbox 2522 2433 2684 2440">
     <span class='ocr_line' id='line_1_108' title="bbox 2522 2433 2684 2440; baseline 0 2102"><span class='ocrx_word' id='word_1_659' title='bbox 2522 2433 2684 2440; x_wconf 95' lang='lat' dir='ltr'><strong> </strong></span> 
     </span>
    </p>
   </div>
   <div class='ocr_carea' id='block_1_13' title="bbox 1522 2538 2812 3459">
    <p class='ocr_par' dir='ltr' id='par_1_18' title="bbox 1522 2538 2812 3459">
     <span class='ocr_line' id='line_1_109' title="bbox 1523 2538 2811 2596; baseline 0.003 -10"><span class='ocrx_word' id='word_1_660' title='bbox 1523 2538 1680 2586; x_wconf 88' lang='lat' dir='ltr'><strong>Armai</strong></span> <span class='ocrx_word' id='word_1_661' title='bbox 1703 2555 1848 2584; x_wconf 87' lang='lat' dir='ltr'><strong>unmn</strong></span> <span class='ocrx_word' id='word_1_662' title='bbox 1875 2539 2057 2584; x_wconf 91' lang='lat' dir='ltr'><strong>addidit</strong></span> <span class='ocrx_word' id='word_1_663' title='bbox 2076 2555 2271 2596; x_wconf 88' lang='lat' dir='ltr'><strong>annum,</strong></span> <span class='ocrx_word' id='word_1_664' title='bbox 2299 2549 2351 2584; x_wconf 92' lang='lat' dir='ltr'><strong>ut</strong></span> <span class='ocrx_word' id='word_1_665' title='bbox 2379 2556 2555 2585; x_wconf 88' lang='lat' dir='ltr'><strong>summa</strong></span> <span class='ocrx_word' id='word_1_666' title='bbox 2581 2558 2811 2590; x_wconf 88' lang='lat' dir='ltr'><strong>annorum</strong></span> 
     </span>
     <span class='ocr_line' id='line_1_110' title="bbox 1522 2611 2812 2672; baseline 0.005 -18"><span class='ocrx_word' id='word_1_667' title='bbox 1522 2612 1799 2670; x_wconf 87' lang='lat' dir='ltr'><strong>Josephiana</strong></span> <span class='ocrx_word' id='word_1_668' title='bbox 1842 2612 2156 2671; x_wconf 88' lang='lat' dir='ltr'><strong>colligeretur.</strong></span> <span class='ocrx_word' id='word_1_669' title='bbox 2202 2613 2344 2656; x_wconf 89' lang='lat' dir='ltr'><strong>Annis</strong></span> <span class='ocrx_word' id='word_1_670' title='bbox 2387 2611 2448 2672; x_wconf 87' lang='lat'><strong>59</strong></span> <span class='ocrx_word' id='word_1_671' title='bbox 2490 2620 2560 2656; x_wconf 87' lang='lat' dir='ltr'><strong>tot</strong></span> <span class='ocrx_word' id='word_1_672' title='bbox 2600 2614 2812 2671; x_wconf 85' lang='lat' dir='ltr'><strong>adjunxit</strong></span> 
     </span>
     <span class='ocr_line' id='line_1_111' title="bbox 1522 2682 2805 2743; baseline 0.005 -17"><span class='ocrx_word' id='word_1_673' title='bbox 1522 2697 1722 2739; x_wconf 89' lang='lat' dir='ltr'><strong>menses,</strong></span> <span class='ocrx_word' id='word_1_674' title='bbox 1758 2692 1879 2741; x_wconf 91' lang='lat' dir='ltr'><strong>quot</strong></span> <span class='ocrx_word' id='word_1_675' title='bbox 1914 2683 2076 2728; x_wconf 88' lang='lat' dir='ltr'><strong>eadem</strong></span> <span class='ocrx_word' id='word_1_676' title='bbox 2109 2699 2284 2727; x_wconf 88' lang='lat' dir='ltr'><strong>summa</strong></span> <span class='ocrx_word' id='word_1_677' title='bbox 2316 2682 2522 2743; x_wconf 88' lang='lat' dir='ltr'><strong>flagitare</strong></span> <span class='ocrx_word' id='word_1_678' title='bbox 2553 2685 2805 2736; x_wconf 84' lang='lat' dir='ltr'><strong>videretur.</strong></span> 
     </span>
     <span class='ocr_line' id='line_1_112' title="bbox 1526 2754 2810 2815; baseline 0.005 -18"><span class='ocrx_word' id='word_1_679' title='bbox 1526 2780 1586 2786; x_wconf 93' lang='lat'><strong>--</strong></span> <span class='ocrx_word' id='word_1_680' title='bbox 1612 2755 1835 2798; x_wconf 87' lang='lat' dir='ltr'><strong>Eusebius</strong></span> <span class='ocrx_word' id='word_1_681' title='bbox 1861 2769 1949 2814; x_wconf 92' lang='lat' dir='ltr'><strong>pro</strong></span> <span class='ocrx_word' id='word_1_682' title='bbox 1982 2756 2113 2798; x_wconf 92' lang='lat' dir='ltr'><strong>annis</strong></span> <span class='ocrx_word' id='word_1_683' title='bbox 2143 2754 2204 2798; x_wconf 90' lang='lat'><strong>66</strong></span> <span class='ocrx_word' id='word_1_684' title='bbox 2235 2755 2391 2813; x_wconf 90' lang='lat' dir='ltr'><strong>posuit</strong></span> <span class='ocrx_word' id='word_1_685' title='bbox 2414 2770 2558 2799; x_wconf 90' lang='lat' dir='ltr'><strong>annos</strong></span> <span class='ocrx_word' id='word_1_686' title='bbox 2590 2756 2651 2801; x_wconf 89' lang='lat'><strong>68</strong></span> <span class='ocrx_word' id='word_1_687' title='bbox 2680 2759 2810 2815; x_wconf 91' lang='lat' dir='ltr'><strong>inde,</strong></span> 
     </span>
     <span class='ocr_line' id='line_1_113' title="bbox 1524 2826 2812 2887; baseline 0.005 -19"><span class='ocrx_word' id='word_1_688' title='bbox 1524 2833 1575 2868; x_wconf 91' lang='lat' dir='ltr'><strong>ut</strong></span> <span class='ocrx_word' id='word_1_689' title='bbox 1597 2827 1827 2870; x_wconf 88' lang='lat' dir='ltr'><strong>Bunsenio</strong></span> <span class='ocrx_word' id='word_1_690' title='bbox 1853 2826 2057 2883; x_wconf 86' lang='lat' dir='ltr'><strong>videtur,</strong></span> <span class='ocrx_word' id='word_1_691' title='bbox 2098 2834 2250 2881; x_wconf 89' lang='lat' dir='ltr'><strong>ortos,</strong></span> <span class='ocrx_word' id='word_1_692' title='bbox 2283 2826 2411 2885; x_wconf 91' lang='lat' dir='ltr'><strong>quod</strong></span> <span class='ocrx_word' id='word_1_693' title='bbox 2443 2834 2616 2871; x_wconf 86' lang='lat' dir='ltr'><strong>temere</strong></span> <span class='ocrx_word' id='word_1_694' title='bbox 2649 2830 2812 2887; x_wconf 88' lang='lat' dir='ltr'><strong>aliquis</strong></span> 
     </span>
     <span class='ocr_line' id='line_1_114' title="bbox 1524 2896 2810 2954; baseline 0.003 -13"><span class='ocrx_word' id='word_1_695' title='bbox 1524 2896 1765 2954; x_wconf 88' lang='lat' dir='ltr'><strong>conjunxit</strong></span> <span class='ocrx_word' id='word_1_696' title='bbox 1791 2913 1935 2942; x_wconf 86' lang='lat' dir='ltr'><strong>annos</strong></span> <span class='ocrx_word' id='word_1_697' title='bbox 1959 2898 2019 2942; x_wconf 93' lang='lat'><strong>66</strong></span> <span class='ocrx_word' id='word_1_698' title='bbox 2044 2914 2107 2941; x_wconf 91' lang='lat' dir='ltr'><strong>m.</strong></span> <span class='ocrx_word' id='word_1_699' title='bbox 2148 2913 2174 2942; x_wconf 79' lang='lat'><strong>2</strong></span> <span class='ocrx_word' id='word_1_700' title='bbox 2195 2932 2206 2953; x_wconf 91' lang='lat'>‚</span> <span class='ocrx_word' id='word_1_701' title='bbox 2234 2907 2279 2942; x_wconf 91' lang='lat' dir='ltr'><strong>et</strong></span> <span class='ocrx_word' id='word_1_702' title='bbox 2301 2900 2378 2943; x_wconf 85' lang='lat' dir='ltr'><strong>au.</strong></span> <span class='ocrx_word' id='word_1_703' title='bbox 2411 2914 2427 2941; x_wconf 94' lang='lat'>1</span> <span class='ocrx_word' id='word_1_704' title='bbox 2456 2913 2520 2941; x_wconf 92' lang='lat' dir='ltr'><strong>m.</strong></span> <span class='ocrx_word' id='word_1_705' title='bbox 2556 2905 2601 2950; x_wconf 91' lang='lat'><strong>4.</strong></span> <span class='ocrx_word' id='word_1_706' title='bbox 2632 2927 2692 2932; x_wconf 90' lang='lat'><strong>—</strong></span> <span class='ocrx_word' id='word_1_707' title='bbox 2717 2899 2810 2945; x_wconf 87' lang='lat' dir='ltr'><strong>Pro</strong></span> 
     </span>
     <span class='ocr_line' id='line_1_115' title="bbox 1524 2966 2809 3028; baseline 0.003 -16"><span class='ocrx_word' id='word_1_708' title='bbox 1524 2969 1655 3012; x_wconf 89' lang='lat' dir='ltr'><strong>annis</strong></span> <span class='ocrx_word' id='word_1_709' title='bbox 1691 2966 1751 3027; x_wconf 85' lang='lat'><strong>59</strong></span> <span class='ocrx_word' id='word_1_710' title='bbox 1789 2970 1978 3028; x_wconf 88' lang='lat' dir='ltr'><strong>Josephi</strong></span> <span class='ocrx_word' id='word_1_711' title='bbox 2016 2969 2142 3028; x_wconf 89' lang='lat' dir='ltr'><strong>apud</strong></span> <span class='ocrx_word' id='word_1_712' title='bbox 2181 2968 2447 3014; x_wconf 88' lang='lat' dir='ltr'><strong>Africanum</strong></span> <span class='ocrx_word' id='word_1_713' title='bbox 2479 2978 2524 3013; x_wconf 90' lang='lat' dir='ltr'><strong>et</strong></span> <span class='ocrx_word' id='word_1_714' title='bbox 2565 2972 2809 3016; x_wconf 87' lang='lat' dir='ltr'><strong>Eusebium</strong></span> 
     </span>
     <span class='ocr_line' id='line_1_116' title="bbox 1523 3040 2810 3099; baseline 0.004 -16"><span class='ocrx_word' id='word_1_715' title='bbox 1523 3040 1664 3084; x_wconf 90' lang='lat' dir='ltr'><strong>habes</strong></span> <span class='ocrx_word' id='word_1_716' title='bbox 1687 3055 1835 3086; x_wconf 90' lang='lat' dir='ltr'><strong>annos</strong></span> <span class='ocrx_word' id='word_1_717' title='bbox 1865 3040 1920 3086; x_wconf 85' lang='lat'><strong>51</strong></span> <span class='ocrx_word' id='word_1_718' title='bbox 1956 3050 2002 3087; x_wconf 92' lang='lat' dir='ltr'><strong>et</strong></span> <span class='ocrx_word' id='word_1_719' title='bbox 2026 3040 2105 3088; x_wconf 89' lang='grc'><strong>55.</strong></span> <span class='ocrx_word' id='word_1_720' title='bbox 2133 3043 2227 3085; x_wconf 88' lang='lat' dir='ltr'><strong>Hos</strong></span> <span class='ocrx_word' id='word_1_721' title='bbox 2251 3049 2495 3099; x_wconf 89' lang='lat' dir='ltr'><strong>corruptos</strong></span> <span class='ocrx_word' id='word_1_722' title='bbox 2520 3041 2730 3087; x_wconf 88' lang='lat' dir='ltr'><strong>dixerim.</strong></span> <span class='ocrx_word' id='word_1_723' title='bbox 2754 3044 2810 3088; x_wconf 96' lang='lat' dir='ltr'><strong>Id</strong></span> 
     </span>
     <span class='ocr_line' id='line_1_117' title="bbox 1522 3112 2809 3174; baseline 0.004 -18"><span class='ocrx_word' id='word_1_724' title='bbox 1522 3113 1559 3156; x_wconf 91' lang='lat' dir='ltr'><strong>si</strong></span> <span class='ocrx_word' id='word_1_725' title='bbox 1581 3113 1700 3155; x_wconf 91' lang='lat' dir='ltr'><strong>nolis</strong></span> <span class='ocrx_word' id='word_1_726' title='bbox 1713 3146 1725 3166; x_wconf 89' lang='lat'><strong><em>‚</em></strong></span> <span class='ocrx_word' id='word_1_727' title='bbox 1750 3128 1855 3156; x_wconf 90' lang='lat' dir='ltr'><strong>cum</strong></span> <span class='ocrx_word' id='word_1_728' title='bbox 1867 3115 2096 3158; x_wconf 89' lang='lat' dir='ltr'><strong>Bunsenio</strong></span> <span class='ocrx_word' id='word_1_729' title='bbox 2115 3113 2331 3173; x_wconf 89' lang='lat' dir='ltr'><strong>suspicari</strong></span> <span class='ocrx_word' id='word_1_730' title='bbox 2349 3114 2457 3156; x_wconf 90' lang='lat' dir='ltr'><strong>licet</strong></span> <span class='ocrx_word' id='word_1_731' title='bbox 2472 3112 2809 3174; x_wconf 85' lang='lat' dir='ltr'><strong>distinguendas</strong></span> 
     </span>
     <span class='ocr_line' id='line_1_118' title="bbox 1525 3183 2808 3245; baseline 0.004 -19"><span class='ocrx_word' id='word_1_732' title='bbox 1525 3198 1616 3227; x_wconf 89' lang='lat' dir='ltr'><strong>esse</strong></span> <span class='ocrx_word' id='word_1_733' title='bbox 1651 3183 1763 3227; x_wconf 87' lang='lat' dir='ltr'><strong>duas</strong></span> <span class='ocrx_word' id='word_1_734' title='bbox 1806 3185 2028 3230; x_wconf 86' lang='lat' dir='ltr'><strong>Ramessis</strong></span> <span class='ocrx_word' id='word_1_735' title='bbox 2077 3184 2393 3243; x_wconf 85' lang='lat' dir='ltr'><strong>expeditiones</strong></span> <span class='ocrx_word' id='word_1_736' title='bbox 2408 3219 2420 3240; x_wconf 89' lang='lat'>‚</span> <span class='ocrx_word' id='word_1_737' title='bbox 2463 3185 2524 3227; x_wconf 88' lang='lat' dir='ltr'><strong>ita</strong></span> <span class='ocrx_word' id='word_1_738' title='bbox 2564 3193 2616 3228; x_wconf 90' lang='lat' dir='ltr'><strong>ut</strong></span> <span class='ocrx_word' id='word_1_739' title='bbox 2660 3188 2808 3245; x_wconf 88' lang='lat' dir='ltr'><strong>prima</strong></span> 
     </span>
     <span class='ocr_line' id='line_1_119' title="bbox 1524 3254 2802 3312; baseline 0.005 -16"><span class='ocrx_word' id='word_1_740' title='bbox 1524 3254 1662 3297; x_wconf 83' lang='lat' dir='ltr'><strong>fuerit</strong></span> <span class='ocrx_word' id='word_1_741' title='bbox 1686 3270 1916 3302; x_wconf 89' lang='lat' dir='ltr'><strong>annorum</strong></span> <span class='ocrx_word' id='word_1_742' title='bbox 1942 3254 1967 3299; x_wconf 84' lang='lat'><strong>5</strong></span> <span class='ocrx_word' id='word_1_743' title='bbox 1983 3292 1994 3312; x_wconf 92' lang='lat'>,</span> <span class='ocrx_word' id='word_1_744' title='bbox 2019 3257 2161 3300; x_wconf 91' lang='lat' dir='ltr'><strong>altera</strong></span> <span class='ocrx_word' id='word_1_745' title='bbox 2178 3256 2250 3298; x_wconf 86' lang='lat' dir='ltr'><strong>vel</strong></span> <span class='ocrx_word' id='word_1_746' title='bbox 2269 3271 2495 3299; x_wconf 89' lang='lat' dir='ltr'><strong>annorum</strong></span> <span class='ocrx_word' id='word_1_747' title='bbox 2516 3261 2539 3308; x_wconf 84' lang='lat'><strong>4</strong></span> <span class='ocrx_word' id='word_1_748' title='bbox 2562 3257 2632 3300; x_wconf 89' lang='lat' dir='ltr'><strong>vel</strong></span> <span class='ocrx_word' id='word_1_749' title='bbox 2654 3273 2802 3302; x_wconf 90' lang='lat' dir='ltr'><strong>anno—</strong></span> 
     </span>
     <span class='ocr_line' id='line_1_120' title="bbox 1524 3326 2805 3389; baseline 0.005 -21"><span class='ocrx_word' id='word_1_750' title='bbox 1524 3340 1627 3368; x_wconf 88' lang='lat' dir='ltr'><strong>rum</strong></span> <span class='ocrx_word' id='word_1_751' title='bbox 1645 3341 1696 3385; x_wconf 90' lang='lat'><strong>9;</strong></span> <span class='ocrx_word' id='word_1_752' title='bbox 1715 3328 1888 3372; x_wconf 90' lang='lat' dir='ltr'><strong>scilicet</strong></span> <span class='ocrx_word' id='word_1_753' title='bbox 1909 3328 2147 3373; x_wconf 87' lang='lat' dir='ltr'><strong>Diodorus</strong></span> <span class='ocrx_word' id='word_1_754' title='bbox 2161 3329 2207 3383; x_wconf 92' lang='lat'><strong>1,</strong></span> <span class='ocrx_word' id='word_1_755' title='bbox 2234 3326 2291 3372; x_wconf 88' lang='grc'><strong>55</strong></span> <span class='ocrx_word' id='word_1_756' title='bbox 2309 3362 2320 3382; x_wconf 93' lang='grc'><em>,</em></span> <span class='ocrx_word' id='word_1_757' title='bbox 2349 3343 2404 3371; x_wconf 94' lang='lat'><strong>10</strong></span> <span class='ocrx_word' id='word_1_758' title='bbox 2418 3361 2430 3382; x_wconf 91' lang='lat'>,</span> <span class='ocrx_word' id='word_1_759' title='bbox 2451 3328 2649 3372; x_wconf 90' lang='lat' dir='ltr'><strong>Sesoosis</strong></span> <span class='ocrx_word' id='word_1_760' title='bbox 2669 3344 2805 3389; x_wconf 86' lang='lat' dir='ltr'><strong>expe-</strong></span> 
     </span>
     <span class='ocr_line' id='line_1_121' title="bbox 1525 3396 2569 3459; baseline 0.005 -20"><span class='ocrx_word' id='word_1_761' title='bbox 1525 3396 1782 3441; x_wconf 88' lang='lat' dir='ltr'><strong>ditionibus</strong></span> <span class='ocrx_word' id='word_1_762' title='bbox 1801 3401 1995 3459; x_wconf 85' lang='lat' dir='ltr'><strong>assignat</strong></span> <span class='ocrx_word' id='word_1_763' title='bbox 2018 3415 2163 3444; x_wconf 90' lang='lat' dir='ltr'><strong>annos</strong></span> <span class='ocrx_word' id='word_1_764' title='bbox 2180 3414 2365 3443; x_wconf 88' lang='lat' dir='ltr'><strong>novem.</strong></span> <span class='ocrx_word' id='word_1_765' title='bbox 2398 3400 2542 3458; x_wconf 85' lang='lat' dir='ltr'><strong>Igitur</strong></span> <span class='ocrx_word' id='word_1_766' title='bbox 2559 3413 2569 3444; x_wconf 88' lang='lat'>:</span> 
     </span>
    </p>
   </div>
   <div class='ocr_carea' id='block_1_14' title="bbox 1688 3504 2671 3564">
    <p class='ocr_par' dir='ltr' id='par_1_19' title="bbox 1688 3504 2671 3564">
     <span class='ocr_line' id='line_1_122' title="bbox 1688 3504 2671 3564; baseline 0.004 -17"><span class='ocrx_word' id='word_1_767' title='bbox 1688 3506 1921 3548; x_wconf 88' lang='lat' dir='ltr'><strong>Ramesses</strong></span> <span class='ocrx_word' id='word_1_768' title='bbox 1948 3514 2053 3549; x_wconf 91' lang='lat' dir='ltr'><strong>ante</strong></span> <span class='ocrx_word' id='word_1_769' title='bbox 2077 3504 2279 3564; x_wconf 88' lang='lat' dir='ltr'><strong>expedit.</strong></span> <span class='ocrx_word' id='word_1_770' title='bbox 2323 3537 2334 3547; x_wconf 93' lang='lat'><strong>.</strong></span> <span class='ocrx_word' id='word_1_771' title='bbox 2371 3519 2446 3548; x_wconf 89' lang='lat' dir='ltr'><strong>an.</strong></span> <span class='ocrx_word' id='word_1_772' title='bbox 2473 3520 2509 3548; x_wconf 92' lang='lat'><strong>1.</strong></span> <span class='ocrx_word' id='word_1_773' title='bbox 2549 3510 2573 3556; x_wconf 89' lang='lat'><strong>4</strong></span> <span class='ocrx_word' id='word_1_774' title='bbox 2610 3521 2671 3551; x_wconf 89' lang='lat' dir='ltr'><strong>m.</strong></span> 
     </span>
    </p>
   </div>
   <div class='ocr_carea' id='block_1_15' title="bbox 2426 3715 2678 3724">
    <p class='ocr_par' dir='ltr' id='par_1_20' title="bbox 2426 3715 2678 3724">
     <span class='ocr_line' id='line_1_123' title="bbox 2426 3715 2678 3724; baseline 0 818"><span class='ocrx_word' id='word_1_775' title='bbox 2426 3715 2678 3724; x_wconf 95' lang='lat' dir='ltr'><strong> </strong></span> 
     </span>
    </p>
   </div>
   <div class='ocr_carea' id='block_1_16' title="bbox 1527 3577 2667 4136">
    <p class='ocr_par' dir='ltr' id='par_1_21' title="bbox 1859 3577 2510 3636">
     <span class='ocr_line' id='line_1_124' title="bbox 1859 3577 2510 3636; baseline 0.002 -16"><span class='ocrx_word' id='word_1_776' title='bbox 1859 3577 2192 3636; x_wconf 89' lang='lat' dir='ltr'><strong>expeditiones.</strong></span> <span class='ocrx_word' id='word_1_777' title='bbox 2228 3612 2239 3622; x_wconf 96' lang='lat'><strong>.</strong></span> <span class='ocrx_word' id='word_1_778' title='bbox 2279 3611 2287 3620; x_wconf 87' lang='lat'><strong>.</strong></span> <span class='ocrx_word' id='word_1_779' title='bbox 2320 3610 2331 3621; x_wconf 96' lang='lat'><strong>.</strong></span> <span class='ocrx_word' id='word_1_780' title='bbox 2467 3592 2510 3634; x_wconf 84' lang='lat'><strong>9.</strong></span> 
     </span>
    </p>

    <p class='ocr_par' dir='ltr' id='par_1_22' title="bbox 1859 3645 2667 3779">
     <span class='ocr_line' id='line_1_125' title="bbox 1859 3645 2664 3707; baseline -0.005 -14"><span class='ocrx_word' id='word_1_781' title='bbox 1859 3657 1962 3707; x_wconf 92' lang='lat' dir='ltr'><strong>post</strong></span> <span class='ocrx_word' id='word_1_782' title='bbox 2003 3648 2334 3707; x_wconf 88' lang='lat' dir='ltr'><strong>expeditiones.</strong></span> <span class='ocrx_word' id='word_1_783' title='bbox 2439 3645 2511 3689; x_wconf 89' lang='grc'><strong>55.</strong></span> <span class='ocrx_word' id='word_1_784' title='bbox 2549 3645 2568 3663; x_wconf 73' lang='grc'><strong>“</strong></span> <span class='ocrx_word' id='word_1_785' title='bbox 2603 3663 2664 3690; x_wconf 90' lang='lat' dir='ltr'><strong>m.</strong></span> 
     </span>
     <span class='ocr_line' id='line_1_126' title="bbox 2435 3732 2667 3779; baseline -0.009 0"><span class='ocrx_word' id='word_1_786' title='bbox 2435 3732 2509 3779; x_wconf 83' lang='lat'><strong>66.</strong></span> <span class='ocrx_word' id='word_1_787' title='bbox 2548 3733 2570 3755; x_wconf 70' lang='lat'><strong>²*</strong></span> <span class='ocrx_word' id='word_1_788' title='bbox 2604 3749 2667 3778; x_wconf 90' lang='lat' dir='ltr'><strong>m.</strong></span> 
     </span>
    </p>

    <p class='ocr_par' dir='ltr' id='par_1_23' title="bbox 1527 3810 1643 3844">
     <span class='ocr_line' id='line_1_127' title="bbox 1527 3810 1643 3844; baseline -0.017 0"><span class='ocrx_word' id='word_1_789' title='bbox 1527 3810 1606 3844; x_wconf 86' lang='lat' dir='ltr'><strong>aut</strong></span> <span class='ocrx_word' id='word_1_790' title='bbox 1634 3816 1643 3842; x_wconf 75' lang='grc' dir='ltr'>ε</span> 
     </span>
    </p>

    <p class='ocr_par' dir='ltr' id='par_1_24' title="bbox 1857 3863 2593 3922">
     <span class='ocr_line' id='line_1_128' title="bbox 1857 3863 2593 3922; baseline -0.005 -15"><span class='ocrx_word' id='word_1_791' title='bbox 1857 3871 1962 3907; x_wconf 90' lang='lat' dir='ltr'><strong>ante</strong></span> <span class='ocrx_word' id='word_1_792' title='bbox 1979 3863 2332 3922; x_wconf 88' lang='lat' dir='ltr'><strong>expeditionem.</strong></span> <span class='ocrx_word' id='word_1_793' title='bbox 2472 3877 2509 3906; x_wconf 89' lang='lat'><strong>1.</strong></span> <span class='ocrx_word' id='word_1_794' title='bbox 2550 3865 2593 3912; x_wconf 91' lang='lat'><strong>4.</strong></span> 
     </span>
    </p>

    <p class='ocr_par' dir='ltr' id='par_1_25' title="bbox 1856 3929 2571 3993">
     <span class='ocr_line' id='line_1_129' title="bbox 1856 3929 2571 3993; baseline -0.006 -16"><span class='ocrx_word' id='word_1_795' title='bbox 1856 3936 2003 3993; x_wconf 84' lang='lat' dir='ltr'><strong>prima</strong></span> <span class='ocrx_word' id='word_1_796' title='bbox 2033 3934 2279 3992; x_wconf 86' lang='lat' dir='ltr'><strong>expeditio.</strong></span> <span class='ocrx_word' id='word_1_797' title='bbox 2316 3965 2327 3977; x_wconf 93' lang='lat'><strong>.</strong></span> <span class='ocrx_word' id='word_1_798' title='bbox 2465 3929 2509 3975; x_wconf 89' lang='grc'><strong>5.</strong></span> <span class='ocrx_word' id='word_1_799' title='bbox 2555 3947 2571 3973; x_wconf 94' lang='lat'><em>1</em></span> 
     </span>
    </p>

    <p class='ocr_par' dir='ltr' id='par_1_26' title="bbox 1856 4005 2503 4063">
     <span class='ocr_line' id='line_1_130' title="bbox 1856 4005 2503 4063; baseline -0.009 -15"><span class='ocrx_word' id='word_1_800' title='bbox 1856 4007 1997 4050; x_wconf 85' lang='lat' dir='ltr'><strong>altera</strong></span> <span class='ocrx_word' id='word_1_801' title='bbox 2020 4005 2270 4063; x_wconf 90' lang='lat' dir='ltr'><strong>expeditio.</strong></span> <span class='ocrx_word' id='word_1_802' title='bbox 2313 4039 2323 4048; x_wconf 93' lang='lat'><strong>.</strong></span> <span class='ocrx_word' id='word_1_803' title='bbox 2404 4057 2413 4059; x_wconf 15' lang='grc' dir='ltr'><strong>Α,</strong></span> <span class='ocrx_word' id='word_1_804' title='bbox 2460 4018 2503 4059; x_wconf 89' lang='lat'><strong>9.</strong></span> 
     </span>
    </p>

    <p class='ocr_par' dir='ltr' id='par_1_27' title="bbox 1859 4071 2481 4136">
     <span class='ocr_line' id='line_1_131' title="bbox 1859 4071 2481 4136; baseline -0.013 -14"><span class='ocrx_word' id='word_1_805' title='bbox 1859 4087 1963 4136; x_wconf 90' lang='lat' dir='ltr'><strong>post</strong></span> <span class='ocrx_word' id='word_1_806' title='bbox 1999 4076 2323 4135; x_wconf 85' lang='lat' dir='ltr'><strong>expeditiones.</strong></span> <span class='ocrx_word' id='word_1_807' title='bbox 2428 4071 2481 4115; x_wconf 82' lang='lat'><strong>51</strong></span> 
     </span>
    </p>
   </div>
   <div class='ocr_carea' id='block_1_17' title="bbox 2424 4142 2609 4147">
    <p class='ocr_par' dir='ltr' id='par_1_28' title="bbox 2424 4142 2609 4147">
     <span class='ocr_line' id='line_1_132' title="bbox 2424 4142 2609 4147; baseline 0 0"><span class='ocrx_word' id='word_1_808' title='bbox 2424 4142 2609 4147; x_wconf 95' lang='lat' dir='ltr'><strong> </strong></span> 
     </span>
    </p>
   </div>
  </div>
 </body>
</html>
