3008 4542
99 248 307 315 ‚3542

212 358 291 416 τὴν
313 357 551 420 Αἴγυπτον.
572 359 751 402 Nomen
775 357 1079 402 derivandum
1101 372 1127 400 a
1153 355 1319 412 ΤΙιοιΙι,
1340 356 1407 399 uti
1427 370 1504 414 ap.

212 433 577 486 Eratosthenem,
627 431 708 489 qui
745 431 1072 490 interpretatur
1111 425 1394 489 Ἑρμογένης.
1443 429 1509 471 De

210 506 352 549 initiis
387 505 584 549 scientiae
604 504 872 548 anatomicae
911 503 971 547 ad
999 503 1228 547 Athothin
1262 501 1412 545 relatis
1447 499 1506 543 cf.

208 579 403 623 Bunsen.
421 592 471 636 p.
500 581 575 634 47.

279 652 324 695 3.
362 648 867 694 Athothis-KenlreneS.
886 647 996 706 Ejus
1019 661 1190 691 nomen
1212 651 1511 689 monumenta

208 722 500 784 suppeditare
522 737 622 766 non
642 721 874 768 videntur.

279 802 327 850 4.
387 796 605 841 Miabaes
645 791 956 855 (Miabides);
984 790 1226 851 Uenephes
1262 789 1275 848 (
1295 790 1342 831 V
1339 803 1512 832 anene-

206 866 386 929 phes);
418 866 663 927 Usaplzaes
681 862 1045 926 (Usaplzaidos);
1073 861 1328 907 Bieneches
1346 860 1511 920 (Bien-

210 937 356 1002 thes).
383 941 490 997 His,
518 955 620 998 quae
653 935 975 997 conjungenda
1011 950 1097 979 esse
1110 932 1261 993 supra
1288 932 1384 990 jam
1406 947 1512 975 mo-

209 1015 418 1070 nuimus,
442 1012 641 1057 indicari
676 1026 848 1054 nomen
885 1018 927 1054 et
953 1023 1212 1068 cognomen
1225 1006 1364 1049 unius
1394 1003 1504 1062 ejus-

208 1086 407 1168 demque
439 1085 559 1146 regis
606 1084 834 1128 Bunsenio
875 1081 1077 1127 videtur.
1114 1081 1378 1138 Cognomen
1401 1078 1514 1120 latet

209 1159 259 1202 in
277 1156 495 1203 Miabaes
510 1157 582 1201 vel
604 1156 760 1215 potius
782 1154 1010 1208 Miebczes,
1020 1152 1159 1211 quod
1175 1165 1321 1212 graece
1336 1147 1515 1209 signifi-

209 1239 284 1275 cat
304 1227 577 1293 φιλόταυρος,
600 1242 739 1286 eaque
769 1241 863 1269 vox
885 1223 1151 1284 reponenda
1187 1222 1315 1282 apud
1345 1223 1514 1265 Erato-

170 1295 175 1300 ’
207 1304 433 1358 sthenem,
467 1302 550 1346 ubi
586 1301 696 1344 libri
726 1298 1066 1356 manuscripti:
1101 1297 1220 1346 οὗτος
1254 1293 1268 1354 (
1279 1290 1509 1354 Μιαὸαῆς)

209 1373 490 1438 ἑρμηνεύεται
520 1371 616 1438 φιλ’
584 1389 734 1435 ετερος
761 1368 1024 1435 (φιλέταιρος
1064 1368 1320 1426 conjecerat
1366 1364 1513 1411 Scali—

208 1449 331 1510 ger).
350 1474 415 1482 -
439 1449 619 1493 Nomen
655 1446 773 1506 regis
795 1444 1100 1504 aegyptiacum
1130 1442 1261 1486 fuisse
1289 1439 1473 1484 videtur
1497 1454 1507 1481 :

208 1523 369 1577 MNE,
411 1536 556 1582 graece
599 1520 644 1565 M
659 1516 821 1573 νέῦις,
867 1518 1004 1560 latine
1038 1517 1233 1560 Mnevis,
1272 1513 1286 1574 (
1308 1515 1512 1557 Taurum

208 1596 295 1640 soli
308 1610 489 1639 sacrum
505 1595 568 1638 sic
593 1592 873 1651 appellatum
888 1605 974 1634 esse
992 1587 1214 1650 constat).
1235 1587 1389 1632 Facile
1410 1587 1511 1629 haec

209 1667 335 1712 abire
357 1675 574 1726 poterant
610 1666 660 1708 in
688 1663 931 1724 Uenephes
962 1670 1005 1706 et
1036 1659 1309 1720 BieneplzeS.
1341 1660 1512 1703 Verum

207 1740 367 1799 paullo
418 1739 602 1798 longius
657 1736 828 1781 recedit
867 1733 1110 1794 Usaplzaes
1132 1729 1145 1796 (
1165 1730 1510 1791 Usapleaidos);

209 1828 351 1871 quare
384 1811 475 1856 hoc
513 1825 685 1854 nomen
711 1809 898 1853 fortasse
931 1805 1255 1851 secernendum
1278 1804 1336 1848 ab
1363 1804 1515 1848 alteris

179 1939 182 1942 Δ
209 1885 424 1945 duobus,
446 1892 582 1943 atque
616 1883 680 1927 ita
710 1881 925 1941 quidem,
948 1889 1002 1924 ut
1031 1879 1267 1939 Usaphaes
1285 1884 1514 1922 statuatur

208 1958 339 2003 fuisse
362 1957 589 2002 Mnevidis
615 1955 762 2012 filius,
789 1956 871 2013 qui
893 1969 988 1998 una
1008 1969 1114 1996 cum
1132 1960 1263 2011 patre
1287 1966 1513 2010 regnave-

207 2031 292 2085 rit,
324 2030 402 2075 sed
418 2038 520 2074 ante
540 2029 724 2073 obitum
741 2026 835 2084 ejus
859 2026 1108 2071 discesserit
1132 2023 1298 2085 (Buns.
1321 2038 1372 2082 p.
1401 2021 1509 2083 52).

210 2102 420 2149 Ceterum
441 2103 554 2146 Mne
576 2101 698 2145 idem
721 2108 784 2144 est
825 2107 962 2157 atque
990 2093 1185 2152 Μνεύης,
1214 2096 1296 2154 qui
1332 2095 1514 2153 primus

208 2176 326 2236 leges
354 2192 380 2221 a
406 2175 638 2220 Mercurio
667 2170 871 2234 (Thoclz)
903 2178 1110 2230 acceptas
1132 2166 1357 2228 AEgyptiis
1394 2167 1512 2210 scri-

206 2251 341 2308 psisse
363 2248 564 2293 traditur
587 2262 665 2306 ap.
686 2244 886 2291 Diodor.
911 2245 960 2300 I,
978 2248 1039 2303 94
1056 2277 1068 2298 ,
1098 2258 1140 2286 1.
1169 2241 1404 2284 Mneuidis
1437 2254 1512 2283 re-

205 2326 287 2380 gia
308 2321 541 2381 Heliopoli
563 2319 677 2375 fuit,
716 2326 827 2363 teste
865 2317 1017 2362 Plinio
1041 2313 1248 2360 XXXVI
1263 2348 1275 2370 ,
1299 2321 1412 2358 sect.
1453 2317 1510 2365 14

206 2396 233 2454 §
258 2410 302 2441 2.
331 2394 460 2439 Idem
481 2393 641 2452 paullo
664 2398 772 2451 post
806 2387 934 2450 (sect.
968 2403 1025 2447 19
1048 2387 1075 2448 ξ
1099 2385 1148 2447 1)
1170 2401 1225 2431 ex
1259 2386 1350 2430 alio
1386 2384 1513 2430 fonte

208 2456 264 2512 de
290 2467 558 2527 labyrintho
586 2465 650 2509 ait
692 2479 704 2508 ε
741 2482 761 2502 «
791 2462 1053 2506 Demoteles
1093 2458 1287 2523 (tradit)
1329 2463 1511 2517 regiam

206 2541 455 2586 Moteridis
482 2538 494 2596 (
516 2540 581 2583 ita
606 2536 714 2582 cod.
745 2536 1018 2595 Bamberg.;
1042 2548 1134 2594 vgo
1165 2548 1175 2576 ε
1199 2531 1510 2593 Mocherudz's)

205 2613 367 2666 luisse.
398 2631 417 2652 >2
446 2611 544 2656 Ubi
564 2608 691 2654 istud
709 2608 953 2652 Moteridis
981 2606 1104 2651 idem
1133 2606 1313 2666 signare
1334 2605 1511 2649 Bunse—

207 2687 287 2729 nio
297 2685 479 2730 videtur
492 2693 627 2742 atque
646 2682 886 2735 Mneuidis,
906 2680 1160 2724 Menevidis
1173 2677 1328 2740 (Buns.
1342 2693 1392 2737 p.
1416 2675 1510 2738 54).

208 2759 269 2802 At
296 2759 387 2802 hoc
409 2756 733 2801 dubitaverim.
755 2752 1020 2813 Legendum
1042 2752 1199 2812 potius
1210 2752 1511 2796 Moerc'diS.——

208 2832 276 2875 De
293 2832 383 2874 situ
407 2826 645 2892 Κωχώμης
676 2827 748 2871 vel
786 2827 864 2872 Κῶ
901 2822 1051 2885 κώμης
1078 2825 1169 2884 (uti
1196 2813 1511 2868 Eusebius'Vel

209 2903 302 2962 ejus
324 2904 545 2961 interpres
567 2902 719 2961 legisse
735 2898 961 2959 videtur),
996 2913 1091 2957 quo
1118 2897 1226 2941 loco
1249 2896 1511 2956 pyramides

213 2974 374 3035 (regiae
398 2974 578 3018 familiae
602 2969 842 3031 sepulcra)
869 2986 950 3015 rex
972 2970 1164 3025 struxit,
1191 2968 1321 3012 haud
1348 2967 1507 3026 liquet.

211 3048 291 3094 Κῶ
315 3048 478 3091 urbem
493 3046 623 3089 nomi
641 3044 969 3103 Cynopolitani
991 3049 1217 3086 memorat
1240 3041 1510 3085 Ptolemaeus

213 3117 292 3181 (v.
319 3117 495 3164 Berkel.
515 3118 576 3162 ad
598 3117 754 3176 Steph.
771 3117 879 3174 Byz.
900 3131 947 3158 v.
970 3115 1070 3166 Κῶς
1085 3122 1128 3158 et
1146 3111 1314 3175 Κρῶς).
1337 3115 1404 3158 De
1423 3113 1509 3158 hac

213 3200 363 3237 tamen
383 3192 577 3252 cogitari
600 3191 680 3234 vix
714 3197 879 3248 potest.
918 3189 1083 3247 Aptius
1105 3186 1374 3230 intellexeris
1391 3188 1511 3230 Kos-

216 3264 323 3308 kam
348 3265 523 3319 locum,
544 3263 626 3322 qui
639 3264 689 3305 in
698 3259 829 3304 fluvii
847 3261 950 3319 ripa
967 3259 1266 3314 occidentali,
1290 3274 1311 3303 e
1325 3260 1510 3319 regione

214 3337 501 3396 Antaeopolis
517 3336 644 3390 situs,
664 3335 714 3377 in
735 3333 977 3377 Itinerario
994 3334 1170 3378 Anton.
1191 3347 1240 3391 p.
1269 3329 1377 3391 158,
1398 3332 1505 3375 coll.

214 3410 419 3455 Hierocl.
452 3424 502 3468 p.
534 3406 622 3464 731
666 3406 1191 3476 appellatufflpollinos
1214 3408 1415 3464 minoris,
1440 3405 1511 3448 uti

215 3490 371 3525 censet
390 3479 721 3539 Champollion
747 3467 984 3537 l’Egypte‚
1018 3477 1067 3532 1,
1091 3492 1139 3535 p.
1163 3475 1255 3533 273
1284 3475 1367 3537 (cf.
1389 3478 1509 3521 For—

215 3553 360 3614 biger.
390 3554 554 3613 Geogr.
577 3552 639 3607 ΙΙ,
663 3566 714 3610 p.
743 3548 856 3596 801.
880 3551 1016 3594 Buns.
1037 3564 1085 3609 p.
1106 3551 1167 3594 50
1181 3548 1307 3610 sqq.)

286 3630 329 3679 5.
347 3632 557 3692 Sempsos
566 3646 602 3677 s,
618 3630 917 3688 SemempseS.
941 3630 1030 3672 Hic
1046 3629 1317 3674 Bunseniol.
1329 3628 1389 3672 l.
1378 3643 1415 3672 is
1425 3644 1511 3674 esse

215 3704 459 3750 videbatur
478 3703 744 3763 quiprimus
757 3702 951 3761 ponitur
963 3702 1013 3743 in
1029 3716 1190 3760 regum
1211 3702 1319 3746 serie
1337 3701 1513 3748 Carna-

217 3777 347 3821 ciana
376 3792 387 3820 ε
432 3777 445 3838 (
473 3775 650 3821 Rahem
682 3771 695 3834 )
736 3774 1033 3817 SMeN—Te
1056 3775 1130 3826 T1·;
1165 3773 1377 3832 idemque
1405 3790 1512 3818 cum

219 3863 297 3903 eo,
325 3850 407 3907 qui
430 3848 558 3908 apud
593 3846 867 3892 Strabonem
891 3845 1052 3898 XVII,
1077 3859 1126 3902 p.
1153 3844 1245 3888 813
1282 3842 1511 3904 Ἰσμάνδης

217 3919 232 3981 (
254 3936 304 3980 p.
331 3921 419 3965 811
454 3918 688 3981 Ἰμοὶνδης;
715 3919 912 3978 epitome
948 3913 1146 3971 Μαΐνδης
1164 3916 1177 3976 )
1197 3951 1208 3972 ,
1236 3918 1363 3976 apud
1395 3920 1514 3963 Dio-

219 3992 391 4037 dorum
414 3994 435 4036 I
453 4026 465 4048 ,
490 3997 546 4049 47
570 4006 673 4051 sqq.
697 3983 1001 4050 Ὀσυμανδύας
1025 3989 1296 4047 appellatur.
1324 3991 1514 4051 Regiam

220 4061 290 4123 (τὸ
313 4062 573 4124 Μεμνόνειον
591 4060 823 4126 βασίλειον)
851 4060 1080 4106 Ismandes
1102 4061 1265 4104 habuit
1283 4063 1436 4121 Abydi
1454 4063 1514 4108 ad

219 4137 563 4182 similitudinem
594 4136 871 4181 celeberrimi
891 4133 1018 4177 istius
1034 4133 1311 4192 Labyrinthi
1334 4144 1514 4179 exstru-

223 4219 369 4270 ctam,
401 4211 552 4254 minus
577 4219 726 4254 tamen
754 4209 1085 4268 multiplicem3
1118 4207 1379 4265 sepulcrum
1422 4208 1515 4265 «jus

1120 246 1382 295 MANETH
1391 247 1476 295 ΟΝ
1481 246 1535 293 lS
1573 246 1966 306 SEBENNYTAE
1998 296 2001 297 ι

1583 354 1926 428 fuisse'Bunsen.
1948 363 2164 401 statuerat
2178 355 2471 415 pyramidem
2490 371 2636 416 prope
2651 358 2880 418 Labyrin-

1585 429 1717 472 thum
1732 431 1881 478 sitam.
1901 429 1997 477 ‘Sed
2028 431 2127 474 haec
2156 431 2312 474 omnia
2333 429 2581 488 rejicienda
2603 446 2690 476 esse
2719 432 2882 477 docuit
2962 427 2973 474 ζ

1586 501 1786 560 Lepsius,
1809 500 1890 562 qui
1907 502 2199 563 pyramidem
2217 503 2478 562 sepulcrum
2492 518 2579 548 esse
2598 504 2882 570 Amenemlaee
2965 504 2973 562 ξ

1587 575 1708 618 tertii
1744 575 1758 636 (
1783 577 1879 620 XII
1915 575 2134 636 dynastiae
2173 574 2328 636 regis)
2376 590 2433 620 ex
2469 576 2852 637 inscriptionibus
2865 612 2878 634 ‚

1588 661 1700 706 quas
1727 649 1779 693 in
1813 664 1990 696 camera
2021 649 2266 709 sepulcrali
2301 648 2496 710 detexit,
2536 649 2876 710 comprobavit.
2938 649 2941 651 ’
2969 660 2978 706 ἒ

1591 719 1669 778 (V.
1697 722 1892 767 Bunsen.
1931 722 2004 777 ΙΙ,
2036 738 2087 782 p.
2109 724 2189 778 IV,
2215 722 2297 781 qui
2331 737 2458 767 nunc
2490 722 2713 767 Ismandae
2747 724 2879 770 Stra·
2938 775 2940 778 v
2969 731 2981 779 j

1586 791 1780 838 boniani
1823 794 2064 856 'vestigium
2113 794 2242 855 apud
2285 795 2490 855 reliquos
2523 803 2734 841 auctores
2782 812 2882 842 non
2938 784 2940 790 3

1587 874 1763 910 exstare
1800 876 1954 912 censet
1969 903 1982 929 ‚
2018 868 2108 912 nisi
2136 867 2255 912 forte
2283 868 2411 928 apud
2455 869 2658 913 Plinium
2674 869 2881 915 XXXVI

1571 937 1614 996 ⁴§
1638 936 1718 993 67,
1735 938 1820 982 ubi
1841 941 2056 984 Zmarres
2085 953 2166 986 rex
2180 941 2432 986 obeliscum
2450 942 2544 986 sine
2566 943 2690 987 notis
2706 950 2884 987 exstru-

1586 1009 1698 1054 xisse
1723 1010 1908 1071 dicitur.

1908 1135 2188 1196 SECUNDA
2220 1150 2547 1196 DYNAsrlA.

2214 1263 2259 1311 8.

1879 1414 1884 1418 ·
1961 1394 2083 1440 SEC.
2127 1395 2507 1442 AFRICANUM.

1655 1512 1894 1574 Syncellus
1927 1531 1975 1576 p.
2004 1510 2083 1572 54,
2124 1519 2167 1561 D
2220 1532 2231 1560 ε
2284 1514 2528 1581 Δευτέρα
2585 1517 2888 1566 δυναστεία

1588 1585 2105 1650 Θινιτῶνβασιλέων
2151 1586 2334 1646 ἐννέα,

1655 1651 1713 1704 ὧν
1737 1662 1901 1723 πρῶτος
1925 1659 2131 1717 Βοηθὸς
2158 1659 2233 1719 ἔτη
2257 1661 2349 1719 λη’.
2382 1660 2483 1727 Ἐφ’
2520 1653 2567 1709 οῧ
2587 1660 2743 1727 χάσμα
2766 1662 2882 1711 κατὰ
2955 1694 2962 1728 J

1589 1730 1840 1780 Βούὸαστον
1859 1732 2065 1825 Ινέγένετο
2054 1734 2128 1781 καὶ
2150 1734 2374 1782 ἀπώλοντο
2391 1734 2561 1786 πολλοί.

1657 1804 1697 1869 β’
1735 1804 1871 1854 Καιέ
1851 1825 2007 1871 εχως,
2041 1806 2115 1865 ἔτη
2139 1807 2219 1854 λθ’.

1590 1877 1768 1943 Μέμφει
1809 1878 1884 1926 καὶ
1909 1881 2112 1933 Μνε-ῦις’
2094 1899 2136 1925 εν
2174 1878 2452 1927 Ἡλιουπόλει
2476 1879 2550 1926 καὶ
2591 1883 2614 1927 ὃ
2639 1881 2885 1974 Μενδήσιος

1588 1951 1744 2043 τράγος
1771 1952 2060 2014 ἐνομίσθησαν
2083 1957 2193 1999 εἶναι
2218 1952 2321 2002 θεοί.

1655 2023 1694 2087 γ’
1713 2023 2049 2090 Βίνωθρις,”
2026 2045 2100 2083 ετη
2127 2024 2214 2086 μζ’.
2241 2025 2344 2090 Ἐφ
2359 2029 2406 2073 οὑ
2424 2024 2570 2092 ἐκρίθη
2591 2025 2666 2080 τὰς
2682 2034 2914 2093 γυναῖκαςζ

1592 2095 1812 2159 βασιλείας
1837 2095 1966 2161 γέρας
1985 2095 2116 2161 ἔχειν.

1656 2168 1694 2215 δ’
1730 2168 1897 2228 Τλὰς,
1927 2168 2002 2228 ἔτη
2029 2169 2096 2225 ιζ’.

1655 2242 1689 2288 ε’
1724 2240 2083 2302 -Σεθένης,ἔτη
2106 2241 2199 2300 μα’.
2243 2254 2249 2257 ’

1656 2315 1699 2368 ς’
1736 2314 1779 2362 Χ
1792 2334 1818 2361 α
1835 2315 1848 2362 ί
1864 2334 1969 2381 ρης,
1992 2314 2065 2372 ἔτη
2086 2315 2154 2370 ιζ.
2957 2371 2963 2375 .

1655 2388 1690 2444 ζ’
1727 2387 2094 2454 Νεφερχέρης,
2132 2387 2208 2446 ἔτη
2239 2387 2318 2437 κε’.
2359 2387 2460 2452 Ἐφ’
2491 2391 2540 2435 οὗ
2566 2388 2796 2451 μυθευεται
2813 2406 2886 2436 τον
2947 2383 2962 2424 3ss

1589 2463 1746 2511 Νεῖλον
1774 2462 1931 2524 μέλιτι
1939 2457 2204 2526 κεκραμένον
2228 2458 2393 2523 ἡμέρας
2417 2453 2507 2508 εἐνδ
2490 2480 2567 2508 εκα
2593 2464 2762 2525 ῥυῆναι.
2955 2495 2964 2512 -,

1653 2533 1713 2592 η’.
1728 2533 2005 2600 Σέσωχρις
2026 2534 2101 2593 ἔτη
2121 2531 2198 2598 μη’
2202 2570 2214 2592 ,
2236 2531 2280 2587 ὃς
2299 2532 2402 2598 ὕψος
2416 2537 2543 2597 εἶχε
2518 2537 2673 2598 πηχῶν
2697 2534 2731 2581 ε’
2736 2535 2887 2599 ,[πα-
2944 2530 2974 2599 ‘53¹⁵

1587 2607 1807 2671 λαιστῶν]
1829 2608 1886 2670 γ’.
2958 2624 2962 2627 “
2981 2627 2983 2630 ⁴

1654 2680 1707 2729 θ’.
1745 2679 1991 2745 Χενεφρ
1971 2699 2044 2739 ης,
2067 2677 2143 2737 ἔτη
2163 2680 2222 2726 λ’.

1653 2753 1841 2816 Ὃμοῦ”
1819 2773 1894 2811 ετη
1923 2752 2008 2801 τὸ’.
2516 2797 2519 2801 ,

1654 2825 1798 2889 Ὁμοῦ
1822 2826 1996 2891 πρώτης
2037 2823 2112 2872 καὶ
2148 2823 2348 2889 δευτέρας
2387 2822 2639 2876 δυναστείας
2667 2824 2777 2883 μετὰ
2811 2823 2885 2872 τὸν

1590 2899 1900 2961 κατακλυσμὸν
1918 2897 1994 2956 ἔτη
2015 2897 2102 2963 φνε’
2119 2896 2233 2944 κατὰ
2246 2896 2326 2953 τὴν
2338 2895 2537 2960 δευτέραν
2560 2893 2725 2942 ἔκδοσιν
2741 2895 2884 2962 Ἀφρι-

1585 2990 1736 3021 κανου.
1771 3008 1775 3013 «

1652 3044 1864 3106 Θινιτῶν]
1883 3043 2091 3090 Θεινιτῶν
2113 3039 2521 3104 οοᾶᾶ.-Βοηοὸς]
2541 3041 2884 3104 Βῶχοςῐυανςο,

1584 3119 1654 3163 uti
1676 3119 1843 3165 Euseb.
1866 3145 1931 3151 —
1957 3114 2186 3179 Καιέχως]
2210 3115 2317 3163 cod.
2335 3112 2489 3179 Βς-καὶ
2516 3112 2625 3177 ἔχως
2644 3116 2712 3170 Α;
2739 3116 2886 3165 Καιαέ

1585 3193 1673 3253 χῶς
1686 3189 2087 3251 (ὶοῐιΐ.·-Μνεῦις]
2107 3190 2170 3233 sic
2182 3189 2400 3248 Scaliger.
2416 3183 2738 3244 Μηνεὺςῦοατ.
2760 3187 2887 3246 Quid

1587 3266 1727 3312 codd.
1745 3265 1958 3320 habeant,
1977 3278 2076 3307 non
2098 3262 2277 3306 notavit
2299 3260 2463 3308 Dindf.
2478 3286 2543 3294 —-
2557 3257 2792 3323 Βίνωθρις]
2811 3261 2882 3307 Cf.

1586 3339 1693 3385 Joh.
1713 3338 1931 3384 Antioch.
1950 3338 2000 3380 in
2025 3337 2178 3381 Cram.
2215 3334 2394 3381 Anecd.
2435 3334 2579 3378 Paris.
2599 3334 2672 3390 ΙΙ,
2703 3349 2753 3394 p.
2773 3331 2883 3390 385,

1586 3412 1669 3455 ubi
1697 3428 1707 3455 :
1729 3408 1831 3455 Ἐπὶ
1852 3407 2082 3474 Βινώριος(
2094 3407 2184 3470 sic)
2213 3404 2426 3470 βασιλέως
2447 3403 2671 3467 Αἰγύπτου
2696 3404 2801 3470 φασὶ
2813 3403 2885 3453 τὸν

1587 3484 1740 3531 Νεῖλον
1756 3481 1898 3545 μέλιτι
1914 3479 2176 3546 κεκραμένον
2197 3478 2362 3542 ἡμέρας
2378 3477 2434 3524 ια’
2454 3480 2622 3544 ῥυῆναι.
2650 3505 2714 3512 --
2736 3477 2778 3536 η’
2797 3476 2886 3527 Σέ-

1587 3573 1747 3620 σωχρις
1767 3556 1842 3613 ἔτη
1868 3557 2104 3614 etreliqua
2125 3569 2270 3613 usque
2292 3553 2354 3598 ad
2373 3551 2510 3596 finem
2544 3553 2593 3595 in
2615 3551 2748 3596 libris
2767 3553 2886 3611 Syn-

1588 3632 1687 3675 celli
1702 3631 1820 3674 mira
1834 3628 2329 3687 confusioneleguntur
2339 3641 2391 3685 p.
2414 3624 2495 3680 56,
2516 3626 2573 3683 A,
2591 3623 2674 3668 ubi
2689 3623 2888 3669 secunda

1588 3703 1796 3762 dynastia
1823 3702 2005 3747 Eusebii
2022 3701 2231 3761 ponitur;
2258 3707 2300 3744 et
2323 3713 2423 3757 quae
2446 3712 2496 3756 p.
2523 3694 2601 3754 56,
2630 3698 2670 3740 A
2690 3697 2775 3757 legi
2803 3695 2886 3742 de·-

1587 3776 1756 3822 bebant
1771 3810 1783 3831 ,
1800 3775 2061 3834 migrarunt
2083 3774 2133 3817 in
2155 3773 2343 3817 alteram
2360 3786 2410 3830 p.
2433 3768 2511 3826 57.
2533 3795 2594 3803 --
2609 3766 2884 3830 παλαιστῶν]

1587 3849 1651 3892 sic
1672 3847 1865 3894 Boeckh.
1883 3856 1925 3892 et
1944 3847 2140 3892 Bunsen.
2167 3860 2222 3889 ex
2244 3843 2441 3888 Eusebio
2455 3842 2653 3901 Syncelli
2671 3857 2762 3901 pro
2778 3841 2885 3886 vul-

1589 3927 1693 3979 gata
1711 3916 1890 3970 πλάτος.
1913 3917 2053 3976 Quod
2073 3918 2123 3960 in
2145 3918 2254 3961 Eus.
2271 3918 2399 3960 Arm.
2426 3915 2591 3974 legitur
2613 3923 2660 3957 et
2674 3923 2763 3957 tres
2774 3913 2887 3973 pal-

1590 4005 1686 4034 mos
1724 3992 1866 4034 latum
1891 4005 2038 4049 quum
2064 4003 2147 4048 per
2176 4002 2219 4032 se
2249 3987 2454 4046 ineptum
2488 3986 2568 4041 sit,
2607 3986 2759 4046 arguit
2790 3984 2885 4043 Jam
2931 3988 2941 4040 j

1589 4063 1858 4108 Armenium
1873 4062 2165 4122 interpretem
2187 4059 2369 4104 Eusebii
2390 4065 2562 4102 textum
2592 4057 2710 4104 male
2736 4063 2888 4106 mutar
2937 4086 2939 4091 ι

1592 4144 1691 4179 tum
1723 4144 1826 4179 ante
1851 4134 2012 4178 oculos
2034 4133 2258 4179 habuisse.
2293 4157 2359 4164 ——
2380 4127 2492 4174 κατὰ
2515 4126 2642 4184 τὴν...
2679 4126 2885 4191 Ἀφρικα-
2916 4148 2939 4194 ·>

1591 4207 1694 4268 νοῦ]
1757 4206 1913 4264 Quum
1949 4206 2075 4266 apud
2118 4205 2377 4265 Syncellum
2419 4210 2632 4261 sequatur
2679 4199 2884 4260 dynastia

2264 1807 2365 1873 Ἐφ’
2391 1812 2437 1854 ου
2471 1810 2509 1855 οἱ
2543 1806 2638 1872 βόες
2679 1811 2798 1863 Ἆπις
2842 1812 2886 1857 ἔν
2960 1797 2999 1850 3
