3016 4628
151 480 156 490 .
176 470 195 503 ι,
216 448 320 515 πρὸς
344 445 581 509 Ἀστυάγην
613 442 859 509 προείδοντο
885 441 923 487 οἵ
961 437 1080 503 ᾠδοί.
1111 459 1131 480 «
1151 436 1265 486 “Ox-ff.
1288 435 1373 501 γὰρ

84 526 97 574 ι’
115 518 268 589 Ϊφησὶν)
291 519 485 583 ἡγήσατο
501 516 579 575 τὴν
601 517 659 570 εἷς
686 513 857 579 Πέρσας
881 509 1127 572 ἀποδημίαν
1159 512 1182 556 ὃ
1201 512 1342 574 Κῦρος
1359 526 1368 535 ·

83 592 274 656 >εγόνει
305 592 342 638 δ’
369 591 498 637 αὐτοῦ
529 586 735 653 πρότερον
758 584 932 634 ἐπὶτῶν
967 580 1266 648 ῥαὸδοςρόρων,
1293 572 1368 627 εἶθ’

41 673 66 722 ‚''
80 664 268 728 εστερον
293 661 364 709 ἐπὶ
384 662 468 707 τῶν
493 656 766 723 ὁπλοφόρων,
787 653 861 702 καὶ
884 655 1097 712 ἀπῆλθεν·
1123 649 1374 716 εὐωχουμέ-

80 735 94 774 Ϊ“’
126 754 166 783 υ
183 729 255 782 οὖν
271 737 344 780 τοῦ
363 729 620 791 Ἀστυάγους
632 725 742 790 μετὰ
760 729 844 773 τῶν
862 724 997 791 φίλων
1012 761 1025 783 ,
1043 722 1140 771 τότε
1162 721 1376 786 Ἀγγάρης

65 824 121 859 5
141 824 249 869 ομα,
280 797 416 868 (οἶτος
440 803 476 849 δ’
512 794 566 859 ἧν
600 802 685 847 τῶν
724 799 846 864 ᾠδῶν
869 800 892 844 ὃ
925 795 1240 857 ἔνδοξότατος,)
1280 787 1377 858 ᾖδεν

46 871 328 935 *fiexknoeic
345 873 400 923 τά
425 893 471 921 τε
488 873 600 920 ἄλλα
617 875 700 918 τῶν
726 868 976 933 εἰθισμένων
990 904 1004 928 ,
1025 868 1101 916 καὶ
1123 867 1172 914 τὸ
1196 866 1379 930 ἔσχατον

52 1011 78 1086 *3
95 1019 166 1075 δὸς
187 1021 354 1086 ἀγρίου·
376 1018 398 1066 ὃ
419 1018 471 1066 ἂν
496 1015 699 1082 κυριεύσῃ
722 1017 806 1062 τῶν
829 1017 926 1061 καθ’
943 1012 1070 1060 αὑτὸν
1090 1011 1232 1058 τόπων
1246 1047 1259 1068 ,
1283 1010 1384 1056 πολ-

36 1024 74 1159 ᾗ
97 1093 183 1147 λοῖς
216 1091 308 1155 μετ’
338 1090 480 1154 ὀλίγον
518 1087 672 1155 ῥᾳδίως
707 1088 932 1151 μαχεῖται.
963 1083 1198 1150 Ἐρομένου
1234 1080 1278 1129 δὲ
1304 1085 1381 1128 τοῦ

97 1162 377 1227 Ἀστυάγους,
413 1164 532 1208 ποῖον
562 1159 734 1224 θηρίον;
775 1157 857 1223 ἔφη
896 1160 1040 1222 Κῦρον
1073 1155 1145 1202 τὸν
1188 1154 1378 1220 Πέρσην.

97 1236 310 1298 Νομίσας·
331 1227 403 1282 οὖν
438 1235 570 1298 ὀρθῶς
607 1231 734 1279 αὐτὸν
771 1227 1118 1288 ὑπωπτευκέναι,
1152 1227 1226 1275 καὶ
1251 1245 1386 1290 μετα-

39 1289 372 1370 ’Ῑινπεμπόμενος
395 1306 512 1354 οὐδὲν
536 1304 720 1362 ὤνησεν.
742 1325 762 1345 ²»

457 1540 650 1589 TPlTH
686 1538 1023 1588 ΣΥΝΤΑΞΙΣ.

592 1653 894 1710 ΠΕΡΣΙΚΑ.

715 1768 762 1814 8.

38 1940 58 1961 τ)
117 1949 123 1959 .
489 1888 525 1930 E
559 1886 740 1931 LIBRO
774 1850 988 1929 PRIMO.

164 1991 324 2036 Schol.
352 1988 575 2035 Nicandr.
599 1989 736 2032 Ther.
762 1986 855 2031 613
881 2003 892 2030 ε
926 1983 1074 2052 Μάγοι
1097 1982 1143 2030 δὲ
1167 1982 1246 2048 καὶ
1269 1981 1388 2030 Σκύ-

29 2051 33 2080 ³
69 2063 176 2129 {3100st
201 2058 407 2124 μυρικίνῳ
437 2057 719 2120 μαντεύονται
753 2055 888 2121 ξύλῳ·
926 2056 1001 2103 καὶ
1030 2055 1114 2120 γὰρ
1140 2057 1184 2102 ἓν
1215 2056 1390 2108 πολλοῖς

30 2178 32 2194 4
66 2132 245 2194 ,ῃτόποις
273 2131 443 2197 ράὅδοις
479 2130 780 2193 μαντεύονται.
808 2127 968 2176 Δείνων
995 2127 1040 2176 δὲ
1067 2130 1109 2175 ἐν
1143 2131 1204 2193 τῷ
1229 2126 1390 2192 πρώτῳ

32 2237 42 2260 .,
69 2222 78 2266 ,ς
97 2209 178 2263 ,τῆς
200 2204 345 2269 τρίτης
379 2202 619 2258 συντάξεως
652 2201 726 2249 καὶ
758 2200 855 2255 τοὺς
879 2200 1053 2264 μάντεις
1079 2200 1185 2266 φησὶ
1217 2199 1390 2256 Μήδους

62 2275 272 2343 ’,ᾴράὸδοις
293 2275 594 2339 μαντεύεσθαι.

29 2342 39 2364 ⁴³
71 2354 100 2392 ’2.
166 2348 303 2398 Δίνων
320 2349 591 2395 Schneider.
608 2364 635 2393 e
657 2348 820 2393 codiee
843 2347 1052 2407 Gotting.
1075 2348 1280 2391 correxit
1302 2361 1391 2407 pro

26 2447 32 2470 e
67 2421 231 2484 ‘ff'vulgu
253 2419 365 2469 Δίων
380 2436 398 2478 3v
421 2421 546 2466 idem
562 2419 659 2478 jam
681 2421 794 2466 Gale
823 2420 1038 2464 voluerat
1057 2419 1118 2463 ad
1141 2419 1383 2464 Iamblich.

87 2498 174 2560 .De
202 2495 428 2554 mysteriis
445 2509 496 2552 p.
523 2491 635 2538 238.
654 2487 1060 2552 Reposui-Aeivoev.

721 2621 769 2665 9.

168 2721 309 2765 Clem.
336 2718 469 2762 Alex.
493 2718 648 2760 Protr.
673 2716 718 2770 Ι,
746 2729 787 2758 e.
819 2711 870 2770 5,
895 2729 945 2772 p.
987 2728 1043 2772 19
1064 2712 1192 2771 sylb.
1221 2726 1232 2758 z
1261 2708 1394 2758 Θύειν

0 2781 4 2838 l
90 2791 91 2794 ¹
105 2790 149 2836 ἐν
164 2787 355 2853 ὑπαίθρῳ
375 2786 544 2839 τούτους
564 2786 648 2850 (sc.
669 2782 766 2836 τοὺς
787 2782 962 2847 Πέρσας
990 2782 1064 2829 καὶ
1100 2780 1195 2835 τοὺς
1221 2781 1396 2840 Μήδους

0 2857 2 2885 ³
43 2861 57 2906 '1'
102 2860 296 2914 καὶτοὺς
314 2859 502 2923 μάγους)
530 2861 551 2904 ὁ
567 2857 728 2906 Δείνων
752 2857 902 2918 (vulg.
930 2854 1099 2918 Δίνων)
1119 2853 1262 2917 λέγει,
1287 2858 1392 2902 θεῶν

0 2955 1 2958 ’
43 2923 338 2999 ρξε”ἀγάλματα
380 2931 490 2995 μόνα
523 2929 572 2978 τὸ
597 2934 680 2995 πῦρ
706 2927 851 2976 καὶτὸ
886 2926 1000 2991 ὕδωρ
1022 2926 1287 2988 νομίζοντας.
1321 2928 1390 2974 Cf.

43 3019 83 3065 ⁵:
107 3007 326 3068 Diogenis
341 3007 447 3066 Cyz.
475 3005 532 3048 fr.
559 3009 603 3056 4.

46 3111 272 3201 {samarga
285 3140 435 3181 bellum
457 3138 725 3191 praeviderunt
741 3137 936 3192 cantores.
960 3138 1096 3176 «Nam
1116 3147 1242 3186 quum
1260 3136 1332 3175 iter
1356 3135 1398 3174 in

71 3220 82 3250 ·,
94 3206 270 3255 Τείως,
284 3204 354 3254 ait,
371 3207 499 3254 Cyrus
517 3201 751 3252 suscepisset
773 3201 935 3252 (etenim
951 3199 1124 3250 primum
1138 3199 1374 3239 satellitibus
1388 3228 1399 3248 ‚

79 3261 151 3311 ’Μ
160 3268 301 3309 deinde
316 3267 508 3308 militibus
523 3265 577 3306 ibi
590 3266 719 3305 tuerat
733 3265 945 3316 praefectus
961 3275 1009 3303 ac
1026 3263 1168 3303 deinde
1184 3262 1402 3312 discessit),

82 3328 346 3391 sssseenvivante
375 3333 542 3382 Astyage
561 3340 656 3369 cum
688 3329 847 3380 amicis,
871 3329 976 3368 intro
1006 3329 1173 3367 vocatus
1193 3328 1404 3366 cantorum

20 3391 47 3445 ’,9
191 3395 397 3445 ilissimus,
421 3398 596 3444 Angares
625 3392 809 3442 nomine,
856 3392 1035 3432 cantavit
1061 3393 1102 3431 et
1130 3391 1209 3430 alia
1233 3391 1402 3440 usitata,

19 3453 44 3498 Γ]
91 3463 133 3510 „j
169 3459 222 3500 ad
240 3458 465 3500 extremum
484 3458 586 3498 dixit
605 3473 614 3498 ε
635 3473 655 3492 «
673 3457 950 3496 DimIttiturin
971 3455 1157 3506 paludem
1169 3455 1251 3494 sera
1270 3454 1406 3504 ingens

35 3503 53 3584 Γ
90 3516 207 3574 ,3μό
217 3523 399 3573 ferocior,
412 3532 504 3573 quae
518 3522 730 3573 postquam
739 3520 836 3561 locis
849 3520 954 3559 circa
970 3530 1012 3559 se
1028 3519 1113 3559 sitis
1129 3518 1246 3558 suerit
1261 3518 1403 3568 potita,

39 3579 230 3649 {af'tbteve
243 3587 331 3637 post
345 3588 502 3637 tempus
516 3585 705 3625 adversus
730 3584 878 3624 multos
889 3584 1003 3623 facile
1017 3582 1221 3633 pugnabit.
1238 3597 1258 3617 n
1275 3583 1404 3621 Inter·
1427 3576 1432 3583 '

34 3671 35 3674 ¹
92 3646 115 3703 ζ,
113 3653 271 3708 rogante
293 3663 387 3691 vero
410 3653 576 3702 Astyage
587 3680 599 3701 ‚
617 3651 777 3700 qualem
797 3650 921 3689 seram
953 3649 1101 3688 diceret
1113 3678 1124 3698 ,
1156 3646 1359 3697 respondit
1393 3662 1402 3685 ε

77 3724 97 3759 45‘·
106 3714 260 3766 v(tyrum
272 3717 444 3756 Persam.
456 3715 698 3766 Igiturreete
713 3723 806 3753 eum
820 3712 1064 3762 suspicatum
1080 3722 1164 3751 esse
1174 3711 1405 3750 existimans

16 3804 41 3836 ,3
86 3786 204 3842 (ἐπι,
221 3779 328 3820 misit
341 3778 411 3830 qni
426 3778 658 3818 revocarent
676 3779 850 3827 Cyrum,
862 3775 933 3816 sed
949 3775 1046 3815 nihil
1062 3775 1241 3825 profecit.
1267 3791 1285 3808 »

636 3867 902 3886 M*-

40 3958 61 3992 3,
530 3918 765 3969 TERTIA
800 3920 980 3969 PARS.

20 3994 148 4107 ,J-sff»
383 4023 472 4072 DE
509 4021 720 4071 Ressus
757 4021 1132 4071 PERSARUM.

515 4192 553 4235 E
580 4114 984 4236 LIBR3.PRIMO

1211 320 1614 371 FRAGMENTA.

38 931 241 1010 ,ψζεῖπεῆ
264 950 321 1002 ὥς
344 949 514 1012 ἀφεῖται
539 946 598 998 εἷς
621 943 670 990 τὸ
694 942 787 996 ἕλος
809 941 954 1007 θηρίον
971 937 1380 1004 μέγα,θρασύτερον
1401 957 1406 962 ·

2675 322 2746 389 9ῑί

2061 449 2134 479 10.

1515 543 1679 588 Cicero
1696 543 1766 586 De
1786 540 1979 586 divinat.
2002 541 2045 599 Ι,
2066 556 2107 583 c.
2130 539 2189 583 23
2214 554 2225 585 ε
2245 541 2369 596 Quid
2381 555 2463 599 ego
2483 557 2587 599 quoe
2603 543 2747 601 Magi⁴

1452 615 1569 672 Cyro
1587 615 1660 658 illi
1669 616 1870 672 principi
1891 615 2179 671 interpretati
2193 620 2312 664 sunt,
2339 626 2399 654 ex
2417 613 2613 656 Dinonis
2628 614 2741 656 Per-

1449 691 1558 731 sicis
1593 682 1781 747 [libris]
1806 681 2085 744 proferam?
2110 683 2235 728 Nam
2273 697 2407 741 quum
2436 683 2678 727 dormienti
2699 689 2744 727 ei

1450 759 1524 802 sol
1560 758 1628 801 acl
1657 757 1806 817 pedes
1827 760 1956 801 visus
1986 764 2123 810 esset,
2176 763 2245 798 ter
2281 769 2407 809 eum,
2440 754 2610 810 scribit,
2631 753 2745 811 sru-

1450 840 1547 873 stra
1569 832 1838 889 appetivisse
1856 827 2086 881 manibus,
2135 841 2272 884 quum
2294 840 2344 868 se
2378 825 2640 868 convolvens
2676 827 2750 869 sol

1453 899 1711 946 elaberetur
1724 909 1772 945 ec
1791 901 1944 944 abiret
1961 915 1976 942 .·
1999 903 2044 942 ei
2062 899 2235 956 Magos
2253 898 2428 941 dixisse
2446 895 2596 956 (quod
2609 912 2750 956 gemis

1454 978 1710 1034 sapientum
1734 981 1780 1017 et
1796 974 2027 1017 doctorum
2045 970 2303 1014 habebatur
2321 974 2369 1013 in
2389 967 2567 1027 Persis)
2591 984 2651 1012 ear
2668 974 2751 1012 tri-

1451 1048 1567 1106 plici
1599 1044 1882 1106 appelitione
1909 1044 2030 1097 solis,
2079 1046 2274 1102 triginta
2300 1055 2450 1085 annos
2486 1039 2649 1097 Cyrum
2674 1055 2748 1083 re-

1430 1121 1431 1124 ’
1455 1128 1701 1178 gnaturum
1725 1132 1821 1161 esse
1845 1115 2080 1176 portendi.
2124 1115 2259 1172 Quod
2287 1118 2355 1157 ita
2385 1115 2592 1171 contigit.
2628 1113 2752 1155 Nam

1458 1191 1525 1234 acl
1538 1193 1921 1250 septuagesimum
1935 1201 2098 1247 pervere
2106 1190 2152 1241 it,
2181 1201 2317 1246 quum
2337 1185 2651 1244 quadraginta
2668 1199 2755 1227 ηα-

1461 1266 1531 1299 uis
1552 1270 1698 1299 annos
1720 1268 1915 1312 regnare
1932 1256 2159 1314 eoepisset.

2077 1354 2152 1382 11.

1527 1431 1772 1476 Athenaeus
1789 1431 1936 1488 XIII,
1957 1444 2007 1488 p.
2028 1426 2121 1472 560
2139 1429 2176 1472 E
2201 1442 2212 1471 ε
2235 1423 2397 1472 Δείνων
2419 1425 2455 1471 δ’
2474 1426 2516 1470 ἐν
2534 1423 2620 1477 τοῖς
2641 1425 2756 1486 Περ-

1462 1502 1617 1559 σικοῖς,
1642 1500 1716 1548 καὶ
1737 1498 1906 1548 Λυκέας
1929 1501 1951 1545 ὃ
1975 1497 2280 1562 Ναυκρατίτης
2301 1498 2344 1543 ἐν
2370 1496 2493 1561 τρίτῃ
2518 1498 2760 1558 Αἰγυπτια-

1463 1577 1573 1632 κῶν,
1603 1573 1681 1630 τὴν
1701 1575 1905 1630 Νειτῆτιν
1925 1570 2062 1636 Κύρῳ
2087 1569 2338 1633 πεμφθῆναί
2363 1589 2492 1635 φασιν
2517 1568 2600 1616 ὑπὸ
2623 1568 2756 1628 Ἀμά-

1464 1647 1594 1698 σιδος·
1625 1644 1667 1700 ἐξ
1689 1639 1741 1703 ἧς
1764 1647 2020 1707 γεννηθῆναι
2039 1642 2110 1690 τὸν
2137 1640 2410 1704 Καμὸύσην,
2439 1640 2485 1688 ὃν
2507 1642 2759 1693 ἐκδικοῦντα

1462 1721 1515 1779 τῇ
1543 1736 1631 1779 μητ
1658 1716 1674 1762 i.
1691 1718 1759 1764 ἐπ’
1780 1714 1998 1778 Αἴγυπτον
2018 1712 2282 1771 ποιήσασθαι
2303 1711 2552 1778 στρατείαν.

1528 1736 1854 1836 Cowfmentum
1865 1790 1957 1835 hoc
1973 1790 2304 1849 AEgyptiorum
2318 1823 2331 1848 ,
2351 1788 2519 1847 quibus
2539 1788 2756 1831 solatium

1463 1873 1562 1908 erat
1586 1863 1805 1907 domator
1825 1863 1972 1906 altero
1989 1869 2184 1921 parente
2208 1859 2466 1921 AEgyptius.
2489 1861 2637 1905 Aliter
2664 1861 2761 1903 He-

1463 1935 1621 1980 rodot.
1646 1937 1742 1991 III,
1788 1950 1807 1978 1
1848 1942 1894 1978 et
1924 1933 2095 1978 Ctesias
2119 1931 2202 1992 (fr.
2242 1931 2332 1993 37)
2359 1948 2436 1991 ap.
2458 1933 2628 1977 Athen.
2661 1931 2693 1975 l.
2718 1932 2758 1985 l,

1463 2008 1720 2052 secundum
1737 2022 1855 2066 quos
1877 2007 2042 2050 Nitetis
2063 2006 2219 2064 pellex
2240 2004 2328 2049 fuit
2349 2005 2600 2063 Cambysae.
2624 2004 2761 2048 Cete—

1463 2096 1569 2124 rum
1587 2094 1633 2124 v.
1652 2079 1931 2124 Dahlmann.
1954 2078 2164 2123 Heroclot.
2187 2092 2235 2136 p.
2265 2076 2354 2121 148
2378 2091 2480 2135 sqq.
2510 2076 2579 2120 Cf.
2606 2077 2766 2119 Necta-

1464 2154 1639 2198 nebum
1663 2150 1917 2197 Alexandri
1936 2151 2001 2194 M.
2023 2159 2207 2209 patrem
2223 2150 2272 2192 in
2296 2148 2766 2194 Pseudocallisthene.

2079 2264 2154 2292 12.

1532 2351 1777 2395 Athenaeus
1794 2349 1907 2393 XIV
1922 2381 1935 2404 ‚
1953 2363 2004 2407 p.
2020 2346 2131 2403 652,
2146 2349 2183 2391 B
2215 2363 2227 2392 ε
2265 2342 2442 2410 Σφόδρα
2466 2346 2551 2390 τῶν
2572 2342 2764 2407 ἰσχάδων

1467 2420 1757 2483 ἐθαυμάζοντο
1784 2421 1832 2466 αἱ
1863 2417 2070 2466 Ἀττικαί,
2094 2417 2255 2466 Δείνων
2278 2422 2382 2481 γοῦν
2407 2419 2451 2464 ἐν
2476 2416 2562 2469 τοῖς
2595 2419 2760 2480 Περσι-

1466 2494 1554 2547 κοῖς
1578 2511 1683 2558 φησι
1697 2511 1707 2522 ·
1740 2513 1759 2534 ιι
1781 2489 2068 2555 Παρετίθεντο
2090 2491 2125 2537 δ’
2157 2490 2228 2537 ἐπὶ
2248 2494 2323 2549 τῆς
2346 2487 2559 2555 τραπέζης
2581 2491 2657 2544 τῆς
2682 2491 2761 2551 βα-

1469 2565 1620 2618 σιλέως
1665 2562 1745 2610 ὅσα
1781 2566 1808 2619 ἡ
1838 2565 1893 2624 γῆ
1917 2561 2127 2627 βρώματα
2148 2561 2287 2627 φέρει,
2315 2555 2367 2618 ἧς
2390 2561 2518 2624 ἄρχει
2545 2557 2766 2622 βασιλεὺς,

1475 2636 1546 2702 ἀφ’
1586 2635 1769 2683 ἑκάστου
1804 2632 2160 2697 ὅσονκάπαρχήν.
2197 2632 2368 2697 Ξενικῷ
2402 2632 2447 2678 δὲ
2488 2629 2626 2678 οὐδενὶ
2664 2628 2762 2677 οὔτε

1475 2707 1673 2773 βρώματι
1687 2706 1783 2753 οὔτε
1803 2707 1923 2770 ποτῷ
1940 2703 2047 2771 ᾤετο
2065 2706 2149 2750 δεῖν
2172 2706 2194 2750 ὁ
2211 2702 2376 2766 Ξέρξης
2394 2703 2481 2764 (sic
2505 2703 2697 2748 Ruhnk.
2721 2712 2768 2747 et

1469 2782 1721 2837 Valcken.;
1750 2782 1771 2826 ὃ
1793 2777 1835 2833 ἐξ
1861 2780 1999 2843 ἀρχῆς
2020 2779 2162 2834 libri;
2201 2778 2224 2822 ὃ
2259 2774 2302 2830 ἐξ
2326 2777 2466 2839 ἀρχῆς
2506 2771 2769 2837 βασιλεύσας

1473 2857 1647 2913 Toup.;
1674 2850 1808 2914 ᾤοντο
1838 2851 1922 2896 δεῖν
1948 2851 1986 2897 οἱ
2007 2848 2049 2904 ἐξ
2081 2851 2219 2913 ἀρχῆς
2243 2844 2436 2910 Coraes)
2459 2845 2555 2899 τοὺς
2581 2846 2771 2905 βασιλεῖς

1476 2927 1685 2989 χρῆσθαι·
1707 2922 1798 2969 ὅθεν
1825 2921 1899 2968 καὶΙ
1923 2921 2050 2983 νόμος
2069 2939 2131 2974 τις
2155 2918 2330 2984 ὕστερον
2351 2917 2531 2982 ἐγένετο.
2562 2915 2770 2979 Εἷσενέγ-

1474 3015 1628 3049 καντος
1655 2994 1739 3060 γάρ
1775 3012 1884 3041 ποτε
1922 2995 2006 3040 τῶν
2044 2988 2255 3055 εὐνούχων
2278 2989 2390 3044 τινὸς
2420 2992 2462 3037 ἓν
2488 2991 2572 3042 τοῖς
2610 2991 2772 3041 λοιποῖς

1476 3131 1520 3171 in
1562 3131 1660 3171 locis
1693 3128 1956 3170 vaticinantes
1997 3128 2116 3178 virgis
2149 3127 2330 3166 utuntur.
2367 3125 2470 3165 Dino
2510 3124 2611 3163 libro
2643 3123 2773 3174 primo

1477 3195 1601 3246 partis
1619 3193 1748 3234 tertiae
1774 3193 1908 3233 Medos
1936 3202 2098 3243 quoque
2124 3201 2259 3241 magos
2278 3189 2388 3240 virga
2407 3188 2614 3228 vaticinari
2636 3186 2770 3226 tradit.

1528 3338 1632 3378 Dino
1651 3340 1788 3377 Persas
1808 3335 2022 3385 Medosque
2044 3343 2180 3384 magos
2198 3333 2274 3372 sub
2299 3331 2392 3372 divo
2411 3341 2524 3370 sacra
2543 3330 2670 3370 faeere
2689 3329 2773 3379 ait,

1476 3402 1642 3442 deorum
1662 3400 1875 3441 simulacra
1890 3400 1973 3439 sola
1989 3398 2118 3448 ignem
2138 3398 2178 3436 et
2193 3406 2341 3447 aquam
2360 3396 2591 3435 statuentes.

2087 3472 2155 3512 11.

1530 3551 1635 3591 Dino
1681 3551 1722 3590 in
1765 3548 1933 3589 Persicis
1973 3548 2014 3586 et
2060 3548 2209 3597 Lyceas
2247 3544 2479 3586 Naucratita
2512 3543 2614 3582 libro
2654 3541 2775 3581 tertio

1478 3614 1804 3665 AEgyptiacorum
1822 3611 1971 3652 Nitetin
1992 3613 2097 3659 Cyro
2113 3609 2274 3649 missam
2290 3608 2388 3647 dicit
2417 3607 2469 3646 ab
2499 3605 2704 3654 Amaside,
2723 3616 2775 3644 ex

1477 3688 1602 3727 eaque
1624 3678 1764 3716 natum
1781 3686 1863 3715 esse
1879 3672 2132 3723 cambysem,
2149 3672 2218 3722 qui
2236 3673 2282 3711 ut
2305 3672 2476 3710 matrem
2500 3669 2776 3717 ulcisceretur,

1482 3742 1776 3792 expeditionem
1793 3739 1984 3780 adversus
2005 3737 2212 3788 AEgyptios
2233 3735 2482 3786 suscepisset.

1528 3882 1727 3932 Singulari
1770 3881 1811 3921 in
1851 3881 1979 3932 pretio
2019 3879 2272 3919 habebantur
2299 3876 2441 3917 Atticae
2468 3872 2632 3914 caricae.
2671 3870 2778 3910 Dino

1476 3945 1611 3995 itaque
1631 3945 1673 3989 in
1691 3945 1855 3985 Persicis
1869 3943 2007 3984 scribit
2040 3958 2049 3982 ε
2070 3958 2090 3976 α
2106 3940 2369 3991 Apponebant
2396 3946 2542 3976 mensae
2559 3933 2680 3983 regis,
2696 3932 2773 3982 pri-

1478 4008 1682 4048 mitiarum
1718 4008 1859 4056 instar,
1880 4016 2132 4057 quaecunque
2147 4003 2294 4043 cibaria
2318 4002 2394 4041 sert
2407 4002 2513 4039 terra
2541 3997 2638 4045 regis
2659 3997 2774 4045 pote-

1476 4072 1580 4111 state
1590 4072 1773 4122 subjecta
1795 4087 1804 4110 ;
1821 4070 2028 4121 peregrino
2042 4079 2139 4107 vero
2148 4076 2278 4116 neque
2293 4064 2382 4118 cibo
2396 4071 2525 4111 neque
2542 4061 2638 4110 potu
2661 4058 2779 4097 uten-

1476 4137 1574 4175 dum
1591 4135 1674 4187 regi
1689 4136 1842 4176 censuit
1859 4136 2012 4174 Xerxes
2034 4149 2043 4172 :
2068 4131 2175 4171 unde
2189 4130 2309 4169 etiam
2330 4126 2380 4166 ad
2395 4127 2573 4176 posteros
2597 4121 2694 4160 illud
2718 4123 2774 4159 in·

1477 4201 1663 4240 stitutum
1691 4198 1868 4238 duravit.
1886 4201 2020 4245 Quum
2048 4195 2155 4234 enim
2192 4190 2460 4231 eunoclioru'm
2481 4185 2642 4236 quidam
2671 4184 2777 4222 inter

13 4240 123 4333 ‘fs-'5:⁴3³'
170 4270 270 4328 Μεθ
287 4271 327 4312 et
347 4270 503 4322 Scythae
532 4269 736 4321 myrrhino
756 4267 1025 4308 vaticinantur
1045 4266 1165 4315 ligno.
1191 4268 1244 4304 Ac
1266 4262 1404 4303 multis
1482 4263 1635 4314 reliqua
1670 4262 1833 4302 bellaria
1867 4260 2018 4300 caricas
2043 4255 2286 4307 apposuisset
2317 4250 2492 4299 Atticas,
2521 4248 2779 4297 interrogavit
