3002 4646
165 336 257 367 vm

161 417 446 475 ἐπεὲουλεύθη
480 416 562 463 ὑπὸ
603 415 825 464 Ἀσκανίου
849 416 998 474 νήπιος
1028 416 1109 463 ὤν·
1130 416 1302 480 τραφεὶς
1324 414 1367 461 δὲ
1403 416 1446 460 ἐν

157 498 243 543 τοῖς
266 488 406 552 ὄρεσιν
437 488 520 536 ὑπό
545 507 671 535 τινων
707 487 942 553 βουκόλων,
973 486 1168 542 Σιλούιος
1196 487 1446 548 ὠνομάσθη,

157 565 242 607 τῶν
264 561 461 610 Λατίνων
485 560 535 608 τὸ
555 560 649 626 ὄρος
674 558 848 616 σιλούαν
874 559 1184 622 ὀνομαζόντων.

222 636 313 695 1V.
349 633 456 687 Ὅτι
475 632 675 694 Τήμενος
695 632 771 689 τὴν
801 632 992 697 Ἀργείαν
1019 633 1068 694 (ι)
1100 628 1248 694 λαχὼν
1275 627 1448 675 ἕνέὸαλε

158 705 270 768 μετὰ
293 710 368 764 τῆς
403 712 605 770 στρατιᾶς
643 707 692 767 (2)
722 707 779 759 εἷς
811 702 887 761 τὴν
919 707 1001 750 τῶν
1037 702 1254 763 πολεμίων
1279 700 1443 765 χώραν.

157 780 197 827 Χ
206 779 436 843 ρονίζοντος
457 777 501 825 δὲ
533 783 606 826 τοῦ
638 776 856 839 πολέμου,
883 776 979 830 τοὺς
1002 775 1078 836 μὲν
1106 772 1218 828 υἱοὺς
1238 776 1284 820 οὐ
1309 776 1444 836 προῆ-

155 869 227 910 γεν
255 851 325 898 ε’πι
356 870 431 908 της
458 852 506 911 (3)
529 849 773 914 ἡγεμονίας,
802 849 872 895 τὸν
905 848 948 895 δὲ
973 853 1049 906 τ’ῆς
1073 845 1280 910 θυγατρὸς
1311 844 1445 906 ἄνδρα

156 922 397 987 Δηιφόντην
442 922 723 987 διαφερόντως
753 917 1116 993 ἇποδεχόμενος”
1094 936 1270 971 ετασσεν
1301 917 1391 979 (4)’
1373 935 1444 962 επι

154 994 230 1048 τὰς
255 995 596 1059 ἐπιφανεστάτας
619 992 808 1058 πράξεις.
883 992 979 1056 Ἐφ’
1000 995 1059 1044 οἷς
1090 992 1126 1036 οἱ
1148 989 1294 1041 παῖδες
1315 989 1443 1034 αὐτου

155 1069 547 1130 διαγανακτοῦντες,
578 1069 787 1119 Κεῖσος5
753 1067 787 1127 (5
790 1067 802 1127 )
829 1064 901 1112 καὶ
922 1063 1157 1123 Φάλκης(6
1160 1062 1172 1123 )
1193 1081 1265 1107 και
1295 1058 1439 1124 Κερύ-

153 1158 241 1197 νης,
284 1138 517 1196 ἐπιὸουλῆν
554 1137 666 1189 κατὰ
709 1142 782 1192 τοῦ
818 1134 977 1200 πατρὸς
1013 1132 1330 1189 συνεστήσαντο
1373 1130 1442 1177 διά

152 1231 277 1258 τινων
304 1213 354 1273 (7)
373 1210 639 1275 κακούργων,
658 1207 698 1255 οἳ
714 1207 953 1260 πεισθέντες
971 1205 1051 1251 ὑπὸ
1067 1203 1227 1251 τούτοιν
1245 1202 1444 1267 ἐνήδρευ-

153 1303 233 1330 σαν
258 1283 328 1330 τὸν
356 1283 550 1345 Τήμενον
590 1281 708 1345 παρά
747 1300 840 1327 τινα
879 1277 1096 1340 ποταμόν·
1142 1275 1216 1323 καὶ
1240 1279 1442 1341 φονεῦσαι

154 1359 231 1418 μὲν
252 1358 328 1404 οὐκ
345 1355 639 1414 ἠδυνήθησαν,
659 1351 1141 1419 κατατραυματίσαντες
1154 1350 1198 1396 δὲ
1219 1351 1274 1402 εἷς
1301 1346 1441 1414 φυγὴν

152 1429 378 1493 ὥρμησαν.

217 1503 277 1550 V.
317 1499 422 1547 ‘'Oi-r
467 1499 645 1564 Ἀργεῖοι
693 1497 834 1545 πολλὰ
863 1494 1244 1553 κακοπαθήσαντες
1289 1495 1332 1540 ἐν
1380 1495 1441 1540 τῶ

151 1573 330 1638 πολέμῳ
360 1576 419 1636 τῷ
463 1591 567 1636 προς
614 1569 976 1632 Λακεδαιμονίους
1024 1567 1133 1630 μετὰ
1171 1586 1244 1614 του
1277 1569 1439 1613 ἑαυτῶν

153 1646 383 1722 βασιλέως,
410 1663 483 1690 και
504 1646 590 1696 τοῖς
610 1642 783 1706 Ἀρκάσι
803 1641 876 1695 τὰς
897 1641 1105 1704 πατρίδας
1128 1637 1441 1697 ἀποκαταστή-

151 1737 316 1775 σαντες,
345 1716 584 1781 ἐμέμφοντο
614 1714 684 1761 τὸν
710 1713 892 1779 βασιλέα
917 1712 986 1760 διὰ
1009 1711 1057 1759 τὸ
1081 1712 1159 1770 τὴν
1187 1711 1335 1777 χώραν
1357 1713 1441 1758 αὖ·

149 1793 233 1836 τῶν
259 1787 572 1836 ἀποδεδωκέναι
592 1788 677 1841 τοῖς
699 1786 902 1879 φυγάσιν,
918 1784 1030 1832 ἀλλὰ
1052 1785 1112 1848 μὴ
1140 1785 1280 1851 σφίσιν
1301 1803 1439 1831 κατα-

148 1864 461 1927 κληρουχῆσαι.
480 1860 776 1914 Συστάν’τος
740 1880 760 1907 ο
796 1862 862 1906 ἐπ’
876 1858 1001 1906 αὐτὸν
1021 1878 1094 1906 του
1109 1858 1262 1921 δήμου,
1279 1855 1440 1911 καιτὰς

146 1941 295 1999 χεῖρας
305 1933 651 1995 ἀπονενοημένοις
668 1952 828 1998 προσφε
836 1952 995 1993 ροντος,
988 1932 1167 2007 ἔφυγεν
1182 1933 1240 1985 εἷς
1253 1930 1436 1994 Τέγεαν,

147 2008 270 2054 κᾶκει
293 2005 496 2053 διετέλεσε
515 2004 751 2067 τιμώμενος
771 2005 851 2052 υπὸ
868 2007 952 2052 τῶν
968 2008 1011 2050 εὖ
1034 2004 1271 2051 παθόντων.

806 316 885 363 ΕΚ
924 308 1048 364 ΤΗΣ
1086 315 1378 364 ΙΣΤΟΡΙΑΣ
1414 312 1730 372 ΔΙΟΔΩΡΟΥ
1767 308 2162 375 ΣΙΚΕΛΙῼΤΟΥ.

1520 417 1686 456 Ascanio
1709 415 1859 455 insidiae
1895 416 2059 454 structae
2088 414 2194 453 sunt.
2247 416 2376 460 Quam
2410 415 2462 453 ob
2492 425 2575 454 rem
2610 427 2735 465 quum
2774 417 2815 458 in

1523 488 1720 526 montibus
1735 498 1758 525 a
1778 485 2003 536 pastoribus
2022 485 2259 535 quibusdam
2273 487 2532 537 enutriretur,
2549 487 2657 528 Silvii
2672 500 2814 528 nomen

1521 559 1556 598 ei
1569 558 1738 598 inditum
1759 559 1840 608 est;
1858 568 1950 596 nam
1974 557 2153 596 montem
2179 558 2308 609 Latini
2325 558 2482 598 silvam
2505 559 2658 599 dicunt.
2825 605 2840 618 ·.

1571 633 1639 671 Ν.
1670 624 1866 676 Temenus
1888 631 2073 681 Argivam
2092 630 2290 681 regionem
2311 634 2416 671 sorte
2438 635 2579 672 nactus
2593 643 2687 674 cum
2705 645 2818 685 exer·

1519 715 1600 755 citu
1622 715 1660 754 in
1690 715 1864 756 hostium
1886 716 2034 755 terram
2053 714 2213 756 invasit.
2232 718 2281 757 Et
2295 728 2421 766 quum
2441 717 2511 757 diu
2526 718 2676 759 bellum
2698 719 2818 761 duce·
2857 757 2862 769 ἲ

1517 803 1643 851 retur,
1663 801 1764 841 filios
1783 811 1876 841 suos
1896 812 1978 840 non
1992 802 2254 852 promovebat
2272 802 2323 842 ad
2341 802 2505 854 imperia
2523 805 2708 845 militaria
2720 835 2732 855 ,
2748 806 2816 846 sed

1517 888 1610 938 tiliae
1642 887 1831 934 maritum
1862 887 2130 947 Deiphontem
2163 889 2351 939 singulari
2370 891 2578 940 amplexus
2599 892 2736 931 favore
2751 903 2818 942 ge·

1516 975 1648 1017 rendis
1665 976 1782 1016 rebus
1801 976 1969 1016 summis
1983 976 2238 1027 praeficiebat.
2293 978 2409 1024 Quod
2429 989 2533 1029 aegre
2558 979 2728 1019 serentes
2748 978 2818 1027 11111

1517 1073 1638 1112 prava
1654 1063 1792 1106 contra
1811 1064 1964 1112 patrem
1985 1062 2149 1102 consilia
2168 1063 2363 1112 inierunt,
2387 1074 2515 1114 eaque
2533 1065 2710 1104 exsecuti
2724 1067 2818 1109 sunt

1516 1159 1636 1198 opera
1653 1148 1928 1188 maleficorum
1943 1148 2196 1198 quorundam
2209 1178 2221 1195 ,
2233 1149 2303 1200 qui
2319 1150 2496 1200 persuasi
2509 1149 2560 1189 ab
2584 1149 2660 1190 illis
2676 1153 2819 1191 Teme-.

1516 1247 1614 1287 num
1649 1235 1697 1274 ad
1725 1235 1893 1280 fluvium
1936 1234 2069 1274 nescio
2106 1246 2227 1285 quem
2258 1215 2313 1275 ex*
2343 1235 2494 1276 insidiis
2519 1236 2816 1287 aggrediuntur.

1515 1326 1666 1371 Verum
1683 1321 1868 1361 occidere
1893 1332 1971 1361 non
1993 1322 2231 1384 potuerunt,
2247 1322 2316 1362 sed
2341 1323 2521 1372 saucium
2551 1324 2822 1375 relinquentes

1522 1409 1564 1454 in
1585 1409 1716 1459 sugam
1741 1419 1782 1448 se
1809 1408 1968 1448 dedere.

1565 1498 1616 1536 V.
1639 1494 1770 1546 Argivi
1797 1494 1904 1535 bello
1921 1495 2061 1534 contra
2091 1493 2413 1536 Lacedaemonios
2429 1496 2539 1546 gesto
2568 1497 2698 1536 multa
2725 1508 2821 1545 cum

1514 1596 1605 1635 rege
1620 1595 1693 1624 suo
1713 1583 1886 1634 perpessi
1898 1595 2024 1634 quum
2041 1583 2261 1623 Arcadibus
2269 1583 2416 1634 patrias
2436 1594 2526 1623 suas
2541 1585 2818 1634 restituissent,

1515 1670 1854 1722 reprehendebant
1865 1681 2014 1720 regem,
2030 1669 2138 1720 quod
2153 1669 2354 1720 regionem
2370 1670 2554 1711 exulibus
2565 1670 2815 1722 reddidisset,

1513 1730 1587 1795 nec
1603 1755 1708 1794 inter
1731 1754 1835 1805 ipsos
1847 1755 1952 1794 sorte
1968 1753 2243 1805 distribuisset.
2261 1755 2360 1794 Dein
2373 1757 2635 1806 consurgente
2661 1756 2701 1796 in
2724 1768 2819 1805 eum

1512 1838 1769 1889 multitudine
1812 1850 1859 1879 ac
1877 1850 2021 1887 manus
2047 1839 2254 1880 dementer
2283 1839 2499 1891 inferente,
2534 1843 2704 1891 Tegeam
2747 1853 2820 1892 ren

1511 1925 1679 1976 aufugit,
1692 1925 1826 1976 ibique
1844 1925 1968 1968 vitam
1984 1925 2090 1976 degit
2112 1925 2332 1970 honoratus
2350 1925 2401 1965 ab
2421 1925 2467 1965 iis
2482 1937 2582 1976 quos
2597 1926 2679 1977 ipse
2691 1926 2811 1966 bene-⁴

1511 2010 1610 2051 ficiis
1631 2011 1831 2051 affecerat.

147 2145 305 2188 monce,
325 2143 439 2183 unde
455 2146 496 2182 et
513 2154 659 2182 nomen
677 2143 898 2192 eifaccum
914 2143 1074 2182 Silvius
1090 2142 1143 2182 de
1163 2144 1337 2182 nomine
1349 2144 1506 2183 montis
1521 2141 1802 2186 Sabinorum,
1819 2144 1891 2182 cui
1911 2143 2032 2182 Silva
2047 2152 2197 2183 nomen
2214 2145 2324 2183 erac.
2343 2145 2388 2183 In
2404 2142 2549 2193 quibus
2563 2143 2684 2182 Silva
2698 2153 2820 2184 mons·

146 2200 311 2240 debetur
334 2202 481 2240 homini
509 2202 693 2241 Armenio
714 2205 851 2241 Graeca
877 2201 1032 2241 Eusebii
1052 2200 1161 2240 haud
1188 2201 1295 2240 recte
1311 2199 1566 2251 intelligenti,
1598 2201 1642 2239 ut
1661 2200 1796 2240 monet
1814 2199 1957 2250 Majus.
1993 2200 2054 2240 Cf.
2077 2199 2213 2241 Livius
2228 2202 2270 2250 1,
2294 2206 2332 2241 3.
2354 2202 2542 2240 Ceterum
2561 2211 2626 2251 ap.
2651 2199 2816 2240 Diodor.

150 2261 247 2309 Yll,
270 2265 290 2298 3
312 2260 489 2313 addenda
508 2263 618 2299 erant
636 2260 754 2298 verba
774 2259 933 2299 Eusebii
952 2275 961 2298 ε
988 2263 1025 2299 Ε
1044 2261 1220 2310 septimo
1238 2257 1415 2298 Diodori
1434 2258 1557 2298 libro.

197 2321 263 2357 Ν.
294 2318 382 2358 Fol.
408 2322 547 2364 179,,19
573 2340 620 2345 --
648 2322 695 2357 28
718 2328 757 2357 v.
784 2317 929 2356 Eadem
951 2319 1096 2368 praeter
1112 2316 1396 2367 Apollodorum
1413 2315 1498 2365 (Π,
1518 2320 1564 2366 8,
1579 2316 1680 2366 5)et
1701 2315 1936 2356 Pausaniam
1955 2317 2046 2367 (11,
2060 2320 2130 2366 19,
2151 2319 2188 2357 1.
2209 2322 2282 2367 26,
2300 2317 2350 2367 2)
2371 2317 2507 2358 narrat
2525 2317 2712 2358 Nicolaus
2737 2320 2817 2358 Da·

147 2388 267 2418 masc.
295 2377 334 2415 in
357 2380 452 2416 Exc.
479 2381 538 2416 De
557 2376 705 2416 insidiis
725 2377 793 2415 t'ol.
813 2381 884 2425 78,
905 2380 928 2416 4
953 2379 997 2416 R.
1022 2376 1111 2415 cod.
1134 2377 1326 2416 Escorial.
1346 2391 1356 2415 :
1381 2376 1470 2414 Ὅτι
1494 2376 1664 2425 Τήμενος
1683 2375 1760 2414 ὑπὸ
1787 2378 1864 2414 τῶν
1885 2376 2022 2414 ἑαυτοῦ
2052 2375 2202 2414 παίδων
2230 2376 2394 2415 ἀπέθανε
2423 2376 2487 2415 διὰ
2506 2376 2631 2416 αἰτίαν
2653 2375 2816 2425 τοιάνδε.

147 2435 274 2475 Ἦσαν
292 2436 394 2486 αὐτῷ
410 2437 584 2486 τέτταρες
604 2437 694 2479 υἱεῖς
706 2465 716 2483 ,
738 2435 914 2487 Κράσσος
936 2435 948 2484 (
963 2435 1045 2486 sic)
1066 2436 1132 2474 καὶ
1154 2435 1311 2481 Φάλκης
1328 2435 1394 2473 καὶ
1412 2435 1584 2484 Κορυνής
1606 2432 1688 2483 (sic
1704 2432 1718 2482 )
1739 2433 1804 2471 καὶ
1825 2432 1971 2481 Ἀγαῖος
1983 2461 1993 2479 ,
2012 2433 2177 2484 θυγάτηρ
2194 2434 2234 2473 δὲ
2252 2434 2423 2484 τοῦνομα
2440 2434 2610 2485 Ὑρνηθὼ
2635 2435 2820 2485 (ὠρνηθὼ,

144 2492 233 2531 (rod.
249 2496 280 2540 ),
298 2493 428 2539 ἥντινα
445 2493 563 2531 ἔδωκε
575 2496 737 2542 γυναῖκα
755 2492 943 2542 Δηιφόντῃ
965 2493 977 2541 (
993 2492 1173 2543 Δηιφόντι
1190 2492 1281 2532 cod.
1297 2493 1311 2542 )
1329 2495 1386 2543 τῷ
1402 2490 1630 2543 Ἀντιμάχου
1653 2494 1722 2530 τοῦ
1741 2490 2010 2541 Θρασυάνορος
2026 2494 2095 2530 τοῦ
2107 2491 2342 2538 Κτησίππου
2358 2495 2427 2530 τοῦ
2443 2491 2691 2542 Ἡρακλέους.
2709 2493 2816 2542 Στέρ·

144 2566 222 2600 γων
236 2551 300 2589 οὖν
317 2551 456 2596 ταύτην
473 2553 538 2589 καὶ
551 2552 618 2603 τὸν
635 2552 804 2601 γαμὸρὸν
817 2551 914 2589 πολὺ
933 2552 1075 2601 μᾶλλον
1093 2550 1164 2601 [ἢ]
1185 2551 1273 2596 τοὺς
1290 2553 1383 2595 υἱεῖς
1403 2550 1469 2589 καὶ
1487 2551 1541 2595 εἰς
1558 2548 1711 2588 ἅπαντα
1726 2549 1921 2600 χρώμενος
1940 2549 2108 2588 διετέλει.
2130 2549 2216 2588 Ἐπὶ
2233 2549 2358 2600 τούτῳ
2377 2550 2517 2598 (τοῦτο
2537 2549 2625 2588 cod.
2641 2550 2654 2598 )
2672 2551 2710 2589 οἱ
2729 2562 2818 2588 νεαη

145 2610 267 2647 νίσκοι
290 2610 432 2659 βαρέως
450 2609 618 2659 φέροντες
638 2608 782 2659 ἐξεῦρον
798 2608 1034 2658 κακούργους
1054 2608 1293 2659 ἀνθρώπους,
1310 2605 1431 2660 [οὓς]
1449 2607 1511 2646 ἐπὶ
1525 2608 1651 2658 μισθῷ
1671 2607 1828 2646 ἔπεισαν
1845 2607 1909 2646 τὸν
1930 2608 2104 2657 Τήμενον
2121 2607 2282 2647 ἀνελεῖν.
2300 2607 2450 2655 Ἀγαῖος
2467 2608 2507 2647 δὲ
2528 2610 2549 2646 ὁ
2563 2608 2752 2652 νεώτατος
2772 2609 2822 2649 οὐ.

147 2667 300 2716 μετεῖχε
318 2670 385 2704 τοῦ
415 2667 686 2717 βουλεύματος.
706 2667 782 2705 Καὶ
804 2669 839 2705 οἱ
867 2667 933 2716 μὲν
960 2667 1025 2706 τὸν
1046 2666 1243 2717 ἄνθρωπον
1264 2665 1470 2717 λουόμενον
1496 2666 1603 2717 παρὰ
1625 2666 1692 2705 τὸν
1723 2666 1898 2717 ποταμὸν
1918 2666 1956 2705 ἐν
1978 2665 2117 2717 ἐρημίᾳ
2143 2665 2389 2711 ἐπιπεσόντες
2415 2668 2482 2705 καὶ
2501 2667 2820 2718 κατατρώσαντες

143 2725 316 2771 εκποδὼν
334 2725 518 2773 ἐγένοντο,
536 2726 588 2763 ἔτι
606 2727 728 2768 ζῶντα
746 2725 820 2764 ὑπὸ
837 2725 996 2775 θορύὸου
1027 2724 1316 2773 καταλιπόντες,
1351 2726 1435 2764 κτλ.
1454 2723 1537 2763 Vix
1553 2723 1721 2762 dubium
1741 2725 1837 2773 quin
1853 2734 1902 2762 ex
1918 2723 2059 2763 eodem
2077 2725 2186 2764 fonte
2201 2723 2406 2763 hauserint
2426 2724 2625 2764 Diodorus
2639 2725 2680 2764 et
2699 2724 2817 2763 Nico-

147 2784 245 2822 laus.
269 2786 382 2822 Hunc
411 2793 504 2820 vero
526 2782 564 2819 in
587 2782 811 2821 narratione
828 2782 878 2821 de
894 2783 1112 2821 Heraclidis
1130 2783 1445 2832 Peloponnesum
1462 2781 1749 2832 occupantibus
1764 2781 1928 2832 Ephori
1945 2782 2108 2831 vestigia
2125 2783 2255 2832 legere
2274 2793 2326 2822 ex
2341 2781 2428 2821 aliis
2447 2782 2677 2832 fragmentis
2694 2784 2816 2833 patet.

150 2836 328 2880 Laudato
356 2839 498 2889 Ephori
522 2840 682 2878 nominc
705 2839 845 2879 Strabo
866 2843 956 2880 Vlll
969 2871 979 2890 ‚
997 2851 1036 2890 p.
1058 2845 1133 2881 389
1154 2857 1163 2879 :
1186 2841 1342 2892 Ἄργους
1362 2841 1403 2879 δὲ
1425 2841 1597 2891 Τήμενον
1613 2842 1772 2880 καὶτῶν
1795 2842 1880 2891 περὶ
1900 2841 1969 2887 τήν
1987 2841 2123 2888 Ἀκτήν
2156 2841 2300 2888 Ἀγαῖον
2321 2842 2386 2880 καὶ
2404 2841 2616 2890 Δηιφόντην
2634 2842 2648 2891 (
2663 2852 2719 2881 sc.
2740 2856 2819 2891 κτι-

144 2901 237 2952 οζτὰς
255 2899 350 2937 εἶναι
368 2898 527 2947 Ἔφορος
540 2898 612 2945 ,1ἰ·.
639 2903 704 2946 16,
720 2899 819 2948 λέγει
834 2900 972 2946 >.-1.
997 2899 1031 2938 'A
1044 2911 1123 2949 ργε
1138 2898 1241 2950 ίαν]
1262 2899 1398 2950 ἀργίαν
1412 2898 1502 2938 cod.
1519 2921 1570 2927 —
1589 2905 1624 2941 2.
1642 2913 1792 2951 στρατ
1807 2898 1907 2950 ιᾶς]
1931 2899 2129 2950 στρατείας
2154 2899 2295 2939 codex.
2316 2901 2384 2946 τήν
2404 2900 2599 2951 πολεμίων
2613 2901 2744 2952 χώραν
2760 2901 2815 2940 in·

146 2956 275 3006 tellige
291 2966 378 2994 eam
393 2954 582 3002 Argolidis
598 2957 771 3004 partem,
790 2967 908 3004 quam
925 2956 1101 2995 nondum
1118 2957 1354 3006 subegerant
1376 2956 1596 2997 Dorienses.
1613 2979 1665 2987 —-—
1678 2963 1714 2997 3.
1733 2982 1784 2990 —
1801 2957 1877 2996 ἐπὶ
1900 2961 1953 3003 τῆ
1967 2956 2006 3008 ς]
2019 2957 2156 2996 ιιι311ιιι
2166 2957 2224 2996 ἐπὶ
2245 2957 2330 3002 τὰς.
2351 2982 2400 2990 -
2418 2961 2455 2997 4.
2477 2957 2630 2997 ἔτασσ
2643 2972 2660 2997 ε
2673 2959 2708 3010 ν]
2730 2961 2815 3000 ἔτα-

144 3029 210 3055 σεν
227 3015 313 3054 cod.
318 3022 403 3054 -5.-
423 3016 454 3053 Κ
467 3017 596 3057 εῖσος
608 3012 738 3062 ]νίσος
755 3015 894 3054 (odex.
915 3015 1174 3054 Scribendum
1191 3017 1261 3054 aut
1276 3018 1414 3060 Κεῖσος
1426 3017 1496 3054 aut
1511 3017 1656 3062 Κίσσος
1671 3017 1740 3055 aut
1752 3018 1884 3061 Κῖσος.
1897 3015 2002 3055 lllud
2015 3015 2121 3065 apud
2139 3018 2343 3066 Nostrum,
2363 3030 2374 3054 ι
2392 3017 2432 3056 et
2451 3029 2483 3055 ει
2501 3016 2631 3056 ubivis
2646 3020 2816 3058 confun-

145 3072 321 3118 dentem,
338 3071 446 3121 posui
465 3082 514 3108 ex
530 3072 763 3109 auctoritate
781 3072 984 3112 Pausaniae
1001 3075 1054 3121 ll,
1079 3077 1145 3121 19,
1176 3077 1209 3112 1.
1231 3078 1295 3122 26,
1314 3079 1351 3112 2.
1373 3078 1448 3123 28,
1470 3080 1491 3113 3
1509 3074 1607 3125 (ubi
1623 3085 1726 3113 unus
1741 3074 1827 3113 cod.
1847 3074 2000 3122 κισός).
2019 3073 2134 3124 Apud
2154 3074 2325 3114 eundem
2346 3077 2409 3124 11,
2438 3080 2508 3125 12,
2535 3080 2557 3114 6
2586 3075 2678 3115 libri
2711 3088 2818 3127 prae-

147 3127 556 3176 1)(ιιιῐκάσον;5ῐι·3ἱιο
581 3131 633 3175 X,
652 3139 690 3177 p.
717 3132 818 3168 481:
840 3130 1009 3172 Κίσσου;
1033 3129 1231 3170 Diodorus
1249 3142 1314 3180 ap.
1332 3134 1384 3181 Sy
1388 3132 1504 3171 neell.
1525 3143 1564 3182 p.
1583 3137 1674 3182 262,
1692 3134 1754 3173 C.
1772 3132 1938 3173 Κισσίου
1951 3131 1964 3182 (
1978 3134 2101 3171 Κισοῦ
2115 3131 2203 3172 cod.
2235 3132 2388 3181 Paris.)
2410 3136 2479 3171 τοῦ
2510 3133 2709 3182 Τημένου;
2726 3137 2820 3185 Scy-

145 3198 263 3225 mnus
280 3186 399 3226 Chius
420 3190 521 3224 531:
545 3184 696 3238 Κρίσων
713 3185 752 3223 in
767 3186 854 3225 cod.
880 3175 1060 3235 Ρ3ι151ιι.,
1080 3198 1152 3236 pro
1179 3199 1260 3237 quo
1280 3189 1427 3228 Κίσσον
1442 3191 1701 3240 reposuerunt
1723 3189 1907 3239 editores,
1934 3200 2176 3240 quamquam
2193 3190 2435 3240 probabilius
2457 3189 2507 3228 sit
2519 3203 2553 3240 ρι
2577 3191 2712 3230 ortum
2735 3202 2818 3233 esse

145 3257 193 3291 cx
214 3245 408 3294 scriptura
427 3242 654 3291 diphthongi
678 3256 724 3280 ει.
748 3243 930 3283 Nicolaus
952 3248 1131 3284 Damasc.
1158 3245 1184 3284 1.
1214 3246 1240 3285 l.
1264 3246 1464 3297 Κράσσος,
1489 3248 1554 3287 sed
1579 3247 1621 3287 in
1639 3247 1895 3298 sequentibus
1913 3247 2056 3299 legitur
2084 3248 2248 3289 Κίσσον.
2285 3248 2402 3299 Apud
2422 3248 2661 3297 Theognost.
2680 3260 2720 3299 p.
2744 3253 2817 3300 72,

152 3309 197 3342 16
216 3302 318 3342 inter
334 3300 493 3340 nomina
509 3300 547 3338 in
561 3303 643 3344 ἴσος
659 3300 799 3349 legitur
816 3302 968 3351 Κίνσον,
986 3314 1057 3353 pro
1074 3315 1153 3353 quo
1176 3307 1294 3344 Κῖσον
1309 3306 1382 3355 leg.
1402 3316 1485 3345 esse
1500 3308 1636 3349 monet
1656 3309 1705 3346 G.
1726 3305 1903 3346 Dindort'.
1923 3307 1965 3345 in
1981 3307 2039 3346 st.
2060 3307 2177 3346 Thes.
2197 3318 2236 3346 v.
2254 3309 2409 3352 Κεῖσος.
2428 3305 2545 3356 Apud
2563 3309 2728 3347 Pausan.
2747 3310 2817 3357 Ν,

120 3362 122 3364 ’
148 3366 196 3409 3,
217 3367 239 3400 8
257 3363 395 3410 p.175
414 3358 477 3397 cd
510 3357 639 3396 Didot.
662 3358 803 3407 legitur
831 3376 840 3398 ε
864 3361 1034 3411 Ἴσθμιος
1061 3362 1272 3412 (Κίσσιος)
1293 3365 1313 3402 ὁ
1336 3363 1526 3414 Τημένου.
1549 3363 1721 3414 Longius
1735 3363 1786 3402 ab
1805 3363 1866 3402 his
1881 3363 2066 3402 omnibus
2082 3362 2232 3402 recedit
2257 3362 2521 3413 Apollodorus
2541 3364 2672 3411 11,8,
2698 3369 2745 3410 5,
2771 3369 2818 3413 3,

146 3418 216 3469 qui
238 3417 399 3459 'scnicni
421 3416 521 3454 filios
541 3420 745 3455 recenset.-
766 3418 940 3467 Ἇγέ)αον
960 3421 1024 3458 καὶ
1048 3421 1268 3471 Εὐρύπυλον
1289 3424 1354 3461 καὶ
1373 3422 1555 3463 Καλλίαν.
1577 3425 1679 3468 Quae
1694 3433 1745 3462 ex
1760 3422 1986 3463 Temenidis
2005 3421 2200 3473 Euripidis
2221 3420 2345 3472 petita
2363 3431 2448 3460 esse
2471 3421 2696 3470 suspicatur
2713 3423 2818 3461 Miil-

148 3479 254 3515 ierus
271 3479 366 3514 Dor.
383 3477 414 3522 l,
430 3484 465 3523 p.
486 3477 549 3513 79.
569 3474 631 3512 Cf.
652 3473 756 3515 idem
774 3478 819 3515 AE
822 3476 941 3525 ginet.
958 3487 996 3526 p.
1017 3481 1080 3518 40.
1095 3480 1210 3529 Apud
1227 3481 1368 3530 Hygin
1382 3481 1461 3520 131).
1482 3481 2097 3532 124cor1uptele⁰1tur0lycus
2122 3478 2334 3528 Temenis.
2339 3485 2431 3518 -6.
2445 3478 2817 3529 Φάλκης]φαλκῆς

148 3536 211 3575 ναὶ
235 3537 391 3583 κερυνῆς
420 3530 560 3571 codex
592 3533 743 3570 Nomen
765 3534 930 3583 Κερύνης
950 3534 1070 3578 habet
1093 3538 1212 3586 etiam
1234 3539 1445 3578 Pausanias
1462 3540 1520 3588 11,
1538 3543 1613 3590 28,
1635 3543 1685 3589 3;
1714 3541 1873 3591 κορυνὴς
1892 3539 1980 3584 cod.
2006 3538 2156 3579 Nicolai
2180 3538 2206 3578 l.
2225 3538 2250 3577 l.
2277 3539 2474 3582 Quartum
2496 3537 2622 3577 filium
2644 3538 2656 3576 1
2649 3537 2822 3587 Ἀγαῖον

149 3594 293 3630 meant
313 3590 497 3630 Nicolaus
512 3591 551 3628 et
581 3590 739 3635 Strabo,
769 3591 835 3630 ubi
863 3594 1037 3633 Cramer.
1061 3596 1216 3646 scripsit
1238 3597 1406 3648 Ἀγραῖον
1423 3608 1445 3637 e
1464 3599 1656 3641 Pausania
1681 3601 1740 3646 ll,
1759 3604 1830 3648 28,
1851 3604 1899 3647 3,
1915 3599 2092 3648 Ἀγέλαον
2109 3596 2395 3647 Apollodorus,
2414 3594 2524 3646 quod
2545 3605 2690 3634 nomen
2717 3596 2815 3635 Mei·

150 3651 290 3702 nekius
314 3649 461 3699 recepit
496 3648 534 3687 in
555 3651 713 3698 Scymn.
740 3651 883 3690 Chium
909 3657 1005 3702 533,
1028 3655 1094 3693 ubi
1119 3656 1245 3696 codex
1266 3657 1445 3707 Ἀγανόν)
1472 3668 1552 3696 non
1579 3656 1758 3697 nominat
1781 3655 1980 3698 Diodorus
1997 3656 2135 3704 utpote
2158 3652 2416 3692 consiliorum
2451 3662 2531 3690 non
2558 3651 2815 3702 participem,

152 3711 321 3754 testante
342 3708 518 3748 Nicola0.
543 3707 728 3747 similiter
744 3709 793 3747 ab
810 3709 877 3749 illo
897 3710 1093 3761 facinore,
1116 3714 1223 3762 quod
1244 3717 1376 3763 postea
1396 3715 1436 3754 in
1464 3714 1759 3764 Hyrnethonem
1778 3711 2004 3754 'lemenidae
2023 3710 2329 3757 commiserunt,
2351 3714 2510 3759 Agraeus
2525 3719 2566 3747 se
2581 3708 2822 3749 abstinuisse

151 3769 296 3808 dicitnr
319 3778 382 3817 ap.
404 3769 568 3805 Pausan.
593 3768 653 3813 ll,
675 3771 745 3816 28,
765 3773 797 3805 3.
816 3790 867 3796 -
891 3774 928 3809 7.
952 3770 1030 3810 διά
1056 3786 1197 3816 τινων
1218 3773 1544 3824 κακουργων]
1571 3771 1819 3811 Confirmant
1842 3770 1929 3811 haec
1948 3766 2244 3820 quodammodo
2274 3751 2389 3806 Fabri
2410 3765 2728 3806 emendationem
2752 3777 2815 3818 ap.

152 3825 377 3875 apollodor.
395 3825 420 3863 Ι.
437 3824 480 3871 1.,
503 3824 603 3862 ubi.
594 3839 602 3847 ·
629 3795 692 3863 6⁹02
695 3840 712 3862 ν
730 3827 766 3864 οἱ
789 3827 917 3871 παῖδες
935 3828 1107 3868 πείθουσι
1132 3834 1293 3876 Τιτᾶνας
1313 3832 1438 3881 (τινὰς
1459 3833 1554 3872 lab.
1570 3830 1583 3880 )
1602 3830 1662 3871 ἐπὶ
1681 3830 1805 3879 μισθῷ
1824 3829 1890 3868 τὸν
1905 3829 2052 3879 πατέρα
2071 3827 2196 3866 αὐτῶν
2212 3839 2405 3877 φονευσαι.

203 3885 249 3922 V
279 3881 374 3921 Fol.
403 3884 491 3927 179,
513 3884 560 3919 28
588 3890 628 3919 υ
654 3902 705 3909 ——
729 3886 821 3929 180,
839 3886 860 3921 4
890 3894 927 3922 r.
946 3887 1111 3931 —Que
1128 3886 1169 3925 h.
1202 3888 1228 3926 1.
1247 3891 1456 3927 narrantur
1475 3888 1524 3928 ‹le
1547 3888 1703 3938 regione
1726 3886 1944 3933 Arcadibus
1964 3885 2014 3935 (a
2032 3883 2366 3933 Lacedaemoniis)
2390 3882 2574 3933 adempta
2590 3883 2630 3922 et
2664 3881 2819 3932 (quum

150 3940 253 3979 bello
279 3941 416 3978 contra
438 3941 468 3979 Ι
471 3939 600 3978 aceda
606 3940 756 3978 monios
778 3944 885 3989 gesto
909 3942 948 3980 in
974 3943 1207 3992 Argivorum
1223 3947 1458 3994 potestatem
1493 3946 1691 4001 venisset)
1716 3944 1900 3990 exulibus
1918 3942 2139 3984 Arcadibus
2178 3942 2358 3981 restituta
2373 3941 2423 3980 ab
2439 3951 2529 3989 rege
2546 3940 2811 3990 Argivorum,

149 3997 219 4048 qui
243 3998 450 4048 propterea
473 3997 530 4036 ira
553 3997 685 4046 populi
712 4009 920 4048 oppressus
942 4003 1111 4050 Tegeam
1141 4003 1321 4052 aufugit,
1352 4004 1513 4044 aliunde
1534 4015 1616 4046 non
1642 4004 1817 4053 constat,
1835 4004 2030 4054 quantum
2053 4000 2237 4052 equidem
2258 3999 2350 4039 scio,
2381 3998 2622 4038 paucissima
2638 3998 2706 4038 illa
2723 4009 2819 4048 qua.

152 4056 361 4095 traduntur
388 4056 437 4095 de
460 4054 571 4096 bellis
593 4055 668 4094 sub
693 4058 1133 4107 Euryponte,1.abota,
1163 4060 1348 4100 Cliaiilao
1368 4063 1408 4100 et
1430 4061 1628 4102 Nicandro
1650 4060 1806 4111 regibus
1834 4071 1856 4099 3
1885 4058 2191 4107 Lacedaemoniis
2219 4059 2356 4097 contra
2395 4056 2558 4105 Argivos
2582 4057 2621 4095 et
2647 4055 2817 4095 Arcades

150 4115 267 4163 gestis
295 4114 385 4154 vide
407 4125 471 4165 ap.
501 4112 658 4155 Miiller.
675 4118 771 4154 Dor.
835 4126 903 4166 p.
934 4119 999 4155 154
1026 4128 1085 4167 sq.
1110 4120 1287 4157 lortasse
1308 4119 1425 4158 ctiam
1443 4120 1493 4158 ad
1512 4119 1660 4159 seriora
1675 4121 1855 4168 tempora
1871 4117 1975 4156 resl.
1995 4116 2020 4155 1.
2037 4117 2198 4156 narrata
2221 4114 2415 4165 pertinet,
2437 4123 2680 4163 quamquam
2708 4113 2819 4158 haud

152 4174 323 4212 multum
344 4173 443 4212 infra
461 4172 618 4221 Olymp.
634 4172 801 4222 primam
802 4119 1049 4213 ¹descendere
1067 4175 1182 4221 licet,
1201 4178 1384 4226 vetante,
1407 4180 1452 4217 ut
1469 4177 1640 4224 videtur,
1660 4176 1878 4225 fragmento
1894 4177 1963 4214 Vl.
1982 4174 2089 4214 Alias
2104 4173 2264 4222 cogitari
2287 4172 2407 4222 possit
2427 4171 2477 4210 de
2492 4171 2613 4211 Melta
2634 4181 2724 4221 rege
2739 4176 2814 4211 Ar-

153 4232 259 4275 givo,
275 4241 393 4279 quem
411 4230 593 4269 novimus
617 4240 664 4268 ex
684 4231 873 4270 Pausania
893 4233 926 4270 11
944 4259 954 4278 ,
982 4235 1024 4270 19
1038 4261 1047 4279 ,
1068 4238 1088 4271 2
1107 4248 1113 4269 :
1136 4234 1284 4272 Μέλταν
1303 4235 1339 4272 δὲ
1365 4237 1426 4274 τὸν
1445 4235 1624 4282 Αακήοου
1637 4262 1647 4282 ,
1667 4233 1823 4272 δέκατον
1843 4233 2031 4284 ἀπόγονον
2051 4232 2232 4279 Μήδωνος
2253 4229 2345 4281 (qui
2364 4239 2484 4280 nepos
2502 4230 2588 4282 erat
2603 4228 2815 4285 Temelpli),

155 4302 196 4326 το
220 4288 395 4337 παράπαν
415 4289 577 4327 ἔπαυσεν
601 4289 716 4342 ἀρχῆς
747 4293 957 4341 καταγνοὺς
977 4294 996 4330 ὁ
1015 4294 1145 4342 δῆμος.
