<?xml version="1.0" encoding="UTF-8"?>
<!DOCTYPE html PUBLIC "-//W3C//DTD XHTML 1.0 Transitional//EN"
    "http://www.w3.org/TR/xhtml1/DTD/xhtml1-transitional.dtd">
<html xmlns="http://www.w3.org/1999/xhtml" xml:lang="en" lang="en">
 <head>
  <title>
</title>
<meta http-equiv="Content-Type" content="text/html;charset=utf-8" />
  <meta name='ocr-system' content='tesseract 3.04.00' />
  <meta name='ocr-capabilities' content='ocr_page ocr_carea ocr_par ocr_line ocrx_word'/>
</head>
<body>
  <div class='ocr_page' id='page_1' title='image "./fragmentahistori02mueluoft_0672.png"; bbox 0 0 3008 4542; ppageno 0'>
   <div class='ocr_carea' id='block_1_1' title="bbox 104 264 240 327">
    <p class='ocr_par' dir='ltr' id='par_1_1' title="bbox 104 264 240 327">
     <span class='ocr_line' id='line_1_1' title="bbox 104 264 240 327; baseline -0.007 0"><span class='ocrx_word' id='word_1_1' title='bbox 104 264 121 307; x_wconf 57' lang='lat'><strong>⁸</strong></span> <span class='ocrx_word' id='word_1_2' title='bbox 145 286 240 327; x_wconf 74' lang='lat'><strong>6:20</strong></span> 
     </span>
    </p>
   </div>
   <div class='ocr_carea' id='block_1_2' title="bbox 143 384 1444 516">
    <p class='ocr_par' dir='ltr' id='par_1_2' title="bbox 143 384 1444 516">
     <span class='ocr_line' id='line_1_2' title="bbox 143 384 1444 450; baseline -0.003 -17"><span class='ocrx_word' id='word_1_3' title='bbox 143 388 415 450; x_wconf 78' lang='lat' dir='ltr'><strong>prehensus,</strong></span> <span class='ocrx_word' id='word_1_4' title='bbox 441 386 531 430; x_wconf 88' lang='lat' dir='ltr'><strong>hoc</strong></span> <span class='ocrx_word' id='word_1_5' title='bbox 553 393 636 441; x_wconf 88' lang='lat' dir='ltr'><strong>est,</strong></span> <span class='ocrx_word' id='word_1_6' title='bbox 657 384 945 429; x_wconf 81' lang='lat' dir='ltr'>adstantibus</span> <span class='ocrx_word' id='word_1_7' title='bbox 965 385 1226 444; x_wconf 83' lang='lat' dir='ltr'><strong>utrimque,</strong></span> <span class='ocrx_word' id='word_1_8' title='bbox 1252 386 1333 444; x_wconf 92' lang='lat' dir='ltr'><strong>qui</strong></span> <span class='ocrx_word' id='word_1_9' title='bbox 1349 401 1444 429; x_wconf 91' lang='lat' dir='ltr'><strong>ma-</strong></span> 
     </span>
     <span class='ocr_line' id='line_1_3' title="bbox 143 457 1444 516; baseline -0.002 -12"><span class='ocrx_word' id='word_1_10' title='bbox 143 475 230 504; x_wconf 92' lang='lat' dir='ltr'><strong>nus</strong></span> <span class='ocrx_word' id='word_1_11' title='bbox 245 460 319 504; x_wconf 87' lang='lat' dir='ltr'><strong>vel</strong></span> <span class='ocrx_word' id='word_1_12' title='bbox 332 460 375 503; x_wconf 94' lang='lat' dir='ltr'><strong>ei</strong></span> <span class='ocrx_word' id='word_1_13' title='bbox 386 457 577 516; x_wconf 84' lang='lat' dir='ltr'><strong>injicere</strong></span> <span class='ocrx_word' id='word_1_14' title='bbox 589 458 897 514; x_wconf 88' lang='lat' dir='ltr'><strong>minarentur,</strong></span> <span class='ocrx_word' id='word_1_15' title='bbox 916 458 991 502; x_wconf 88' lang='lat' dir='ltr'><strong>vel</strong></span> <span class='ocrx_word' id='word_1_16' title='bbox 1004 458 1212 502; x_wconf 90' lang='lat' dir='ltr'><strong>vinctum</strong></span> <span class='ocrx_word' id='word_1_17' title='bbox 1222 466 1444 502; x_wconf 90' lang='lat' dir='ltr'><strong>tenerent.</strong></span> 
     </span>
    </p>
   </div>
   <div class='ocr_carea' id='block_1_3' title="bbox 145 518 1495 590">
    <p class='ocr_par' dir='ltr' id='par_1_3' title="bbox 145 518 1495 590">
     <span class='ocr_line' id='line_1_4' title="bbox 145 518 1495 590; baseline -0.002 -14"><span class='ocrx_word' id='word_1_18' title='bbox 145 534 236 590; x_wconf 88' lang='lat' dir='ltr'><strong>Qui</strong></span> <span class='ocrx_word' id='word_1_19' title='bbox 253 518 416 576; x_wconf 60' lang='lat' dir='ltr'><strong>‘sensus</strong></span> <span class='ocrx_word' id='word_1_20' title='bbox 440 530 501 575; x_wconf 85' lang='lat' dir='ltr'><strong>ad</strong></span> <span class='ocrx_word' id='word_1_21' title='bbox 525 531 849 590; x_wconf 81' lang='lat' dir='ltr'><strong>Aristophanis</strong></span> <span class='ocrx_word' id='word_1_22' title='bbox 886 530 1031 574; x_wconf 87' lang='lat' dir='ltr'><strong>verba</strong></span> <span class='ocrx_word' id='word_1_23' title='bbox 1050 529 1290 574; x_wconf 85' lang='lat' dir='ltr'><strong>transferri</strong></span> <span class='ocrx_word' id='word_1_24' title='bbox 1313 547 1448 585; x_wconf 63' lang='grc'><strong>(10111-</strong></span> <span class='ocrx_word' id='word_1_25' title='bbox 1491 528 1495 534; x_wconf 80' lang='lat'>&#39;</span> 
     </span>
    </p>
   </div>
   <div class='ocr_carea' id='block_1_4' title="bbox 143 603 1452 3512">
    <p class='ocr_par' dir='ltr' id='par_1_4' title="bbox 143 603 1452 3512">
     <span class='ocr_line' id='line_1_5' title="bbox 143 603 1449 664; baseline -0.003 -14"><span class='ocrx_word' id='word_1_26' title='bbox 143 605 287 650; x_wconf 89' lang='lat' dir='ltr'><strong>mode</strong></span> <span class='ocrx_word' id='word_1_27' title='bbox 313 613 495 664; x_wconf 87' lang='lat' dir='ltr'><strong>potest,</strong></span> <span class='ocrx_word' id='word_1_28' title='bbox 535 619 689 663; x_wconf 91' lang='lat' dir='ltr'><strong>neque</strong></span> <span class='ocrx_word' id='word_1_29' title='bbox 720 604 858 648; x_wconf 86' lang='lat' dir='ltr'><strong>aliam</strong></span> <span class='ocrx_word' id='word_1_30' title='bbox 894 604 1252 663; x_wconf 85' lang='lat' dir='ltr'><strong>explicationem</strong></span> <span class='ocrx_word' id='word_1_31' title='bbox 1278 603 1449 647; x_wconf 86' lang='lat' dir='ltr'><strong>admit—</strong></span> 
     </span>
     <span class='ocr_line' id='line_1_6' title="bbox 145 673 1446 739; baseline -0.002 -18"><span class='ocrx_word' id='word_1_32' title='bbox 145 686 250 721; x_wconf 91' lang='lat' dir='ltr'><strong>tunt</strong></span> <span class='ocrx_word' id='word_1_33' title='bbox 272 678 416 722; x_wconf 87' lang='lat' dir='ltr'><strong>verba</strong></span> <span class='ocrx_word' id='word_1_34' title='bbox 439 677 694 721; x_wconf 79' lang='lat' dir='ltr'><strong>scholiastae</strong></span> <span class='ocrx_word' id='word_1_35' title='bbox 712 673 1003 739; x_wconf 87' lang='grc' dir='ltr'>κατεχόμενον</span> <span class='ocrx_word' id='word_1_36' title='bbox 1022 673 1298 737; x_wconf 80' lang='grc' dir='ltr'>ἑκατέρωθεν.</span> <span class='ocrx_word' id='word_1_37' title='bbox 1318 677 1446 721; x_wconf 90' lang='lat' dir='ltr'><strong>Con-</strong></span> 
     </span>
     <span class='ocr_line' id='line_1_7' title="bbox 146 749 1448 808; baseline 0 -14"><span class='ocrx_word' id='word_1_38' title='bbox 146 760 218 795; x_wconf 88' lang='lat' dir='ltr'><strong>tra</strong></span> <span class='ocrx_word' id='word_1_39' title='bbox 239 750 499 795; x_wconf 89' lang='lat' dir='ltr'><strong>Brunckius</strong></span> <span class='ocrx_word' id='word_1_40' title='bbox 523 759 569 794; x_wconf 90' lang='lat' dir='ltr'><strong>et</strong></span> <span class='ocrx_word' id='word_1_41' title='bbox 587 749 897 794; x_wconf 90' lang='lat' dir='ltr'><strong>Schneiderus</strong></span> <span class='ocrx_word' id='word_1_42' title='bbox 920 749 979 794; x_wconf 89' lang='lat' dir='ltr'><strong>ad</strong></span> <span class='ocrx_word' id='word_1_43' title='bbox 1003 749 1225 808; x_wconf 89' lang='lat' dir='ltr'><strong>Xenoph.</strong></span> <span class='ocrx_word' id='word_1_44' title='bbox 1258 750 1290 793; x_wconf 92' lang='lat' dir='ltr'><strong>l.</strong></span> <span class='ocrx_word' id='word_1_45' title='bbox 1319 750 1351 796; x_wconf 89' lang='lat' dir='ltr'><strong>l.</strong></span> <span class='ocrx_word' id='word_1_46' title='bbox 1384 750 1448 794; x_wconf 90' lang='lat' dir='ltr'><strong>ita</strong></span> 
     </span>
     <span class='ocr_line' id='line_1_8' title="bbox 145 821 1444 882; baseline -0.003 -14"><span class='ocrx_word' id='word_1_47' title='bbox 145 831 370 870; x_wconf 84' lang='lat' dir='ltr'><strong>statuunt.</strong></span> <span class='ocrx_word' id='word_1_48' title='bbox 414 825 642 867; x_wconf 85' lang='lat' dir='ltr'><strong>Juvenem</strong></span> <span class='ocrx_word' id='word_1_49' title='bbox 688 822 820 882; x_wconf 86' lang='lat' dir='ltr'><strong>apud</strong></span> <span class='ocrx_word' id='word_1_50' title='bbox 853 821 1241 880; x_wconf 80' lang='lat' dir='ltr'><strong>Aristophanem,</strong></span> <span class='ocrx_word' id='word_1_51' title='bbox 1287 823 1416 865; x_wconf 89' lang='lat' dir='ltr'><strong>aiunt</strong></span> <span class='ocrx_word' id='word_1_52' title='bbox 1432 856 1444 877; x_wconf 92' lang='lat'>‚</span> 
     </span>
     <span class='ocr_line' id='line_1_9' title="bbox 145 894 1446 957; baseline 0 -17"><span class='ocrx_word' id='word_1_53' title='bbox 145 895 405 957; x_wconf 80' lang='lat' dir='ltr'><strong>significare</strong></span> <span class='ocrx_word' id='word_1_54' title='bbox 438 911 539 941; x_wconf 86' lang='lat' dir='ltr'><strong>rem</strong></span> <span class='ocrx_word' id='word_1_55' title='bbox 568 896 634 939; x_wconf 90' lang='lat' dir='ltr'><strong>ita</strong></span> <span class='ocrx_word' id='word_1_56' title='bbox 668 895 1012 956; x_wconf 87' lang='lat' dir='ltr'><strong>transigendam</strong></span> <span class='ocrx_word' id='word_1_57' title='bbox 1037 909 1133 938; x_wconf 91' lang='lat' dir='ltr'><strong>esse</strong></span> <span class='ocrx_word' id='word_1_58' title='bbox 1158 909 1215 938; x_wconf 87' lang='lat' dir='ltr'><strong>ex</strong></span> <span class='ocrx_word' id='word_1_59' title='bbox 1238 894 1446 940; x_wconf 85' lang='lat' dir='ltr'><strong>&#39;decreto</strong></span> 
     </span>
     <span class='ocr_line' id='line_1_10' title="bbox 147 967 1448 1027; baseline -0.002 -13"><span class='ocrx_word' id='word_1_60' title='bbox 147 970 379 1024; x_wconf 87' lang='lat' dir='ltr'><strong>Cannoni,</strong></span> <span class='ocrx_word' id='word_1_61' title='bbox 404 976 458 1012; x_wconf 88' lang='lat' dir='ltr'><strong>ut</strong></span> <span class='ocrx_word' id='word_1_62' title='bbox 481 968 670 1027; x_wconf 90' lang='lat' dir='ltr'><strong>utrique</strong></span> <span class='ocrx_word' id='word_1_63' title='bbox 698 969 885 1011; x_wconf 91' lang='lat' dir='ltr'><strong>mulieri</strong></span> <span class='ocrx_word' id='word_1_64' title='bbox 913 967 1163 1026; x_wconf 90' lang='lat' dir='ltr'><strong>separatim</strong></span> <span class='ocrx_word' id='word_1_65' title='bbox 1188 968 1448 1026; x_wconf 84' lang='lat' dir='ltr'><strong>morigere—</strong></span> 
     </span>
     <span class='ocr_line' id='line_1_11' title="bbox 147 1039 1448 1101; baseline -0.003 -14"><span class='ocrx_word' id='word_1_66' title='bbox 147 1052 240 1089; x_wconf 90' lang='lat' dir='ltr'><strong>tur.</strong></span> <span class='ocrx_word' id='word_1_67' title='bbox 281 1042 490 1087; x_wconf 88' lang='lat' dir='ltr'><strong>Cannoni</strong></span> <span class='ocrx_word' id='word_1_68' title='bbox 523 1056 690 1101; x_wconf 90' lang='lat' dir='ltr'><strong>nempe</strong></span> <span class='ocrx_word' id='word_1_69' title='bbox 730 1041 920 1084; x_wconf 88' lang='lat' dir='ltr'><strong>decreto</strong></span> <span class='ocrx_word' id='word_1_70' title='bbox 967 1048 1156 1084; x_wconf 91' lang='lat' dir='ltr'><strong>cautum</strong></span> <span class='ocrx_word' id='word_1_71' title='bbox 1197 1039 1356 1096; x_wconf 89' lang='lat' dir='ltr'><strong>fuisse,</strong></span> <span class='ocrx_word' id='word_1_72' title='bbox 1395 1049 1448 1083; x_wconf 92' lang='lat' dir='ltr'><strong>ut</strong></span> 
     </span>
     <span class='ocr_line' id='line_1_12' title="bbox 145 1118 1448 1181; baseline -0.001 -17"><span class='ocrx_word' id='word_1_73' title='bbox 145 1121 438 1181; x_wconf 82' lang='lat' dir='ltr'><strong>singulorum</strong></span> <span class='ocrx_word' id='word_1_74' title='bbox 456 1119 648 1163; x_wconf 89' lang='lat' dir='ltr'><strong>seorsim</strong></span> <span class='ocrx_word' id='word_1_75' title='bbox 668 1133 804 1161; x_wconf 90' lang='lat' dir='ltr'><strong>causa</strong></span> <span class='ocrx_word' id='word_1_76' title='bbox 826 1125 1210 1176; x_wconf 68' lang='lat' dir='ltr'><strong>cognosceretur,</strong></span> <span class='ocrx_word' id='word_1_77' title='bbox 1232 1118 1269 1161; x_wconf 92' lang='lat' dir='ltr'><strong>si</strong></span> <span class='ocrx_word' id='word_1_78' title='bbox 1288 1119 1448 1176; x_wconf 89' lang='lat' dir='ltr'><strong>plures</strong></span> 
     </span>
     <span class='ocr_line' id='line_1_13' title="bbox 146 1191 1446 1251; baseline -0.001 -15"><span class='ocrx_word' id='word_1_79' title='bbox 146 1194 283 1237; x_wconf 89' lang='lat' dir='ltr'><strong>simul</strong></span> <span class='ocrx_word' id='word_1_80' title='bbox 307 1191 516 1251; x_wconf 90' lang='lat' dir='ltr'><strong>ejusdem</strong></span> <span class='ocrx_word' id='word_1_81' title='bbox 541 1191 748 1245; x_wconf 81' lang='lat' dir='ltr'><strong>criminis</strong></span> <span class='ocrx_word' id='word_1_82' title='bbox 773 1199 1120 1236; x_wconf 86' lang='lat' dir='ltr'><strong>accusarentur.</strong></span> <span class='ocrx_word' id='word_1_83' title='bbox 1145 1191 1446 1235; x_wconf 88' lang='lat' dir='ltr'><strong>Scholiastam</strong></span> 
     </span>
     <span class='ocr_line' id='line_1_14' title="bbox 145 1263 1448 1321; baseline -0.002 -11"><span class='ocrx_word' id='word_1_84' title='bbox 145 1282 171 1310; x_wconf 88' lang='lat' dir='ltr'><strong>a</strong></span> <span class='ocrx_word' id='word_1_85' title='bbox 202 1281 338 1310; x_wconf 92' lang='lat' dir='ltr'><strong>sensu</strong></span> <span class='ocrx_word' id='word_1_86' title='bbox 373 1265 548 1309; x_wconf 85' lang='lat' dir='ltr'><strong>decreti</strong></span> <span class='ocrx_word' id='word_1_87' title='bbox 581 1264 845 1318; x_wconf 90' lang='lat' dir='ltr'><strong>aberrasse,</strong></span> <span class='ocrx_word' id='word_1_88' title='bbox 885 1271 964 1310; x_wconf 84' lang='lat' dir='ltr'><strong>aut</strong></span> <span class='ocrx_word' id='word_1_89' title='bbox 1001 1263 1144 1307; x_wconf 90' lang='lat' dir='ltr'><strong>verba</strong></span> <span class='ocrx_word' id='word_1_90' title='bbox 1168 1263 1266 1321; x_wconf 86' lang='lat' dir='ltr'><strong>ejus</strong></span> <span class='ocrx_word' id='word_1_91' title='bbox 1289 1265 1448 1308; x_wconf 86' lang='lat' dir='ltr'><strong>vitiata</strong></span> 
     </span>
     <span class='ocr_line' id='line_1_15' title="bbox 145 1324 1448 1395; baseline -0.002 -12"><span class='ocrx_word' id='word_1_92' title='bbox 145 1354 258 1385; x_wconf 89' lang='lat' dir='ltr'><strong>esse.</strong></span> <span class='ocrx_word' id='word_1_93' title='bbox 284 1341 467 1384; x_wconf 90' lang='lat' dir='ltr'><strong>Docere</strong></span> <span class='ocrx_word' id='word_1_94' title='bbox 497 1339 588 1382; x_wconf 90' lang='lat' dir='ltr'><strong>hoc</strong></span> <span class='ocrx_word' id='word_1_95' title='bbox 621 1324 778 1381; x_wconf 88' lang='lat' dir='ltr'><strong>locum</strong></span> <span class='ocrx_word' id='word_1_96' title='bbox 813 1337 1052 1395; x_wconf 82' lang='lat' dir='ltr'><strong>Hesychii,</strong></span> <span class='ocrx_word' id='word_1_97' title='bbox 1078 1337 1159 1395; x_wconf 90' lang='lat' dir='ltr'><strong>qui</strong></span> <span class='ocrx_word' id='word_1_98' title='bbox 1183 1337 1282 1395; x_wconf 89' lang='lat' dir='ltr'><strong>ipsa</strong></span> <span class='ocrx_word' id='word_1_99' title='bbox 1303 1337 1448 1381; x_wconf 88' lang='lat' dir='ltr'><strong>verba</strong></span> 
     </span>
     <span class='ocr_line' id='line_1_16' title="bbox 146 1407 1446 1470; baseline -0.002 -14"><span class='ocrx_word' id='word_1_100' title='bbox 146 1412 322 1456; x_wconf 88' lang='lat' dir='ltr'><strong>decreti</strong></span> <span class='ocrx_word' id='word_1_101' title='bbox 367 1419 612 1466; x_wconf 86' lang='lat' dir='ltr'><strong>servasset,</strong></span> <span class='ocrx_word' id='word_1_102' title='bbox 657 1418 710 1453; x_wconf 91' lang='lat' dir='ltr'><strong>ut</strong></span> <span class='ocrx_word' id='word_1_103' title='bbox 749 1425 806 1453; x_wconf 80' lang='lat' dir='ltr'><strong>ex</strong></span> <span class='ocrx_word' id='word_1_104' title='bbox 839 1409 1072 1452; x_wconf 89' lang='lat' dir='ltr'><strong>vocabulo</strong></span> <span class='ocrx_word' id='word_1_105' title='bbox 1115 1407 1446 1470; x_wconf 72' lang='grc' dir='ltr'>διειλημμένους</span> 
     </span>
     <span class='ocr_line' id='line_1_17' title="bbox 145 1482 1448 1546; baseline -0.002 -17"><span class='ocrx_word' id='word_1_106' title='bbox 145 1494 471 1546; x_wconf 81' lang='lat' dir='ltr'><strong>cognoscatur,</strong></span> <span class='ocrx_word' id='word_1_107' title='bbox 500 1482 631 1542; x_wconf 90' lang='lat' dir='ltr'><strong>quod</strong></span> <span class='ocrx_word' id='word_1_108' title='bbox 658 1483 797 1526; x_wconf 91' lang='lat' dir='ltr'><strong>etiam</strong></span> <span class='ocrx_word' id='word_1_109' title='bbox 826 1482 1042 1526; x_wconf 91' lang='lat' dir='ltr'><strong>Comicus</strong></span> <span class='ocrx_word' id='word_1_110' title='bbox 1077 1482 1309 1528; x_wconf 75' lang='lat' dir='ltr'><strong>exhibeat,</strong></span> <span class='ocrx_word' id='word_1_111' title='bbox 1354 1483 1448 1544; x_wconf 81' lang='lat' dir='ltr'><strong>[Ex</strong></span> 
     </span>
     <span class='ocr_line' id='line_1_18' title="bbox 144 1554 1447 1616; baseline 0 -16"><span class='ocrx_word' id='word_1_112' title='bbox 144 1559 326 1602; x_wconf 90' lang='lat' dir='ltr'><strong>comico</strong></span> <span class='ocrx_word' id='word_1_113' title='bbox 362 1559 501 1602; x_wconf 91' lang='lat' dir='ltr'><strong>etiam</strong></span> <span class='ocrx_word' id='word_1_114' title='bbox 532 1556 790 1614; x_wconf 85' lang='lat' dir='ltr'><strong>Hesychius</strong></span> <span class='ocrx_word' id='word_1_115' title='bbox 824 1570 1009 1598; x_wconf 87' lang='lat' dir='ltr'><strong>sumere</strong></span> <span class='ocrx_word' id='word_1_116' title='bbox 1044 1554 1250 1616; x_wconf 87' lang='lat' dir='ltr'><strong>potuit.]</strong></span> <span class='ocrx_word' id='word_1_117' title='bbox 1294 1557 1447 1616; x_wconf 83' lang='lat' dir='ltr'><strong>Hesy-</strong></span> 
     </span>
     <span class='ocr_line' id='line_1_19' title="bbox 145 1628 1442 1690; baseline -0.001 -15"><span class='ocrx_word' id='word_1_118' title='bbox 145 1632 302 1676; x_wconf 89' lang='lat' dir='ltr'><strong>chium</strong></span> <span class='ocrx_word' id='word_1_119' title='bbox 319 1639 544 1690; x_wconf 84' lang='lat' dir='ltr'><strong>praeterea</strong></span> <span class='ocrx_word' id='word_1_120' title='bbox 559 1637 685 1673; x_wconf 90' lang='lat' dir='ltr'><strong>recte</strong></span> <span class='ocrx_word' id='word_1_121' title='bbox 701 1631 893 1672; x_wconf 87' lang='lat' dir='ltr'><strong>monere</strong></span> <span class='ocrx_word' id='word_1_122' title='bbox 910 1628 968 1671; x_wconf 93' lang='lat' dir='ltr'><strong>de</strong></span> <span class='ocrx_word' id='word_1_123' title='bbox 984 1628 1200 1687; x_wconf 91' lang='lat' dir='ltr'><strong>pluribus</strong></span> <span class='ocrx_word' id='word_1_124' title='bbox 1217 1630 1354 1672; x_wconf 89' lang='lat' dir='ltr'><strong>simul</strong></span> <span class='ocrx_word' id='word_1_125' title='bbox 1374 1645 1442 1674; x_wconf 89' lang='lat' dir='ltr'><strong>ac-</strong></span> 
     </span>
     <span class='ocr_line' id='line_1_20' title="bbox 146 1701 1443 1762; baseline -0.001 -16"><span class='ocrx_word' id='word_1_126' title='bbox 146 1704 312 1747; x_wconf 88' lang='lat' dir='ltr'><strong>cusatis</strong></span> <span class='ocrx_word' id='word_1_127' title='bbox 322 1703 454 1762; x_wconf 82' lang='lat' dir='ltr'><strong>loqui</strong></span> <span class='ocrx_word' id='word_1_128' title='bbox 466 1701 708 1746; x_wconf 89' lang='lat' dir='ltr'><strong>decretum</strong></span> <span class='ocrx_word' id='word_1_129' title='bbox 724 1717 735 1756; x_wconf 89' lang='lat'>;</span> <span class='ocrx_word' id='word_1_130' title='bbox 751 1701 871 1743; x_wconf 90' lang='lat' dir='ltr'><strong>male</strong></span> <span class='ocrx_word' id='word_1_131' title='bbox 889 1709 1051 1743; x_wconf 87' lang='lat' dir='ltr'><strong>contra</strong></span> <span class='ocrx_word' id='word_1_132' title='bbox 1063 1716 1210 1743; x_wconf 92' lang='lat' dir='ltr'><strong>unum</strong></span> <span class='ocrx_word' id='word_1_133' title='bbox 1223 1715 1356 1744; x_wconf 83' lang='lat' dir='ltr'><strong>reum</strong></span> <span class='ocrx_word' id='word_1_134' title='bbox 1368 1717 1443 1745; x_wconf 92' lang='lat' dir='ltr'><strong>no-</strong></span> 
     </span>
     <span class='ocr_line' id='line_1_21' title="bbox 145 1768 1447 1831; baseline -0.001 -12"><span class='ocrx_word' id='word_1_135' title='bbox 145 1778 323 1820; x_wconf 89' lang='lat' dir='ltr'><strong>minare</strong></span> <span class='ocrx_word' id='word_1_136' title='bbox 347 1775 625 1820; x_wconf 87' lang='lat' dir='ltr'><strong>scholiasten</strong></span> <span class='ocrx_word' id='word_1_137' title='bbox 644 1782 690 1817; x_wconf 91' lang='lat' dir='ltr'><strong>et</strong></span> <span class='ocrx_word' id='word_1_138' title='bbox 710 1773 908 1817; x_wconf 83' lang='lat' dir='ltr'><strong>verbum</strong></span> <span class='ocrx_word' id='word_1_139' title='bbox 935 1768 1236 1831; x_wconf 84' lang='grc' dir='ltr'>διειλημμένον</span> <span class='ocrx_word' id='word_1_140' title='bbox 1253 1774 1447 1831; x_wconf 88' lang='lat' dir='ltr'><strong>pessime</strong></span> 
     </span>
     <span class='ocr_line' id='line_1_22' title="bbox 146 1843 1449 1908; baseline -0.002 -15"><span class='ocrx_word' id='word_1_141' title='bbox 146 1849 379 1908; x_wconf 85' lang='lat' dir='ltr'><strong>explicare</strong></span> <span class='ocrx_word' id='word_1_142' title='bbox 399 1843 714 1908; x_wconf 72' lang='grc' dir='ltr'>κατεχόμενον,</span> <span class='ocrx_word' id='word_1_143' title='bbox 735 1861 843 1889; x_wconf 83' lang='grc'><strong>113111</strong></span> <span class='ocrx_word' id='word_1_144' title='bbox 869 1846 1067 1889; x_wconf 89' lang='lat' dir='ltr'><strong>alterum</strong></span> <span class='ocrx_word' id='word_1_145' title='bbox 1087 1845 1285 1888; x_wconf 88' lang='lat' dir='ltr'><strong>verbum</strong></span> <span class='ocrx_word' id='word_1_146' title='bbox 1305 1844 1449 1891; x_wconf 81' lang='grc' dir='ltr'>ἑκατέ-</span> 
     </span>
     <span class='ocr_line' id='line_1_23' title="bbox 148 1915 1445 1983; baseline -0.002 -17"><span class='ocrx_word' id='word_1_147' title='bbox 148 1923 278 1983; x_wconf 90' lang='grc' dir='ltr'>ρωθεν</span> <span class='ocrx_word' id='word_1_148' title='bbox 292 1922 340 1964; x_wconf 90' lang='lat' dir='ltr'><strong>in</strong></span> <span class='ocrx_word' id='word_1_149' title='bbox 357 1922 459 1980; x_wconf 91' lang='lat' dir='ltr'><strong>ipso</strong></span> <span class='ocrx_word' id='word_1_150' title='bbox 479 1920 669 1964; x_wconf 91' lang='lat' dir='ltr'><strong>decreto</strong></span> <span class='ocrx_word' id='word_1_151' title='bbox 685 1918 823 1962; x_wconf 92' lang='lat' dir='ltr'><strong>fuisse</strong></span> <span class='ocrx_word' id='word_1_152' title='bbox 839 1917 991 1961; x_wconf 86' lang='lat' dir='ltr'><strong>videri</strong></span> <span class='ocrx_word' id='word_1_153' title='bbox 1014 1915 1242 1978; x_wconf 84' lang='lat' dir='ltr'><strong>[quonam</strong></span> <span class='ocrx_word' id='word_1_154' title='bbox 1258 1918 1445 1981; x_wconf 65' lang='grc'><strong>53115119]</strong></span> 
     </span>
     <span class='ocr_line' id='line_1_24' title="bbox 146 1991 1446 2054; baseline -0.003 -15"><span class='ocrx_word' id='word_1_155' title='bbox 146 1995 350 2054; x_wconf 87' lang='lat' dir='ltr'><strong>ideoque</strong></span> <span class='ocrx_word' id='word_1_156' title='bbox 373 2002 608 2038; x_wconf 90' lang='lat' dir='ltr'><strong>retentum</strong></span> <span class='ocrx_word' id='word_1_157' title='bbox 627 1992 685 2036; x_wconf 90' lang='lat' dir='ltr'><strong>ab</strong></span> <span class='ocrx_word' id='word_1_158' title='bbox 715 1991 964 2050; x_wconf 86' lang='lat' dir='ltr'><strong>Hesychio.</strong></span> <span class='ocrx_word' id='word_1_159' title='bbox 983 1993 1129 2034; x_wconf 85' lang='lat' dir='ltr'><strong>Recte</strong></span> <span class='ocrx_word' id='word_1_160' title='bbox 1149 1991 1446 2051; x_wconf 89' lang='lat' dir='ltr'><strong>Xenophon-</strong></span> 
     </span>
     <span class='ocr_line' id='line_1_25' title="bbox 147 2061 1447 2126; baseline -0.004 -14"><span class='ocrx_word' id='word_1_161' title='bbox 147 2076 242 2112; x_wconf 91' lang='lat' dir='ltr'><strong>tem</strong></span> <span class='ocrx_word' id='word_1_162' title='bbox 277 2068 397 2111; x_wconf 89' lang='lat' dir='ltr'><strong>infra</strong></span> <span class='ocrx_word' id='word_1_163' title='bbox 428 2067 453 2126; x_wconf 58' lang='grc' dir='ltr'><strong><em>ξ</em></strong></span> <span class='ocrx_word' id='word_1_164' title='bbox 485 2066 543 2122; x_wconf 80' lang='lat'><strong>37</strong></span> <span class='ocrx_word' id='word_1_165' title='bbox 588 2065 820 2124; x_wconf 87' lang='lat' dir='ltr'><strong>explicare</strong></span> <span class='ocrx_word' id='word_1_166' title='bbox 864 2061 1191 2123; x_wconf 84' lang='grc' dir='ltr'>διειλημμένους</span> <span class='ocrx_word' id='word_1_167' title='bbox 1229 2062 1447 2126; x_wconf 90' lang='grc' dir='ltr'>κρίνεσθαι</span> 
     </span>
     <span class='ocr_line' id='line_1_26' title="bbox 145 2134 1447 2203; baseline -0.002 -19"><span class='ocrx_word' id='word_1_168' title='bbox 145 2157 232 2200; x_wconf 87' lang='lat' dir='ltr'><strong>per</strong></span> <span class='ocrx_word' id='word_1_169' title='bbox 265 2139 483 2203; x_wconf 85' lang='grc' dir='ltr'>κρίνεσθαι</span> <span class='ocrx_word' id='word_1_170' title='bbox 517 2135 618 2200; x_wconf 85' lang='grc' dir='ltr'>δίχα</span> <span class='ocrx_word' id='word_1_171' title='bbox 650 2134 846 2182; x_wconf 80' lang='grc' dir='ltr'>ἕκαστον.</span> <span class='ocrx_word' id='word_1_172' title='bbox 887 2136 1034 2196; x_wconf 80' lang='lat' dir='ltr'><strong>igitur</strong></span> <span class='ocrx_word' id='word_1_173' title='bbox 1055 2138 1285 2181; x_wconf 90' lang='lat' dir='ltr'><strong>sancitum</strong></span> <span class='ocrx_word' id='word_1_174' title='bbox 1308 2137 1447 2181; x_wconf 91' lang='lat' dir='ltr'><strong>fuisse</strong></span> 
     </span>
     <span class='ocr_line' id='line_1_27' title="bbox 148 2206 1447 2274; baseline -0.002 -16"><span class='ocrx_word' id='word_1_175' title='bbox 148 2215 338 2258; x_wconf 88' lang='lat' dir='ltr'><strong>decreto</strong></span> <span class='ocrx_word' id='word_1_176' title='bbox 355 2248 367 2269; x_wconf 91' lang='lat'>‚</span> <span class='ocrx_word' id='word_1_177' title='bbox 393 2222 446 2257; x_wconf 92' lang='lat' dir='ltr'><strong>ut</strong></span> <span class='ocrx_word' id='word_1_178' title='bbox 477 2214 513 2256; x_wconf 91' lang='lat' dir='ltr'><strong>si</strong></span> <span class='ocrx_word' id='word_1_179' title='bbox 539 2212 642 2273; x_wconf 92' lang='lat' dir='ltr'><strong>quis</strong></span> <span class='ocrx_word' id='word_1_180' title='bbox 665 2208 737 2256; x_wconf 76' lang='grc' dir='ltr'><strong>τὸν</strong></span> <span class='ocrx_word' id='word_1_181' title='bbox 762 2211 846 2254; x_wconf 85' lang='grc' dir='ltr'><strong>τῶν</strong></span> <span class='ocrx_word' id='word_1_182' title='bbox 873 2206 1105 2264; x_wconf 83' lang='grc' dir='ltr'>Ἀθηναίων</span> <span class='ocrx_word' id='word_1_183' title='bbox 1133 2209 1270 2270; x_wconf 65' lang='grc' dir='ltr'>δῆμον</span> <span class='ocrx_word' id='word_1_184' title='bbox 1299 2209 1447 2274; x_wconf 82' lang='grc' dir='ltr'>ἀδικῇ,</span> 
     </span>
     <span class='ocr_line' id='line_1_28' title="bbox 147 2270 1448 2346; baseline -0.002 -15"><span class='ocrx_word' id='word_1_185' title='bbox 147 2287 377 2346; x_wconf 90' lang='lat' dir='ltr'><strong>ejusmodi</strong></span> <span class='ocrx_word' id='word_1_186' title='bbox 390 2270 497 2331; x_wconf 81' lang='lat' dir='ltr'><strong>reus</strong></span> <span class='ocrx_word' id='word_1_187' title='bbox 512 2287 694 2329; x_wconf 87' lang='lat' dir='ltr'><strong>vinctus</strong></span> <span class='ocrx_word' id='word_1_188' title='bbox 704 2286 751 2327; x_wconf 83' lang='grc'><strong>111</strong></span> <span class='ocrx_word' id='word_1_189' title='bbox 756 2283 988 2342; x_wconf 84' lang='lat' dir='ltr'><strong>judicium</strong></span> <span class='ocrx_word' id='word_1_190' title='bbox 1005 2283 1272 2340; x_wconf 85' lang='lat' dir='ltr'><strong>duceretur,</strong></span> <span class='ocrx_word' id='word_1_191' title='bbox 1288 2285 1448 2344; x_wconf 91' lang='lat' dir='ltr'><strong>ibique</strong></span> 
     </span>
     <span class='ocr_line' id='line_1_29' title="bbox 148 2356 1450 2416; baseline -0.003 -11"><span class='ocrx_word' id='word_1_192' title='bbox 148 2377 332 2406; x_wconf 87' lang='lat' dir='ltr'><strong>causam</strong></span> <span class='ocrx_word' id='word_1_193' title='bbox 355 2361 533 2405; x_wconf 87' lang='lat' dir='ltr'><strong>diceret</strong></span> <span class='ocrx_word' id='word_1_194' title='bbox 553 2373 565 2405; x_wconf 70' lang='grc' dir='ltr'>ε</span> <span class='ocrx_word' id='word_1_195' title='bbox 585 2367 639 2402; x_wconf 88' lang='lat' dir='ltr'><strong>ut</strong></span> <span class='ocrx_word' id='word_1_196' title='bbox 654 2392 666 2414; x_wconf 89' lang='lat'><strong>,</strong></span> <span class='ocrx_word' id='word_1_197' title='bbox 690 2359 727 2401; x_wconf 90' lang='lat' dir='ltr'><strong>si</strong></span> <span class='ocrx_word' id='word_1_198' title='bbox 747 2357 868 2400; x_wconf 85' lang='lat' dir='ltr'><strong>forte</strong></span> <span class='ocrx_word' id='word_1_199' title='bbox 890 2357 1047 2416; x_wconf 88' lang='lat' dir='ltr'><strong>plures</strong></span> <span class='ocrx_word' id='word_1_200' title='bbox 1064 2356 1272 2415; x_wconf 89' lang='lat' dir='ltr'><strong>ejusdem</strong></span> <span class='ocrx_word' id='word_1_201' title='bbox 1292 2359 1450 2401; x_wconf 90' lang='lat' dir='ltr'><strong>crimi—</strong></span> 
     </span>
     <span class='ocr_line' id='line_1_30' title="bbox 147 2429 1451 2494; baseline -0.003 -16"><span class='ocrx_word' id='word_1_202' title='bbox 147 2436 217 2478; x_wconf 83' lang='lat' dir='ltr'><strong>nis</strong></span> <span class='ocrx_word' id='word_1_203' title='bbox 236 2434 415 2494; x_wconf 88' lang='lat' dir='ltr'><strong>publici</strong></span> <span class='ocrx_word' id='word_1_204' title='bbox 431 2434 500 2477; x_wconf 90' lang='lat' dir='ltr'><strong>rei</strong></span> <span class='ocrx_word' id='word_1_205' title='bbox 521 2439 786 2492; x_wconf 87' lang='lat' dir='ltr'><strong>agerentur,</strong></span> <span class='ocrx_word' id='word_1_206' title='bbox 808 2445 906 2473; x_wconf 82' lang='lat' dir='ltr'><strong>non</strong></span> <span class='ocrx_word' id='word_1_207' title='bbox 927 2431 1242 2474; x_wconf 80' lang='lat' dir='ltr'><strong>omnes-simul</strong></span> <span class='ocrx_word' id='word_1_208' title='bbox 1264 2429 1451 2488; x_wconf 82' lang='lat' dir='ltr'><strong>judica-</strong></span> 
     </span>
     <span class='ocr_line' id='line_1_31' title="bbox 148 2503 1446 2565; baseline -0.003 -14"><span class='ocrx_word' id='word_1_209' title='bbox 148 2517 326 2563; x_wconf 86' lang='lat' dir='ltr'><strong>rentur,</strong></span> <span class='ocrx_word' id='word_1_210' title='bbox 348 2506 430 2550; x_wconf 91' lang='lat' dir='ltr'><strong>sed</strong></span> <span class='ocrx_word' id='word_1_211' title='bbox 451 2506 619 2565; x_wconf 78' lang='lat' dir='ltr'><strong>singuli</strong></span> <span class='ocrx_word' id='word_1_212' title='bbox 638 2520 765 2548; x_wconf 88' lang='lat' dir='ltr'><strong>suam</strong></span> <span class='ocrx_word' id='word_1_213' title='bbox 787 2503 986 2562; x_wconf 87' lang='lat' dir='ltr'><strong>quisque</strong></span> <span class='ocrx_word' id='word_1_214' title='bbox 1015 2518 1199 2547; x_wconf 87' lang='lat' dir='ltr'><strong>eausam</strong></span> <span class='ocrx_word' id='word_1_215' title='bbox 1221 2503 1446 2548; x_wconf 87' lang='lat' dir='ltr'><strong>dicerent.</strong></span> 
     </span>
     <span class='ocr_line' id='line_1_32' title="bbox 149 2577 1450 2636; baseline -0.005 -10"><span class='ocrx_word' id='word_1_216' title='bbox 149 2584 259 2626; x_wconf 86' lang='lat' dir='ltr'><strong>Haec</strong></span> <span class='ocrx_word' id='word_1_217' title='bbox 284 2580 615 2634; x_wconf 89' lang='lat' dir='ltr'><strong>Schneiderus‚</strong></span> <span class='ocrx_word' id='word_1_218' title='bbox 647 2577 779 2636; x_wconf 91' lang='lat' dir='ltr'><strong>cujus</strong></span> <span class='ocrx_word' id='word_1_219' title='bbox 799 2578 1025 2622; x_wconf 87' lang='lat' dir='ltr'><strong>sententia</strong></span> <span class='ocrx_word' id='word_1_220' title='bbox 1044 2593 1138 2621; x_wconf 92' lang='lat' dir='ltr'><strong>uno</strong></span> <span class='ocrx_word' id='word_1_221' title='bbox 1164 2577 1316 2621; x_wconf 90' lang='lat' dir='ltr'><strong>fulcro</strong></span> <span class='ocrx_word' id='word_1_222' title='bbox 1336 2578 1450 2621; x_wconf 86' lang='lat' dir='ltr'><strong>niti-</strong></span> 
     </span>
     <span class='ocr_line' id='line_1_33' title="bbox 153 2649 1451 2711; baseline -0.004 -13"><span class='ocrx_word' id='word_1_223' title='bbox 153 2665 226 2698; x_wconf 84' lang='lat' dir='ltr'><strong>tur</strong></span> <span class='ocrx_word' id='word_1_224' title='bbox 237 2654 392 2698; x_wconf 85' lang='lat' dir='ltr'><strong>verbis</strong></span> <span class='ocrx_word' id='word_1_225' title='bbox 410 2652 739 2711; x_wconf 87' lang='lat' dir='ltr'><strong>Xenophontis</strong></span> <span class='ocrx_word' id='word_1_226' title='bbox 755 2649 797 2710; x_wconf 90' lang='grc' dir='ltr'>Ι,</span> <span class='ocrx_word' id='word_1_227' title='bbox 822 2665 865 2707; x_wconf 88' lang='grc'>7,</span> <span class='ocrx_word' id='word_1_228' title='bbox 890 2649 967 2705; x_wconf 79' lang='grc'>34,</span> <span class='ocrx_word' id='word_1_229' title='bbox 989 2650 1072 2693; x_wconf 90' lang='lat' dir='ltr'><strong>ubi</strong></span> <span class='ocrx_word' id='word_1_230' title='bbox 1089 2657 1198 2709; x_wconf 92' lang='lat' dir='ltr'><strong>post</strong></span> <span class='ocrx_word' id='word_1_231' title='bbox 1213 2650 1451 2694; x_wconf 89' lang='lat' dir='ltr'><strong>recitatam</strong></span> 
     </span>
     <span class='ocr_line' id='line_1_34' title="bbox 148 2723 1451 2786; baseline -0.003 -15"><span class='ocrx_word' id='word_1_232' title='bbox 148 2727 474 2786; x_wconf 80' lang='lat' dir='ltr'><strong>Euryptolemi</strong></span> <span class='ocrx_word' id='word_1_233' title='bbox 500 2726 843 2772; x_wconf 80' lang='lat' dir='ltr'><strong>accusationem</strong></span> <span class='ocrx_word' id='word_1_234' title='bbox 880 2724 1037 2782; x_wconf 86' lang='lat' dir='ltr'><strong>pergit</strong></span> <span class='ocrx_word' id='word_1_235' title='bbox 1060 2724 1258 2782; x_wconf 82' lang='lat' dir='ltr'><strong>scriptor</strong></span> <span class='ocrx_word' id='word_1_236' title='bbox 1283 2737 1294 2769; x_wconf 73' lang='grc' dir='ltr'>ε</span> <span class='ocrx_word' id='word_1_237' title='bbox 1321 2723 1451 2769; x_wconf 89' lang='grc' dir='ltr'>Τοῦτ’</span> 
     </span>
     <span class='ocr_line' id='line_1_35' title="bbox 150 2793 1452 2861; baseline -0.002 -18"><span class='ocrx_word' id='word_1_238' title='bbox 150 2797 280 2844; x_wconf 84' lang='grc' dir='ltr'>εἰπὼν</span> <span class='ocrx_word' id='word_1_239' title='bbox 305 2796 635 2861; x_wconf 80' lang='grc' dir='ltr'>Εὐρυπτόλεμος</span> <span class='ocrx_word' id='word_1_240' title='bbox 650 2833 662 2851; x_wconf 82' lang='grc'>,</span> <span class='ocrx_word' id='word_1_241' title='bbox 691 2794 851 2860; x_wconf 77' lang='grc' dir='ltr'>ἔγραψε</span> <span class='ocrx_word' id='word_1_242' title='bbox 872 2793 1050 2856; x_wconf 81' lang='grc' dir='ltr'>γνώμην</span> <span class='ocrx_word' id='word_1_243' title='bbox 1070 2793 1182 2841; x_wconf 87' lang='grc' dir='ltr'>κατὰ</span> <span class='ocrx_word' id='word_1_244' title='bbox 1203 2793 1250 2840; x_wconf 82' lang='grc' dir='ltr'><strong>τὸ</strong></span> <span class='ocrx_word' id='word_1_245' title='bbox 1273 2794 1452 2842; x_wconf 81' lang='grc' dir='ltr'>Καννώ-</span> 
     </span>
     <span class='ocr_line' id='line_1_36' title="bbox 149 2866 1450 2935; baseline -0.002 -19"><span class='ocrx_word' id='word_1_246' title='bbox 149 2890 221 2918; x_wconf 90' lang='grc' dir='ltr'><strong>νου</strong></span> <span class='ocrx_word' id='word_1_247' title='bbox 254 2870 457 2935; x_wconf 82' lang='grc' dir='ltr'>ψήφισμα</span> <span class='ocrx_word' id='word_1_248' title='bbox 495 2869 711 2933; x_wconf 89' lang='grc' dir='ltr'>κρίνεσθαι</span> <span class='ocrx_word' id='word_1_249' title='bbox 747 2866 842 2921; x_wconf 79' lang='grc' dir='ltr'>τοὺς</span> <span class='ocrx_word' id='word_1_250' title='bbox 882 2867 1060 2932; x_wconf 84' lang='grc' dir='ltr'>ἄνδρας,</span> <span class='ocrx_word' id='word_1_251' title='bbox 1101 2867 1203 2931; x_wconf 85' lang='grc' dir='ltr'>δίχα</span> <span class='ocrx_word' id='word_1_252' title='bbox 1242 2866 1450 2935; x_wconf 74' lang='grc' dir='ltr'><strong>ἕκαστον·Ι</strong></span> 
     </span>
     <span class='ocr_line' id='line_1_37' title="bbox 152 2936 1452 3006; baseline -0.002 -16"><span class='ocrx_word' id='word_1_253' title='bbox 152 2947 179 3001; x_wconf 73' lang='grc' dir='ltr'>ἡ</span> <span class='ocrx_word' id='word_1_254' title='bbox 206 2943 250 2990; x_wconf 82' lang='grc' dir='ltr'>δὲ</span> <span class='ocrx_word' id='word_1_255' title='bbox 289 2947 366 3000; x_wconf 74' lang='grc' dir='ltr'><strong>τῆς</strong></span> <span class='ocrx_word' id='word_1_256' title='bbox 400 2943 554 3006; x_wconf 73' lang='grc' dir='ltr'>βουλῆς</span> <span class='ocrx_word' id='word_1_257' title='bbox 579 2936 650 3000; x_wconf 74' lang='grc' dir='ltr'><strong>ἧν,</strong></span> <span class='ocrx_word' id='word_1_258' title='bbox 685 2948 765 3006; x_wconf 72' lang='grc' dir='ltr'><strong>μιᾷ</strong></span> <span class='ocrx_word' id='word_1_259' title='bbox 789 2939 920 3005; x_wconf 76' lang='grc' dir='ltr'>ψήφῳ</span> <span class='ocrx_word' id='word_1_260' title='bbox 959 2940 1152 2994; x_wconf 85' lang='grc' dir='ltr'>ἅπαντας</span> <span class='ocrx_word' id='word_1_261' title='bbox 1184 2939 1358 3004; x_wconf 89' lang='grc' dir='ltr'>κρίνειν.</span> <span class='ocrx_word' id='word_1_262' title='bbox 1391 2946 1452 2987; x_wconf 84' lang='lat' dir='ltr'><strong>At</strong></span> 
     </span>
     <span class='ocr_line' id='line_1_38' title="bbox 149 3015 1447 3075; baseline -0.004 -12"><span class='ocrx_word' id='word_1_263' title='bbox 149 3035 262 3063; x_wconf 75' lang='lat' dir='ltr'><strong>vero</strong></span> <span class='ocrx_word' id='word_1_264' title='bbox 302 3018 509 3063; x_wconf 91' lang='lat' dir='ltr'><strong>Cannoni</strong></span> <span class='ocrx_word' id='word_1_265' title='bbox 540 3017 782 3060; x_wconf 90' lang='lat' dir='ltr'><strong>decretum</strong></span> <span class='ocrx_word' id='word_1_266' title='bbox 821 3015 870 3059; x_wconf 88' lang='lat' dir='ltr'><strong>h.</strong></span> <span class='ocrx_word' id='word_1_267' title='bbox 907 3017 940 3061; x_wconf 94' lang='lat' dir='ltr'><strong>l.</strong></span> <span class='ocrx_word' id='word_1_268' title='bbox 975 3016 1158 3059; x_wconf 91' lang='lat' dir='ltr'><strong>nonita</strong></span> <span class='ocrx_word' id='word_1_269' title='bbox 1189 3024 1447 3075; x_wconf 75' lang='lat' dir='ltr'><strong>memorat,</strong></span> 
     </span>
     <span class='ocr_line' id='line_1_39' title="bbox 151 3084 1450 3150; baseline -0.004 -14"><span class='ocrx_word' id='word_1_270' title='bbox 151 3102 201 3135; x_wconf 92' lang='lat' dir='ltr'><strong>ut</strong></span> <span class='ocrx_word' id='word_1_271' title='bbox 230 3091 369 3150; x_wconf 90' lang='lat' dir='ltr'><strong>hujus</strong></span> <span class='ocrx_word' id='word_1_272' title='bbox 401 3090 678 3134; x_wconf 86' lang='lat' dir='ltr'><strong>auctoritate</strong></span> <span class='ocrx_word' id='word_1_273' title='bbox 717 3084 816 3150; x_wconf 75' lang='grc' dir='ltr'>δίχα</span> <span class='ocrx_word' id='word_1_274' title='bbox 850 3086 1029 3133; x_wconf 82' lang='grc' dir='ltr'>ἕκαστον</span> <span class='ocrx_word' id='word_1_275' title='bbox 1064 3085 1281 3150; x_wconf 85' lang='grc' dir='ltr'>κρίνεσθαι</span> <span class='ocrx_word' id='word_1_276' title='bbox 1305 3090 1450 3148; x_wconf 82' lang='lat' dir='ltr'><strong>signi-</strong></span> 
     </span>
     <span class='ocr_line' id='line_1_40' title="bbox 149 3161 1449 3221; baseline -0.003 -13"><span class='ocrx_word' id='word_1_277' title='bbox 149 3163 257 3209; x_wconf 76' lang='lat' dir='ltr'><strong>ficet</strong></span> <span class='ocrx_word' id='word_1_278' title='bbox 298 3179 308 3207; x_wconf 75' lang='lat' dir='ltr'><em>z</em></span> <span class='ocrx_word' id='word_1_279' title='bbox 354 3163 435 3207; x_wconf 91' lang='lat' dir='ltr'><strong>sed</strong></span> <span class='ocrx_word' id='word_1_280' title='bbox 473 3162 697 3221; x_wconf 85' lang='lat' dir='ltr'><strong>quoniam</strong></span> <span class='ocrx_word' id='word_1_281' title='bbox 735 3170 895 3205; x_wconf 90' lang='lat' dir='ltr'><strong>orator</strong></span> <span class='ocrx_word' id='word_1_282' title='bbox 936 3161 1068 3203; x_wconf 88' lang='lat' dir='ltr'><strong>initio</strong></span> <span class='ocrx_word' id='word_1_283' title='bbox 1104 3161 1328 3204; x_wconf 88' lang='lat' dir='ltr'><strong>orationis</strong></span> <span class='ocrx_word' id='word_1_284' title='bbox 1359 3176 1449 3204; x_wconf 86' lang='lat' dir='ltr'><strong>suae</strong></span> 
     </span>
     <span class='ocr_line' id='line_1_41' title="bbox 152 3233 1451 3294; baseline -0.004 -13"><span class='ocrx_word' id='word_1_285' title='bbox 152 3237 330 3281; x_wconf 85' lang='lat' dir='ltr'><strong>dixerat</strong></span> <span class='ocrx_word' id='word_1_286' title='bbox 350 3252 397 3280; x_wconf 91' lang='lat' dir='ltr'><strong>se</strong></span> <span class='ocrx_word' id='word_1_287' title='bbox 418 3235 610 3294; x_wconf 90' lang='lat' dir='ltr'><strong>quidem</strong></span> <span class='ocrx_word' id='word_1_288' title='bbox 629 3235 885 3293; x_wconf 82' lang='lat' dir='ltr'><strong>postulare,</strong></span> <span class='ocrx_word' id='word_1_289' title='bbox 911 3242 964 3277; x_wconf 92' lang='lat' dir='ltr'><strong>ut</strong></span> <span class='ocrx_word' id='word_1_290' title='bbox 985 3233 1126 3277; x_wconf 91' lang='lat' dir='ltr'><strong>duces</strong></span> <span class='ocrx_word' id='word_1_291' title='bbox 1147 3234 1214 3276; x_wconf 90' lang='lat' dir='ltr'><strong>illi</strong></span> <span class='ocrx_word' id='word_1_292' title='bbox 1233 3233 1451 3291; x_wconf 89' lang='lat' dir='ltr'><strong>judicen-</strong></span> 
     </span>
     <span class='ocr_line' id='line_1_42' title="bbox 154 3304 1451 3366; baseline -0.005 -12"><span class='ocrx_word' id='word_1_293' title='bbox 154 3318 228 3354; x_wconf 74' lang='lat' dir='ltr'><strong>rur</strong></span> <span class='ocrx_word' id='word_1_294' title='bbox 250 3325 306 3354; x_wconf 90' lang='lat' dir='ltr'><strong>ex</strong></span> <span class='ocrx_word' id='word_1_295' title='bbox 331 3308 541 3354; x_wconf 90' lang='lat' dir='ltr'><strong>Cannoni</strong></span> <span class='ocrx_word' id='word_1_296' title='bbox 565 3307 755 3351; x_wconf 89' lang='lat' dir='ltr'><strong>decreto</strong></span> <span class='ocrx_word' id='word_1_297' title='bbox 775 3304 935 3366; x_wconf 81' lang='lat' dir='ltr'><strong>(quod</strong></span> <span class='ocrx_word' id='word_1_298' title='bbox 959 3313 1099 3365; x_wconf 90' lang='lat' dir='ltr'><strong>supra</strong></span> <span class='ocrx_word' id='word_1_299' title='bbox 1124 3305 1451 3365; x_wconf 81' lang='lat' dir='ltr'><strong>Xenophontis</strong></span> 
     </span>
     <span class='ocr_line' id='line_1_43' title="bbox 149 3378 1449 3439; baseline -0.005 -13"><span class='ocrx_word' id='word_1_300' title='bbox 149 3382 305 3426; x_wconf 84' lang='lat' dir='ltr'><strong>verbis</strong></span> <span class='ocrx_word' id='word_1_301' title='bbox 326 3378 591 3439; x_wconf 88' lang='lat' dir='ltr'><strong>dedimus),</strong></span> <span class='ocrx_word' id='word_1_302' title='bbox 613 3394 766 3437; x_wconf 92' lang='lat' dir='ltr'><strong>neque</strong></span> <span class='ocrx_word' id='word_1_303' title='bbox 787 3388 937 3423; x_wconf 89' lang='lat' dir='ltr'><strong>tamen</strong></span> <span class='ocrx_word' id='word_1_304' title='bbox 963 3394 1009 3422; x_wconf 94' lang='lat' dir='ltr'><strong>se</strong></span> <span class='ocrx_word' id='word_1_305' title='bbox 1036 3378 1284 3438; x_wconf 85' lang='lat' dir='ltr'><strong>refragari,</strong></span> <span class='ocrx_word' id='word_1_306' title='bbox 1311 3379 1347 3421; x_wconf 90' lang='lat' dir='ltr'><strong>si</strong></span> <span class='ocrx_word' id='word_1_307' title='bbox 1370 3379 1449 3437; x_wconf 92' lang='lat' dir='ltr'><strong>qui</strong></span> 
     </span>
     <span class='ocr_line' id='line_1_44' title="bbox 148 3451 1450 3512; baseline -0.004 -13"><span class='ocrx_word' id='word_1_308' title='bbox 148 3456 341 3499; x_wconf 87' lang='lat' dir='ltr'><strong>mallent</strong></span> <span class='ocrx_word' id='word_1_309' title='bbox 361 3453 565 3512; x_wconf 86' lang='lat' dir='ltr'><strong>judicari</strong></span> <span class='ocrx_word' id='word_1_310' title='bbox 590 3452 695 3494; x_wconf 90' lang='lat' dir='ltr'><strong>illos</strong></span> <span class='ocrx_word' id='word_1_311' title='bbox 723 3467 779 3495; x_wconf 89' lang='lat' dir='ltr'><strong>ex</strong></span> <span class='ocrx_word' id='word_1_312' title='bbox 796 3467 849 3495; x_wconf 92' lang='lat' dir='ltr'><strong>ea</strong></span> <span class='ocrx_word' id='word_1_313' title='bbox 866 3452 987 3511; x_wconf 87' lang='lat' dir='ltr'><strong>lege,</strong></span> <span class='ocrx_word' id='word_1_314' title='bbox 1012 3467 1116 3510; x_wconf 88' lang='lat' dir='ltr'><strong>quae</strong></span> <span class='ocrx_word' id='word_1_315' title='bbox 1139 3451 1197 3495; x_wconf 93' lang='lat' dir='ltr'><strong>de</strong></span> <span class='ocrx_word' id='word_1_316' title='bbox 1217 3451 1450 3510; x_wconf 84' lang='lat' dir='ltr'><strong>sacrilegis</strong></span> 
     </span>
    </p>
   </div>
   <div class='ocr_carea' id='block_1_5' title="bbox 1143 274 1810 325">
    <p class='ocr_par' dir='ltr' id='par_1_5' title="bbox 1143 274 1810 325">
     <span class='ocr_line' id='line_1_45' title="bbox 1143 274 1810 325; baseline 0.006 -4"><span class='ocrx_word' id='word_1_317' title='bbox 1143 274 1411 322; x_wconf 83' lang='lat' dir='ltr'><strong>CRATERI</strong></span> <span class='ocrx_word' id='word_1_318' title='bbox 1451 274 1810 325; x_wconf 74' lang='lat' dir='ltr'><strong>MACEDONJS</strong></span> 
     </span>
    </p>
   </div>
   <div class='ocr_carea' id='block_1_6' title="bbox 1524 384 2885 449">
    <p class='ocr_par' dir='ltr' id='par_1_6' title="bbox 1524 384 2885 449">
     <span class='ocr_line' id='line_1_46' title="bbox 1524 384 2885 449; baseline 0.003 -20"><span class='ocrx_word' id='word_1_319' title='bbox 1524 393 1568 429; x_wconf 91' lang='lat' dir='ltr'><strong>et</strong></span> <span class='ocrx_word' id='word_1_320' title='bbox 1599 386 1925 445; x_wconf 86' lang='lat' dir='ltr'><strong>proditoribus</strong></span> <span class='ocrx_word' id='word_1_321' title='bbox 1948 389 2040 433; x_wconf 92' lang='lat' dir='ltr'><strong>lata</strong></span> <span class='ocrx_word' id='word_1_322' title='bbox 2063 390 2145 444; x_wconf 83' lang='lat' dir='ltr'><strong>sit,</strong></span> <span class='ocrx_word' id='word_1_323' title='bbox 2176 391 2233 434; x_wconf 76' lang='lat' dir='ltr'><strong>e&#39;x</strong></span> <span class='ocrx_word' id='word_1_324' title='bbox 2256 405 2350 449; x_wconf 89' lang='lat' dir='ltr'><strong>qua</strong></span> <span class='ocrx_word' id='word_1_325' title='bbox 2373 384 2668 436; x_wconf 85' lang='lat' dir='ltr'><strong>condemnati</strong></span> <span class='ocrx_word' id='word_1_326' title='bbox 2694 384 2847 440; x_wconf 57' lang='lat' dir='ltr'><strong>exii-&#39;ais</strong></span> <span class='ocrx_word' id='word_1_327' title='bbox 2876 419 2885 433; x_wconf 56' lang='lat'><em>2</em></span> 
     </span>
    </p>
   </div>
   <div class='ocr_carea' id='block_1_7' title="bbox 1521 460 3008 1325">
    <p class='ocr_par' dir='ltr' id='par_1_7' title="bbox 1521 460 3008 1325">
     <span class='ocr_line' id='line_1_47' title="bbox 1523 460 2935 522; baseline 0.006 -20"><span class='ocrx_word' id='word_1_328' title='bbox 1523 460 1724 503; x_wconf 89' lang='lat' dir='ltr'><strong>Atticam</strong></span> <span class='ocrx_word' id='word_1_329' title='bbox 1740 460 1996 522; x_wconf 85' lang='lat' dir='ltr'><strong>sepeliendi</strong></span> <span class='ocrx_word' id='word_1_330' title='bbox 2013 470 2058 506; x_wconf 90' lang='lat' dir='ltr'><strong>et</strong></span> <span class='ocrx_word' id='word_1_331' title='bbox 2073 462 2198 506; x_wconf 90' lang='lat' dir='ltr'><strong>bona</strong></span> <span class='ocrx_word' id='word_1_332' title='bbox 2215 477 2380 506; x_wconf 90' lang='lat' dir='ltr'><strong>eorum</strong></span> <span class='ocrx_word' id='word_1_333' title='bbox 2398 463 2683 522; x_wconf 84' lang='lat' dir='ltr'><strong>publicanda</strong></span> <span class='ocrx_word' id='word_1_334' title='bbox 2698 467 2788 512; x_wconf 86' lang='lat' dir='ltr'><strong>sint</strong></span> <span class='ocrx_word' id='word_1_335' title='bbox 2807 483 2827 512; x_wconf 62' lang='lat' dir='ltr'><strong>:vr</strong></span> <span class='ocrx_word' id='word_1_336' title='bbox 2863 469 2876 485; x_wconf 70' lang='lat'>⁸</span> <span class='ocrx_word' id='word_1_337' title='bbox 2926 487 2935 519; x_wconf 58' lang='lat'><strong>:⁴</strong></span> 
     </span>
     <span class='ocr_line' id='line_1_48' title="bbox 1521 534 2838 598; baseline 0.006 -23"><span class='ocrx_word' id='word_1_338' title='bbox 1521 541 1776 592; x_wconf 89' lang='lat' dir='ltr'><strong>propterea</strong></span> <span class='ocrx_word' id='word_1_339' title='bbox 1790 534 2154 594; x_wconf 88' lang='lat' dir='ltr'><strong>Euryptolemus</strong></span> <span class='ocrx_word' id='word_1_340' title='bbox 2166 536 2458 595; x_wconf 87' lang='lat' dir='ltr'><strong>rogationem</strong></span> <span class='ocrx_word' id='word_1_341' title='bbox 2477 535 2697 598; x_wconf 86' lang='lat' dir='ltr'><strong>deinceps</strong></span> <span class='ocrx_word' id='word_1_342' title='bbox 2708 541 2838 584; x_wconf 30' lang='lat' dir='ltr'><strong>scri-³</strong></span> 
     </span>
     <span class='ocr_line' id='line_1_49' title="bbox 1522 599 2939 668; baseline 0.005 -20"><span class='ocrx_word' id='word_1_343' title='bbox 1522 603 1638 648; x_wconf 91' lang='lat' dir='ltr'><strong>bens</strong></span> <span class='ocrx_word' id='word_1_344' title='bbox 1671 621 1886 665; x_wconf 89' lang='lat' dir='ltr'><strong>expresse</strong></span> <span class='ocrx_word' id='word_1_345' title='bbox 1907 608 2186 652; x_wconf 86' lang='lat' dir='ltr'><strong>memoravit</strong></span> <span class='ocrx_word' id='word_1_346' title='bbox 2216 623 2270 653; x_wconf 74' lang='lat' dir='ltr'><strong>se</strong></span> <span class='ocrx_word' id='word_1_347' title='bbox 2291 623 2348 653; x_wconf 84' lang='lat' dir='ltr'><strong>ex</strong></span> <span class='ocrx_word' id='word_1_348' title='bbox 2387 609 2598 654; x_wconf 88' lang='lat' dir='ltr'><strong>Cannoni</strong></span> <span class='ocrx_word' id='word_1_349' title='bbox 2632 610 2846 659; x_wconf 68' lang='lat' dir='ltr'><strong>decreto.</strong></span> <span class='ocrx_word' id='word_1_350' title='bbox 2928 599 2939 668; x_wconf 44' lang='grc' dir='ltr'><strong>’ί</strong></span> 
     </span>
     <span class='ocr_line' id='line_1_50' title="bbox 1526 674 2868 742; baseline 0.005 -22"><span class='ocrx_word' id='word_1_351' title='bbox 1526 674 1646 735; x_wconf 86' lang='grc'><strong>(11011</strong></span> <span class='ocrx_word' id='word_1_352' title='bbox 1668 691 1724 721; x_wconf 85' lang='lat' dir='ltr'><strong>ex</strong></span> <span class='ocrx_word' id='word_1_353' title='bbox 1747 678 1848 737; x_wconf 85' lang='lat' dir='ltr'><strong>lege</strong></span> <span class='ocrx_word' id='word_1_354' title='bbox 1866 679 2194 738; x_wconf 89' lang='lat' dir='ltr'><strong>proditorum)</strong></span> <span class='ocrx_word' id='word_1_355' title='bbox 2230 695 2337 724; x_wconf 90' lang='lat' dir='ltr'><strong>cum</strong></span> <span class='ocrx_word' id='word_1_356' title='bbox 2360 681 2452 725; x_wconf 85' lang='lat' dir='ltr'><strong>reis</strong></span> <span class='ocrx_word' id='word_1_357' title='bbox 2471 682 2708 742; x_wconf 80' lang='lat' dir='ltr'><strong>agendum</strong></span> <span class='ocrx_word' id='word_1_358' title='bbox 2730 699 2830 731; x_wconf 76' lang='lat' dir='ltr'><strong>esse·</strong></span> <span class='ocrx_word' id='word_1_359' title='bbox 2859 718 2868 733; x_wconf 70' lang='grc'>,</span> 
     </span>
     <span class='ocr_line' id='line_1_51' title="bbox 1524 750 2939 816; baseline 0.008 -25"><span class='ocrx_word' id='word_1_360' title='bbox 1524 763 1725 795; x_wconf 85' lang='lat' dir='ltr'><strong>censere.</strong></span> <span class='ocrx_word' id='word_1_361' title='bbox 1745 750 1886 807; x_wconf 91' lang='lat' dir='ltr'><strong>Quod</strong></span> <span class='ocrx_word' id='word_1_362' title='bbox 1901 767 2015 796; x_wconf 87' lang='lat' dir='ltr'><strong>vero</strong></span> <span class='ocrx_word' id='word_1_363' title='bbox 2033 752 2164 797; x_wconf 89' lang='lat' dir='ltr'><strong>addit</strong></span> <span class='ocrx_word' id='word_1_364' title='bbox 2181 750 2283 814; x_wconf 85' lang='grc' dir='ltr'>δίχα</span> <span class='ocrx_word' id='word_1_365' title='bbox 2305 750 2503 810; x_wconf 79' lang='grc' dir='ltr'>ἕκαστον,</span> <span class='ocrx_word' id='word_1_366' title='bbox 2524 770 2622 799; x_wconf 90' lang='lat' dir='ltr'><strong>non</strong></span> <span class='ocrx_word' id='word_1_367' title='bbox 2636 757 2858 816; x_wconf 49' lang='lat' dir='ltr'><strong>psephi-a·</strong></span> <span class='ocrx_word' id='word_1_368' title='bbox 2894 782 2899 794; x_wconf 74' lang='grc'><strong><em>«</em></strong></span> <span class='ocrx_word' id='word_1_369' title='bbox 2933 764 2939 780; x_wconf 69' lang='lat'>³</span> 
     </span>
     <span class='ocr_line' id='line_1_52' title="bbox 1524 820 2942 879; baseline 0.009 -15"><span class='ocrx_word' id='word_1_370' title='bbox 1524 822 1678 865; x_wconf 86' lang='lat' dir='ltr'><strong>smatis</strong></span> <span class='ocrx_word' id='word_1_371' title='bbox 1691 820 1843 879; x_wconf 85' lang='lat' dir='ltr'><strong>jussu,</strong></span> <span class='ocrx_word' id='word_1_372' title='bbox 1865 823 1947 867; x_wconf 91' lang='lat' dir='ltr'><strong>sed</strong></span> <span class='ocrx_word' id='word_1_373' title='bbox 1968 838 1993 868; x_wconf 88' lang='lat' dir='ltr'><strong>e</strong></span> <span class='ocrx_word' id='word_1_374' title='bbox 2016 839 2096 868; x_wconf 90' lang='lat' dir='ltr'><strong>sua</strong></span> <span class='ocrx_word' id='word_1_375' title='bbox 2123 826 2346 870; x_wconf 90' lang='lat' dir='ltr'><strong>sententia</strong></span> <span class='ocrx_word' id='word_1_376' title='bbox 2366 825 2515 870; x_wconf 88' lang='lat' dir='ltr'><strong>addit.</strong></span> <span class='ocrx_word' id='word_1_377' title='bbox 2543 828 2834 875; x_wconf 71' lang='lat' dir='ltr'><strong>Nam-etiam</strong></span> <span class='ocrx_word' id='word_1_378' title='bbox 2867 843 2871 846; x_wconf 78' lang='grc'><strong>”</strong></span> <span class='ocrx_word' id='word_1_379' title='bbox 2936 822 2942 877; x_wconf 68' lang='grc' dir='ltr'>ἶ</span> 
     </span>
     <span class='ocr_line' id='line_1_53' title="bbox 1523 893 3008 960; baseline 0.01 -24"><span class='ocrx_word' id='word_1_380' title='bbox 1523 907 1548 936; x_wconf 94' lang='lat' dir='ltr'><strong>e</strong></span> <span class='ocrx_word' id='word_1_381' title='bbox 1572 893 1672 952; x_wconf 85' lang='lat' dir='ltr'><strong>lege</strong></span> <span class='ocrx_word' id='word_1_382' title='bbox 1688 894 1989 953; x_wconf 89' lang='lat' dir='ltr'><strong>proditorum</strong></span> <span class='ocrx_word' id='word_1_383' title='bbox 2010 898 2105 942; x_wconf 82' lang='grc' dir='ltr'>καθ’</span> <span class='ocrx_word' id='word_1_384' title='bbox 2126 894 2200 942; x_wconf 79' lang='grc' dir='ltr'>ἕνα</span> <span class='ocrx_word' id='word_1_385' title='bbox 2219 895 2399 943; x_wconf 81' lang='grc' dir='ltr'>ἕκαστον</span> <span class='ocrx_word' id='word_1_386' title='bbox 2423 896 2644 960; x_wconf 90' lang='grc' dir='ltr'>κρίνεσθαι</span> <span class='ocrx_word' id='word_1_387' title='bbox 2661 903 2824 950; x_wconf 86' lang='lat' dir='ltr'><strong>voluit.</strong></span> <span class='ocrx_word' id='word_1_388' title='bbox 2871 955 2873 958; x_wconf 21' lang='lat'><strong><em>¹</em></strong></span> <span class='ocrx_word' id='word_1_389' title='bbox 2939 910 2943 918; x_wconf 74' lang='lat'><strong>⁴</strong></span> <span class='ocrx_word' id='word_1_390' title='bbox 3004 937 3008 952; x_wconf 58' lang='grc'><strong>1</strong></span> 
     </span>
     <span class='ocr_line' id='line_1_54' title="bbox 1527 962 2951 1033; baseline 0.007 -25"><span class='ocrx_word' id='word_1_391' title='bbox 1527 962 1653 1009; x_wconf 88' lang='lat' dir='ltr'><strong>Hanc</strong></span> <span class='ocrx_word' id='word_1_392' title='bbox 1681 969 1980 1025; x_wconf 88' lang='lat' dir='ltr'><strong>sententiam,</strong></span> <span class='ocrx_word' id='word_1_393' title='bbox 2014 984 2111 1013; x_wconf 92' lang='lat' dir='ltr'><strong>non</strong></span> <span class='ocrx_word' id='word_1_394' title='bbox 2134 968 2410 1033; x_wconf 77' lang='grc' dir='ltr'>ψηφίσματος</span> <span class='ocrx_word' id='word_1_395' title='bbox 2435 971 2615 1030; x_wconf 86' lang='lat' dir='ltr'><strong>jussum</strong></span> <span class='ocrx_word' id='word_1_396' title='bbox 2642 982 2826 1019; x_wconf 89' lang='lat' dir='ltr'><strong>senatus</strong></span> <span class='ocrx_word' id='word_1_397' title='bbox 2870 999 2905 1015; x_wconf 68' lang='lat' dir='ltr'><strong>a.</strong></span> <span class='ocrx_word' id='word_1_398' title='bbox 2941 972 2951 1018; x_wconf 60' lang='lat' dir='ltr'><strong>&#39;i</strong></span> 
     </span>
     <span class='ocr_line' id='line_1_55' title="bbox 1521 1030 2951 1112; baseline 0.007 -32"><span class='ocrx_word' id='word_1_399' title='bbox 1521 1038 1844 1097; x_wconf 75' lang='lat' dir='ltr'><strong>impugnavit,</strong></span> <span class='ocrx_word' id='word_1_400' title='bbox 1866 1049 1911 1084; x_wconf 91' lang='lat' dir='ltr'><strong>et</strong></span> <span class='ocrx_word' id='word_1_401' title='bbox 1944 1042 2222 1101; x_wconf 85' lang='lat' dir='ltr'><strong>impugnare</strong></span> <span class='ocrx_word' id='word_1_402' title='bbox 2244 1052 2446 1102; x_wconf 88' lang='lat' dir='ltr'><strong>poterat.</strong></span> <span class='ocrx_word' id='word_1_403' title='bbox 2473 1046 2544 1088; x_wconf 87' lang='lat' dir='ltr'><strong>Ita</strong></span> <span class='ocrx_word' id='word_1_404' title='bbox 2566 1046 2688 1090; x_wconf 91' lang='lat' dir='ltr'><strong>enim</strong></span> <span class='ocrx_word' id='word_1_405' title='bbox 2711 1045 2738 1107; x_wconf 81' lang='lat'>§</span> <span class='ocrx_word' id='word_1_406' title='bbox 2762 1030 2829 1092; x_wconf 82' lang='lat'><strong>23&#39;</strong></span> <span class='ocrx_word' id='word_1_407' title='bbox 2882 1098 2884 1100; x_wconf 13' lang='lat' dir='ltr'>v</span> <span class='ocrx_word' id='word_1_408' title='bbox 2906 1079 2910 1098; x_wconf 52' lang='lat'><em>5</em></span> <span class='ocrx_word' id='word_1_409' title='bbox 2944 1061 2951 1112; x_wconf 56' lang='grc' dir='ltr'>ζ</span> 
     </span>
     <span class='ocr_line' id='line_1_56' title="bbox 1523 1107 2913 1182; baseline 0.004 -29"><span class='ocrx_word' id='word_1_410' title='bbox 1523 1111 1615 1155; x_wconf 85' lang='lat' dir='ltr'><strong>ait:</strong></span> <span class='ocrx_word' id='word_1_411' title='bbox 1635 1107 1810 1156; x_wconf 80' lang='grc' dir='ltr'>Τούτων</span> <span class='ocrx_word' id='word_1_412' title='bbox 1828 1111 1918 1172; x_wconf 88' lang='lat' dir='ltr'><strong>(se.</strong></span> <span class='ocrx_word' id='word_1_413' title='bbox 1937 1113 2022 1159; x_wconf 88' lang='grc' dir='ltr'><strong>τῶν</strong></span> <span class='ocrx_word' id='word_1_414' title='bbox 2041 1111 2200 1174; x_wconf 88' lang='grc' dir='ltr'>νόμων,</span> <span class='ocrx_word' id='word_1_415' title='bbox 2214 1119 2288 1161; x_wconf 90' lang='grc' dir='ltr'><strong>τοῦ</strong></span> <span class='ocrx_word' id='word_1_416' title='bbox 2303 1113 2373 1160; x_wconf 74' lang='grc' dir='ltr'><strong>ἐπὶ</strong></span> <span class='ocrx_word' id='word_1_417' title='bbox 2385 1112 2619 1179; x_wconf 80' lang='grc' dir='ltr'>ἱεροσύλοις</span> <span class='ocrx_word' id='word_1_418' title='bbox 2634 1115 2709 1163; x_wconf 76' lang='grc' dir='ltr'><strong>καὶ</strong></span> <span class='ocrx_word' id='word_1_419' title='bbox 2721 1130 2836 1182; x_wconf 66' lang='lat' dir='ltr'><strong>arpo-&#39;-</strong></span> <span class='ocrx_word' id='word_1_420' title='bbox 2911 1123 2913 1127; x_wconf 85' lang='grc'>’</span> 
     </span>
     <span class='ocr_line' id='line_1_57' title="bbox 1523 1180 2954 1255; baseline 0.006 -28"><span class='ocrx_word' id='word_1_421' title='bbox 1523 1180 1664 1235; x_wconf 88' lang='grc' dir='ltr'>δόταις</span> <span class='ocrx_word' id='word_1_422' title='bbox 1683 1192 1730 1255; x_wconf 57' lang='lat' dir='ltr'><strong>ej</strong></span> <span class='ocrx_word' id='word_1_423' title='bbox 1753 1186 1828 1229; x_wconf 87' lang='grc' dir='ltr'><strong>τοῦ</strong></span> <span class='ocrx_word' id='word_1_424' title='bbox 1853 1184 1901 1230; x_wconf 86' lang='grc' dir='ltr'><strong>ἐκ</strong></span> <span class='ocrx_word' id='word_1_425' title='bbox 1926 1184 2156 1233; x_wconf 85' lang='grc' dir='ltr'>Καννώνου</span> <span class='ocrx_word' id='word_1_426' title='bbox 2176 1186 2454 1251; x_wconf 76' lang='grc' dir='ltr'>ψηφίσματος</span> <span class='ocrx_word' id='word_1_427' title='bbox 2465 1189 2491 1251; x_wconf 89' lang='grc'>)</span> <span class='ocrx_word' id='word_1_428' title='bbox 2502 1187 2696 1254; x_wconf 81' lang='grc' dir='ltr'>ὁποτέρῳ</span> <span class='ocrx_word' id='word_1_429' title='bbox 2723 1188 2840 1253; x_wconf 70' lang='grc' dir='ltr'>βούο-</span> <span class='ocrx_word' id='word_1_430' title='bbox 2863 1196 2889 1225; x_wconf 54' lang='grc' dir='ltr'>ἒ</span> <span class='ocrx_word' id='word_1_431' title='bbox 2950 1211 2954 1226; x_wconf 70' lang='lat'>³</span> 
     </span>
     <span class='ocr_line' id='line_1_58' title="bbox 1521 1252 2953 1325; baseline 0.008 -25"><span class='ocrx_word' id='word_1_432' title='bbox 1521 1254 1669 1313; x_wconf 84' lang='grc' dir='ltr'>λεσθε,</span> <span class='ocrx_word' id='word_1_433' title='bbox 1693 1256 1729 1301; x_wconf 88' lang='grc' dir='ltr'>ὠ</span> <span class='ocrx_word' id='word_1_434' title='bbox 1766 1253 1917 1321; x_wconf 82' lang='grc' dir='ltr'>ἄνδρες</span> <span class='ocrx_word' id='word_1_435' title='bbox 1955 1256 2198 1321; x_wconf 82' lang='grc' dir='ltr'>Ἀθηναῖοι,</span> <span class='ocrx_word' id='word_1_436' title='bbox 2234 1262 2302 1324; x_wconf 77' lang='grc' dir='ltr'><strong>τῷ</strong></span> <span class='ocrx_word' id='word_1_437' title='bbox 2320 1259 2439 1324; x_wconf 83' lang='grc' dir='ltr'>νόμῳ</span> <span class='ocrx_word' id='word_1_438' title='bbox 2463 1261 2754 1325; x_wconf 83' lang='grc' dir='ltr'>κρινέσθωσαν</span> <span class='ocrx_word' id='word_1_439' title='bbox 2785 1263 2831 1310; x_wconf 68' lang='grc' dir='ltr'><strong>οἷ’</strong></span> <span class='ocrx_word' id='word_1_440' title='bbox 2882 1252 2889 1273; x_wconf 50' lang='grc' dir='ltr'><em>ἱ</em></span> <span class='ocrx_word' id='word_1_441' title='bbox 2952 1255 2953 1259; x_wconf 22' lang='lat'>¹</span> 
     </span>
    </p>
   </div>
   <div class='ocr_carea' id='block_1_8' title="bbox 1523 1326 2882 1395">
    <p class='ocr_par' dir='ltr' id='par_1_8' title="bbox 1523 1326 2882 1395">
     <span class='ocr_line' id='line_1_59' title="bbox 1523 1326 2882 1395; baseline 0.008 -23"><span class='ocrx_word' id='word_1_442' title='bbox 1523 1326 1670 1391; x_wconf 82' lang='grc' dir='ltr'>ἄνδρες</span> <span class='ocrx_word' id='word_1_443' title='bbox 1689 1328 1784 1375; x_wconf 87' lang='grc' dir='ltr'>καθ’</span> <span class='ocrx_word' id='word_1_444' title='bbox 1819 1326 1894 1375; x_wconf 78' lang='grc' dir='ltr'>ἕνα</span> <span class='ocrx_word' id='word_1_445' title='bbox 1918 1329 2114 1381; x_wconf 79' lang='grc' dir='ltr'>ἕκαστον.</span> <span class='ocrx_word' id='word_1_446' title='bbox 2146 1335 2302 1394; x_wconf 75' lang='lat' dir='ltr'><strong>Igitur·</strong></span> <span class='ocrx_word' id='word_1_447' title='bbox 2319 1335 2436 1378; x_wconf 88' lang='lat' dir='ltr'><strong>nihil</strong></span> <span class='ocrx_word' id='word_1_448' title='bbox 2463 1350 2551 1395; x_wconf 85' lang='lat' dir='ltr'><strong>ego</strong></span> <span class='ocrx_word' id='word_1_449' title='bbox 2573 1336 2713 1381; x_wconf 84' lang='lat' dir='ltr'><strong>video</strong></span> <span class='ocrx_word' id='word_1_450' title='bbox 2741 1352 2830 1382; x_wconf 69' lang='lat' dir='ltr'><strong>cur</strong></span> <span class='ocrx_word' id='word_1_451' title='bbox 2879 1350 2882 1353; x_wconf 73' lang='grc'>“</span> 
     </span>
    </p>
   </div>
   <div class='ocr_carea' id='block_1_9' title="bbox 1521 1403 2962 1468">
    <p class='ocr_par' dir='ltr' id='par_1_9' title="bbox 1521 1403 2962 1468">
     <span class='ocr_line' id='line_1_60' title="bbox 1521 1403 2962 1468; baseline 0.006 -23"><span class='ocrx_word' id='word_1_452' title='bbox 1521 1403 1666 1448; x_wconf 90' lang='lat' dir='ltr'><strong>verba</strong></span> <span class='ocrx_word' id='word_1_453' title='bbox 1692 1405 1951 1449; x_wconf 76' lang='lat' dir='ltr'><strong>scholiastae</strong></span> <span class='ocrx_word' id='word_1_454' title='bbox 1979 1415 2202 1467; x_wconf 86' lang='lat' dir='ltr'><strong>corrupta</strong></span> <span class='ocrx_word' id='word_1_455' title='bbox 2228 1422 2325 1451; x_wconf 92' lang='lat' dir='ltr'><strong>esse</strong></span> <span class='ocrx_word' id='word_1_456' title='bbox 2348 1408 2423 1452; x_wconf 87' lang='lat' dir='ltr'><strong>vel</strong></span> <span class='ocrx_word' id='word_1_457' title='bbox 2446 1409 2599 1468; x_wconf 90' lang='lat' dir='ltr'><strong>ipsum</strong></span> <span class='ocrx_word' id='word_1_458' title='bbox 2622 1409 2842 1461; x_wconf 59' lang='lat' dir='ltr'><strong>scholia-2·</strong></span> <span class='ocrx_word' id='word_1_459' title='bbox 2876 1422 2886 1428; x_wconf 69' lang='grc'><strong>’·</strong></span> <span class='ocrx_word' id='word_1_460' title='bbox 2958 1416 2962 1440; x_wconf 70' lang='lat' dir='ltr'>s</span> 
     </span>
    </p>
   </div>
   <div class='ocr_carea' id='block_1_10' title="bbox 1522 1483 2145 1527">
    <p class='ocr_par' dir='ltr' id='par_1_10' title="bbox 1522 1483 2145 1527">
     <span class='ocr_line' id='line_1_61' title="bbox 1522 1483 2145 1527; baseline 0.01 -8"><span class='ocrx_word' id='word_1_461' title='bbox 1522 1483 1637 1520; x_wconf 88' lang='lat' dir='ltr'><strong>stam</strong></span> <span class='ocrx_word' id='word_1_462' title='bbox 1662 1492 1837 1521; x_wconf 88' lang='lat' dir='ltr'><strong>errasse</strong></span> <span class='ocrx_word' id='word_1_463' title='bbox 1859 1493 2145 1527; x_wconf 75' lang='lat' dir='ltr'><strong>censeamuS.</strong></span> 
     </span>
    </p>
   </div>
   <div class='ocr_carea' id='block_1_11' title="bbox 2147 1591 2196 1638">
    <p class='ocr_par' dir='ltr' id='par_1_11' title="bbox 2147 1591 2196 1638">
     <span class='ocr_line' id='line_1_62' title="bbox 2147 1591 2196 1638; baseline 0.041 -2"><span class='ocrx_word' id='word_1_464' title='bbox 2147 1591 2196 1638; x_wconf 90' lang='lat'><strong>6.</strong></span> 
     </span>
    </p>
   </div>
   <div class='ocr_carea' id='block_1_12' title="bbox 1521 1699 2935 2347">
    <p class='ocr_par' dir='ltr' id='par_1_12' title="bbox 1521 1690 2935 2347">
     <span class='ocr_line' id='line_1_63' title="bbox 1587 1699 2841 1766; baseline 0.007 -24"><span class='ocrx_word' id='word_1_465' title='bbox 1587 1700 1860 1743; x_wconf 87' lang='lat' dir='ltr'><strong>Plutarchus</strong></span> <span class='ocrx_word' id='word_1_466' title='bbox 1873 1699 2116 1747; x_wconf 66' lang='lat' dir='ltr'><strong>Aristide.</strong></span> <span class='ocrx_word' id='word_1_467' title='bbox 2136 1700 2274 1748; x_wconf 65' lang='lat'><strong>26:1³</strong></span> <span class='ocrx_word' id='word_1_468' title='bbox 2276 1701 2604 1758; x_wconf 61' lang='grc' dir='ltr'>ελευτῆσαιδ’Ἇ</span> <span class='ocrx_word' id='word_1_469' title='bbox 2613 1703 2841 1766; x_wconf 55' lang='grc' dir='ltr'>ριστείδηγ</span> 
     </span>
     <span class='ocr_line' id='line_1_64' title="bbox 1523 1769 2826 1838; baseline 0.006 -23"><span class='ocrx_word' id='word_1_470' title='bbox 1523 1771 1562 1816; x_wconf 80' lang='grc' dir='ltr'><strong>οἱ</strong></span> <span class='ocrx_word' id='word_1_471' title='bbox 1589 1769 1666 1830; x_wconf 84' lang='grc' dir='ltr'><strong>μὲν</strong></span> <span class='ocrx_word' id='word_1_472' title='bbox 1686 1771 1728 1816; x_wconf 87' lang='grc' dir='ltr'>ἐν</span> <span class='ocrx_word' id='word_1_473' title='bbox 1748 1769 1902 1834; x_wconf 87' lang='grc' dir='ltr'>Πόντῳ</span> <span class='ocrx_word' id='word_1_474' title='bbox 1919 1770 2048 1835; x_wconf 83' lang='grc' dir='ltr'>φασὶν</span> <span class='ocrx_word' id='word_1_475' title='bbox 2063 1770 2362 1819; x_wconf 80' lang='grc' dir='ltr'>ἐκπλεύσαντα</span> <span class='ocrx_word' id='word_1_476' title='bbox 2381 1772 2578 1838; x_wconf 79' lang='grc' dir='ltr'>πράξεων</span> <span class='ocrx_word' id='word_1_477' title='bbox 2598 1773 2724 1823; x_wconf 75' lang='grc' dir='ltr'>ἕνεκα</span> <span class='ocrx_word' id='word_1_478' title='bbox 2750 1777 2826 1836; x_wconf 87' lang='grc' dir='ltr'><strong>δη-</strong></span> 
     </span>
     <span class='ocr_line' id='line_1_65' title="bbox 1525 1840 2824 1912; baseline 0.006 -24"><span class='ocrx_word' id='word_1_479' title='bbox 1525 1840 1703 1903; x_wconf 84' lang='grc' dir='ltr'>μοσίων,</span> <span class='ocrx_word' id='word_1_480' title='bbox 1727 1843 1766 1888; x_wconf 78' lang='grc' dir='ltr'><strong>οἱ</strong></span> <span class='ocrx_word' id='word_1_481' title='bbox 1784 1843 1820 1888; x_wconf 88' lang='grc' dir='ltr'>δ’</span> <span class='ocrx_word' id='word_1_482' title='bbox 1844 1841 2046 1900; x_wconf 82' lang='grc' dir='ltr'>Ἀθήνησι</span> <span class='ocrx_word' id='word_1_483' title='bbox 2062 1842 2177 1909; x_wconf 74' lang='grc' dir='ltr'>γήρᾳ</span> <span class='ocrx_word' id='word_1_484' title='bbox 2194 1843 2436 1906; x_wconf 85' lang='grc' dir='ltr'>τιμώμενον</span> <span class='ocrx_word' id='word_1_485' title='bbox 2457 1845 2531 1893; x_wconf 79' lang='grc' dir='ltr'><strong>καὶ</strong></span> <span class='ocrx_word' id='word_1_486' title='bbox 2548 1847 2824 1912; x_wconf 86' lang='grc' dir='ltr'>θαυμαζόμε-</span> 
     </span>
     <span class='ocr_line' id='line_1_66' title="bbox 1522 1913 2842 1982; baseline 0.008 -22"><span class='ocrx_word' id='word_1_487' title='bbox 1522 1933 1589 1961; x_wconf 93' lang='grc' dir='ltr'><strong>νον</strong></span> <span class='ocrx_word' id='word_1_488' title='bbox 1614 1913 1695 1961; x_wconf 82' lang='grc' dir='ltr'><strong>ὑπὸ</strong></span> <span class='ocrx_word' id='word_1_489' title='bbox 1723 1918 1807 1961; x_wconf 84' lang='grc' dir='ltr'><strong>τῶν</strong></span> <span class='ocrx_word' id='word_1_490' title='bbox 1826 1917 2031 1965; x_wconf 88' lang='grc' dir='ltr'>πολιτῶν.</span> <span class='ocrx_word' id='word_1_491' title='bbox 2059 1918 2277 1982; x_wconf 82' lang='grc' dir='ltr'>Κράτερος</span> <span class='ocrx_word' id='word_1_492' title='bbox 2294 1919 2330 1964; x_wconf 93' lang='grc' dir='ltr'>δ’</span> <span class='ocrx_word' id='word_1_493' title='bbox 2360 1921 2382 1965; x_wconf 90' lang='grc' dir='ltr'><strong>ὃ</strong></span> <span class='ocrx_word' id='word_1_494' title='bbox 2406 1918 2623 1966; x_wconf 85' lang='grc' dir='ltr'>Μακεδὼν</span> <span class='ocrx_word' id='word_1_495' title='bbox 2647 1926 2842 1970; x_wconf 68' lang='grc' dir='ltr'>τοιαῦτά-</span> 
     </span>
     <span class='ocr_line' id='line_1_67' title="bbox 1523 1986 2934 2061; baseline 0.007 -28"><span class='ocrx_word' id='word_1_496' title='bbox 1523 2005 1617 2033; x_wconf 89' lang='grc' dir='ltr'>τινα</span> <span class='ocrx_word' id='word_1_497' title='bbox 1649 1986 1748 2051; x_wconf 80' lang='grc' dir='ltr'>περὶ</span> <span class='ocrx_word' id='word_1_498' title='bbox 1778 1991 1854 2045; x_wconf 70' lang='grc' dir='ltr'><strong>τῆς</strong></span> <span class='ocrx_word' id='word_1_499' title='bbox 1879 1990 2081 2047; x_wconf 76' lang='grc' dir='ltr'>τελευτῆς</span> <span class='ocrx_word' id='word_1_500' title='bbox 2109 1994 2182 2036; x_wconf 89' lang='grc' dir='ltr'><strong>τοῦ</strong></span> <span class='ocrx_word' id='word_1_501' title='bbox 2213 1989 2363 2055; x_wconf 79' lang='grc' dir='ltr'>ἀνδρὸς</span> <span class='ocrx_word' id='word_1_502' title='bbox 2394 1990 2555 2057; x_wconf 85' lang='grc' dir='ltr'>εἴρηκε.</span> <span class='ocrx_word' id='word_1_503' title='bbox 2595 1992 2722 2042; x_wconf 84' lang='grc' dir='ltr'>Μετὰ</span> <span class='ocrx_word' id='word_1_504' title='bbox 2742 1993 2826 2061; x_wconf 83' lang='grc' dir='ltr'><strong>γὰρ</strong></span> <span class='ocrx_word' id='word_1_505' title='bbox 2928 2043 2934 2054; x_wconf 74' lang='lat'>‚</span> 
     </span>
     <span class='ocr_line' id='line_1_68' title="bbox 1522 2059 2904 2128; baseline 0.007 -22"><span class='ocrx_word' id='word_1_506' title='bbox 1522 2059 1598 2117; x_wconf 84' lang='grc' dir='ltr'><strong>τὴν</strong></span> <span class='ocrx_word' id='word_1_507' title='bbox 1613 2059 1960 2122; x_wconf 83' lang='grc' dir='ltr'>Θεμιστοκλέους</span> <span class='ocrx_word' id='word_1_508' title='bbox 1977 2061 2114 2126; x_wconf 85' lang='grc' dir='ltr'>φυγήν</span> <span class='ocrx_word' id='word_1_509' title='bbox 2129 2081 2258 2128; x_wconf 89' lang='grc' dir='ltr'>φησιν</span> <span class='ocrx_word' id='word_1_510' title='bbox 2277 2060 2424 2128; x_wconf 81' lang='grc' dir='ltr'>ὥσπερ</span> <span class='ocrx_word' id='word_1_511' title='bbox 2443 2063 2728 2128; x_wconf 74' lang='grc' dir='ltr'>ἐξυὸρίσαντᾳ</span> <span class='ocrx_word' id='word_1_512' title='bbox 2751 2067 2842 2115; x_wconf 81' lang='grc' dir='ltr'><strong>τὸν</strong></span> <span class='ocrx_word' id='word_1_513' title='bbox 2902 2083 2904 2086; x_wconf 83' lang='grc'><strong>’</strong></span> 
     </span>
     <span class='ocr_line' id='line_1_69' title="bbox 1521 2133 2935 2203; baseline 0.008 -25"><span class='ocrx_word' id='word_1_514' title='bbox 1521 2133 1658 2194; x_wconf 72' lang='grc' dir='ltr'>δῆμον</span> <span class='ocrx_word' id='word_1_515' title='bbox 1680 2134 1896 2194; x_wconf 69' lang='grc' dir='ltr'>ἀναφῦσαι</span> <span class='ocrx_word' id='word_1_516' title='bbox 1927 2135 2088 2192; x_wconf 73' lang='grc' dir='ltr'>πλῆθος</span> <span class='ocrx_word' id='word_1_517' title='bbox 2114 2138 2411 2199; x_wconf 79' lang='grc' dir='ltr'>συκοφαντῶν,</span> <span class='ocrx_word' id='word_1_518' title='bbox 2439 2135 2482 2184; x_wconf 84' lang='grc' dir='ltr'><strong>οἳ</strong></span> <span class='ocrx_word' id='word_1_519' title='bbox 2508 2136 2603 2192; x_wconf 84' lang='grc' dir='ltr'>τοὺς</span> <span class='ocrx_word' id='word_1_520' title='bbox 2630 2138 2828 2203; x_wconf 83' lang='grc' dir='ltr'>ἀρίστους</span> <span class='ocrx_word' id='word_1_521' title='bbox 2924 2137 2935 2149; x_wconf 37' lang='lat' dir='ltr'><em>r</em></span> 
     </span>
     <span class='ocr_line' id='line_1_70' title="bbox 1521 2205 2836 2280; baseline 0.007 -27"><span class='ocrx_word' id='word_1_522' title='bbox 1521 2205 1596 2253; x_wconf 83' lang='grc' dir='ltr'><strong>καὶ</strong></span> <span class='ocrx_word' id='word_1_523' title='bbox 1612 2205 1932 2260; x_wconf 80' lang='grc' dir='ltr'>δυνατωτάτους</span> <span class='ocrx_word' id='word_1_524' title='bbox 1948 2205 2102 2270; x_wconf 76' lang='grc' dir='ltr'>ἄνδρας</span> <span class='ocrx_word' id='word_1_525' title='bbox 2117 2207 2337 2263; x_wconf 84' lang='grc' dir='ltr'>διώκοντες</span> <span class='ocrx_word' id='word_1_526' title='bbox 2349 2208 2594 2259; x_wconf 74' lang='grc' dir='ltr'>ὑπέὸαλλον</span> <span class='ocrx_word' id='word_1_527' title='bbox 2607 2214 2668 2278; x_wconf 78' lang='grc' dir='ltr'><strong>τῷ</strong></span> <span class='ocrx_word' id='word_1_528' title='bbox 2685 2213 2836 2280; x_wconf 82' lang='grc' dir='ltr'>φθόνῳ</span> 
     </span>
     <span class='ocr_line' id='line_1_71' title="bbox 1521 2278 2826 2347; baseline 0.006 -21"><span class='ocrx_word' id='word_1_529' title='bbox 1521 2283 1606 2327; x_wconf 88' lang='grc' dir='ltr'><strong>τῶν</strong></span> <span class='ocrx_word' id='word_1_530' title='bbox 1624 2280 1794 2326; x_wconf 84' lang='grc' dir='ltr'>πολλῶν</span> <span class='ocrx_word' id='word_1_531' title='bbox 1805 2278 2098 2345; x_wconf 81' lang='grc' dir='ltr'>ἐπαιρομένων</span> <span class='ocrx_word' id='word_1_532' title='bbox 2118 2280 2190 2327; x_wconf 78' lang='grc' dir='ltr'><strong>ὑπ’</strong></span> <span class='ocrx_word' id='word_1_533' title='bbox 2203 2282 2400 2346; x_wconf 80' lang='grc' dir='ltr'>εὐτυχίας</span> <span class='ocrx_word' id='word_1_534' title='bbox 2411 2283 2485 2330; x_wconf 66' lang='grc' dir='ltr'><strong>καὶ</strong></span> <span class='ocrx_word' id='word_1_535' title='bbox 2500 2283 2735 2347; x_wconf 79' lang='grc' dir='ltr'>δυνάμεως.</span> <span class='ocrx_word' id='word_1_536' title='bbox 2747 2286 2826 2336; x_wconf 82' lang='grc' dir='ltr'>Ἐν</span> 
     </span>
    </p>
   </div>
   <div class='ocr_carea' id='block_1_13' title="bbox 1523 2351 2848 2425">
    <p class='ocr_par' dir='ltr' id='par_1_13' title="bbox 1523 2351 2950 2425">
     <span class='ocr_line' id='line_1_72' title="bbox 1523 2351 2848 2425; baseline -0.001 -26"><span class='ocrx_word' id='word_1_537' title='bbox 1523 2352 1686 2407; x_wconf 86' lang='grc' dir='ltr'>τούτοις</span> <span class='ocrx_word' id='word_1_538' title='bbox 1708 2351 1782 2399; x_wconf 83' lang='grc' dir='ltr'><strong>καὶ</strong></span> <span class='ocrx_word' id='word_1_539' title='bbox 1807 2351 2070 2418; x_wconf 86' lang='grc' dir='ltr'>Ἀριστείδην</span> <span class='ocrx_word' id='word_1_540' title='bbox 2089 2353 2252 2401; x_wconf 86' lang='grc' dir='ltr'>ἁλῶναι</span> <span class='ocrx_word' id='word_1_541' title='bbox 2279 2355 2555 2421; x_wconf 86' lang='grc' dir='ltr'>δωροδοκίας,</span> <span class='ocrx_word' id='word_1_542' title='bbox 2583 2359 2848 2425; x_wconf 39' lang='grc' dir='ltr'>Διοφάντου,</span> 
     </span>
    </p>
   </div>
   <div class='ocr_carea' id='block_1_14' title="bbox 1523 2425 2847 3510">
    <p class='ocr_par' dir='ltr' id='par_1_14' title="bbox 1523 2425 2847 3510">
     <span class='ocr_line' id='line_1_73' title="bbox 1523 2425 2827 2495; baseline 0.005 -23"><span class='ocrx_word' id='word_1_543' title='bbox 1523 2429 1597 2472; x_wconf 90' lang='grc' dir='ltr'><strong>τοῦ</strong></span> <span class='ocrx_word' id='word_1_544' title='bbox 1616 2425 1958 2491; x_wconf 72' lang='grc' dir='ltr'>Ἀμφιτροπῆθεν</span> <span class='ocrx_word' id='word_1_545' title='bbox 1976 2431 2338 2492; x_wconf 83' lang='grc' dir='ltr'>κατηγοροῦντος,</span> <span class='ocrx_word' id='word_1_546' title='bbox 2354 2430 2432 2487; x_wconf 81' lang='grc' dir='ltr'><strong>ὡς,</strong></span> <span class='ocrx_word' id='word_1_547' title='bbox 2459 2427 2528 2476; x_wconf 77' lang='grc' dir='ltr'><strong>ὅτε</strong></span> <span class='ocrx_word' id='word_1_548' title='bbox 2552 2429 2648 2484; x_wconf 77' lang='grc' dir='ltr'>τοὺς</span> <span class='ocrx_word' id='word_1_549' title='bbox 2673 2429 2827 2495; x_wconf 88' lang='grc' dir='ltr'>φόρους</span> 
     </span>
     <span class='ocr_line' id='line_1_74' title="bbox 1525 2497 2827 2566; baseline 0.005 -22"><span class='ocrx_word' id='word_1_550' title='bbox 1525 2497 1724 2562; x_wconf 85' lang='grc' dir='ltr'>ἔπραττε,</span> <span class='ocrx_word' id='word_1_551' title='bbox 1744 2497 1866 2562; x_wconf 81' lang='grc' dir='ltr'>παρὰ</span> <span class='ocrx_word' id='word_1_552' title='bbox 1887 2501 1972 2546; x_wconf 89' lang='grc' dir='ltr'><strong>τῶν</strong></span> <span class='ocrx_word' id='word_1_553' title='bbox 1995 2497 2155 2548; x_wconf 83' lang='grc' dir='ltr'>Ἰώνων</span> <span class='ocrx_word' id='word_1_554' title='bbox 2175 2499 2382 2566; x_wconf 78' lang='grc' dir='ltr'>χρήματα</span> <span class='ocrx_word' id='word_1_555' title='bbox 2401 2500 2632 2561; x_wconf 73' lang='grc' dir='ltr'>λαὸόντος,</span> <span class='ocrx_word' id='word_1_556' title='bbox 2660 2505 2827 2551; x_wconf 81' lang='grc' dir='ltr'>ἐκτῖσαι</span> 
     </span>
     <span class='ocr_line' id='line_1_75' title="bbox 1526 2569 2844 2639; baseline 0.005 -21"><span class='ocrx_word' id='word_1_557' title='bbox 1526 2571 1564 2618; x_wconf 82' lang='grc' dir='ltr'>δ’</span> <span class='ocrx_word' id='word_1_558' title='bbox 1589 2572 1667 2618; x_wconf 77' lang='grc' dir='ltr'><strong>οὐκ</strong></span> <span class='ocrx_word' id='word_1_559' title='bbox 1691 2571 1848 2636; x_wconf 87' lang='grc' dir='ltr'>ἔχοντα</span> <span class='ocrx_word' id='word_1_560' title='bbox 1881 2571 1959 2629; x_wconf 84' lang='grc' dir='ltr'><strong>τὴν</strong></span> <span class='ocrx_word' id='word_1_561' title='bbox 1984 2573 2223 2631; x_wconf 87' lang='grc' dir='ltr'>καταδίκην</span> <span class='ocrx_word' id='word_1_562' title='bbox 2259 2573 2525 2632; x_wconf 84' lang='grc' dir='ltr'>πεντήκοντα</span> <span class='ocrx_word' id='word_1_563' title='bbox 2547 2579 2664 2639; x_wconf 83' lang='grc' dir='ltr'>μνῶν</span> <span class='ocrx_word' id='word_1_564' title='bbox 2695 2569 2844 2625; x_wconf 62' lang='grc' dir='ltr'>οὖσαν</span> 
     </span>
     <span class='ocr_line' id='line_1_76' title="bbox 1525 2643 2825 2708; baseline 0.004 -18"><span class='ocrx_word' id='word_1_565' title='bbox 1525 2645 1759 2690; x_wconf 75' lang='grc' dir='ltr'>ἐκπλεῦσαι</span> <span class='ocrx_word' id='word_1_566' title='bbox 1797 2644 1871 2691; x_wconf 84' lang='grc' dir='ltr'><strong>καὶ</strong></span> <span class='ocrx_word' id='word_1_567' title='bbox 1907 2644 2006 2708; x_wconf 76' lang='grc' dir='ltr'>περὶ</span> <span class='ocrx_word' id='word_1_568' title='bbox 2043 2643 2120 2703; x_wconf 85' lang='grc' dir='ltr'><strong>τὴν</strong></span> <span class='ocrx_word' id='word_1_569' title='bbox 2161 2646 2329 2694; x_wconf 85' lang='grc' dir='ltr'>Ἰωνίαν</span> <span class='ocrx_word' id='word_1_570' title='bbox 2366 2650 2609 2696; x_wconf 85' lang='grc' dir='ltr'>ἀποθανεῖν.</span> <span class='ocrx_word' id='word_1_571' title='bbox 2646 2649 2825 2698; x_wconf 85' lang='grc' dir='ltr'>Τούτων</span> 
     </span>
     <span class='ocr_line' id='line_1_77' title="bbox 1528 2715 2827 2787; baseline 0.005 -24"><span class='ocrx_word' id='word_1_572' title='bbox 1528 2716 1645 2765; x_wconf 78' lang='grc' dir='ltr'>οὐδὲν</span> <span class='ocrx_word' id='word_1_573' title='bbox 1668 2715 1879 2782; x_wconf 77' lang='grc' dir='ltr'>ἔγγραφον</span> <span class='ocrx_word' id='word_1_574' title='bbox 1901 2721 1924 2765; x_wconf 87' lang='grc' dir='ltr'>ὁ</span> <span class='ocrx_word' id='word_1_575' title='bbox 1950 2717 2170 2784; x_wconf 83' lang='grc' dir='ltr'>Κράτερος</span> <span class='ocrx_word' id='word_1_576' title='bbox 2202 2719 2434 2786; x_wconf 80' lang='grc' dir='ltr'>τεκμήριον</span> <span class='ocrx_word' id='word_1_577' title='bbox 2456 2722 2693 2787; x_wconf 87' lang='grc' dir='ltr'>παρέσχεν,</span> <span class='ocrx_word' id='word_1_578' title='bbox 2731 2720 2827 2769; x_wconf 86' lang='grc' dir='ltr'>οὔτε</span> 
     </span>
     <span class='ocr_line' id='line_1_78' title="bbox 1527 2788 2847 2859; baseline 0.004 -24"><span class='ocrx_word' id='word_1_579' title='bbox 1527 2788 1648 2847; x_wconf 88' lang='grc' dir='ltr'>δίκην</span> <span class='ocrx_word' id='word_1_580' title='bbox 1672 2788 1769 2836; x_wconf 86' lang='grc' dir='ltr'>οὔτε</span> <span class='ocrx_word' id='word_1_581' title='bbox 1792 2789 2024 2855; x_wconf 80' lang='grc' dir='ltr'>ψήφισμα,</span> <span class='ocrx_word' id='word_1_582' title='bbox 2061 2790 2219 2856; x_wconf 81' lang='grc' dir='ltr'>καίπερ</span> <span class='ocrx_word' id='word_1_583' title='bbox 2248 2790 2406 2846; x_wconf 85' lang='grc' dir='ltr'>εἰωθὼς</span> <span class='ocrx_word' id='word_1_584' title='bbox 2425 2794 2621 2847; x_wconf 88' lang='grc' dir='ltr'>ἐπιεικῶς</span> <span class='ocrx_word' id='word_1_585' title='bbox 2647 2793 2826 2859; x_wconf 83' lang='grc' dir='ltr'>γράφειν</span> <span class='ocrx_word' id='word_1_586' title='bbox 2846 2818 2847 2821; x_wconf 43' lang='grc'><strong>“</strong></span> 
     </span>
     <span class='ocr_line' id='line_1_79' title="bbox 1527 2862 2824 2931; baseline 0.004 -23"><span class='ocrx_word' id='word_1_587' title='bbox 1527 2862 1580 2908; x_wconf 84' lang='grc' dir='ltr'><strong>τὰ</strong></span> <span class='ocrx_word' id='word_1_588' title='bbox 1617 2867 1796 2910; x_wconf 89' lang='grc' dir='ltr'>τοιαῦτα</span> <span class='ocrx_word' id='word_1_589' title='bbox 1832 2862 1902 2909; x_wconf 70' lang='grc' dir='ltr'><strong>καὶ</strong></span> <span class='ocrx_word' id='word_1_590' title='bbox 1945 2864 2258 2928; x_wconf 86' lang='grc' dir='ltr'>παρατίθεσθαι</span> <span class='ocrx_word' id='word_1_591' title='bbox 2297 2863 2392 2919; x_wconf 80' lang='grc' dir='ltr'>τοὺς</span> <span class='ocrx_word' id='word_1_592' title='bbox 2435 2867 2726 2931; x_wconf 80' lang='grc' dir='ltr'>ἱστοροῦντας.</span> <span class='ocrx_word' id='word_1_593' title='bbox 2766 2869 2824 2915; x_wconf 78' lang='grc' dir='ltr'><strong>Οἱ</strong></span> 
     </span>
     <span class='ocr_line' id='line_1_80' title="bbox 1526 2934 2824 3000; baseline 0.002 -18"><span class='ocrx_word' id='word_1_594' title='bbox 1526 2935 1562 2982; x_wconf 88' lang='grc' dir='ltr'>δ’</span> <span class='ocrx_word' id='word_1_595' title='bbox 1584 2935 1709 2983; x_wconf 85' lang='grc' dir='ltr'>ἄλλοι</span> <span class='ocrx_word' id='word_1_596' title='bbox 1725 2935 1897 2993; x_wconf 85' lang='grc' dir='ltr'>πάντες,</span> <span class='ocrx_word' id='word_1_597' title='bbox 1915 2938 1971 2990; x_wconf 80' lang='grc' dir='ltr'><strong>ὥς</strong></span> <span class='ocrx_word' id='word_1_598' title='bbox 1989 2938 2088 2990; x_wconf 86' lang='grc' dir='ltr'>ἔπος</span> <span class='ocrx_word' id='word_1_599' title='bbox 2103 2938 2254 2994; x_wconf 79' lang='grc' dir='ltr'>εἰπεῖν,</span> <span class='ocrx_word' id='word_1_600' title='bbox 2275 2937 2366 2985; x_wconf 79' lang='grc' dir='ltr'>ὅσοι</span> <span class='ocrx_word' id='word_1_601' title='bbox 2386 2936 2439 2984; x_wconf 87' lang='grc' dir='ltr'><strong>τὰ</strong></span> <span class='ocrx_word' id='word_1_602' title='bbox 2456 2934 2824 3000; x_wconf 84' lang='grc' dir='ltr'>πλημμεληθέντα</span> 
     </span>
     <span class='ocr_line' id='line_1_81' title="bbox 1525 3007 2824 3074; baseline 0.005 -20"><span class='ocrx_word' id='word_1_603' title='bbox 1525 3012 1587 3072; x_wconf 84' lang='grc' dir='ltr'><strong>τῷ</strong></span> <span class='ocrx_word' id='word_1_604' title='bbox 1608 3007 1734 3073; x_wconf 82' lang='grc' dir='ltr'>δήμῳ</span> <span class='ocrx_word' id='word_1_605' title='bbox 1753 3008 1851 3074; x_wconf 82' lang='grc' dir='ltr'>περὶ</span> <span class='ocrx_word' id='word_1_606' title='bbox 1873 3008 2138 3074; x_wconf 80' lang='grc' dir='ltr'>στρατηγοὺς</span> <span class='ocrx_word' id='word_1_607' title='bbox 2162 3009 2365 3073; x_wconf 73' lang='grc' dir='ltr'>διεξίασι,</span> <span class='ocrx_word' id='word_1_608' title='bbox 2391 3010 2470 3068; x_wconf 80' lang='grc' dir='ltr'><strong>τὴν</strong></span> <span class='ocrx_word' id='word_1_609' title='bbox 2499 3010 2575 3072; x_wconf 81' lang='grc' dir='ltr'><strong>μὲν</strong></span> <span class='ocrx_word' id='word_1_610' title='bbox 2597 3013 2824 3074; x_wconf 84' lang='grc' dir='ltr'>Θεμιστο-</span> 
     </span>
     <span class='ocr_line' id='line_1_82' title="bbox 1525 3081 2824 3152; baseline 0.003 -24"><span class='ocrx_word' id='word_1_611' title='bbox 1525 3082 1675 3136; x_wconf 90' lang='grc' dir='ltr'>κλέους</span> <span class='ocrx_word' id='word_1_612' title='bbox 1699 3081 1835 3147; x_wconf 85' lang='grc' dir='ltr'>φυγὴν</span> <span class='ocrx_word' id='word_1_613' title='bbox 1859 3081 1933 3128; x_wconf 80' lang='grc' dir='ltr'><strong>καὶ</strong></span> <span class='ocrx_word' id='word_1_614' title='bbox 1968 3081 2022 3129; x_wconf 81' lang='grc' dir='ltr'><strong>τὰ</strong></span> <span class='ocrx_word' id='word_1_615' title='bbox 2043 3082 2285 3131; x_wconf 75' lang='grc' dir='ltr'>Μιλτιάδου</span> <span class='ocrx_word' id='word_1_616' title='bbox 2309 3084 2448 3146; x_wconf 86' lang='grc' dir='ltr'>δεσμὰ</span> <span class='ocrx_word' id='word_1_617' title='bbox 2482 3084 2554 3132; x_wconf 80' lang='grc' dir='ltr'><strong>καὶ</strong></span> <span class='ocrx_word' id='word_1_618' title='bbox 2575 3086 2654 3143; x_wconf 83' lang='grc' dir='ltr'><strong>τὴν</strong></span> <span class='ocrx_word' id='word_1_619' title='bbox 2686 3087 2824 3152; x_wconf 87' lang='grc' dir='ltr'>Περι-</span> 
     </span>
     <span class='ocr_line' id='line_1_83' title="bbox 1527 3153 2842 3224; baseline 0.002 -22"><span class='ocrx_word' id='word_1_620' title='bbox 1527 3154 1674 3209; x_wconf 87' lang='grc' dir='ltr'>κλέους</span> <span class='ocrx_word' id='word_1_621' title='bbox 1712 3154 1870 3216; x_wconf 79' lang='grc' dir='ltr'>ζημίαν</span> <span class='ocrx_word' id='word_1_622' title='bbox 1905 3153 1978 3201; x_wconf 84' lang='grc' dir='ltr'><strong>καὶ</strong></span> <span class='ocrx_word' id='word_1_623' title='bbox 2019 3153 2088 3201; x_wconf 82' lang='grc' dir='ltr'><strong>τὸν</strong></span> <span class='ocrx_word' id='word_1_624' title='bbox 2134 3156 2340 3219; x_wconf 80' lang='grc' dir='ltr'>Πάχητος</span> <span class='ocrx_word' id='word_1_625' title='bbox 2375 3157 2419 3203; x_wconf 86' lang='grc' dir='ltr'>ἐν</span> <span class='ocrx_word' id='word_1_626' title='bbox 2455 3159 2517 3223; x_wconf 82' lang='grc' dir='ltr'><strong>τῷ</strong></span> <span class='ocrx_word' id='word_1_627' title='bbox 2560 3157 2842 3224; x_wconf 79' lang='grc' dir='ltr'>δικαστηρίῳ</span> 
     </span>
     <span class='ocr_line' id='line_1_84' title="bbox 1525 3226 2822 3292; baseline 0.002 -18"><span class='ocrx_word' id='word_1_628' title='bbox 1525 3227 1705 3274; x_wconf 80' lang='grc' dir='ltr'>θάνατον</span> <span class='ocrx_word' id='word_1_629' title='bbox 1732 3226 1953 3280; x_wconf 83' lang='grc' dir='ltr'>ἀνελόντος</span> <span class='ocrx_word' id='word_1_630' title='bbox 1975 3226 2102 3273; x_wconf 79' lang='grc' dir='ltr'>αὑτὸν</span> <span class='ocrx_word' id='word_1_631' title='bbox 2117 3226 2188 3274; x_wconf 87' lang='grc' dir='ltr'><strong>ἐπὶ</strong></span> <span class='ocrx_word' id='word_1_632' title='bbox 2205 3232 2279 3275; x_wconf 91' lang='grc' dir='ltr'><strong>τοῦ</strong></span> <span class='ocrx_word' id='word_1_633' title='bbox 2300 3227 2508 3291; x_wconf 82' lang='grc' dir='ltr'>βήματος,</span> <span class='ocrx_word' id='word_1_634' title='bbox 2525 3231 2581 3283; x_wconf 73' lang='grc' dir='ltr'><strong>ὡς</strong></span> <span class='ocrx_word' id='word_1_635' title='bbox 2597 3228 2822 3292; x_wconf 81' lang='grc' dir='ltr'>ἡλίσκετο,</span> 
     </span>
     <span class='ocr_line' id='line_1_85' title="bbox 1525 3298 2826 3368; baseline 0.002 -21"><span class='ocrx_word' id='word_1_636' title='bbox 1525 3300 1599 3348; x_wconf 84' lang='grc' dir='ltr'><strong>καὶ</strong></span> <span class='ocrx_word' id='word_1_637' title='bbox 1623 3298 1765 3347; x_wconf 85' lang='grc' dir='ltr'>πολλὰ</span> <span class='ocrx_word' id='word_1_638' title='bbox 1789 3304 1969 3346; x_wconf 90' lang='grc' dir='ltr'>τοιαῦτα</span> <span class='ocrx_word' id='word_1_639' title='bbox 1988 3300 2219 3364; x_wconf 86' lang='grc' dir='ltr'>συνάγουσι</span> <span class='ocrx_word' id='word_1_640' title='bbox 2245 3300 2319 3348; x_wconf 77' lang='grc' dir='ltr'><strong>καὶ</strong></span> <span class='ocrx_word' id='word_1_641' title='bbox 2351 3303 2590 3366; x_wconf 86' lang='grc' dir='ltr'>θρυλοῦσιν,</span> <span class='ocrx_word' id='word_1_642' title='bbox 2618 3302 2826 3368; x_wconf 85' lang='grc' dir='ltr'>Ἀριστεί-</span> 
     </span>
     <span class='ocr_line' id='line_1_86' title="bbox 1525 3372 2825 3440; baseline 0.002 -19"><span class='ocrx_word' id='word_1_643' title='bbox 1525 3376 1598 3422; x_wconf 87' lang='grc' dir='ltr'><strong>δου</strong></span> <span class='ocrx_word' id='word_1_644' title='bbox 1624 3373 1668 3421; x_wconf 83' lang='grc' dir='ltr'>δὲ</span> <span class='ocrx_word' id='word_1_645' title='bbox 1686 3373 1757 3420; x_wconf 86' lang='grc' dir='ltr'><strong>τὸν</strong></span> <span class='ocrx_word' id='word_1_646' title='bbox 1774 3372 1850 3436; x_wconf 75' lang='grc' dir='ltr'><strong>μὲν</strong></span> <span class='ocrx_word' id='word_1_647' title='bbox 1874 3372 2209 3439; x_wconf 83' lang='grc' dir='ltr'>ἐξοστρακισμὸν</span> <span class='ocrx_word' id='word_1_648' title='bbox 2225 3375 2563 3440; x_wconf 81' lang='grc' dir='ltr'>παρατίθενται,</span> <span class='ocrx_word' id='word_1_649' title='bbox 2587 3376 2825 3435; x_wconf 86' lang='grc' dir='ltr'>καταδίκης</span> 
     </span>
     <span class='ocr_line' id='line_1_87' title="bbox 1526 3445 2827 3510; baseline 0.002 -16"><span class='ocrx_word' id='word_1_650' title='bbox 1526 3445 1570 3494; x_wconf 80' lang='grc' dir='ltr'>δὲ</span> <span class='ocrx_word' id='word_1_651' title='bbox 1595 3446 1795 3505; x_wconf 89' lang='grc' dir='ltr'>τοιαύτης</span> <span class='ocrx_word' id='word_1_652' title='bbox 1815 3448 2006 3510; x_wconf 76' lang='grc' dir='ltr'>οὐδαμοῦ</span> <span class='ocrx_word' id='word_1_653' title='bbox 2034 3447 2368 3510; x_wconf 88' lang='grc' dir='ltr'>μνημονεύουσι.</span> <span class='ocrx_word' id='word_1_654' title='bbox 2387 3452 2444 3494; x_wconf 87' lang='grc'><strong>111</strong></span> <span class='ocrx_word' id='word_1_655' title='bbox 2466 3452 2671 3496; x_wconf 90' lang='lat' dir='ltr'><strong>rationes</strong></span> <span class='ocrx_word' id='word_1_656' title='bbox 2685 3451 2827 3510; x_wconf 83' lang='lat' dir='ltr'><strong>hujus</strong></span> 
     </span>
    </p>
   </div>
   <div class='ocr_carea' id='block_1_15' title="bbox 179 3551 2820 3570">
    <p class='ocr_par' dir='ltr' id='par_1_15' title="bbox 179 3551 2820 3570">
     <span class='ocr_line' id='line_1_88' title="bbox 179 3551 2820 3570; baseline 0 972"><span class='ocrx_word' id='word_1_657' title='bbox 179 3551 2820 3570; x_wconf 95' lang='lat' dir='ltr'><strong> </strong></span> 
     </span>
    </p>
   </div>
   <div class='ocr_carea' id='block_1_16' title="bbox 774 3635 817 3675">
    <p class='ocr_par' dir='ltr' id='par_1_16' title="bbox 774 3635 817 3675">
     <span class='ocr_line' id='line_1_89' title="bbox 774 3635 817 3675; baseline -0.023 0"><span class='ocrx_word' id='word_1_658' title='bbox 774 3635 817 3675; x_wconf 90' lang='lat'><strong>6.</strong></span> 
     </span>
    </p>
   </div>
   <div class='ocr_carea' id='block_1_17' title="bbox 147 3737 1448 4307">
    <p class='ocr_par' dir='ltr' id='par_1_17' title="bbox 147 3737 1448 4307">
     <span class='ocr_line' id='line_1_90' title="bbox 199 3737 1447 3788; baseline -0.002 -9"><span class='ocrx_word' id='word_1_659' title='bbox 199 3742 402 3780; x_wconf 79' lang='lat' dir='ltr'><strong>Mortuum</strong></span> <span class='ocrx_word' id='word_1_660' title='bbox 420 3738 629 3779; x_wconf 83' lang='lat' dir='ltr'><strong>Aristidem</strong></span> <span class='ocrx_word' id='word_1_661' title='bbox 652 3737 774 3777; x_wconf 87' lang='grc'><strong>3111111</strong></span> <span class='ocrx_word' id='word_1_662' title='bbox 791 3739 917 3777; x_wconf 89' lang='lat' dir='ltr'><strong>Ponto</strong></span> <span class='ocrx_word' id='word_1_663' title='bbox 936 3738 1164 3788; x_wconf 84' lang='lat' dir='ltr'><strong>perhibent,</strong></span> <span class='ocrx_word' id='word_1_664' title='bbox 1188 3737 1292 3788; x_wconf 89' lang='lat' dir='ltr'><strong>quod</strong></span> <span class='ocrx_word' id='word_1_665' title='bbox 1313 3748 1360 3777; x_wconf 89' lang='lat' dir='ltr'><strong>eo</strong></span> <span class='ocrx_word' id='word_1_666' title='bbox 1375 3748 1447 3777; x_wconf 89' lang='lat' dir='ltr'><strong>ne-</strong></span> 
     </span>
     <span class='ocr_line' id='line_1_91' title="bbox 147 3802 1448 3854; baseline -0.001 -12"><span class='ocrx_word' id='word_1_667' title='bbox 147 3805 346 3854; x_wconf 81' lang='lat' dir='ltr'><strong>gotiorum</strong></span> <span class='ocrx_word' id='word_1_668' title='bbox 362 3804 612 3854; x_wconf 85' lang='lat' dir='ltr'><strong>publicorum</strong></span> <span class='ocrx_word' id='word_1_669' title='bbox 636 3812 754 3842; x_wconf 87' lang='lat' dir='ltr'><strong>causa</strong></span> <span class='ocrx_word' id='word_1_670' title='bbox 773 3802 1015 3852; x_wconf 81' lang='lat' dir='ltr'><strong>navigasset3</strong></span> <span class='ocrx_word' id='word_1_671' title='bbox 1033 3802 1100 3841; x_wconf 86' lang='lat' dir='ltr'><strong>alii</strong></span> <span class='ocrx_word' id='word_1_672' title='bbox 1122 3802 1286 3842; x_wconf 80' lang='lat' dir='ltr'><strong>Athenis</strong></span> <span class='ocrx_word' id='word_1_673' title='bbox 1309 3804 1448 3842; x_wconf 82' lang='lat' dir='ltr'><strong>exacta</strong></span> 
     </span>
     <span class='ocr_line' id='line_1_92' title="bbox 148 3866 1446 3918; baseline -0.002 -11"><span class='ocrx_word' id='word_1_674' title='bbox 148 3871 288 3918; x_wconf 66' lang='lat' dir='ltr'><strong>aetate,</strong></span> <span class='ocrx_word' id='word_1_675' title='bbox 309 3868 404 3907; x_wconf 88' lang='lat' dir='ltr'><strong>etin</strong></span> <span class='ocrx_word' id='word_1_676' title='bbox 426 3868 574 3906; x_wconf 85' lang='lat' dir='ltr'><strong>honore</strong></span> <span class='ocrx_word' id='word_1_677' title='bbox 590 3866 930 3916; x_wconf 85' lang='lat' dir='ltr'><strong>admirationeque</strong></span> <span class='ocrx_word' id='word_1_678' title='bbox 957 3866 1106 3905; x_wconf 90' lang='lat' dir='ltr'><strong>civium</strong></span> <span class='ocrx_word' id='word_1_679' title='bbox 1127 3866 1321 3906; x_wconf 88' lang='lat' dir='ltr'><strong>habitum.</strong></span> <span class='ocrx_word' id='word_1_680' title='bbox 1349 3869 1446 3906; x_wconf 86' lang='lat' dir='ltr'><strong>Cra-</strong></span> 
     </span>
     <span class='ocr_line' id='line_1_93' title="bbox 148 3931 1446 3982; baseline -0.001 -10"><span class='ocrx_word' id='word_1_681' title='bbox 148 3936 256 3973; x_wconf 87' lang='lat' dir='ltr'><strong>terus</strong></span> <span class='ocrx_word' id='word_1_682' title='bbox 275 3933 437 3975; x_wconf 78' lang='lat' dir='ltr'><strong>Macedo</strong></span> <span class='ocrx_word' id='word_1_683' title='bbox 457 3932 507 3972; x_wconf 89' lang='lat' dir='ltr'><strong>de</strong></span> <span class='ocrx_word' id='word_1_684' title='bbox 524 3933 636 3972; x_wconf 92' lang='lat' dir='ltr'><strong>obitu</strong></span> <span class='ocrx_word' id='word_1_685' title='bbox 652 3932 736 3982; x_wconf 81' lang='lat' dir='ltr'><strong>ejus</strong></span> <span class='ocrx_word' id='word_1_686' title='bbox 758 3933 846 3972; x_wconf 83' lang='lat' dir='ltr'><strong>hoec</strong></span> <span class='ocrx_word' id='word_1_687' title='bbox 875 3931 1049 3972; x_wconf 84' lang='lat' dir='ltr'><strong>tradidit.</strong></span> <span class='ocrx_word' id='word_1_688' title='bbox 1084 3934 1178 3972; x_wconf 88' lang='lat' dir='ltr'><strong>Post</strong></span> <span class='ocrx_word' id='word_1_689' title='bbox 1207 3933 1446 3972; x_wconf 85' lang='lat' dir='ltr'><strong>mulctatum</strong></span> 
     </span>
     <span class='ocr_line' id='line_1_94' title="bbox 148 3997 1445 4047; baseline -0.001 -10"><span class='ocrx_word' id='word_1_690' title='bbox 148 3998 267 4037; x_wconf 85' lang='lat' dir='ltr'><strong>exilio</strong></span> <span class='ocrx_word' id='word_1_691' title='bbox 297 3997 627 4046; x_wconf 81' lang='lat' dir='ltr'><strong>Themistoclem,</strong></span> <span class='ocrx_word' id='word_1_692' title='bbox 647 3997 809 4037; x_wconf 89' lang='lat' dir='ltr'><strong>libidine</strong></span> <span class='ocrx_word' id='word_1_693' title='bbox 829 3997 977 4037; x_wconf 87' lang='lat' dir='ltr'><strong>elatum</strong></span> <span class='ocrx_word' id='word_1_694' title='bbox 1001 3997 1194 4047; x_wconf 87' lang='lat' dir='ltr'><strong>populum</strong></span> <span class='ocrx_word' id='word_1_695' title='bbox 1226 3998 1445 4037; x_wconf 89' lang='lat' dir='ltr'><strong>calumnia-</strong></span> 
     </span>
     <span class='ocr_line' id='line_1_95' title="bbox 149 4060 1447 4111; baseline 0 -11"><span class='ocrx_word' id='word_1_696' title='bbox 149 4064 281 4100; x_wconf 86' lang='lat' dir='ltr'><strong>torum</strong></span> <span class='ocrx_word' id='word_1_697' title='bbox 299 4062 488 4101; x_wconf 83' lang='lat' dir='ltr'><strong>excitasse</strong></span> <span class='ocrx_word' id='word_1_698' title='bbox 505 4061 664 4100; x_wconf 84' lang='lat' dir='ltr'><strong>turbam</strong></span> <span class='ocrx_word' id='word_1_699' title='bbox 677 4091 687 4110; x_wconf 90' lang='lat'><strong>,</strong></span> <span class='ocrx_word' id='word_1_700' title='bbox 705 4062 773 4110; x_wconf 92' lang='lat' dir='ltr'><strong>qui</strong></span> <span class='ocrx_word' id='word_1_701' title='bbox 791 4060 1083 4111; x_wconf 83' lang='lat' dir='ltr'><strong>potentissimos</strong></span> <span class='ocrx_word' id='word_1_702' title='bbox 1095 4062 1135 4099; x_wconf 84' lang='lat' dir='ltr'><strong>et</strong></span> <span class='ocrx_word' id='word_1_703' title='bbox 1149 4062 1321 4110; x_wconf 86' lang='lat' dir='ltr'><strong>optimos</strong></span> <span class='ocrx_word' id='word_1_704' title='bbox 1343 4062 1447 4101; x_wconf 85' lang='lat' dir='ltr'><strong>viros</strong></span> 
     </span>
     <span class='ocr_line' id='line_1_96' title="bbox 147 4124 1446 4175; baseline 0.002 -12"><span class='ocrx_word' id='word_1_705' title='bbox 147 4137 235 4164; x_wconf 83' lang='lat' dir='ltr'><strong>reos</strong></span> <span class='ocrx_word' id='word_1_706' title='bbox 250 4126 445 4174; x_wconf 76' lang='lat' dir='ltr'><strong>facerent,</strong></span> <span class='ocrx_word' id='word_1_707' title='bbox 458 4136 603 4175; x_wconf 89' lang='lat' dir='ltr'><strong>cosque</strong></span> <span class='ocrx_word' id='word_1_708' title='bbox 616 4124 880 4164; x_wconf 86' lang='lat' dir='ltr'><strong>multitudinis</strong></span> <span class='ocrx_word' id='word_1_709' title='bbox 892 4124 1009 4164; x_wconf 87' lang='lat' dir='ltr'><strong>rebus</strong></span> <span class='ocrx_word' id='word_1_710' title='bbox 1020 4124 1201 4165; x_wconf 85' lang='lat' dir='ltr'><strong>secundis</strong></span> <span class='ocrx_word' id='word_1_711' title='bbox 1215 4127 1254 4164; x_wconf 88' lang='lat' dir='ltr'><strong>ct</strong></span> <span class='ocrx_word' id='word_1_712' title='bbox 1270 4127 1446 4175; x_wconf 84' lang='lat' dir='ltr'><strong>potentia</strong></span> 
     </span>
     <span class='ocr_line' id='line_1_97' title="bbox 147 4191 1443 4241; baseline 0.002 -11"><span class='ocrx_word' id='word_1_713' title='bbox 147 4191 406 4240; x_wconf 78' lang='lat' dir='ltr'><strong>superbientis</strong></span> <span class='ocrx_word' id='word_1_714' title='bbox 418 4191 575 4230; x_wconf 80' lang='lat' dir='ltr'><strong>invidiae</strong></span> <span class='ocrx_word' id='word_1_715' title='bbox 588 4191 788 4232; x_wconf 78' lang='lat' dir='ltr'><strong>vexandos</strong></span> <span class='ocrx_word' id='word_1_716' title='bbox 797 4192 1026 4241; x_wconf 82' lang='lat' dir='ltr'><strong>objicerent.</strong></span> <span class='ocrx_word' id='word_1_717' title='bbox 1041 4192 1146 4230; x_wconf 85' lang='lat' dir='ltr'><strong>inter</strong></span> <span class='ocrx_word' id='word_1_718' title='bbox 1155 4191 1226 4231; x_wconf 87' lang='lat' dir='ltr'><strong>hos</strong></span> <span class='ocrx_word' id='word_1_719' title='bbox 1235 4192 1443 4232; x_wconf 84' lang='lat' dir='ltr'><strong>Aristidem</strong></span> 
     </span>
     <span class='ocr_line' id='line_1_98' title="bbox 147 4255 1442 4307; baseline 0.005 -17"><span class='ocrx_word' id='word_1_720' title='bbox 147 4267 307 4307; x_wconf 80' lang='lat' dir='ltr'><strong>quoquc</strong></span> <span class='ocrx_word' id='word_1_721' title='bbox 326 4255 546 4306; x_wconf 64' lang='lat' dir='ltr'><strong>Diophanto</strong></span> <span class='ocrx_word' id='word_1_722' title='bbox 571 4255 887 4307; x_wconf 67' lang='lat' dir='ltr'><strong>Amphitr-ovensi</strong></span> <span class='ocrx_word' id='word_1_723' title='bbox 905 4256 1136 4306; x_wconf 77' lang='lat' dir='ltr'><strong>accusante,</strong></span> <span class='ocrx_word' id='word_1_724' title='bbox 1155 4256 1266 4307; x_wconf 83' lang='lat' dir='ltr'><strong>quasi</strong></span> <span class='ocrx_word' id='word_1_725' title='bbox 1288 4256 1326 4295; x_wconf 89' lang='lat' dir='ltr'><strong>iu</strong></span> <span class='ocrx_word' id='word_1_726' title='bbox 1347 4268 1442 4307; x_wconf 81' lang='lat' dir='ltr'><strong>pcn-</strong></span> 
     </span>
    </p>
   </div>
   <div class='ocr_carea' id='block_1_18' title="bbox 1519 3609 2826 4307">
    <p class='ocr_par' dir='ltr' id='par_1_18' title="bbox 1519 3609 2826 4307">
     <span class='ocr_line' id='line_1_99' title="bbox 1524 3609 2824 3662; baseline 0.002 -14"><span class='ocrx_word' id='word_1_727' title='bbox 1524 3610 1633 3649; x_wconf 89' lang='lat' dir='ltr'><strong>sione</strong></span> <span class='ocrx_word' id='word_1_728' title='bbox 1649 3609 1840 3660; x_wconf 81' lang='lat' dir='ltr'><strong>exigenda</strong></span> <span class='ocrx_word' id='word_1_729' title='bbox 1856 3610 1907 3649; x_wconf 88' lang='lat' dir='ltr'><strong>ah</strong></span> <span class='ocrx_word' id='word_1_730' title='bbox 1922 3610 2084 3650; x_wconf 90' lang='lat' dir='ltr'><strong>Ionibus</strong></span> <span class='ocrx_word' id='word_1_731' title='bbox 2098 3610 2267 3660; x_wconf 89' lang='lat' dir='ltr'><strong>pecunia</strong></span> <span class='ocrx_word' id='word_1_732' title='bbox 2279 3621 2321 3650; x_wconf 89' lang='lat' dir='ltr'><strong>se</strong></span> <span class='ocrx_word' id='word_1_733' title='bbox 2336 3612 2439 3651; x_wconf 86' lang='lat' dir='ltr'><strong>esset</strong></span> <span class='ocrx_word' id='word_1_734' title='bbox 2459 3621 2593 3662; x_wconf 85' lang='lat' dir='ltr'><strong>passus</strong></span> <span class='ocrx_word' id='word_1_735' title='bbox 2608 3612 2824 3662; x_wconf 84' lang='lat' dir='ltr'><strong>corrumpi,</strong></span> 
     </span>
     <span class='ocr_line' id='line_1_100' title="bbox 1524 3675 2824 3726; baseline 0.002 -13"><span class='ocrx_word' id='word_1_736' title='bbox 1524 3675 1758 3714; x_wconf 83' lang='lat' dir='ltr'><strong>damnatum</strong></span> <span class='ocrx_word' id='word_1_737' title='bbox 1804 3675 1922 3714; x_wconf 82' lang='lat' dir='ltr'><strong>fuisse</strong></span> <span class='ocrx_word' id='word_1_738' title='bbox 1953 3675 2068 3714; x_wconf 82' lang='lat' dir='ltr'><strong>minis</strong></span> <span class='ocrx_word' id='word_1_739' title='bbox 2097 3675 2410 3726; x_wconf 86' lang='lat' dir='ltr'><strong>quinquaginta:</strong></span> <span class='ocrx_word' id='word_1_740' title='bbox 2433 3675 2577 3726; x_wconf 87' lang='lat' dir='ltr'><strong>quibus</strong></span> <span class='ocrx_word' id='word_1_741' title='bbox 2596 3687 2720 3726; x_wconf 90' lang='lat' dir='ltr'><strong>quum</strong></span> <span class='ocrx_word' id='word_1_742' title='bbox 2744 3687 2824 3716; x_wconf 86' lang='lat' dir='ltr'><strong>non</strong></span> 
     </span>
     <span class='ocr_line' id='line_1_101' title="bbox 1524 3738 2825 3788; baseline 0.002 -10"><span class='ocrx_word' id='word_1_743' title='bbox 1524 3741 1626 3778; x_wconf 88' lang='lat' dir='ltr'><strong>esset</strong></span> <span class='ocrx_word' id='word_1_744' title='bbox 1645 3738 1860 3787; x_wconf 84' lang='lat' dir='ltr'><strong>solvendo,</strong></span> <span class='ocrx_word' id='word_1_745' title='bbox 1882 3738 2088 3788; x_wconf 77' lang='lat' dir='ltr'><strong>navigasse</strong></span> <span class='ocrx_word' id='word_1_746' title='bbox 2107 3740 2148 3778; x_wconf 84' lang='lat' dir='ltr'><strong>et</strong></span> <span class='ocrx_word' id='word_1_747' title='bbox 2174 3738 2215 3778; x_wconf 89' lang='lat' dir='ltr'><strong>in</strong></span> <span class='ocrx_word' id='word_1_748' title='bbox 2242 3738 2352 3778; x_wconf 87' lang='lat' dir='ltr'><strong>Ionia</strong></span> <span class='ocrx_word' id='word_1_749' title='bbox 2380 3739 2460 3778; x_wconf 83' lang='lat' dir='ltr'><strong>fato</strong></span> <span class='ocrx_word' id='word_1_750' title='bbox 2487 3739 2736 3778; x_wconf 86' lang='lat' dir='ltr'><strong>concessisse.</strong></span> <span class='ocrx_word' id='word_1_751' title='bbox 2767 3742 2825 3780; x_wconf 86' lang='lat' dir='ltr'><strong>De</strong></span> 
     </span>
     <span class='ocr_line' id='line_1_102' title="bbox 1523 3802 2826 3855; baseline 0.002 -12"><span class='ocrx_word' id='word_1_752' title='bbox 1523 3805 1585 3844; x_wconf 89' lang='lat' dir='ltr'><strong>his</strong></span> <span class='ocrx_word' id='word_1_753' title='bbox 1605 3806 1796 3844; x_wconf 83' lang='lat' dir='ltr'><strong>Craterus</strong></span> <span class='ocrx_word' id='word_1_754' title='bbox 1816 3814 1944 3854; x_wconf 87' lang='lat' dir='ltr'><strong>neque</strong></span> <span class='ocrx_word' id='word_1_755' title='bbox 1962 3803 2155 3854; x_wconf 86' lang='lat' dir='ltr'><strong>scriptum</strong></span> <span class='ocrx_word' id='word_1_756' title='bbox 2175 3802 2336 3853; x_wconf 85' lang='lat' dir='ltr'><strong>aliquod</strong></span> <span class='ocrx_word' id='word_1_757' title='bbox 2364 3802 2673 3853; x_wconf 86' lang='lat' dir='ltr'><strong>documentum,</strong></span> <span class='ocrx_word' id='word_1_758' title='bbox 2695 3815 2826 3855; x_wconf 87' lang='lat' dir='ltr'><strong>neque</strong></span> 
     </span>
     <span class='ocr_line' id='line_1_103' title="bbox 1519 3866 2823 3918; baseline 0 -11"><span class='ocrx_word' id='word_1_759' title='bbox 1519 3868 1714 3918; x_wconf 78' lang='lat' dir='ltr'><strong>Judicium</strong></span> <span class='ocrx_word' id='word_1_760' title='bbox 1727 3898 1738 3917; x_wconf 96' lang='lat'><strong>,</strong></span> <span class='ocrx_word' id='word_1_761' title='bbox 1756 3878 1886 3918; x_wconf 89' lang='lat' dir='ltr'><strong>neque</strong></span> <span class='ocrx_word' id='word_1_762' title='bbox 1905 3867 2109 3907; x_wconf 88' lang='lat' dir='ltr'><strong>decretum</strong></span> <span class='ocrx_word' id='word_1_763' title='bbox 2126 3867 2262 3914; x_wconf 79' lang='lat' dir='ltr'><strong>affert,</strong></span> <span class='ocrx_word' id='word_1_764' title='bbox 2279 3866 2420 3906; x_wconf 83' lang='lat' dir='ltr'><strong>solitus</strong></span> <span class='ocrx_word' id='word_1_765' title='bbox 2434 3867 2608 3918; x_wconf 88' lang='lat' dir='ltr'><strong>alioquin</strong></span> <span class='ocrx_word' id='word_1_766' title='bbox 2630 3867 2736 3907; x_wconf 88' lang='lat' dir='ltr'><strong>haud</strong></span> <span class='ocrx_word' id='word_1_767' title='bbox 2762 3868 2823 3907; x_wconf 92' lang='lat' dir='ltr'><strong>in-</strong></span> 
     </span>
     <span class='ocr_line' id='line_1_104' title="bbox 1522 3930 2824 3984; baseline 0 -12"><span class='ocrx_word' id='word_1_768' title='bbox 1522 3933 1729 3983; x_wconf 85' lang='lat' dir='ltr'><strong>diligenter</strong></span> <span class='ocrx_word' id='word_1_769' title='bbox 1748 3942 1794 3971; x_wconf 87' lang='lat' dir='ltr'><strong>ea</strong></span> <span class='ocrx_word' id='word_1_770' title='bbox 1813 3941 2010 3982; x_wconf 86' lang='lat' dir='ltr'><strong>apponere</strong></span> <span class='ocrx_word' id='word_1_771' title='bbox 2023 3961 2035 3981; x_wconf 93' lang='lat'><em>‚</em></span> <span class='ocrx_word' id='word_1_772' title='bbox 2054 3931 2185 3971; x_wconf 87' lang='lat' dir='ltr'><strong>citatis</strong></span> <span class='ocrx_word' id='word_1_773' title='bbox 2199 3930 2320 3970; x_wconf 84' lang='lat' dir='ltr'><strong>etiam</strong></span> <span class='ocrx_word' id='word_1_774' title='bbox 2343 3931 2588 3971; x_wconf 86' lang='lat' dir='ltr'><strong>auctoribus.</strong></span> <span class='ocrx_word' id='word_1_775' title='bbox 2615 3935 2663 3972; x_wconf 81' lang='lat' dir='ltr'><strong>At</strong></span> <span class='ocrx_word' id='word_1_776' title='bbox 2682 3932 2824 3984; x_wconf 89' lang='lat' dir='ltr'><strong>reliqui</strong></span> 
     </span>
     <span class='ocr_line' id='line_1_105' title="bbox 1523 3994 2822 4046; baseline 0.001 -10"><span class='ocrx_word' id='word_1_777' title='bbox 1523 3998 1604 4037; x_wconf 86' lang='lat' dir='ltr'><strong>sere</strong></span> <span class='ocrx_word' id='word_1_778' title='bbox 1619 4008 1779 4046; x_wconf 89' lang='lat' dir='ltr'><strong>omnes,</strong></span> <span class='ocrx_word' id='word_1_779' title='bbox 1800 3994 2008 4046; x_wconf 60' lang='lat' dir='ltr'><strong>quotquot*</strong></span> <span class='ocrx_word' id='word_1_780' title='bbox 2018 3994 2150 4045; x_wconf 84' lang='lat' dir='ltr'><strong>populi</strong></span> <span class='ocrx_word' id='word_1_781' title='bbox 2171 3995 2211 4034; x_wconf 91' lang='grc'><strong>111</strong></span> <span class='ocrx_word' id='word_1_782' title='bbox 2231 3995 2352 4034; x_wconf 90' lang='lat' dir='ltr'><strong>duces</strong></span> <span class='ocrx_word' id='word_1_783' title='bbox 2367 3997 2528 4045; x_wconf 79' lang='lat' dir='ltr'><strong>peccata</strong></span> <span class='ocrx_word' id='word_1_784' title='bbox 2558 3997 2681 4036; x_wconf 87' lang='lat' dir='ltr'><strong>literis</strong></span> <span class='ocrx_word' id='word_1_785' title='bbox 2707 4008 2822 4037; x_wconf 89' lang='lat' dir='ltr'><strong>man·</strong></span> 
     </span>
     <span class='ocr_line' id='line_1_106' title="bbox 1521 4060 2821 4112; baseline 0.001 -11"><span class='ocrx_word' id='word_1_786' title='bbox 1521 4062 1737 4112; x_wconf 85' lang='lat' dir='ltr'><strong>darunt,ii</strong></span> <span class='ocrx_word' id='word_1_787' title='bbox 1762 4062 1927 4102; x_wconf 84' lang='lat' dir='ltr'><strong>exilium</strong></span> <span class='ocrx_word' id='word_1_788' title='bbox 1956 4060 2254 4109; x_wconf 84' lang='lat' dir='ltr'><strong>Themistoclis,</strong></span> <span class='ocrx_word' id='word_1_789' title='bbox 2291 4061 2477 4101; x_wconf 88' lang='lat' dir='ltr'><strong>Miltiadis</strong></span> <span class='ocrx_word' id='word_1_790' title='bbox 2507 4062 2689 4112; x_wconf 86' lang='lat' dir='ltr'><strong>vincula,</strong></span> <span class='ocrx_word' id='word_1_791' title='bbox 2714 4063 2821 4102; x_wconf 89' lang='lat' dir='ltr'><strong>mul-</strong></span> 
     </span>
     <span class='ocr_line' id='line_1_107' title="bbox 1521 4127 2822 4177; baseline 0 -9"><span class='ocrx_word' id='word_1_792' title='bbox 1521 4131 1626 4168; x_wconf 84' lang='lat' dir='ltr'><strong>etam</strong></span> <span class='ocrx_word' id='word_1_793' title='bbox 1649 4128 1831 4177; x_wconf 86' lang='lat' dir='ltr'><strong>Periclis,</strong></span> <span class='ocrx_word' id='word_1_794' title='bbox 1851 4127 2030 4167; x_wconf 81' lang='lat' dir='ltr'><strong>Pachetis</strong></span> <span class='ocrx_word' id='word_1_795' title='bbox 2046 4127 2129 4177; x_wconf 87' lang='lat' dir='ltr'><strong>(qui</strong></span> <span class='ocrx_word' id='word_1_796' title='bbox 2150 4127 2189 4166; x_wconf 92' lang='lat' dir='ltr'><strong>in</strong></span> <span class='ocrx_word' id='word_1_797' title='bbox 2206 4127 2315 4166; x_wconf 84' lang='lat' dir='ltr'><strong>curia</strong></span> <span class='ocrx_word' id='word_1_798' title='bbox 2336 4129 2382 4166; x_wconf 90' lang='lat' dir='ltr'><strong>ut</strong></span> <span class='ocrx_word' id='word_1_799' title='bbox 2408 4128 2619 4167; x_wconf 82' lang='lat' dir='ltr'><strong>damnatus</strong></span> <span class='ocrx_word' id='word_1_800' title='bbox 2636 4130 2714 4176; x_wconf 78' lang='lat' dir='ltr'><strong>cst,</strong></span> <span class='ocrx_word' id='word_1_801' title='bbox 2731 4131 2822 4168; x_wconf 82' lang='lat' dir='ltr'><strong>ante</strong></span> 
     </span>
     <span class='ocr_line' id='line_1_108' title="bbox 1522 4190 2822 4242; baseline 0 -11"><span class='ocrx_word' id='word_1_802' title='bbox 1522 4193 1693 4232; x_wconf 88' lang='lat' dir='ltr'><strong>tribuual</strong></span> <span class='ocrx_word' id='word_1_803' title='bbox 1715 4202 1857 4231; x_wconf 86' lang='lat' dir='ltr'><strong>manus</strong></span> <span class='ocrx_word' id='word_1_804' title='bbox 1886 4191 1960 4231; x_wconf 79' lang='lat' dir='ltr'><strong>sibi</strong></span> <span class='ocrx_word' id='word_1_805' title='bbox 1981 4190 2128 4241; x_wconf 87' lang='lat' dir='ltr'><strong>attulit)</strong></span> <span class='ocrx_word' id='word_1_806' title='bbox 2157 4192 2349 4240; x_wconf 88' lang='lat' dir='ltr'><strong>mortem,</strong></span> <span class='ocrx_word' id='word_1_807' title='bbox 2371 4192 2576 4241; x_wconf 85' lang='lat' dir='ltr'><strong>multaque</strong></span> <span class='ocrx_word' id='word_1_808' title='bbox 2610 4192 2649 4230; x_wconf 91' lang='lat' dir='ltr'><strong>id</strong></span> <span class='ocrx_word' id='word_1_809' title='bbox 2671 4193 2822 4242; x_wconf 86' lang='lat' dir='ltr'><strong>generis</strong></span> 
     </span>
     <span class='ocr_line' id='line_1_109' title="bbox 1523 4255 2819 4307; baseline -0.001 -11"><span class='ocrx_word' id='word_1_810' title='bbox 1523 4258 1598 4296; x_wconf 84' lang='lat' dir='ltr'><strong>alia</strong></span> <span class='ocrx_word' id='word_1_811' title='bbox 1625 4256 1813 4307; x_wconf 84' lang='lat' dir='ltr'><strong>colligunt</strong></span> <span class='ocrx_word' id='word_1_812' title='bbox 1838 4257 1876 4296; x_wconf 88' lang='lat' dir='ltr'><strong>ct</strong></span> <span class='ocrx_word' id='word_1_813' title='bbox 1907 4255 2108 4296; x_wconf 85' lang='lat' dir='ltr'><strong>celebrant</strong></span> <span class='ocrx_word' id='word_1_814' title='bbox 2130 4272 2136 4295; x_wconf 94' lang='lat'>:</span> <span class='ocrx_word' id='word_1_815' title='bbox 2159 4256 2338 4296; x_wconf 84' lang='lat' dir='ltr'><strong>Aristidis</strong></span> <span class='ocrx_word' id='word_1_816' title='bbox 2359 4267 2452 4296; x_wconf 80' lang='lat' dir='ltr'><strong>vero</strong></span> <span class='ocrx_word' id='word_1_817' title='bbox 2479 4256 2642 4297; x_wconf 86' lang='lat' dir='ltr'><strong>exilium</strong></span> <span class='ocrx_word' id='word_1_818' title='bbox 2660 4256 2819 4307; x_wconf 83' lang='lat' dir='ltr'><strong>quidem</strong></span> 
     </span>
    </p>
   </div>
   <div class='ocr_carea' id='block_1_19' title="bbox 2850 0 3008 4518">
    <p class='ocr_par' dir='ltr' id='par_1_19' title="bbox 2850 0 3008 4518">
     <span class='ocr_line' id='line_1_110' title="bbox 2850 0 3008 4518; baseline 0 -4091"><span class='ocrx_word' id='word_1_819' title='bbox 2850 0 3008 4518; x_wconf 95' lang='lat' dir='ltr'><strong>    </strong></span> 
     </span>
    </p>
   </div>
  </div>
 </body>
</html>
