3016 4628
36 956 62 1054 {i

37 1131 45 1155 ζ’

37 1163 44 1187 i

33 1222 44 1275 Ι)

124 1904 331 1948 chorum
358 1899 448 1962 (fr.
471 1900 496 1944 3
519 1900 533 1962 )
554 1934 565 1956 ‚

657 267 1359 382 GLAUCUS
1446 267 2015 373 RHEGIN
2044 269 2241 374 US.

794 486 1496 580 DEMOCRITUS
1537 494 2103 573 ABDElilTA.

195 898 392 943 Glaucus
406 930 418 950 ‚
440 894 463 939 ὃ
483 890 681 953 Ῥηγῖνος
711 890 794 951 (fr.

130 968 386 1019 Democriti
405 966 590 1025 aequalis
612 965 685 1008 vel
705 978 876 1022 suppar
903 961 990 1023 (fr.
1022 961 1047 1005 5
1068 961 1103 1023 )‚
1128 971 1292 1005 auctor
1314 977 1415 1020 συγ-

132 1114 262 1160 σικῶν
308 1109 390 1173 (fi.
419 1109 503 1170 2),
536 1110 611 1154 vel
634 1106 903 1169 Ἀναγραφης
945 1100 1052 1166 ὑπὲρ
1097 1121 1181 1148 των
1221 1099 1414 1165 ἀρχαίων

130 1185 336 1240 ποιητῶν,
359 1182 490 1242 quod
504 1197 620 1242 opus
642 1180 857 1224 nonnulli
891 1178 948 1222 ab
966 1177 1254 1235 Antiphonte
1287 1175 1418 1219 Rha-

128 1257 310 1309 mnusio
321 1254 729 1314 compositumesse
744 1251 987 1311 putabant.
998 1248 1231 1292 Plutarch.
1241 1248 1333 1292 Vit.
1353 1247 1415 1290 X.

131 1330 213 1374 Or.
235 1329 274 1383 Ι,
303 1342 376 1386 19,
403 1342 460 1386 p.
477 1325 588 1382 833,
610 1326 692 1369 D:
717 1319 921 1382 Νομίζων
939 1318 982 1365 δὲ
1008 1319 1060 1380 (ὃ
1081 1317 1320 1409 Ἀντιφῶν)
1341 1334 1419 1373 την

130 1397 285 1463 τέχνην
315 1395 418 1460 (τὴν
445 1414 672 1454 ποιητικην
696 1398 708 1458 )
749 1391 916 1440 ἐλάττω
953 1389 1096 1448 ἢκαθ’
1114 1389 1248 1439 αὑτὸν
1280 1393 1416 1451 εἶναι,

130 1471 201 1519 ἐπὶ
227 1466 451 1536 ῥητορικὴν
478 1466 731 1532 ἀπετράπη.
756 1464 858 1514 Εἰσὶ
898 1465 934 1510 δ’
973 1461 1016 1510 οἳ
1038 1462 1113 1510 καὶ
1136 1461 1184 1509 τὸ
1222 1460 1420 1510 Γλαύκου

131 1563 204 1590 του
243 1539 446 1604 Ῥηγίνου
478 1538 586 1604 Περὶ
626 1556 815 1596 ποιητων
854 1535 1018 1600 βιὸλίον
1057 1537 1116 1588 εἰς
1159 1534 1421 1599 Ἀντιφῶντα

132 1613 411 1679 ἀναφέρουσιν
436 1611 506 1674 (*).

195 1691 369 1735 Verum
399 1685 602 1746 Rhegini
642 1683 846 1728 hominis
884 1683 1109 1742 scriptum
1151 1696 1269 1736 esse,
1313 1680 1423 1725 inde

135 1758 352 1817 conjicias
372 1756 503 1816 quod
525 1756 732 1815 reliquiae
753 1754 850 1812 ejus
869 1755 1009 1814 longe
1030 1754 1243 1813 plurimae
1261 1753 1320 1797 ad
1333 1754 1422 1797 Ita-

135 1833 203 1875 los
230 1839 367 1888 atque
405 1828 584 1873 Siculos
616 1827 827 1871 homines
857 1827 1144 1891 pertineant,
1181 1825 1240 1869 ad
1283 1826 1424 1870 Stesi-

604 1900 918 1944 Xenocritum
945 1897 1033 1958 (fr.
1059 1895 1145 1960 4),
1180 1897 1424 1956 Empedo-

136 1975 252 2020 clem
287 1973 370 2034 (fr.
408 1971 493 2033 6),
530 1972 844 2031 Pythagoreos
877 1970 1138 2015 Democriti
1183 1970 1426 2029 magistros

135 2046 219 2106 (fr.
251 2043 550 2108 5).<Ceterum
573 2058 719 2102 quum
738 2043 946 2088 Glaucon
969 2043 1107 2086 Teius
1139 2045 1426 2086 memoretur

135 2118 262 2178 apud
301 2117 596 2162 Aristotelem
632 2113 796 2177 (Rhet.
823 2117 909 2171 ΙΙΙ,
950 2112 1022 2176 1),
1049 2115 1161 2158 Teio
1192 2115 1425 2175 'Rhegium

95 2219 103 2228 «ι
135 2190 394 2250 profectum
425 2204 517 2233 esse
553 2188 709 2232 statuit
732 2188 970 2247 Menagius
1000 2185 1074 2247 (**)
1117 2187 1178 2230 ad
1199 2188 1336 2247 Diog.
1369 2189 1423 2233 L.

138 2263 264 2317 VIII,
289 2259 364 2306 52.
384 2263 556 2307 Verum
577 2259 703 2303 unde
718 2268 896 2303 constat
917 2259 1079 2302 Teium
1096 2258 1298 2302 eundem
1321 2275 1427 2302 cum

139 2334 354 2394 Rhegino
382 2331 551 2376 fuisse?
580 2331 749 2389 Majori
780 2346 887 2375 cum
913 2331 1254 2390 probabilitatis
1275 2331 1427 2390 specie

191 2490 241 2541 (*)
271 2487 521 2539 Antiphontis
546 2487 694 2526 librum
716 2487 807 2538 Περὶ
827 2490 903 2525 τῶν
934 2486 973 2525 ἐν
989 2487 1102 2537 ἀρετῇ
1126 2487 1428 2537 πρωτευσάντων

62 2563 66 2567 ’
103 2552 106 2554 ’
141 2548 274 2588 laudat
288 2547 398 2596 Diog.
415 2548 460 2586 L.
477 2548 594 2593 Vlll,
612 2550 635 2584 3
659 2561 668 2584 :
688 2544 865 2593 Ἐγένετο
880 2543 946 2583 οὖν
968 2543 1011 2594 (ὁ
1038 2544 1285 2596 Πυθαγόρας)
1304 2546 1341 2585 ἐν
1365 2548 1429 2585 Αἰ-

138 2608 293 2657 γύπτῳ,
322 2604 489 2652 ὁπηνίκα
518 2605 584 2643 καὶ
614 2602 863 2654 Πολυκράτης
891 2603 1005 2642 αὐτὸν
1025 2602 1197 2653 Ἀμάσιδι
1218 2604 1430 2651 συνέστησε

139 2665 186 2703 δι’
210 2664 411 2711 ἐπιστολῆς
427 2692 437 2711 ,
454 2662 519 2700 καὶ
541 2662 694 2711 ἐξέμαθε
707 2662 775 2707 τὴν
795 2661 920 2710 φωνην
937 2661 1062 2699 αὐτῶν
1074 2692 1084 2709 ,
1106 2661 1205 2699 καθά
1224 2675 1336 2711 φησιν
1355 2662 1429 2701 Ἀν-

139 2725 256 2772 τιφῶν
285 2721 323 2759 ἐν
346 2723 403 2771 τῷ
430 2719 521 2769 Περὶ
554 2722 630 2757 τῶν
657 2718 694 2756 ἐν
722 2718 834 2768 ἀρετῇ
868 2718 1179 2768 πρωτευσάντων.
1215 2719 1290 2758 Sed
1324 2720 1430 2759 hunc

140 2778 420 2828 Antiphontem
439 2787 520 2816 non
546 2775 835 2815 Rhamnusium
867 2786 972 2824 esse,
1004 2787 1141 2815 verum
1171 2777 1429 2817 recentiorem

140 2835 340 2887 quendam
363 2835 471 2874 recte
497 2833 634 2884 procul
656 2833 777 2872 dubio
809 2834 947 2872 statuit
974 2835 1109 2873 Petrus
1128 2845 1205 2872 van
1221 2837 1350 2884 Spaan
1366 2837 1428 2876 vel

140 2894 271 2945 potius
298 2892 556 2933 Ruhnkenius
578 2887 627 2930 'in
647 2891 808 2931 Dissert.
835 2894 893 2931 De
925 2892 1166 2942 Antiphonte
1195 2893 1363 2932 Rhamn.
1389 2895 1429 2933 in

143 2952 272 2992 Oratt.
294 2951 377 2990 Att.
394 2951 496 2989 tom.
512 2952 552 2998 1,
573 2959 615 2999 p.
640 2955 688 2989 22
705 2948 768 2988 ed.
786 2949 960 2988 Dobson.

193 3002 264 3060 (ἢ)
290 3009 422 3048 Verba
441 3005 660 3048 Aristotelis
677 3008 769 3045 sunt
789 3021 797 3045 :
827 3008 952 3053 Δῆλον
982 3006 1047 3045 οὖν
1069 3007 1125 3045 ὅτι
1158 3009 1224 3047 καὶ
1244 3010 1328 3060 περὶ
1360 3011 1429 3058 τὴν

142 3062 342 3118 ῥητδρικήν
362 3066 442 3105 ἐστι
462 3065 506 3103 τὸ
531 3067 704 3102 τοιοῦτον
730 3062 806 3114 (sc.
825 3067 849 3112 ἡ
867 3065 1088 3115 ὑπόκρισις)
1106 3065 1237 3117 ὥσπερ
1258 3068 1322 3106 καὶ
1343 3070 1428 3119 περὶ

141 3125 208 3171 τὴν
227 3123 429 3170 ποιητικήν
442 3133 452 3142 ·
475 3122 568 3171 ὅπερ
588 3120 709 3170 ἕτεροί
724 3135 821 3166 τινες
841 3123 1206 3173 ἐπραγματεύθησαν
1227 3125 1292 3163 καὶ
1314 3127 1429 3165 Γλαύ-

142 3195 220 3222 κων
237 3182 258 3219 ὁ
275 3181 401 3228 Τήιος.
420 3179 538 3221 idem.
550 3178 752 3228 Menagius
767 3190 860 3218 cum
887 3181 1039 3219 Glauco
1066 3181 1241 3231 Rhegino
1261 3184 1429 3223 consun-

61 3284 70 3291 .
143 3237 201 3278 dit
221 3237 417 3278 Glaucum
434 3236 766 3287 Olympionicam.
788 3239 825 3276 Is
844 3240 928 3276 erat
939 3239 983 3277 τὸ
997 3239 1102 3288 γένος
1116 3239 1346 3289 Καρύστιος.
1379 3244 1428 3281 V.

12 4539 28 4558 ⁴⁴
24 4498 26 4501 .

30 4554 42 4580 a
36 4521 46 4538 ι.
34 4462 42 4471 2
37 4404 50 4423 ¹<

48 4484 57 4492 f

144 3297 375 3346 Harpocrat.
396 3307 436 3334 v.
470 3297 639 3338 Γλαῦκος
671 3295 711 3333 et
741 3296 884 3336 Euseb.
918 3299 1017 3336 Exc.
1042 3295 1084 3335 in
1114 3299 1246 3336 cram.
1281 3299 1428 3339 Anecd.

146 3351 265 3391 Paris.
292 3355 349 3402 ΙΙ,
373 3363 412 3402 p.
446 3355 532 3392 153.
558 3351 679 3391 Miror
695 3351 812 3391 etiam
847 3353 1069 3403 valesium,
1093 3354 1162 3403 qui
1184 3354 1256 3403 (ad
1277 3359 1431 3407 Harpo-

145 3411 242 3448 crat.
263 3421 303 3449 v.
322 3411 511 3460 Γλαῦκος)
533 3420 627 3448 cum
647 3409 821 3458 Rhegino
848 3413 984 3450 nostro
1011 3413 1214 3461 componit
1236 3414 1431 3454 Glaucum

146 3466 405 3507 Arabicorum
422 3467 677 3519 scriptorem,
706 3466 821 3515 cujus
843 3467 988 3518 saepius
1007 3469 1187 3508 meminit
1212 3471 1434 3520 Stephanus

146 3525 369 3573 Byzantius.
399 3527 457 3564 De
475 3525 617 3564 ceteris
636 3523 795 3564 Glaucis
812 3525 877 3564 adi
907 3525 1132 3565 Fabricium
1163 3527 1203 3566 in
1235 3528 1334 3568 Bibl.
1361 3533 1430 3569 Gr.

146 3583 186 3622 et
201 3584 373 3622 lonsium
395 3586 479 3624 Scr.
495 3582 588 3623 hist.
609 3584 709 3624 Phil.
728 3595 768 3634 p.
784 3591 832 3624 29
848 3584 911 3623 ed.
935 3584 1089 3623 Dohrn.

821 888 897 950 5),
923 891 944 934 ὃ
961 886 1004 941 ἐξ
1024 885 1214 940 Ἰταλίας
1239 887 1327 947 (fr.
1348 885 1413 945 2),
1451 886 1460 931 l
1493 894 1660 933 statuas
1683 886 1865 944 Rhegio
1898 886 2123 930 Glaucum
2147 886 2348 929 Athenas
2381 885 2640 944 profectum
2669 888 2786 931 inter

1492 958 1734 1016 magistros
1754 957 1887 1000 fuisse
1914 957 2240 1016 Antiphontis,
2275 958 2323 999 in
2350 957 2480 1015 cujus
2503 973 2634 1001 usum
2661 960 2785 1003 libel-

36 1036 66 1122 γέ,
133 1035 387 1106 γράμματός
408 1054 519 1090 τινος
540 1034 651 1099 Περὶ
670 1036 754 1080 τῶν
776 1031 968 1096 ἀρχαίων
992 1049 1181 1088 ποιητων
1209 1029 1284 1076 καὶ
1311 1048 1417 1092 μου·
1493 1029 1589 1072 lum
1623 1045 1757 1073 suum
1781 1031 1851 1073 De
1875 1030 2025 1088 poetis
2055 1038 2194 1087 atque
2227 1030 2410 1072 musicis
2442 1031 2784 1089 conscripserit.

1492 1102 1587 1144 Nec
1617 1101 1822 1145 diversus
1846 1102 1920 1144 101
1925 1110 2036 1145 tasse
2078 1102 2136 1145 ab
2168 1117 2225 1145 eo
2261 1109 2326 1145 est
2371 1102 2599 1156 Glcmcon,
2641 1118 2781 1161 quem

1497 1170 1667 1217 Plato
1657 1189 1705 1216 m
1736 1170 1849 1217 Ione
1870 1190 1915 1232 p.
1945 1172 2126 1228 530‚D
2164 1173 2234 1233 (V.
2257 1171 2551 1217 Stesimbroti
2577 1175 2658 1217 vit.
2686 1186 2784 1221 not.

1498 1243 1554 1305 4)
1582 1261 1674 1289 una
1698 1261 1804 1289 cum
1834 1246 2055 1290 Stesnnbi
2059 1255 2139 1289 oto
2172 1255 2311 1305 atque
2333 1245 2642 1301 Metrffodoio
2687 1245 2785 1292 llo-

1495 1333 1613 1362 meri
1628 1319 1986 1378 interpretibus
2011 1319 2236 1362 nominat.
2267 1319 2400 1362 Certe
2420 1318 2645 1363 Glaucum
2669 1316 2791 1381 (non

1497 1391 1807 1450 Glauconem)
1836 1406 1943 1434 curn
1966 1377 2190 1434 Stesimbl
2193 1400 2273 1434 oto
2293 1391 2535 1452 componit
2555 1391 2698 1434 schol.
2731 1387 2791 1431 ad

1498 1463 1636 1506 Hom.
1654 1462 1706 1504 Il
1726 1459 1784 1517 λ’,
1812 1461 1903 1505 635
1932 1461 2069 1522 (vide
2093 1460 2333 1506 Stesimbr.
2362 1462 2420 1504 11.
2450 1462 2555 1522 19).
2581 1464 2642 1506 At
2666 1461 2791 1504 idem

1496 1535 1644 1580 schol.
1668 1534 1746 1581 ad.
1775 1536 1831 1579 Il.
1863 1537 1903 1590 Ι,
1936 1551 1954 1578 1
1988 1551 1997 1578 ε
2025 1535 2081 1579 Οἱ
2098 1532 2195 1597 περὶ
2221 1532 2516 1580 Γλαύκωνα
2543 1531 2629 1579 τὸν
2650 1534 2791 1595 Ταρ-

1499 1603 1593 1651 σέα
1627 1603 1768 1661 ἠξίουν
1798 1603 1959 1659 ὀξύνειν
1983 1604 2031 1651 τὸ
2056 1603 2222 1668 ὄνομα(
2240 1605 2413 1666 μῆνιν),
2436 1605 2554 1650 adeo
2578 1613 2629 1648 ut
2646 1605 2703 1648 de
2724 1606 2794 1648 his

1475 1680 1668 1723 *certius
1691 1680 1807 1723 nihil
1842 1694 2099 1723 asseverare
2130 1680 2291 1723 ausim.
2320 1679 2389 1724 Cf.
2423 1678 2644 1722 XVelcker
2666 1677 2790 1731 cycl.

1497 1768 1546 1812 p.
1576 1750 1683 1796 135.

1646 1929 1796 1976 ΠΕΡΙ
1835 1929 2118 1977 ΠΟΙΗἸὩΝ
2154 1929 2260 1977 ΚΑΙ
2299 1929 2638 1977 ΜΟΥΣΙΚΩΝ.

2124 2056 2164 2083 Ι.

1568 2150 1908 2208 Harpocratio:
1931 2149 2200 2200 Μουσαῖος.
2221 2149 2283 2194 Ile
2269 2166 2398 2211 εριμε
2382 2147 2663 2196 νΜουσαίου
2683 2146 2793 2212 Ἀ-ρι

1507 2218 1735 2273 στόξενος’
1717 2239 1758 2266 εν
1794 2225 1878 2272 τοῖς
1910 2218 2304 2307 ΙΙραξιδαμαντίοις
2333 2238 2462 2283 φησιν
2486 2219 2550 2266 ὅτι
2574 2222 2610 2266 οἱ
2648 2239 2697 2280 με
2703 2239 2723 2264 ν
2745 2221 2793 2265 ἐκ

1503 2291 1682 2356 Θράκης
1711 2290 1908 2355 εἰρήκασι
1934 2290 2005 2336 τὸν
2033 2290 2164 2355 ἄνδρα
2192 2294 2322 2349 εἰναι,
2357 2293 2442 2338 οἱ
2419 2289 2464 2338 οὲ
2491 2293 2730 2354 αὐτόχθονα
2752 2291 2794 2345 ἐξ

1504 2363 1766 2416 Ἐλευσινος.
1790 2361 2005 2425 Εἷρήκασι
2029 2362 2072 2410 δὲ
2093 2381 2192 2427 περι
2213 2363 2342 2410 αυτοῦ
2358 2362 2478 2410 ἄλλοι
2499 2382 2541 2409 τε
2556 2365 2628 2410 καὶ
2651 2366 2686 2412 l
2689 2364 2794 2409 λαυ-

1504 2454 1588 2488 κος.

2130 2528 2175 2557 2.

1574 2619 1812 2665 Plutarch.
1837 2619 1906 2665 De
1934 2624 2049 2666 Mus.
2081 2639 2121 2664 c.
2160 2627 2183 2674 ζ,
2217 2638 2226 2664 :
2249 2618 2397 2667 Ἔοικε
2423 2619 2467 2666 δὲ
2493 2618 2604 2665 κατὰ
2627 2619 2705 2676 τὴν
2728 2619 2797 2666 τέ·

1504 2710 1611 2755 χνην
1631 2690 1710 2749 τὴν
1733 2691 2021 2756 κιθαρῳδικὴν
2045 2695 2066 2738 ὁ
2098 2693 2376 2758 Τέρπανδρος
2405 2693 2694 2756 διενηνοχέναι
2710 2712 2719 2721 ·
2743 2692 2797 2739 τὰ

1509 2764 1649 2812 Πύθια
1669 2764 1751 2830 γὰρ
1771 2765 1968 2830 τετράκις
1993 2764 2087 2822 ἑξῆς
2111 2767 2341 2823 νενικηκὼς
2360 2765 2702 2829 ἀναγέγραπται·
2725 2765 2798 2811 καὶ

1504 2837 1590 2887 τοῖς
1610 2838 1776 2900 χρόνοις
1797 2837 1840 2883 δὲ
1870 2833 2032 2905 σφόδῇκ
2056 2837 2238 2891 παλαιός
2260 2840 2370 2885 ἐστι·
2393 2837 2681 2902 πρεσὸύτερον
2697 2843 2796 2900 γοῦν

1506 2908 1633 2954 αὐτὸν
1660 2908 1920 2973 Ἀρχιλόχου
1961 2909 2191 2973 ἀποφαίνει
2213 2911 2406 2960 Γλαῦκος
2427 2914 2448 2957 ὃ
2471 2910 2513 2964 ἐξ
2545 2909 2732 2962 Ἰταλίας
2757 2912 2798 2956 ἐν

1505 2981 1816 3046 συγγράμματί
1848 3001 1930 3044 τινι
1954 2986 2015 3047 τῷ
2054 2982 2164 3047 Περὶ
2187 2986 2270 3029 τῶν
2298 2982 2488 3047 ἀρχαίων
2525 2986 2712 3039 ποιητῶν
2753 3002 2798 3027 τε

1505 3052 1578 3100 καὶ
1604 3057 1841 3115 μουσικῶν·
1863 3055 1967 3120 φησὶ
1985 3053 2069 3121 γὰρ
2091 3055 2217 3102 αὐτὸν
2244 3055 2437 3119 δεύτερον
2457 3054 2653 3117 γενέσθαι
2686 3054 2796 3115 μετὰ

1503 3124 1598 3179 τοὺς
1616 3125 1809 3190 πρώτους
1832 3127 2097 3185 ποιήσαντας
2110 3127 2340 3194 αὐλῳδίαν.
2358 3130 2473 3176 Vide
2486 3130 2669 3173 Miiller.
2688 3131 2797 3173 Dor.

1506 3197 1569 3255 ΙΙ,
1596 3215 1644 3258 p.
1674 3200 1783 3257 317,
1807 3200 1859 3256 33
1883 3202 2011 3246 Bode
2037 3202 2202 3247 Gesclz.
2226 3204 2271 3246 d.
2296 3204 2416 3246 Hell.
2439 3202 2624 3247 Diclztk.
2655 3203 2723 3255 ΙΙ,
2760 3216 2796 3244 1.

1508 3286 1554 3330 p.
1586 3277 1645 3324 40
1671 3288 1771 3332 sqq.

2129 3348 2170 3389 3.

1572 3445 1642 3491 Id.
1664 3445 1778 3492 ibid.
1810 3464 1851 3490 c.
1878 3463 1901 3503 7
1934 3443 2064 3492 ;“Ότι
2085 3447 2120 3491 δ’
2142 3444 2257 3492 ἐστὶν
2284 3446 2512 3509 Ὀλύμπου
2539 3452 2559 3494 ὁ
2591 3450 2797 3511 ἁρμάτιος

1508 3512 1659 3577 νόμος,
1687 3517 1735 3562 ἔκ
1758 3514 1831 3572 τῆς
1858 3516 2055 3565 Γλαύκου
2083 3519 2332 3583 ἀναγραφῆς
2351 3524 2424 3576 τῆς
2448 3519 2585 3583 Ὑπὲρ
2614 3525 2694 3566 τῶν
2721 3523 2798 3583 ἀρ-

1507 3585 1643 3649 χαίων
1667 3591 1856 3644 ποιητῶν
1878 3588 2005 3649 μάθοι
2031 3588 2081 3635 ἄν
2106 3609 2187 3643 τις·
2202 3591 2277 3636 καὶ
2303 3590 2367 3637 ἔτι
2383 3591 2501 3653 γνοίη
2517 3629 2528 3649 ,
2550 3591 2613 3638 ὅτι
2637 3592 2796 3648 Στησί-

195 3672 2791 3695 Ἣ

410 3714 490 3761 DE
524 3714 744 3762 POETIS
779 3715 858 3762 ET
892 3715 1162 3763 MUSIClS.

766 3797 805 3837 1.

197 3852 250 3890 De
268 3853 414 3891 Musaeo
431 3853 686 3895 Aristoxenus
701 3858 742 3896 in
759 3858 1088 3900 Praxidamantiis
1103 3861 1201 3900 dicit
1224 3861 1446 3901 secundum

141 3915 350 3955 nonnullos
369 3927 415 3955 ex
435 3917 600 3958 Thracia
621 3920 838 3960 oriundum
859 3922 987 3962 virum
999 3954 1011 3973 ,
1029 3915 1250 3964 secundum
1267 3926 1365 3966 alios
1383 3925 1442 3965 in-

148 3984 326 4035 digenam
343 3987 586 4027 Eleusinium
612 3999 709 4029 esse.
737 3991 883 4030 Praeter
904 3990 1183 4031 Aristoxenum
1204 3992 1252 4031 (le
1276 4004 1325 4033 eo
1350 3996 1434 4034 tum

149 4050 215 4090 alii
233 4051 417 4091 dixerunt
438 4053 525 4092 tum
545 4054 731 4094 Glaucus.

766 4123 809 4163 2.

201 4187 371 4236 Apparet
393 4186 664 4236 Terpandrum
691 4187 927 4230 citharistica
953 4192 1037 4231 arte
1063 4191 1314 4242 excelluisse;
1346 4204 1436 4233 nam

1506 3722 1647 3770 quater
1669 3722 1808 3764 vicisse
1837 3725 1976 3774 Pythia
1994 3725 2179 3777 deinceps
2201 3727 2385 3766 scribitur
2406 3728 2444 3766 in
2465 3728 2622 3767 tabulis.
2651 3728 2796 3767 Admo-

1506 3783 1600 3824 dum
1633 3796 1728 3826 vero
1761 3790 1948 3838 antiquus
1978 3791 2060 3838 est;
2081 3801 2172 3829 nam
2197 3791 2369 3830 Glaucus
2397 3791 2519 3830 italus
2549 3791 2721 3840 quodam
2752 3790 2791 3828 in

1506 3846 1606 3886 libro
1618 3851 1674 3888 De
1688 3851 1888 3891 veteribus
1906 3855 2030 3902 poetis
2046 3855 2086 3892 et
2099 3853 2260 3892 musicis
2273 3854 2441 3903 priorem
2455 3865 2545 3891 euin
2565 3853 2795 3892 Archilocho
2850 3894 2855 3898 .

1507 3913 1739 3960 pronuntiat
1760 3930 1768 3953 :
1786 3915 1842 3954 ait
1857 3917 1964 3955 enim
1976 3927 2074 3955 eum
2089 3917 2307 3956 secundum
2331 3916 2523 3955 exstitisse
2544 3918 2629 3964 post
2646 3916 2794 3964 eosqui

1507 3975 1623 4024 primi
1643 3977 1747 4016 tibiis
1763 3988 1903 4018 canere
1920 3979 2188 4019 instituerunt.

2130 4056 2170 4093 3.

1559 4131 1715 4183 Olympi
1736 4144 1819 4173 esse
1835 4135 2082 4174 Harmatium
2104 4145 2266 4173 nomum
2283 4145 2330 4171 cx
2345 4133 2481 4170 Glauci
2503 4135 2687 4172 veterum
2704 4145 2794 4183 poe-

1510 4195 1640 4234 tarum
1677 4197 1904 4236 recensione
1927 4198 2105 4246 cognosci
2137 4197 2289 4246 potest3
2315 4197 2399 4232 tuin
2430 4194 2545 4232 ctiam
2578 4195 2650 4233 hoc
2677 4198 2793 4236 Stesi-
