3016 4628
887 318 1387 429 HIPPYS
1455 311 2200 458 RHEGINUs.

1393 561 1731 584 w·

287 753 356 796 Ex
387 752 493 796 Asia
522 750 772 809 insulisque
805 749 976 794 Ionicis
993 747 1090 806 jam
1110 747 1434 805 trajiciendum
1458 756 1525 791 est

222 824 271 867 in
299 822 483 868 Italiam
510 832 556 867 et
589 822 818 876 Siciliam,
852 820 937 864 ubi
959 819 1130 863 faustus
1159 819 1409 861 multarum
1443 832 1523 861 re-

221 911 327 939 rum
357 909 610 940 concursus
629 893 690 938 ad
716 891 913 937 colenda
932 891 1082 935 studia
1099 891 1319 934 historica
1341 890 1526 935 (111-30005

223 970 454 1013 excitavit.
472 967 597 1025 Quid
617 965 765 1026 quod,
786 966 822 1009 si
839 964 1028 1010 Suidam
1047 962 1303 1018 audiamus,
1322 962 1398 1006 vel
1417 970 1525 1005 ante

223 1043 490 1085 Hecataeum
509 1040 739 1084 Milesium
756 1037 1004 1084 Messenius
1018 1034 1419 1095 historiographus
1434 1031 1524 1076 flo-

223 1115 343 1169 ruit,
366 1115 635 1158 Pomanus
649 1146 662 1168 ‚
688 1119 821 1170 pater
841 1109 990 1167 Ibyci.

290 1182 491 1241 ’Ίὸυκος,
518 1186 607 1241 ait,
636 1179 827 1239 Φυτίου,
866 1181 904 1225 οἱ
928 1177 972 1224 δὲ
998 1177 1252 1235 Πολυζήλου
1278 1182 1352 1225 τοῦ
1388 1178 1524 1225 Μεσ-

226 1257 374 1315 σηνίου
398 1254 726 1321 ἱστοριογράφου
751 1257 836 1317 (510
858 1253 1000 1298 codd.
1031 1254 1224 1313 optimi,
1249 1256 1323 1299 τοῦ
1353 1253 1418 1300 Μ.
1446 1254 1521 1297 τοῦ

225 1331 312 1376 ἱστ.
337 1331 469 1376 editt.
486 1330 520 1392 ).
1059 1365 1062 1369 .

294 1402 469 1448 Verum
506 1401 714 1461 sphalma
747 1399 1037 1460 grammatici
1079 1399 1352 1458 Polyzelum
1387 1401 1523 1445 Rho-

227 1475 383 1531 dium,
424 1475 609 1519 serioris
642 1474 727 1517 aevi
760 1472 1057 1527 historicum,
1083 1487 1191 1515 cum
1223 1471 1356 1530 Ibyci
1375 1483 1525 1531 poetae

226 1558 359 1608 patre
384 1546 713 1592 confundentis
740 1544 1131 1588 neminem²latet.
1158 1543 1350 1587 Bothius
1379 1544 1525 1589 libra-

227 1621 409 1663 riorum
451 1619 637 1677 culpam
674 1631 767 1660 esse
800 1625 967 1675 putans
1010 1616 1243 1676 vulgatam
1278 1616 1528 1660 lectionem

227 1692 397 1735 mutari
423 1692 574 1734 voluit
608 1691 659 1732 in
681 1685 952 1744 Μεσσηνίου,
978 1687 1026 1733 οὐ
1056 1689 1131 1732 τοῦ
1155 1687 1293 1751 ἱστορ.
1326 1689 1437 1746 Quae
1462 1699 1529 1733 est

228 1764 491 1808 emendatio
514 1763 675 1822 paullo
700 1760 934 1821 frigidior.

295 1837 474 1882 Certius
488 1844 666 1880 constat
683 1834 742 1879 de
766 1834 1011 1894 Theagene
1028 1842 1073 1877 et
1088 1834 1269 1893 Hippye
1288 1833 1530 1893 Rheginis.

230 1911 444 1967 Quorum
469 1910 547 1952 ille
572 1920 843 1967 quanquam
875 1906 1044 1964 injuria
1071 1907 1408 1950 historicorum
1440 1923 1534 1950 nu—

229 1997 362 2027 mero
389 1990 673 2036 accensetur,
700 1989 855 2023 tamen
879 1994 981 2037 quae
995 1978 1054 2022 de
1068 1993 1124 2022 eo
1140 1977 1410 2023 referuntur
1425 1994 1536 2039 per—

230 2070 380 2115 pauca
402 2054 609 2099 indicare
623 2053 674 2096 h.
703 2053 735 2095 l.
763 2052 915 2095 liceat.

298 2128 478 2172 Tatian.
509 2128 591 2172 Or.
622 2125 735 2180 adv.
753 2125 835 2170 Gr.
865 2139 906 2168 c.
932 2123 992 2177 48
1019 2121 1100 2184 (ex
1125 2139 1182 2168 eo
1203 2125 1373 2172 Euseb.
1402 2127 1454 2169 P.
1479 2127 1533 2170 Ε.

231 2202 297 2258 X,
329 2216 348 2244 1
363 2217 381 2244 1
399 2234 412 2256 ,
432 2216 483 2259 p.
510 2197 626 2261 491)
651 2214 662 2243 ι
690 2194 801 2258 Περὶ
821 2197 898 2252 τῆς
914 2193 1130 2252 ποιήσεως
1147 2199 1222 2242 τοῦ
1245 2193 1442 2261 Ὁμήρου
1464 2195 1536 2254 γε’-

232 2290 329 2324 νους
352 2289 398 2317 τε
424 2272 556 2316 αὐτοῦ
581 2268 656 2317 καὶ
688 2268 871 2333 χρόνου,
911 2267 1007 2314 καθ’
1039 2266 1084 2314 ὃν
1109 2266 1303 2329 ἤκμαζε,
1338 2267 1539 2334 προηρή-

233 2362 387 2391 νευσαν
413 2345 451 2391 οἱ
476 2341 770 2407 πρεσὸύτατοι
801 2338 1023 2403 Θεαγένης
1046 2359 1092 2386 τε
1124 2343 1147 2386 ὁ
1179 2339 1400 2402 Ῥηγῖνος,
1423 2339 1540 2409 Δκατὰ

233 2415 482 2479 Καμὸύσην
500 2413 685 2481 γεγονώς
711 2413 809 2479 (01.
831 2414 893 2459 62
908 2448 921 2471 ,
943 2415 1064 2468 2-64
1078 2449 1090 2471 ,
1112 2414 1162 2476 3)
1181 2450 1193 2472 ,
1212 2412 1542 2485 Στησίμὸροτεξς

235 2508 279 2536 τε
299 2492 321 2536 ὃ
357 2490 523 2542 Θάσιος
553 2486 628 2535 καὶ
655 2485 916 2549 Ἀντίμαχος
937 2488 958 2531 ὃ
987 2483 1287 2550 Κολοφώνιος,
1313 2485 1544 2551 Ἡρόδοτός

234 2580 280 2608 τε
305 2563 327 2607 ὃ
359 2557 721 2625 Ἁλικαρνασσεὺς
759 2557 833 2605 καὶ
868 2556 1088 2611 Διονύσιος
1121 2560 1143 2604 ὃ
1168 2557 1411 2612 Ὀλύνθιος·
1449 2558 1540 2620 μετ’

235 2631 419 2686 ἐκείνους
437 2629 624 2697 Ἔφορος
650 2633 672 2677 ὃ
694 2633 891 2692 Κυμαῖος
905 2631 1001 2677 κτλ.
1028 2657 1095 2666 --
1125 2632 1475 2692 Hinc‘Scaliger
1493 2633 1544 2675 in

238 2705 335 2753 Ὀλ.
357 2708 510 2768 ἀναγρ.
527 2707 587 2751 ad
611 2706 797 2766 Olymp.
828 2704 888 2750 63
913 2705 1096 2749 notavit
1115 2720 1125 2748 ε
1153 2701 1375 2766 Θεαγένης
1394 2705 1416 2749 ὃ
1438 2721 1543 2768 χρο-

237 2778 408 2840 νολόγος
431 2777 646 2840 ἤκμασεν.

305 2852 462 2896 Schol.
481 2850 716 2909 Aristoph.
741 2850 828 2894 Av.
858 2848 951 2893 822
971 2863 982 2894 :
1000 2846 1102 2894 Εἰσὶ
1128 2845 1172 2893 δὲ
1190 2846 1312 2894 ἄλλοι
1334 2846 1409 2894 δύο
1425 2848 1543 2895 Θεα-

240 2920 394 2984 γένεις,
419 2919 478 2975 εἳς
503 2919 579 2983 μὲν
603 2923 626 2966 ὃ
651 2918 750 2984 περὶ
774 2918 976 2984 εΟμήρου
1005 2921 1050 2982 (ὁ
1081 2920 1140 2972 εἷς
1166 2917 1370 2984 Ὅμηρον
1395 2922 1540 2965 501101.

240 2998 348 3043 Pac.
377 2995 499 3056 928)
526 2991 721 3059 γράψας,
752 2990 895 3056 ἔτερος
923 2989 969 3038 δὲ
993 2994 1016 3038 ὃ
1040 2991 1139 3057 περὶ
1176 2991 1395 3053 μαλακίας
1429 3010 1546 3038 σκω-

241 3066 466 3129 πτόμενος.
491 3071 549 3113 In
581 3067 727 3112 schol.
754 3067 909 3110 Ρ30.1.
936 3067 974 3120 l.
998 3065 1093 3110 duo
1114 3067 1164 3109 hi
1187 3068 1237 3110 in
1252 3083 1399 3110 unum
1426 3082 1546 3110 con-

243 3139 431 3184 flantur.
455 3140 572 3184 Inde
587 3137 765 3200 pendet
790 3135 956 3182 Suidas
969 3153 1015 3181 v.
1041 3134 1283 3197 Ἑκάτειον,
1303 3136 1545 3201 Θεαγένης,

244 3209 442 3268 (Υήνεια.

311 3286 469 3330 Schol.
483 3284 542 3329 ad
550 3285 743 3342 Dionys.
757 3283 923 3327 Thrac.
937 3297 1130 3343 gramm.
1142 3283 1191 3331 in
1206 3283 1352 3328 Bekk.
1366 3283 1544 3328 Anecd.

246 3357 328 3403 Gr.
349 3373 402 3417 p.
424 3372 517 3417 729
543 3372 553 3400 τ
581 3353 640 3402 Ἤ
661 3352 705 3400 δὲ
721 3353 820 3417 περὶ
839 3341 1134 3416 ’(Ελληνισμὸν
1159 3354 1244 3415 (50.
1263 3352 1547 3418 γραμματική

247 3430 416 3491 ἐστιν),
451 3427 545 3484 ἥτις
578 3426 653 3474 καὶ
693 3425 878 3491 νεωτέρα
915 3425 1055 3486 ἐστὶν,
1094 3425 1311 3491 ἀρξαμένη
1350 3426 1427 3489 μὲν
1463 3427 1549 3474 ἀπὸ

248 3499 484 3562 Θεογένους
508 3500 592 3560 (510
622 3502 784 3560 saepius
802 3501 893 3544 hoc
920 3516 1095 3545 nomen
1117 3501 1388 3562 scribitur),
1428 3502 1551 3547 τελε-

250 3576 401 3619 σθεῖσα
422 3570 467 3617 δὲ
490 3569 611 3635 παρὰ
631 3573 714 3617 τῶν
743 3573 1138 3634 Περιπατητικῶν,
1170 3574 1276 3636 παρ’
1299 3570 1551 3637 Ἑξιφάνους

254 3647 380 3707 (lege
408 3642 728 3708 Πραξιφάνους)
754 3661 798 3689 τε
819 3641 893 3688 καὶ
918 3642 1249 3706 Ἀριστοτέλους.

317 3720 536 3777 Princeps
557 3727 623 3762 est
646 3733 809 3762 eorum
823 3751 835 3772 ,
863 3718 943 3775 qui
970 3718 1236 3777 apologiam
1258 3719 1351 3763 sive
1371 3719 1551 3780 allego—

253 3794 396 3837 ricam
412 3791 674 3835 fabularum
690 3792 884 3834 Homer.
908 3789 1341 3848 interpretationem
1357 3793 1554 3851 scripse—

252 3874 379 3910 runt.
407 3863 563 3909 Schol.
583 3865 698 3908 Ven.
723 3861 782 3906 ad
803 3861 860 3904 Il.
883 3875 968 3918 20,
986 3861 1062 3919 67,
1087 3877 1135 3919 p.
1161 3861 1269 3918 533,
1295 3862 1356 3905 30
1373 3864 1549 3908 Bekk.:

253 3928 393 3987 Οὗτος
418 3931 495 3995 μὲν
524 3924 595 3980 οὖν
615 3932 770 3996 τρόπος
803 3928 1036 3992 ἀπολογίας
1061 3931 1238 3994 ἀρχαῖος
1265 3929 1323 3977 ὢν
1343 3931 1456 3978 πάνυ
1480 3932 1554 3980 καὶ

255 4006 342 4055 ἀπὸ
364 4006 606 4068 Θεαγένους
625 4003 851 4066 Ῥηγίνου,
872 4000 915 4055 ὃς
929 4005 1094 4066 πρῶτος
1112 4003 1271 4068 ἔγραψε
1292 4002 1390 4067 περὶ
1410 4003 1553 4066 Ὁμή-

259 4097 350 4143 ρου.
388 4080 456 4126 Cf.
481 4079 578 4123 sch.
612 4077 671 4121 ad
708 4078 764 4120 ll.
790 4078 840 4132 I,
879 4073 988 4118 381.
1016 4075 1253 4131 Eundem,
1293 4086 1434 4134 puto,
1479 4079 1555 4127 ine

259 4147 358 4189 nuit
393 4146 549 4190 Schol.
587 4142 721 4188 Leid.
764 4140 824 4185 ad
857 4140 912 4184 Il.
947 4155 1030 4199 19,
1073 4155 1161 4199 129
1194 4142 1241 4183 in
1270 4142 1557 4187 Valckenarii

259 4220 430 4276 Opusc.
469 4219 533 4273 II,
567 4233 616 4275 p.
657 4230 763 4271 127,
791 4213 898 4268 ubi,
939 4221 1187 4271 postquam
1220 4213 1279 4257 de
1309 4214 1557 4274 Gigantum

261 4290 385 4333 bello
402 4302 694 4349 exposuerat,
709 4287 840 4332 addit
862 4301 871 4329 :
888 4282 947 4331 ‘H
967 4282 1133 4347 ἱστορία
1148 4280 1267 4347 παρὰ
1285 4282 1472 4349 Ἡσιόδῳ
1483 4285 1555 4332 καὶ

1554 2068 1558 2073 ·
1611 2057 1730 2100 liber
1752 2057 1849 2100 sine
1884 2055 2032 2100 dubio
2056 2065 2238 2100 mature
2271 2055 2509 2114 neglectus
2534 2063 2601 2098 est
2628 2070 2726 2114 prae
2749 2055 2912 2099 subse-
2983 2063 3011 2099 ιζ

1598 746 1642 793 Θ
1651 763 1670 792 ε
1680 764 1701 792 ο
1710 743 1767 809 γό
1776 765 1798 792 ν
1807 765 1843 811 ῳ
1855 744 2124 811 (Θεοπόμπῳ
2132 747 2285 792 voluit
2293 748 2514 794 Y'Velcker
2526 747 2654 805 Cycl.
2666 763 2698 808 p
2706 782 2716 792 .
2732 747 2808 811 29)
2825 747 2878 811 (*)
2886 782 2896 794 .

1666 822 1883 866 Ceterum
1903 837 2017 864 num
2033 829 2159 867 recte
2173 821 2448 882 'Theagenes
2465 821 2699 881 Cambysis
2715 812 2909 881 aequalis.
2946 875 2948 878 v
2983 865 2985 867 ,

1599 893 1735 938 fuisse
1755 894 1953 949 dicatur,
1979 894 2030 937 in
2053 902 2179 938 tanta
2201 895 2575 938 testimoniorum
2597 886 2798 954 penuria
2812 909 2901 940 ne-

1601 982 1693 1025 que
1717 982 1888 1027 negare
1919 967 2028 1011 licet
2062 981 2216 1025 neque
2247 965 2495 1011 affirmare.
2523 967 2800 1026 Quanquam
2828 967 2902 1012 fa-
2947 966 2951 1007 ἶ
2987 1002 2989 1005 .

1601 1040 1688 1083 cile
1712 1039 1929 1083 accidisse
1957 1040 2190 1099 Theageni
2214 1039 2398 1098 credas,
2430 1039 2564 1098 quod
2595 1039 2767 1084 accidit
2787 1041 2906 1086 Hel-
2952 1063 2954 1066 ·
2987 1069 2991 1074 -

1601 1112 1781 1169 lanico,
1817 1110 2099 1170 Pherecydi,
2135 1111 2371 1155 Antiocho
2396 1111 2709 1170 Syracusano,
2733 1113 2906 1159 Xeno—
2952 1139 2955 1145 ·

1601 1183 1745 1242 phani
1758 1218 1770 1239 ‚
1790 1185 1874 1242 qui
1894 1198 2055 1228 omnes
2071 1198 2097 1227 a
2115 1182 2486 1241 nonnullisjusto
2504 1185 2792 1243 antiquiores
2812 1175 2907 1231 esse
2959 1179 2965 1182 .

1601 1257 1905 1315 putabantur.
1928 1257 2048 1300 Utut
2070 1265 2161 1316 est,
2188 1255 2545 1300 Stesimbrotum
2565 1264 2690 1301 certe
2719 1258 2909 1308 PericliS
2954 1256 2959 1279 ²

1604 1344 1812 1372 coaevum
1847 1337 1978 1372 aetate
2014 1328 2264 1386 superavit.
2301 1329 2455 1386 Atque
2492 1348 2511 1368 (ι
2541 1344 2600 1374 ex
2637 1331 2909 1375 testimoniis
2954 1318 2962 1350 ⁸·
2992 1360 2996 1362 ἡ

1604 1398 1884 1462 (Nitzschius
1907 1403 1969 1445 H.
1996 1400 2139 1445 Hom.
2166 1401 2213 1444 II
2235 1415 2285 1459 p.
2322 1398 2382 1443 85
2417 1395 2500 1462 ait)
2532 1399 2749 1457 efficitur,
2781 1402 2908 1446 hune
2999 1459 3001 1461 ι

1606 1475 1819 1518 omnium
1849 1482 2089 1532 quotquot
2107 1472 2228 1516 fama
2251 1473 2519 1517 nobilitavit
2541 1475 2739 1518 Homeri
2757 1475 2907 1519 inter-
2968 1502 2976 1507 ⁷>

1603 1555 1792 1605 pretum
1806 1548 2014 1606 primum
2034 1546 2279 1601 exstitisse,
2313 1560 2454 1604 quem
2479 1545 2683 1590 eundem
2701 1547 2910 1606 primum
2960 1587 2963 1589 ,
2991 1587 3002 1602 „

1606 1621 1960 1679 grammaticum
1982 1618 2107 1663 dicas
2125 1619 2260 1678 licet,
2289 1633 2436 1676 quum
2455 1633 2566 1663 vere
2586 1619 2736 1662 omnis
2754 1634 2912 1679 gram-
2964 1607 2979 1643 7
3000 1633 3002 1635 ’

1605 1693 1808 1748 maticae,
1835 1709 1938 1751 quae
1959 1701 2208 1751 poetarum
2226 1691 2606 1750 scriptorumque
2623 1692 2910 1752 interpreta-
2955 1705 2958 1708 ⁴

1610 1765 1736 1809 tione
1775 1775 2003 1821 censetur,
2038 1765 2132 1808 hoc
2169 1764 2311 1808 fuerit
2339 1764 2651 1823 principium,
2686 1773 2740 1808 ut
2758 1774 2912 1824 poetae
2967 1707 3007 1897 ἰ

1608 1908 1708 1970 fligi
1752 1920 1927 1970 coepta,
1978 1910 2287 1954 enarrationis
2328 1908 2528 1953 artificio
2573 1909 2908 1967 vindicaretur,
2965 1899 3006 1983 ᾖ

1607 1837 1883 1882 nobilissimi
1920 1838 2195 1892 auctoritas,
2239 1845 2336 1880 tum
2373 1837 2815 1895 reprehensionibus
2837 1837 2911 1882 af-

1611 1984 1658 2027 11.
1688 1999 1728 2028 0.
1754 1984 1978 2044 allegoria
2002 1993 2101 2027 tum
2122 1982 2314 2042 physica
2337 1991 2436 2026 tum
2461 1982 2629 2026 ethica»
2656 1982 2917 2043 Theagenis
2977 1984 3001 2043 ¹}

1612 2130 1856 2188 quentium
1891 2129 2254 2189 allegoricorum
2287 2127 2536 2187 sapientia3
2562 2141 2673 2171 nam
2699 2128 2910 2188 cognitio

1665 2270 1716 2322 (*)
1759 2271 2006 2321 Theagenes,
2049 2281 2171 2321 quem
2214 2269 2266 2310 de
2297 2269 2426 2308 forma
2470 2266 2741 2320 grammatica
2775 2270 2915 2311 laudat

1613 2329 1747 2379 atym.
1766 2332 1820 2369 M.
1839 2341 1881 2368 v.
1898 2330 2067 2379 βεὸαιῶ,
2095 2339 2177 2368 11011
2204 2329 2265 2368 est
2290 2327 2513 2378 Rheginus,
2534 2327 2594 2367 uti
2614 2329 2754 2368 vossio
2776 2339 2817 2379 p.
2841 2333 2915 2370 502

1612 2386 1787 2437 videtur,
1809 2386 1878 2426 sed
1900 2386 2160 2436 probabiliter
2182 2385 2237 2435 is,
2265 2395 2391 2435 quem
2417 2395 2512 2424 cum
2539 2385 2787 2437 Herodiano,
2813 2390 2915 2438 Try·
3011 2426 3016 2436 2

1613 2444 1769 2494 phone,
1794 2443 1880 2483 aliis
1896 2445 2075 2483 recenset
2096 2447 2295 2492 Anonym.
2321 2445 2378 2481 De
2397 2443 2546 2482 artium
2573 2445 2614 2483 et
2639 2443 2738 2483 disc.
2758 2444 2913 2486 invent.
2980 2464 2983 2466 v
3011 2444 3016 2490 3

1614 2501 1655 2540 in
1671 2502 1761 2542 eod.
1779 2502 1942 2543 coislin.
1959 2501 2137 2552 (Fabric.
2152 2504 2197 2541 B.
2221 2502 2289 2540 Gr.
2311 2503 2364 2540 IX
2379 2531 2389 2550 ‚
2406 2512 2448 2551 p.
2470 2506 2542 2541 601
2561 2501 2625 2543 ed.
2642 2512 2702 2552 pr.
2714 2501 2752 2553 );
2774 2503 2916 2544 fortas-

1615 2560 1667 2599 sis
1694 2560 1883 2610 Cnidius,
1916 2560 2087 2601 Herodis
2125 2558 2247 2600 Attici
2277 2559 2464 2608 magister
2489 2559 2698 2610 (Philostr.
2730 2561 2812 2601 Vit.
2834 2564 2916 2603 He·

1616 2618 1702 2658 rod.
1721 2621 1781 2668 11,
1803 2624 1846 2670 1,
1866 2619 1944 2669 14).
1965 2641 2016 2648 -
2045 2622 2166 2658 Porro
2191 2620 2297 2658 errat
2324 2618 2533 2658 clintonus
2560 2617 2628 2668 (F.
2655 2621 2706 2658 H.
2730 2620 2816 2659 tom
2854 2623 2916 2671 ΙΙ,

1615 2688 1658 2727 1).
1684 2678 1802 2728 369),
1820 2679 1891 2729 qui
1909 2678 2157 2727 Theagenem
2173 2677 2293 2726 Rheg.
2306 2676 2515 2726 significari
2532 2677 2647 2727 putat
2665 2688 2690 2716 a
2706 2679 2849 2718 Tzetze
2866 2679 2919 2719 ad

1615 2738 1712 2786 Lym
1738 2740 1808 2776 177
1821 2766 1833 2786 ,
1850 2748 1932 2786 quo
1955 2736 2043 2782 1000
2065 2735 2098 2774 15
2114 2736 2406 2786 ἱστορικώτερον
2426 2745 2467 2774 se
2490 2735 2531 2773 in
2557 2735 2785 2780 fabularum
2798 2736 2917 2777 inter-

1616 2794 1836 2844 pretatione
1867 2805 1951 2834 esse
1980 2793 2078 2832 dicit
2110 2792 2334 2833 Alexandro
2363 2792 2629 2843 polyhistore,
2652 2794 2916 2846 Apollodoro,

1617 2852 1797 2901 Ῥηγίνου
1820 2856 1888 2891 τοῦ
1907 2852 2231 2902 Πολυμνήμονος,
2253 2851 2470 2890 Artemone
2488 2845 2728 2900 Pergameno
2751 2853 2792 2892 et
2821 2856 2916 2894 Cas-

1617 2910 1762 2950 sandro
1794 2911 2009 2951 Salaminio
2043 2909 2218 2959 (corrige
2251 2924 2261 2948 z
2301 2908 2552 2958 Hegesandro
2588 2909 2818 2950 Salaminio.
2855 2913 2918 2953 cf.

1618 2970 1756 3019 fragm.
1775 2968 2014 3018 Hegesandri
2030 2967 2213 3018 Delphi).
2235 2969 2286 3007 V.
2310 2966 2512 3008 Welcker.
2533 2966 2646 3016 Cycl.
2665 2977 2703 3017 p.
2724 2971 2810 3007 134.
2829 2971 2920 3009 Ete-

1619 3027 1701 3065 nim
1718 3028 1988 3077 Πολυμνήμων
2019 3026 2110 3066 libri
2125 3026 2269 3066 titulus
2295 3026 2367 3064 est.
2389 3024 2530 3064 Suidas
2548 3041 2558 3064 z
2576 3026 2748 3074 Ῥηγῖνος
2760 3055 2772 3075 ,
2791 3041 2918 3079 γραμ-

1622 3085 1801 3135 ματικὸς,
1837 3084 1977 3135 ἔγραψε
2003 3085 2068 3123 τὸν
2092 3083 2296 3133 λεγόμενον
2323 3083 2621 3133 Πολυμνήμονα.
2654 3084 2718 3123 Cf.
2744 3085 2921 3125 Eudocia
2984 3086 2986 3094 '

1622 3154 1662 3193 p.
1683 3147 1753 3183 371
1773 3144 1814 3182 et
1830 3143 2077 3193 Nicephorus
2090 3144 2138 3182 H.
2159 3141 2264 3181 Eccl.
2284 3143 2342 3189 X,
2361 3146 2432 3190 36,
2449 3142 2550 3179 tom.
2577 3143 2636 3191 ΙΙ,
2660 3152 2699 3192 p.
2725 3146 2775 3183 89
2794 3144 2919 3185 Paris.

1623 3203 1866 3251 Quanquam
1885 3203 1993 3240 recte
2022 3199 2198 3240 fortassis
2212 3200 2366 3239 statuas
2380 3199 2553 3248 Ῥηγῖνος
2573 3210 2653 3238 11011
2669 3210 2753 3240 0550
2773 3211 2922 3243 nomen
2984 3202 2990 3248 ,ῑ

1622 3258 1816 3308 hominis,
1833 3257 1903 3298 sed
1925 3257 2065 3308 patriae
2077 3287 2088 3307 ‚
2106 3256 2224 3296 sicuti
2250 3268 2292 3296 v,
2309 3267 2346 3297 0.
2380 3257 2610 3297 Heraclides
2629 3259 2866 3299 Tarentinus
2880 3260 2922 3300 in
2982 3262 2995 3310 ἶ,-

1624 3316 1859 3366 Geoponicis
1869 3346 1881 3366 ,
1898 3326 1962 3366 ap.
1979 3316 2173 3356 Galenum
2185 3345 2196 3364 ,
2209 3315 2328 3364 alios,
2346 3315 2576 3366 simpliciter
2595 3315 2742 3356 dicitur
2760 3319 2921 3358 Taren-

1625 3377 1761 3414 tinus.
1790 3375 1871 3414 lste
1891 3374 2159 3424 Πολυμνήμων
2183 3384 2206 3412 3
2223 3376 2385 3413 Socrate
2402 3377 2450 3416 Η.
2465 3374 2574 3413 Εο01.
2593 3377 2676 3424 111,
2691 3378 2740 3415 23
2756 3386 2920 3426 compo·

1622 3432 1732 3470 nitur
1748 3443 1841 3470 00111
1861 3431 2040 3483 Στεφάνῳ
2063 3431 2241 3481 Dionysii
2257 3431 2378 3472 Samii
2394 3461 2406 3481 ,
2429 3433 2471 3471 et
2492 3442 2585 3470 cum
2610 3433 2753 3483 Πέπλῳ
2768 3433 2921 3473 Aristo-

1623 3488 1725 3540 telis,
1737 3491 1804 3540 qui
1817 3490 1906 3529 libri
1915 3490 2092 3539 eJusdem
2101 3492 2194 3529 sunt
2202 3489 2359 3531 indolis.
2375 3489 2550 3540 Rheqini
2557 3489 2608 3529 de
2614 3489 2690 3530 diis
2699 3489 2921 3531 doctrinam
2990 3503 2991 3506 ¹

1625 3547 1982 3587 Euhemeristicam
1994 3547 2176 3597 pluribus
2191 3548 2354 3597 exponit
2371 3547 2514 3587 Malala
2529 3558 2567 3598 p.
2588 3550 2661 3597 54,
2679 3551 2720 3598 7,
2742 3548 2920 3598 Rliegino
2979 3547 2994 3590 J

1624 3604 1841 3654 adjungens
1861 3605 2096 3644 Diodorum.
2119 3603 2233 3654 Apud
2255 3606 2424 3644 'fzetzen
2442 3605 2544 3645 Hist.
2571 3608 2611 3655 1,
2631 3608 2708 3645 470
2727 3605 2768 3644 in
2787 3606 2923 3646 fabula

1625 3662 1675 3701 de
1702 3663 1810 3702 Atrei
1826 3663 1950 3702 ariete
1970 3662 2065 3712 legis
2087 3677 2096 3698 ε
2131 3661 2315 3712 Πρόὸατα
2345 3662 2582 3715 χρυσόχροον
2611 3666 2688 3702 ποῦ
2707 3665 2828 3716 φέρειν
2853 3665 2922 3712 τὴν

1626 3721 1732 3771 ἐρέαν
1746 3722 1915 3770 Ῥηγῖνος
1932 3721 1996 3759 τὸν
2011 3719 2196 3769 Ἰσίγονον
2213 3720 2374 3771 εἰσφέρει
2386 3720 2614 3772 γεγραφότα.
2630 3721 2755 3771 Igitur
2769 3721 2923 3771 Isigono

1626 3778 1824 3827 RhQinus
1840 3778 1990 3828 junior.
2015 3777 2147 3817 Etiam
2173 3777 2368 3817 Mirabilia
2398 3779 2600 3828 collegisse
2622 3778 2663 3818 in
2685 3779 2922 3819 multiformi

1627 3847 1700 3875 suo
1720 3847 1839 3886 opere
1855 3836 2014 3876 videtur
2037 3851 2046 3875 ι
2068 3845 2162 3892 nam
2186 3836 2348 3876 Tzetzes
2364 3836 2464 3876 Hist.
2483 3839 2579 3886 Vll,
2611 3839 2684 3876 644
2702 3836 2754 3876 (10
2779 3835 2924 3877 Indicis

1627 3894 1830 3933 miraculis
1845 3895 1885 3933 et
1901 3893 2115 3933 mendaciis
2141 3893 2310 3942 loquens
2335 3895 2514 3934 recenset
2541 3894 2736 3944 Ctesiam,
2766 3894 2923 3934 lambu-

1629 3952 1734 4000 lum,
1753 3951 1973 4001 Isigonum,
1991 3951 2225 3999 RhQinum.
2239 3950 2300 3990 Cf.
2319 3951 2440 3992 etiam
2456 3952 2571 3992 Phot.
2589 3951 2675 3991 cod.
2694 3957 2778 3993 158.
2792 3953 2923 3994 Primo

1628 4011 1721 4048 ante
1749 4010 1950 4050 Christum
1971 4009 2118 4049 saeculo
2138 4009 2200 4048 vel
2231 4009 2358 4049 serius
2384 4010 2524 4050 vixisse
2544 4010 2642 4050 1111111
2675 4011 2852 4051 videtur.
2870 4032 2925 4043 —-
3006 4021 3016 4047 ·.

1631 4067 1761 4115 Alius,
1781 4067 1854 4106 nisi
1880 4068 2006 4117 fallor,
2029 4065 2250 4116 1111081005,
2276 4067 2462 4107 laudatur
2484 4068 2526 4107 in
2548 4068 2695 4109 stohaei
2721 4068 2860 4109 Floril.
2882 4072 2922 4117 1,
3006 4054 3016 4107 1

1631 4137 1668 4175 p.
1687 4129 1732 4165 54
1747 4155 1758 4174 ,
1774 4130 1864 4175 258,
1887 4129 1926 4166 S.
1946 4126 2122 4166 Maximo
2138 4126 2236 4163 tom.
2254 4127 2314 4174 11,
2334 4137 2372 4176 p.
2388 4129 2461 4166 264
2474 4157 2485 4176 ,
2502 4131 2546 4166 A.
2566 4127 2719 4167 Melissa
2736 4131 2776 4177 1,
2795 4131 2857 4166 53.
2870 4143 2922 4156 —·-
3009 4120 3016 4135 ¹

1634 4187 1689 4222 De
1717 4185 1923 4234 Tlieagene
1956 4182 2302 4223 Macedonicorum
2334 4186 2497 4224 auctore
2523 4185 2704 4224 dicemus
2726 4185 2843 4224 infra.
2868 4205 2921 4214 ·—

1632 4242 1739 4282 Alios
1759 4243 1880 4292 huJus
1899 4242 2072 4281 nominis
2095 4242 2279 4280 auctores
2294 4253 2334 4281 v.
2364 4253 2427 4293 ap.
2459 4245 2622 4283 Sueton.
2658 4247 2756 4293 Aug.
2788 4253 2823 4282 0.
2847 4245 2926 4291 94;

1634 4300 1844 4341 Alexandr.
1857 4299 2064 4352 Aplirodis.
2081 4302 2133 4349 ll,
2151 4302 2201 4350 89
2219 4300 2255 4340 in
2273 4303 2390 4341 Gazae
2408 4301 2680 4350 vers.;Galen.
2694 4303 2763 4350 lV,
2775 4312 2812 4351 p.
2833 4304 2931 4344 ¹782
