3016 4628
301 307 393 347 256

398 404 411 454 [
427 404 527 449 Αὕτη
549 403 656 446 πόλις
675 399 752 439 ἔσθ’
765 400 936 444 Ἑλληνὶς
951 400 975 444 ὴ
993 397 1115 448 ῥόδοις
1130 395 1219 442 ἴσην

399 461 561 501 εὐωδίαν
577 461 724 510 ἔχουσα
739 458 832 509 κᾶμ’
854 456 1004 502 ἀηδίαν.

398 520 457 559 Τὰ
474 520 547 568 γάρ
562 518 686 556 ἁλίεια
704 517 751 555 τὰ
771 514 902 566 μεγάλ’
923 516 974 559 εἰς
990 514 1132 564 σχολὴν
1152 512 1234 560 ἄγει
1247 540 1256 558 ,

397 577 441 615 τὸ
466 575 499 615 δ’
515 574 672 614 ἁλιακὸν
690 573 772 617 ἔτος
790 585 836 621 με
857 571 1057 621 μαίνεσθαι
1077 573 1190 609 ποιεῖ.

399 635 520 673 Ὅταν
540 634 579 672 δὲ
593 637 662 679 τήν
682 631 818 676 λεύκην
834 643 886 672 τις
903 629 1026 668 αὐτῶν
1041 628 1189 677 πραέως

400 692 557 730 ἁλιακὸν
580 690 674 729 εἶναι
699 690 882 739 στέφανον
904 687 991 737 εἶπῃ
1005 716 1016 734 ,
1033 686 1216 734 πνίγομαι

401 751 521 794 οὕτως
538 748 597 788 ἐπ’
615 748 742 791 αὐτοῖς
754 776 765 790 .
783 748 885 785 ὥστε
903 746 1043 795 μᾶλλον
1060 745 1106 782 ἂν
1129 744 1243 782 θέλειν

402 808 672 856 ἀποκαρτερεῖν
685 836 696 853 ,
717 807 741 852 ἢ
758 803 863 843 ταῦτ’
883 802 1034 841 ἀκούων
1054 804 1258 851 καρτερεῖν.

402 867 565 904 Τοιοῦτο
581 869 655 903 τῶν
672 864 783 908 ξένων
803 876 837 900 τι
861 864 1083 911 καταχεῖται
1104 856 1269 906 σκότος]

364 958 401 989 o.
430 940 649 989 Ἐντεῦθεν
671 941 727 992 εἷς
745 937 941 1000 Ὠρωπὸν
963 934 1031 982 διὰ
1050 934 1268 998 Ψαφιδῶν
1287 930 1357 977 καὶ
1378 932 1451 975 τοῦ
1478 928 1572 988 Ἀμ-

301 1011 483 1077 φιαριίου
518 1012 617 1064 Διὸς
646 1013 757 1074 ἱεροῦ
792 1009 885 1055 ὁδὸν
928 1005 1132 1071 ἐλευθέρῳ
1171 1002 1382 1067 βαδίζοντι
1422 998 1572 1063 σχεδὸν

301 1083 466 1147 ἡμέρας
496 1082 714 1146 προσάντη
739 1079 954 1144 [retiner]-
984 1079 1078 1124 ἀλλ’
1115 1079 1141 1132 ἡ
1179 1078 1262 1121 τῶν
1297 1071 1571 1120 καταλύσεων

302 1154 594 1212 πολυπλήθεια
634 1153 689 1201 τὰ
726 1152 827 1216 πρὸς
866 1151 934 1197 τὸν
979 1149 1067 1212 βίον
1104 1147 1263 1212 ἔχουσα
1303 1144 1464 1210 ἄφθονα
1499 1142 1572 1189 καὶ

302 1226 561 1279 ἀναπαύσεις
580 1225 732 1272 κωλύει
755 1225 883 1271 κόπον
901 1215 1137 1284 ἐγγίνεσθαι
1161 1220 1245 1271 τοῖς
1263 1218 1569 1280 ὁδοιποροῦσιν.

302 1300 356 1363 (7)
397 1298 451 1347 Ἥ
493 1298 537 1345 δὲ
574 1298 693 1350 πόλις
726 1299 808 1343 τῶν
849 1293 1079 1360 Ὠρωπίων
1112 1290 1223 1339 οἷκία
1259 1289 1422 1347 Θηὸῶν
1457 1286 1571 1344 ἐστὶ,

304 1370 551 1432 μεταὸόλων
574 1368 748 1433 ἐργασία
760 1406 772 1427 ,
789 1370 981 1415 τελωνῶν
1001 1363 1317 1429 ἀνυπέρὸλητος
1335 1358 1570 1418 πλεονεξία,

304 1443 351 1488 ἐκ
385 1442 553 1488 πολλῶν
576 1440 739 1505 χρόνων
773 1438 1005 1503 ἀνεπιθέτῳ
1024 1440 1078 1500 τῇ
1102 1435 1284 1501 πονηρίᾳ
1309 1437 1570 1497 συντεθραμ-

309 1522 2930 1548 ——.--—-——--——-—-——-——--——-———-—-——-——-—-----—

304 1579 432 1624 θή).ιον
460 1578 606 1627 codex;
626 1579 827 1624 κανθήλιον
847 1577 1066 1626 Stephanus
1084 1576 1123 1614 in
1153 1574 1314 1624 graecis,
1336 1574 1492 1612 vertens
1509 1573 1572 1610 ta·

304 1647 395 1675 men
414 1636 523 1686 quasi
546 1638 645 1675 esset
663 1637 870 1682 κανθήλιος.
886 1659 936 1668 --
960 1635 1177 1683 sequentes
1199 1643 1335 1671 versus
1357 1640 1500 1669 novem
1524 1629 1574 1667 ab

305 1693 622 1733 antecedentibus
641 1704 797 1743 prorsus
826 1692 1058 1742 separandos
1073 1702 1155 1730 esse
1178 1692 1221 1728 ut
1248 1689 1298 1728 ab
1317 1689 1476 1726 auctore
1502 1686 1577 1724 alia

306 1751 510 1789 occasione
533 1750 732 1799 laudatos,
763 1751 833 1788 aut
861 1749 912 1788 ab
938 1750 1067 1788 aliena
1099 1759 1216 1787 manu
1238 1747 1276 1785 h.
1300 1746 1328 1785 l.
1354 1745 1574 1789 annotatos,

305 1811 462 1847 censent
474 1809 715 1857 interpretes.
735 1806 1006 1847 probabiliter.
1026 1808 1210 1846 Ceterum
1223 1814 1359 1843 omnes
1370 1800 1576 1841 duodecim

305 1875 440 1904 versus
460 1876 541 1903 esse
565 1866 724 1915 possunt
743 1865 986 1904 Atheniensis
1001 1863 1189 1912 hominis,
1206 1863 1274 1912 qui
1290 1860 1416 1901 Rhodi
1436 1859 1578 1907 degens

304 1923 469 1972 patriam
486 1933 575 1960 cum
594 1922 834 1960 Rhodiorum
846 1922 942 1960 urbe
963 1924 1176 1972 comparat,
1191 1922 1296 1960 illam
1311 1921 1349 1958 in
1362 1918 1505 1957 coelum
1518 1915 1576 1954 ef-

306 1981 450 2026 ferens,
470 1980 569 2018 hanc
593 1979 723 2018 dicens
744 1979 928 2028 jucundis
958 1980 1156 2018 nonnullis
1171 1979 1295 2017 mixta
1322 1977 1464 2015 habere
1485 1984 1574 2023 quae

304 2038 575 2076 Atheniensem
597 2037 795 2076 hominem
811 2037 861 2076 ad
886 2038 1075 2076 insaniam
1097 2037 1264 2085 adigant.
1290 2058 1339 2067 —
1360 2033 1469 2084 ἴσην]
1486 2034 1575 2072 Ste-

306 2095 481 2143 phanu83
505 2095 637 2140 δίσσην
665 2094 810 2143 codex3
839 2095 957 2145 ῥόδων
980 2095 1086 2141 δίκην
1115 2095 1284 2135 Naekius.
1306 2117 1355 2124 -
1383 2091 1486 2141 Χᾶμ’
1510 2090 1575 2135 ἀη-

308 2151 419 2202 δίαν]
457 2154 728 2199 Hermannus3
767 2154 832 2190 καὶ
861 2153 1074 2202 ἀμαληδίαν
1115 2152 1252 2191 codex.
1286 2174 1338 2180 —
1372 2151 1494 2189 ἁλίεια
1529 2149 1576 2186 τὰ

306 2209 459 2260 μεγάλ’]
479 2210 656 2258 Naekius3
673 2210 817 2248 ἁλίειτα
834 2210 997 2261 μεγάλην
1009 2209 1147 2249 codex.
1162 2212 1219 2248 De
1235 2210 1333 2250 Solis
1349 2207 1455 2258 apud
1470 2206 1574 2246 Rho-

302 2266 387 2305 dios
417 2267 525 2306 cultu
554 2267 647 2306 satis
675 2269 842 2306 constat.
877 2271 934 2307 De
967 2267 1110 2307 Halieis
1130 2268 1234 2307 sestis
1264 2279 1300 2305 v.
1328 2267 1471 2307 Athen.
1508 2269 1575 2311 13,

302 2336 338 2374 p.
360 2330 446 2373 561,
466 2327 515 2372 E;
545 2324 700 2364 Aristid.
724 2327 761 2373 1,
780 2336 818 2374 p.
842 2330 914 2365 808
931 2325 994 2364 ed.
1019 2325 1131 2374 Ddf.;
1163 2326 1339 2364 Eustath.
1358 2325 1399 2363 in
1427 2323 1503 2364 od.
1530 2329 1575 2372 6,

304 2388 391 2430 266,
423 2393 462 2431 p.
493 2387 596 2421 1562.
624 2406 673 2413 —
703 2383 754 2427 εἷς
775 2383 939 2432 σχολὴν]
968 2383 1153 2432 Stephan.
1171 2396 1182 2431 ;
1203 2384 1235 2421 εἰ
1263 2383 1406 2432 σχολὴν
1427 2380 1576 2429 codex3

303 2439 464 2488 μεγάλην
495 2439 533 2488 μ’
550 2440 601 2483 εἷς
617 2440 732 2489 χολὴν
749 2439 831 2488 ἄγει
856 2440 1032 2479 Holsten.
1047 2453 1058 2488 3
1085 2440 1133 2479 τὰ
1150 2440 1222 2490 γὰρ
1244 2440 1351 2479 ἁλιεῖ’
1370 2441 1450 2478 ἐκεῖ
1465 2439 1579 2489 μεγά-

303 2498 368 2542 λην
395 2497 536 2547 σχολὴν
567 2496 648 2545 ἄγει
672 2496 747 2543 (de
764 2499 863 2537 sotis
886 2501 997 2538 enim
1007 2498 1123 2548 sesto
1145 2499 1202 2537 ibi
1231 2509 1349 2537 nemo
1368 2500 1524 2547 coquat
1540 2498 1576 2546 ),

307 2555 549 2592 tier-mannus
570 2563 634 2602 ap.
657 2554 873 2604 Marxium,
902 2557 1045 2605 putans
1074 2555 1282 2595 Rhodium.
1298 2555 1498 2595 hominem
1517 2556 1576 2594 lo-

306 2611 373 2660 qui
402 2610 451 2649 de
470 2611 757 2650 Atheniensium
777 2613 885 2652 urbe.
905 2614 963 2652 Τὰ
978 2614 1050 2664 γὰρ
1066 2615 1201 2653 Ἁλιεῖα
1223 2614 1289 2664 μὲν
1315 2613 1480 2664 μεγάλην
1498 2614 1577 2663 ἔχει

306 2668 461 2717 σχολήν,
488 2670 584 2708 Nam
617 2670 774 2709 Haliea
804 2670 975 2721 quidem
1003 2682 1129 2711 sacra
1149 2682 1352 2722 maqnam
1382 2671 1579 2722 afferunt

307 2726 653 2772 oblectationem,
673 2727 910 2767 Meineckius
929 2731 993 2768 Fr.
1024 2732 1137 2769 Com.
1157 2733 1209 2780 ll,
1228 2741 1266 2780 p.
1294 2733 1376 2771 147.
1399 2755 1450 2763 —
1474 2729 1579 2781 ἔτος]

307 2783 396 2827 ἑπος
425 2783 525 2830 conj.
551 2783 790 2833 Holstenius3
819 2786 897 2830 ἕδος
933 2790 1114 2827 Osannus
1136 2788 1186 2827 de
1211 2789 1361 2828 colosso
1381 2788 1577 2838 cogitans,

309 2839 390 2883 ἔθος
412 2839 644 2888 Stephanus.
668 2855 686 2874 σι
716 2841 826 2886 Ἔτος
849 2854 919 2892 pro
950 2844 1120 2890 ἐνιαυτὸς
1143 2845 1222 2884 dici
1256 2855 1336 2884 non
1362 2845 1481 2885 credo
1505 2845 1579 2884 nisi

309 2896 486 2944 exempla
512 2896 701 2936 afferenti.
726 2898 819 2937 Mihi
845 2910 923 2938 non
948 2901 1204 2951 improbabile
1226 2902 1449 2953 videbatur,
1477 2903 1580 2942 Rho·

309 2951 395 2990 dios
413 2953 529 2991 etiam
545 2953 691 3001 pultem
704 2984 714 3002 ,
742 2966 819 3004 qua
838 2956 943 2996 sestis
964 2958 1187 2998 Halieorum
1212 2960 1350 3000 diebus
1367 2962 1579 3003 vesceban-

311 3010 392 3057 tur,
420 3008 601 3048 solarem
622 3012 786 3060 pultem
806 3014 960 3053 ἁλιακὸν
982 3017 1105 3066 ἔτνος,
1126 3018 1283 3058 dixisse.
1309 3035 1328 3052 n
1349 3020 1579 3061 Meineltz'us

311 3067 500 3113 Com.‚ll,
523 3069 609 3107 147.
627 3089 676 3096 -—
691 3069 847 3120 λεύκην]
882 3073 1008 3112 Schol.
1040 3075 1193 3114 Pindar.
1213 3077 1275 3116 Ol.
1310 3081 1329 3116 7
1344 3108 1354 3126 ‚
1385 3080 1524 3118 147εὸ
1540 3079 1579 3118 δὲ

311 3124 490 3187 στέφανος
503 3124 515 3170 (
528 3134 581 3162 sc.
614 3126 715 3175 παρὰ
737 3127 912 3178 Ῥοδίοις)
935 3132 1046 3179 λεύκη
1067 3134 1223 3173 δίδοται.
1240 3161 1291 3168 —
1310 3140 1460 3175 τοιοῦτο
1480 3137 1585 3188 τῶν]

312 3179 422 3275 2³:¹2.
436 3192 447 3227 ;
462 3193 641 3218 τοιούτων
654 3182 790 3221 codex.
812 3208 859 3218 -
884 3190 1127 3241 καταχεῖται]
1146 3195 1381 3243 Hermann.;
1409 3195 1577 3235 καλεῖται

413 3248 450 3275 x.

365 3300 403 3335 6.
436 3295 644 3346 Ψαφιὸῶν]
666 3299 798 3347 scripsi
816 3301 1000 3343 innuente
1018 3307 1204 3347 Salmasio
1219 3310 1269 3348 ad
1289 3311 1409 3350 Solin.
1431 3323 1468 3362 p.
1493 3316 1576 3352 146.

314 3351 448 3415 codex
464 3353 644 3418 δαρνιδὸν.
662 3355 790 3395 habet.
821 3361 978 3410 Psaphis
998 3364 1060 3402 vel
1081 3368 1309 3417 Psaphidae‚
1339 3371 1579 3420 Oropiorum

314 3407 529 3458 oppidum,
553 3419 591 3447 in
608 3421 670 3449 via
692 3413 764 3452 sita
782 3425 871 3464 qum
895 3428 942 3456 ex
968 3421 1095 3459 Attica
1112 3433 1179 3472 per
1206 3426 1444 3466 Parnethem
1464 3435 1579 3467 mon-

315 3468 395 3504 tem
421 3468 595 3515 Oropum
619 3467 741 3509 ducit.
770 3472 1014 3525 llolstenius,
1034 3480 1226 3530 Marxius,
1245 3483 1394 3523 Gailius
1412 3486 1579 3536 scripse-

316 3528 407 3561 runt
425 3522 627 3587 Δελρίνιον.
653 3528 899 3577 Quamquam
917 3535 1005 3582 apte
1022 3538 1241 3586 Stephanus
1257 3545 1467 3582 monuerat
1483 3546 1579 3583 Δελο

315 3579 434 3627 φίνιον
458 3578 551 3618 litus
577 3591 654 3645 non
673 3583 794 3624 videri
823 3587 898 3626 huc
917 3592 1119 3638 pertinere.
1145 3595 1321 3637 Laudant
1347 3601 1581 3641 Strabonem

315 3639 366 3676 lx
381 3667 391 3684 ο
408 3648 444 3687 Ρ·
460 3639 550 3686 403»
567 3638 633 3677 ἰὼ·
653 3652 660 3677 ²
679 3642 787 3692 Ἀρχὴ
807 3644 1033 3696 (Βῡῑωτὶας)
1051 3653 1071 3689 ὁ
1087 3653 1259 3703 Ὠρωπὸς
1273 3658 1371 3695 καὶὸ
1387 3659 1498 3709 λιμὴν
1539 3662 1580 3700 ὃν

315 3695 474 3734 καλοῦσι
492 3696 728 3761 Δελφίνιον...
748 3702 853 3740 Μετὰ
869 3704 907 3742 «τε
924 3707 967 3743 τὸ
985 3709 1174 3758 Δελφίνιον
1191 3691 1521 3767 ἐστινὀ”Ωρωπὸς’
1543 3721 1580 3759 ἐν

315 3752 437 3790 εἰκοσι
458 3753 640 3797 σταδιοις.
667 3757 816 3795 Veium
841 3760 979 3799 strabo
1002 3773 1078 3802 non
1099 3770 1341 3816 progreditur
1361 3773 1424 3811 via
1445 3785 1494 3813 ex
1511 3778 1580 3815 At-

316 3807 392 3846 tica
411 3808 602 3858 ducente,
626 3810 683 3850 uti
718 3815 854 3854 Noster
878 3817 1003 3858 facere
1023 3824 1219 3869 putandus
1235 3831 1316 3876 est,
1334 3830 1400 3868 sed
1425 3831 1501 3872 ἀπὸ
1516 3839 1580 3882 τῆς

314 3866 499 3915 παραλίας
519 3866 692 3917 ἄρχεται.
724 3870 1008 3915 Wordsworth.
1040 3879 1053 3926 (
1077 3882 1291 3923 Transace.
1320 3886 1369 3930 of
1392 3888 1461 3927 the
1488 3900 1578 3939 root.

314 3924 465 3990 society
489 3923 716 3973 astiterat.
738 3929 834 3966 tom.
856 3932 938 3978 ΙΙΙ,
959 3943 1001 3982 p.
1022 3936 1109 3975 407.
1133 3940 1309 3980 London.
1336 3927 1456 3993 1839)
1478 3933 1579 3997 conj.

319 3980 510 4038 Αφιδνιζιν,
528 3981 633 4031 quod
657 3984 863 4024 verisimile
881 3998 963 4027 esse
982 3991 1135 4031 videtur
1160 3998 1368 4038 Lctronnio
1385 4003 1578 4054 (Fraqm.

317 4029 548 4097 ‹132pocmes
578 4033 712 4082 ρέορν.
740 4045 779 4085 p.
819 4038 936 4087 161),
964 4051 1090 4091 neque
1123 4046 1292 4095 recipere
1316 4050 1554 4095 dubitassem

318 4095 388 4122 nusi
405 4085 510 4135 qnod
526 4088 702 4138 sequitur
728 4093 792 4130 καὶ
814 4094 861 4132 δι’
890 4095 1117 4147 Ἀμφιαράου
1137 4105 1180 4142 Δ.
1198 4105 1320 4153 ἱεροῦ,
1343 4108 1513 4150 indicare
1529 4087 1583 4152 vi:

317 4141 537 4182 dereturde
552 4146 740 4194 proximis
755 4151 876 4200 Oropi
900 4152 993 4193 locis
1010 4158 1129 4206 atque
1155 4159 1236 4207 jam
1263 4163 1299 4201 in
1327 4167 1470 4205 lloeotia
1501 4170 1583 4208 sitis

318 4211 399 4237 exse
419 4201 682 4250 cogitandum.
704 4208 862 4249 Vossius
880 4210 928 4249 ad
946 4213 1085 4254 Melani
1103 4227 1140 4265 p.
1167 4223 1227 4257 151
1248 4222 1345 4270 conj.
1365 4227 1581 4274 Δαφνοίδων

1263 283 1628 335 DlCAEARCHl
1666 280 1958 331 MESSENII
2039 338 2049 342 ἧ

1737 389 1845 431 [Haec
1861 386 1948 421 urbs
1969 386 1981 426 (
1996 381 2168 422 Rhodus)
2190 383 2243 414 est
2260 383 2387 414 Graeca
2399 405 2408 422 ,
2426 387 2508 423 quae
2525 377 2616 413 rosis
2630 377 2761 413 similit

1734 443 1950 478 suavitatem
1968 439 2078 475 habet
2091 463 2100 478 ,
2118 436 2225 471 simul
2242 438 2278 471 et
2295 435 2500 470 molestiam
2519 433 2682 471 exhibet.

1736 501 1828 533 Nam
1844 505 2016 540 magnum
2037 494 2127 529 Solis
2142 492 2273 528 festum
2290 495 2435 535 gratum
2451 490 2590 536 praebet
2600 491 2738 534 otium,

1736 564 1853 590 annus
1869 562 1957 588 vero
1975 553 2023 595 (Ρ)
2040 550 2169 585 solaris
2185 548 2230 583 ad
2248 548 2429 582 insaniam
2444 555 2503 582 me
2525 545 2651 591 adigit.

1736 614 1859 653 Quum
1875 614 2000 645 autem
2015 607 2215 652 populeum
2227 613 2371 640 ramum
2387 603 2544 639 delicate

1734 676 1910 704 coronam
1927 666 2082 701 solarem
2101 663 2335 709 appellitent,
2355 660 2531 696 offendor

1734 726 1826 761 adeo
1841 725 1940 760 hisce
1952 747 1960 760 ,
1978 726 2022 758 nt
2038 722 2183 757 mallem
2200 719 2370 766 equidem
2387 721 2545 754 mortem

1737 785 1912 826 oppetere
1928 788 2036 825 quam
2051 779 2130 813 haec
2145 777 2329 812 audiendo
2347 776 2501 820 perpeti.

1737 842 1852 874 Tanta
1869 838 1986 882 caligo
2002 835 2210 882 peregrinis
2226 832 2476 876 offunditur.]

1701 942 1738 973 6.
1766 934 1868 973 Hinc
1898 932 1948 971 ad
1978 934 2158 980 Oropum
2177 940 2246 979 per
2279 927 2492 978 Psaphidas
2519 930 2559 968 et
2580 927 2808 980 Amphiarai
2829 925 2943 986 Joifiis'
2973 931 2975 934 ⁴

1648 1009 1782 1047 sanum
1806 1007 1880 1045 iter
1911 1003 2092 1051 facienti,
2122 1002 2240 1041 unius
2266 1003 2348 1052 sese
2372 1001 2664 1056 viroexpedito
2685 1001 2785 1055 diei,
2806 1002 2945 1043 omnia¹

1647 1081 1739 1119 sunt
1768 1077 1929 1117 acclivia
1955 1078 1994 1115 et
2028 1075 2150 1114 ardua
2181 1091 2190 1113 ε
2224 1084 2470 1125 quamquam
2497 1073 2550 1119 ob
2588 1073 2728 1115 crebra
2761 1063 2950 1116 diverso-⁷
2971 1112 2977 1117 ,.

1648 1152 1704 1191 ria
1733 1162 1824 1201 quae
1866 1150 1982 1190 rebus
2015 1149 2067 1188 ad
2097 1148 2222 1187 vitam
2262 1147 2490 1192 necessariis
2532 1147 2726 1188 instructa
2752 1131 2942 1199 'requiem
2971 1149 2974 1154 “

1648 1224 1846 1276 praebent,
1881 1222 1991 1262 nulla
2030 1221 2248 1260 viatoribus
2285 1220 2441 1271 obrepit
2473 1214 2695 1263 lassitudo!
2735 1219 2794 1272 (7)
2837 1209 2944 1263 Urbs
2964 1253 2966 1255 -

1648 1308 1741 1336 vero
1763 1295 2002 1346 Oropiorum
2032 1293 2175 1334 domus
2192 1295 2251 1333 est
2277 1295 2662 1342 mercenariorum,
2685 1293 2941 1344 propola-um
2969 1293 2974 1322 f

1648 1370 1847 1420 quaestus,
1865 1367 2105 1418 portitorum
2133 1366 2439 1416 publicanorum
2459 1358 2734 1426 insuperabilis
2747 1365 2940 1417 avaritia,
2963 1363 2968 1383 ³

1648 1446 1687 1483 et
1707 1444 1896 1482 extremae
1911 1440 1976 1480 isti
1996 1439 2238 1490 improbitati
2261 1449 2285 1478 a
2307 1439 2424 1490 longo
2440 1438 2533 1479 inde
2548 1441 2727 1490 tempore
2755 1441 2912 1481 assueta
2931 1454 2942 1479 z
2964 1447 2971 1459 ’·

1650 1568 1712 1607 vel
1743 1567 1993 1616 δαφνοειδῶν;
2025 1565 2198 1605 Fuhrius
2224 1565 2398 1616 δαφνῶν,
2430 1566 2493 1605 vel
2526 1565 2736 1616 δαφνιδίον.
2756 1586 2808 1594 --
2825 1564 2942 1616 Διὸς]
2962 1574 2963 1577 ’

1649 1625 1738 1674 ejici
1759 1625 1861 1663 hanc
1887 1635 2025 1664 vocem
2053 1623 2181 1662 voluit
2210 1623 2486 1666 casaubonus,
2515 1623 2758 1676 suffragante
2777 1623 2941 1666 Fnhrio.
2966 1664 2968 1667 ,

1651 1681 1815 1721 Cautius
1832 1682 1871 1719 in
1887 1681 1948 1720 his
1967 1680 2164 1731 agendum
2180 1691 2264 1720 esse
2283 1680 2502 1720 censebunt
2520 1680 2753 1732 mythologi.
2774 1682 2944 1738 Depm·
2958 1709 2965 1715 -

1650 1740 1823 1790 phiaraeo
1855 1750 1894 1779 v,
1927 1739 2071 1779 Strabo
2099 1741 2177 1788 lx,
2210 1750 2249 1789 p.
2279 1745 2379 1792 3993?
2404 1741 2572 1779 Pausan.
2605 1742 2646 1790 Ι,
2676 1742 2739 1779 34.
2770 1741 2850 1788 lx,
2871 1743 2942 1789 193

1651 1799 1762 1848 Diog.
1780 1801 1823 1837 L.
1844 1800 1901 1846 11,
1920 1800 2005 1836 142.
2028 1796 2228 1836 Welcker.
2248 1796 2296 1836 ad
2312 1797 2493 1836 Philostr.
2508 1808 2547 1848 p.
2568 1803 2641 1838 366
2657 1808 2772 1850 sqq.;
2790 1798 2944 1848 Miiller.
2966 1802 2973 1818 ³
2997 1793 3002 1843 ζ

1651 1859 1755 1896 Min.
1774 1867 1812 1905 p.
1833 1858 1922 1895 486.
1942 1876 1993 1884 —
2009 1855 2095 1895 ὁδὸν
2111 1853 2218 1905 κτλ.]
2248 1854 2387 1895 codex
2403 1855 2541 1895 ὁδὸν...
2565 1854 2776 1907 πρόσαντα.
2801 1870 2823 1891 κ
2842 1857 2942 1896 001·-
2967 1895 2970 1897 ,
2998 1870 3001 1913 3

1649 1914 1876 1964 ruptissima
1905 1913 1993 1953 haec
2014 1914 2120 1953 sunt.
2145 1915 2251 1963 Lego
2281 1914 2414 1953 autem
2445 1928 2456 1952 z
2489 1913 2655 1953 ἐντεῦθεν
2688 1914 2742 1958 εἰς
2765 1913 2961 1965 Ὠρωπὸν
2998 1917 3003 1965 ζ’

1650 1973 1788 2012 στάδια
1803 1973 1859 2012 **.
1880 1972 1990 2017 Ὁδὸς
2003 1972 2066 2011 διὰ
2080 1971 2126 1993 *²*
2145 1973 2210 2010 καὶ
2230 1974 2299 2020 τοῦ
2315 1967 2420 2023 Ἀμφ.
2434 1974 2536 2023 ἱεροῦ
2555 1973 2622 2011 καὶ
2633 1972 2861 2024 Ἐλευθερῶν
2881 1972 2943 2023 (2)
2998 1977 3000 1979 ’

1652 2031 1863 2082 βαδίζοντι,
1884 2030 2022 2082 σχεδὸν
2043 2031 2209 2081 ἡμέρας,
2237 2029 2450 2080 προσάντης
2467 2033 2592 2070 πᾶσα.
2615 2031 2714 2071 Haec
2742 2030 2800 2071 ita
2825 2027 2962 2072 resti-'
2998 2029 3000 2032 ’

1650 2089 1802 2128 tuimus
1812 2119 1823 2138 ,
1844 2100 1925 2128 non
1937 2087 2047 2138 quod
2061 2087 2262 2128 affirmare
2277 2088 2446 2128 velimus
2458 2088 2516 2128 sic
2529 2088 2723 2139 scriptum
2737 2099 2763 2129 a
2774 2089 2944 2131 Dicoear·
2965 2094 2968 2099 '
2996 2108 3001 2135 ς

1651 2148 1725 2186 cho
1753 2147 1893 2197 tuisse,
1922 2146 1992 2186 sed
2018 2146 2127 2196 quod
2152 2145 2261 2185 haud
2285 2146 2421 2196 paullo
2447 2145 2499 2194 sit
2527 2146 2614 2186 haec
2639 2157 2765 2198 quam
2787 2147 2947 2199 vulgata
2970 2165 2973 2171 J
2995 2148 3001 2198 ζ

1651 2204 1769 2244 lectio
1797 2204 2028 2244 concinnior
2051 2206 2092 2244 et
2111 2215 2219 2244 verae
2239 2203 2397 2243 lectioni
2420 2204 2580 2254 propior
2598 2206 2722 2256 atque
2741 2205 2829 2247 aliis
2847 2206 2946 2247 locis

1651 2263 1773 2313 magis
1788 2263 1942 2305 similis.
1960 2279 1980 2298 υ
2019 2263 2310 2304 casaubonus.
2339 2263 2499 2302 Retinui
2533 2263 2621 2303 ὁδὸν
2650 2264 2943 2315 accusativum,
2996 2303 2998 2309 ,

1651 2323 1790 2370 utpote
1820 2333 1844 2360 a
1879 2323 2068 2372 βαδίζοντι
2105 2320 2367 2372 pendentem;
2396 2320 2540 2361 deinde
2569 2323 2722 2372 conjeci
2742 2323 2944 2375 προσάντη

1651 2379 1789 2418 πάντα.
1809 2380 1944 2419 Malim
1960 2382 2095 2419 tamen
2110 2389 2185 2419 scr.
2203 2379 2289 2424 ὁδὸς
2301 2409 2312 2426 ,
2328 2381 2369 2419 et
2383 2378 2576 2428 majorem
2589 2379 2946 2434 interpunctionem

1650 2449 1797 2487 ponere
1816 2439 1905 2487 post
1925 2449 1964 2477 v.
1982 2438 2137 2488 ἡμέρας.
2161 2437 2346 2476 Adverbii
2376 2437 2505 2476 forma
2533 2437 2730 2488 πρόσαντα
2747 2434 2946 2491 nusquam

1651 2495 1839 2535 occurrit.
1861 2521 1911 2530 —
1935 2495 2144 2547 ἐλευθέρῳ]
2162 2496 2188 2534 i.
2209 2506 2244 2535 e.
2266 2495 2434 2547 εὐζώνῳ.
2457 2494 2603 2535 Jacobs
2620 2495 2648 2535 1.
2669 2495 2697 2536 l.
2716 2495 2822 2548 conj.
2839 2497 2947 2548 ἐλευη

1652 2555 1781 2605 θέρως.
2382 2596 2386 2599 ,
2670 2594 2671 2597 ,
2970 2591 2972 2595 ,
2994 2595 2995 2598 Ἰ

1705 2616 1738 2652 7.
1767 2612 1971 2662 Ὠρωπίων
1985 2610 2000 2662 ]
2014 2611 2363 2662 Ὠρωπῶν-οοᾱθκ.
2379 2612 2550 2657 -οἰκία
2565 2610 2730 2663 Θηὸῶν]
2746 2611 2804 2652 sic
2818 2612 2947 2654 codex

1653 2673 1864 2720 corrupte3
1896 2670 2057 2708 ἀποικία
2078 2672 2125 2709 Θ.
2157 2671 2294 2719 Marx;
2317 2669 2443 2708 οἰκεία
2462 2672 2519 2710 Θ.
2539 2669 2786 2720 Stephanus,
2804 2671 2947 2711 vulca-

1654 2729 1765 2777 nius,
1779 2727 2054 2775 casaubonus,
2065 2727 2168 2767 Gail.
2177 2756 2188 2774 ‚
2202 2728 2482 2767 Buttmannus.
2501 2727 2707 2768 Coloniam
2720 2727 2946 2769 Thebarum

1653 2788 1831 2836 Oropum
1851 2795 1934 2825 esse
1948 2795 2066 2823 nemo
2084 2784 2220 2824 tradit.
2242 2784 2456 2824 Pausanias
2472 2787 2511 2833 1,
2529 2787 2579 2824 44
2594 2784 2671 2824 hoc
2685 2787 2843 2825 tantum
2855 2796 2959 2834 mo—⁴
2992 2783 2996 2835 ζ

1652 2846 1742 2894 net,
1761 2847 1939 2892 Oropum
1955 2842 2004 2880 τὰ
2017 2842 2054 2887 ἐξ
2070 2842 2188 2892 ἀρχῆς
2203 2842 2366 2881 Boeotiae
2386 2842 2488 2890 (non
2504 2853 2599 2882 vero
2617 2841 2787 2892 Atticae)
2804 2842 2946 2884 urbem
2960 2859 2975 2873 ¹=

1653 2903 1783 2943 fuisse.
1797 2902 1894 2942 Fata
1906 2900 2014 2939 urbis
2030 2899 2149 2938 modo
2161 2898 2359 2939 Thebanis
2370 2931 2381 2950 ,
2395 2899 2515 2938 modo
2531 2899 2835 2947 Atheniensibus
2848 2900 2944 2940 sub-
2962 2927 2964 2930 -

1650 2961 1791 3010 jectae,
1810 2959 1929 2999 modo
1944 2958 2081 2997 liberae
2112 2957 2254 3007 suique
2277 2957 2400 3007 juris,
2420 2959 2626 3007 exponunt
2648 2957 2878 2998 Dodwellus
2905 2958 2945 2997 in

1653 3017 1753 3057 Dies,
1780 3017 1830 3057 de
1848 3017 1935 3057 Dic.
1954 3018 1994 3055 et
2017 3015 2151 3057 Meier.
2171 3015 2210 3054 in
2231 3015 2461 3065 Encyclop.
2482 3015 2584 3054 Hal.
2600 3025 2635 3055 s,
2657 3025 2714 3064 v.,
2731 3017 2772 3054 et
2794 3014 2856 3055 his
2871 3015 2965 3063 due¹
2991 3030 2995 3036 ·

1654 3074 1767 3114 cibus
1785 3075 1951 3114 Fuhrius
1969 3065 2017 3112 a'd
2034 3083 2074 3111 n.
2098 3072 2125 3111 l.
2147 3074 2200 3112 Ut
2217 3073 2378 3111 mittam
2394 3072 2637 3122 antiquiora,
2655 3074 2745 3122 post
2764 3069 2960 3124 pugnam

1654 3132 1960 3172 Chaeronensem
1987 3131 2079 3180 (Ol.
2115 3135 2207 3180 110,
2235 3131 2287 3180 3)
2313 3130 2514 3180 Philippus
2540 3133 2718 3181 Oropum
2748 3130 2961 3178 Thebanis

1653 3192 1828 3240 ereptam
1848 3189 2010 3229 tradidit
2024 3188 2342 3229 Atheniensibus.
2362 3191 2455 3228 Post
2467 3188 2617 3227 bellum
2631 3189 2836 3230 Lamiense
2851 3189 2941 3240 (01.
2955 3187 2959 3223 ἱ

1658 3251 1752 3297 114,
1780 3248 1827 3297 3)
1852 3247 1987 3298 Oropii
2014 3247 2237 3286 libertatem
2261 3248 2567 3296 recuperarunt,
2595 3256 2692 3296 pace
2718 3256 2812 3297 cum
2829 3247 2922 3289 Anti
2944 3277 2955 3301 >-

1654 3308 1767 3356 patro
1787 3305 1883 3344 inita
1892 3335 1903 3354 ,
1920 3316 2041 3355 quam
2055 3307 2183 3345 ratam
2197 3315 2280 3344 esse
2294 3315 2431 3354 regum
2445 3304 2604 3344 nomine
2615 3303 2730 3354 jubet
2741 3303 2929 3357 Polyuper
2950 3327 2952 3330 -

1654 3365 1757 3404 chon
1781 3366 1870 3414 (Ol.
1893 3370 1986 3415 115,
2016 3370 2053 3405 3.
2078 3365 2241 3405 Diodor.
2267 3365 2424 3414 XVlll,
2449 3363 2536 3414 56).
2558 3362 2709 3404 Deinde
2732 3363 2823 3422 (0¹³
2843 3367 2950 3418 ,1173

1658 3428 1693 3462 1.
1714 3420 1810 3473 312)
1832 3422 2050 3463 Cassander
2074 3423 2215 3463 urbem
2234 3424 2426 3472 occupat3
2444 3432 2585 3462 verum
2601 3431 2698 3467 mox
2715 3419 2901 3472 praesidia

1653 3481 1951 3520 Macedonicum
1978 3481 2166 3521 Polemon
2197 3480 2380 3531 Antigoni
2404 3480 2484 3519 dux
2518 3478 2703 3537 expellit,
2724 3478 2954 3532 urbmilu

1654 3539 1775 3579 tradit
1805 3538 1950 3579 Boeotis
1970 3538 2157 3588 (Diodor.
2179 3541 2293 3588 xlx,
2317 3541 2363 3579 77
2379 3546 2408 3587 ).
2430 3540 2535 3578 Num
2557 3535 2700 3577 deinde
2716 3536 2853 3588 Oropii
2868 3537 2919 3577 de

1655 3607 1734 3635 nuo
1763 3596 1802 3634 in
1822 3595 2101 3636 Thebanorum
2121 3597 2357 3646 potestatem
2386 3593 2590 3643 venerint,
2620 3593 2746 3644 iisque
2774 3593 2928 3645 subice

1654 3654 1800 3694 suerint
1811 3665 1890 3704 quo
1901 3657 2080 3704 tempore
2091 3655 2230 3692 auctor
2243 3654 2376 3692 noster
2387 3651 2542 3702 scripsit
2553 3650 2847 3699 (scriberem
2868 3667 2873 3687 ι
2891 3666 2920 3687 ν.
2931 3654 2948 3689 ῑζ

1653 3715 1745 3751 ante
1774 3718 1847 3752 285
1876 3722 1912 3751 a.
1942 3714 1988 3751 C.
2020 3713 2180 3762 propter
2211 3710 2409 3761 Posidippi
2438 3708 2681 3762 mentionem
2700 3709 2770 3748 vix
2786 3708 2899 3760 Μαί
2917 3738 2932 3750 ,η

1655 3769 1759 3809 haud
1777 3770 1901 3820 liquet
1933 3770 2059 3818 Igitur
2086 3781 2137 3808 ex
2153 3769 2317 3809 historia
2336 3768 2473 3818 nequit
2500 3765 2726 3819 confirmari
2749 3765 2874 3820 lentie
2917 3746 2946 3814 {f

1654 3828 1741 3867 κεία
1757 3829 1910 3875 Θηὸῶν.
1929 3849 1981 3856 -
1996 3827 2168 3867 Fuhrius
2183 3838 2223 3878 p.
2243 3831 2316 3867 233
2334 3826 2413 3866 ita:
2433 3842 2453 3860 «ι
2471 3823 2640 3875 vulgata
2656 3823 2775 3865 lectio
2786 3833 2844 3874 'ex
2863 3840 2871 3857 ι
2886 3827 2948 3882 1σῇ

1654 3885 1867 3924 tentiarum
1884 3894 2069 3924 connexu
2087 3885 2225 3924 evulsa
2239 3886 2310 3924 aut
2332 3883 2382 3924 de
2400 3883 2521 3923 domo
2542 3880 2791 3934 Thebarum,
2814 3879 2871 3923 iu
2924 3907 2934 3939 2

1660 3945 1787 3994 Oropi
1812 3944 2025 3992 exiquitas
2043 3953 2136 3982 cum
2150 3942 2297 3983 Μοίρι-ο
2311 3941 2615 3993 significaretur,
2632 3939 2703 3979 aut
2724 3938 2832 3988 οἰκία
2847 3949 2891 3990 p.
2905 3953 2946 3995 „35

1656 4000 1788 4040 raliter
1811 3999 2013 4039 intellecto
2040 4000 2090 4040 de
2110 4000 2342 4051 domiciliis,
2360 3998 2520 4040 sedibus
2541 3996 2847 4051 Thebanorum,
2893 3994 2947 4047 5²3³

1654 4058 1769 4108 plane
1784 4068 1864 4097 non
1884 4057 2178 4108 interpretanda
2188 4088 2200 4107 ,
2218 4057 2377 4099 retineri
2393 4058 2455 4107 et,
2473 4059 2519 4096 ut
2540 4055 2581 4095 in
2596 4053 2750 4096 laciniis
2764 4054 2885 4098 male}⁴
2903 4100 2905 4103 ,

1654 4115 1799 4162 vulsis,
1817 4114 1971 4154 defendi
1999 4118 2143 4165 potest.
2169 4130 2187 4148 n
2210 4113 2507 4155 Wordsworth.
2529 4113 2556 4152 1.
2579 4113 2607 4152 l.
2625 4109 2825 4160 conjecit:
2899 4146 2901 4148 ,
2938 4135 2946 4160 ·,

1655 4173 1819 4221 Θηὸῶν,
1843 4188 1860 4206 u
1885 4173 1996 4221 lecon
2026 4173 2102 4211 sort
2130 4172 2378 4221 ingenieuse,
2405 4181 2451 4211 ce
2481 4170 2619 4223 quine
2647 4169 2744 4209 veut
2770 4177 2838 4218 pas
2867 4174 2949 4210 ‘ww

2999 1622 3004 1647 *⁷
2999 1514 3008 1615 ’“’““”“”’
2999 1099 3011 1507 “”Μ”ΝΜ“”’”>ῬΜ’Π“
3000 1068 3009 1093 'w
3000 1013 3010 1062 μ’,
3001 987 3009 1006 ⁷⁹·
2999 646 3011 980 ν-ηἿνν--πιπ-υ-,ὴνιη-ἰνη-ψη
3001 614 3008 635 φ.
3002 597 3009 608 ,.
3002 575 3010 591 ,,
3000 535 3010 566 fr
3002 470 3008 499 ,ω
3003 449 3009 455 Ἰ,
3002 403 3003 406 „

3000 1765 3002 1777 ν
2999 1658 3008 1742 *mov-r
