3016 4628
212 297 299 336 2¹4

208 394 397 448 Ἁλόντος
419 394 460 440 δὲ
483 398 556 442 τοῧ
577 397 666 443 υἱοῦ
692 398 821 445 αὐτοῦ
835 436 848 460 ,
872 397 946 445 καὶ
968 404 1041 446 τοῦ
1062 398 1268 455 λαὸόντος
1290 401 1493 467 ἐρομένου

204 467 275 514 τὸν
304 466 508 531 βασιλέα,
540 467 580 515 τί
612 468 699 534 χρὴ
736 476 900 531 ποιεῖν,
926 471 1265 538 ἀποκρίνασθαι,
1291 477 1351 539 τῷ
1375 473 1494 540 νόμῳ

203 541 405 603 χρῆσθαι.
434 538 523 587 Καὶ
549 539 619 587 διὰ
637 545 763 589 τοῦτο
782 547 859 590 τοῧ
882 542 1147 607 νομίσματος
1173 546 1303 592 αὐτοῦ
1326 544 1395 592 ἐπὶ
1419 545 1494 592 θά-

202 629 306 676 τερα
328 610 508 667 πέλεκυς
531 613 824 679 κεχάρακται,
848 615 919 663 ἐπὶ
943 615 1102 682 θάτερα
1123 614 1167 664 δὲ
1187 616 1227 672 ἐξ
1253 617 1342 671 ἑνὸς
1365 616 1493 682 αὐχέ-

203 702 269 738 νος
293 682 524 747 πρόσωπον
547 685 697 750 ἀνδρὸς
718 687 793 734 καὶ
816 687 1031 750 γυναικός.
1061 687 1152 737 Καὶ
1177 691 1226 736 ἐκ
1248 688 1400 737 τούτου
1421 688 1492 737 λέ-

201 773 326 816 γεται
367 756 438 803 ἐπὶ
478 760 563 808 τῶν
602 757 833 822 ἀποτόμων
857 759 907 807 τὸ
951 760 1264 826 Ἀποκεκόςρθαι
1304 760 1493 826 Τενεδίῳ

201 827 387 876 πελέκει.

628 937 763 986 VIII.
805 938 1060 985 ΠΑΡΙΩΝ.

269 1045 416 1110 Πάρον
446 1042 524 1101 τὴν
547 1051 674 1105 νῆσον
698 1046 827 1112 ᾤκισε
862 1047 1032 1111 Πάρος,
1063 1046 1105 1102 ἐξ
1130 1047 1353 1112 Ἀρκαδίας
1388 1049 1491 1097 λαὸν

203 1117 333 1182 ἄγων.

266 1206 305 1238 2.
345 1190 596 1256 Ἀρχίλοχον
617 1191 686 1238 τὸν
711 1190 892 1248 ποιητὴν
909 1190 931 1210 *
961 1190 1107 1255 Κόραξ
1137 1190 1274 1254 ὄνομα
1299 1191 1457 1240 ἔκτεινε
1474 1230 1485 1251 ,

201 1262 306 1326 πρὸς
318 1262 363 1310 ὅν
380 1283 507 1330 φασιν
521 1266 652 1311 εἰπεῖν
672 1263 749 1320 τὴν
767 1261 949 1321 Πυθίαν,
970 1286 989 1305 «
1003 1259 1276 1323 ’‘Ehem-1303.
1296 1267 1489 1313 »Τοῦτον
1564 1271 1782 1322 interseeIt‚
1811 1272 1876 1311 eui
1895 1272 2040 1322 Pythia
2061 1273 2187 1312 fertur
2212 1272 2357 1314 dixisse
2386 1289 2397 1314 ι
2421 1290 2441 1309 α
2462 1276 2538 1314 Exi
2560 1276 2738 1327 templo;
2760 1293 2780 1313 ι»
2797 1277 2866 1318 ille
2947 1274 2950 1275 ⁷
3003 1283 3008 1326 i

202 1334 238 1380 δ’
260 1337 417 1395 εἰπεῖν,
445 1359 464 1377 «
491 1335 619 1384 Ἀλλὰ
641 1335 824 1401 καθαρός
850 1336 964 1397 εἶμι,
990 1335 1116 1392 ἄναξ·
1150 1338 1193 1383 ἐν
1223 1340 1380 1401 χειρῶν
1407 1337 1490 1403 γὰρ

200 1405 318 1471 νόμῳ
341 1406 524 1454 ἔκτεινα.
555 1430 571 1449 »

673 1525 754 1571 IX.
794 1525 1004 1572 ΚΕΙΩΝ.

266 1636 494 1685 Ἐκαλεῖτο
519 1638 596 1700 μὲν
629 1638 846 1703 Ὑδροῧσα
872 1642 898 1696 ἠ
937 1641 1087 1697 νῆσος’
1125 1640 1320 1703 λέγονται
1347 1639 1392 1687 δὲ
1427 1643 1488 1687 οἷ-

198 1711 331 1765 κῆσαι
362 1710 543 1776 Νύμφαι
575 1710 776 1776 πρότερον
800 1709 959 1769 αὐτήν·
984 1710 1255 1777 φοὸήσαντος
1291 1715 1328 1760 δ’
1357 1715 1489 1767 αὐτὰς

199 1780 386 1841 λέοντος,
418 1785 476 1836 εἷς
502 1783 725 1849 Κάρυστον
749 1783 965 1842 διαὸἧναι.
994 1784 1073 1833 Διὸ
1111 1785 1187 1832 καὶ
1219 1785 1488 1851 ἀκρωτήριον

198 1858 272 1911 τῆς
299 1854 401 1904 Κέω
425 1855 547 1904 Λέων
566 1858 782 1905 καλεῖται.
810 1857 936 1912 Κέως
959 1857 995 1905 δ’
1016 1861 1064 1906 ἐκ
1089 1857 1358 1907 Ναυπάκτου
1383 1859 1487 1906 δια-

198 1925 276 1981 ὃὰς
294 1926 422 1993 ᾤκισε
436 1965 449 1987 ,
475 1927 549 1975 καὶ
571 1929 646 1975 ἀπ’
670 1931 797 1977 αὐτοῦ
818 1929 978 1989 ταύτην
998 1930 1251 1993 ὠνόμασαν.

259 2016 296 2046 2.
335 2000 572 2065 Ἀρισταῖον
592 2000 638 2048 δέ
653 2020 756 2067 φασι
777 2003 928 2065 μαθεῖν
949 2002 1071 2069 παρὰ
1092 2004 1169 2067 μὲν
1187 2005 1383 2070 Νυμφῶν
1405 2002 1484 2061 τὴν

194 2072 422 2136 προὸάτων
446 2074 519 2121 καὶ
543 2078 652 2139 βοῶν
684 2074 952 2138 ἐπιστήμην,
976 2075 1098 2142 παρὰ
1129 2076 1174 2124 δὲ
1204 2079 1374 2142 Βρισῶν
1407 2074 1484 2134 τὴν

195 2146 540 2212 μελιττουργίαν·
575 2151 730 2211 φθορᾶς
755 2147 800 2195 δὲ
824 2148 953 2206 οὔσης
977 2152 1118 2214 φυτῶν
1141 2148 1215 2196 καὶ
1246 2148 1390 2207 ζώων,
1413 2148 1483 2195 διὰ

194 2218 241 2263 τὸ
264 2217 423 2265 λείπειν
448 2219 620 2278 ἐτησίας
639 2221 727 2265 *Ἠῖ

192 2367 281 2405 11u223
299 2361 373 2396 τῶν
395 2359 582 2408 βασιλέων
599 2360 745 2399 τενεδία
765 2361 921 2400 θεάσθοιι
939 2360 1099 2411 (θέσθαι
1126 2363 1177 2412 B)
1206 2363 1294 2406 AB;
1315 2365 1391 2400 τῶν
1413 2363 1481 2412 βα-

193 2416 327 2453 σιλέων
345 2417 426 2454 τένε
442 2417 504 2455 δία
520 2417 648 2456 θέσθαι
679 2421 729 2463 C;
747 2419 811 2458 τὸν
834 2420 996 2469 βασιλέα
1013 2420 1153 2466 Τέννην
1180 2420 1375 2459 διαθέσθαι
1392 2419 1481 2459 reli·

193 2474 274 2522 qui.
306 2473 521 2514 Historiam
535 2486 584 2514 ex
611 2476 823 2518 Aristotele
843 2478 856 2528 (
873 2478 901 2517 f.
924 2478 1028 2528 170)
1055 2477 1198 2518 iisdem
1213 2488 1328 2529 paene
1346 2477 1481 2519 verbis

192 2533 326 2570 narrat
352 2532 574 2583 Stephanus
595 2534 622 2574 l.
640 2535 666 2574 l.

243 2591 357 2639 Vlll,
381 2595 416 2629 1.
438 2590 497 2630 ct.
517 2592 709 2642 stephan.
732 2594 825 2643 Byz.
844 2603 881 2631 ν.
901 2593 1029 2644 Πάρος
1048 2609 1056 2632 :
1077 2591 1218 2641 ᾠκεῖτο
1237 2592 1280 2633 τὸ
1294 2593 1362 2644 μὲν
1373 2596 1481 2644 πρῶ-

192 2660 256 2685 τον
268 2648 344 2686 ὑπὸ
362 2651 519 2699 Κρητῶν
532 2649 597 2688 καί
617 2664 729 2689 τινων
743 2650 933 2702 Ἀρκάδων
951 2652 1091 2702 ὀλίγων
1103 2666 1114 2675 ·
1128 2651 1299 2702 τοῦνομα
1318 2652 1358 2691 δὲ
1373 2652 1483 2702 λέγε-

194 2719 257 2743 ται
286 2706 362 2744 ἀπὸ
382 2705 514 2755 Πάρου
537 2711 605 2746 τοῦ
627 2708 875 2759 Παρρασίου,
895 2709 1026 2760 ἀνδρὸς
1045 2709 1245 2760 Ἀρκάδος,
1275 2708 1402 2760 ἔχειν,
1430 2711 1483 2755 ὡς

193 2763 454 2814 Καλλίμαχος.
468 2786 518 2792 -
535 2770 569 2805 2.
595 2781 613 2798 «
637 2766 798 2819 Signum
809 2767 1216 2817 lacunaeutponerem
1235 2768 1311 2807 feci
1326 2767 1483 2807 monitu

193 2823 239 2859 C.
255 2820 426 2860 Sintenis
441 2822 518 2861 mei
530 2852 541 2871 ‚
561 2823 630 2872 qui
650 2839 669 2858 «
687 2824 813 2876 Κόραξ
834 2825 956 2876 ὄνομα
972 2826 1168 2875 suspectae
1189 2825 1287 2864 mihi
1307 2825 1486 2875 graecita-

193 2879 244 2917 tis
261 2881 335 2918 est.
355 2879 560 2919 Exciditne
576 2892 720 2921 nomen
733 2893 783 2922 ex
798 2884 917 2923 Suida
931 2883 1221 2936 supplendum?
1240 2899 1264 2919 υ
1276 2885 1317 2922 in
1329 2882 1484 2923 schedis

192 2937 359 2987 scripsit.
396 2937 512 2977 Haud
555 2938 676 2979 dubie
712 2943 917 2990 peccatum
954 2939 1125 2982 librariis
1155 2940 1437 2993 imputandum
1470 2957 1481 2982 :

193 2998 418 3045 excerptor,
451 2995 594 3046 credo,
626 3012 681 3043 τις
714 3009 785 3038 suo
814 2999 1024 3040 defunctus
1054 3001 1162 3051 erat;
1187 2999 1350 3039 nomina
1375 3001 1482 3054 enim

194 3054 351 3121 propria
367 3054 600 3108 plerumque
622 3055 739 3095 delet.
762 3059 997 3098 Plutarchus
1023 3061 1063 3099 S.
1088 3062 1137 3099 N.
1161 3061 1205 3099 V.
1228 3070 1268 3110 p.
1294 3063 1394 3108 560,
1410 3062 1443 3099 Ε
1471 3075 1480 3099 :

194 3124 215 3153 ο
228 3112 453 3164 ἀποκτείνας
472 3112 536 3151 τὸν
550 3112 765 3165 Ἀρχίλοχον
783 3116 952 3167 ἐκαλεῖτο
974 3118 1206 3162 Καλλώνδας
1218 3146 1230 3167 ,
1251 3116 1298 3165 ἦν
1317 3116 1351 3156 δ’
1376 3118 1483 3168 αὐτῷ

194 3170 320 3221 Κόραξ
343 3170 559 3219 ἐπώνυμον.
586 3171 764 3212 AElianus
790 3174 921 3214 Suidae
945 3191 953 3214 :
975 3176 1206 3220 Καλλώνδας
1232 3176 1301 3226 μὲν
1334 3175 1482 3228 ὄνομα,

195 3228 320 3278 Κόραξ
336 3228 367 3266 δ’
394 3227 610 3278 ἐπώνυμον.
632 3245 650 3263 υ
681 3231 983 3273 Schneidewin.
1003 3233 1218 3274 Historiam
1240 3235 1385 3283 praeter
1407 3228 1482 3274 no-'

111 3290 114 3293 ·
192 3285 362 3324 minatos
381 3285 543 3325 ‘narrant
558 3286 676 3325 etiam
694 3288 866 3329 Galenus
880 3292 1074 3341 Protrept.
1094 3302 1131 3330 c.
1153 3297 1199 3331 10
1219 3290 1317 3340 (ubi
1331 3292 1483 3342 Pythiae

193 3342 315 3382 verba
339 3358 347 3381 ε
370 3342 568 3396 Μουσάων
589 3344 798 3393 Θεράποντα
813 3349 1038 3394 κατέκτανες
1052 3362 1061 3371 ·
1081 3349 1169 3394 ἔξιθι
1187 3350 1331 3398 νηοῦ),
1346 3349 1484 3389 Aristi-

192 3400 262 3452 des
281 3401 379 3444 tom.
398 3402 448 3449 11,
467 3411 506 3450 p.
527 3404 599 3450 297
617 3402 752 3452 Jebh„
770 3403 843 3443 Dio
868 3406 1173 3456 chrysostomus
1192 3409 1262 3447 Or.
1287 3412 1334 3446 33
1353 3418 1392 3457 p.
1408 3412 1483 3448 396

192 3461 236 3499 F.
248 3459 307 3498 ct.
320 3458 467 3510 Liebel.
479 3458 618 3509 fragm.
631 3458 852 3500 Archiloch.
864 3473 901 3513 p.
915 3466 962 3504 44
976 3478 987 3513 ;
999 3465 1105 3505 Bode
1118 3466 1207 3504 Ion.
1221 3464 1484 3513 Dichtlsunst

192 3528 230 3565 p.
252 3521 338 3557 288.
362 3541 411 3550 -—
434 3517 471 3556 ἐν
492 3517 660 3568 χειρῶν]
685 3518 768 3575 ἐγχ.
787 3519 836 3569 b;
861 3522 904 3560 ἐκ
927 3527 1064 3578 χειρῷν
1099 3526 1226 3572 ΑΒΟ;
1252 3534 1348 3563 mox
1375 3539 1384 3563 ε
1409 3525 1482 3576 γὰρ

192 3574 312 3624 ἰόμων
338 3576 455 3614 ABG.
836 3577 838 3580 ’

242 3636 307 3674 IX·
331 3635 365 3673 Κ
379 3632 418 3672 εί
433 3647 494 3673 ων
513 3633 736 3673 holstenius
751 3635 790 3674 et
806 3635 1040 3686 Salmasius;
1058 3639 1182 3686 Κώων
1205 3638 1339 3688 eod‹l.;
1356 3640 1483 3680 ABde

182 3689 236 3739 sq
257 3689 377 3730 misso
398 3690 518 3730 titulo
539 3689 624 3729 haec
648 3691 818 3740 jungunt
837 3694 1173 3734 antecedentibus.
1197 3720 1243 3726 -
1259 3697 1478 3748 Ὑδροῦσα]

190 3744 403 3798 ’Υδροῦσσα
421 3749 610 3798 Corayus.
636 3749 805 3798 Hesych.
827 3761 837 3787 t
858 3750 1066 3800 ’Υδροῦσω
1085 3753 1205 3798 οὕτως
1221 3757 1245 3800 ἡ
1266 3756 1371 3801 Κέως
1392 3756 1480 3795 ἐκα-

190 3807 308 3846 λεῖτο.
341 3805 487 3846 Plinius
521 3809 590 3854 lv,
610 3810 655 3855 5,
686 3812 735 3846 20
766 3823 774 3845 ι
811 3809 932 3854 Ceos,
965 3818 1096 3858 quam
1135 3814 1271 3851 nostri
1299 3813 1480 3863 quidam

192 3864 339 3903 dixere
362 3865 510 3911 C'eam,
541 3865 676 3904 Groeci
703 3867 745 3903 et
762 3864 1044 3914 ledrussam.
1073 3867 1182 3906 idem
1210 3880 1355 3910 nomen
1383 3871 1479 3910 olim

192 3923 323 3961 suerat
347 3919 481 3960 Andro
496 3922 538 3960 et
558 3922 666 3960 Teno
689 3920 765 3961 inss
799 3924 850 3960 V.
871 3924 1032 3961 Aristot.
1052 3924 1100 3962 fr.
1132 3929 1198 3964 167
1217 3936 1264 3974 a,
1288 3929 1472 3968 Eustath.

189 3979 238 4018 ad
256 3980 369 4019 Dion.
386 3983 472 4018 523.
487 4000 540 4007 —
552 3979 708 4027 οἰκῆσαι
723 3978 736 4029 ]
749 3979 894 4018 οἰκίσαι
911 3982 995 4019 BC.
1011 4002 1062 4009 —-
1075 3982 1256 4033 Νύμφαι]
1274 3985 1336 4024 Cf.
1357 3986 1475 4025 ovid.

194 4037 351 4077 lleroid.
372 4039 438 4076 XX
454 4066 464 4086 ‚
484 4042 572 4076 221.
591 4058 642 4065 —-
662 4037 781 4083 αὐτήν
801 4036 814 4088 ]
834 4038 930 4088 αὐτῇ
949 4037 1089 4087 boesa,
1107 4040 1223 4078 αὐτοῦ
1238 4041 1279 4079 d.
1302 4063 1353 4070 --
1366 4044 1476 4094 Κέω]

190 4105 215 4132 a
233 4125 243 4143 ‚
266 4096 359 4140 Κίας
377 4098 502 4142 ABG,
521 4097 589 4134 Κῶ
610 4094 753 4144 reliqui
780 4117 828 4123 —-
850 4096 960 4135 Λέων
979 4095 992 4146 ]
1025 4096 1206 4144 Ejusdem
1245 4110 1352 4137 noni.
1382 4111 1474 4149 pro-

190 4154 385 4191 montoria
414 4153 574 4192 Euboeae
604 4155 644 4191 et
677 4154 806 4192 cretae
837 4164 901 4203 ap.
942 4154 1113 4197 Ptolem.
1155 4159 1201 4203 3,
1241 4160 1307 4204 15;
1338 4162 1385 4205 5,
1417 4163 1473 4197 15.

179 4210 465 4249 -a-lleraclidea
491 4211 716 4250 narratione
744 4211 841 4250 scite
862 4222 957 4250 usus
984 4213 1042 4251 est
1064 4214 1106 4251 l’.
1135 4215 1183 4250 O.
1212 4214 1476 4255 Bru-nstedius

190 4267 322 4323 itiner.
345 4269 471 4308 Graec.
504 4271 549 4317 1,
578 4279 616 4319 p.
642 4274 689 4308 30
710 4268 759 4307 ad
794 4267 1069 4320 explicandam
1098 4270 1297 4310 rationem
1325 4272 1473 4322 leonis,

1346 265 1738 343 HERAcunEs

1565 410 1707 451 securi.
1737 410 1991 462 Deprehenso
2018 421 2113 450 vero
2133 411 2254 461 ipsius
2275 409 2378 460 filie,
2400 420 2527 460 quum
2548 410 2581 450 is
2607 411 2677 461 qui
2705 410 2865 463 ceperat

1564 498 1823 549 interrogaret
1840 507 1972 549 regem
1987 497 2086 549 quid
2101 495 2326 537 faciendum
2345 497 2470 546 esset,
2484 496 2646 547 jussisse
2660 498 2801 550 illum,
2818 503 2865 540 ut

1566 585 1651 634 lege
1668 585 1867 624 uteretur.
1895 587 1953 624 Ac
1973 584 2182 634 propterea
2212 582 2253 622 in
2279 582 2411 623 numis
2441 583 2707 624 Tenediorum
2736 586 2863 627 altera

1565 682 1656 722 pars
1674 672 1846 712 securim
1872 671 2078 711 exaratam
2103 670 2245 720 habet,
2273 670 2399 710 altera
2421 671 2558 711 autem
2583 682 2636 712 ex
2658 682 2741 714 uno
2759 674 2865 722 collo

1565 758 1827 809 prodeuntem
1849 757 1989 797 faciem
2003 757 2077 796 viri
2098 757 2370 808 mulierisque.
2396 758 2499 798 Hinc
2513 758 2564 799 de
2578 759 2699 801 rebus
2712 761 2860 802 atroci-

1566 846 1642 886 bus
1656 845 1788 885 dicere
1807 845 1936 885 solent
1955 861 1964 885 :
1983 845 2155 886 Tenedia
2171 845 2300 885 securi
2314 846 2547 897 praecidere.

1945 939 2084 988 VIII.
2124 939 2483 990 PARIORUM.

1614 1053 1763 1094 Parum
1795 1055 1967 1095 insulam
1996 1054 2146 1095 colonis
2170 1054 2438 1106 frequentavit
2464 1058 2590 1098 Parus
2617 1067 2670 1099 ex
2693 1059 2866 1102 Arcadia
3004 1026 3009 1058 ξ

1563 1127 1756 1177 populum
1772 1127 1935 1167 ducens.
2968 1182 2972 1191 .
3004 1176 3009 1188 .

1615 1205 1650 1238 2.
1681 1199 1962 1241 Archilochum
1975 1200 2711 1256 poetam(Gallondas,coqnomine-)
2729 1205 2864 1247 Corax
2937 1212 2952 1227 ’ἕ
3002 1199 3008 1253 j

1564 1356 1660 1385 vero
1689 1344 1937 1395 respondisse
1957 1360 1966 1384 ε
1987 1359 2007 1379 «
2026 1345 2078 1384 At
2096 1355 2220 1395 purus
2243 1355 2355 1395 sum;
2381 1356 2476 1386 nam
2495 1357 2547 1388 ex
2566 1358 2759 1396 manuum
2775 1348 2866 1400 jure
2947 1367 2951 1376 »

1564 1428 1656 1458 eum
1684 1417 1876 1457 interfeci.
1903 1434 1922 1451 υ

2009 1536 2094 1584 ΙΧ.
2131 1535 2411 1586 CEORUM.

1615 1646 1719 1685 Ceus
1732 1645 1828 1684 olim
1840 1643 2113 1695 appellabatur
2129 1644 2313 1694 Hydrusa
2325 1673 2338 1694 ,
2349 1655 2520 1696 eamque
2541 1644 2656 1697 prius
2667 1649 2704 1688 N
2707 1649 2867 1700 ymphae

1564 1718 1773 1758 incoluisse
1795 1718 1992 1767 feruntur,
2013 1727 2104 1767 quae
2120 1727 2143 1756 a
2161 1717 2278 1757 leone
2293 1718 2496 1759 exterritae
2512 1718 2657 1760 deinde
2677 1720 2719 1760 in
2737 1724 2862 1772 Cary-

1563 1793 1670 1831 stum
1686 1789 1928 1841 trajecerint.
1952 1792 2086 1837 Quare
2105 1788 2225 1829 etiam
2239 1790 2561 1840 promontorium
2577 1791 2648 1832 Cei
2668 1795 2778 1833 Leon
2795 1804 2864 1844 ap-

1563 1864 1746 1914 pellatur.
1764 1865 1869 1904 Ceus
1882 1874 1979 1903 vero
1995 1873 2017 1902 e
2031 1862 2238 1913 Naupacto
2252 1863 2519 1914 transgressus
2533 1864 2672 1906 incolis
2684 1866 2864 1918 frequem

1562 1937 1663 1976 tavit
1678 1936 1846 1976 insulam
1860 1964 1871 1984 ‚
1888 1946 2008 1987 quam
2028 1935 2078 1976 de
2093 1936 2256 1977 nomine
2271 1939 2497 1987 ejusceum
2516 1938 2783 1988 appellarunt.

1617 2014 1655 2048 2.
1685 2009 1900 2049 Aristaeum
1922 2008 2062 2048 dicunt
2091 2019 2115 2048 a
2139 2009 2325 2060 nymphis
2343 2007 2526 2050 didicisse
2545 2021 2641 2052 oves
2661 2011 2866 2064 bovesque

1563 2080 1759 2120 educandi
1782 2080 2010 2130 scientiam,
2029 2091 2053 2120 a
2075 2080 2197 2121 Brisis
2225 2091 2324 2122 vero
2342 2080 2610 2133 mellificium,
2639 2094 2767 2135 quum
2785 2085 2862 2126 ali-

1563 2153 1725 2204 quando
1739 2153 1903 2204 propter
1921 2152 2148 2195 deficientes
2162 2155 2388 2195 Etesiarum
2407 2154 2527 2196 flatus
2544 2156 2694 2207 plantae
2717 2158 2759 2198 et
2775 2159 2862 2198 ani·
2942 2155 2955 2206 ᾖ

1560 2226 1680 2266 maiia
1695 2226 1964 2279 deperiissent.

1559 2371 1683 2411 quam
1701 2359 1860 2399 eximiae
1875 2358 2158 2410 magnitudinis
2168 2359 2345 2399 belluam
2355 2370 2438 2400 non
2454 2361 2660 2411 proculab
2671 2361 2862 2403 hodierna
2939 2364 2944 2366 ’

1558 2418 1657 2458 urbe
1673 2421 1748 2457 Zea
1767 2417 1809 2456 in
1831 2417 2039 2457 cacumine
2057 2416 2203 2457 montis
2222 2418 2396 2468 repperit
2411 2429 2463 2458 ex
2474 2420 2614 2459 nativo
2628 2430 2728 2460 saxo
2754 2420 2864 2461 seul-2
2932 2445 2939 2458 s

1559 2478 1686 2525 ptam.
1711 2475 1823 2515 Idem
1846 2475 2022 2526 reliqua,
2041 2486 2134 2526 quae
2154 2475 2384 2516 Heraclides
2398 2476 2449 2516 de
2467 2474 2640 2517 (ἶσοι-11111
2655 2489 2740 2530 rep.
2758 2489 2859 2519 con·
2927 2480 2930 2485 ’

1557 2533 1750 2584 signavit,
1780 2533 1934 2573 curiose
1959 2532 2148 2584 expendit
2167 2542 2209 2584 p.
2245 2537 2292 2574 37
2319 2544 2383 2585 sq.
2416 2536 2593 2575 Leonem
2626 2535 2742 2576 ilium
2766 2537 2861 2588 quid
2933 2547 2963 2594 &23

1558 2592 1634 2632 sibi
1667 2592 1791 2632 vellet
1815 2592 2036 2642 mythologi
2060 2592 2189 2632 nostri
2213 2591 2360 2632 rectius
2376 2603 2504 2643 ‘quam
2522 2594 2753 2636 Aristoteles
2769 2605 2861 2646 per·-
2927 2619 2959 2651 ..¹

1558 2650 1796 2699 spexerunt3
1813 2660 1855 2688 v.
1873 2660 1964 2699 quae
1984 2650 2074 2699 post
2086 2649 2378 2690 Broenstedium
2398 2661 2582 2691 censores
2603 2651 2734 2703 operis
2752 2652 2863 2697 iuius
2935 2648 2954 2691 3⁴

1558 2707 1836 2758 disputarunt,
1861 2709 1927 2747 Fr.
1957 2709 2180 2748 Greuzerus
2210 2707 2354 2748 Annal.
2382 2708 2631 2760 Heidelberg.
2663 2715 2762 2751 1826
2776 2739 2790 2762 ,
2818 2714 2858 2752 7.

1557 2776 1597 2816 p.
1615 2770 1690 2806 663
1702 2776 1791 2816 sqq.
1802 2794 1815 2815 ‚
1831 2765 2043 2806 Boeckhius
2051 2765 2196 2807 Annal.
2213 2766 2310 2806 Litt.
2325 2766 2496 2807 Berolin.
2515 2771 2662 2818 1827,1
2678 2779 2718 2819 p.
2737 2773 2777 2809 11
2794 2765 2858 2822 sq.

1557 2825 1599 2863 et
1617 2824 1808 2864 Miillerus
1826 2824 1968 2864 Annal.
1988 2824 2175 2874 Goetting.
2196 2828 2318 2874 1826,
2334 2835 2379 2865 11.
2395 2827 2472 2866 ,178
2491 2836 2530 2876 p.
2550 2829 2648 2868 1774
2666 2837 2746 2878 sq„
2766 2837 2861 2879 quae

1556 2892 1665 2922 nunc
1701 2882 1870 2932 repetita
1912 2883 2005 2922 sunt
2036 2881 2079 2921 in
2113 2880 2277 2932 Scriptt.
2321 2882 2421 2932 min.
2455 2884 2497 2933 1,
2531 2893 2568 2934 p.
2613 2886 2679 2923 54.
2715 2884 2859 2925 Pulcra

1556 2942 1778 2982 Greuzerus
1795 2951 1836 2990 p.
1861 2944 1933 2980 681
1961 2956 1970 2980 ε
1991 2940 2068 2980 Die
2090 2940 2286 2991 Nymphae
2313 2939 2473 2990 fugaces
2491 2940 2580 2980 sind
2600 2941 2776 2992 lymphae
2797 2943 2856 2983 te·

1556 3009 1668 3047 nues,
1684 2998 1749 3039 die
1767 3008 1842 3038 vor
1856 2998 1950 3038 dem
1966 3000 2131 3044 Loewen
2154 2996 2384 3037 entssohnen
2410 2998 2620 3049 Nymphon
2641 2999 2683 3038 in
2707 2999 2857 3040 heisser
2889 3033 2892 3036 ,

1556 3058 1581 3096 J
1584 3057 1777 3097 ahreszeit
1800 3055 2140 3096 verschwunden'e
2153 3055 2333 3105 Quellen.
2353 3057 2378 3096 J
2380 3066 2474 3096 ener
2489 3057 2785 3098 Loewenkoloss
2802 3057 2856 3099 ist

1555 3114 1621 3164 ein
1650 3115 1809 3155 εἴδωλον
1836 3114 2112 3164 ἀποτρόπαιον,
2146 3113 2320 3153 welches
2356 3113 2445 3153 eine
2478 3114 2739 3154 Sehutzwehr
2770 3115 2856 3164 sein

1555 3174 1671 3220 sollte
1687 3184 1810 3224 gegen
1824 3174 1903 3214 den
1917 3172 2072 3212 heissen
2087 3171 2334 3212 wuthenden
2357 3173 2518 3212 Loewen
2532 3183 2598 3212 am
2617 3171 2810 3214 Himmel.
2830 3188 2855 3219 η

1555 3228 1909 3273 δεήηεὶἀθωίηαε.
1931 3254 1982 3263 -
2005 3229 2143 3281 Κέως]
2170 3231 2236 3270 καὶ
2259 3232 2312 3275 ὡς
2340 3231 2461 3271 ABG.
2491 3231 2554 3270 Cf.
2594 3230 2731 3282 steph.
2757 3232 2854 3282 Byz.

1556 3301 1594 3329 v.
1614 3292 1717 3336 Κῶς.
1735 3312 1787 3319 -
1807 3288 2047 3342 ὠνόμασαν]
2076 3289 2257 3340 ὠνόμασε
2284 3289 2328 3328 0.
2341 3309 2395 3318 —
2414 3294 2452 3328 2.
2466 3288 2538 3341 Ἀρ.
2555 3288 2624 3341 δὲ]
2645 3290 2794 3331 ΑΒΟῬ
2813 3290 2857 3336 et

1557 3359 1694 3399 margo
1727 3360 1782 3401 p;
1812 3348 1952 3399 reliqui
1978 3348 2019 3387 δὲ
2043 3358 2124 3387 om.
2145 3369 2198 3377 -—
2219 3346 2324 3396 παρὰ
2353 3347 2420 3398 μὲν
2442 3345 2626 3399 νυμφῶν]
2641 3357 2722 3388 0111.
2750 3347 2854 3399 bem

1558 3409 1625 3458 μὲν
1645 3419 1726 3447 om.
1753 3402 1893 3458 reliqui
1912 3407 2057 3457 praeter
2076 3407 2182 3446 ABG
2193 3416 2209 3451 ,·
2239 3406 2309 3453 τήν
2334 3405 2538 3456 προὸάτων
2562 3406 2658 3455 ΔΒ;
2682 3409 2760 3445 τῶν
2784 3419 2852 3458 πρ..

1560 3469 1592 3506 (J
1603 3477 1617 3512 ,·
1640 3467 1709 3513 τήν
1740 3469 1817 3505 τῶν
1845 3478 1912 3516 πρ.
1944 3463 2106 3514 reliqui.
2122 3485 2173 3494 —-
2193 3464 2299 3515 παρὰ
2322 3465 2410 3503 δὲ...
2442 3462 2597 3511 ἐτησίας
2622 3473 2705 3503 om.
2732 3461 2853 3506 codd.

1556 3527 1701 3576 praeter
1726 3524 1888 3565 ABGP.
1921 3526 1980 3563 De
2003 3522 2138 3577 Brysis
2160 3533 2201 3563 v.
2244 3523 2379 3573 Etym.
2413 3524 2454 3562 Μ
2484 3537 2494 3561 :
2523 3523 2684 3573 Βρῖσαι,
2706 3520 2853 3572 νύμφαι

1557 3583 1660 3622 οὕτω
1676 3581 1908 3632 καλούμεναι
1933 3581 1957 3628 ἢ
1975 3580 2033 3620 ὅτι
2056 3580 2187 3632 βλίσαι
2207 3578 2221 3630 (
2242 3581 2308 3624 καὶ
2327 3580 2403 3630 γὰρ
2420 3577 2720 3631 μελισσουργίαν
2735 3577 2851 3630 αὗται,

1555 3641 1620 3682 τὸν
1636 3640 1844 3692 Ἀρισταῖον
1859 3638 2031 3690 ἐδίδαξαν
2047 3638 2060 3687 )
2076 3641 2198 3689 τροπῇ
2217 3641 2287 3678 τοῦ
2306 3638 2328 3676 λ
2340 3638 2393 3684 εἰς
2409 3650 2452 3691 9,
2467 3638 2492 3685 ἢ
2516 3636 2622 3688 παρὰ
2641 3636 2686 3676 τὸ
2706 3635 2853 3689 βρύειν,

1556 3696 1577 3736 ὅ
1593 3698 1697 3750 ἐστιν
1717 3697 1840 3737 ἀνθεῖν
1861 3696 1930 3743 τήν
1947 3694 2095 3744 ἐλαίαν,
2110 3692 2168 3744 ’ἧς
2184 3695 2254 3742 τὴν
2273 3694 2457 3746 ἐργασίαν
2472 3694 2540 3733 καὶ
2562 3693 2682 3741 αὐτὴν
2699 3693 2850 3734 ὑπέδει-

1556 3757 1613 3801 ξεν
1646 3754 1922 3808 Ἀρισταίνετος
1942 3753 1998 3803 (1.
2019 3753 2256 3807 Ἀρισταῖος,
2277 3752 2342 3794 vel
2369 3751 2501 3803 potius
2522 3751 2724 3797 ὑπέδειξαν
2750 3751 2851 3804 Ἀρι-Ι

1554 3813 1702 3864 σταίῳ)
1725 3814 1794 3860 τήν
1810 3812 1875 3851 διὰ
1887 3815 1953 3863 τῆς
1973 3809 2199 3862 ἀμβροσίας.
2217 3809 2381 3850 Eaedem
2396 3809 2574 3850 nutrices
2599 3810 2694 3850 sunt
2714 3809 2850 3862 Διονῦε

1554 3884 1626 3913 σου,
1652 3870 1849 3922 Βρισαίου.
1869 3866 1934 3910 V.'
1950 3867 2088 3918 steph.
2111 3867 2229 3920 Thes,
2247 3877 2281 3908 S.
2306 3876 2346 3906 v.
2367 3868 2511 3908 Nostro
2533 3866 2624 3906 loco
2648 3866 2738 3916 post
2757 3878 2849 3917 νυμ-
2884 3875 2890 3917 2

1554 3933 1635 3980 φῶν
1665 3938 1811 3968 nomen
1838 3926 2046 3978 proprium
2070 3924 2291 3975 excidisse,
2319 3924 2377 3965 ita
2405 3926 2452 3973 ut
2480 3924 2562 3964 duo
2582 3923 2846 3975 nympharum

1554 3997 1698 4037 genera
1715 3985 2072 4036 distinguerentur,
2091 3982 2226 4022 censet
2249 3981 2537 4022 Broenstedtius
2555 3981 2584 4021 l.
2603 3981 2629 4022 l.
2651 4005 2704 4014 —
2724 3981 2846 4032 μελιτ-
2864 4003 2871 4022 ,-

1552 4058 1681 4096 τουργ.
1694 4043 1708 4095 ]
1722 4043 1924 4091 Koelerus3
1939 4042 2153 4092 μελιτουργ.
2173 4035 2521 4092 σῶά-λείπειν]
2534 4038 2844 4086 Schneidewin.;
2867 4060 2870 4063 ·

1552 4103 1709 4150 δείπειν,
1738 4099 2004 4150 suprascripto
2029 4102 2150 4146 πνεῖν,
2189 4099 2242 4146 0;
2268 4100 2374 4136 πνεῖν
2398 4100 2508 4138 ΑΒΡ
2532 4108 2574 4148 p.
2595 4118 2645 4125 -
2661 4096 2814 4144 ἐτησίας
2829 4095 2878 4147 ]·

1551 4161 1712 4211 ἀνέμους
1741 4157 1851 4197 addit
1874 4159 1919 4196 Α.
1942 4156 2162 4206 Abruptam
2181 4155 2447 4195 narrationem
2469 4155 2654 4205 supplere
2673 4154 2764 4195 licet
2792 4149 2885 4213 exi

1551 4216 1758 4266 Apollonio
1774 4214 1900 4256 Rhod.
1920 4216 1955 4255 ll
1974 4244 1984 4263 ‚
1999 4218 2074 4254 516
2091 4224 2195 4263 sqq„
2212 4212 2278 4252 ubi
2298 4211 2517 4263 Cycladum
2538 4211 2679 4252 incoloe
2694 4211 2885 4262 Apolli-2,

1550 4274 1609 4313 nis
1623 4274 1733 4324 Jussu
1749 4272 1960 4325 Aristaeum
1978 4282 1999 4311 e
2018 4270 2217 4324 Thessalia
2238 4269 2449 4322 advocasse
2470 4270 2682 4310 narrantur
2705 4270 2845 4326 λοιμοῦ,
