3008 4542
134 2843 138 2848 «
212 2815 384 2873 Assyrii
408 2831 619 2875 regnasse
646 2817 883 2865 dicuntur.

230 197 246 237 i

261 311 352 351 50⁴

320 415 469 475 Igitur
479 431 568 476 pro
593 419 724 463 annis
743 418 897 480 33091
915 422 1152 481 Syncellus
1165 425 1351 470 exhibet
1365 425 1546 487 34090;

253 486 335 530 sed
378 503 612 534 sossorum
667 507 888 538 numerus
935 510 1075 554 quem
1121 497 1358 556 Syncellus
1403 499 1543 555 dicit,

252 561 437 604 nonnisi
479 561 638 615 34080
675 579 821 610 annos
861 568 1097 624 continet,
1142 571 1210 612 uti
1248 561 1298 613 in
1337 573 1546 632 margine

249 631 449 689 Syncelli
473 645 598 679 recte
614 645 824 683 notatum
842 648 922 684 est.
945 665 1011 674 —
1031 643 1099 685 De
1118 657 1315 686 numero
1336 644 1543 701 432000,

248 710 412 761 utpote
433 708 657 765 rotundo,
671 710 780 755 vide
792 712 986 759 Bohlen.
1003 714 1104 756 Das
1123 716 1218 757 alte
1233 716 1403 759 Indien
1421 726 1454 760 t.
1475 719 1533 772 II,

246 789 295 833 p.
336 792 428 837 292
459 795 559 840 sqq.
583 790 629 826 et
665 784 859 844 Volney.
889 785 921 828 1.
959 786 992 828 l.
1026 801 1073 844 p.
1106 785 1218 832 363.
1246 787 1336 845 Qui
1373 787 1542 835 deinde

245 850 373 907 apud
390 853 639 899 Eusebium
672 866 913 916 ponuntur
945 867 1043 901 octo
1067 860 1250 917 tyranni
1275 859 1424 915 Medi,
1452 878 1540 906 nu-

245 935 377 966 mero
400 927 686 985 respondent
708 930 963 972 zoroastro
990 929 1179 988 ejusque
1202 934 1541 978 successoribus

243 1003 442 1057 septem,
469 1013 587 1057 quos
611 1001 848 1060 Syncellus
869 1016 1080 1061 regnasse
1105 1002 1220 1046 dicit
1248 1019 1394 1048 annos
1422 1022 1535 1065 1903

180 1078 186 1081 ·
243 1067 370 1125 apud
391 1069 555 1116 Euseb.
580 1074 709 1120 Arm.
735 1082 839 1116 sunt
863 1074 972 1116 anni
995 1078 1111 1129 224,
1140 1075 1238 1131 vel,
1262 1084 1314 1118 ut
1338 1077 1386 1119 in
1410 1092 1537 1122 mar—

240 1139 349 1198 gine
375 1150 586 1187 notatum
623 1154 715 1200 est,
747 1160 852 1189 ann.
889 1144 980 1197 243
1015 1145 1205 1206 (;-.189
1244 1144 1294 1211 †
1327 1147 1436 1210 45).
1463 1151 1539 1195 Se-

241 1222 451 1269 quuntur
474 1229 604 1275 reges
624 1217 845 1261 undecim
860 1251 872 1272 ,
901 1218 982 1276 qui
1009 1226 1137 1276 quot'
1160 1222 1290 1265 annis
1319 1236 1535 1282 regnave-

237 1285 351 1347 rint,
374 1287 423 1329 in
447 1295 575 1332 textu
598 1276 700 1333 non¹
715 1290 910 1349 legitur3
935 1291 1146 1334 lacunam
1166 1292 1313 1351 Majus
1333 1297 1535 1354 explevit

237 1371 296 1401 ex
325 1361 544 1420 marginis
581 1371 720 1417 nota,
757 1363 839 1405 ubi
874 1378 1094 1407 numerus
1129 1364 1206 1415 48.
1244 1367 1452 1412 Fortasse
1485 1371 1534 1414 in

236 1430 402 1477 Graecis
427 1444 527 1479 erat
553 1434 610 1487 45
637 1434 865 1495 (confusis
887 1437 1010 1496 siglis
1033 1434 1100 1496 με’
1125 1447 1172 1482 et
1191 1437 1309 1500 μη’).
1335 1443 1475 1499 Quod
1496 1446 1533 1488 si

237 1499 319 1557 est,
335 1507 443 1549 anni
464 1506 557 1561 234
583 1510 647 1552 ita
668 1510 759 1552 orti
781 1524 874 1552 esse
889 1509 1123 1566 videntur,
1144 1520 1198 1554 ut
1217 1512 1417 1556 duarum
1445 1515 1531 1575 dy-

234 1577 487 1622 nastiarum
514 1589 724 1640 tempora
749 1589 921 1625 temere
942 1582 992 1624 in
1009 1598 1157 1625 unum
1180 1584 1270 1627 sint
1311 1585 1526 1634 conflata.

232 1649 448 1694 Ceterum
474 1653 599 1712 apud
622 1654 884 1712 S'yncellum
916 1653 974 1697 de
996 1655 1215 1699 undecim
1241 1657 1426 1701 Eusebii
1450 1675 1529 1704 re-

231 1720 368 1780 gibus
386 1724 529 1768 altum
548 1734 616 1768 est
634 1726 882 1771 silentium.
908 1752 972 1758 -
993 1727 1083 1785 Qui
1108 1727 1327 1787 deinceps
1349 1745 1528 1776 memo-

230 1802 393 1838 rantur
412 1796 614 1840 Chaldaei
633 1812 764 1857 reges
780 1806 824 1841 et
844 1799 1042 1855 Arabes,
1070 1815 1234 1843 eorum
1259 1802 1386 1860 apud
1405 1804 1526 1863 Syn—

230 1865 398 1910 cellum
412 1869 550 1929 longe
567 1870 655 1914 alia
670 1871 787 1914 ratio
809 1880 874 1915 est·
886 1887 933 1931 p.
956 1887 1035 1931 90,
1051 1873 1100 1928 C,
1121 1882 1229 1933 etp.
1245 1889 1305 1933 92
1321 1908 1332 1929 ,
1354 1875 1392 1920 A
1414 1891 1423 1919 :
1443 1876 1526 1920 ubi

232 1953 256 1993 7
303 1950 511 1985 recenset
555 1943 814 2000 Chaldaeos,
859 1945 941 2003 qui
981 1955 1178 2005 regnant
1218 1948 1347 1991 annis
1398 1948 1516 2005 2253

228 2002 398 2056 deinde
423 2013 452 2056 6
477 2015 652 2058 Arabes
675 2026 920 2076 regnantes
937 2032 1027 2076 per
1047 2034 1158 2064 ann.
1183 2018 1293 2063 21-5.
1326 2021 1408 2064 His
1432 2029 1522 2066 tre-

226 2073 378 2127 decim
394 2087 546 2145 regnis
563 2101 618 2130 ex
636 2087 840 2146 Syncelli
858 2099 1080 2149 computo
1097 2092 1312 2150 expletur
1329 2102 1521 2153 tempus,

225 2156 356 2214 quod
378 2159 500 2202 inter
521 2158 747 2204 diluvium
771 2170 817 2205 et
839 2177 1038 2222 regnum
1058 2165 1351 2223 Assyriorum
1377 2166 1519 2211 inter-

216 2229 394 2286 jectum
429 2242 511 2276 est.
550 2234 751 2278 Nomina
782 2237 924 2295 primi
957 2246 1003 2281 et
1031 2238 1223 2282 secundi
1256 2241 1376 2299 regis
1414 2251 1521 2286 sunt

224 2300 413 2364 Εὐήχιος
436 2314 481 2348 et
503 2304 835 2366 Χωμάσὸηλος,
860 2317 911 2353 ut
931 2310 1059 2370 apud
1085 2312 1308 2355 Berosum
1328 2329 1518 2374 quoque

219 2377 356 2435 primi
377 2393 659 2424 successores
675 2382 887 2426 Xisuthri
907 2385 1224 2434 nominantur.
1248 2387 1355 2431 Haec
1375 2388 1518 2449 igitur

218 2465 274 2493 ex
295 2451 393 2495 aliis
411 2453 548 2510 plane
566 2452 774 2497 fontibus
798 2454 1004 2500 derivata
1026 2466 1147 2502 sunt.

287 2520 349 2583 (2)
373 2526 573 2570 Aucher.
587 2528 727 2570 vertit
751 2543 760 2571 ;
786 2529 899 2571 Post
914 2545 1026 2587 quos
1045 2545 1191 2574 annos
1209 2535 1346 2575 etiam
1366 2537 1517 2592 i'Jasam

215 2596 569 2641 Semiramidem
594 2603 640 2642 in
676 2605 889 2658 Assyrios
918 2603 1205 2646 dominatam
1231 2619 1326 2647 esse
1354 2608 1510 2654 tradit.

215 2670 306 2727 Qui
325 2686 435 2714 mox
469 2681 715 2730 ponuntur
751 2675 860 2718 anni
903 2672 995 2719 526
1034 2685 1139 2734 apte
1181 2687 1512 2736 comparantur

214 2757 321 2786 cum
345 2744 476 2787 annis
512 2742 605 2788 520
621 2779 634 2801 ‚
660 2761 747 2804 per
772 2761 890 2804 quos
920 2748 1176 2792 secundum
1211 2751 1511 2795 Herodotum

952 2822 1186 2866 Numerus
1213 2838 1377 2882 regum
1401 2840 1412 2867 ε
1447 2824 1506 2877 45

199 2885 401 2931 ,fortasse
422 2895 670 2947 corruptus
687 2898 769 2934 est.
792 2890 977 2935 Erroris
994 2894 1283 2937 occasionem
1301 2896 1509 2953 praebere

209 2960 366 3016 potuit
388 2975 607 3004 numerus
634 2958 727 3013 245
781 2963 862 3022 qui
883 2964 933 3007 in
955 2965 1180 3010 laterculo
1201 2981 1364 3027 regum
1392 2984 1507 3027 pro-

210 3032 330 3077 xime
351 3034 605 3077 antecessit.

793 3145 844 3173 11
885 3145 924 3175 3.

272 3235 471 3296 Syncell.
485 3252 532 3296 p.
559 3252 669 3293 207,
683 3238 718 3281 Β
738 3252 749 3284 :
770 3235 872 3283 Ἀπὸ
891 3235 933 3283 δὲ
953 3237 1268 3303 Ναὸονασάρου
1287 3238 1384 3292 τοὺς
1398 3239 1500 3305 χρό-

205 3326 300 3361 νους
323 3310 398 3364 τῆς
427 3310 511 3353 τῶν
545 3306 736 3372 ἀστέρων
763 3307 966 3364 κινήσεως
990 3311 1206 3358 Χαλδαῖοι
1236 3310 1501 3382 ἠκρίὸωααν,

204 3379 279 3427 καὶ
304 3378 390 3426 ἀπὸ
416 3378 649 3428 Χαλδαίων
678 3382 716 3427 οἱ
741 3388 845 3445 παρ’
870 3381 1061 3439 Ἕλλησι
1087 3383 1384 3445 μαθηματικοὶ
1417 3385 1497 3430 λα-

204 3451 348 3504 θόντες
365 3489 377 3511 .,
402 3450 575 3511 ἐπειδὴ,
599 3453 655 3505 ὡς
676 3455 696 3498 ὁ
722 3452 992 3518 Ἀλέξανδρος
1012 3454 1085 3501 καὶ
1108 3453 1339 3520 Βήρωσσός
1371 3474 1498 3519 φασιν

201 3525 240 3572 οἱ
257 3522 332 3578 τὰς
355 3522 610 3577 Χαλδαῖκὰς
640 3524 943 3589 ἀρχαιολογίας
967 3526 1287 3591 περιειληφότες
1303 3564 1315 3585 ,
1351 3528 1498 3575 Ναὸο-

200 3596 386 3660 νάσαρος
413 3595 666 3660 συναγαγὼν
694 3595 769 3650 τὰς
795 3598 968 3662 πράξεις
996 3603 1078 3645 τῶν
1103 3599 1186 3664 πρὸ
1209 3601 1338 3648 αὐτοῦ
1373 3604 1497 3665 βασι·

199 3669 308 3716 λέων
325 3668 546 3734 ἠφάνισεν,
566 3669 680 3723 ὅπως
705 3671 781 3716 ἀπ’
801 3673 930 3719 αὐτοῦ
949 3677 976 3730 ἡ
999 3672 1315 3737 κατἀρθίμησις
1334 3674 1499 3738 γίνεται·

198 3744 284 3788 τῶν
308 3741 541 3790 Χαλδαίων
565 3741 795 3806 βασιλέων.

266 3815 491 3862 Eusebius
503 3817 552 3860 in
567 3817 808 3876 Excerptis
825 3818 916 3862 suis
934 3820 1220 3879 negligenter
1244 3836 1350 3866 sane
1369 3821 1497 3866 factis

198 3902 351 3946 neque
380 3889 687 3934 Nabonassari
715 3905 870 3948 neque
899 3906 1213 3936 successorum
1244 3893 1340 3951 ejus
1364 3909 1494 3938 men-

195 4052 1929 4075 -—————-——-—-———-—-—————--.-—-—-——--

785 4103 902 4144 lla.
1525 4120 1533 4125 ·

251 4174 345 4215 Inde
365 4186 387 4214 a
417 4177 668 4218 Nabonasaro
687 4179 869 4230 tempora
895 4181 1029 4219 motus
1059 4182 1256 4220 astrorum
1285 4181 1492 4244 diligenter

197 4240 437 4280 annotarunt
460 4241 661 4289 Chaldaei,
683 4244 723 4281 et
742 4254 765 4281 a
785 4243 980 4283 Chaldaeis
1000 4244 1129 4284 edocti
1157 4247 1387 4284 Graecorum
1411 4257 1493 4285 ma—

196 4301 421 4354 thematici;
444 4304 769 4358 quandoquidem
787 4310 830 4348 ut
853 4308 1072 4350 Alexander
1094 4311 1133 4349 et
1152 4311 1344 4355 Berosus,
1369 4311 1490 4351 Chal-

1315 319 1317 321 ’
1342 313 1565 363 BEROSI
1602 315 1903 366 CHALDAEI

1562 3681 1644 3732 J'us
1666 3680 1835 3736 viginti
1849 3686 1899 3719 et
1917 3691 2007 3719 uno
2028 3691 2043 3717 :
2064 3674 2232 3717 deinde
2243 3673 2650 3732 Nabupalassarus
2677 3670 2690 3732 (
2709 3672 2878 3737 Naba·-
2918 3743 2921 3746 .

1564 3750 1732 3807 plasar
1742 3748 1942 3794 Aucher.
1958 3747 1970 3808 )
1984 3750 2118 3791 annis
2133 3749 2300 3805 viginti
2313 3761 2328 3787 .·
2346 3745 2538 3803 denique
2548 3745 2600 3787 N
2596 3743 2866 3788 abacodros-
2982 3748 2986 3754 “

1624 439 1751 474 raret
1766 464 1777 486 ,
1795 446 1897 490 quae
1914 446 2020 476 cum
2036 432 2307 478 Jud'aeorum
2320 435 2514 483 historia
2531 439 2779 499 conjuncta
2794 427 2916 495 suritss

1624 499 1738 546 Vide
1761 504 1985 552 Niebuhr.
2018 507 2187 551 Kleine
2216 507 2373 556 histor.
2397 509 2585 567 Schsten
2614 529 2662 574 p.
2693 515 2780 575 195
2811 533 2913 579 sqq.
2983 523 2985 525 ’

2236 623 2310 652 12.

1688 705 1913 750 Eusebius
1935 709 2067 751 Arm.
2095 720 2146 768 p:
2181 724 2238 768 19
2259 709 2334 756 ed.
2359 712 2452 755 Mai
2474 723 2487 757 2

1684 778 1902 835 Ejusdem
1937 781 2204 825 Alexandri
2236 783 2295 826 de
2315 783 2621 830 Senecheribo
2645 787 2791 847 deque
2812 791 2920 836 Iva-
2947 813 2967 837 π

1619 849 1923 895 buchonosoro
1947 866 2190 911 eorumque
2222 855 2356 899 rebus
2379 861 2517 916 gestis
2538 868 2588 901 et
2610 866 2806 905 strenuis
2815 847 2911 919 γα·
2952 890 2959 902 2

1617 923 1861 967 cinoribus.

1680 995 1928 1054 Postquam
1946 1011 2086 1056 regno
2100 994 2342 1053 defunctus
2356 1011 2427 1044 est
2433 1002 2731 1048 Senecheribi
2737 1002 2902 1063 frater,
2965 1002 2991 1055 ’ἶ

1613 1076 1660 1110 et
1682 1078 1793 1126 post
1818 1069 2015 1127 Hagisce
2039 1074 2086 1112 in
2109 1071 2394 1128 Babylonios
2421 1076 2800 1134 dominationem,
2832 1086 2916 1139 qui⁴
2967 1067 2988 1154 Ξ

1612 1140 1791 1197 quidem
1830 1154 1919 1182 non
1952 1141 2136 1198 expleto
2171 1145 2404 1199 trigesimo
2439 1146 2516 1190 die
2547 1162 2578 1189 a
2611 1147 2916 1197 Marudaeha
2988 1171 2990 1190 2

1614 1212 1826 1255 Bulrlane
1840 1217 2135 1271 interemptus
2145 1222 2217 1255 est
2231 1211 2454 1273 [Aucher.
2472 1218 2635 1262 vertit:
2663 1220 2917 1280 Postquam,
2966 1210 2988 1235 L*

1610 1296 1847 1346 regnasset
1860 1283 2023 1341 frater
2054 1285 2357 1330 Senecharibi
2393 1297 2443 1331 et
2468 1289 2637 1334 deinde
2664 1303 2906 1353 postquam
2979 1296 2993 1362 'J

1612 1361 1769 1401 Acises
1783 1362 1830 1401 in
1846 1357 2126 1414 Babylonios
2140 1358 2404 1402 dominatus
2420 1371 2551 1417 esset,
2567 1371 2614 1406 et
2627 1364 2815 1409 necdum
2832 1371 2908 1412 tri-
2971 1390 2982 1414 ÷

1605 1434 1759 1487 ginta,
1773 1431 1954 1489 quidem
1967 1430 2126 1472 diebus
2140 1445 2329 1490 regnum
2342 1436 2575 1487 tenuisset,
2593 1449 2623 1476 a
2640 1434 2903 1482 Marodach
2964 1467 2977 1489 χ

1606 1502 1858 1545 Baladano
1877 1505 2047 1545 occisus
2062 1499 2163 1562 est]
2178 1535 2189 1557 ,
2215 1503 2536 1546 Marudachus
2556 1508 2653 1563 ipse
2671 1507 2905 1554 Baldanes
2967 1526 2990 1575 .-*

1606 1575 1895 1627 tyrcmnidem
1911 1578 2080 1617 invasit
2097 1575 2325 1618 mensibus
2336 1590 2435 1630 sex,
2453 1577 2597 1620 donec
2608 1592 2710 1621 eum
2725 1582 2907 1626 sustulit
2966 1577 2969 1581 ⁴

1604 1649 1681 1688 vir
1710 1646 1898 1705 quidam
1916 1649 2097 1690 nomine
2117 1646 2298 1700 Elibus,
2329 1651 2408 1706 qui
2436 1657 2482 1691 et
2512 1651 2559 1691 in
2580 1664 2771 1708 regnum
2794 1668 2900 1696 suc-

1603 1723 1750 1764 cessit.
1776 1721 1876 1762 Hoc
1885 1728 2120 1778 postremo
2144 1723 2324 1762 tertium
2333 1724 2440 1776 J'am
2457 1736 2629 1766 annum
2649 1735 2898 1782 regnante,

1605 1791 1930 1835 Senecheribus
1951 1807 2037 1834 rex
2059 1794 2349 1846 Assyriorum
2368 1798 2540 1852 *copias
2563 1795 2776 1839 adversus
2797 1799 2901 1841 Ba-

1603 1865 1809 1922 bylonios
1837 1863 2154 1918 contrahebat,
2182 1866 2446 1924 proelioque
2468 1881 2570 1911 cum
2593 1871 2647 1910 iis
2669 1880 2895 1928 conserto,

1605 1942 1811 1997 superior
1818 1938 2043 1981 evadebat
2055 1952 2072 1980 .·
2085 1947 2356 1996 captumque
2375 1939 2556 1983 Elibum
2574 1938 2899 1999 cumsamilia-

1598 2012 1720 2054 ribus
1741 2015 1842 2067 esus
1862 2015 1909 2053 in
1926 2013 2161 2067 Assyriam
2180 2007 2426 2067 transferri
2435 2013 2647 2069 J‘ubebat.
2722 2017 2775 2061 Ls·
2799 2020 2895 2074 igi-

1598 2094 1673 2127 tur
1692 2084 2055 2141 Babyloniorum
2077 2086 2250 2141 potitus
2262 2083 2424 2140 filium
2455 2099 2584 2129 suum
2609 2089 2895 2134 Asordanem

1600 2155 1936 2218 (Asordanium
1958 2151 2188 2215 Aucher.)
2215 2160 2282 2199 eis
2305 2171 2459 2214 regem
2483 2160 2767 2217 imponebat;
2797 2165 2898 2221 ipse
2972 2193 2973 2196 =

1596 2239 1749 2272 autem
1773 2233 1821 2272 in
1841 2230 2082 2284 Assyriam
2101 2229 2296 2272 reditum
2318 2231 2596 2275 maturabat.
2622 2233 2744 2276 Mox
2758 2249 2894 2293 quum

1594 2303 1665 2346 ad
1673 2307 1772 2360 ejus
1793 2317 1928 2345 aures
1950 2317 2104 2345 rumor
2123 2311 2239 2345 esset
2265 2304 2487 2362 perlatus,
2521 2304 2704 2348 Groecos
2730 2309 2778 2348 in
2798 2307 2894 2352 Ci-
2965 2343 2969 2347 .

1594 2377 1744 2419 liciam
1775 2378 1942 2418 coactis
1969 2378 2116 2434 copiis
2146 2375 2317 2418 bellum
2347 2376 2656 2430 transtulisse,
2694 2392 2770 2421 eos
2782 2393 2892 2438 pro-
2953 2383 2956 2398 ³

1593 2453 1713 2493 tinus
1730 2463 1974 2509 aggressus
1992 2457 2078 2502 est,
2108 2449 2362 2507 proelioque
2383 2452 2520 2501 inito,
2543 2450 2700 2493 multis
2712 2465 2892 2496 suorum
3003 2497 3005 2513 2

1590 2525 1794 2576 amissiS,
1834 2521 1984 2565 hostes
2005 2520 2305 2564 nihilomiuus
2326 2520 2598 2579 profligavit
2629 2537 2645 2564 .·
2673 2537 2893 2584 suamque
2944 2528 2947 2530 ’
2986 2564 3004 2582 ι

1591 2599 1840 2654 imaginem
1853 2628 1868 2648 ,
1897 2604 1948 2638 ut
1963 2603 2082 2637 esset
2097 2596 2308 2637 victorioe
2324 2604 2684 2648 monumentum,
2717 2610 2771 2640 eo
2794 2597 2891 2642 loco
2947 2596 2957 2630 ’ἕ

1587 2678 1786 2712 erectam
1806 2669 1990 2726 reliquit
2015 2683 2030 2709 .·
2051 2669 2125 2709 cui
2150 2665 2419 2711 Chaldaicis
2441 2667 2584 2709 literis
2607 2682 2678 2710 res
2695 2683 2726 2710 a
2741 2682 2790 2712 se
2809 2683 2888 2728 ge·
2949 2680 2958 2692 ·

1584 2750 1680 2784 stas
1719 2741 1916 2799 insculpi
1951 2740 2195 2782 mandavit
2231 2739 2297 2781 ad
2336 2742 2604 2783 memoriam
2639 2749 2888 2799 temporum

1583 2818 1922 2873 sempiternam.
1997 2812 2186 2856 Tarsum
2219 2826 2396 2869 quoque
2415 2811 2568 2855 urbem
2593 2812 2654 2854 ab
2687 2827 2741 2855 eo
2764 2822 2886 2856 stru-

1583 2896 1703 2929 ctam
1729 2890 1798 2928 ait
1821 2886 1888 2928 ad
1905 2883 2162 2940 Babylonis
2184 2884 2443 2940 exemplar,
2465 2883 2707 2942 eidemque
2721 2899 2886 2929 nomen

1582 2959 1774 3000 inditum
1807 2957 2015 3000 Thai-sin.
2036 2957 2146 2997 lam
2171 2963 2217 2996 et
2246 2955 2435 3012 reliquis
2456 2954 2766 2999 Senecherimi
2785 2955 2881 3018 (sic)

1580 3019 1718 3088 gestis
1733 3030 2016 3088 perscriptis,
2044 3026 2197 3069 subdit
2216 3040 2317 3068 eum
2339 3029 2472 3068 annis
2493 3030 2667 3070 vixisse
2686 3043 2882 3088 regnan-

1581 3111 1670 3144 tem
1711 3101 1972 3152 octodecim,
2022 3099 2165 3142 donec
2209 3101 2251 3141 ei
2289 3102 2469 3141 structis
2505 3114 2535 3142 a
2567 3099 2682 3158 filio
2721 3102 2877 3145 Ardu-

1579 3188 1772 3217 muzane
1808 3171 1868 3234 (ι)
1890 3172 2068 3215 insidiis
2098 3174 2346 3214 exstinctus
2364 3180 2446 3215 est.
2473 3172 2587 3214 Hoec
2617 3171 2881 3230 Polyhistor

1586 3244 1663 3307 [cf.
1690 3246 1908 3306 Abyden.
1931 3244 1988 3293 fr.
2017 3242 2082 3304 7].

1655 3320 1765 3362 Jam
1814 3323 1955 3362 etiam
2008 3327 2210 3375 tempora
2260 3331 2361 3359 cum
2408 3319 2672 3361 narratione
2707 3317 2875 3363 ‹livino-

1575 3407 1674 3434 rum
1715 3392 1927 3436 librorum
1950 3398 2213 3452 congruunt.
2231 3389 2333 3444 ‚Sub
2356 3388 2560 3433 Ezechia
2583 3393 2704 3434 enim
2727 3389 2872 3435 Sene·
2923 3388 2929 3395 ’

1574 3463 1741 3508 cherim
1748 3480 1799 3508 us
1817 3468 2024 3522 regnavit
2038 3497 2050 3519 ,
2070 3466 2138 3506 uti
2153 3461 2419 3520 Polyhistor
2434 3465 2584 3506 innuit
2596 3467 2734 3506 annis
2750 3472 2872 3507 octo-

1573 3531 1718 3574 decim
1739 3547 1754 3573 .·
1775 3540 1884 3590 post
1905 3545 2036 3589 quem
2068 3529 2271 3586 ejusdem
2299 3529 2430 3589 filius
2461 3531 2597 3571 annis
2614 3537 2714 3572 octo
2733 3543 2748 3571 :
2778 3537 2869 3572 tum

1572 3607 1709 3647 annis
1723 3607 1898 3662 viginti
1909 3613 1954 3647 et
1965 3618 2053 3646 uno
2067 3600 2373 3658 Sammughes
2384 3617 2398 3643 :
2417 3604 2615 3659 itemque
2616 3597 2779 3655 frater
2790 3599 2870 3644 hu·

1567 3836 1694 3864 sorus
1721 3819 1782 3881 (2)
1808 3821 1949 3864 tribus
1964 3823 2096 3863 annis
2114 3833 2254 3877 supra
2277 3817 2634 3875 quadraginta:
2657 3820 2724 3860 ita
2756 3824 2808 3859 ut
2831 3829 2864 3859 a

1567 3892 1886 3937 Senecherimo
1902 3893 1970 3935 ad
1984 3893 2036 3936 N
2033 3890 2432 3935 abucodmssorum
2457 3892 2686 3948 octoginta
2705 3897 2752 3932 et
2765 3895 2863 3932 octo

1566 4102 1767 4142 daiearum
1787 4100 2072 4150 antiquitatum
2096 4098 2326 4138 collectores
2341 4126 2351 4144 ,
2374 4096 2562 4145 tradunt,
2586 4096 2867 4139 Nabonasarus

1565 4177 1658 4216 quae
1693 4165 1744 4204 de
1775 4164 1953 4215 priorum
1986 4172 2122 4213 regum
2158 4162 2276 4201 rebus
2309 4161 2425 4211 gestis
2455 4160 2663 4200 exstabant
2694 4158 2860 4205 collecta

1565 4229 1735 4278 delevit,
1753 4239 1799 4268 eo
1819 4227 1982 4268 consilio
1993 4257 2004 4277 ,
2022 4227 2068 4266 ut
2083 4226 2133 4266 ab
2153 4225 2235 4276 ipso
2252 4235 2387 4276 regum
2405 4223 2683 4267 Chaldaeorum
2697 4231 2855 4266 enunie-¹

1567 4296 1667 4335 ratio
1683 4293 1884 4344 inciperet.
