3016 4628
211 294 301 333 422

209 391 285 449 τὴν
314 391 386 437 εὖτ
365 390 549 436 ἐ’λειαν·
583 379 694 434 οἶνόν
717 405 762 433 τε
781 384 864 451 γαρ
888 386 936 433 οὗ
960 384 1114 446 πίνειν,
1136 385 1234 431 ἀλλ’
1267 385 1309 430 ἐν
1333 382 1495 436 Θυσίαις

212 462 352 523 μόνον·
374 460 510 507 πίνειν
540 460 575 506 δ’
601 461 677 506 ἀπ’
698 457 850 523 ὀρύζης
874 456 968 504 ἀντὶ
960 455 1177 532 κριθίνου
1210 454 1494 507 συντιθέντας.

213 533 300 582 Καὶ
318 532 433 580 σιτία
459 530 503 579 δὲ
523 531 570 578 τὸ
591 530 720 578 πλέον
756 529 910 595 ὄρυζαν
945 520 1052 576 εἶναι
1077 527 1283 595 ροφητήν.
1327 528 1378 588 (3)
1409 525 1498 573 Καὶ

208 608 251 653 ἐν
277 611 360 658 τοῖς
378 603 522 666 νόμοις
542 603 586 651 δὲ
605 602 680 650 καὶ
704 604 748 650 ἐν
768 610 855 656 τοῖς
875 600 1152 675 συμὸολαῖοις
1174 599 1253 656 τὴν
1273 597 1498 654 ἁπλότητα

209 677 502 741 ἐλέγχεσθαι
483 695 532 723 εκ
550 679 627 722 τοῦ
653 674 715 738 μὴ
739 673 892 723 πολυδ’
879 692 990 727 ικους
1014 677 1146 720 εἰναι·
1169 670 1265 717 οὔτε
1284 668 1366 732 γὰρ
1391 671 1498 714 ὓπο-

208 748 342 805 θηκης
372 746 468 795 οὔτε
503 746 874 811 παρακαταθήκης
908 749 1015 791 εἰναι
1047 742 1194 795 δίκας
1218 741 1312 788 οὐδὲ
1335 737 1492 803 μαρτύ

211 839 309 885 ρων,
331 818 428 867 οὐδὲ
456 818 699 884 σφραγίδων
722 820 861 870 αὐτοῖς
885 819 987 875 δεῖν,
1015 814 1127 861 ἀλλὰ
1164 812 1378 859 πιστεύειν
1409 829 1495 856 πα·

211 889 574 954 ραὸαλλομένους·
614 889 687 936 καὶ
714 888 768 935 τὰ
799 888 907 936 οἴκοι
944 887 987 933 δὲ
1019 886 1065 932 τὸ
1089 883 1215 931 πλέον
1257 881 1497 947 ἀφρουρεῖν.

209 966 363 1011 Ταῦτα
402 962 480 1050 μὲν
504 961 556 1019 δὴ
584 960 842 1025 σωφρονικά.
871 957 1008 1007 Τᾶλλ’
1042 957 1127 1002 ουδ’
1161 954 1211 1000 ἄν
1246 973 1308 1006 τις
1343 952 1498 998 ἀποδέ-

210 1034 350 1090 ξαιτο·
375 1034 423 1080 τὸ
447 1033 598 1096 μόνους
622 1033 907 1077 διαιτᾶσθαι
888 1029 978 1085 αεὶ,
1002 1047 1074 1074 και
1098 1025 1146 1072 τὸ
1172 1024 1231 1086 μὴ
1261 1022 1362 1085 μίαν
1392 1027 1500 1067 εἶναι

209 1114 341 1153 πᾶσιν
364 1125 479 1171 ωραν
501 1104 643 1160 κοινὴν
664 1102 830 1150 δείπνου
865 1120 910 1148 τε
931 1119 1004 1147 και
1030 1098 1231 1162 ἀρίστου,
1254 1097 1354 1141 ἀλλ
1384 1094 1499 1146 ὅπως

210 1178 376 1226 ἑκάστω
396 1178 534 1245 φίλον.
559 1176 675 1240 Πρὸς
686 1174 767 1238 γὰρ
783 1175 855 1220 τὸν
879 1171 1119 1220 κοινωνικὸν
1146 1188 1218 1216 και
1237 1187 1308 1215 τον
1333 1171 1501 1213 πολιτι-

208 1251 284 1298 κὸν
309 1250 399 1315 βίον
423 1249 590 1301 ἐκείνως
613 1248 800 1311 κρεῖττον
823 1245 904 1310 (cf
935 1247 1106 1290 AElian.
1138 1246 1190 1288 V.
1229 1244 1290 1287 H.
1320 1243 1407 1295 IV,
1449 1255 1497 1283 1·
1487 1273 1499 1295 ,

210 1326 427 1370 Nicolaus
448 1327 582 1370 Dam.
609 1322 667 1368 fr.
694 1327 717 1373 4
727 1318 793 1380 7).

274 1412 309 1443 4.
355 1392 595 1456 Γυμνάσιον
632 1389 676 1438 δὲ
710 1390 900 1452 μάλιστα
923 1389 1063 1454 τρίψιν
1099 1384 1397 1448 δοκιμάζουσι,
1424 1401 1498 1429 και

211 1467 352 1522 ἄλλως
373 1467 446 1515 καὶ
474 1466 544 1514 διὰ
571 1463 834 1512 σκυταλίδων
859 1461 1054 1510 ἐὸενίνων
1077 1460 1202 1508 λείων
1227 1456 1497 1519 ἐξομαλίζον-

210 1570 272 1608 est
289 1567 471 1618 gravius,
487 1567 635 1616 septem
662 1563 815 1603 saeculis
841 1563 975 1613 postea
999 1563 1082 1601 Fa·
1086 1560 1188 1600 hain
1219 1558 1390 1598 Sinensis
1415 1556 1498 1607 qui-

210 1625 303 1665 dam
323 1625 588 1675 peregrinator
619 1622 737 1661 retert
760 1622 800 1659 in
832 1619 962 1659 media
983 1618 1093 1658 India
1118 1627 1247 1667 neque
1265 1626 1428 1655 censum
1459 1615 1499 1654 in

211 1694 286 1722 usu
308 1693 391 1722 esse
419 1691 548 1730 neque
574 1680 689 1729 leges.
720 1681 818 1718 Foe-
824 1678 938 1716 koue·
941 1677 992 1716 ki.
1025 1687 1065 1726 p.
1087 1679 1150 1716 99.
1181 1673 1299 1721 Quod
1327 1673 1497 1712 alterum

210 1738 412 1780 contendit
432 1738 718 1787 Megasthenes,
747 1736 831 1774 οὐδὲ
851 1735 1057 1786 γράμματα
1077 1733 1214 1772 εἰδέναι
1236 1731 1374 1776 αὐτούς
1389 1760 1400 1780 ,
1426 1741 1497 1769 ex-

212 1798 394 1848 plicatur,
411 1796 444 1835 si
472 1795 725 1845 cogitaveris,
750 1791 1085 1842 quemadmodum
1110 1791 1194 1830 haec
1213 1801 1303 1829 cum
1323 1789 1390 1828 illa
1406 1799 1498 1828 sen-

210 1856 334 1896 tentia
349 1855 584 1895 cohaereant.
616 1856 676 1892 Ex
691 1863 737 1890 eo
759 1852 886 1899 enim,
910 1850 1016 1901 quod
1035 1851 1152 1889 antea
1174 1848 1296 1894 dixit,
1315 1847 1496 1897 ἀγράφοις

210 1915 276 1952 καὶ
291 1917 412 1952 ταῦτα
433 1912 562 1962 νόμοις
581 1910 811 1980 χρωμένοις,
841 1881 886 1947 et,
904 1919 954 1947 ex
973 1918 1043 1957 eo,
1064 1906 1172 1956 quod
1193 1907 1384 1955 tanquam
1401 1915 1497 1943 con-

211 1970 377 2011 trarium
403 1968 591 2008 addidit:
615 1967 698 2006 ἀλλ’
727 1968 803 2006 ἀπὸ
834 1966 981 2016 μνήμης
1005 1965 1153 2003 ἕκαστα
1181 1963 1429 2002 διοικεῖσθαι·
1455 1961 1497 2001 εὖ

210 2029 383 2079 πράττειν
403 2028 435 2066 δ’
453 2027 557 2076 ὅμως
582 2026 644 2064 διὰ
671 2026 737 2072 τὴν
765 2025 961 2070 ἁπλότητα
979 2024 1044 2062 καὶ
1065 2023 1133 2070 τὴν
1167 2022 1375 2069 εὐτέλειαν,
1401 2020 1498 2071 quid

209 2086 282 2125 sibi
312 2085 406 2123 velit
439 2083 524 2122 haec
549 2083 763 2131 sententia,
791 2081 1158 2131 οὐδὲγράμματα
1179 2081 1317 2119 εἷδεναι
1335 2079 1495 2128 αὐτούς,

208 2145 323 2195 plane
344 2143 585 2191 intelligitur.
641 2144 726 2181 Hoc
750 2142 857 2180 enim
881 2140 1173 2188 Megasthenem
1193 2138 1348 2178 voluise
1373 2149 1497 2189 appa-

210 2205 291 2250 ret,
311 2200 514 2249 injudicio
530 2211 609 2238 non
625 2198 802 2238 adhiberi
821 2198 1029 2250 γράμματα
1042 2227 1054 2246 ,
1073 2197 1102 2238 i.
1131 2208 1165 2237 e.
1189 2197 1354 2248 scriptas
1369 2197 1497 2247 leges,

208 2260 358 2299 libellos
384 2257 665 2306 accusationis,
697 2257 863 2296 tabulas.
885 2256 1048 2305 Vulgari
1068 2256 1108 2294 in
1136 2267 1209 2295 usu
1238 2255 1495 2306 scriptionem

207 2317 323 2356 fuisse
333 2315 533 2355 Nearchus
544 2314 779 2364 jamindicat
796 2324 859 2364 ap.
875 2313 1004 2353 Strab.
1019 2324 1058 2363 p.
1071 2315 1193 2355 et717
1208 2315 1371 2354 Curtius
1384 2313 1458 2354 vn
1462 2316 1477 2353 1
1483 2344 1495 2363 ,

207 2381 245 2424 9,
263 2378 302 2414 et
325 2374 406 2424 ipse
429 2374 695 2422 Megasthenes
706 2383 769 2421 ap.
791 2372 923 2411 Strab.
938 2383 978 2422 p.
1001 2376 1076 2412 708
1101 2372 1175 2412 hac
1190 2373 1439 2412 narratione:
1458 2375 1495 2412 oi

208 2433 436 2484 ἀγορανόμοι
466 2453 517 2460 -—
534 2432 755 2470 ὀδοποιοῢσι
767 2460 776 2478 ,
796 2432 861 2469 καὶ
886 2431 987 2470 κατὰ
1007 2431 1101 2470 δέκα
1120 2431 1258 2470 στάδια
1278 2431 1420 2478 στήλην
1439 2445 1497 2470 τι·

206 2495 311 2531 θέασι
320 2492 385 2536 τὰς
396 2491 579 2541 ἐκτροπὰς
593 2490 715 2528 καὶτὰ
728 2490 971 2540 διαστήματα
983 2490 1190 2536 δηλοῦσαν.
1210 2492 1294 2539 lpse
1304 2489 1496 2529 nimirum

205 2550 347 2591 Strabo
363 2559 567 2599 perperam
583 2548 765 2597 opinatus
784 2559 866 2588 esse
883 2548 1056 2597 videtur,
1075 2549 1366 2598 megasthenem
1385 2559 1498 2599 nega·

207 2607 306 2646 visse
336 2607 554 2645 litterarum
586 2616 726 2653 usum,
766 2616 891 2655 quum
918 2616 959 2656 p.
993 2608 1066 2645 717
1098 2604 1237 2646 dicat:
1265 2610 1342 2645 τῶν
1369 2607 1496 2646 ἄλλων

206 2665 422 2715 γράμμασιν
444 2665 578 2709 αὐτοὺς
597 2665 648 2714 μὴ
666 2665 830 2714 χρῆσθαι
847 2664 1039 2715 φαμένων,
1056 2662 1125 2702 sed
1140 2675 1267 2714 quum
1285 2666 1500 2715 Megasthe-

207 2723 267 2762 nis
285 2723 476 2762 sententia
495 2723 608 2772 plena
625 2725 744 2772 atque
762 2723 910 2773 integra
935 2722 1127 2774 supersit,
1155 2726 1337 2764 nostrum
1363 2724 1407 2764 in
1426 2725 1501 2764 hac

209 2790 250 2820 re
267 2779 359 2821 licet
372 2780 482 2830 sequi
497 2780 716 2819 arbitrium.
739 2795 760 2815 n

212 2918 301 2956 lem.
321 2917 376 2965 (3)
394 2919 439 2956 in
455 2917 601 2966 legibus
619 2919 658 2957 et
677 2918 942 2958 contractibus
971 2919 1263 2970 simplicitatem
1280 2931 1331 2960 eo
1358 2920 1470 2972 argui
1483 2940 1523 2969 ‚s

209 2980 314 3031 quod
346 2991 424 3019 non
445 2981 615 3020 multum
638 2981 807 3021 habeant
834 2982 965 3021 litium
998 2999 1010 3022 z
1044 2994 1136 3023 nam
1164 2995 1296 3035 neque
1324 2984 1498 3036 pignoris

211 3057 339 3097 neque
360 3046 524 3096 depositi
555 3047 641 3086 lites
659 3047 828 3096 habere,
862 3060 935 3087 nec
954 3050 1122 3090 testibus
1151 3051 1211 3090 uti
1241 3062 1316 3091 nec
1334 3051 1494 3102 sigillis,

210 3111 277 3150 sed
304 3112 422 3150 iidem
437 3112 579 3151 habere
594 3113 629 3151 ei
646 3113 750 3163 apud
771 3124 887 3163 quem
908 3114 1052 3165 aliquid
1070 3115 1283 3166 deponant;
1304 3116 1411 3155 domi
1431 3128 1494 3157 res

212 3175 470 3225 utplurimum
506 3186 585 3214 non
609 3176 810 3215 custodiri.
831 3178 957 3225 Atque
985 3179 1070 3218 haec
1089 3180 1248 3229 quidem
1270 3182 1496 3231 temperan-

211 3238 307 3278 tiam
323 3242 362 3278 et
380 3239 608 3278 modestiam
625 3241 825 3289 arguentia
846 3242 945 3280 bene
963 3253 1005 3282 se
1030 3243 1197 3292 habent3
1215 3246 1347 3284 cetera
1362 3247 1497 3285 autem

212 3315 290 3343 non
315 3305 427 3343 facile
457 3305 544 3355 quis
556 3306 778 3355 probaverit
803 3321 811 3345 ε
835 3309 878 3350 ut
891 3307 996 3358 quod
1016 3309 1086 3347 soli
1103 3320 1256 3359 semper
1272 3309 1436 3360 degunt,
1458 3311 1498 3350 et

212 3367 319 3418 quod
348 3379 425 3407 non
456 3379 534 3407 una
556 3369 739 3409 omnibus
761 3371 939 3410 coenandi
968 3372 1264 3423 prandendique
1290 3374 1387 3413 hora
1413 3375 1496 3422 est,

211 3433 279 3472 sed
311 3435 353 3472 ut
376 3433 519 3483 cuique
553 3434 649 3473 libet
671 3450 679 3472 :
712 3446 804 3474 nam
825 3435 872 3474 ad
901 3436 1054 3477 civilem
1081 3438 1346 3490 socialemque
1371 3439 1497 3480 vitam

212 3498 406 3537 contraria
422 3499 512 3536 sunt
530 3499 897 3539 accommodatiora.

264 3565 302 3601 4.
343 3564 399 3601 De
433 3563 607 3612 corporis
650 3565 996 3605 exercitationibus
1038 3568 1235 3618 praecipue
1272 3569 1496 3615 frictionem

211 3629 421 3675 exercent,
451 3629 537 3667 tum
554 3627 640 3666 aliis
670 3628 796 3667 modis
819 3631 905 3668 tum
939 3631 1151 3681 strigilibus
1173 3634 1306 3673 ebenis
1332 3645 1497 3684 corpora

211 3691 452 3740 laevigantes.
482 3694 526 3731 ln
542 3691 751 3741 sepulturis
763 3694 802 3731 et
814 3694 977 3733 tumulis
992 3696 1179 3735 faciendis
1194 3698 1374 3747 perparci
1386 3700 1494 3748 sunt,

211 3754 252 3794 in
273 3755 423 3805 reliquo
457 3755 632 3806 corporis
661 3755 769 3793 cultu
800 3758 935 3795 contra
970 3758 1094 3797 nimii.
1148 3762 1247 3799 Nam
1280 3763 1322 3800 et
1353 3772 1498 3801 aurum

213 3822 389 3868 gestant,
420 3822 459 3859 et
486 3820 628 3870 lapillis
654 3817 838 3859 distincto
867 3825 1008 3861 ornatu
1033 3826 1214 3875 utuntur,
1245 3828 1284 3865 et
1317 3827 1499 3867 sindones

212 3883 370 3922 floridas
391 3883 575 3932 induunt,
596 3888 635 3922 et
652 3883 883 3923 umbracula
897 3896 1030 3925 secum
1044 3890 1235 3936 portant.
1247 3891 1390 3930 etenim
1407 3892 1498 3941 pul·

213 3948 475 3987 chritudinem
492 3948 667 3987 colentes
696 3948 829 3986 omnia
847 3948 994 3988 faciunt
1021 3961 1111 4000 quae
1140 3952 1278 3992 faciem
1312 3954 1498 3995 decorare

203 4011 374 4074 possint.
429 4011 615 4050 Similiter
630 4011 835 4050 veritatem
863 4013 981 4061 atque
1001 4014 1186 4054 virtutem
1216 4017 1255 4054 in
1279 4018 1404 4066 pretio
1429 4019 1498 4058 ha-

215 4077 320 4115 bent.
378 4078 514 4127 ltaque
532 4087 672 4115 senum
688 4076 797 4116 aetati
817 4078 1112 4127 praerogativam
1137 4080 1285 4119 nullam
1299 4082 1493 4135 tribuunt,

215 4141 286 4178 nisi
310 4140 517 4190 prudentia
551 4140 576 4179 ii
601 4140 809 4180 excellant.
835 4142 979 4181 Multas
1012 4144 1156 4192 nuptas
1194 4145 1363 4194 hahent:
1396 4159 1497 4197 quas

214 4216 235 4242 a
251 4205 475 4254 parentibus
490 4205 686 4255 accipiunt
704 4205 852 4245 bovum
874 4207 956 4256 pari
974 4210 1139 4258 emptas,
1153 4209 1248 4248 alias
1263 4211 1497 4252 obedientiae

215 4270 357 4315 gralia,
378 4270 472 4308 alias
493 4270 610 4319 prolis
629 4273 663 4309 el
689 4271 901 4321 voluptatis
925 4287 933 4311 ε
959 4274 997 4312 ct
1014 4271 1085 4312 nisi
1101 4275 1226 4312 castas
1246 4286 1326 4313 esse
1343 4279 1499 4326 cogant,

1342 275 1632 324 MEGASTH
1645 275 1677 322 E
1685 275 1719 322 N
1731 274 1784 321 [S

1621 1175 1637 1183 ⁶-
1711 1171 1724 1186 ⁶)

1582 1243 1595 1259 ³

1685 1291 1692 1306 l

1667 1315 1678 1333 Χ
1784 1313 1794 1330 Ι

1648 1389 1675 1402 ιγ
1804 1389 1832 1399 Ν
1911 1389 1938 1399 Ν

1669 1495 1680 1506 ι

1581 1530 1600 1549 (Ι

1575 1622 1587 1634 q

1587 1659 1606 1693 Ἰ,
1647 1676 1658 1692 Ι

1677 1749 1688 1765 Ι
1801 1714 1877 1767 ’mm

1581 1826 1593 1841 ³
1641 1826 1694 1853 ,Ν

1676 1876 1682 1888 Ι

1764 1898 1791 1908 εν

1772 1943 1780 1961 Ι

1736 1971 1756 1980 Α

1710 2041 1719 2059 x
1791 2044 1818 2054 συ

1600 2076 1617 2094 S

1675 2185 1694 2204 9!

1580 2262 1613 2281 R,
1760 2261 1805 2278 “¹5

1572 402 1642 428 ται
1661 381 1714 428 τὰ
1735 399 1935 442 σωματα.
1974 358 2150 428 Λιται
2128 377 2171 424 οὲ
2190 398 2263 424 και
2285 397 2328 423 αι
2345 395 2505 441 ταφαι,
2526 395 2599 423 και
2617 376 2751 440 μικρὰ
2772 375 2862 442 χώ·
2938 349 2953 386 i

1574 473 1710 516 ματα.
1782 450 2080 504 ’Υπεναντίως
2089 452 2134 497 83.
2153 454 2206 515 τῇ
2232 449 2344 512 ἄλλῃ
2366 446 2556 506 λιτότητι
2579 453 2858 510 κοσμοῦνται.

1574 528 1898 590 Χρυσοφοροῦσι
1922 521 2004 587 γὰρ
2025 521 2100 569 καὶ
2130 521 2309 586 διαλίθῳ
2336 519 2488 584 κόσμῳ
2521 523 2741 584 χρῶνται,
2774 539 2865 567 σιν·
2935 578 2940 580 .
3003 571 3005 587 i

1575 597 1696 650 δόνας
1718 615 1763 643 τε
1796 599 1994 660 φοροῦσιν
2017 593 2202 646 εὐανθεῖς
2233 592 2307 638 καὶ
2327 591 2502 638 σκιάδια
2527 592 2668 645 αὐτοῖς
2688 589 2874 641 ἕπεται·
2879 649 2882 653 ¹
2920 583 2947 606 i

1574 667 1622 714 τὸ
1652 666 1735 732 γὰρ
1760 668 1844 714 κάλ
1847 668 1917 718 λος
1936 667 2143 726 τιμῶντες
2164 665 2368 710 ἀσκοῦσιν
2391 660 2472 710 ὅσα
2494 663 2760 719 καλλωπίζει
2788 662 2869 727 τὴν
2920 666 2937 688 ²
2993 659 3004 711 ἶ

1574 739 1694 803 ὄψιν·
1738 735 1940 794 ἀλήθειάν
1980 755 2027 782 τε
2065 734 2222 797 ὁμοίως
2254 755 2328 782 και
2363 734 2520 800 ἀρετὴν
2559 735 2868 825 ἄπρδέχονται·
2894 743 2896 746 ’
2946 735 2954 756 ²

1576 809 1721 870 διόπερ
1741 807 1836 855 ουδὲ
1859 811 1911 872 τῇ
1938 806 2086 872 ἡλικία
2120 810 2203 853 τῶν
2209 805 2435 890 γερόντων
2454 807 2690 872 προνομίαν
2715 807 2871 856 διδόα-
2931 826 2950 853 ἐκ

1576 901 1657 939 σιν,
1690 881 1741 928 ἂν
1778 880 1839 943 μὴ
1879 898 1954 926 και
1989 882 2051 944 τῷ
2086 879 2251 944 φρονεῖν
2278 881 2584 928 πλεονεκτῶσι.
2626 875 2799 934 Πολλὰς
2823 878 2882 928 δὲ’
2920 887 2952 935 '1

1578 957 1788 1014 γαμοῦσιν
1827 950 1994 1009 ὠνητὰς
2030 951 2151 1015 παρὰ
2185 954 2269 998 τῶν
2298 949 2473 1014 γονέων,
2510 951 2787 1012 λαμὸάνουσί
2823 971 2870 1008 τε

1578 1024 1857 1077 ἀντιδιδόντες
1877 1026 2020 1087 ζεῦγος
2041 1027 2173 1087 βοῶν·
2198 1027 2257 1070 ὧν
2274 1022 2351 1078 τὰς
2372 1022 2450 1085 μὲν
2471 1025 2708 1078 εὐπειθείας
2726 1025 2872 1090 χάριν,
2890 1020 2895 1025 ”
2931 1030 2954 1068 1'3
2991 1033 3001 1079 3⁴

1575 1095 1649 1150 τὰς
1668 1096 1705 1143 δ’
1733 1097 1867 1149 ἄλλας
1885 1099 2038 1154 ἡδονης
2058 1094 2132 1142 καὶ
2153 1095 2458 1150 πολυτεκνίας·
2481 1098 2518 1143 εἷ
2542 1095 2588 1143 δὲ
2615 1095 2678 1158 μὴ
2703 1115 2879 1162 σωφρο-
2991 1103 2996 1157 j:

1576 1188 1661 1215 νειν
1701 1168 2007 1232 αναγκοίσαιεν,
2041 1169 2261 1234 πορνεύειν
2296 1167 2450 1223 ἔξεστι.
2521 1167 2630 1218 Θύει
2657 1167 2702 1216 83.
2736 1168 2882 1224 οὐδεὶς
2930 1198 2934 1199 ν
2992 1181 2995 1190 ’

1576 1242 1922 1302 εστεοανωμένος
1945 1241 2040 1288 οὐδὲ
2065 1240 2382 1306 σπένδεικοῦδὲ
2400 1240 2635 1307 σφάττουσι
2653 1241 2702 1289 τὸ
2718 1243 2872 1307 ἱερεῖον
2911 1246 2925 1300 ’Ἰ
2949 1302 2951 1305 ¹
2990 1251 2994 1273 '³

1577 1315 1688 1360 ἀλλα
1721 1333 1959 1375 πνιγουσιν,
1984 1313 2055 1360 ἵνα
2095 1313 2155 1376 μὴ
2185 1311 2487 1376 λελωὸημένον
2512 1314 2608 1362 ἀλλ’
2638 1313 2873 1381 ὁλόκληρον

1577 1386 1752 1433 διδωται
1775 1406 1836 1451 τῳ
1859 1391 1956 1452 θεῳ.
2931 1387 2937 1406 '¹
2990 1384 2995 1396 ’

1641 1477 1661 1506 5
1719 1459 2116 1524 Ψευδομαρτυρίας
2151 1459 2187 1506 δ’
2223 1461 2246 1506 ὁ
2289 1458 2415 1514 ἁλοὺς
2451 1452 2868 1525 ’ἀκρωτηριάζεταν

1576 1550 1598 1577 ο
1622 1550 1666 1578 τε
1691 1531 1901 1594 πηρώσας
1921 1534 1966 1579 οὗ
1993 1530 2048 1578 τὰ
2070 1531 2180 1579 αὐτὰ
2205 1531 2332 1595 μόνον
2357 1532 2635 1598 ἀντιπάσχει,
2663 1532 2775 1581 ἀλλὰ
2798 1533 2883 1581 καὶ

1576 1611 1916 1668 χειροκοπεῖται·
1943 1603 2016 1651 ἐὰν
2047 1602 2090 1651 δὲ
2114 1604 2190 1651 καὶ
2222 1603 2417 1668 τεχνίτου
2439 1605 2564 1669 χεῖρα
2594 1603 2623 1662 ἢ
2651 1601 2872 1670 ὀφθαλμὸν
2923 1652 2931 1659 ,

1576 1679 1789 1741 αφεληται
1856 1679 2132 1724 θανατοῦται.
2205 1676 2382 1731 Δούλοις
2421 1678 2464 1723 δὲ
2493 1670 2614 1731 οὗτος
2647 1675 2731 1740 μέν
2767 1696 2874 1743 φησι

1577 1750 1742 1811 μηδενα
1759 1750 1905 1798 Ἰνοων
1921 1753 2135 1816 χρῆσθαι·
2156 1750 2481 1815 [Ὀνησίκριτος
2501 1748 2544 1797 δὲ
2565 1750 2647 1813 (fr.
2677 1751 2762 1816 20)
2784 1754 2878 1799 τῶν

1575 1843 1618 1870 εν
1650 1843 1694 1880 ,η
1716 1824 1996 1885 Μουσικανοῦ
2018 1825 2132 1870 τοῦτ’
2155 1822 2262 1870 ἴδιον
2292 1822 2521 1888 ἀποφαίνει
2539 1823 2674 1887 κτλ.].

1641 1911 1678 1943 6.
1716 1898 1795 1943 'rm
1826 1897 1996 1960 βασιλεῖ
2020 1897 2057 1943 δ’
2080 1899 2108 1953 ἡ
2128 1894 2204 1958 μὲν
2237 1900 2311 1943 τοῦ
2343 1894 2543 1959 σώματος
2571 1895 2781 1962 θεραπεία
2799 1895 2888 1944 διὰ,

1575 1972 1790 2029 γυναικών
1809 1971 1941 2028 ἐστιν,
1964 1969 2140 2027 ὠνητῶν
2157 1967 2235 2035 καὶΙ
2253 1970 2394 2016 αὐτῶν
2412 1967 2533 2034 παρὰ
2553 1971 2638 2016 τῶν
2657 1969 2887 2034 πατέριο)ν··

1576 2039 1655 2086 ἔξω
1681 2041 1724 2087 δε
1761 2060 1847 2088 των
1880 2044 2016 2107 θυρῶν
2054 2043 2094 2089 οἱ
2124 2040 2494 2106 σωματοφύλακες
2529 2039 2604 2099 καὶ
2640 2040 2691 2088 τὸ
2721 2039 2872 2089 λοιπὸν

1575 2113 1906 2179 στρατιωτικόν·
1928 2114 2138 2176 μεθύοντα
2163 2114 2207 2162 δὲ
2228 2113 2435 2162 κτείνασα
2460 2111 2568 2177 γυνὴ
2596 2113 2777 2178 βασιλέα
2801 2113 2886 2176 γε’-ι
2915 2134 2924 2145 ·

1577 2206 1651 2251 ρας
1671 2206 1762 2251 εχει
1786 2194 1975 2236 συνεῖναι
1997 2191 2060 2252 τῷ
2079 2188 2239 2236 ἐκεῖνον
2264 2185 2577 2252 διαδεξαμένῳ·
2600 2186 2884 2251 διαδέχονταιρ

1576 2272 1598 2307 ὸ
1641 2262 1679 2308 οἱ
1698 2274 1865 2315 παιοες.
1936 2262 2046 2311 Οὐδ’
2069 2263 2196 2309 ὑπνοῖ
2215 2263 2310 2324 μεθ’
2329 2258 2498 2325 ἡμέραν
2518 2262 2541 2307 ὃ
2559 2259 2778 2325 βασιλεὺς,
2796 2259 2887 2323 καὶ4

1575 2333 1743 2399 νύκτωρ
1780 2335 1824 2381 δὲ
1845 2337 1944 2382 καθ’
1970 2333 2088 2400 ὥραν
2109 2334 2400 2398 ἀναγκάζεται
2422 2331 2502 2391 τὴν
2524 2331 2670 2393 κοίτην
2699 2333 2874 2381 ἄλλάτ-
2925 2356 2934 2383 ·.

1575 2425 1662 2454 τειν
1687 2407 1757 2454 διὰ
1774 2406 1851 2462 τὰς
1880 2407 2133 2462 ἐπιόουλάς.

1717 2482 1817 2528 Ιων
1841 2499 1889 2544 γε
1921 2478 1982 2544 μὴ
2006 2480 2119 2527 κατα
2144 2479 2333 2541 πόλεμον
2356 2478 2508 2535 ἐξόδων
2535 2478 2615 2542 μία
2645 2479 2724 2542 μεν
2749 2479 2867 2527 ἐστιν
2926 2483 2933 2514 ἶ

1574 2572 1602 2609 η
1628 2553 1699 2599 ἐπὶ
1667 2519 1805 2607 ’τὰς
1830 2553 2018 2620 κρίσεις,
2059 2555 2102 2600 ἐν
2134 2559 2201 2607 αἱς
2235 2551 2525 2615 διημερεύει
2502 2551 2714 2600 οιακούων
2753 2550 2887 2600 οὐδὲν·
2907 2556 2909 2558 ’
2933 2542 2946 2610 ³²ss

1574 2629 1718 2683 ἧττον,
1751 2645 1834 2673 καν
1866 2625 1958 2689 ωρα
1979 2626 2157 2690 γένηται
2180 2629 2257 2684 τῆς
2278 2630 2352 2672 τοῦ
2378 2622 2579 2688 σώματος
2612 2623 2865 2690 θεραπείας·
2880 2647 2886 2667 ;

1577 2696 1687 2756 αύτη
1708 2698 1743 2745 δ’
1779 2698 1892 2746 ἔστιν
1913 2702 1941 2757 ἡ
1966 2698 2037 2747 διὰ
2061 2702 2146 2746 τῶν
2183 2698 2450 2746 σκυταλίδων
2480 2697 2640 2764 τρίψις·
2667 2697 2760 2760 ἅμα
2789 2695 2879 2765 γὰρ

1576 2769 1650 2817 καὶ
1675 2771 1867 2819 διακούει
1895 2771 1971 2819 καὶ
1989 2771 2181 2838 τρίὸεται
2204 2771 2421 2837 τεττάρων
2452 2769 2747 2836 περιστάντων
2771 2789 2868 2835 τρι-

1571 2923 1740 2962 scortari
1772 2923 1876 2963 licet.
1933 2926 2059 2964 Nemo
2093 2934 2144 2963 ex
2171 2923 2278 2963 Indis
2311 2922 2525 2963 coronatus
2550 2921 2766 2972 sacrificat,
2797 2932 2878 2962 nec

1571 2987 1704 3027 adolet
1722 2997 1796 3026 nec
1815 2987 1935 3036 libat;
1956 2997 2087 3038 neque
2115 2987 2301 3037 jugulant
2330 2986 2558 3036 victimam,
2581 2985 2650 3026 sed
2675 2985 2877 3036 praecluso
2942 3034 2947 3044 .

1571 3051 1710 3102 spiritu
1742 3053 1908 3101 necant,
1940 3051 2091 3102 nequid
2124 3061 2312 3090 mancum
2345 3049 2420 3090 deo
2453 3049 2660 3098 offeratur,
2703 3048 2772 3088 sed
2805 3047 2868 3088 in·
2944 3045 2949 3051 '
2975 3043 2981 3056 ²

1572 3117 1740 3165 tegrum.

1625 3185 1661 3220 5.
1697 3179 1777 3225 Qui
1810 3179 1933 3220 falsus
1960 3179 2074 3220 testis
2117 3177 2442 3230 deprehenditur,
2471 3176 2661 3218 extremis
2688 3175 2882 3228 partibus.

1572 3243 1752 3294 corporis
1765 3243 1986 3284 mutilatur.
2011 3243 2089 3290 Qui
2106 3243 2287 3283 membro
2310 3242 2445 3293 aliquo
2463 3241 2689 3293 quempiam
2705 3240 2871 3282 orbave-

1573 3309 1648 3358 rit,
1665 3321 1743 3349 non
1764 3309 1885 3349 modo
1897 3309 2054 3350 talionis
2070 3320 2230 3360 poenam
2250 3308 2382 3359 subit,
2405 3306 2475 3348 sed
2507 3307 2628 3348 etiam
2646 3318 2770 3350 manu
2803 3317 2865 3347 or-

1573 3373 1703 3414 batur.
1759 3373 1910 3420 Quodsi
1928 3373 2018 3424 quis
2033 3373 2209 3415 artificiis
2226 3384 2389 3413 manum
2420 3371 2634 3412 oculumve
2655 3370 2870 3420 ademerit,

1573 3439 1701 3477 morte
1722 3437 1796 3477 luit
1812 3447 1961 3488 poenas
2017 3437 2128 3478 Idem
2156 3437 2430 3488 Megasthenes
2459 3435 2558 3476 dicit
2586 3435 2786 3492 neminem
2809 3436 2870 3477 ln-

1572 3503 1716 3543 dorum
1737 3502 1862 3543 servis
1893 3503 1976 3556 uti,
2006 3502 2139 3555 [quod
2167 3501 2412 3543 Onesicritus
2429 3499 2635 3555 proprium
2665 3495 2750 3541 esse
2774 3496 2876 3541 diat
2909 3543 2911 3546 Α

1572 3578 1710 3608 eorum
1723 3598 1734 3618 ‚
1751 3569 1822 3618 qui
1835 3567 1910 3607 sub
1930 3568 2132 3607 Musicano
2150 3566 2230 3607 sint
2248 3565 2281 3618 ].

1624 3638 1662 3672 6.
1685 3633 1777 3682 Regi
1806 3642 1954 3682 corpus
1979 3631 2166 3671 mulieres
2185 3631 2351 3679 curant,
2385 3639 2444 3670 eoe
2473 3638 2634 3680 quoque
2655 3626 2706 3668 de
2727 3629 2878 3679 paren-⁴

1571 3698 1678 3737 tibus
1704 3699 1866 3748 emptae.
1892 3696 1971 3744 Qui
1998 3707 2128 3748 regem
2148 3695 2378 3736 custodiunt
2407 3695 2447 3734 et
2466 3694 2645 3744 reliquus
2672 3690 2876 3733 exercitus-

1573 3762 1736 3801 manent
1759 3762 1873 3801 extra
1896 3762 2043 3811 portas.
2061 3760 2101 3802 Si
2117 3770 2197 3811 qua
2215 3758 2358 3799 mulier
2393 3767 2524 3807 regem
2539 3757 2694 3798 ebrium
2715 3755 2870 3800 occido·

1573 3826 1650 3874 rit,
1681 3824 1720 3864 id
1742 3824 1895 3875 praemii
1913 3824 2056 3873 habet,
2081 3825 2128 3864 ut
2155 3833 2248 3863 cum
2267 3822 2373 3862 illius
2393 3830 2617 3862 successore
2641 3820 2832 3871 jungatur
2856 3834 2866 3860 ε
2890 3819 2894 3866 f

1572 3889 1792 3934 succedunt
1808 3890 1940 3929 autem
1973 3887 2061 3928 tilii.
2116 3886 2212 3938 Regi
2237 3885 2413 3926 interdiu
2443 3882 2618 3924 dormire
2636 3894 2718 3924 non
2739 3882 2833 3924 licet

1573 3954 1690 3993 nocte
1706 3954 1861 4004 cogitur
1881 3951 2027 3993 cubilia
2039 3962 2108 4003 per
2131 3951 2248 3991 horas
2262 3951 2440 3999 mutare,
2454 3947 2575 3999 idque
2590 3948 2752 3999 propter
2773 3946 2847 3987 insi
2870 3971 2886 3987 ι,

1571 4018 1675 4058 dias.

1624 4088 1662 4124 7.
1687 4084 1834 4123 l‘raeter
1848 4081 2001 4122 exitum
2033 4072 2137 4130 regis-
2150 4077 2202 4118 ad
2227 4077 2404 4126 bellum,
2443 4084 2549 4114 unus
2581 4075 2642 4114 est
2673 4083 2797 4124 quum
2844 4119 2846 4121 ,

1569 4150 1633 4198 jus
1648 4147 1861 4188 dicendum
1883 4145 1989 4193 exit;
2007 4146 2094 4184 tum
2111 4145 2240 4183 totum
2256 4141 2362 4181 diem
2386 4140 2426 4180 in
2447 4137 2646 4179 audiendo
2666 4136 2844 4187 transigi,
2863 4192 2865 4195 Ι

1572 4214 1754 4253 eti-'umis
1775 4213 1872 4251 liora
1903 4209 2006 4250 adsit
2028 4218 2110 4260 qua·
2138 4218 2282 4258 corpus
2311 4206 2440 4245 curet
2456 4203 2523 4254 (id
2543 4201 2649 4254 quod
2672 4198 2890 4252 strigihn

1535 4277 1678 4327 pers·
1682 4275 1824 4315 retrone
1838 4275 1928 4324 lu)
1954 4256 2071 4313 simul
2091 4271 2194 4311 enim
2216 4270 2256 4310 et
2278 4267 2390 4309 audit
2405 4270 2446 4308 et
2470 4279 2494 4308 a
2521 4266 2711 4318 ‹uz-‘nuum
2735 4255 2890 4345 tric-toy}5
