3016 4628
34 476 45 527 l·

354 327 879 382 TARENTINORUM,
921 326 1500 387 CROTONIATARUM,
1538 325 1994 375 SYBARITARUM
2031 329 2457 378 RESPUBLICAE.

38 439 41 443 '
89 431 162 488 τὰς
183 432 364 496 εὐωχίας
386 431 481 486 τοὺς
498 429 655 484 ἵππους
673 427 810 476 ἐθίσαι
836 427 942 492 πρὸς
962 427 1088 475 αὐλὸν
1113 429 1355 493 ὀρχεῖσθαι.

85 507 175 554 T'*
129 506 216 552 ουτ
229 497 299 551 ουν
313 502 466 557 εἰδότες
479 504 845 565 οἱΚροτωνιᾶται,
862 496 930 546 ὅτε
945 500 1087 552 αὐτοῖς
1104 498 1229 547 ἐπολέ
1211 517 1358 561 μουν,

85 579 142 630 ως
160 574 234 623 καὶ
265 574 557 639 Ἀριστοτέλης
573 576 733 637 ἱστορεῖ
750 570 821 618 διὰ
844 574 921 628 τῆς
945 570 1175 624 Πολιτείας
1202 573 1362 643 αὐτῶν,

86 646 279 695 ἐνέδοσαν
313 653 399 700 τοῖς
431 644 578 699 ἵπποις
618 643 668 691 τὸ
711 637 969 707 ὀρχηστικον
1009 642 1150 705 μέλος.
1179 645 1366 704 Συμπα-

88 721 221 786 ρῆσαν
244 717 328 784 γὰρ
352 718 493 770 αὐτοῖς
520 715 593 765 καὶ
623 713 807 772 αὖληται
831 715 874 761 ἐν
905 717 1197 804 στρατιωτικῇ
1216 716 1364 777 σκευῇ.

90 789 176 840 Καὶ
217 788 308 850 ἅμα
347 787 588 836 αὐλούντων
623 784 847 839 ἀκούοντες
892 788 930 833 οἱ
967 784 1116 843 ι’πποι,
1155 788 1203 833 οὐ
1241 785 1367 847 μόνον

88 835 411 926 ἐξωρχήσαντο,
446 858 558 906 ἀλλὰ
585 857 660 905 καὶ
685 856 782 911 τους
805 857 1072 910 ἀναὸοίτας”
1050 876 1219 921 εχοντες
1237 859 1367 914 ηὐτο-

50 929 54 932 *
85 932 281 994 μόλησαν
301 931 402 996 πρὸς
420 930 515 984 τοὺς
539 928 856 995 Κροτωνιάτας.
883 932 1093 976 Similem
1127 932 1366 975 historiam
1389 938 1393 942 '

85 1004 191 1050 vide
206 1006 254 1048 in
269 1001 490 1050 Charonis
523 1006 707 1062 Lamps.
726 1002 783 1050 sr.
821 1018 872 1063 9.
892 1003 1109 1048 Ceterum
1137 1004 1279 1047 verba
1301 999 1370 1047 διὰ

83 1075 160 1133 τῆς
179 1073 394 1127 πολιτείας
409 1074 547 1120 αὐτῶν
565 1076 810 1124 Athenaeus
829 1074 1018 1119 fortasse
1042 1075 1102 1119 de
1125 1072 1368 1134 Sybarita-

84 1163 188 1193 rum
206 1145 324 1207 Rep.
354 1148 550 1208 intelligi
585 1147 751 1192 voluit.
793 1149 862 1191 De
889 1148 1066 1192 Milone
1099 1147 1370 1192 Crotoniata

84 1234 128 1265 v.
156 1219 215 1267 fr.
237 1220 348 1267 262.

239 1307 241 1309 ·
638 1299 729 1344 233
765 1300 814 1344 b.

83 1393 92 1421 -'
149 1393 317 1436 AElian.
341 1395 396 1438 V.
423 1394 484 1437 H.
508 1393 582 1447 ΙΙ,
612 1392 672 1436 26
697 1407 706 1435 :
730 1389 1025 1452 Ἀριστοτέλης
1046 1388 1162 1453 λέγει
1186 1388 1268 1436 ὑπὸ
1285 1391 1369 1436 τῶν

86 1463 395 1527 Κροτωνιατῶν
418 1461 489 1509 τὸν
515 1461 772 1527 Πυθαγόραν
790 1461 1038 1510 Ἀπόλλωνα
1063 1461 1368 1526 (Υπερὸόρειον

84 1534 491 1598 προσαγορεύεσθαι.
510 1537 704 1583 Κάκεῖνα
727 1533 771 1581 δὲ
790 1536 1092 1599 προσεπιλέγει
1105 1537 1127 1581 ὃ
1146 1538 1220 1580 τοῦ
1236 1537 1369 1583 Νικο-

87 1605 256 1669 μάχου·
282 1604 346 1653 ὁ’τι
378 1610 453 1664 τῆς
483 1609 612 1665 αὐτῆς
635 1606 798 1671 ἡμέρας
827 1605 954 1666 ποτὲ,
978 1605 1091 1654 κατὰ
1122 1605 1200 1663 τὴν
1237 1604 1369 1663 αὐτὴν

86 1675 228 1742 ὥραν,
249 1677 323 1724 καὶ
356 1681 398 1725 ἐν
426 1678 712 1743 Μεταποντίῳ
750 1676 872 1742 ὤφθη
901 1677 984 1724 ὑπὸ
1004 1679 1201 1735 πολλῶν,
1223 1676 1299 1724 καὶ
1324 1679 1367 1724 ἐν

82 1748 278 1814 Κρότωνι
296 1753 357 1815 τῷ
378 1752 510 1814 ἀγῶνι
533 1750 872 1811 ἐξανιστάμενος·
899 1749 998 1797 ἔνθα
1020 1749 1094 1796 καὶ
1108 1752 1193 1796 τῶν
1218 1752 1367 1813 μηρῶν

83 1824 106 1869 ὃ
126 1821 380 1886 Πυθαγόρας
411 1822 630 1888 παρέφηνε
651 1821 723 1870 τὸν
763 1822 904 1887 ἕτερον
939 1826 1139 1887 χρυσοῦν.
1166 1820 1296 1883 Λέγει
1324 1820 1368 1868 δὲ

83 1892 154 1941 καὶ
175 1895 198 1940 ὁ
221 1893 370 1952 αὐτὸς,
388 1893 452 1941 ὅτι
479 1894 562 1942 ὑπὸ
589 1899 663 1942 τοῦ
682 1894 825 1960 Κώσα
850 1894 959 1958 (ὑπὸ
982 1898 1057 1941 τοῦ
1082 1892 1194 1941 κατὰ
1215 1893 1367 1956 Σάμον

49 1967 303 2027 ἈΡοΙῙοῐι.
341 1971 412 2014 De
454 1969 649 2029 Pythag.
667 1968 681 2030 )
721 1970 919 2029 ποταμοῦ
956 1965 1188 2013 διαὸαίνων
1234 1983 1369 2029 προσ-

83 2035 264 2126 ερρήθη·
290 2037 364 2085 καὶ
387 2038 572 2093 πολλούς
595 2058 723 2104 φησιν
748 2037 980 2096 ἀκηκοέναι
1014 2037 1093 2096 τὴν
1128 2037 1366 2103 πρόσρησιν

38 2109 258 2168 [kam-nv.
279 2115 354 2157 De
376 2129 427 2158 rc
459 2129 505 2158 v.
550 2114 841 2173 interpretes.
885 2113 1115 2158 Dubitans
1151 2113 1248 2156 haec
1287 2127 1369 2171 ap·

74 2186 215 2244 posui
229 2219 241 2241 ‚
264 2201 406 2244 quum
422 2187 649 2245 peculiari
670 2192 812 2246 opere
829 2186 1102 2230 Aristoteles
1123 2185 1182 2229 de
1203 2185 1371 2243 Pytha-

81 2268 194 2315 gora
218 2256 404 2303 dixerit.
423 2259 494 2302 -V.
522 2258 658 2318 Diog.
679 2260 737 2304 L.
762 2259 829 2315 V,
854 2257 936 2319 263
966 2258 1150 2303 Jonsius
1177 2257 1366 2315 Scriptt.

81 2327 184 2375 hist.
214 2329 332 2388 phil.
361 2344 412 2388 p.
445 2345 526 2385 11,
552 2345 594 2375 1.

558 2427 855 2490 (merum.
870 2431 883 2496 )

665 2559 776 2612 234.

146 2652 529 2715 Athenaeus'XII,
561 2674 611 2718 p.
640 2653 749 2716 523,
771 2659 804 2705 C
840 2675 850 2704 :
875 2658 933 2706 Οἱ
956 2655 1034 2715 τὴν
1073 2656 1196 2723 Σίριν
1223 2655 1266 2704 δὲ
1287 2675 1366 2704 κα·

79 2789 129 2836 ,ῙιΙ
152 2790 270 2840 igitur
297 2802 422 2840 quum
440 2793 600 2831 nossent
627 2792 867 2831 Crotoniatae
882 2822 894 2842 ,
919 2793 1194 2842 quoaeempore
1213 2793 1370 2832 bellum

85 2853 162 2894 lllis
173 2855 389 2894 inserebant
403 2855 524 2904 (quod
538 2858 672 2894 narrat
684 2855 803 2894 etiam
819 2856 1064 2906 Aristoteles,
1081 2856 1149 2895 ubi
1165 2857 1216 2896 de
1231 2868 1370 2896 eorum

81 2928 163 2968 rep.
176 2918 297 2957 verba
316 2918 448 2968 facit),
468 2918 647 2957 tibicines
661 2918 857 2967 jusserant
872 2919 1012 2959 modos
1027 2920 1251 2959 saltatorios
1266 2931 1368 2970 prae-

0 2992 4 3025 ,2
31 3022 35 3024 .
80 2981 210 3020 cinere
224 2981 346 3031 equis.
363 2981 538 3021 Aderant
560 2982 665 3021 enim
683 2982 775 3032 ipsis
796 2976 976 3022 tibicines
996 2983 1157 3022 militari
1174 2984 1298 3022 cultu.
1320 2985 1369 3023 Et

81 3045 199 3085 simul
214 3047 334 3095 atque
349 3045 436 3085 illos
455 3044 640 3086 canentes
655 3046 841 3086 audivere
857 3047 972 3098 equi,
990 3059 1071 3086 non
1097 3048 1217 3087 modo
1234 3059 1365 3098 coepe-

83 3111 174 3150 runt
193 3111 348 3160 saltare,
361 3121 500 3150 verum
518 3113 639 3152 etiam
654 3112 772 3152 simul
802 3123 895 3153 cum
915 3113 1133 3154 sessoribus
1152 3114 1204 3154 ad
1223 3116 1365 3155 Croto-

0 3221 3 3236 ι
80 3173 208 3214 niatas
222 3174 528 3232 transfugerunt.

643 3246 728 3287 233
751 3241 796 3286 b.

64 3277 80 3303 ι’
131 3309 360 3351 Aristoteles
392 3311 487 3351 dicit
519 3322 543 3351 a
574 3314 815 3354 crotoniatis
843 3313 1105 3364 Pythagoram
1139 3315 1365 3364 Apollinem

82 3373 382 3423 Hyperboreum
395 3376 678 3425 cognominari.
704 3377 782 3417 Sed
805 3379 846 3416 et
869 3378 954 3416 haec
970 3377 1082 3417 addit
1098 3379 1163 3417 ille
1179 3379 1366 3419 Nicoma·

71 3438 245 3483 chides:
265 3439 381 3484 Quod
409 3441 623 3490 aliquando
640 3441 777 3482 eodem
797 3443 860 3482 die
873 3445 914 3483 et
932 3443 1069 3482 eadem
1082 3444 1181 3482 hora
1193 3445 1302 3483 visus
1317 3446 1367 3484 sit

0 3557 1 3562 1
74 3512 108 3543 ι
119 3504 255 3544 multis
269 3505 310 3544 et
327 3506 544 3556 Metaponti
559 3507 599 3546 et
614 3509 800 3558 Crotone,
823 3508 925 3548 ludis
940 3519 1134 3558 surgens.
1158 3509 1226 3548 ubi
1247 3510 1364 3549 etiam

0 3577 5 3615 ,ι
63 3567 254 3608 ‘alterum
284 3565 526 3620 Pythagoras
550 3572 681 3611 femur
713 3573 886 3613 ostendit
915 3585 1097 3614 aureum.
1128 3574 1232 3614 Dicit
1259 3575 1364 3615 idem

0 3616 7 3860 Ι
65 3703 67 3706 Δ
157 3661 171 3682 Ὶ

0 4018 2 4039 l

76 4035 83 4047 ,
131 3996 206 4046 Qui
221 3997 322 4039 Sirin
343 3999 544 4052 habitant,
569 4009 691 4052 quam
706 4003 915 4043 tenuerant
929 4004 1103 4054 primum
1118 4004 1187 4054 qui
1210 4015 1232 4044 e
1247 4004 1363 4053 Troja

53 4063 402 4131 -15Ruere,deinde
428 4066 492 4115 (c.
517 4067 581 4106 Ol.
604 4067 678 4117 25)
705 4068 963 4118 Colophonii,
993 4071 1040 4108 ut
1059 4069 1114 4107 ait
1132 4069 1306 4109 Timacus
1324 4070 1363 4108 et

67 3624 147 3695 ‘tue
185 3633 292 3683 qnod
306 3636 447 3674 Cosam
468 3634 636 3675 fluvium
655 3637 851 3676 transiens
872 3638 1093 3688 appellatus
1108 3639 1183 3688 sit;
1209 3640 1249 3679 et
1263 3640 1363 3679 mul-

79 3694 143 3736 tos
161 3695 216 3736 ait
231 3696 332 3738 banc
349 3699 652 3749 appellationem
667 3701 875 3742 audivisse.

529 3801 906 3853 SIRITARUM.

664 3914 767 3956 234.

71 4117 327 4179 Aristoteles,
353 4127 392 4166 in
410 4128 610 4169 luxuriam
629 4131 918 4181 mollitiemque
934 4132 1104 4182 prolapsi
1129 4133 1226 4171 sunt
1240 4131 1365 4170 nihilo

66 4185 271 4239 tminorem
287 4200 407 4238 quam
426 4202 517 4241 quae
534 4193 802 4242 Sybaritarum
817 4195 905 4233 t'uit.
925 4194 1037 4244 Apud
1051 4195 1138 4233 illos
1154 4194 1258 4233 enim
1274 4205 1364 4243 pr-o

60 4245 190 4306 *prius
206 4261 293 4292 mos
307 4254 377 4292 t’uit
395 4253 549 4295 floridas
567 4258 718 4305 gestare
739 4258 907 4308 tunicas,
926 4266 1024 4308 uuas
1039 4259 1218 4309 pretiosis
1237 4259 1363 4298 mitris

2637 340 2724 380 175

1440 432 1697 486 τοικοῧντες,
1719 428 1772 485 ἣν
1793 431 1955 491 πρῶτοι
1986 429 2197 492 κατέσχον
2220 435 2258 477 οἱ
2280 433 2365 478 ἀπὸ
2389 433 2550 496 Τροίας
2582 436 2726 483 ἐλθόν-

1440 518 1531 561 τες,
1553 498 1728 563 ὕστερον
1749 497 1793 545 δὲ
1814 499 2096 564 Κολοφώνιοι,
2119 499 2176 553 ὥς
2194 520 2297 565 φησι
2317 504 2502 564 Τίμαιος
2521 507 2600 569 (fr.
2633 510 2691 552 62
2715 511 2726 568 )

1441 571 1516 618 καὶ
1542 570 1851 635 Ἀριστοτέλης,
1869 572 1926 624 εἷς
1943 570 2105 637 τρυφὴν
2130 571 2357 627 ἐξώκειλαν
2373 578 2452 638 οὐχ
2482 571 2614 633 ἧσσον
2639 580 2732 626 Συ-

1444 641 1646 707 ὅαριτῶν·
1667 642 1740 688 καὶ
1752 643 1834 707 γὰρ
1855 641 1972 696 ἰδίως
1990 646 2094 705 παρ’
2123 645 2264 696 αὐτοῖς
2289 646 2558 710 ἐπεχωρίασε
2583 652 2725 712 φορεῖν

1443 712 1631 766 ἀνθινοὺς
1657 716 1869 777 χιτῶνας,
1894 713 1964 767 οὒς
1993 713 2223 769 ἐζώννυντο
2259 715 2427 779 μίτραις
2462 720 2732 781 πολυτελέσι,

1444 784 1518 831 καὶ
1543 787 1778 832 ἐκαλοῦντο
1804 784 1873 830 διὰ
1904 790 2028 832 τοῦτο
2054 785 2135 831 ὑπὸ
2158 789 2242 832 τῶν
2276 787 2504 849 περιοίκων
2533 790 2732 852 μιτροχί-

1445 854 1597 914 τωνες,
1639 855 1733 903 ἐπεὶ
1772 855 1972 920 ιΌμηρος
2011 855 2106 910 τοὺς
2135 856 2350 911 ἀζώστους
2390 859 2732 922 ἀμιτροχίτωνας

1445 929 1586 976 καλεῖ.
1644 928 1750 981 Haec
1799 929 1860 973 ad
1905 927 2315 988 Colophoniorum
2362 932 2533 990 Rcmp.
2583 935 2738 976 retulit

1444 1003 1866 1062 Schweighaeuser„
1894 1016 2032 1060 quem
2056 1003 2266 1060 sequitur
2288 1004 2602 1049 Neumannus.
2627 1006 2739 1049 For-

1446 1081 1557 1118 tasse
1577 1074 1961 1118 memorabantur
1983 1074 2033 1116 in
2061 1075 2178 1132 Rep.
2199 1069 2533 1133 Sybaritarum.

1646 1206 2036 1275 [ΣΥΒΑΡΙΤΩΝ
2063 1213 2175 1259 ΚΑΙ
2199 1213 2538 1275 ΘΟΥΡΙΩΝ.]

2007 1333 2178 1396 [235.]

1513 1444 1861 1512 [Aristot.‘1201.
1887 1453 1955 1508 V,
1980 1467 2036 1508 2,
2066 1467 2157 1495 10:
2182 1448 2475 1496 Στασιωτικὸν
2510 1449 2554 1496 δὲ
2590 1450 2665 1497 καὶ
2686 1452 2734 1498 τὸ

1447 1518 1507 1582 μὴ
1533 1519 1770 1585 ὁμόφυλον,
1792 1520 1870 1575 ἕως
1901 1521 1952 1567 ἂν
1993 1520 2274 1585 συμπνεύσῃ·
2299 1540 2446 1584 ωσπερ
2471 1521 2552 1586 γὰρ
2578 1523 2664 1568 οὐδ’
2690 1542 2740 1569 εκ

1445 1604 1518 1632 του
1549 1586 1750 1649 τυχόντος
1782 1586 1970 1644 πλήθους
1994 1586 2116 1640 πόλις
2152 1586 2372 1649 γίγνεται,
2409 1585 2542 1640 οὕτως
2580 1588 2667 1633 οὐο·’
2696 1608 2739 1635 εν

1443 1659 1506 1721 τῶ
1536 1656 1710 1721 τυχόντι
1747 1658 1906 1724 χρόνῳ.
1938 1656 2070 1706 Διὸ”
2044 1677 2135 1705 οσοι
2170 1657 2253 1717 ἤδη
2291 1658 2508 1712 συνοίκους
2548 1659 2743 1714 ἐδέξαντο

1444 1727 1471 1785 ἢ
1497 1728 1716 1788 εποίκους,
1752 1733 1791 1777 οἱ
1825 1732 2020 1778 πλεῖστοι
2049 1730 2340 1789 εστασίασαν,
2368 1735 2453 1778 οἷον
2479 1731 2742 1796 Τροιζηνίοις

1446 1799 1613 1864 Ἀχαιοι
1651 1799 1906 1866 συνώκησαν
1933 1802 2150 1869 Σύὸαριν,
2187 1795 2279 1850 εἶτα
2317 1802 2488 1856 πλείους
2511 1806 2550 1850 οἱ
2575 1803 2738 1867 Ἀχαιοι

1445 1871 1706 1933 γενόμενοιε
1688 1873 1752 1929 ἐξέ
1757 1874 1888 1923 ὅαλον
1907 1894 2004 1928 τους
2025 1875 2324 1940 Τροιζηνίους·
2343 1874 2435 1922 όθεν
2453 1876 2502 1922 τὸ
2517 1875 2616 1938 ἄγος
2632 1894 2734 1922 συν-

1447 1944 1526 2003 έὸη
1553 1946 1639 2000 τοῖς
1670 1946 1950 2013 Συὸαρίταις.
1989 1948 2078 1995 Καὶ
2103 1950 2147 1995 ἐν
2172 1947 2370 2013 Θουρίοις
2391 1947 2633 2013 Συὸαρῒται
2652 1949 2738 2001 τοῖς

1450 2018 1756 2075 συνοικήσασιν
1772 2039 1782 2049 ·
1808 2022 2082 2068 πλεονεκτεῖν
2110 2019 2191 2086 γὰρ
2219 2020 2430 2077 ἀξιοῦντες
2453 2023 2508 2075 ὡς
2534 2019 2741 2086 σφετέρας

1448 2094 1524 2149 τῆς
1545 2090 1691 2156 χώρας
1717 2091 1965 2157 ἐξέπεσον.]

2018 2201 2159 2264 [236.
2171 2201 2190 2265 ]

1515 2299 1619 2362 [Id.
1661 2302 1726 2345 ib.
1758 2304 1825 2357 V,
1865 2302 1919 2358 6,
1948 2302 2026 2346 6:
2065 2299 2235 2357 Συνέὸη
2269 2299 2313 2347 δὲ
2351 2299 2399 2346 τὸ
2435 2299 2669 2375 εἰρημένον
2694 2303 2737 2347 ἐν

1447 2369 1672 2436 Θουρίοις·
1696 2371 1764 2419 διὰ
1785 2371 1837 2435 μὲ
1820 2393 1862 2419 ν
1885 2371 1967 2437 γὰρ
1989 2372 2036 2419 τὸ
2058 2372 2143 2419 ἀπὸ
2159 2371 2350 2426 πλείονος
2368 2372 2612 2433 τιμήματος
2628 2377 2736 2419 εἰναι

1445 2442 1521 2497 τὰς
1546 2444 1682 2509 ἀρχὰς
1710 2446 1767 2499 εις
1790 2444 1966 2492 ἔλαττον
2004 2444 2164 2505 μετέὸη
2196 2444 2270 2491 καὶ
2307 2447 2364 2497 εἷς
2388 2446 2543 2509 ἀρχεῖα
2574 2444 2675 2490 πλε’
2662 2464 2735 2491 ιω·

1445 2514 1516 2562 δια
1537 2515 1581 2562 δὲ
1613 2515 1662 2562 τὸ
1685 2515 1761 2573 τὴν
1786 2515 1934 2580 χώραν
1967 2515 2072 2574 ὅλην
2106 2535 2203 2570 τους
2226 2514 2463 2580 γνωρίμους
2487 2515 2736 2578 συγκτήσα-

1446 2591 1543 2633 σθαι
1574 2606 1694 2662 παρα
1729 2587 1799 2634 τὸν
1842 2588 1970 2651 νόμον
2021 2591 2074 2650 (ἡ
2103 2587 2186 2652 (ὰρ
2221 2587 2416 2634 πολιτεία
2450 2588 2733 2652 ὀλιγαρχικω-

2461 2662 2484 2705 ὁ
2518 2659 2562 2706 δὲ

1443 2657 1546 2723 τέρα
1587 2664 1667 2718 ἠν,
1710 2679 1822 2707 ωστε
1866 2659 2066 2707 ἐδύναντο
2104 2660 2421 2722 πλεονεκτεῖν)·
2629 2663 2739 2721 ἦμος

1445 2795 1653 2844 cingebant
1688 2811 1697 2834 :
1727 2807 1848 2846 quare
1878 2807 1902 2834 a
1932 2795 2108 2835 finitimis
2132 2796 2399 2846 μιτροχίτωνες
2423 2794 2738 2845 appellabantur,

1446 2871 1571 2910 quum
1587 2859 1799 2910 discinctos
1817 2863 2011 2902 Homerus
2029 2861 2336 2912 ἀμιτροχίτωνας
2352 2862 2481 2900 vocet.

1545 2983 2042 3046 [SYBARITARUM
2077 2985 2157 3033 ET
2193 2984 2637 3047 THURIORUM.]

2018 3106 2157 3162 {235.]

1491 3195 1575 3247 [Ad
1595 3197 1827 3238 seditionem
1847 3198 2099 3239 excitandam
2117 3199 2225 3239 valet
2241 3198 2360 3238 etiam
2379 3197 2586 3237 diversitas
2611 3197 2737 3246 gentis

1439 3263 1479 3301 et
1493 3264 1644 3311 generis
1654 3293 1665 3313 ‚
1679 3263 1806 3303 donec
1823 3265 1945 3303 animi
1957 3265 2241 3304 consenserint.
2259 3263 2607 3309 Quemadmodum
2624 3262 2731 3300 cnim

1378 3368 1380 3370 ,
1439 3339 1519 3367 non
1536 3340 1587 3368 ex
1614 3330 1793 3380 qualibet
1812 3332 1854 3369 et
1872 3331 2039 3370 fortuito
2063 3331 2195 3370 oblata
2219 3329 2475 3368 multitudine
2494 3328 2538 3367 fit
2568 3327 2734 3375 civitas,

1439 3392 1496 3431 sic
1522 3403 1651 3443 neque
1674 3394 1816 3443 quovis
1834 3395 2027 3444 tempore.
2057 3395 2308 3444 Quapropter
2333 3393 2401 3442 qui
2433 3391 2646 3441 inquilinos
2664 3392 2733 3429 aut

1439 3457 1612 3498 advenas
1639 3459 1680 3497 in
1699 3459 1904 3499 civitatem
1929 3461 2187 3509 receperunt,
2209 3458 2235 3498 ii
2266 3459 2347 3497 fere
2373 3468 2511 3496 omnes
2530 3459 2598 3495 aut
2626 3458 2734 3494 certe

1438 3522 1601 3570 plurimi
1621 3522 1885 3562 seditionibus
1902 3523 2118 3561 conflictati
2145 3523 2260 3571 sunt,
2278 3533 2314 3561 e.
2335 3531 2371 3560 c.
2402 3531 2495 3559 cum
2519 3519 2734 3559 Trsrzeniis

1438 3586 1578 3626 Achivi
1613 3587 1795 3636 Sybarim
1828 3587 2093 3626 condiderunt
2125 3589 2246 3637 atque
2279 3587 2553 3634 incoluerunt,
2589 3583 2733 3622 deinde

1438 3650 1577 3688 Achivi
1594 3661 1761 3690 numero
1777 3653 1883 3690 aucti
1901 3651 2127 3691 Troezenios
2143 3651 2343 3700 eiecerunt
2363 3666 2372 3688 :
2394 3650 2499 3688 unde
2514 3649 2640 3687 scelus
2659 3649 2728 3685 aut

1437 3715 1638 3764 piaculum
1661 3716 1851 3766 Sybaritis
1879 3718 2116 3766 conceptum
2147 3717 2219 3755 est.
2259 3716 2308 3754 Et
2331 3708 2486 3754 Thuriis
2504 3723 2627 3762 quum
2656 3714 2730 3759 Sy-

1437 3779 1575 3819 baritae,
1599 3781 1764 3830 populos
1779 3791 1860 3820 una
1885 3791 2021 3820 secum
2047 3781 2271 3821 habitantes
2286 3781 2326 3818 et
2346 3781 2384 3817 in
2404 3779 2602 3817 civ'tatem
2620 3785 2727 3813 rece·

1436 3845 1524 3893 ptos
1539 3843 1684 3892 injuste
1700 3844 1911 3894 laederent,
1938 3845 1978 3883 et
1994 3845 2184 3894 majorem
2201 3843 2310 3892 agri,
2327 3844 2518 3890 tanquam
2535 3838 2616 3886 sui,
2641 3847 2724 3886 par·

1436 3908 1518 3946 tem
1537 3906 1610 3946 sibi
1630 3908 1897 3957 assumerent,
1914 3907 2044 3947 exacti
2066 3907 2192 3957 sunt]

2009 3991 2146 4044 [236-]

1487 4061 1654 4117 [Evenit
1673 4068 1809 4107 autem
1831 4066 1872 4106 id
1906 4066 2013 4116 quod
2033 4066 2186 4104 (lictum
2216 4066 2275 4103 est
2299 4063 2382 4111 (sc.
2404 4059 2722 4099 aristot-ratium

1436 4130 1550 4170 male
1572 4132 1816 4170 mixtamin
1845 4130 2154 4169 democratiam
2188 4123 2394 4171 traduci),
2413 4121 2583 4160 'sinn-iis.
2619 4120 2721 4156 Nam

1435 4195 1526 4244 quia
1556 4194 1809 4243 magistratus
1827 4205 1878 4232 ex
1907 4193 2023 4231 nimis
2046 4191 2178 4240 amplo
2212 4199 2329 4228 censu
2362 4183 2719 4230 constituebantur,

1438 4269 1531 4297 mox
1557 4259 1706 4297 sactum
1726 4259 1784 4296 oet
1813 4259 1856 4294 ut
1891 4254 2191 4293 imminueretur
2223 4260 2383 4291 census.
2421 4247 2718 4294 magistratuum
