3016 4628
1161 236 1568 284 FRAGMENTA.
2645 243 2701 279 w

49 355 257 422 πρώτους
291 351 364 400 καὶ
400 351 719 400 δυνατωτατους
742 344 900 395 Ἰωνων
924 342 1089 395 ἑλόντος
1125 342 1226 404 (01.
1257 342 1343 397 85,
1380 354 1387 370 ³
1419 335 1835 392 τωνΧίωναῖτησιν.
1854 334 1913 383 F
1915 339 2043 382 νθεν
2025 356 2258 401 οτραγικος
2274 337 2372 387 ’.Ιων
2394 338 2544 396 κινηεῡ
2541 343 2705 390 ,ςείττεν

44 423 400 518 {1.4l,oa.C)

68 535 69 538 ,
676 507 722 552 9.

60 608 62 610 ’
124 612 325 672 Diogen.
353 612 508 655 Laert.
541 609 611 663 Π,
645 621 712 662 7.
738 602 843 651 Ἴων
879 600 923 648 δὲ
948 603 971 647 ὃ
1007 600 1114 653 Χῖος
1147 617 1220 646 και
1252 595 1344 642 νέον

61 680 163 731 ὄντα
188 680 284 744 (τὸν
311 677 548 744 Σωκράτη)
571 679 628 730 εἷς
652 674 804 738 Σάμον
833 694 909 722 συν
935 671 1159 737 Ἀρχελάῳ
1179 666 1347 725 ἀποδη-

60 756 198 820 μῆσαι
220 751 363 819 φησίν.

125 823 370 890 Ἀρχελάῳ]
423 839 487 868 sc.
526 823 836 882 philosopho,
870 820 1071 867 Socratis
1106 817 1343 877 magistro.

55 901 276 948 ‘Ceterum
293 906 420 943 recte
436 905 600 940 monet
621 894 978 954 Nieberdingius
1000 908 1098 936 non
1115 889 1348 935 contraria

56 972 157 1019 haec
186 986 278 1016 esse
308 971 362 1015 iis
396 985 497 1028 quae
523 969 572 1011 in
591 968 780 1012 Critone
804 982 845 1010 c.
869 964 927 1010 52
955 965 1068 1008 dicit
1088 964 1254 1017 Plato,
1289 960 1348 1005 de

36 1040 245 1109 {Socrate
264 1047 358 1087 eive
383 1041 678 1094 Atheniense,
707 1054 804 1083 non
824 1039 882 1082 de
906 1036 1252 1082 adolescentulo
1275 1035 1349 1078 lo*

38 1129 223 1176 quens.
248 1116 448 1176 Maligne
472 1114 567 1174 egit
579 1111 907 1165 AthenaeusV,
931 1125 981 1169 p.
1012 1108 1123 1154 216.

394 1356 990 1409 ΣΥΝΕΚΔΗΜΗἹῚΚΟΣ.

667 1493 739 1522 10.

120 1598 287 1643 Pollux
307 1598 379 1652 ΙΙ,
404 1601 428 1649 4
443 1630 454 1651 ,
480 1611 536 1655 19
565 1610 575 1639 :
611 1587 744 1653 Παρὰ
768 1589 890 1638 Ἴωνι
925 1593 987 1657 τῷ
1011 1591 1202 1656 τραγικῷ
1223 1591 1265 1636 ἐν
1286 1591 1346 1655 τῷ

56 1665 387 1732 ἐπιγραφομένῳ
424 1663 791 1727 Συνεκδημητικῷ
830 1661 903 1710 καὶ
945 1659 1245 1724 σπανοπώγων
1286 1680 1348 1714 τις

56 1738 328 1802 ὀνομάζεται.

119 1810 240 1861 Ἴωνι
263 1829 386 1859 corr.
405 1811 640 1872 Leopard.
664 1812 767 1858 Em.
790 1811 863 1866 ΙΙ,
892 1825 970 1865 203
997 1810 1137 1869 'vulgo
1162 1805 1309 1854 Δίωνι.

568 1938 820 1957 *00*—

416 2046 980 2112 [ΠΡΕΣΒΕΥΤΙΚΟΣ.]

666 2179 741 2208 ῙῙ.

123 2276 260 2340 Λόγον
290 2275 598 2342 πρεσὸευτικὸν
629 2279 751 2322 inter
774 2278 943 2336 scripta
982 2278 1109 2321 Ionis
1144 2287 1353 2322 recenset

0 2361 4 2407 ,¹
57 2351 298 2397 scholiasta
330 2351 569 2410 Aristoph.
598 2348 731 2410 (Pac.
773 2346 924 2409 835),
947 2347 1123 2392 addens
1157 2357 1352 2393 tamena

56 2422 292 2478 nonnullis
307 2436 414 2466 eum
426 2437 516 2482 pro
529 2422 688 2481 spurio
706 2420 885 2464 haberi.
908 2421 979 2464 De
998 2419 1274 2477 quibusnam
1286 2411 1350 2464 le-

0 2487 2 2539 ι
58 2494 322 2554 gationibus
349 2495 400 2537 in
421 2509 478 2538 eo
501 2509 654 2538 sermo
685 2493 851 2548 fuerit,
876 2493 1032 2535 nescio
1056 2506 1115 2535 an
1134 2493 1354 2551 suspicari

0 2589 1 2593 =
56 2565 193 2611 liceat
210 2581 268 2610 ex
290 2567 430 2611 Sexto
454 2566 690 2624 Empirico
714 2564 836 2610 Adv.
859 2564 1080 2609 mathem.
1106 2565 1176 2619 II,
1200 2579 1241 2608 c.
1264 2571 1350 2621 24,

0 2682 1 2686 ,
39 2637 140 2686 subi
161 2638 298 2682 haec:
331 2633 415 2683 Ἐκ
439 2633 582 2698 μέσων
606 2633 750 2698 μέντοι
772 2653 821 2697 γε
845 2632 919 2680 καὶ
941 2632 1063 2681 Χίων
1084 2651 1165 2698 πρε
1148 2633 1353 2692 σὸευτὴν

57 2706 156 2771 περὶ
172 2706 388 2770 ἐξαγωγῆς
402 2711 536 2771 πυροῦ
556 2706 774 2769 δεόμενον,
800 2704 894 2752 ἐπεὶ
921 2723 1096 2769 μακρως
1109 2704 1352 2769 ἡρμήνευσε

55 2776 136 2836 τὴν
159 2776 332 2839 δέησιν,
364 2777 584 2843 ἄπρακτον
610 2776 917 2832 ἐξαπέστειλαν
945 2777 1030 2839 (sc.
1058 2778 1096 2823 οἱ
1129 2779 1250 2824 Λακε
1254 2778 1351 2824 δαι-

59 2849 241 2913 μόνιοι),
273 2849 419 2915 ἑτέρου
458 2850 503 2897 δὲ
527 2848 794 2915 πεμφθέντος
817 2848 1147 2914 συντομωτέρου
1175 2848 1351 2912 (ἤπειγε

58 2921 143 2988 γὰρ
179 2924 346 2998 ἀνάγκη
381 2940 478 2976 τους
503 2919 659 2985 Χίους)
685 2920 852 2968 ἔδοσαν.
879 2919 1017 2968 Κενὸν
1055 2919 1139 2984 γὰρ
1164 2920 1348 2968 θύλακον

58 2994 202 3048 αὖτοῖς
223 2999 343 3049 ουτος
381 2995 624 3052 ἀνατείνας,
660 2992 850 3058 ἀλφίτων
887 2992 1015 3039 αὐτὸν
1046 2991 1128 3054 ἔφη
1166 2993 1345 3042 δεῖσθαι.

58 3056 214 3129 Ὅμως
231 3066 266 3114 δ’
281 3059 352 3114 ουν
365 3085 440 3114 και
453 3085 599 3114 τουτον
616 3068 674 3120 ὥς
694 3064 933 3130 ἀδολέσχην
951 3064 1223 3130 ἐμέμψαντο·
1239 3067 1346 3112 ἀπο-

58 3137 260 3205 χρώντως
282 3138 365 3204 γὰρ
386 3138 441 3187 Δἂν
457 3138 577 3193 κενὸς
601 3137 779 3203 δειχθεὶς
798 3139 823 3185 ὅ
840 3136 1021 3192 θύλακος
1044 3137 1235 3200 ἐσήμηνε
1259 3137 1338 3196 τὴν

50 3273 163 3339 ,βίαια
199 3276 325 3327 spatio
358 3275 505 3327 primos
539 3272 910 3327 potentissimosque
943 3278 1087 3317 Ionum
1116 3274 1346 3317 debellasse.

678 3356 722 3397 9.

39 3427 42 3431 ’
111 3423 184 3463 lon
195 3421 318 3463 Chius
329 3423 530 3464 Socratem
541 3422 619 3463 ait
604 3432 793 3474 juvenem
805 3421 938 3462 adhue
951 3424 1115 3462 Samum
1129 3423 1347 3474 profectum

62 3490 144 3527 0⁸oe
157 3495 248 3526 cum
265 3484 472 3527 Archelao

518 3594 884 3633 SYNECDEMETICUS.
927 3628 936 3638 ,

674 3707 744 3747 10.

115 3767 226 3822 Apud
241 3773 375 3813 Ionem
397 3773 592 3824 tragicum
607 3773 649 3812 in
667 3773 792 3823 libro,
815 3773 885 3824 qui
906 3772 1266 3824 synecdemeticus
1286 3773 1348 3812 in·

65 3833 263 3885 scribitur,
289 3830 409 3876 etiam
430 3836 702 3888 σπανοπώγων
735 3831 901 3887 aliquis,
918 3832 1001 3876 sive
1027 3832 1192 3876 barbam
1219 3847 1350 3876 raram

66 3895 212 3938 liabens
222 3928 235 3949 ‚
251 3901 507 3940 memoratur.

663 3970 734 4010 11.

1421 410 1488 454 ἐπ
1510 409 1612 454 αὗῗίο
1614 427 1670 453 W·

1522 532 1580 570 Οὐ
1603 531 1676 581 γὰρ
1693 531 1818 601 ὶογοις
1834 530 2012 570 Λάκαινα
2033 535 2241 581 πυργοῦται
2258 528 2344 569 πολ.

1523 585 1604 627 ἀλλ’
1628 587 1704 626 εὖτ’
1719 582 1825 637 Αρης
1842 588 2003 638 νεοχμὸς
2020 588 2169 637 ἐμπέσῃ
2189 548 2388 637 στροιτῷῐ9

1523 645 1642 695 βουλὴ
1661 645 1706 694 μὲ
1709 659 1728 682 ν
1745 645 1880 695 ἄρχει,
1901 645 1986 694 χεὶρ
2008 644 2040 682 δ’
2059 644 2356 694 ἐπεξεργάζεται.

1426 761 1444 781 «
1473 742 1711 786 Fabricius
1740 741 1800 786 ad
1824 741 1871 783 h.
1906 741 1937 786 l.
1964 740 2230 795 adnotavit,
2258 750 2404 783 totam
2427 741 2543 785 hanc
2565 739 2711 786 histo-

1423 814 1684 858 riunculam
1705 828 1763 857 ex
1793 815 1909 856 Ione
1927 827 2020 856 esse
2038 812 2365 871 depromptam
2387 822 2432 856 et
2451 812 2625 857 finitam
2653 818 2709 859 al)

1420 889 1536 931 Ione
1559 887 1661 946 ipso
1680 902 1786 929 cum
1805 886 1875 929 his
1894 885 2118 929 versibus.
2138 887 2247 928 Haec
2266 884 2484 943 equidem
2504 902 2600 929 non
2619 903 2712 931 cre-

1421 955 1595 1003 derem.
1631 961 1797 1004 Versus
1823 972 1881 1001 ex
1914 957 2139 1017 tragoedia
2170 957 2372 1015 quadam
2395 967 2521 1013 sunt,
2555 960 2602 1001 in
2624 975 2711 1017 qua

1420 1031 1888 1075 Lacedaemoniorum
1905 1030 2164 1089 respublica
2182 1028 2414 1072 laudatur.
2442 1031 2713 1073 Narratiun-

1421 1102 1573 1146 culam
1591 1118 1617 1147 a
1636 1103 1776 1147 Sexto
1802 1097 1990 1146 aliunde
2015 1102 2197 1146 allatam
2229 1115 2323 1145 esse
2342 1115 2511 1145 censeo
2527 1134 2539 1155 ,
2562 1116 2713 1159 neque

1420 1182 1575 1218 tamen
1600 1175 1877 1228 abnuerem,
1909 1175 1945 1218 si
1970 1175 2073 1232 quis
2102 1174 2229 1216 illam
2254 1182 2311 1217 ex
2333 1173 2564 1216 historicis
2590 1175 2716 1217 Ionis

1420 1240 1575 1295 libris,
1618 1239 1807 1284 fortasse
1849 1255 1903 1284 ex
1930 1239 2031 1283 Chii
2070 1238 2339 1297 Originibus
2387 1238 2714 1297 depromptam

1422 1325 1514 1356 esse
1532 1313 1835 1356 contenderet
1861 1333 1878 1350 »
1901 1311 2077 1370 Koepke
2092 1326 2139 1369 p.
2166 1325 2245 1368 9¹·

1935 1429 2222 1450 w

2033 1520 2111 1550 12.

1487 1616 1722 1659 Plutarch.
1746 1618 1816 1660 De
1852 1616 2028 1659 fortun.
2063 1617 2205 1659 Rom.
2246 1628 2286 1658 c.
2333 1631 2350 1658 1
2387 1614 2460 1675 (p.
2504 1613 2596 1674 389
2640 1618 2715 1665 ed.

1421 1687 1585 1734 Didot.
1601 1688 1652 1748 ):
1681 1682 1784 1734 Ἴων
1811 1686 1862 1749 μὲ
1867 1706 1888 1733 ν
1905 1690 1976 1733 οὖν
2002 1689 2023 1732 ὃ
2040 1685 2221 1745 ποιητὴς
2249 1687 2291 1731 ἐν
2328 1693 2416 1740 τοῖς
2433 1686 2534 1750 δίχα
2558 1687 2715 1775 μέτρου

1420 1757 1494 1806 καὶ
1518 1758 1820 1823 καταλογάδην
1846 1779 1964 1806 αυτω
1998 1757 2311 1823 γεγραμμένοις
2337 1758 2492 1824 φησὶν,
2525 1762 2716 1822 ἀνομοιό-

1422 1849 1551 1879 τατον
1570 1839 1752 1896 πρᾶγμα
1774 1835 1828 1897 τῇ
1853 1831 1981 1898 σοφία
2004 1831 2082 1889 τὴν
2107 1830 2243 1895 τύχην
2269 1835 2423 1891 οὖσαν,
2444 1808 2709 1893 ὁμοιοτάτων

1423 1904 1695 1970 πραγμάτων
1714 1904 1906 1969 γίνεσθαι
1924 1905 2208 1969 δημιουργόν·
2235 1903 2433 1960 αὔξουσιν
2458 1905 2715 1970 ἀμφότεραι,

1421 1982 1769 2044 προσκοσμοῦσιν
1786 2015 1799 2040 ,
1827 1978 1983 2043 ἄνδρας
2006 1980 2064 2032 εἷς
2083 1977 2209 2033 δόξαν
2233 1977 2461 2042 ἀνάγουσιν
2475 2014 2487 2036 ,
2515 1980 2573 2032 εἷς
2594 1979 2714 2025 δύνα·

1425 2071 1518 2114 μιν,
1539 2054 1598 2104 εἷς
1621 2050 1871 2114 ἡγεμονίαν.

1488 2126 1664 2170 Eadem
1681 2127 1953 2170 Plutarchus
1970 2126 2127 2170 denuo
2143 2127 2288 2186 tangit
2308 2127 2356 2169 in
2371 2127 2543 2183 Quaest.
2561 2128 2717 2185 Symp.

1423 2200 1559 2254 VIII,
1598 2215 1616 2242 1
1640 2233 1654 2258 ‚
1691 2199 1793 2242 init.
1826 2197 1989 2242 Potuit
2022 2198 2118 2241 haec
2147 2199 2370 2242 sententia
2407 2200 2454 2242 in
2486 2196 2719 2258 Ὑπομνή-

1426 2287 1534 2331 μασι
1549 2272 1708 2316 locum
1729 2271 1917 2315 habere.
1939 2273 2144 2315 Fortasse
2172 2280 2324 2314 tamen
2347 2272 2497 2329 aptius
2519 2271 2720 2315 refertur

1425 2344 1486 2388 ad
1510 2345 1637 2388 Ionis
1672 2344 1712 2390 Τ
1723 2340 1975 2406 ριαγμόν,
2013 2342 2072 2386 de
2101 2358 2196 2401 quo
2234 2344 2295 2386 ita
2328 2344 2638 2402 Harpocratio
2672 2360 2716 2389 v,

1424 2409 1555 2461 Ἴων·
1577 2409 1828 2478 Ἔγραψε...
1866 2412 1941 2460 καὶ
1974 2411 2202 2477 φιλόσοφον
2244 2432 2286 2459 τι
2321 2411 2612 2475 σύγγραμμα,
2643 2414 2716 2460 τὸν

1425 2486 1706 2551 Τριαγμον
1746 2485 2119 2578 ἐπιγραφόμενον,
2147 2484 2251 2575 ὅπερ
2278 2485 2569 2576 Καλλίμαχος.
2600 2489 2719 2533 ἀντι-

1425 2557 1624 2621 λέγεσθαί
1665 2576 1793 2622 φησιν
1818 2562 1874 2612 ὡς
1910 2556 2188 2621 Ἐπιγένους·
2220 2559 2263 2604 ἐν
2289 2558 2412 2612 ἐνίοις
2438 2557 2481 2604 δὲ
2505 2567 2578 2605 καὶ
2601 2561 2718 2617 πλη-

1426 2633 1628 2683 θυντικῶς
1663 2629 1946 2695 ἐπιγράφεται
1979 2630 2279 2694 Τριαγμοί,
2322 2630 2434 2677 καθὰ
2471 2629 2630 2692 Δημητ
2615 2651 2718 2696 ριος

1425 2705 1448 2749 ὁ
1477 2702 1670 2769 Σκήψιος
1693 2703 1768 2750 καὶ
1792 2702 2107 2760 Ἀπολλωνίδης
2127 2706 2149 2749 ὃ
2172 2702 2378 2756 Νικαεύς.
2399 2702 2719 2769 Ἀναγράφουσι

1426 2775 1470 2822 δὲ
1495 2778 1539 2822 ἐν
1563 2777 1679 2841 αὐτῷ
1701 2775 1818 2823 τάδε·
1841 2798 1860 2819 α
1887 2775 2022 2840 Ἀρχὴ
2046 2775 2090 2823 δέ
2111 2776 2206 2841 (ἥδε
2224 2789 2347 2823 corr.
2372 2779 2582 2823 Lobeck.
2612 2781 2715 2837 Agl.

1423 2867 1472 2910 p.
1499 2850 1640 2911 722,)
1664 2867 1736 2911 μοι
1762 2853 1838 2895 τοῦ
1862 2848 2010 2912 λόγου.
2040 2848 2196 2897 Πάντα
2221 2849 2318 2914 τρία
2346 2848 2420 2896 καὶ
2447 2849 2577 2895 πλέον
2597 2851 2721 2896 τοῦδε

1422 2920 1551 2968 πλέον
1589 2919 1772 2968 ἔλασσον
1810 2921 1918 2984 [καὶ
1956 2920 2053 2969 οὔτε
2096 2922 2226 2968 πλέον
2252 2921 2347 2969 οὔτε
2384 2921 2566 2969 ἔλασσον
2593 2941 2716 2968 corr.

1422 2995 1616 3054 Bentlej.
1636 2997 1724 3056 Ep.
1745 2996 1806 3040 ad
1826 2997 1941 3041 Mill.
1962 3012 2012 3056 p.
2030 2996 2088 3053 67
2105 2995 2122 3057 ]
2141 2993 2303 3041 τούτων
2319 2998 2463 3059 τριῶν.
2485 2994 2610 3049 Ἑνὸς
2626 2996 2723 3042 ἑκά·

1422 3062 1524 3113 στου
1545 3064 1674 3132 ἀρετὴ
1699 3065 1845 3131 τριὰς,
1872 3066 2038 3121 σύνεσις
2059 3067 2134 3114 καὶ
2159 3067 2317 3132 κράτος
2343 3068 2418 3114 καὶ
2444 3067 2572 3132 τύχη.
2601 3090 2619 3109 n
2650 3071 2718 3116 Cf.

1421 3143 1610 3187 Isocrat.
1630 3141 1694 3188 Π.
1713 3137 1901 3188 ἀντιδόσ.
1926 3158 1976 3201 p.
2006 3141 2125 3202 322,
2150 3155 2167 3186 1
2183 3156 2201 3186 1
2233 3142 2309 3189 ed.
2337 3142 2498 3188 Dindf.
2524 3159 2533 3186 τ
2563 3140 2662 3189 Ἴων
2683 3142 2720 3186 δ’

1425 3277 1572 3327 altero,
1601 3278 1671 3328 qui
1691 3278 1769 3328 egit
1785 3279 2101 3329 compendiosius
2124 3279 2267 3328 (Chios
2293 3279 2398 3318 enim
2418 3280 2622 3330 premebat
2648 3291 2719 3318 ne-

1423 3342 1634 3392 cessitas),
1651 3343 1944 3382 concesserunt.
1970 3340 2008 3382 Is
2024 3343 2130 3382 enim
2148 3354 2323 3383 vacuum
2345 3355 2506 3383 saccum
2526 3343 2571 3383 iis
2594 3344 2719 3382 osten·

1422 3405 1541 3455 dem,
1575 3405 1703 3446 farina
1736 3417 1835 3456 opus
1871 3417 1955 3446 esse
1982 3406 2098 3446 dixit.
2127 3407 2391 3447 Nihilominus
2420 3408 2526 3446 hunc
2560 3418 2719 3457 quoque

1420 3471 1613 3520 tanquam
1642 3469 1760 3509 nimis
1796 3470 2006 3519 loquacem
2043 3470 2404 3520 reprehenderunt,
2435 3482 2559 3521 quum
2594 3471 2720 3509 inanis

1421 3534 1603 3573 ostensus
1620 3543 1759 3572 saccus
1773 3533 1825 3572 ad
1849 3533 2147 3584 significandam
2171 3535 2364 3574 Chiorum
2381 3535 2612 3586 petitionem
2635 3534 2716 3571 sui·-

1423 3595 1591 3636 fecisset.
1614 3596 1685 3636 His
1703 3597 1836 3636 motus
1850 3599 1920 3636 Ion
1936 3596 2109 3646 tragicus
2125 3596 2175 3636 de
2191 3598 2238 3637 iis
2257 3597 2357 3637 dixit
2378 3615 2385 3637 :

1511 3694 1541 3727 N
1545 3702 1594 3728 on
1612 3691 1716 3729 tortis
1731 3695 1786 3729 est
1801 3694 1921 3729 verbis
1938 3696 2088 3729 Lacaena
2103 3694 2242 3738 civitas,

1509 3748 1571 3784 sed
1589 3749 1698 3785 irruit
1710 3759 1824 3794 quum
1841 3753 1935 3786 Mars
1953 3760 2082 3786 recens
2099 3751 2300 3786 exercitum
2312 3776 2320 3790 ‚

1510 3811 1659 3843 senatus
1673 3808 1850 3853 imperat,
1868 3817 2068 3853 manusque
2089 3809 2251 3843 conficit.

2042 3895 2110 3934 12.

1475 3975 1547 4012 lon
1566 3974 1684 4022 poeta
1702 3973 1743 4012 in
1759 3973 1820 4012 his
1839 3983 1930 4023 quae
1951 3948 2082 4012 soluta
2106 3973 2285 4012 oratione
2307 3971 2482 4021 scripsit,
2516 3971 2713 4010 fortunam

114 4033 303 4074 Chiorum
317 4035 490 4085 legatum
502 4065 514 4086 ,
530 4035 599 4086 qui
622 4037 667 4075 ut
681 4034 789 4076 Chiis
807 4036 1053 4077 frumentum
1072 4037 1280 4086 exportare
1299 4036 1360 4076 li-·
1423 4035 1493 4084 ait,
1510 4037 1551 4075 et
1566 4035 1814 4086 sapientiam,
1833 4047 1961 4087 quum
1987 4036 2065 4075 sint
2081 4036 2182 4075 inter
2202 4046 2243 4074 se
2259 4034 2541 4081 dissimillimae,
2560 4033 2713 4073 similli-

52 4098 172 4138 απτ
181 4127 194 4147 ,
206 4098 381 4148 rogabat,
396 4099 583 4148 quoniam
598 4099 640 4138 in
651 4099 825 4150 rogando
840 4100 995 4150 prolixa
1012 4101 1141 4140 fuerat
1158 4111 1252 4140 usus
1265 4111 1350 4139 ora·

1423 4110 1581 4139 marum
1591 4111 1726 4140 rerum
1738 4101 1956 4141 effectrices
1967 4112 2065 4141 esse.
2081 4102 2234 4151 Augent
2247 4099 2375 4138 amba:
2388 4101 2424 4138 ct
2439 4101 2578 4138 ornant
2594 4096 2710 4148 viros,
2765 4117 2768 4119 ·

66 4159 194 4211 tione,
210 4173 253 4202 re
274 4161 418 4204 infecta
431 4163 695 4203 amandarunt
714 4163 1068 4214 (Lacedaemonii).
1088 4163 1204 4202 Misso
1220 4164 1351 4203 autem
1389 4179 1393 4188 =
1424 4165 1475 4205 ad
1490 4166 1670 4216 gloriam,
1686 4166 1902 4217 potentiam
1915 4196 1926 4216 ‚
1943 4165 2153 4216 imperium
2169 4164 2353 4203 evehunt.

240 4241 470 4270 FRAGMENTA
497 4242 599 4271 ms'r.
628 4244 694 4271 GR·
718 4243 808 4272 vot..
837 4244 878 4271 ll-

587 4294 603 4309 a

2513 4238 2535 4268 4
