3016 4628
1082 328 1165 375 DE
1207 324 1409 375 REBUS
1455 323 1756 374 PUBLICIS.

167 451 202 482 ε.
237 433 385 494 Φᾶμις
409 429 554 494 ἅρχων
577 421 643 486 ἧν,
667 426 740 474 καὶ
763 424 914 473 τούτου
935 423 1030 478 τοὺς
1056 424 1170 477 υἱοὺς
1193 424 1251 477 ὡς
1272 424 1384 488 ἱερο-

0 496 34 551 ¹&
104 505 254 560 σύλους
281 501 513 552 συνέλαδον
536 499 726 553 θύοντας.
763 495 910 563 (Ὅπερ
935 495 1041 562 φασὶ
1065 496 1139 544 καὶ
1165 496 1265 562 περὶ
1300 495 1383 544 Αἴ-

35 583 61 631 ὕ
104 596 245 626 σωπον
279 573 515 640 γεγονέναι·
539 571 612 620 καὶ
647 569 730 636 γὰρ
760 570 915 622 ἐκεῖνος
950 568 1021 615 ἐπὶ
1051 567 1268 633 ἱεροσυλίᾳ
1299 569 1383 614 διε-

39 645 50 666 ”
101 647 268 713 φθάρη,
297 645 451 710 φιάλης
472 646 635 711 χρυσῆς
654 639 919 707 φωραθείσης
943 641 986 687 ἐν
1019 646 1105 694 τοῖς
1135 639 1383 704 στρώμασιν

100 722 246 768 αὐτοῦ.

422 824 642 873 XXXIII.
675 820 1047 870 ΑΘΑΜΑΝΩΝ.

163 940 238 990 Ἐν
259 936 313 1004 τῇ
334 937 583 1001 Ἀθαμάνων
605 936 728 1002 χώρᾳ
749 940 984 1002 γεωργοῦσι
1004 934 1082 1000 μὲν
1107 936 1151 983 αἱ
1169 935 1382 998 γυναῖκες’,

98 1013 270 1078 νέμουσι
294 1010 339 1060 δὲ
361 1013 399 1060 οἱ
424 1011 596 1076 ἄνδρες.’

456 1125 635 1175 XXIV.
675 1124 1020 1174 ΚΥΘΗΡΙΩΝ.

162 1242 371 1308 Κυθήριοι
403 1241 447 1290 δὲ
478 1241 572 1308 ὄψῳ
600 1243 715 1307 τυρῷ
747 1243 939 1306 χρῶνται
969 1239 1044 1287 καὶ
1076 1239 1242 1293 σύκοις·
1267 1238 1384 1304 φέρει

97 1314 180 1382 γὰρ
203 1318 231 1373 ἡ
251 1319 378 1373 ν’ῆσος
401 1314 542 1362 πολλὰ
567 1313 642 1360 καὶ
673 1312 771 1376 μέλι
793 1312 867 1360 καὶ
889 1304 1017 1362 οἶνον.
1044 1312 1314 1377 Φιλάργυροι
1339 1310 1384 1358 δέ

99 1389 180 1438 εἷσι
202 1386 276 1436 καὶ
305 1385 523 1452 φιλόπονοι
541 1384 596 1433 τὰ
618 1385 824 1448 μάλιστα.

501 1502 645 1551 XXV.
682 1501 975 1550 ΡΗΓΙΝΩΝ-ι

163 1616 337 1680 Ῥήγιον
360 1615 523 1682 ᾤκισαν
546 1616 776 1669 Χαλκιδεῖς
796 1617 834 1662 οἱ
858 1618 933 1662 ἀπ’
957 1615 1150 1679 Εὐρίπου
1169 1612 1238 1660 διὰ
1259 1612 1384 1675 λιμὸν

99 1688 380 1743 ἀναστάντες·
401 1686 646 1752 παρέλαὸον
672 1686 715 1734 δὲ
739 1686 813 1734 καὶ
842 1689 890 1734 ἐκ
918 1685 1253 1743 Πελοποννήσου
1289 1683 1386 1740 τοὺς

99 1761 368 1818 Μεσσηνίους
390 1759 486 1813 τοὺς
518 1762 561 1807 ἐν
585 1758 800 1824 Μακίστῳ
826 1758 1034 1824 τυχόντας
1061 1757 1130 1805 διὰ
1160 1757 1237 1815 τὴν
1263 1755 1384 1823 &epm

97 1835 181 1880 τῶν
203 1831 535 1897 Σπαρτιατίδων
558 1829 796 1896 παρθένων,
821 1831 871 1895 (2)
894 1830 983 1879 Καὶ
1002 1829 1242 1896 συνῴκισαν
1262 1833 1386 1895 πρῶ-

97 1923 168 1952 τον
184 1903 304 1969 παρὰ
323 1903 394 1951 τὸν
408 1903 629 1952 Ἰοκάστου
648 1903 796 1969 τάφον,
814 1903 904 1957 ἑνὸς
920 1907 1004 1950 τῶν
1022 1903 1180 1952 Αἰόλου
1202 1902 1386 1962 παίδων,

97 1974 144 2024 ὅν
163 1995 291 2042 φασιν
315 1977 543 2023 ἀποθανεῖν
568 1974 788 2038 πληγέντα
821 1974 903 2022 ὑπὸ
933 1973 1179 2038 δράκοντος.
1210 1975 1262 2038 (3)
1295 1973 1387 2023 Καὶ

96 2046 294 2114 χρησμὸν
324 2045 516 2106 ,ἔλαὸον,
557 2045 707 2096 εὈπου
743 2045 794 2094 ἂν
833 2050 860 2105 ἡ
904 2046 1053 2105 θήλεια
1090 2046 1161 2094 τὸν
1179 2051 1182 2053 ’
1203 2046 1360 2113 ἄρρενα
1375 2066 1387 2078 ·

7 2137 9 2139 ’
44 2167 50 2171 ,
97 2118 172 2167 καὶ
222 2117 378 2173 ἰδόντες
421 2117 558 2184 πρίνῳ
604 2119 944 2184 περιπεφυκυῒαν
992 2117 1200 2182 ἄμπελον,
1240 2123 1387 2165 τοῦτον

99 2182 206 2238 εἶναι
238 2189 310 2237 τὸν
333 2190 464 2237 τόπον
490 2190 694 2247 συνῆκαν.
724 2190 775 2254 (3)
802 2189 866 2238 Τὸ
897 2189 942 2236 δὲ
973 2189 1151 2255 χωρίον,
1173 2191 1217 2236 ἓν
1250 2182 1285 2253 ᾧ
1309 2188 1388 2247 τὴν

97 2262 221 2310 πόλιν
256 2261 434 2328 ᾤκισαν,
463 2260 642 2325 <Ρήγιον
674 2262 868 2309 ἐκαλεῖτο
906 2262 992 2309 ἀπό
1028 2281 1140 2316 τινος
1178 2262 1388 2327 ἐγχωρίου

98 2333 252 2399 ἥρωος.
294 2334 347 2397 (4)
383 2333 611 2380 Πολιτείαν
650 2332 694 2379 δὲ
733 2332 1057 2391 κατεστήσαντο
1087 2334 1390 2397 ἀριστοκρατι-

52 2468 55 2474 .
99 2405 202 2464 κήν·
236 2404 368 2470 χίλιοι
397 2402 481 2468 γὰρ
509 2402 654 2451 πάντα
683 2405 929 2464 διοικοῦσιν,
954 2404 1113 2470 αἱρετοὶ
1144 2404 1230 2451 ἀπὸ
1255 2423 1390 2467 τιμη-

71 2499 75 2505 ·
101 2477 264 2541 μάτων.
302 2476 466 2539 Νόμοις
501 2475 545 2523 δὲ
584 2478 773 2542 ἐχρῶντο
803 2483 890 2531 τοῖς
920 2475 1160 2540 Χαρώνδου
1192 2482 1265 2524 τοῦ
1295 2481 1391 2525 Κα-

38 2603 39 2606 ¹
99 2550 291 2598 ταναίοο.
319 2549 370 2615 (5)
403 2547 695 2614 Ἐτυράννησε
719 2549 765 2597 δὲ
787 2551 928 2596 αὐτῶν
962 2548 1181 2604 Ἀναξίλας
1206 2549 1388 2607 Μεσσή-

101 2641 206 2676 νιος·
239 2621 314 2670 καὶ
350 2619 530 2679 νικήσας
564 2620 790 2685 Ὀλύμπια
824 2621 1035 2684 ἡμιόνοις,
1066 2622 1255 2669 εἱστίασε
1293 2622 1391 2677 τοὺς

51 2707 57 2730 ἒ
99 2692 341 2750 Ἓλληνας·
365 2691 441 2740 καί
466 2711 527 2747 τις
557 2692 682 2740 αὐτὸν
716 2692 965 2759 ἐπέσκωψεν
999 2692 1149 2741 εἰπών·
1180 2687 1317 2748 Οῧτος
1349 2694 1392 2741 τί

102 2764 155 2812 ἂν
190 2764 323 2813 ἐποίει
359 2763 537 2823 νικήσας
568 2764 741 2829 ἵπποις,
769 2766 978 2825 Ἐποίησε
1009 2765 1054 2814 δὲ
1084 2765 1159 2814 καὶ
1185 2766 1390 2814 ἐπινίκιον

104 2836 368 2902 Σιμωνίδης·
412 2848 418 2852 ”

205 2929 357 2981 Χαίρετ’
374 2928 615 2969 ἀελλοπόδων
634 2929 811 2982 θύγατρες
831 2930 975 2970 ἵππων.

105 3066 168 3093 ται
190 3053 378 3105 γνωρίζων
392 3055 460 3101 τὴν
474 3054 679 3105 γενομένην
699 3054 827 3100 αὐτοῖς
851 3054 956 3104 (τοῖς
969 3055 1176 3105 Μάγνησι)
1194 3056 1391 3107 συμφορὰν

70 3155 78 3170 ,y
106 3111 301 3152 Κλαίειν
324 3111 382 3151 τὰ
407 3112 594 3152 Θασίων
621 3112 704 3162 (sic
719 3113 956 3166 Tiiyrwitt.;
986 3114 1130 3153 θᾶσσον
1153 3113 1245 3153 edd.
1267 3115 1362 3153 vett.
1379 3128 1391 3164 ;

107 3167 260 3208 θάσσων
274 3169 337 3209 vel
353 3169 463 3209 θείων
483 3169 632 3220 codd.),
649 3171 703 3210 οὐ
717 3171 773 3210 τὰ
789 3173 828 3210 Μ
838 3172 1055 3220 αγνήτων
1071 3185 1132 3210 κα
1142 3171 1211 3211 κά.
1227 3172 1393 3211 Schnei-

106 3225 284 3266 dewinus
293 3256 305 3276 ‚
315 3227 380 3266 cui
395 3226 492 3266 illud
509 3240 530 3266 ο
539 3227 562 3266 ὐ
580 3228 718 3278 frigere
727 3229 901 3279 videtur,
913 3229 1166 3269 scribendum
1182 3231 1367 3281 proponit
1382 3247 1392 3270 z

0 3306 2 3313 ν
71 3306 97 3338 «Γ
108 3283 240 3324 Κλαίω
247 3286 296 3324 τὰ
304 3284 477 3334 Θασίων,
488 3285 533 3324 οὗ
542 3286 590 3324 τὰ
599 3287 653 3326 Μ.
664 3286 782 3326 κακά.
794 3287 1051 3338 Reliquorum
1061 3290 1228 3328 conatus
1239 3289 1395 3329 omitto.

104 3341 295 3382 Ueterum
312 3342 542 3393 ἀτυχήματα
554 3342 596 3382 h.
614 3343 643 3382 l.
656 3344 749 3383 sunt
768 3344 1018 3395 ἀσεὸήματα,
1035 3348 1223 3385 monente
1235 3347 1396 3386 Schnei-

0 3400 2 3406 ’
59 3423 86 3456 3
100 3397 279 3449 dowin03
289 3409 329 3438 v.
348 3400 695 3450 Schweighaeuser.
714 3403 811 3442 Lex.
826 3402 963 3453 Polyb.
978 3414 1010 3442 s.
1022 3413 1061 3444 v.
1080 3405 1121 3443 et
1132 3404 1272 3444 suidas
1283 3416 1315 3444 s.
1327 3415 1366 3444 v.
1380 3420 1393 3446 e

4 3478 5 3482 =
72 3456 170 3503 228&
179 3457 392 3507 Μαγνήτων
398 3457 514 3497 κακά·
524 3458 586 3497 ἐπὶ
595 3462 670 3498 τῶν
681 3459 872 3510 μεγίστων
881 3462 947 3499 καὶ
960 3460 1234 3510 ἀλγεινοτάτων
1247 3468 1395 3513 κακῶν,

80 3519 81 3522 ’
102 3512 278 3564 ’Μῶαν
294 3514 398 3554 οὗτοι
415 3514 442 3554 ἀ
452 3529 477 3554 σ
486 3528 504 3554 ε
512 3515 536 3554 ὅ
545 3515 569 3562 ἠ
580 3529 606 3555 σ
615 3529 639 3555 α
647 3529 696 3554 ντ
704 3529 721 3555 ε
731 3530 747 3560 ς
771 3517 823 3562 εἰς
835 3517 917 3557 θεὸν
929 3519 1080 3558 πολλῶν
1099 3524 1231 3560 κακῶν
1244 3521 1397 3572 ἐπειρά-

90 3571 336 3617 -θησαν.-2.
353 3573 607 3626 Κολοφώνιοι]
621 3576 693 3614 Ao
722 3577 758 3614 οἱ
775 3577 824 3614 Κ.
842 3577 935 3616 cett.
948 3583 1047 3617 ——3.
1068 3578 1211 3630 Φᾶμις]
1233 3579 1398 3618 Schnei-

112 3625 232 3677 QW„
241 3629 368 3680 Φάμις
379 3629 494 3670 codd.
504 3629 672 3671 Phanis
683 3632 1087 3682 Vultejus.-0130vte;
1099 3635 1329 3687 αῖ).-ὅπερ]
1340 3640 1396 3681 Α;

114 3683 562 3739 ὃῐθῆιῃιί.-γεγονέναι]
573 3690 620 3739 Α,
629 3690 802 3738 γενέσθαι
812 3690 967 3741 reliqui.
982 3694 1083 3737 Quae
1095 3691 1144 3731 de
1155 3695 1297 3744 AEsopo
1309 3705 1400 3744 pau-

114 3741 172 3784 cis
183 3743 415 3796 tanguntur,
431 3746 556 3786 fusius
569 3749 773 3797 exponunt
791 3748 914 3788 schol.
930 3749 1126 3800 Aristoph.
1145 3754 1262 3801 Vesp.
1285 3755 1397 3802 1446,

115 3799 315 3842 Plutarch.
327 3804 386 3843 De
399 3814 433 3843 s.
449 3813 488 3842 n.
508 3813 549 3843 v.
570 3807 615 3843 12
627 3833 639 3854 ,
657 3815 695 3854 p.
713 3809 786 3845 556
798 3834 810 3854 ,
827 3805 1012 3847 Libanius
1031 3807 1142 3847 Decl.
1159 3812 1230 3857 39,
1249 3819 1288 3858 p.
1307 3813 1397 3859 687,

117 3858 165 3898 A.
188 3860 351 3910 AEsopus
369 3861 614 3911 Delphorum
633 3862 726 3902 dolo
741 3867 780 3902 et
805 3863 942 3903 fraude
962 3865 1170 3914 tamquam
1189 3865 1400 3915 sacrilegus

115 3913 421 3967 condemnatus,
442 3918 674 3968 facinusque
695 3919 857 3970 Delphis
874 3920 976 3960 iram
990 3921 1166 3974 divinam
1186 3923 1399 3974 excitavit,

118 3970 332 4021 natumque
347 3973 438 4013 hinc
459 3975 710 4025 proverbium
722 3978 940 4017 Αἶσωπεῖον
959 3979 1057 4027 αἷμα
1074 3977 1294 4029 (Zenob.1,
1315 3980 1397 4030 47).

115 4027 280 4076 Prorsus
300 4029 442 4071 similia
465 4032 526 4072 his
546 4033 663 4073 fuisse
677 4044 768 4084 quae
786 4035 1055 4075 dePhamidis
1070 4036 1159 4076 filiis
1173 4038 1311 4076 auctor
1329 4048 1400 4077 ex-

71 4102 98 4142 Ιγγ·
114 4085 306 4135 -mptoris
326 4090 448 4128 nostri
466 4091 663 4140 narravit,
689 4092 809 4142 idque
832 4095 1036 4143 tamquam
1058 4095 1255 4144 specimen
1274 4095 1402 4145 quod-

119 4138 453 4208 dam-Magnetum
467 4148 723 4198 ἀτυχημάτων
742 4149 824 4190 sive
839 4150 1093 4203 ἀσεὸημάτων
1105 4152 1302 4202 prolatum
1319 4164 1402 4193 esse

84 4203 89 4210 ‘
122 4202 336 4252 suspicatur
354 4204 688 4246 Schneidewinus.

2651 340 2743 379 219

1511 435 1548 469 2.
1579 430 1740 470 Phamis
1759 439 1897 469 eorum
1915 430 2094 480 princeps
2113 432 2197 470 erat
2209 462 2219 479 ,
2240 435 2351 481 cujus
2375 434 2473 473 lilios
2489 435 2747 485 comprehen-

1459 500 1627 550 derunt,
1646 502 1778 551 utqui
1801 501 2049 551 sacrilegium
2076 502 2177 540 inter
2203 504 2502 545 sacrificandum
2530 508 2747 547 commisis-

1459 573 1560 612 sent.
1596 572 1712 620 Quod
1746 575 1892 622 AEsopo
1918 582 2078 622 quoque
2103 573 2291 613 accidisse
2320 579 2555 617 memorant.
2588 581 2685 618 Nam
2718 580 2750 619 is

1460 655 1618 695 quoque
1635 646 1841 695 tamquam
1860 644 2049 693 sacrilegii
2065 654 2156 683 reus
2177 647 2337 685 necatus
2351 649 2433 697 est,
2453 660 2576 698 quum
2598 654 2750 700 reperta

1460 718 1561 757 esset
1579 716 1620 756 in
1639 715 1821 767 stragulis
1836 716 1921 766 eJus
1937 726 2056 755 aurea
2071 716 2215 766 phiala.

1778 824 1960 871 XXIII.
1996 822 2434 872 ATHAMANUM.

1513 941 1559 979 In
1571 949 1618 980 ea
1629 939 1789 990 regione
1803 949 1925 990 quam
1939 939 2179 979 Athamanes
2189 938 2369 979 habitant
2381 969 2393 990 ‚
2407 940 2592 982 mulieres
2606 941 2751 982 terram

1461 1013 1619 1064 colunt,
1637 1012 1712 1052 viri
1730 1022 1864 1063 greges
1880 1012 2060 1062 pascunt.

1759 1129 1940 1178 XXIV.
1978 1086 2464 1179 CYTHERIORUM.

1513 1242 1689 1294 cytherii
1708 1242 1872 1285 obsonio
1891 1242 2060 1282 utuntur
2087 1252 2202 1282 caseo
2227 1242 2267 1282 et
2293 1241 2471 1291 ficubus;
2497 1243 2625 1282 insula
2650 1244 2754 1283 enini

1461 1317 1611 1365 multa,
1631 1317 1721 1356 tum
1747 1315 1823 1356 alia
1850 1316 1937 1355 tum
1959 1315 2039 1355 mel
2065 1316 2106 1355 et
2123 1315 2265 1354 vinum
2288 1315 2486 1366 producit.
2523 1318 2626 1356 Sunt
2652 1328 2754 1367 prae·

1461 1390 1572 1430 terea
1591 1388 1701 1428 avari
1716 1388 1756 1428 et
1775 1387 1958 1427 industrii
1976 1398 2101 1438 quam
2121 1387 2311 1427 maxime.

1795 1490 1943 1539 XXV.
1978 1490 2429 1539 RHEGINORUM.

1515 1618 1711 1668 Rhegium
1726 1618 1989 1658 condiderunt
2012 1618 2310 1667 Chalcidenses,
2328 1618 2397 1669 qui
2417 1618 2467 1658 ab
2490 1618 2636 1669 Euripo
2655 1619 2758 1658 sanic

1463 1691 1658 1741 compulsi
1673 1691 1770 1730 illuc
1792 1691 2026 1741 migrarunt.
2046 1691 2325 1741 Adjunxerunt
2341 1692 2475 1730 autem
2491 1691 2565 1731 sibi
2584 1701 2633 1731 ex
2650 1692 2759 1731 Pelo·

1462 1774 1636 1814 ponneso
1652 1764 1868 1804 Messenios
1884 1774 1952 1804 eos
1968 1764 2142 1814 quitum
2158 1764 2311 1803 Macisti
2329 1763 2460 1815 (quod
2483 1763 2625 1804 Elidis
2641 1763 2757 1814 oppi-

1463 1836 1566 1876 dum
1582 1837 1661 1886 est)
1678 1836 1937 1875 morabantur
1949 1836 2001 1875 oh
2016 1835 2184 1876 violatas
2196 1836 2366 1886 virgines
2381 1837 2590 1886 spartanas
2602 1836 2761 1876 exulan·

1460 1910 1532 1948 tes.
1564 1909 1618 1959 (2)
1648 1909 1888 1948 Habitarunt
1914 1910 2049 1949 autem
2075 1908 2187 1948 initio
2209 1908 2313 1959 apud
2345 1909 2485 1948 locasti
2509 1910 2759 1959 sepulcrum,

1462 1981 1532 2032 qui
1548 1991 1650 2020 unus
1667 1980 1841 2020 filiorum
1858 1981 1960 2021 AEoli
1986 1981 2093 2031 erat,
2109 1982 2148 2021 et
2163 1992 2283 2031 quem
2301 1981 2432 2020 ferunt
2450 1992 2474 2020 a
2493 1981 2664 2020 dracone
2690 1981 2761 2019 lat·-

1462 2064 1552 2093 sum
1573 2053 1780 2093 interiisse.
1800 2053 1857 2104 (3)
1874 2053 2095 2093 oraculum
2111 2054 2247 2092 autem
2267 2053 2312 2092 iis
2328 2053 2527 2092 redditum
2548 2053 2700 2098 suerat,
2716 2054 2762 2091 ut

1463 2124 1533 2164 ubi
1558 2124 1707 2165 femina
1724 2126 1856 2164 virum
1887 2125 2250 2175 (complecteretur,
2274 2124 2329 2164 ibi
2350 2124 2490 2164 urbem
2513 2125 2760 2174 conderent).

1464 2197 1603 2246 Itaque
1633 2196 1814 2237 videntes
1846 2197 1972 2236 vitem
2001 2195 2236 2247 implicitam
2267 2196 2369 2246 ilici,
2390 2197 2498 2236 hunc
2526 2197 2660 2236 locum
2688 2197 2763 2235 sibi

1463 2267 1710 2318 designatum
1727 2279 1812 2309 esse
1829 2269 2128 2309 intellexerunt.
2154 2268 2209 2318 (4)
2228 2269 2356 2308 Locus
2378 2269 2446 2308 ubi
2465 2269 2606 2308 urbem
2626 2268 2762 2308 condi·

1463 2340 1622 2389 derunt,
1635 2340 1828 2391 Rhegium
1840 2340 2046 2381 dicebatur
2059 2340 2108 2379 ab
2124 2340 2244 2380 heroe
2255 2339 2430 2390 quodam
2442 2340 2636 2390 indigena.
2650 2343 2761 2380 Rem·

1465 2412 1668 2464 publicam
1695 2412 1988 2453 constituerunt
2013 2413 2326 2452 aristocraticam
2338 2425 2350 2462 ;
2371 2413 2570 2462 eliguntur
2590 2412 2694 2452 enim
2712 2424 2763 2451 ex

1466 2497 1587 2525 censu
1603 2485 1712 2525 mille
1730 2484 1806 2525 viri
1821 2484 1891 2535 qui
1907 2484 2040 2524 omnia
2058 2483 2347 2524 administrant.
2367 2485 2534 2535 Legibus
2549 2485 2763 2524 utebantur

1467 2557 1691 2598 Charondae
1707 2556 1896 2598 Catanaei.
1912 2558 1965 2607 (5)
1978 2556 2240 2607 Tyrannidem
2253 2556 2359 2607 apud
2368 2567 2435 2596 eos
2446 2556 2563 2606 gessit
2572 2557 2759 2596 Anaxilas

1467 2629 1681 2670 Messenius
1691 2659 1703 2680 ‚
1720 2629 1790 2680 qui
1805 2614 1931 2680 quum
1946 2629 1987 2668 in
2003 2629 2222 2669 certamine
2235 2629 2422 2679 Olympio
2437 2628 2621 2668 mulabus
2635 2629 2762 2668 victor

1467 2702 1702 2752 exstitisset,
1727 2704 1890 2743 Graecos
1919 2701 2103 2741 convivio
2123 2702 2291 2752 excepit.
2313 2701 2427 2741 Unde
2451 2700 2586 2751 iocum
2605 2701 2647 2740 in
2669 2711 2763 2740 eum

1465 2774 1619 2824 jactans
1638 2773 1800 2824 quidam
1825 2774 1927 2813 dixit
1948 2790 1957 2814 :
1982 2790 2003 2809 «
2031 2775 2082 2814 Et
2108 2774 2204 2824 quid
2234 2774 2299 2813 hic
2319 2774 2494 2824 fecisset,
2511 2774 2543 2814 si
2572 2773 2685 2824 equis
2702 2773 2764 2812 vi-

1470 2846 1609 2886 cisset?
1626 2862 1646 2881 υ
1665 2846 1887 2897 Epinicium
1906 2846 1943 2886 ei
1962 2846 2056 2887 fecit
2077 2846 2319 2897 Simonides,
2335 2845 2444 2898 quod
2464 2845 2521 2886 sic
2539 2845 2678 2897 incipit
2698 2860 2710 2885 z

1554 2930 1704 2967 Salvete
1720 2931 1910 2967 velocium
1927 2939 2117 2975 equarum
2132 2930 2234 2966 filiae.

1516 3059 1664 3100 xxm.
1685 3056 1864 3096 Titulum
1881 3068 1962 3096 om.
1980 3057 2099 3106 abc-9.
2118 3059 2176 3097 De
2192 3067 2236 3097 re
2251 3056 2302 3096 ct'.
2320 3057 2478 3098 Miiller.
2496 3058 2603 3098 Min.
2620 3068 2659 3108 p.
2675 3059 2764 3097 254.

1519 3119 1664 3158 XXIV.
1693 3115 1851 3155 Titulus
1865 3115 1976 3155 deest
1991 3115 2032 3154 in
2049 3115 2168 3164 abcq.

1517 3177 1641 3223 XXV,
1664 3178 1699 3214 1.
1717 3173 1922 3224 Μακίστῳ]
1939 3173 2115 3223 κακίστῳ
2129 3173 2210 3212 AC.
2228 3197 2277 3205 —
2297 3171 2598 3223 Σπαρτιατίδων]
2615 3171 2766 3222 abdeq.

1467 3232 1715 3284 Σπαρτιάδων
1734 3232 1770 3267 A
1778 3232 1859 3271 GP.
1877 3234 1936 3270 De
1948 3242 1990 3270 re
2005 3242 2045 3270 V.
2064 3230 2205 3270 Strabo
2224 3232 2279 3269 VI
2291 3259 2302 3279 ,
2316 3241 2356 3279 p.
2376 3233 2447 3270 257
2463 3243 2474 3278 ;
2490 3230 2643 3269 Mulier.
2667 3233 2763 3270 Dor.

1466 3295 1508 3342 1,
1533 3303 1574 3342 p.
1604 3292 1689 3330 148.
1719 3295 1814 3338 2603
1844 3288 2170 3329 Schneidewinus
2200 3291 2260 3327 De
2290 3287 2418 3326 Diana
2451 3287 2694 3327 Phacelitide
2725 3290 2766 3327 et

1468 3349 1608 3388 Oreste
1622 3345 1727 3397 apud
1740 3345 1936 3395 Rheginos
1947 3347 1987 3384 et
2002 3345 2164 3385 Siculos.
2179 3345 2404 3393 Goettingae.
2419 3349 2530 3385 1832.
2546 3367 2596 3372 —
2610 3350 2646 3384 2.
2661 3346 2765 3395 παρὰ

1467 3405 1549 3456 τὸν]
1568 3409 1623 3453 Α;
1647 3404 1730 3454 περὶ
1750 3404 1815 3442 τὸν
1832 3402 1987 3452 reliqui.
2016 3426 2068 3437 -
2091 3402 2248 3452 Αἰόλου]
2278 3403 2446 3450 Koeler.,
2475 3403 2613 3441 διώλου
2639 3412 2757 3450 supra

1468 3463 1595 3513 cripto
1620 3475 1687 3510 αι,
1724 3464 1780 3505 C;
1803 3461 1932 3499 διόλου
1953 3464 2038 3510 Py,
2066 3461 2209 3499 διώλου
2236 3460 2391 3511 reliqui.
2415 3463 2473 3499 De
2496 3461 2601 3499 Iolao
2627 3458 2760 3508 Rhegii

1469 3520 1673 3560 conditore
1698 3530 1738 3557 v.
1760 3518 2029 3559 Callimachus
2050 3518 2123 3567 (fr.
2153 3519 2253 3568 202)
2271 3529 2334 3568 ap.
2361 3518 2485 3558 schol.
2508 3518 2669 3565 Dionys.
2689 3520 2757 3555 ⁴61

1468 3580 1509 3618 et
1523 3579 1656 3618 TzetZ.
1675 3579 1767 3626 Lyc.
1792 3579 1864 3624 45;
1886 3575 2049 3616 Diodor.
2071 3577 2121 3625 V,
2142 3580 2180 3625 83
2205 3576 2386 3615 Eustath.
2405 3575 2456 3614 ad
2475 3576 2638 3623 Dionys.
2671 3576 2760 3612 462.

1468 3661 1520 3670 —·
1536 3635 1709 3686 χρησμὸν
1726 3633 1877 3684 ἔλαὸον]
1896 3646 1956 3685 χρ.
1975 3633 2154 3680 ἐποίησεν
2171 3637 2218 3674 A.
2247 3650 2266 3668 (ι
2286 3636 2460 3685 χρησμὸν
2481 3634 2522 3671 in
2539 3632 2678 3670 ultima
2694 3641 2759 3680 pa·

1470 3694 1560 3744 gina
1595 3695 1647 3742 G,
1672 3692 1737 3731 cui
1766 3703 1892 3731 unum
1914 3691 2156 3730 vocabulum
2185 3692 2370 3738 ἐποίησαν
2402 3690 2666 3739 subscriptum
2687 3691 2761 3726 est.

1470 3750 1744 3790 Volueruntne
1775 3749 1949 3800 χρησμὸν
1986 3749 2191 3788 ἐκπεσεῖνὲ·
2228 3765 2248 3783 »
2285 3747 2539 3788 schneidew.
2581 3744 2762 3794 Suspicor

1471 3808 1590 3848 fuisse
1608 3808 1781 3858 χρησμὸν
1797 3807 1935 3846 ἔλαὸον
1956 3807 2184 3855 tanazitam
2202 3817 2294 3846 nam
2313 3803 2504 3855 ejusmodi
2520 3802 2683 3841 verbum
2694 3800 2760 3838 de·

1469 3865 1680 3906 sideratur.
1697 3886 1749 3893 —
1763 3866 1828 3904 τὸν
1844 3863 1996 3916 ἄρρενα]
2014 3864 2188 3913 ACbcdq
2197 3878 2214 3912 ;
2228 3865 2293 3903 τὸν
2310 3863 2416 3913 ἄρρεν
2433 3872 2486 3907 a;
2506 3860 2550 3898 τὸ
2566 3860 2687 3908 ἄρρενι
2700 3868 2729 3906 p
2742 3867 2759 3899 ἱ

1469 3924 1515 3962 τὸ
1538 3923 1646 3975 ἄρρεν
1673 3923 1828 3973 reliqui.
1851 3924 1944 3962 Post
1970 3923 2106 3974 ἄρρενα
2125 3921 2371 3970 subintellige
2397 3917 2522 3958 ὀπυίει
2548 3915 2611 3954 vel
2631 3913 2760 3953 simile

1471 3981 1639 4020 verbum
1672 3981 1903 4020 obscenum.
1938 3980 2153 4020 oraculum
2190 3978 2343 4028 plenius
2373 3973 2531 4014 exhibet
2564 3969 2763 4033 Diodorus*

1473 4038 1587 4088 (Exc.
1606 4037 1729 4089 Vat.)
1750 4040 1861 4087 VIII,
1883 4042 1956 4086 25,
1974 4037 2043 4075 ubi
2066 4036 2170 4074 vide.
2192 4055 2245 4063 —
2262 4033 2395 4082 πρίνῳ]
2417 4032 2543 4080 ἐρινεῷ
2564 4025 2759 4066 Diodorus

1472 4094 1592 4135 habet
1617 4095 1644 4135 l.
1663 4096 1690 4134 1.
1708 4094 1964 4145 -συνῆκαν]
1993 4105 2076 4133 om.
2108 4096 2189 4132 AG.
2204 4114 2254 4123 -
2269 4089 2346 4128 ἀπό
2375 4101 2472 4131 τινος
2502 4086 2585 4150 ἐγχ.
2618 4082 2758 4132 ἥρωος]

1472 4153 1601 4202 Vulgo
1620 4153 1733 4192 aliter
1747 4153 1951 4200 statuunt,
1971 4151 2032 4190 uti
2053 4150 2386 4190 constat.·v0cem
2405 4145 2592 4192 ἐγχωριου
2609 4151 2690 4178 om.
2708 4143 2754 4202 fi.

1475 4232 1524 4239 —
1543 4214 1582 4250 3.
1603 4210 1744 4262 πάντα]
1759 4210 1896 4255 πάντες
1912 4211 1992 4250 ΛΟ.
2014 4231 2061 4243 ι-
2082 4213 2102 4248 5
2123 4207 2291 4246 εἱστίασε
2315 4201 2415 4251 κτλ.]
2436 4204 2520 4241 Non
2543 4198 2593 4237 dc
2617 4201 2757 4237 Anaxi·
