3016 4628
263 270 323 310 46
1416 258 1582 306 10le
1619 258 1752 306 cffll

262 389 344 417 των
367 369 402 416 δ’
419 372 441 416 6
465 367 684 423 Σινωπεὺς
709 370 752 415 ἐν
776 368 991 460 τοῒςᾷΠερὶ
1015 367 1165 422 Ἴωνος
1186 373 1260 415 τοῦ
1278 373 1460 426 ποιητοῦ
1485 388 1554 434 φι-

263 441 448 500 λοπότην
472 441 576 506 φησὶ
610 441 809 506 γενέσθαι
839 441 914 489 καὶ
949 441 1271 508 ἐρωτικώτατον
1301 441 1373 488 τὸν
1398 437 1551 488 ’.Ιωνα

263 515 354 563 Και
374 515 500 569 αὐτὸς
519 515 607 562 δὲ’
589 535 631 562 εν
658 516 743 569 τοῖς
764 514 1004 580 ἐλεγείοις’
985 522 1086 580 ερᾶν
1109 514 1186 576 μὲν
1208 516 1408 578 ὁμολογεῖ
1428 516 1554 578 Χρυ-

259 588 413 647 σίλλης
435 608 511 646 της
537 587 783 654 Κορινθίας,
801 587 963 637 Τελέου
986 587 1029 635 δὲ
1045 586 1276 653 θυγατρὸς,
1299 591 1350 644 ἦς
1373 605 1447 633 και
1472 588 1556 634 Πε-

261 660 412 724 ρικλέα
434 681 513 710 τον
525 660 805 724 Ὀλύμπιονε
786 669 885 726 ερᾶν
906 660 1353 727 φησὶΤηλεκλείδης’
1335 678 1377 706 εν
1401 657 1555 707 Ἣσίό-

262 735 364 788 δοις.
390 736 483 782 Sed
503 736 729 794 ejusmodi
753 737 976 780 machinis
998 736 1126 780 haud
1152 750 1268 795 opus
1289 744 1381 780 est.
1405 736 1553 793 Legas

262 808 426 869 fragmx.
453 825 528 868 19,
554 810 637 852 ubi
660 809 883 869 Spartana
909 810 1055 852 virtus
1095 818 1141 853 et
1177 805 1555 865 breviloquentia

259 883 448 926 summis
458 881 674 926 laudibus
686 883 987 938 extolluntur,
1000 891 1139 940 atque
1150 880 1268 924 illud
1286 878 1367 940 (7),
1383 894 1477 939 quo
1496 879 1555 923 de

259 955 453 1000 Cimone
495 957 589 1016 egit
629 957 710 1015 qui
757 955 1119 1000 Lacedaemoniis
1165 961 1328 997 contra
1365 953 1556 996 Helotes

261 1029 584 1087 opitulandum
607 1043 698 1073 esse
715 1029 867 1083 suasit,
885 1043 945 1072 ne
970 1027 1133 1072 clauda
1150 1025 1231 1070 fiat
1253 1026 1450 1085 Graecia3
1470 1041 1556 1069 ne-

260 1091 352 1160 que
376 1117 657 1161 quemquam
680 1101 824 1161 fugiet
839 1103 1010 1145 >Ionem
1031 1100 1241 1160 partibus
1261 1099 1556 1158 optimatium

261 1174 448 1230 favisse,
475 1175 556 1233 qui
592 1189 773 1232 semper
796 1174 845 1216 in
868 1172 1246 1218 Lacedaemonios
1269 1173 1555 1230 propensio-

260 1262 355 1302 res,
382 1248 571 1292 Periclis
595 1256 727 1291 erant
747 1246 1012 1293 adversarii.
1034 1246 1135 1302 Qua
1161 1260 1218 1288 ex
1237 1253 1371 1303 parte
1395 1245 1555 1289 similis

260 1320 346 1364 suit
370 1321 506 1364 amici
530 1321 598 1364 sui
625 1319 870 1378 Sophoclis
895 1317 963 1378 (v,
993 1319 1248 1363 Hermann.
1281 1317 1342 1360 ad
1378 1317 1550 1376 OEdip.

258 1407 307 1452 p.
343 1393 446 1453 39).
486 1395 542 1436 In
580 1393 694 1437 Chio
729 1393 880 1452 patria
914 1407 1072 1436 rerum
1104 1391 1555 1435 administrationem

262 1475 362 1509 tum
387 1481 528 1526 penes
566 1466 810 1524 optimates
834 1464 970 1509 fuisse
994 1463 1243 1508 commode
1266 1473 1428 1507 monet
1449 1465 1555 1508 Ro·-

219 1580 227 1587 ,
261 1538 412 1582 sclier.
443 1538 553 1592 Clio,
579 1540 627 1594 Ι,
649 1552 699 1596 p.
730 1551 841 1596 292.

325 1611 428 1653 Jam
453 1609 581 1668 quod
602 1611 765 1654 attinet
782 1609 1006 1653 orationis
1030 1609 1242 1653 colorem
1257 1616 1396 1668 atque
1425 1607 1552 1652 dele-

261 1691 388 1725 ctum
406 1697 561 1726 rerum
585 1681 926 1726 narrandarum
941 1715 953 1737 ‚
982 1683 1058 1726 vel
1081 1683 1130 1725 in
1155 1682 1317 1741 paucis
1342 1697 1443 1740 quae
1465 1682 1555 1725 ha—

259 1753 423 1797 bemus
446 1755 653 1813 reliquiis
675 1763 824 1813 poetae
848 1755 1123 1812 symposiaci
1147 1755 1385 1814 ingenium
1407 1769 1558 1814 agno-

259 1826 426 1870 scimus
437 1841 574 1870 suave
591 1825 920 1884 etjucundum.
938 1827 1271 1870 Conviviorum
1288 1826 1563 1885 descriptio-

260 1913 341 1942 nes
364 1907 411 1942 et
442 1914 677 1943 sermones
713 1899 774 1944 ad
802 1900 972 1958 pocula
1005 1900 1154 1943 habiti
1187 1899 1363 1943 bonam
1402 1901 1558 1959 operis

259 1979 441 2030 partem
482 1972 839 2031 absumpserint.
882 1973 1102 2016 Similiter
1140 1973 1188 2015 in
1212 1973 1335 2016 libro
1360 1975 1431 2017 De
1455 1973 1558 2017 Chii

261 2045 521 2103 originibus
566 2059 661 2105 prae
712 2046 875 2089 ceteris
925 2046 1219 2105 OEnopionis
1260 2045 1466 2089 fabulam
1513 2055 1558 2088 et
1632 2060 1635 2063 ⁴

260 2132 363 2175 quae
394 2118 481 2162 alia
503 2117 562 2161 ad
595 2119 691 2160 vini
725 2118 956 2183 culturam
979 2126 1024 2161 et
1047 2133 1183 2161 usum
1214 2119 1420 2176 pertinet
1443 2114 1552 2182 ἀνὴρ

261 2186 492 2252 φιλοπότης
531 2190 795 2249 exposuisse
829 2190 1032 2236 videtur.
1066 2217 1127 2223 —
1157 2191 1355 2234 Dialecti
1395 2192 1557 2234 ionicae

259 2261 478 2319 reliquias
505 2263 611 2306 satis
632 2262 887 2306 luculentas
909 2262 1088 2321 praebet
1112 2261 1426 2322 fragmentum
1450 2264 1556 2322 pri—

259 2348 405 2377 mum.

735 2443 1073 2464 ⁴03-—

568 2527 1254 2635 ΥΠΟΜΝΗΜΑΤΑ,

722 2728 1089 2776 ΕΠΙΔΗΜΙΑΙ.

888 2858 929 2886 1.

327 2959 572 3003 Athenaeus
583 2959 721 3013 XIII,
739 2974 789 3017 p.
808 2957 919 3013 603,
939 2958 976 3000 E
1002 2973 1013 3000 ε
1031 2954 1300 3020 Φιλομεῖραξ
1315 2955 1358 3002 δὲ
1373 2949 1424 3014 ἦν
1439 2960 1460 3003 ὃ
1478 2958 1558 3004 Σο-

262 3032 443 3094 φοκλῆς,
463 3031 519 3082 ὡς
538 3029 776 3094 Εὐριπίδης
800 3027 1043 3092 φιλογύνης.
1072 3025 1176 3075 Ἴων
1201 3033 1303 3092 γοῦν
1328 3031 1350 3074 6
1374 3029 1556 3088 ποιητὴς

667 3169 1136 3218 COMMENTARII.

730 3269 1046 3313 EPIDEMIAE.

891 3343 909 3383 1
922 3373 932 3383 .

315 3415 360 3451 In
375 3399 762 3451 adolescentulorum
785 3406 962 3451 a'morem
984 3421 1134 3461 pronus
1159 3410 1278 3450 etiam
1300 3411 1375 3450 suit
1399 3411 1554 3461 Sopho·

262 3476 363 3525 cles,
381 3478 426 3515 ut
443 3476 482 3514 in
499 3476 711 3516 mulierum
727 3474 946 3526 Euripides.
966 3478 1038 3515 lon
1057 3474 1219 3524 quidem
1240 3476 1375 3525 poeta,
1398 3475 1435 3514 in
1456 3475 1557 3514 libro

262 3539 331 3590 qui
362 3540 589 3579 inscribitur
612 3539 848 3590 Epidemioe‚
873 3540 960 3579 haec
986 3539 1122 3579 scribit
1151 3555 1159 3579 :
1193 3554 1212 3572 «
1234 3541 1337 3578 Cum
1365 3539 1558 3589 Sophocle

263 3605 380 3654 poeta
406 3604 446 3643 in
473 3604 573 3644 Chio
600 3614 829 3653 congressus
848 3614 934 3642 sum
950 3633 962 3652 ,
980 3614 1106 3653 quum
1124 3602 1322 3642 exereitus
1343 3603 1558 3654 imperator

263 3668 433 3708 Lesbum
453 3668 679 3719 navigaret,
696 3668 782 3707 viro
797 3667 933 3717 ⁸iocoso
951 3667 1052 3708 inter
1075 3667 1218 3717 pocula
1235 3669 1274 3707 et
1290 3667 1440 3706 urbane
1456 3669 1554 3708 sace-

263 3733 317 3771 to.
337 3730 533 3771 convivio
549 3731 658 3770 illurn
676 3731 895 3781 excipiebat
918 3731 1206 3781 Hermesilaus‚
1231 3732 1271 3770 et
1288 3731 1470 3781 privatim
1487 3731 1555 3770 ho·

261 3806 372 3846 spes,
398 3796 438 3834 et
467 3794 762 3834 Atheniensium
787 3794 984 3845 publicus.
1004 3794 1064 3834 Ad
1080 3794 1208 3844 ignem
1228 3795 1358 3834 stabat
1382 3806 1480 3845 puer
1495 3794 1555 3834 vi-

262 3872 362 3900 num
378 3860 605 3901 ministrans
616 3892 626 3911 ‚
643 3859 905 3911 [rubicunda]
924 3859 1021 3899 racio
1037 3859 1197 3910 insignis
1216 3876 1224 3899 :
1240 3871 1359 3910 quem
1373 3860 1439 3899 ille
1451 3871 1557 3899 com-

262 3926 438 3976 pellans,
471 3941 490 3959 «
514 3926 610 3975 Vis,
638 3925 788 3976 inquit,
820 3926 995 3964 suaviter
1023 3936 1087 3965 me
1114 3925 1273 3964 bibere?
1304 3942 1323 3961 »
1353 3925 1558 3966 Adnuente

264 4000 388 4040 puero
406 4005 417 4029 ε
434 3989 556 4039 igitur
571 3989 677 4029 lente
696 3988 794 4028 mihi
805 4019 816 4038 ,
837 3989 914 4038 ait,
933 3990 972 4028 et
987 3989 1158 4029 admove
1172 3989 1361 4040 poculum
1377 3991 1417 4028 et
1432 3991 1556 4029 auser.

264 4058 367 4095 'rum
391 4056 520 4094 multo
549 4055 668 4095 etiam
694 4055 817 4104 magis
839 4054 1097 4094 erubescente
1125 4066 1271 4104 puero,
1300 4055 1334 4093 ei
1358 4055 1426 4104 qui
1443 4054 1556 4104 juxta

264 4118 394 4171 ipsum
405 4119 680 4169 accumbebat,
698 4119 754 4159 ait
768 4119 982 4172 Sophocles
999 4134 1007 4158 :
1031 4121 1160 4165 Quam
1175 4119 1312 4169 pulcre
1333 4118 1439 4158 istud
1458 4118 1558 4158 dixit

266 4193 512 4243 Phrynichus
525 4194 534 4232 1

354 4261 534 4305 Splendet
554 4261 590 4296 in
611 4260 809 4307 purpureis
823 4259 928 4304 genis
947 4259 1072 4294 lumen
1095 4259 1252 4294 amoris.

1623 3682 1814 3732 ‚nideum‚
1837 3680 1947 3732 quod
1960 3691 2054 3720 sane
2068 3681 2170 3720 bene
2184 3679 2338 3719 dictum
2355 3677 2510 3718 videtur
2525 3677 2700 3718 Graecis?

1628 369 1670 415 ἒν
1712 371 1805 421 ταῖς
1847 370 2112 434 ε’πιγραφομε
2094 369 2205 426 ’ναις
2243 371 2527 435 Ἐπιδημίαις
2558 373 2715 440 γράφει
2761 372 2917 434 οὕτως

1629 462 1648 482 «
1677 442 1894 505 Σοφοκλεῖ
1912 444 1974 507 τῷ
1994 447 2156 510 ποιητῇ
2178 446 2220 490 ἐν
2239 445 2338 510 Χίῳ
2362 445 2609 504 συνήντησα
2634 447 2702 494 ὅτε
2716 446 2883 495 ἔπλει

1628 511 1796 560 Λέσὸον
1810 513 2063 577 στρατηγὸς,
2078 515 2438 582 ἀνδριπαιδιώδει
2427 537 2540 582 παρ
2542 510 2678 566 ὀἶνον
2695 519 2769 566 καὶ
2783 519 2909 576 δεξ

1628 583 1912 673 Ἑρμησίλεω
1937 585 2056 646 δὲ,ῗ
2036 621 2077 642 ς
2059 587 2153 635 ένου
2186 591 2224 636 οἱ
2261 589 2402 644 ἐόντος
2443 589 2518 638 καὶ
2552 590 2756 656 προξένου
2795 592 2883 641 Ἀ

1627 657 1780 716 ναίων,
1816 660 2042 714 ἑστιῶντος
2062 659 2222 720 αὐτὸν,
2252 663 2346 709 ἐπει
2370 661 2492 727 παρὰ
2515 681 2565 710 το
2602 668 2690 728 πυρ
2723 667 2845 712 ἐστε
2951 700 2956 720 .

1626 728 1696 775 τὸν
1715 723 1825 776 οἶνον
1859 731 2022 796 ἐγχέων
2043 740 2148 788 παῖς
2176 698 2375 801 [ἐρυθρὸς
2396 739 2657 798 interponit
2676 740 2858 784 Schw
2892 788 2895 790 ,

1628 800 1707 848 ἐὼν
1726 797 1898 861 δῆλος-’δ’
1869 823 1948 863 ην,
1968 797 2063 852 εἶπέ
2085 825 2157 865 τε,
2185 807 2339 855 Βούλει
2375 826 2429 869 με
2454 807 2590 866 ἡδέως
2624 807 2719 855 πίνε
2725 827 2783 868 ιν,
2815 836 2833 848 ··

1625 893 1696 928 τος
1725 876 1762 921 δ’
1787 877 1944 940 αὐτοῦ,
1968 877 2168 942 Βραδέως
2201 878 2342 926 τοίνυν
2377 879 2454 927 καὶ
2487 878 2704 945 πρόσφερέ
2737 899 2811 943 μοι

1628 945 1816 1012 ἀπόφερε
1839 946 1918 1006 τὴν
1930 949 2117 1025 Ι..κύλικι
2138 948 2243 999 Ἔτι
2261 951 2372 998 πολὺ
2411 953 2577 1014 μᾶλλον
2595 951 2852 1017 ε’ρυθριάσα
2860 958 2893 1016 gf

1627 1038 1699 1066 του
1719 1020 1895 1079 παιδὸς,
1914 1026 2009 1068 εἰπε
2026 1021 2132 1087 πρὸς
2158 1022 2230 1070 τὸν
2249 1023 2666 1087 συγκατακείμενον,
2687 1023 2765 1079 Ὡς
2782 1043 2839 1071 κα
2873 1026 2910 1065 ’,θ’

1629 1090 1888 1158 (])ρύνιχος’
1869 1093 2092 1154 εποίησεν,
2118 1093 2264 1150 εἴπας·
2907 1089 2914 1094 “

1731 1195 1888 1252 Λάμπει
1905 1202 1938 1241 δ’
1959 1203 2022 1242 ἐπὶ
2038 1205 2263 1255 πορφυρέαις
2279 1209 2429 1256 παρῇσι
2446 1209 2523 1256 φῶς
2547 1205 2700 1257 ἔρωτος.

1631 1295 1719 1344 Καὶ
1731 1294 1835 1360 πρὸς
1846 1295 1942 1343 τόδε
1959 1297 2149 1362 ἠμείφθη
2167 1301 2190 1344 6
2202 1297 2449 1364 Ἐρετριεὺς
2464 1298 2492 1356 ἢ
2509 1289 2766 1365 Ἐρυθραῖος
2778 1298 2863 1367 γρᾷ

1629 1369 1778 1431 μάτων
1803 1368 1884 1415 ἐὼν
1921 1370 2191 1425 διδάσκαλος·
2221 1392 2239 1413 «
2273 1371 2411 1437 Σοφὸς
2436 1374 2514 1436 μὲν
2553 1373 2605 1431 δὴ
2629 1372 2683 1421 σύ
2710 1393 2760 1438 γε
2799 1366 2930 1433 εῗ,ι’ἴῤ

1629 1441 1887 1506 Σοφόκλεις,
1912 1444 1955 1489 ἐν
1986 1442 2183 1500 ποιήσει·
2216 1442 2334 1506 ὅμως
2358 1444 2502 1506 μέντοι
2535 1464 2585 1508 γε
2609 1447 2687 1494 οὐκ
2707 1439 2762 1494 εῧ-
2779 1464 2838 1494 ε’·

1630 1514 1870 1581 Φρύνιχος,
1905 1515 2148 1581 πορφυρέας
2183 1517 2316 1563 εἰπὼν
2349 1516 2425 1571 τὰς
2451 1516 2630 1585 γνάθους
2662 1537 2736 1567 του
2772 1538 2830 1567 κα
2859 1532 2915 1564 μῦ*

1627 1587 1780 1675 Εἰωγὰρ
1801 1592 1822 1635 6
1842 1588 2066 1680 ζωγράφος
2080 1587 2287 1653 χρώματι
2307 1590 2534 1656 πορφυρέῳ
2555 1590 2791 1658 ἐναλείψειε
2843 1619 2861 1633 »
2882 1619 2887 1636 3
2951 1595 2959 1626 Γ

1627 1666 1704 1709 τοῦ
1727 1661 1879 1714 παιδὸς
1897 1659 1976 1715 τὰς
1995 1661 2198 1724 γνάθους,
2220 1663 2299 1709 οὐκ
2320 1660 2372 1708 ἂν
2389 1662 2454 1709 ἔτι
2469 1663 2600 1717 καλος
2623 1663 2836 1730 φαίνοιτο.
2872 1673 2885 1705 1

1628 1734 1768 1799 κάρτα
1788 1734 1851 1780 δεῖ
1872 1753 1921 1781 το
1939 1734 2072 1781 καλὸν
2087 1753 2149 1798 τῳ
2177 1733 2237 1797 μὴ
2267 1737 2388 1799 καλῷ
2413 1736 2659 1802 φαινομένῳ
2681 1736 2925 1798 εικάζεινιξ,
2928 1735 2959 1805 3

1628 1805 1920 1870 Ἀναγελάσας
1941 1805 2012 1853 ἐπὶ
2032 1826 2094 1868 τῳ
2121 1807 2341 1873 Ἐρετριεῖ
2371 1810 2617 1873 Σοφοκλης·
2654 1808 2810 1857 «Οὐδὲ
2863 1807 2961 1866 ἑ,

1629 1897 1695 1925 σοι
1721 1876 1894 1944 ἀρέσκει
1921 1877 2029 1943 ἄρα,
2051 1881 2087 1925 ὠ
2119 1877 2237 1936 ξένε,
2263 1898 2311 1925 το
2348 1879 2657 1941 Σιμωνίδειον,
2683 1879 2825 1946 κάρτα
2861 1906 2962 1923 .

1630 1949 1728 1998 κέον
1754 1957 1842 2004 τοῖς
1860 1947 2077 2008 τἝλλησιν
2099 1954 2145 1997 ευ
2169 1952 2386 2016 ειρῆσθαι·

1733 2066 1986 2118 Πορφυρέου’
1969 2066 2046 2106 απὸ
2066 2066 2258 2118 στόματος
2274 2069 2380 2106 ἱεῖσα
2395 2066 2524 2118 φωνὰν
2545 2067 2751 2116 παρθένοςς
2891 2054 2895 2068 ⁵
2928 2095 2930 2099 ι
2951 2103 2966 2148 ³)

1629 2161 1717 2208 οὐδ’
1753 2164 1776 2207 6
1799 2159 2059 2222 ποιητὴς,”
2035 2179 2139 2226 εφη,
2174 2159 2312 2223 λέγων
2339 2159 2618 2226 χρυσοκόμαν
2651 2160 2904 2212 Απόλλων
2903 2148 2969 2252 3⁸¹3

1630 2234 1829 2298 Χρυσέας
1853 2231 1935 2297 γὰρ
1961 2252 1996 2279 ει
2023 2231 2223 2290 ἐποίησεν
2243 2236 2265 2280 6
2295 2232 2517 2307 ζωγράφος
2539 2231 2616 2286 τὰς
2640 2251 2714 2280 του
2739 2236 2836 2281 θεοῦ
2893 2259 2897 2267 =
2916 2240 2930 2255 ·’
2961 2282 2969 2292 ,Ι

1631 2325 1738 2367 μας,
1776 2304 1850 2352 καὶ
1877 2304 1937 2367 μὴ
1972 2304 2200 2366 μελαίνας,
2234 2311 2379 2369 χεῖρον
2404 2325 2456 2352 αν
2479 2309 2530 2363 ἠν
2554 2303 2603 2352 τὸ
2636 2304 2846 2370 ζωγράφ
2910 2298 2937 2322 ⁷
2935 2330 2971 2379 3

1630 2376 1745 2425 Οὐδὲ
1764 2381 1812 2424 6
1802 2376 1883 2442 φὰς
1907 2376 2240 2442 ροδοδάκτυλον;
2259 2378 2313 2426 F
2303 2397 2315 2424 ι
2331 2377 2414 2440 γάρ
2437 2396 2501 2431 τις
2523 2379 2582 2431 εἰς
2604 2378 2759 2444 ῥόδεον
2767 2380 2878 2442 χριῒ
2963 2397 2973 2437 1,

1635 2449 1787 2515 βάψειε
1822 2469 1919 2502 τους
1947 2449 2208 2509 δακτύλους,
2241 2449 2578 2516 πορφυροὸάφου
2602 2456 2754 2514 χεῖρας
2776 2443 2901 2502 ›toi-i
2972 2463 2973 2467 ’

1629 2522 1829 2587 γυναικὸς
1851 2524 1988 2580 καλῆς
2008 2522 2219 2580 ποιησειε.
2249 2545 2270 2565 ³»
2297 2525 2332 2572 l
2335 2523 2583 2573 ελασάντων
2607 2522 2677 2582 δὲ,
2703 2526 2726 2570 6
2748 2521 2860 2585 μὲν’
2879 2553 2887 2567 .
2977 2574 2981 2586 ,Α

1633 2615 1817 2661 ρετριευς
1841 2595 2040 2655 ενωπήθη
2064 2598 2117 2660 τῇ
2142 2594 2412 2662 ἐπιραπίξει,
2436 2598 2459 2643 ὁ
2493 2594 2538 2643 δὲ
2562 2594 2694 2645 πάλιν
2716 2615 2791 2643 του
2812 2594 2930 2648 πκιῖἦ
2971 2608 2981 2658 ,5

1631 2667 1700 2721 δὸς
1720 2671 1780 2733 τῷ
1803 2667 1919 2733 λόγῳ
1943 2667 2101 2732 εἴχετο.
2123 2667 2284 2732 Εἴρετο
2307 2666 2391 2732 γάρ
2418 2686 2519 2730 μιν,
2548 2665 2634 2715 ἀπὸ
2658 2669 2735 2725 τῆς
2756 2665 2882 2716 κύλ
2975 2663 2978 2670 ’

1630 2740 1792 2806 κάρφος
1812 2744 1873 2804 τῶ
1895 2743 2037 2804 μικρῶ
2061 2741 2305 2804 δακτύλῳ’
2282 2737 2614 2804 αφαιρετέοντα,
2638 2740 2676 2786 εἷ
2696 2743 2863 2806 καθορᾷ
2878 2720 2970 2827 'eug

1630 2812 1806 2879 κάρφος.
1829 2812 2004 2866 Φάντος
2021 2811 2064 2859 δὲ
2082 2816 2268 2876 καθορᾶν
2281 2848 2294 2870 ,
2312 2810 2423 2860 Ἄπο
2439 2812 2578 2859 τοίνυν
2595 2810 2787 2876 φύσησον
2804 2813 2971 2873 aucep*

1631 2904 1701 2932 ινα
1728 2883 1789 2947 μὴ
1808 2884 2009 2954 πλυνοιτο
2033 2887 2055 2931 6
2077 2883 2282 2975 δρίκτυλος
2306 2888 2371 2932 εὖ.
2403 2882 2760 2948 [Ιροσαγαγόντος
2783 2887 2823 2931 δ’
2850 2885 2932 2933 otu·-
2963 2903 2965 2905 ·

1630 2961 1705 3004 τοῦ
1722 2955 1769 3003 τὸ
1785 2952 2015 3020 πρόσωπον
2036 2955 2142 3020 πρὸς
2161 2956 2239 3015 τὴν
2256 2956 2470 3014 κυλικα,’
2451 2954 2669 3020 εγγυτέρω
2680 2955 2757 3013 τὴν
2773 2951 2951 3014 κύλικα’,

1631 3048 1705 3076 του
1727 3032 1880 3076 ἑαυτου
1907 3028 2118 3092 στόματος
2138 3033 2268 3092 ἦγεν,
2287 3027 2356 3075 ι’να
2377 3027 2427 3085 δὴ
2449 3031 2476 3085 ἡ
2495 3026 2663 3094 κεφαλὴ
2688 3031 2742 3094 τῇ
2762 3009 2972 3105 κεραλῇῗ,

1635 3168 1694 3207 Ad
1711 3168 1787 3223 hoc
1809 3168 1962 3208 dictum
1989 3135 2191 3218 respondit
2210 3167 2407 3207 Eretricus
2424 3168 2494 3206 aut
2514 3166 2744 3217 Erythraeus
2758 3166 2840 3209 lud

1635 3220 1782 3284 gister:
1807 3225 1969 3284 Sapiens
1991 3236 2034 3273 tu
2052 3244 2147 3273 sane
2167 3244 2232 3282 es,
2257 3232 2492 3284 Sophocles,
2510 3231 2552 3271 in
2574 3231 2712 3282 poesi:
2733 3173 2945 3288 veruffl

1636 3309 1728 3337 men
1750 3309 1830 3337 non
1850 3298 1951 3337 bene
1967 3298 2069 3338 dixit
2085 3297 2356 3348 Phrynichus,
2373 3306 2592 3348 purpureas
2607 3306 2692 3336 esse
2709 3294 2844 3351 dicens
2866 3290 2939 3337 1111-

1636 3373 1747 3402 moso
1772 3373 1938 3412 puero„
1915 3373 2032 3402 0venas
2061 3378 2070 3402 z
2104 3361 2213 3412 quod
2241 3361 2272 3401 si
2296 3362 2400 3400 enim
2428 3361 2558 3410 pictor
2578 3359 2711 3399 colore
2730 3367 2932 3410 purpureo

1634 3425 1840 3475 inungeret
1855 3425 1968 3475 pueri
1984 3425 2050 3464 hu
2037 3437 2102 3475 jus
2117 3436 2256 3476 genas,
2275 3435 2355 3463 non
2369 3423 2540 3474 amplius
2554 3422 2751 3462 formosus
2764 3413 2925 3485 adnuo·

1631 3491 1705 3529 ret.
1723 3493 1810 3530 Non
1827 3489 1968 3539 utique
1979 3490 2137 3539 oportet
2151 3489 2337 3539 pulcrum
2351 3498 2442 3527 cum
2458 3497 2506 3526 eo
2522 3485 2642 3538 quod
2646 3485 2833 3536 pulcrum
2843 3493 2927 3550 1¹0?

1631 3556 1691 3593 est
1711 3564 1953 3604 comparare.
1965 3553 2030 3593 lbi
2046 3553 2171 3605 risum
2186 3563 2267 3591 non
2287 3553 2428 3591 tenens
2445 3549 2683 3602 Sophocles,
2708 3548 2940 3607 interrost

1631 3619 1689 3657 vit
1714 3618 1966 3657 Eretricum.
1988 3619 2045 3656 Ne
2061 3602 2167 3657 istud
2182 3614 2372 3666 quidem,
2389 3615 2553 3664 hostica,
2567 3613 2642 3657 tibi
2655 3611 2786 3663 placet
2802 3612 2926 3658 sim·

1719 3776 1917 3820 Purpureo
1933 3773 1982 3809 ab
1995 3781 2063 3809 ore
2077 3771 2251 3808 emittens
2272 3778 2403 3806 vocem
2419 3769 2528 3814 virgo
2545 3779 2555 3804 :

1630 3874 1705 3903 nec
1722 3863 1839 3914 ppeta
1854 3861 1924 3912 qui
1939 3860 2190 3900 auricomum
2209 3857 2311 3897 dixit
2327 3856 2577 3907 Apollinem?
2603 3857 2704 3895 Nam
2731 3849 2764 3895 si
2787 3865 2841 3894 au
2884 3874 2896 3887 »,
2914 3871 2926 3889 :-

1630 3930 1758 3979 pictor
1782 3937 1917 3967 comas
1939 3925 2085 3966 faceret
2110 3923 2210 3972 deo,
2230 3933 2311 3962 non
2331 3921 2483 3971 nigras,
2511 3919 2621 3971 pejor
2643 3919 2763 3960 etiam
2821 3933 2826 3953 ι
2868 3932 2886 3953 ἰ

1631 3995 1717 4033 erat
1738 3993 1906 4045 pictura.
1932 3994 2014 4032 Nec
2040 3990 2073 4030 is
2094 3989 2163 4040 qui
2186 3988 2328 4029 roseis-
2310 3987 2460 4037 -digitis
2477 3986 2605 4038 (an)
2623 3986 2750 4026 dixit?
2772 3988 2907 4027 Nau

1631 4057 1722 4108 quis
1743 4068 1856 4097 roseo
1870 4056 2003 4095 colore
2018 4053 2195 4094 mulieris
2210 4051 2379 4102 tingeret
2397 4050 2562 4101 digitos,
2578 4049 2826 4102 purpurariae
2840 4059 2917 4088 mz-

1633 4133 1710 4161 nus
1723 4122 1882 4171 faceret,
1900 4131 1979 4159 non
1997 4119 2179 4158 formosae
2195 4115 2385 4156 mulieris.
2402 4116 2507 4155 'lum
2525 4117 2615 4155 orto
2630 4114 2711 4154 risu
2726 4113 2911 4153 omniun

1635 4186 1833 4226 Eretricus
1852 4184 2012 4235 quidem
2037 4179 2290 4231 castigatione
2304 4179 2380 4220 ista
2395 4189 2595 4230 repressus
2617 4179 2698 4227 est,
2716 4176 2910 4228 Sophocl

1634 4262 1728 4290 vero
1743 4251 1792 4290 ad
1808 4259 2028 4289 sermonem
2045 4259 2136 4287 enm
2158 4255 2281 4296 puero
2304 4243 2532 4284 institutum
2548 4251 2685 4282 rursus
2699 4251 2742 4282 se
2759 4251 2933 4283 conve
