<?xml version="1.0" encoding="UTF-8"?>
<!DOCTYPE html PUBLIC "-//W3C//DTD XHTML 1.0 Transitional//EN"
    "http://www.w3.org/TR/xhtml1/DTD/xhtml1-transitional.dtd">
<html xmlns="http://www.w3.org/1999/xhtml" xml:lang="en" lang="en">
 <head>
  <title>
</title>
<meta http-equiv="Content-Type" content="text/html;charset=utf-8" />
  <meta name='ocr-system' content='tesseract 3.04.00' />
  <meta name='ocr-capabilities' content='ocr_page ocr_carea ocr_par ocr_line ocrx_word'/>
</head>
<body>
  <div class='ocr_page' id='page_1' title='image "./fragmentahistori02mueluoft_0179.png"; bbox 0 0 3016 4628; ppageno 0'>
   <div class='ocr_carea' id='block_1_1' title="bbox 951 294 1867 343">
    <p class='ocr_par' dir='ltr' id='par_1_1' title="bbox 951 294 1867 343">
     <span class='ocr_line' id='line_1_1' title="bbox 951 294 1867 343; baseline 0.001 -1"><span class='ocrx_word' id='word_1_1' title='bbox 951 294 1429 342; x_wconf 77' lang='lat' dir='ltr'><strong>ATHENlENSlUM</strong></span> <span class='ocrx_word' id='word_1_2' title='bbox 1470 294 1867 343; x_wconf 70' lang='lat' dir='ltr'><strong>RESPUBLICA.</strong></span> 
     </span>
    </p>
   </div>
   <div class='ocr_carea' id='block_1_2' title="bbox 690 427 764 467">
    <p class='ocr_par' dir='ltr' id='par_1_2' title="bbox 690 427 764 467">
     <span class='ocr_line' id='line_1_2' title="bbox 690 427 764 467; baseline 0.027 -13"><span class='ocrx_word' id='word_1_3' title='bbox 690 427 764 467; x_wconf 90' lang='lat'>71.</span> 
     </span>
    </p>
   </div>
   <div class='ocr_carea' id='block_1_3' title="bbox 32 521 1372 1527">
    <p class='ocr_par' dir='ltr' id='par_1_3' title="bbox 83 521 1370 877">
     <span class='ocr_line' id='line_1_3' title="bbox 152 521 1366 588; baseline -0.007 -12"><span class='ocrx_word' id='word_1_4' title='bbox 152 523 847 588; x_wconf 77' lang='lat' dir='ltr'><strong>Schol.A1istoph.Ran.1532</strong></span> <span class='ocrx_word' id='word_1_5' title='bbox 879 540 888 567; x_wconf 91' lang='lat'>:</span> <span class='ocrx_word' id='word_1_6' title='bbox 915 521 1214 587; x_wconf 83' lang='grc' dir='ltr'>Ἀριστοτέλης</span> <span class='ocrx_word' id='word_1_7' title='bbox 1233 539 1366 586; x_wconf 77' lang='grc' dir='ltr'>φησι,</span> 
     </span>
     <span class='ocr_line' id='line_1_4' title="bbox 80 592 1369 684; baseline -0.009 -33.949"><span class='ocrx_word' id='word_1_8' title='bbox 80 602 211 654; x_wconf 80' lang='grc' dir='ltr'>Μετὰ</span> <span class='ocrx_word' id='word_1_9' title='bbox 245 601 366 659; x_wconf 85' lang='grc' dir='ltr'>τὴν’</span> <span class='ocrx_word' id='word_1_10' title='bbox 348 620 389 648; x_wconf 89' lang='grc' dir='ltr'>εν</span> <span class='ocrx_word' id='word_1_11' title='bbox 422 596 707 663; x_wconf 83' lang='grc' dir='ltr'>Ἀργινούσαις</span> <span class='ocrx_word' id='word_1_12' title='bbox 733 595 981 684; x_wconf 82' lang='grc' dir='ltr'>ναυμαχίαν</span> <span class='ocrx_word' id='word_1_13' title='bbox 1016 592 1369 655; x_wconf 89' lang='grc' dir='ltr'>Λακεδαιμονίων</span> 
     </span>
     <span class='ocr_line' id='line_1_5' title="bbox 88 658 1370 738; baseline -0.009 -17"><span class='ocrx_word' id='word_1_14' title='bbox 88 673 386 738; x_wconf 80' lang='grc' dir='ltr'>βουλομένων’</span> <span class='ocrx_word' id='word_1_15' title='bbox 367 691 415 719; x_wconf 89' lang='grc' dir='ltr'>εκ</span> <span class='ocrx_word' id='word_1_16' title='bbox 429 669 687 721; x_wconf 82' lang='grc' dir='ltr'>Δεκελείας</span> <span class='ocrx_word' id='word_1_17' title='bbox 663 686 761 714; x_wconf 84' lang='grc' dir='ltr'>απιε</span> <span class='ocrx_word' id='word_1_18' title='bbox 751 665 834 712; x_wconf 78' lang='grc' dir='ltr'>’ναι</span> <span class='ocrx_word' id='word_1_19' title='bbox 848 668 898 730; x_wconf 81' lang='grc' dir='ltr'>ἐφ</span> <span class='ocrx_word' id='word_1_20' title='bbox 903 658 1018 718; x_wconf 84' lang='grc' dir='ltr'>ὀῑς”</span> <span class='ocrx_word' id='word_1_21' title='bbox 995 686 1013 712; x_wconf 92' lang='grc' dir='ltr'>ε</span> <span class='ocrx_word' id='word_1_22' title='bbox 1016 684 1164 729; x_wconf 78' lang='grc' dir='ltr'>χουσιν</span> <span class='ocrx_word' id='word_1_23' title='bbox 1175 664 1370 730; x_wconf 82' lang='grc' dir='ltr'>ἑκάτεροι</span> 
     </span>
     <span class='ocr_line' id='line_1_6' title="bbox 84 735 1368 808; baseline -0.008 -16"><span class='ocrx_word' id='word_1_24' title='bbox 84 745 157 792; x_wconf 83' lang='grc' dir='ltr'>καὶ</span> <span class='ocrx_word' id='word_1_25' title='bbox 181 743 350 808; x_wconf 82' lang='grc' dir='ltr'>εἰρήνην</span> <span class='ocrx_word' id='word_1_26' title='bbox 378 743 495 806; x_wconf 85' lang='grc' dir='ltr'>ἄγειν</span> <span class='ocrx_word' id='word_1_27' title='bbox 518 739 610 803; x_wconf 88' lang='grc' dir='ltr'>(ἐπι</span> <span class='ocrx_word' id='word_1_28' title='bbox 629 743 701 786; x_wconf 88' lang='grc' dir='ltr'>τοῦ</span> <span class='ocrx_word' id='word_1_29' title='bbox 729 735 973 800; x_wconf 88' lang='grc' dir='ltr'>Καλλίου),</span> <span class='ocrx_word' id='word_1_30' title='bbox 994 736 1247 801; x_wconf 67' lang='grc' dir='ltr'>Κλεοφῶν”</span> <span class='ocrx_word' id='word_1_31' title='bbox 1225 755 1368 783; x_wconf 88' lang='grc' dir='ltr'>επεισε</span> 
     </span>
     <span class='ocr_line' id='line_1_7' title="bbox 83 807 1367 877; baseline -0.007 -15"><span class='ocrx_word' id='word_1_32' title='bbox 83 814 155 862; x_wconf 80' lang='grc' dir='ltr'>τὸν</span> <span class='ocrx_word' id='word_1_33' title='bbox 180 815 314 876; x_wconf 83' lang='grc' dir='ltr'>δημον</span> <span class='ocrx_word' id='word_1_34' title='bbox 341 812 400 872; x_wconf 85' lang='grc' dir='ltr'>μὴ</span> <span class='ocrx_word' id='word_1_35' title='bbox 423 811 764 877; x_wconf 82' lang='grc' dir='ltr'>προσδέξασθαι,</span> <span class='ocrx_word' id='word_1_36' title='bbox 792 808 924 856; x_wconf 86' lang='grc' dir='ltr'>ἐλθὼν</span> <span class='ocrx_word' id='word_1_37' title='bbox 948 811 1005 861; x_wconf 88' lang='grc' dir='ltr'>εἷς</span> <span class='ocrx_word' id='word_1_38' title='bbox 1028 807 1105 865; x_wconf 78' lang='grc' dir='ltr'>τὴν</span> <span class='ocrx_word' id='word_1_39' title='bbox 1134 807 1367 865; x_wconf 81' lang='grc' dir='ltr'>ἐκκλησίαν</span> 
     </span>
    </p>

    <p class='ocr_par' dir='ltr' id='par_1_4' title="bbox 36 881 1370 1021">
     <span class='ocr_line' id='line_1_8' title="bbox 36 881 1370 951; baseline -0.005 -17.986"><span class='ocrx_word' id='word_1_40' title='bbox 36 910 59 937; x_wconf 58' lang='grc' dir='ltr'>η</span> <span class='ocrx_word' id='word_1_41' title='bbox 85 885 251 951; x_wconf 83' lang='grc' dir='ltr'>μεθύων</span> <span class='ocrx_word' id='word_1_42' title='bbox 275 885 349 932; x_wconf 82' lang='grc' dir='ltr'>καὶ</span> <span class='ocrx_word' id='word_1_43' title='bbox 379 884 553 948; x_wconf 85' lang='grc' dir='ltr'>θώρακα</span> <span class='ocrx_word' id='word_1_44' title='bbox 582 881 835 939; x_wconf 85' lang='grc' dir='ltr'>ἐνδεδυκὼς,</span> <span class='ocrx_word' id='word_1_45' title='bbox 857 883 904 928; x_wconf 83' lang='grc' dir='ltr'>οὗ</span> <span class='ocrx_word' id='word_1_46' title='bbox 930 881 1107 945; x_wconf 82' lang='grc' dir='ltr'>φάσκων</span> <span class='ocrx_word' id='word_1_47' title='bbox 1126 881 1370 947; x_wconf 76' lang='grc' dir='ltr'>ἐπιτρέψειν</span> 
     </span>
     <span class='ocr_line' id='line_1_9' title="bbox 84 953 1368 1021; baseline -0.003 -15"><span class='ocrx_word' id='word_1_48' title='bbox 84 959 157 1007; x_wconf 74' lang='grc' dir='ltr'>ἐὰν</span> <span class='ocrx_word' id='word_1_49' title='bbox 193 956 253 1020; x_wconf 83' lang='grc' dir='ltr'>μὴ</span> <span class='ocrx_word' id='word_1_50' title='bbox 286 957 428 1010; x_wconf 89' lang='grc' dir='ltr'>πάσας</span> <span class='ocrx_word' id='word_1_51' title='bbox 462 958 601 1021; x_wconf 80' lang='grc' dir='ltr'>ἀφῶσι</span> <span class='ocrx_word' id='word_1_52' title='bbox 639 954 714 1008; x_wconf 83' lang='grc' dir='ltr'>τὰς</span> <span class='ocrx_word' id='word_1_53' title='bbox 752 953 895 1007; x_wconf 88' lang='grc' dir='ltr'>πόλεις</span> <span class='ocrx_word' id='word_1_54' title='bbox 934 957 971 1000; x_wconf 83' lang='grc' dir='ltr'>οἱ</span> <span class='ocrx_word' id='word_1_55' title='bbox 1016 954 1368 1016; x_wconf 86' lang='grc' dir='ltr'>Λακεδαιμόνιοι.</span> 
     </span>
    </p>

    <p class='ocr_par' dir='ltr' id='par_1_5' title="bbox 33 1025 1371 1089">
     <span class='ocr_line' id='line_1_10' title="bbox 33 1025 1371 1089; baseline -0.006 -9"><span class='ocrx_word' id='word_1_56' title='bbox 33 1074 36 1086; x_wconf 96' lang='grc'>,</span> <span class='ocrx_word' id='word_1_57' title='bbox 82 1033 235 1080; x_wconf 88' lang='lat' dir='ltr'><strong>Verba</strong></span> <span class='ocrx_word' id='word_1_58' title='bbox 251 1028 322 1076; x_wconf 80' lang='grc' dir='ltr'>ἐπὶ</span> <span class='ocrx_word' id='word_1_59' title='bbox 344 1032 418 1075; x_wconf 85' lang='grc' dir='ltr'>τοῦ</span> <span class='ocrx_word' id='word_1_60' title='bbox 441 1026 634 1076; x_wconf 88' lang='grc' dir='ltr'>Καλλίου</span> <span class='ocrx_word' id='word_1_61' title='bbox 658 1028 754 1089; x_wconf 92' lang='lat' dir='ltr'><strong>(Ol.</strong></span> <span class='ocrx_word' id='word_1_62' title='bbox 781 1027 840 1087; x_wconf 84' lang='lat'>93</span> <span class='ocrx_word' id='word_1_63' title='bbox 857 1062 868 1083; x_wconf 92' lang='lat'><strong>,</strong></span> <span class='ocrx_word' id='word_1_64' title='bbox 897 1027 938 1075; x_wconf 82' lang='lat'>3.</span> <span class='ocrx_word' id='word_1_65' title='bbox 967 1025 1086 1089; x_wconf 84' lang='lat'><strong>406)</strong></span> <span class='ocrx_word' id='word_1_66' title='bbox 1109 1029 1258 1087; x_wconf 86' lang='lat' dir='ltr'><strong>aptius</strong></span> <span class='ocrx_word' id='word_1_67' title='bbox 1273 1044 1371 1088; x_wconf 91' lang='lat' dir='ltr'>po-</span> 
     </span>
    </p>

    <p class='ocr_par' dir='ltr' id='par_1_6' title="bbox 33 1096 1371 1162">
     <span class='ocr_line' id='line_1_11' title="bbox 33 1096 1371 1162; baseline -0.004 -12"><span class='ocrx_word' id='word_1_68' title='bbox 33 1100 38 1161; x_wconf 59' lang='lat'><em>}</em></span> <span class='ocrx_word' id='word_1_69' title='bbox 85 1111 309 1150; x_wconf 74' lang='lat' dir='ltr'><strong>nei-entur</strong></span> <span class='ocrx_word' id='word_1_70' title='bbox 327 1110 434 1162; x_wconf 90' lang='lat' dir='ltr'><strong>post</strong></span> <span class='ocrx_word' id='word_1_71' title='bbox 466 1098 576 1162; x_wconf 81' lang='grc' dir='ltr'>μετὰ</span> <span class='ocrx_word' id='word_1_72' title='bbox 608 1098 685 1156; x_wconf 77' lang='grc' dir='ltr'>τὴν</span> <span class='ocrx_word' id='word_1_73' title='bbox 718 1100 761 1145; x_wconf 85' lang='grc' dir='ltr'>ἐν</span> <span class='ocrx_word' id='word_1_74' title='bbox 785 1099 902 1162; x_wconf 87' lang='grc' dir='ltr'>Ἀργ.</span> <span class='ocrx_word' id='word_1_75' title='bbox 940 1096 1114 1160; x_wconf 91' lang='grc' dir='ltr'>μάχην,</span> <span class='ocrx_word' id='word_1_76' title='bbox 1150 1110 1371 1146; x_wconf 88' lang='lat' dir='ltr'><strong>monente</strong></span> 
     </span>
    </p>

    <p class='ocr_par' dir='ltr' id='par_1_7' title="bbox 32 1171 1372 1295">
     <span class='ocr_line' id='line_1_12' title="bbox 32 1171 1372 1233; baseline -0.004 -10"><span class='ocrx_word' id='word_1_77' title='bbox 32 1187 45 1216; x_wconf 56' lang='lat' dir='ltr'>‘a</span> <span class='ocrx_word' id='word_1_78' title='bbox 82 1177 242 1223; x_wconf 88' lang='lat' dir='ltr'>Cobet.</span> <span class='ocrx_word' id='word_1_79' title='bbox 264 1176 457 1221; x_wconf 87' lang='lat' dir='ltr'><strong>Observ.</strong></span> <span class='ocrx_word' id='word_1_80' title='bbox 477 1175 578 1221; x_wconf 89' lang='lat' dir='ltr'><strong>crit.</strong></span> <span class='ocrx_word' id='word_1_81' title='bbox 600 1175 649 1218; x_wconf 90' lang='lat' dir='ltr'>in</span> <span class='ocrx_word' id='word_1_82' title='bbox 665 1174 844 1219; x_wconf 90' lang='lat' dir='ltr'><strong>Platon.</strong></span> <span class='ocrx_word' id='word_1_83' title='bbox 864 1188 985 1219; x_wconf 88' lang='lat' dir='ltr'><strong>com.</strong></span> <span class='ocrx_word' id='word_1_84' title='bbox 1002 1187 1053 1232; x_wconf 88' lang='lat' dir='ltr'>p.</span> <span class='ocrx_word' id='word_1_85' title='bbox 1087 1171 1176 1216; x_wconf 87' lang='lat'>168</span> <span class='ocrx_word' id='word_1_86' title='bbox 1193 1206 1206 1233; x_wconf 86' lang='lat'><strong>,</strong></span> <span class='ocrx_word' id='word_1_87' title='bbox 1230 1189 1372 1232; x_wconf 89' lang='lat' dir='ltr'><strong>quem</strong></span> 
     </span>
     <span class='ocr_line' id='line_1_13' title="bbox 82 1246 711 1295; baseline -0.005 0"><span class='ocrx_word' id='word_1_88' title='bbox 82 1248 238 1295; x_wconf 87' lang='lat' dir='ltr'><strong>laudat</strong></span> <span class='ocrx_word' id='word_1_89' title='bbox 253 1248 498 1292; x_wconf 85' lang='lat' dir='ltr'><strong>Diibnerus</strong></span> <span class='ocrx_word' id='word_1_90' title='bbox 521 1246 581 1291; x_wconf 89' lang='lat' dir='ltr'>ad</span> <span class='ocrx_word' id='word_1_91' title='bbox 603 1246 653 1292; x_wconf 92' lang='lat' dir='ltr'>h.</span> <span class='ocrx_word' id='word_1_92' title='bbox 680 1247 711 1292; x_wconf 92' lang='lat' dir='ltr'>l.</span> 
     </span>
    </p>

    <p class='ocr_par' dir='ltr' id='par_1_8' title="bbox 81 1314 1370 1527">
     <span class='ocr_line' id='line_1_14' title="bbox 147 1314 1370 1381; baseline -0.002 -17"><span class='ocrx_word' id='word_1_93' title='bbox 147 1318 315 1381; x_wconf 87' lang='lat' dir='ltr'><strong>[Arist.</strong></span> <span class='ocrx_word' id='word_1_94' title='bbox 341 1320 440 1364; x_wconf 89' lang='lat' dir='ltr'><strong>Pol.</strong></span> <span class='ocrx_word' id='word_1_95' title='bbox 455 1321 518 1374; x_wconf 92' lang='lat' dir='ltr'>V,</span> <span class='ocrx_word' id='word_1_96' title='bbox 540 1334 566 1363; x_wconf 83' lang='lat'><strong>2</strong></span> <span class='ocrx_word' id='word_1_97' title='bbox 582 1353 595 1375; x_wconf 92' lang='lat'><strong>,</strong></span> <span class='ocrx_word' id='word_1_98' title='bbox 620 1318 647 1363; x_wconf 90' lang='lat'>8</span> <span class='ocrx_word' id='word_1_99' title='bbox 673 1335 683 1362; x_wconf 72' lang='grc' dir='ltr'>ι</span> <span class='ocrx_word' id='word_1_100' title='bbox 709 1314 797 1364; x_wconf 84' lang='grc' dir='ltr'>Καὶ</span> <span class='ocrx_word' id='word_1_101' title='bbox 819 1316 861 1362; x_wconf 89' lang='grc' dir='ltr'>ἐν</span> <span class='ocrx_word' id='word_1_102' title='bbox 882 1314 1078 1372; x_wconf 83' lang='grc' dir='ltr'>Ἀθήναις</span> <span class='ocrx_word' id='word_1_103' title='bbox 1101 1315 1370 1380; x_wconf 80' lang='grc' dir='ltr'>ἀτυχούντων</span> 
     </span>
     <span class='ocr_line' id='line_1_15' title="bbox 81 1387 1365 1455; baseline -0.001 -19"><span class='ocrx_word' id='word_1_104' title='bbox 81 1392 188 1455; x_wconf 79' lang='grc' dir='ltr'>πεζῇ</span> <span class='ocrx_word' id='word_1_105' title='bbox 205 1391 240 1437; x_wconf 76' lang='grc' dir='ltr'>οἵ</span> <span class='ocrx_word' id='word_1_106' title='bbox 255 1388 462 1454; x_wconf 82' lang='grc' dir='ltr'>γνώριμοι</span> <span class='ocrx_word' id='word_1_107' title='bbox 481 1388 681 1442; x_wconf 82' lang='grc' dir='ltr'>ἐλάττους</span> <span class='ocrx_word' id='word_1_108' title='bbox 699 1388 883 1451; x_wconf 88' lang='grc' dir='ltr'>ἐγίνοντο</span> <span class='ocrx_word' id='word_1_109' title='bbox 903 1387 974 1435; x_wconf 83' lang='grc' dir='ltr'>διὰ</span> <span class='ocrx_word' id='word_1_110' title='bbox 989 1387 1035 1434; x_wconf 87' lang='grc' dir='ltr'>τὸ</span> <span class='ocrx_word' id='word_1_111' title='bbox 1054 1389 1101 1434; x_wconf 89' lang='grc' dir='ltr'>ἐκ</span> <span class='ocrx_word' id='word_1_112' title='bbox 1122 1387 1365 1452; x_wconf 81' lang='grc' dir='ltr'>καταλόγου</span> 
     </span>
     <span class='ocr_line' id='line_1_16' title="bbox 81 1459 1129 1527; baseline 0 -18"><span class='ocrx_word' id='word_1_113' title='bbox 81 1461 386 1527; x_wconf 88' lang='grc' dir='ltr'>στρατεύεσθαι</span> <span class='ocrx_word' id='word_1_114' title='bbox 412 1460 492 1508; x_wconf 77' lang='grc' dir='ltr'>ὑπὸ</span> <span class='ocrx_word' id='word_1_115' title='bbox 516 1460 588 1508; x_wconf 83' lang='grc' dir='ltr'>τὸν</span> <span class='ocrx_word' id='word_1_116' title='bbox 614 1459 865 1509; x_wconf 83' lang='grc' dir='ltr'>Λακωνικὸν</span> <span class='ocrx_word' id='word_1_117' title='bbox 891 1459 1129 1524; x_wconf 88' lang='grc' dir='ltr'>πόλεμον.]</span> 
     </span>
    </p>
   </div>
   <div class='ocr_carea' id='block_1_4' title="bbox 684 1580 762 1622">
    <p class='ocr_par' dir='ltr' id='par_1_9' title="bbox 684 1580 762 1622">
     <span class='ocr_line' id='line_1_17' title="bbox 684 1580 762 1622; baseline 0.038 -13"><span class='ocrx_word' id='word_1_118' title='bbox 684 1580 762 1622; x_wconf 81' lang='lat'>72.</span> 
     </span>
    </p>
   </div>
   <div class='ocr_carea' id='block_1_5' title="bbox 10 1661 1368 1798">
    <p class='ocr_par' dir='ltr' id='par_1_10' title="bbox 10 1661 1368 1798">
     <span class='ocr_line' id='line_1_18' title="bbox 145 1661 1368 1726; baseline 0.003 -21"><span class='ocrx_word' id='word_1_119' title='bbox 145 1663 492 1722; x_wconf 84' lang='lat' dir='ltr'><strong>Harpocration</strong></span> <span class='ocrx_word' id='word_1_120' title='bbox 513 1680 554 1708; x_wconf 86' lang='lat' dir='ltr'>v.</span> <span class='ocrx_word' id='word_1_121' title='bbox 575 1661 778 1717; x_wconf 89' lang='grc' dir='ltr'>Δεκάζων</span> <span class='ocrx_word' id='word_1_122' title='bbox 800 1680 811 1708; x_wconf 89' lang='lat'>:</span> <span class='ocrx_word' id='word_1_123' title='bbox 835 1661 1126 1726; x_wconf 85' lang='grc' dir='ltr'>Ἀριστοτέλης</span> <span class='ocrx_word' id='word_1_124' title='bbox 1140 1662 1175 1709; x_wconf 85' lang='grc' dir='ltr'>δ’</span> <span class='ocrx_word' id='word_1_125' title='bbox 1190 1664 1232 1709; x_wconf 85' lang='grc' dir='ltr'>ἐν</span> <span class='ocrx_word' id='word_1_126' title='bbox 1249 1662 1368 1720; x_wconf 89' lang='grc' dir='ltr'>Ἀθη-</span> 
     </span>
     <span class='ocr_line' id='line_1_19' title="bbox 10 1729 1367 1798; baseline 0.003 -20"><span class='ocrx_word' id='word_1_127' title='bbox 10 1781 12 1783; x_wconf 54' lang='grc'>,</span> <span class='ocrx_word' id='word_1_128' title='bbox 79 1731 208 1779; x_wconf 84' lang='grc' dir='ltr'>ναίων</span> <span class='ocrx_word' id='word_1_129' title='bbox 233 1735 427 1798; x_wconf 74' lang='grc' dir='ltr'>πολιτείᾳ</span> <span class='ocrx_word' id='word_1_130' title='bbox 446 1729 623 1780; x_wconf 80' lang='grc' dir='ltr'>Ἄνυτόν</span> <span class='ocrx_word' id='word_1_131' title='bbox 644 1751 749 1796; x_wconf 80' lang='grc' dir='ltr'>φησι</span> <span class='ocrx_word' id='word_1_132' title='bbox 769 1733 1017 1789; x_wconf 86' lang='grc' dir='ltr'>καταδεῖξαι</span> <span class='ocrx_word' id='word_1_133' title='bbox 1033 1733 1081 1781; x_wconf 84' lang='grc' dir='ltr'>τὸ</span> <span class='ocrx_word' id='word_1_134' title='bbox 1099 1734 1287 1790; x_wconf 81' lang='grc' dir='ltr'>δεκάζειν</span> <span class='ocrx_word' id='word_1_135' title='bbox 1313 1735 1367 1782; x_wconf 84' lang='grc' dir='ltr'>τὰ</span> 
     </span>
    </p>
   </div>
   <div class='ocr_carea' id='block_1_6' title="bbox 76 1803 1365 1939">
    <p class='ocr_par' dir='ltr' id='par_1_11' title="bbox 76 1803 1365 1939">
     <span class='ocr_line' id='line_1_20' title="bbox 76 1803 1365 1869; baseline 0.002 -18"><span class='ocrx_word' id='word_1_136' title='bbox 76 1803 346 1869; x_wconf 83' lang='grc' dir='ltr'>δικαστήρια.</span> <span class='ocrx_word' id='word_1_137' title='bbox 370 1807 438 1852; x_wconf 87' lang='lat' dir='ltr'>Cf.</span> <span class='ocrx_word' id='word_1_138' title='bbox 465 1808 628 1853; x_wconf 87' lang='lat' dir='ltr'><strong>Meier.</strong></span> <span class='ocrx_word' id='word_1_139' title='bbox 651 1815 696 1851; x_wconf 87' lang='lat' dir='ltr'>et</span> <span class='ocrx_word' id='word_1_140' title='bbox 716 1805 1011 1851; x_wconf 90' lang='lat' dir='ltr'><strong>Schoemann.</strong></span> <span class='ocrx_word' id='word_1_141' title='bbox 1047 1808 1079 1854; x_wconf 90' lang='lat' dir='ltr'>l.</span> <span class='ocrx_word' id='word_1_142' title='bbox 1111 1809 1145 1852; x_wconf 84' lang='lat' dir='ltr'>l.</span> <span class='ocrx_word' id='word_1_143' title='bbox 1177 1824 1227 1868; x_wconf 89' lang='lat' dir='ltr'>p.</span> <span class='ocrx_word' id='word_1_144' title='bbox 1258 1807 1365 1865; x_wconf 81' lang='lat'>1503</span> 
     </span>
     <span class='ocr_line' id='line_1_21' title="bbox 79 1877 828 1939; baseline 0.004 -17"><span class='ocrx_word' id='word_1_145' title='bbox 79 1877 332 1923; x_wconf 84' lang='lat' dir='ltr'><strong>Hermann.</strong></span> <span class='ocrx_word' id='word_1_146' title='bbox 362 1877 389 1938; x_wconf 69' lang='lat' dir='ltr'>S</span> <span class='ocrx_word' id='word_1_147' title='bbox 418 1878 536 1935; x_wconf 84' lang='lat'><strong>163,</strong></span> <span class='ocrx_word' id='word_1_148' title='bbox 566 1878 612 1923; x_wconf 87' lang='lat'>8.</span> <span class='ocrx_word' id='word_1_149' title='bbox 642 1879 759 1939; x_wconf 86' lang='lat'><strong>169,</strong></span> <span class='ocrx_word' id='word_1_150' title='bbox 785 1896 828 1926; x_wconf 93' lang='lat'>1.</span> 
     </span>
    </p>
   </div>
   <div class='ocr_carea' id='block_1_7' title="bbox 685 1972 761 2030">
    <p class='ocr_par' dir='ltr' id='par_1_12' title="bbox 685 1972 761 2030">
     <span class='ocr_line' id='line_1_22' title="bbox 685 1972 761 2030; baseline 0 -12"><span class='ocrx_word' id='word_1_151' title='bbox 685 1972 761 2030; x_wconf 79' lang='lat'>73.</span> 
     </span>
    </p>
   </div>
   <div class='ocr_carea' id='block_1_8' title="bbox 35 2047 1370 2418">
    <p class='ocr_par' dir='ltr' id='par_1_13' title="bbox 76 2047 1370 2344">
     <span class='ocr_line' id='line_1_23' title="bbox 140 2047 1370 2130; baseline 0.001 -20"><span class='ocrx_word' id='word_1_152' title='bbox 140 2065 483 2124; x_wconf 80' lang='lat' dir='ltr'><strong>Harpocration</strong></span> <span class='ocrx_word' id='word_1_153' title='bbox 503 2082 551 2113; x_wconf 86' lang='lat' dir='ltr'>v.</span> <span class='ocrx_word' id='word_1_154' title='bbox 574 2063 894 2129; x_wconf 86' lang='grc' dir='ltr'>Τετρακόσιοι;</span> <span class='ocrx_word' id='word_1_155' title='bbox 916 2066 974 2114; x_wconf 84' lang='grc' dir='ltr'>Οἱ</span> <span class='ocrx_word' id='word_1_156' title='bbox 994 2047 1262 2130; x_wconf 86' lang='grc' dir='ltr'>τετρακόσιοι</span> <span class='ocrx_word' id='word_1_157' title='bbox 1284 2063 1370 2130; x_wconf 81' lang='grc' dir='ltr'>πρὸ</span> 
     </span>
     <span class='ocr_line' id='line_1_24' title="bbox 35 2135 1363 2203; baseline 0.002 -21.064"><span class='ocrx_word' id='word_1_158' title='bbox 35 2135 186 2183; x_wconf 75' lang='grc' dir='ltr'>ἑπτὰ</span> <span class='ocrx_word' id='word_1_159' title='bbox 210 2138 314 2182; x_wconf 80' lang='grc' dir='ltr'>ἐτῶν</span> <span class='ocrx_word' id='word_1_160' title='bbox 337 2136 610 2193; x_wconf 82' lang='grc' dir='ltr'>κατέστησαν</span> <span class='ocrx_word' id='word_1_161' title='bbox 646 2140 730 2184; x_wconf 84' lang='grc' dir='ltr'>τῶν</span> <span class='ocrx_word' id='word_1_162' title='bbox 755 2136 986 2201; x_wconf 85' lang='grc' dir='ltr'>τριάκοντα</span> <span class='ocrx_word' id='word_1_163' title='bbox 1018 2137 1235 2202; x_wconf 86' lang='grc' dir='ltr'>τυράννων</span> <span class='ocrx_word' id='word_1_164' title='bbox 1259 2139 1363 2203; x_wconf 89' lang='grc' dir='ltr'>παρ’</span> 
     </span>
     <span class='ocr_line' id='line_1_25' title="bbox 76 2201 1364 2274; baseline -0.001 -17.996"><span class='ocrx_word' id='word_1_165' title='bbox 76 2205 334 2266; x_wconf 75' lang='grc' dir='ltr'>Ἀθηναίοις,</span> <span class='ocrx_word' id='word_1_166' title='bbox 352 2206 502 2262; x_wconf 87' lang='grc' dir='ltr'>οίτινες</span> <span class='ocrx_word' id='word_1_167' title='bbox 524 2207 734 2273; x_wconf 84' lang='grc' dir='ltr'>τέτταρας</span> <span class='ocrx_word' id='word_1_168' title='bbox 761 2228 897 2269; x_wconf 88' lang='grc' dir='ltr'>μηνας</span> <span class='ocrx_word' id='word_1_169' title='bbox 922 2201 1053 2274; x_wconf 85' lang='grc' dir='ltr'>ἠρξαν</span> <span class='ocrx_word' id='word_1_170' title='bbox 1080 2213 1156 2267; x_wconf 73' lang='grc' dir='ltr'>τῆς</span> <span class='ocrx_word' id='word_1_171' title='bbox 1179 2209 1364 2268; x_wconf 87' lang='grc' dir='ltr'>πόλεως,</span> 
     </span>
     <span class='ocr_line' id='line_1_26' title="bbox 81 2277 1165 2346; baseline 0.001 -21"><span class='ocrx_word' id='word_1_172' title='bbox 81 2277 138 2333; x_wconf 88' lang='grc' dir='ltr'>ως</span> <span class='ocrx_word' id='word_1_173' title='bbox 161 2298 288 2344; x_wconf 84' lang='grc' dir='ltr'>φησιν</span> <span class='ocrx_word' id='word_1_174' title='bbox 313 2279 643 2344; x_wconf 49' lang='grc' dir='ltr'>ΗΑριστοτέλης</span> <span class='ocrx_word' id='word_1_175' title='bbox 625 2300 667 2327; x_wconf 91' lang='grc' dir='ltr'>εν</span> <span class='ocrx_word' id='word_1_176' title='bbox 691 2280 922 2338; x_wconf 82' lang='grc' dir='ltr'>Ἀθηναίων</span> <span class='ocrx_word' id='word_1_177' title='bbox 948 2279 1165 2346; x_wconf 79' lang='grc' dir='ltr'>πολιτείᾳ.</span> 
     </span>
    </p>

    <p class='ocr_par' dir='ltr' id='par_1_14' title="bbox 141 2347 1364 2418">
     <span class='ocr_line' id='line_1_27' title="bbox 141 2347 1364 2418; baseline 0.002 -21"><span class='ocrx_word' id='word_1_178' title='bbox 141 2353 316 2398; x_wconf 86' lang='lat' dir='ltr'><strong>Eadem</strong></span> <span class='ocrx_word' id='word_1_179' title='bbox 334 2355 527 2399; x_wconf 88' lang='lat' dir='ltr'><strong>Photius</strong></span> <span class='ocrx_word' id='word_1_180' title='bbox 544 2364 589 2399; x_wconf 87' lang='lat' dir='ltr'>et</span> <span class='ocrx_word' id='word_1_181' title='bbox 605 2353 770 2400; x_wconf 83' lang='lat' dir='ltr'><strong>suidas</strong></span> <span class='ocrx_word' id='word_1_182' title='bbox 785 2372 820 2402; x_wconf 90' lang='lat' dir='ltr'><strong>s.</strong></span> <span class='ocrx_word' id='word_1_183' title='bbox 838 2371 885 2402; x_wconf 86' lang='lat' dir='ltr'>v.</span> <span class='ocrx_word' id='word_1_184' title='bbox 903 2381 967 2390; x_wconf 90' lang='lat'>—-</span> <span class='ocrx_word' id='word_1_185' title='bbox 983 2354 1111 2418; x_wconf 73' lang='grc' dir='ltr'>πρὸε</span> <span class='ocrx_word' id='word_1_186' title='bbox 1092 2347 1241 2399; x_wconf 59' lang='grc' dir='ltr'>ἑπτ”ὂι’</span> <span class='ocrx_word' id='word_1_187' title='bbox 1223 2371 1326 2399; x_wconf 88' lang='grc' dir='ltr'>ετων</span> <span class='ocrx_word' id='word_1_188' title='bbox 1347 2354 1364 2415; x_wconf 91' lang='grc'>]</span> 
     </span>
    </p>
   </div>
   <div class='ocr_carea' id='block_1_9' title="bbox 71 2422 1367 2487">
    <p class='ocr_par' dir='ltr' id='par_1_15' title="bbox 71 2422 1367 2487">
     <span class='ocr_line' id='line_1_28' title="bbox 71 2422 1367 2487; baseline 0.001 -16"><span class='ocrx_word' id='word_1_189' title='bbox 71 2425 136 2471; x_wconf 82' lang='lat' dir='ltr'>sic</span> <span class='ocrx_word' id='word_1_190' title='bbox 161 2425 270 2472; x_wconf 94' lang='lat' dir='ltr'><strong>cod.</strong></span> <span class='ocrx_word' id='word_1_191' title='bbox 305 2427 380 2471; x_wconf 83' lang='lat' dir='ltr'>N.-</span> <span class='ocrx_word' id='word_1_192' title='bbox 370 2422 508 2487; x_wconf 82' lang='grc' dir='ltr'>,πρὸς</span> <span class='ocrx_word' id='word_1_193' title='bbox 535 2422 645 2471; x_wconf 80' lang='grc' dir='ltr'>ἑπτὰ</span> <span class='ocrx_word' id='word_1_194' title='bbox 672 2435 778 2472; x_wconf 88' lang='lat' dir='ltr'><strong>cett.</strong></span> <span class='ocrx_word' id='word_1_195' title='bbox 807 2427 874 2474; x_wconf 89' lang='lat' dir='ltr'>Cf.</span> <span class='ocrx_word' id='word_1_196' title='bbox 904 2428 1108 2475; x_wconf 88' lang='lat' dir='ltr'><strong>Clinton.</strong></span> <span class='ocrx_word' id='word_1_197' title='bbox 1133 2429 1185 2473; x_wconf 92' lang='lat' dir='ltr'>F.</span> <span class='ocrx_word' id='word_1_198' title='bbox 1211 2428 1274 2472; x_wconf 91' lang='lat' dir='ltr'>H.</span> <span class='ocrx_word' id='word_1_199' title='bbox 1306 2427 1367 2472; x_wconf 85' lang='lat' dir='ltr'>ad</span> 
     </span>
    </p>
   </div>
   <div class='ocr_carea' id='block_1_10' title="bbox 35 2496 1362 2617">
    <p class='ocr_par' dir='ltr' id='par_1_16' title="bbox 46 2496 1362 2612">
     <span class='ocr_line' id='line_1_29' title="bbox 46 2496 1362 2563; baseline 0 -21"><span class='ocrx_word' id='word_1_200' title='bbox 46 2510 148 2549; x_wconf 73' lang='lat' dir='ltr'>an.</span> <span class='ocrx_word' id='word_1_201' title='bbox 167 2498 495 2558; x_wconf 76' lang='lat' dir='ltr'><strong>411.Kri’1ger.</strong></span> <span class='ocrx_word' id='word_1_202' title='bbox 519 2496 859 2563; x_wconf 81' lang='lat' dir='ltr'><strong>Historiogr.p</strong></span> <span class='ocrx_word' id='word_1_203' title='bbox 877 2498 968 2543; x_wconf 80' lang='lat'>362</span> <span class='ocrx_word' id='word_1_204' title='bbox 986 2514 1086 2558; x_wconf 90' lang='lat' dir='ltr'>sqq.</span> <span class='ocrx_word' id='word_1_205' title='bbox 1108 2497 1362 2546; x_wconf 84' lang='lat' dir='ltr'><strong>Hermann.</strong></span> 
     </span>
     <span class='ocr_line' id='line_1_30' title="bbox 35 2553 188 2617; baseline -0.011 -4.489"><span class='ocrx_word' id='word_1_206' title='bbox 35 2553 188 2617; x_wconf 80' lang='grc'>166.</span> 
     </span>
    </p>
   </div>
   <div class='ocr_carea' id='block_1_11' title="bbox 0 2638 1410 3502">
    <p class='ocr_par' dir='ltr' id='par_1_17' title="bbox 0 2638 1410 2967">
     <span class='ocr_line' id='line_1_31' title="bbox 47 2638 1361 2705; baseline 0.004 -22"><span class='ocrx_word' id='word_1_207' title='bbox 47 2663 66 2698; x_wconf 85' lang='lat'>.&#39;</span> <span class='ocrx_word' id='word_1_208' title='bbox 143 2638 306 2700; x_wconf 87' lang='lat' dir='ltr'><strong>[Arist.</strong></span> <span class='ocrx_word' id='word_1_209' title='bbox 343 2639 446 2687; x_wconf 90' lang='lat' dir='ltr'><strong>Pol.</strong></span> <span class='ocrx_word' id='word_1_210' title='bbox 466 2644 517 2687; x_wconf 89' lang='lat' dir='ltr'>V.</span> <span class='ocrx_word' id='word_1_211' title='bbox 554 2641 579 2686; x_wconf 82' lang='grc'><strong>3</strong></span> <span class='ocrx_word' id='word_1_212' title='bbox 596 2677 608 2698; x_wconf 95' lang='grc'>,</span> <span class='ocrx_word' id='word_1_213' title='bbox 641 2644 670 2688; x_wconf 92' lang='grc'>8</span> <span class='ocrx_word' id='word_1_214' title='bbox 698 2658 709 2686; x_wconf 91' lang='lat'>:</span> <span class='ocrx_word' id='word_1_215' title='bbox 743 2640 849 2688; x_wconf 75' lang='lat' dir='ltr'><strong>’Em</strong></span> <span class='ocrx_word' id='word_1_216' title='bbox 877 2659 959 2686; x_wconf 90' lang='grc' dir='ltr'>των</span> <span class='ocrx_word' id='word_1_217' title='bbox 980 2639 1266 2705; x_wconf 89' lang='grc' dir='ltr'>τετρακοσίων</span> <span class='ocrx_word' id='word_1_218' title='bbox 1291 2640 1361 2688; x_wconf 82' lang='grc' dir='ltr'>τὸν</span> 
     </span>
     <span class='ocr_line' id='line_1_32' title="bbox 0 2709 1367 2781; baseline 0.002 -25"><span class='ocrx_word' id='word_1_219' title='bbox 0 2715 7 2781; x_wconf 53' lang='grc' dir='ltr'>γ’</span> <span class='ocrx_word' id='word_1_220' title='bbox 52 2709 211 2772; x_wconf 72' lang='grc' dir='ltr'>’δῆμον</span> <span class='ocrx_word' id='word_1_221' title='bbox 242 2709 517 2768; x_wconf 84' lang='grc' dir='ltr'>ἐξηπάτησαν</span> <span class='ocrx_word' id='word_1_222' title='bbox 553 2712 636 2772; x_wconf 87' lang='lat' dir='ltr'><strong>(sc.</strong></span> <span class='ocrx_word' id='word_1_223' title='bbox 655 2714 693 2758; x_wconf 78' lang='grc' dir='ltr'>οἱ</span> <span class='ocrx_word' id='word_1_224' title='bbox 713 2711 791 2770; x_wconf 78' lang='grc' dir='ltr'>τὴν</span> <span class='ocrx_word' id='word_1_225' title='bbox 812 2712 1033 2759; x_wconf 89' lang='grc' dir='ltr'>πολιτείαν</span> <span class='ocrx_word' id='word_1_226' title='bbox 1053 2714 1185 2759; x_wconf 82' lang='grc' dir='ltr'>κινεῖν</span> <span class='ocrx_word' id='word_1_227' title='bbox 1213 2712 1367 2774; x_wconf 89' lang='grc' dir='ltr'>βουλό-</span> 
     </span>
     <span class='ocr_line' id='line_1_33' title="bbox 0 2781 1410 2849; baseline 0.004 -22"><span class='ocrx_word' id='word_1_228' title='bbox 0 2799 8 2833; x_wconf 58' lang='grc' dir='ltr'>ι·7</span> <span class='ocrx_word' id='word_1_229' title='bbox 71 2781 218 2846; x_wconf 69' lang='grc' dir='ltr'>μενοι)</span> <span class='ocrx_word' id='word_1_230' title='bbox 242 2783 474 2847; x_wconf 85' lang='grc' dir='ltr'>φάσκοντες</span> <span class='ocrx_word' id='word_1_231' title='bbox 496 2782 568 2829; x_wconf 82' lang='grc' dir='ltr'>τὸν</span> <span class='ocrx_word' id='word_1_232' title='bbox 591 2783 772 2846; x_wconf 85' lang='grc' dir='ltr'>βασιλέα</span> <span class='ocrx_word' id='word_1_233' title='bbox 796 2783 1007 2849; x_wconf 84' lang='grc' dir='ltr'>χρήματα</span> <span class='ocrx_word' id='word_1_234' title='bbox 1037 2783 1237 2849; x_wconf 83' lang='grc' dir='ltr'>παρέξειν</span> <span class='ocrx_word' id='word_1_235' title='bbox 1263 2783 1370 2849; x_wconf 86' lang='grc' dir='ltr'>πρὸς</span> <span class='ocrx_word' id='word_1_236' title='bbox 1397 2807 1410 2833; x_wconf 74' lang='grc' dir='ltr'>ι</span> 
     </span>
     <span class='ocr_line' id='line_1_34' title="bbox 669 2926 743 2967; baseline 0 -1"><span class='ocrx_word' id='word_1_237' title='bbox 669 2926 743 2967; x_wconf 85' lang='grc'>71.</span> 
     </span>
    </p>

    <p class='ocr_par' dir='ltr' id='par_1_18' title="bbox 0 2987 1366 3291">
     <span class='ocr_line' id='line_1_35' title="bbox 22 2987 1364 3043; baseline 0.002 -14"><span class='ocrx_word' id='word_1_238' title='bbox 22 2987 27 2996; x_wconf 75' lang='lat'><em>&#39;</em></span> <span class='ocrx_word' id='word_1_239' title='bbox 47 2991 49 2995; x_wconf 90' lang='lat'>&#39;</span> <span class='ocrx_word' id='word_1_240' title='bbox 125 2990 353 3032; x_wconf 80' lang='lat' dir='ltr'><strong>Aristoteles</strong></span> <span class='ocrx_word' id='word_1_241' title='bbox 378 2991 475 3031; x_wconf 88' lang='lat' dir='ltr'><strong>dicit</strong></span> <span class='ocrx_word' id='word_1_242' title='bbox 489 2993 579 3042; x_wconf 88' lang='lat' dir='ltr'><strong>post</strong></span> <span class='ocrx_word' id='word_1_243' title='bbox 600 2993 788 3043; x_wconf 90' lang='lat' dir='ltr'><strong>proelium</strong></span> <span class='ocrx_word' id='word_1_244' title='bbox 811 2993 952 3033; x_wconf 85' lang='lat' dir='ltr'><strong>navale</strong></span> <span class='ocrx_word' id='word_1_245' title='bbox 972 2993 1021 3033; x_wconf 87' lang='lat' dir='ltr'>ad</span> <span class='ocrx_word' id='word_1_246' title='bbox 1042 2994 1260 3043; x_wconf 77' lang='lat' dir='ltr'><strong>Arginusas</strong></span> <span class='ocrx_word' id='word_1_247' title='bbox 1289 2993 1364 3033; x_wconf 86' lang='lat' dir='ltr'><strong>sub</strong></span> 
     </span>
     <span class='ocr_line' id='line_1_36' title="bbox 0 3053 1365 3107; baseline 0.002 -14"><span class='ocrx_word' id='word_1_248' title='bbox 0 3062 3 3085; x_wconf 70' lang='grc' dir='ltr'>ί</span> <span class='ocrx_word' id='word_1_249' title='bbox 73 3053 199 3103; x_wconf 59' lang='lat' dir='ltr'><strong>allia</strong></span> <span class='ocrx_word' id='word_1_250' title='bbox 225 3055 416 3096; x_wconf 79' lang='lat' dir='ltr'><strong>archonte</strong></span> <span class='ocrx_word' id='word_1_251' title='bbox 439 3056 696 3096; x_wconf 90' lang='lat' dir='ltr'><strong>commissum</strong></span> <span class='ocrx_word' id='word_1_252' title='bbox 719 3068 850 3107; x_wconf 88' lang='lat' dir='ltr'><strong>quum</strong></span> <span class='ocrx_word' id='word_1_253' title='bbox 879 3057 1169 3097; x_wconf 80' lang='lat' dir='ltr'><strong>Lacedaemonii</strong></span> <span class='ocrx_word' id='word_1_254' title='bbox 1199 3057 1365 3097; x_wconf 88' lang='lat' dir='ltr'><strong>Decelea</strong></span> 
     </span>
     <span class='ocr_line' id='line_1_37' title="bbox 0 3117 1364 3172; baseline 0.002 -14"><span class='ocrx_word' id='word_1_255' title='bbox 0 3127 3 3137; x_wconf 79' lang='lat'>¹</span> <span class='ocrx_word' id='word_1_256' title='bbox 62 3117 266 3159; x_wconf 60' lang='lat' dir='ltr'><strong>excedere</strong></span> <span class='ocrx_word' id='word_1_257' title='bbox 282 3119 430 3160; x_wconf 84' lang='lat' dir='ltr'><strong>vellent</strong></span> <span class='ocrx_word' id='word_1_258' title='bbox 451 3130 499 3159; x_wconf 87' lang='lat' dir='ltr'>ea</span> <span class='ocrx_word' id='word_1_259' title='bbox 525 3120 774 3171; x_wconf 86' lang='lat' dir='ltr'><strong>conditione,</strong></span> <span class='ocrx_word' id='word_1_260' title='bbox 795 3123 842 3161; x_wconf 86' lang='lat' dir='ltr'>ut</span> <span class='ocrx_word' id='word_1_261' title='bbox 863 3122 1079 3162; x_wconf 82' lang='lat' dir='ltr'><strong>retinerent</strong></span> <span class='ocrx_word' id='word_1_262' title='bbox 1099 3123 1258 3172; x_wconf 86' lang='lat' dir='ltr'><strong>utrique</strong></span> <span class='ocrx_word' id='word_1_263' title='bbox 1273 3133 1364 3172; x_wconf 82' lang='lat' dir='ltr'><strong>quae</strong></span> 
     </span>
     <span class='ocr_line' id='line_1_38' title="bbox 0 3177 1362 3285; baseline 0.004 -66"><span class='ocrx_word' id='word_1_264' title='bbox 0 3198 2 3227; x_wconf 62' lang='lat'><strong>5</strong></span> <span class='ocrx_word' id='word_1_265' title='bbox 66 3177 154 3285; x_wconf 66' lang='lat' dir='ltr'><strong>liam</strong></span> <span class='ocrx_word' id='word_1_266' title='bbox 182 3181 452 3234; x_wconf 84' lang='lat' dir='ltr'><strong>possiderent,</strong></span> <span class='ocrx_word' id='word_1_267' title='bbox 484 3185 524 3224; x_wconf 93' lang='lat' dir='ltr'>et</span> <span class='ocrx_word' id='word_1_268' title='bbox 552 3195 692 3235; x_wconf 88' lang='lat' dir='ltr'><strong>pacem</strong></span> <span class='ocrx_word' id='word_1_269' title='bbox 708 3196 845 3236; x_wconf 84' lang='lat' dir='ltr'><strong>agere,</strong></span> <span class='ocrx_word' id='word_1_270' title='bbox 869 3185 1075 3235; x_wconf 83' lang='lat' dir='ltr'><strong>Cleophon</strong></span> <span class='ocrx_word' id='word_1_271' title='bbox 1103 3185 1249 3236; x_wconf 89' lang='lat' dir='ltr'><strong>populo</strong></span> <span class='ocrx_word' id='word_1_272' title='bbox 1269 3197 1362 3225; x_wconf 85' lang='lat' dir='ltr'><strong>sua-</strong></span> 
     </span>
     <span class='ocr_line' id='line_1_39' title="bbox 0 3236 1366 3303; baseline 0.004 -18"><span class='ocrx_word' id='word_1_273' title='bbox 0 3236 2 3245; x_wconf 68' lang='grc'><strong>“</strong></span> <span class='ocrx_word' id='word_1_274' title='bbox 145 3255 196 3286; x_wconf 83' lang='lat' dir='ltr'>ne</span> <span class='ocrx_word' id='word_1_275' title='bbox 214 3247 286 3288; x_wconf 87' lang='lat' dir='ltr'>has</span> <span class='ocrx_word' id='word_1_276' title='bbox 317 3247 564 3289; x_wconf 85' lang='lat' dir='ltr'><strong>conditiones</strong></span> <span class='ocrx_word' id='word_1_277' title='bbox 582 3250 865 3303; x_wconf 84' lang='lat' dir='ltr'><strong>admitterent,</strong></span> <span class='ocrx_word' id='word_1_278' title='bbox 894 3251 1027 3291; x_wconf 89' lang='lat' dir='ltr'><strong>ebrius</strong></span> <span class='ocrx_word' id='word_1_279' title='bbox 1053 3252 1093 3290; x_wconf 88' lang='lat' dir='ltr'>et</span> <span class='ocrx_word' id='word_1_280' title='bbox 1109 3251 1298 3290; x_wconf 86' lang='lat' dir='ltr'><strong>loricatus</strong></span> <span class='ocrx_word' id='word_1_281' title='bbox 1324 3252 1366 3291; x_wconf 90' lang='lat' dir='ltr'>in</span> 
     </span>
    </p>

    <p class='ocr_par' dir='ltr' id='par_1_19' title="bbox 28 3243 1366 3484">
     <span class='ocr_line' id='line_1_40' title="bbox 28 3243 1363 3364; baseline 0.003 -14.087"><span class='ocrx_word' id='word_1_282' title='bbox 28 3243 303 3364; x_wconf 48' lang='lat' dir='ltr'><strong>&gt;lavacionem</strong></span> <span class='ocrx_word' id='word_1_283' title='bbox 319 3313 480 3353; x_wconf 86' lang='lat' dir='ltr'><strong>veniens</strong></span> <span class='ocrx_word' id='word_1_284' title='bbox 491 3342 502 3362; x_wconf 93' lang='lat'><strong>,</strong></span> <span class='ocrx_word' id='word_1_285' title='bbox 511 3301 748 3364; x_wconf 81' lang='lat' dir='ltr'><strong>jactansque</strong></span> <span class='ocrx_word' id='word_1_286' title='bbox 765 3313 929 3354; x_wconf 90' lang='lat' dir='ltr'><strong>minime</strong></span> <span class='ocrx_word' id='word_1_287' title='bbox 944 3325 986 3354; x_wconf 89' lang='lat' dir='ltr'>se</span> <span class='ocrx_word' id='word_1_288' title='bbox 1004 3316 1047 3354; x_wconf 90' lang='lat' dir='ltr'>ut</span> <span class='ocrx_word' id='word_1_289' title='bbox 1067 3314 1234 3354; x_wconf 88' lang='lat' dir='ltr'><strong>Decelea</strong></span> <span class='ocrx_word' id='word_1_290' title='bbox 1247 3314 1363 3354; x_wconf 85' lang='lat' dir='ltr'><strong>dece-</strong></span> 
     </span>
     <span class='ocr_line' id='line_1_41' title="bbox 24 3351 1366 3429; baseline 0.004 -17.087"><span class='ocrx_word' id='word_1_291' title='bbox 24 3351 171 3418; x_wconf 48' lang='lat' dir='ltr'>A‘fiant</span> <span class='ocrx_word' id='word_1_292' title='bbox 202 3375 491 3416; x_wconf 82' lang='lat' dir='ltr'><strong>Lacedaemonii</strong></span> <span class='ocrx_word' id='word_1_293' title='bbox 534 3387 846 3428; x_wconf 86' lang='lat' dir='ltr'><strong>concessurum,</strong></span> <span class='ocrx_word' id='word_1_294' title='bbox 891 3378 967 3417; x_wconf 89' lang='lat' dir='ltr'><strong>nisi</strong></span> <span class='ocrx_word' id='word_1_295' title='bbox 1000 3378 1174 3428; x_wconf 88' lang='lat' dir='ltr'><strong>reliquas</strong></span> <span class='ocrx_word' id='word_1_296' title='bbox 1205 3389 1366 3429; x_wconf 89' lang='lat' dir='ltr'><strong>quoque</strong></span> 
     </span>
     <span class='ocr_line' id='line_1_42' title="bbox 26 3415 1002 3502; baseline 0.005 -26.123"><span class='ocrx_word' id='word_1_297' title='bbox 26 3415 194 3502; x_wconf 36' lang='lat' dir='ltr'><strong>&amp;bes</strong></span> <span class='ocrx_word' id='word_1_298' title='bbox 205 3438 409 3481; x_wconf 85' lang='lat' dir='ltr'><strong>universas</strong></span> <span class='ocrx_word' id='word_1_299' title='bbox 425 3440 727 3481; x_wconf 82' lang='lat' dir='ltr'><strong>Atheniensibus</strong></span> <span class='ocrx_word' id='word_1_300' title='bbox 743 3436 1002 3482; x_wconf 80' lang='lat' dir='ltr'><strong>reddiderint</strong></span> 
     </span>
    </p>
   </div>
   <div class='ocr_carea' id='block_1_12' title="bbox 0 3568 1365 4393">
    <p class='ocr_par' dir='ltr' id='par_1_20' title="bbox 56 3568 1365 3689">
     <span class='ocr_line' id='line_1_43' title="bbox 56 3568 1365 3626; baseline 0.003 -16"><span class='ocrx_word' id='word_1_301' title='bbox 56 3568 87 3603; x_wconf 60' lang='lat'>³²5</span> <span class='ocrx_word' id='word_1_302' title='bbox 126 3570 355 3617; x_wconf 60' lang='lat' dir='ltr'><strong>Aristoteles</strong></span> <span class='ocrx_word' id='word_1_303' title='bbox 379 3573 422 3613; x_wconf 91' lang='lat' dir='ltr'>in</span> <span class='ocrx_word' id='word_1_304' title='bbox 451 3574 754 3615; x_wconf 84' lang='lat' dir='ltr'><strong>Atheniensium</strong></span> <span class='ocrx_word' id='word_1_305' title='bbox 772 3578 872 3626; x_wconf 87' lang='lat' dir='ltr'><strong>Rep.</strong></span> <span class='ocrx_word' id='word_1_306' title='bbox 905 3577 960 3615; x_wconf 86' lang='lat' dir='ltr'>ait</span> <span class='ocrx_word' id='word_1_307' title='bbox 988 3577 1162 3626; x_wconf 79' lang='lat' dir='ltr'><strong>Anytum</strong></span> <span class='ocrx_word' id='word_1_308' title='bbox 1187 3586 1365 3615; x_wconf 88' lang='lat' dir='ltr'><strong>corrum-</strong></span> 
     </span>
     <span class='ocr_line' id='line_1_44' title="bbox 59 3634 927 3689; baseline 0.004 -13.046"><span class='ocrx_word' id='word_1_309' title='bbox 59 3634 292 3684; x_wconf 63' lang='lat' dir='ltr'><strong>pudorum</strong></span> <span class='ocrx_word' id='word_1_310' title='bbox 310 3637 554 3689; x_wconf 83' lang='lat' dir='ltr'><strong>judiciorum</strong></span> <span class='ocrx_word' id='word_1_311' title='bbox 574 3641 779 3679; x_wconf 86' lang='lat' dir='ltr'><strong>auctorem</strong></span> <span class='ocrx_word' id='word_1_312' title='bbox 795 3640 927 3680; x_wconf 80' lang='lat' dir='ltr'><strong>fuisse.</strong></span> 
     </span>
    </p>

    <p class='ocr_par' dir='ltr' id='par_1_21' title="bbox 68 3769 1364 3952">
     <span class='ocr_line' id='line_1_45' title="bbox 74 3769 1364 3824; baseline 0.002 -14.077"><span class='ocrx_word' id='word_1_313' title='bbox 74 3769 413 3822; x_wconf 79' lang='lat' dir='ltr'><strong>·Quadringenti</strong></span> <span class='ocrx_word' id='word_1_314' title='bbox 424 3773 531 3824; x_wconf 89' lang='lat' dir='ltr'><strong>apud</strong></span> <span class='ocrx_word' id='word_1_315' title='bbox 546 3774 803 3814; x_wconf 85' lang='lat' dir='ltr'><strong>Athenienses</strong></span> <span class='ocrx_word' id='word_1_316' title='bbox 814 3777 966 3824; x_wconf 86' lang='lat' dir='ltr'><strong>septem</strong></span> <span class='ocrx_word' id='word_1_317' title='bbox 979 3774 1092 3813; x_wconf 87' lang='lat' dir='ltr'><strong>annis</strong></span> <span class='ocrx_word' id='word_1_318' title='bbox 1102 3775 1194 3813; x_wconf 86' lang='lat' dir='ltr'><strong>ante</strong></span> <span class='ocrx_word' id='word_1_319' title='bbox 1205 3773 1364 3823; x_wconf 85' lang='lat' dir='ltr'><strong>triginta</strong></span> 
     </span>
     <span class='ocr_line' id='line_1_46' title="bbox 47 3831 1362 3888; baseline 0.003 -16.065"><span class='ocrx_word' id='word_1_320' title='bbox 47 3831 263 3882; x_wconf 54' lang='lat' dir='ltr'><strong>«tyrannos</strong></span> <span class='ocrx_word' id='word_1_321' title='bbox 272 3835 476 3876; x_wconf 85' lang='lat' dir='ltr'><strong>constituti</strong></span> <span class='ocrx_word' id='word_1_322' title='bbox 491 3837 624 3883; x_wconf 84' lang='lat' dir='ltr'><strong>fuere,</strong></span> <span class='ocrx_word' id='word_1_323' title='bbox 641 3837 710 3888; x_wconf 88' lang='lat' dir='ltr'>qui</span> <span class='ocrx_word' id='word_1_324' title='bbox 723 3848 878 3878; x_wconf 85' lang='lat' dir='ltr'><strong>menses</strong></span> <span class='ocrx_word' id='word_1_325' title='bbox 886 3839 1076 3888; x_wconf 88' lang='lat' dir='ltr'><strong>quattuor</strong></span> <span class='ocrx_word' id='word_1_326' title='bbox 1089 3837 1242 3877; x_wconf 86' lang='lat' dir='ltr'><strong>civitati</strong></span> <span class='ocrx_word' id='word_1_327' title='bbox 1258 3847 1362 3887; x_wconf 81' lang='lat' dir='ltr'><strong>prae-</strong></span> 
     </span>
     <span class='ocr_line' id='line_1_47' title="bbox 43 3891 1230 3952; baseline 0.003 -16.098"><span class='ocrx_word' id='word_1_328' title='bbox 43 3891 256 3948; x_wconf 67' lang='lat' dir='ltr'><strong>morunt,</strong></span> <span class='ocrx_word' id='word_1_329' title='bbox 271 3899 318 3939; x_wconf 87' lang='lat' dir='ltr'>ut</span> <span class='ocrx_word' id='word_1_330' title='bbox 337 3899 461 3940; x_wconf 85' lang='lat' dir='ltr'><strong>tradit</strong></span> <span class='ocrx_word' id='word_1_331' title='bbox 480 3901 741 3941; x_wconf 83' lang='lat' dir='ltr'><strong>Aristoteles</strong></span> <span class='ocrx_word' id='word_1_332' title='bbox 730 3913 774 3941; x_wconf 89' lang='lat' dir='ltr'>m</span> <span class='ocrx_word' id='word_1_333' title='bbox 799 3903 895 3952; x_wconf 85' lang='lat' dir='ltr'><strong>Rep.</strong></span> <span class='ocrx_word' id='word_1_334' title='bbox 918 3900 1230 3941; x_wconf 82' lang='lat' dir='ltr'><strong>Atheniensium.</strong></span> 
     </span>
    </p>

    <p class='ocr_par' dir='ltr' id='par_1_22' title="bbox 59 3952 1361 4080">
     <span class='ocr_line' id='line_1_48' title="bbox 70 3952 1360 4015; baseline 0.003 -14.177"><span class='ocrx_word' id='word_1_335' title='bbox 70 3952 403 4012; x_wconf 68' lang='lat' dir='ltr'><strong>Premporibus</strong></span> <span class='ocrx_word' id='word_1_336' title='bbox 414 3964 748 4015; x_wconf 80' lang='lat' dir='ltr'><strong>quadringentum</strong></span> <span class='ocrx_word' id='word_1_337' title='bbox 759 3965 890 4004; x_wconf 82' lang='lat' dir='ltr'><strong>virum</strong></span> <span class='ocrx_word' id='word_1_338' title='bbox 902 3965 1094 4015; x_wconf 88' lang='lat' dir='ltr'><strong>populum</strong></span> <span class='ocrx_word' id='word_1_339' title='bbox 1105 3964 1360 4015; x_wconf 85' lang='lat' dir='ltr'><strong>deceperunt,</strong></span> 
     </span>
     <span class='ocr_line' id='line_1_49' title="bbox 54 4024 1361 4080; baseline 0.004 -17.019"><span class='ocrx_word' id='word_1_340' title='bbox 54 4027 205 4075; x_wconf 45' lang='lat' dir='ltr'><strong>Quum</strong></span> <span class='ocrx_word' id='word_1_341' title='bbox 220 4024 395 4067; x_wconf 84' lang='lat' dir='ltr'><strong>dicerent</strong></span> <span class='ocrx_word' id='word_1_342' title='bbox 406 4039 564 4079; x_wconf 84' lang='lat' dir='ltr'><strong>,regem</strong></span> <span class='ocrx_word' id='word_1_343' title='bbox 578 4031 786 4069; x_wconf 87' lang='lat' dir='ltr'><strong>Persarum</strong></span> <span class='ocrx_word' id='word_1_344' title='bbox 802 4029 1010 4080; x_wconf 80' lang='lat' dir='ltr'><strong>pecuniam</strong></span> <span class='ocrx_word' id='word_1_345' title='bbox 1026 4028 1076 4068; x_wconf 88' lang='lat' dir='ltr'>ad</span> <span class='ocrx_word' id='word_1_346' title='bbox 1097 4029 1248 4069; x_wconf 89' lang='lat' dir='ltr'><strong>bellum</strong></span> <span class='ocrx_word' id='word_1_347' title='bbox 1267 4040 1361 4069; x_wconf 88' lang='lat' dir='ltr'>eum</span> 
     </span>
    </p>

    <p class='ocr_par' dir='ltr' id='par_1_23' title="bbox 0 4054 1360 4393">
     <span class='ocr_line' id='line_1_50' title="bbox 20 4054 1360 4144; baseline 0.004 -16.116"><span class='ocrx_word' id='word_1_348' title='bbox 20 4054 418 4144; x_wconf 46' lang='lat' dir='ltr'><strong>maemoniis</strong></span> <span class='ocrx_word' id='word_1_349' title='bbox 393 4094 622 4144; x_wconf 87' lang='lat' dir='ltr'><strong>susceptum</strong></span> <span class='ocrx_word' id='word_1_350' title='bbox 637 4093 1005 4144; x_wconf 71' lang='lat' dir='ltr'><strong>suppeditaturum,</strong></span> <span class='ocrx_word' id='word_1_351' title='bbox 1027 4096 1068 4133; x_wconf 91' lang='lat' dir='ltr'>et</span> <span class='ocrx_word' id='word_1_352' title='bbox 1082 4104 1153 4144; x_wconf 85' lang='lat' dir='ltr'>per</span> <span class='ocrx_word' id='word_1_353' title='bbox 1165 4094 1242 4133; x_wconf 88' lang='lat' dir='ltr'>hoc</span> <span class='ocrx_word' id='word_1_354' title='bbox 1253 4104 1360 4133; x_wconf 88' lang='lat' dir='ltr'><strong>men-</strong></span> 
     </span>
     <span class='ocr_line' id='line_1_51' title="bbox 0 4146 1358 4207; baseline 0.004 -16"><span class='ocrx_word' id='word_1_355' title='bbox 0 4157 2 4198; x_wconf 72' lang='lat' dir='ltr'><strong>i</strong></span> <span class='ocrx_word' id='word_1_356' title='bbox 25 4200 30 4202; x_wconf 39' lang='grc'>,</span> <span class='ocrx_word' id='word_1_357' title='bbox 48 4146 231 4202; x_wconf 51' lang='lat' dir='ltr'><strong>fficium</strong></span> <span class='ocrx_word' id='word_1_358' title='bbox 256 4155 540 4205; x_wconf 85' lang='lat' dir='ltr'><strong>rempublicam</strong></span> <span class='ocrx_word' id='word_1_359' title='bbox 556 4157 751 4197; x_wconf 87' lang='lat' dir='ltr'><strong>retinere</strong></span> <span class='ocrx_word' id='word_1_360' title='bbox 740 4169 782 4197; x_wconf 89' lang='grc' dir='ltr'>ιιι</span> <span class='ocrx_word' id='word_1_361' title='bbox 808 4168 880 4197; x_wconf 87' lang='lat' dir='ltr'>sua</span> <span class='ocrx_word' id='word_1_362' title='bbox 894 4158 1087 4207; x_wconf 81' lang='lat' dir='ltr'><strong>potestate</strong></span> <span class='ocrx_word' id='word_1_363' title='bbox 1106 4157 1237 4196; x_wconf 90' lang='lat' dir='ltr'><strong>conati</strong></span> <span class='ocrx_word' id='word_1_364' title='bbox 1252 4159 1358 4197; x_wconf 86' lang='lat' dir='ltr'><strong>sunt.</strong></span> 
     </span>
     <span class='ocr_line' id='line_1_52' title="bbox 0 4207 1357 4320; baseline 0.004 -66"><span class='ocrx_word' id='word_1_365' title='bbox 0 4227 73 4320; x_wconf 65' lang='grc' dir='ltr'>γ</span> <span class='ocrx_word' id='word_1_366' title='bbox 47 4207 49 4210; x_wconf 70' lang='grc'><strong>’</strong></span> <span class='ocrx_word' id='word_1_367' title='bbox 61 4225 129 4243; x_wconf 85' lang='lat'>·—-</span> <span class='ocrx_word' id='word_1_368' title='bbox 147 4216 308 4258; x_wconf 81' lang='lat' dir='ltr'><strong>Exsistit</strong></span> <span class='ocrx_word' id='word_1_369' title='bbox 329 4218 436 4258; x_wconf 89' lang='lat' dir='ltr'><strong>enim</strong></span> <span class='ocrx_word' id='word_1_370' title='bbox 451 4219 688 4271; x_wconf 83' lang='lat' dir='ltr'><strong>demagogus</strong></span> <span class='ocrx_word' id='word_1_371' title='bbox 708 4220 827 4260; x_wconf 89' lang='lat' dir='ltr'><strong>etiam</strong></span> <span class='ocrx_word' id='word_1_372' title='bbox 847 4221 879 4260; x_wconf 90' lang='lat' dir='ltr'>si</span> <span class='ocrx_word' id='word_1_373' title='bbox 901 4221 1016 4270; x_wconf 88' lang='lat' dir='ltr'><strong>pauci</strong></span> <span class='ocrx_word' id='word_1_374' title='bbox 1047 4221 1265 4260; x_wconf 85' lang='lat' dir='ltr'><strong>admodum</strong></span> <span class='ocrx_word' id='word_1_375' title='bbox 1281 4221 1357 4261; x_wconf 81' lang='lat' dir='ltr'><strong>sint</strong></span> 
     </span>
     <span class='ocr_line' id='line_1_53' title="bbox 0 4322 41 4364; baseline 0 0"><span class='ocrx_word' id='word_1_376' title='bbox 0 4322 41 4364; x_wconf 92' lang='grc' dir='ltr'>Ι</span> 
     </span>
     <span class='ocr_line' id='line_1_54' title="bbox 0 4365 2 4393; baseline 0 0"><span class='ocrx_word' id='word_1_377' title='bbox 0 4365 2 4393; x_wconf 80' lang='grc' dir='ltr'>ι</span> 
     </span>
    </p>
   </div>
   <div class='ocr_carea' id='block_1_13' title="bbox 56 4322 81 4466">
    <p class='ocr_par' dir='ltr' id='par_1_24' title="bbox 51 4322 81 4467">
     <span class='ocr_line' id='line_1_55' title="bbox 56 4322 81 4466; baseline -0.033 0.833"><span class='ocrx_word' id='word_1_378' title='bbox 56 4322 81 4466; x_wconf 53' lang='lat' dir='ltr'>t</span> 
     </span>
    </p>
   </div>
   <div class='ocr_carea' id='block_1_14' title="bbox 14 4477 94 4628">
    <p class='ocr_par' dir='ltr' id='par_1_25' title="bbox 14 4477 94 4628">
     <span class='ocr_line' id='line_1_56' title="bbox 14 4477 94 4535; baseline 0.013 -24.039"><span class='ocrx_word' id='word_1_379' title='bbox 14 4477 94 4535; x_wconf 43' lang='lat'>55³3:</span> 
     </span>
     <span class='ocr_line' id='line_1_57' title="bbox 19 4538 43 4578; baseline 0 -13"><span class='ocrx_word' id='word_1_380' title='bbox 19 4538 43 4578; x_wconf 31' lang='grc' dir='ltr'>ᾗ.</span> 
     </span>
     <span class='ocr_line' id='line_1_58' title="bbox 28 4590 70 4628; baseline 0 -16"><span class='ocrx_word' id='word_1_381' title='bbox 28 4596 49 4628; x_wconf 41' lang='lat'>³⁷.</span> <span class='ocrx_word' id='word_1_382' title='bbox 62 4590 70 4618; x_wconf 56' lang='lat' dir='ltr'>f</span> 
     </span>
    </p>
   </div>
   <div class='ocr_carea' id='block_1_15' title="bbox 2644 315 2726 354">
    <p class='ocr_par' dir='ltr' id='par_1_26' title="bbox 2644 315 2726 354">
     <span class='ocr_line' id='line_1_59' title="bbox 2644 315 2726 354; baseline 0 0"><span class='ocrx_word' id='word_1_383' title='bbox 2644 315 2726 354; x_wconf 78' lang='lat'>¹27</span> 
     </span>
    </p>
   </div>
   <div class='ocr_carea' id='block_1_16' title="bbox 1443 400 2738 1178">
    <p class='ocr_par' dir='ltr' id='par_1_27' title="bbox 1443 400 2737 886">
     <span class='ocr_line' id='line_1_60' title="bbox 1444 400 2734 473; baseline 0.012 -27"><span class='ocrx_word' id='word_1_384' title='bbox 1444 400 1514 447; x_wconf 87' lang='grc' dir='ltr'>τὸν</span> <span class='ocrx_word' id='word_1_385' title='bbox 1538 401 1725 462; x_wconf 89' lang='grc' dir='ltr'>πόλεμον</span> <span class='ocrx_word' id='word_1_386' title='bbox 1757 402 1829 448; x_wconf 81' lang='grc' dir='ltr'>τὸν</span> <span class='ocrx_word' id='word_1_387' title='bbox 1862 403 1965 467; x_wconf 84' lang='grc' dir='ltr'>πρὸς</span> <span class='ocrx_word' id='word_1_388' title='bbox 1992 406 2183 451; x_wconf 74' lang='grc' dir='ltr'>Λακεδαι</span> <span class='ocrx_word' id='word_1_389' title='bbox 2173 407 2376 467; x_wconf 74' lang='grc' dir='ltr'>ιμονίους,</span> <span class='ocrx_word' id='word_1_390' title='bbox 2402 410 2662 473; x_wconf 69' lang='grc' dir='ltr'>ψευσάμενοι</span> <span class='ocrx_word' id='word_1_391' title='bbox 2689 416 2734 461; x_wconf 82' lang='grc' dir='ltr'>δὲ</span> 
     </span>
     <span class='ocr_line' id='line_1_61' title="bbox 1444 473 2730 542; baseline 0.006 -22"><span class='ocrx_word' id='word_1_392' title='bbox 1444 473 1642 537; x_wconf 81' lang='grc' dir='ltr'>κατέχειν</span> <span class='ocrx_word' id='word_1_393' title='bbox 1667 477 1896 539; x_wconf 84' lang='grc' dir='ltr'>ἐπειρῶντο</span> <span class='ocrx_word' id='word_1_394' title='bbox 1915 476 1991 532; x_wconf 82' lang='grc' dir='ltr'>τὴν</span> <span class='ocrx_word' id='word_1_395' title='bbox 2017 477 2180 522; x_wconf 83' lang='grc' dir='ltr'>πολιτεί</span> <span class='ocrx_word' id='word_1_396' title='bbox 2168 498 2253 525; x_wconf 82' lang='grc' dir='ltr'>·.αν</span> <span class='ocrx_word' id='word_1_397' title='bbox 2281 509 2344 514; x_wconf 72' lang='lat'><strong>—</strong></span> <span class='ocrx_word' id='word_1_398' title='bbox 2375 486 2476 530; x_wconf 86' lang='lat' dir='ltr'><strong>Pol.</strong></span> <span class='ocrx_word' id='word_1_399' title='bbox 2499 489 2552 540; x_wconf 87' lang='lat' dir='ltr'>V,</span> <span class='ocrx_word' id='word_1_400' title='bbox 2583 486 2634 542; x_wconf 82' lang='grc'>5,</span> <span class='ocrx_word' id='word_1_401' title='bbox 2662 495 2730 541; x_wconf 74' lang='lat'>4:</span> 
     </span>
     <span class='ocr_line' id='line_1_62' title="bbox 1445 544 2734 612; baseline 0.008 -18.126"><span class='ocrx_word' id='word_1_402' title='bbox 1445 544 1689 609; x_wconf 83' lang='grc' dir='ltr'>Ἐγγίνεται</span> <span class='ocrx_word' id='word_1_403' title='bbox 1725 546 1981 608; x_wconf 80' lang='grc' dir='ltr'>δημαγωγὸς</span> <span class='ocrx_word' id='word_1_404' title='bbox 2009 546 2088 593; x_wconf 80' lang='grc' dir='ltr'>κᾶν</span> <span class='ocrx_word' id='word_1_405' title='bbox 2124 549 2236 596; x_wconf 86' lang='grc' dir='ltr'>πάνυ</span> <span class='ocrx_word' id='word_1_406' title='bbox 2259 551 2394 612; x_wconf 87' lang='grc' dir='ltr'>ὀλίγοι</span> <span class='ocrx_word' id='word_1_407' title='bbox 2418 556 2544 610; x_wconf 85' lang='grc' dir='ltr'>ὠσιν,</span> <span class='ocrx_word' id='word_1_408' title='bbox 2577 575 2662 602; x_wconf 90' lang='grc' dir='ltr'>οιον</span> <span class='ocrx_word' id='word_1_409' title='bbox 2691 560 2734 604; x_wconf 86' lang='grc' dir='ltr'>ἐν</span> 
     </span>
     <span class='ocr_line' id='line_1_63' title="bbox 1443 617 2736 688; baseline 0.008 -24"><span class='ocrx_word' id='word_1_410' title='bbox 1443 621 1530 671; x_wconf 90' lang='grc' dir='ltr'>τοῖς</span> <span class='ocrx_word' id='word_1_411' title='bbox 1548 617 1776 682; x_wconf 87' lang='grc' dir='ltr'>τριάκοντα</span> <span class='ocrx_word' id='word_1_412' title='bbox 1791 618 2013 677; x_wconf 83' lang='grc' dir='ltr'>Ἀθήνησιν</span> <span class='ocrx_word' id='word_1_413' title='bbox 2029 620 2181 684; x_wconf 83' lang='grc' dir='ltr'>οἱπερὶ</span> <span class='ocrx_word' id='word_1_414' title='bbox 2202 623 2426 684; x_wconf 87' lang='grc' dir='ltr'>Χαρικλέα</span> <span class='ocrx_word' id='word_1_415' title='bbox 2440 624 2622 688; x_wconf 84' lang='grc' dir='ltr'>ἴσχυσαν</span> <span class='ocrx_word' id='word_1_416' title='bbox 2641 648 2736 682; x_wconf 87' lang='grc' dir='ltr'>τους</span> 
     </span>
     <span class='ocr_line' id='line_1_64' title="bbox 1443 691 2737 759; baseline 0.009 -24"><span class='ocrx_word' id='word_1_417' title='bbox 1443 691 1674 755; x_wconf 85' lang='grc' dir='ltr'>τριάκοντα</span> <span class='ocrx_word' id='word_1_418' title='bbox 1706 691 2082 753; x_wconf 76' lang='grc' dir='ltr'>δημαγωγοῦντες,</span> <span class='ocrx_word' id='word_1_419' title='bbox 2107 692 2179 738; x_wconf 74' lang='grc' dir='ltr'>καὶ</span> <span class='ocrx_word' id='word_1_420' title='bbox 2201 694 2242 738; x_wconf 88' lang='grc' dir='ltr'>ἐν</span> <span class='ocrx_word' id='word_1_421' title='bbox 2263 700 2349 746; x_wconf 89' lang='grc' dir='ltr'>τοῖς</span> <span class='ocrx_word' id='word_1_422' title='bbox 2374 697 2660 759; x_wconf 83' lang='grc' dir='ltr'>τετρακοσίοις</span> <span class='ocrx_word' id='word_1_423' title='bbox 2697 705 2737 747; x_wconf 80' lang='grc' dir='ltr'>οἱ</span> 
     </span>
     <span class='ocr_line' id='line_1_65' title="bbox 1445 760 2276 828; baseline 0.002 -20"><span class='ocrx_word' id='word_1_424' title='bbox 1445 762 1542 827; x_wconf 86' lang='grc' dir='ltr'>περὶ</span> <span class='ocrx_word' id='word_1_425' title='bbox 1566 760 1786 827; x_wconf 77' lang='grc' dir='ltr'>Φρύνιχον</span> <span class='ocrx_word' id='word_1_426' title='bbox 1813 762 1885 808; x_wconf 85' lang='grc' dir='ltr'>τὸν</span> <span class='ocrx_word' id='word_1_427' title='bbox 1911 762 2037 810; x_wconf 86' lang='grc' dir='ltr'>αὐτον</span> <span class='ocrx_word' id='word_1_428' title='bbox 2059 763 2232 828; x_wconf 86' lang='grc' dir='ltr'>τρόπον.</span> <span class='ocrx_word' id='word_1_429' title='bbox 2259 765 2276 827; x_wconf 90' lang='grc'>]</span> 
     </span>
     <span class='ocr_line' id='line_1_66' title="bbox 2057 836 2133 886; baseline -0.055 0"><span class='ocrx_word' id='word_1_430' title='bbox 2057 836 2133 886; x_wconf 77' lang='grc'>74·</span> 
     </span>
    </p>

    <p class='ocr_par' dir='ltr' id='par_1_28' title="bbox 1444 893 2737 1178">
     <span class='ocr_line' id='line_1_67' title="bbox 1510 893 2737 970; baseline 0.005 -25"><span class='ocrx_word' id='word_1_431' title='bbox 1510 889 2737 988; x_wconf 64' lang='grc' dir='ltr'>801101.Αι·ἰεῐορ11311.νεερ.ιΔρακοντίδης-ἔστιγὰρ</span> 
     </span>
     <span class='ocr_line' id='line_1_68' title="bbox 1445 963 2737 1040; baseline 0.002 -22"><span class='ocrx_word' id='word_1_432' title='bbox 1445 963 1564 1024; x_wconf 89' lang='grc' dir='ltr'>ουτος</span> <span class='ocrx_word' id='word_1_433' title='bbox 1584 973 1606 1017; x_wconf 84' lang='grc' dir='ltr'><strong>ὁ</strong></span> <span class='ocrx_word' id='word_1_434' title='bbox 1636 970 1684 1016; x_wconf 80' lang='grc' dir='ltr'>τὸ</span> <span class='ocrx_word' id='word_1_435' title='bbox 1709 969 1808 1035; x_wconf 76' lang='grc' dir='ltr'>περὶ</span> <span class='ocrx_word' id='word_1_436' title='bbox 1835 973 1919 1016; x_wconf 82' lang='grc' dir='ltr'>τῶν</span> <span class='ocrx_word' id='word_1_437' title='bbox 1952 970 2183 1034; x_wconf 86' lang='grc' dir='ltr'>τριάκοντα</span> <span class='ocrx_word' id='word_1_438' title='bbox 2207 972 2411 1038; x_wconf 77' lang='grc' dir='ltr'>ψήφισμα</span> <span class='ocrx_word' id='word_1_439' title='bbox 2433 992 2531 1036; x_wconf 88' lang='grc' dir='ltr'>περι</span> <span class='ocrx_word' id='word_1_440' title='bbox 2557 976 2737 1040; x_wconf 81' lang='grc' dir='ltr'>ὀλιγαρ-</span> 
     </span>
     <span class='ocr_line' id='line_1_69' title="bbox 1445 1041 2738 1107; baseline 0.005 -20"><span class='ocrx_word' id='word_1_441' title='bbox 1445 1041 1544 1106; x_wconf 87' lang='grc' dir='ltr'>χίας</span> <span class='ocrx_word' id='word_1_442' title='bbox 1566 1042 1763 1107; x_wconf 49' lang='grc' dir='ltr'>γράψας,</span> <span class='ocrx_word' id='word_1_443' title='bbox 1790 1046 1846 1096; x_wconf 79' lang='grc' dir='ltr'>ὡς</span> <span class='ocrx_word' id='word_1_444' title='bbox 1870 1042 2207 1106; x_wconf 79' lang='grc' dir='ltr'>Ἀριστοτέλης’</span> <span class='ocrx_word' id='word_1_445' title='bbox 2189 1064 2231 1091; x_wconf 90' lang='grc' dir='ltr'>εν</span> <span class='ocrx_word' id='word_1_446' title='bbox 2265 1044 2528 1098; x_wconf 89' lang='grc' dir='ltr'>Πολιτείαις.</span> <span class='ocrx_word' id='word_1_447' title='bbox 2552 1049 2621 1094; x_wconf 90' lang='lat' dir='ltr'>Cf.</span> <span class='ocrx_word' id='word_1_448' title='bbox 2643 1051 2738 1093; x_wconf 84' lang='lat' dir='ltr'>Xe-</span> 
     </span>
     <span class='ocr_line' id='line_1_70' title="bbox 1444 1116 2619 1178; baseline 0.003 -18"><span class='ocrx_word' id='word_1_449' title='bbox 1444 1117 1656 1176; x_wconf 89' lang='lat' dir='ltr'><strong>nophon.</strong></span> <span class='ocrx_word' id='word_1_450' title='bbox 1675 1118 1792 1163; x_wconf 72' lang='lat' dir='ltr'><strong>Hist.</strong></span> <span class='ocrx_word' id='word_1_451' title='bbox 1815 1118 1898 1163; x_wconf 89' lang='lat' dir='ltr'>Gr.</span> <span class='ocrx_word' id='word_1_452' title='bbox 1921 1119 1982 1173; x_wconf 92' lang='lat' dir='ltr'>II,</span> <span class='ocrx_word' id='word_1_453' title='bbox 2012 1116 2056 1176; x_wconf 70' lang='grc'>3,</span> <span class='ocrx_word' id='word_1_454' title='bbox 2087 1134 2131 1165; x_wconf 82' lang='lat'>2.</span> <span class='ocrx_word' id='word_1_455' title='bbox 2160 1117 2412 1163; x_wconf 89' lang='lat' dir='ltr'><strong>Hermann.</strong></span> <span class='ocrx_word' id='word_1_456' title='bbox 2449 1118 2617 1178; x_wconf 86' lang='lat'><strong>168,</strong></span> <span class='ocrx_word' id='word_1_457' title='bbox 2594 1138 2619 1163; x_wconf 61' lang='grc' dir='ltr'>,ι</span> 
     </span>
    </p>
   </div>
   <div class='ocr_carea' id='block_1_17' title="bbox 1831 1251 2372 1434">
    <p class='ocr_par' dir='ltr' id='par_1_29' title="bbox 1831 1251 2372 1434">
     <span class='ocr_line' id='line_1_71' title="bbox 1831 1251 2372 1303; baseline 0.009 -5"><span class='ocrx_word' id='word_1_458' title='bbox 1831 1251 2372 1303; x_wconf 80' lang='grc' dir='ltr'>ΛΑΚΕΔΑΙΜΟΝΙΩΝ.</span> 
     </span>
     <span class='ocr_line' id='line_1_72' title="bbox 2055 1370 2130 1434; baseline 0.013 -19"><span class='ocrx_word' id='word_1_459' title='bbox 2055 1370 2130 1434; x_wconf 64' lang='lat'>75.</span> 
     </span>
    </p>
   </div>
   <div class='ocr_carea' id='block_1_18' title="bbox 1442 1486 2741 2847">
    <p class='ocr_par' dir='ltr' id='par_1_30' title="bbox 1443 1486 2741 2128">
     <span class='ocr_line' id='line_1_73' title="bbox 1511 1486 2739 1550; baseline 0.004 -20"><span class='ocrx_word' id='word_1_460' title='bbox 1511 1487 1668 1532; x_wconf 89' lang='lat' dir='ltr'><strong>Schol.</strong></span> <span class='ocrx_word' id='word_1_461' title='bbox 1695 1486 1886 1532; x_wconf 89' lang='lat' dir='ltr'><strong>Pindar.</strong></span> <span class='ocrx_word' id='word_1_462' title='bbox 1917 1487 2077 1533; x_wconf 87' lang='lat' dir='ltr'><strong>Isthm.</strong></span> <span class='ocrx_word' id='word_1_463' title='bbox 2114 1489 2222 1543; x_wconf 87' lang='lat' dir='ltr'>VII,</span> <span class='ocrx_word' id='word_1_464' title='bbox 2254 1489 2310 1533; x_wconf 88' lang='lat'>18</span> <span class='ocrx_word' id='word_1_465' title='bbox 2337 1504 2347 1532; x_wconf 77' lang='lat' dir='ltr'>t</span> <span class='ocrx_word' id='word_1_466' title='bbox 2378 1487 2502 1535; x_wconf 79' lang='grc' dir='ltr'>Εἰσὶν</span> <span class='ocrx_word' id='word_1_467' title='bbox 2540 1489 2739 1550; x_wconf 86' lang='grc' dir='ltr'>Αἰγεῖδαι</span> 
     </span>
     <span class='ocr_line' id='line_1_74' title="bbox 1445 1550 2739 1622; baseline 0.004 -20"><span class='ocrx_word' id='word_1_468' title='bbox 1445 1555 1630 1621; x_wconf 79' lang='grc' dir='ltr'>φρατρία</span> <span class='ocrx_word' id='word_1_469' title='bbox 1648 1555 1876 1618; x_wconf 70' lang='grc' dir='ltr'>Θηὸαίων,</span> <span class='ocrx_word' id='word_1_470' title='bbox 1902 1557 1972 1622; x_wconf 78' lang='grc' dir='ltr'>ἀφ’</span> <span class='ocrx_word' id='word_1_471' title='bbox 1992 1550 2042 1614; x_wconf 70' lang='grc' dir='ltr'>ἧς</span> <span class='ocrx_word' id='word_1_472' title='bbox 2064 1550 2168 1614; x_wconf 67' lang='grc' dir='ltr'>ἧκόν</span> <span class='ocrx_word' id='word_1_473' title='bbox 2186 1576 2295 1612; x_wconf 87' lang='grc' dir='ltr'>τινες</span> <span class='ocrx_word' id='word_1_474' title='bbox 2320 1560 2377 1612; x_wconf 88' lang='grc' dir='ltr'>εἷς</span> <span class='ocrx_word' id='word_1_475' title='bbox 2396 1558 2623 1622; x_wconf 85' lang='grc' dir='ltr'>Σπάρτην,</span> <span class='ocrx_word' id='word_1_476' title='bbox 2649 1564 2739 1608; x_wconf 89' lang='grc' dir='ltr'>Λα-</span> 
     </span>
     <span class='ocr_line' id='line_1_75' title="bbox 1444 1628 2741 1694; baseline 0.004 -20"><span class='ocrx_word' id='word_1_477' title='bbox 1444 1628 1727 1691; x_wconf 87' lang='grc' dir='ltr'>κεδαιμονίοις</span> <span class='ocrx_word' id='word_1_478' title='bbox 1749 1628 2031 1693; x_wconf 76' lang='grc' dir='ltr'>βοηθήσοντες</span> <span class='ocrx_word' id='word_1_479' title='bbox 2048 1631 2091 1676; x_wconf 84' lang='grc' dir='ltr'>ἐν</span> <span class='ocrx_word' id='word_1_480' title='bbox 2116 1632 2176 1694; x_wconf 80' lang='grc' dir='ltr'>τῷ</span> <span class='ocrx_word' id='word_1_481' title='bbox 2196 1630 2302 1694; x_wconf 88' lang='grc' dir='ltr'>πρὸς</span> <span class='ocrx_word' id='word_1_482' title='bbox 2325 1631 2598 1693; x_wconf 86' lang='grc' dir='ltr'>Ἀμυκλαιεῖς</span> <span class='ocrx_word' id='word_1_483' title='bbox 2611 1632 2741 1678; x_wconf 81' lang='grc' dir='ltr'>πολέ-</span> 
     </span>
     <span class='ocr_line' id='line_1_76' title="bbox 1446 1700 2738 1768; baseline 0.003 -21"><span class='ocrx_word' id='word_1_484' title='bbox 1446 1721 1542 1765; x_wconf 83' lang='grc' dir='ltr'>μῳ,</span> <span class='ocrx_word' id='word_1_485' title='bbox 1570 1700 1750 1765; x_wconf 80' lang='grc' dir='ltr'>ἡγεμόνι</span> <span class='ocrx_word' id='word_1_486' title='bbox 1784 1701 2053 1766; x_wconf 85' lang='grc' dir='ltr'>χρησάμενοι</span> <span class='ocrx_word' id='word_1_487' title='bbox 2087 1702 2363 1767; x_wconf 83' lang='grc' dir='ltr'>Τιμομάχῳ,</span> <span class='ocrx_word' id='word_1_488' title='bbox 2387 1702 2431 1757; x_wconf 83' lang='grc' dir='ltr'>ὃς</span> <span class='ocrx_word' id='word_1_489' title='bbox 2464 1706 2630 1768; x_wconf 82' lang='grc' dir='ltr'>πρῶτος</span> <span class='ocrx_word' id='word_1_490' title='bbox 2662 1704 2738 1766; x_wconf 81' lang='grc' dir='ltr'>μὲν</span> 
     </span>
     <span class='ocr_line' id='line_1_77' title="bbox 1444 1772 2738 1838; baseline 0.003 -19"><span class='ocrx_word' id='word_1_491' title='bbox 1444 1773 1586 1820; x_wconf 88' lang='grc' dir='ltr'>πάντα</span> <span class='ocrx_word' id='word_1_492' title='bbox 1607 1773 1660 1820; x_wconf 83' lang='grc' dir='ltr'>τὰ</span> <span class='ocrx_word' id='word_1_493' title='bbox 1677 1772 1781 1837; x_wconf 80' lang='grc' dir='ltr'>πρὸς</span> <span class='ocrx_word' id='word_1_494' title='bbox 1805 1774 1992 1836; x_wconf 88' lang='grc' dir='ltr'>πόλεμον</span> <span class='ocrx_word' id='word_1_495' title='bbox 2015 1773 2178 1830; x_wconf 84' lang='grc' dir='ltr'>διέταξε</span> <span class='ocrx_word' id='word_1_496' title='bbox 2195 1774 2551 1838; x_wconf 85' lang='grc' dir='ltr'>Λακεδαιμονίοις</span> <span class='ocrx_word' id='word_1_497' title='bbox 2565 1812 2578 1834; x_wconf 94' lang='grc'>,</span> <span class='ocrx_word' id='word_1_498' title='bbox 2603 1776 2738 1838; x_wconf 89' lang='grc' dir='ltr'>μεγά-</span> 
     </span>
     <span class='ocr_line' id='line_1_78' title="bbox 1443 1844 2737 1911; baseline 0.002 -19"><span class='ocrx_word' id='word_1_499' title='bbox 1443 1847 1527 1892; x_wconf 88' lang='grc' dir='ltr'>λων</span> <span class='ocrx_word' id='word_1_500' title='bbox 1547 1845 1591 1892; x_wconf 86' lang='grc' dir='ltr'>δὲ</span> <span class='ocrx_word' id='word_1_501' title='bbox 1614 1844 1718 1911; x_wconf 83' lang='grc' dir='ltr'>παρ’</span> <span class='ocrx_word' id='word_1_502' title='bbox 1743 1847 1886 1900; x_wconf 78' lang='grc' dir='ltr'>αὐτοῖς</span> <span class='ocrx_word' id='word_1_503' title='bbox 1908 1845 2067 1904; x_wconf 82' lang='grc' dir='ltr'>ἠξιώθη</span> <span class='ocrx_word' id='word_1_504' title='bbox 2092 1850 2249 1909; x_wconf 82' lang='grc' dir='ltr'>τιμῶν,</span> <span class='ocrx_word' id='word_1_505' title='bbox 2273 1846 2349 1894; x_wconf 70' lang='grc' dir='ltr'>καὶ</span> <span class='ocrx_word' id='word_1_506' title='bbox 2370 1848 2458 1901; x_wconf 79' lang='grc' dir='ltr'>τοῖς</span> <span class='ocrx_word' id='word_1_507' title='bbox 2478 1846 2737 1903; x_wconf 74' lang='grc' dir='ltr'>Ἵ“ακινθιόις</span> 
     </span>
     <span class='ocr_line' id='line_1_79' title="bbox 1444 1916 2740 1985; baseline 0.004 -21"><span class='ocrx_word' id='word_1_508' title='bbox 1444 1916 1487 1964; x_wconf 81' lang='grc' dir='ltr'>δὲ</span> <span class='ocrx_word' id='word_1_509' title='bbox 1511 1921 1534 1965; x_wconf 82' lang='grc' dir='ltr'><em>ὃ</em></span> <span class='ocrx_word' id='word_1_510' title='bbox 1556 1917 1741 1982; x_wconf 84' lang='grc' dir='ltr'>χάλκεος</span> <span class='ocrx_word' id='word_1_511' title='bbox 1766 1920 1882 1984; x_wconf 82' lang='grc' dir='ltr'>αὐτῷ</span> <span class='ocrx_word' id='word_1_512' title='bbox 1908 1918 2046 1979; x_wconf 84' lang='grc' dir='ltr'>θώραξ</span> <span class='ocrx_word' id='word_1_513' title='bbox 2082 1919 2358 1985; x_wconf 86' lang='grc' dir='ltr'>προτίθεται,</span> <span class='ocrx_word' id='word_1_514' title='bbox 2390 1924 2536 1967; x_wconf 88' lang='grc' dir='ltr'>τοῦτον</span> <span class='ocrx_word' id='word_1_515' title='bbox 2565 1919 2608 1967; x_wconf 80' lang='grc' dir='ltr'>δὲ</span> <span class='ocrx_word' id='word_1_516' title='bbox 2643 1923 2740 1978; x_wconf 83' lang='grc' dir='ltr'>Θη-</span> 
     </span>
     <span class='ocr_line' id='line_1_80' title="bbox 1444 1989 2739 2057; baseline 0.002 -21"><span class='ocrx_word' id='word_1_517' title='bbox 1444 1989 1559 2036; x_wconf 71' lang='grc' dir='ltr'>ὃαῑοι</span> <span class='ocrx_word' id='word_1_518' title='bbox 1583 1989 1714 2037; x_wconf 81' lang='grc' dir='ltr'>ὅπλον</span> <span class='ocrx_word' id='word_1_519' title='bbox 1739 1990 1936 2039; x_wconf 87' lang='grc' dir='ltr'>ἐκάλουν.</span> <span class='ocrx_word' id='word_1_520' title='bbox 1974 1994 2129 2039; x_wconf 83' lang='grc' dir='ltr'>Ταῦτα</span> <span class='ocrx_word' id='word_1_521' title='bbox 2150 1994 2308 2057; x_wconf 81' lang='grc' dir='ltr'>ἱστορεῖ</span> <span class='ocrx_word' id='word_1_522' title='bbox 2332 1990 2407 2039; x_wconf 86' lang='grc' dir='ltr'>καὶ</span> <span class='ocrx_word' id='word_1_523' title='bbox 2443 1992 2739 2057; x_wconf 77' lang='grc' dir='ltr'>Ἀριστοτέλης</span> 
     </span>
     <span class='ocr_line' id='line_1_81' title="bbox 1443 2063 2200 2128; baseline 0.001 -19"><span class='ocrx_word' id='word_1_524' title='bbox 1443 2064 1485 2109; x_wconf 90' lang='grc' dir='ltr'>ἐν</span> <span class='ocrx_word' id='word_1_525' title='bbox 1510 2066 1564 2127; x_wconf 77' lang='grc' dir='ltr'>τῇ</span> <span class='ocrx_word' id='word_1_526' title='bbox 1592 2063 1947 2126; x_wconf 86' lang='grc' dir='ltr'>Λακεδαιμονίων</span> <span class='ocrx_word' id='word_1_527' title='bbox 1972 2063 2200 2128; x_wconf 83' lang='grc' dir='ltr'>Πολιτείᾳ.</span> 
     </span>
    </p>

    <p class='ocr_par' dir='ltr' id='par_1_31' title="bbox 1442 2134 2739 2703">
     <span class='ocr_line' id='line_1_82' title="bbox 1507 2134 2739 2200; baseline 0.004 -19"><span class='ocrx_word' id='word_1_528' title='bbox 1507 2134 1804 2200; x_wconf 86' lang='grc' dir='ltr'>Ἀριστοτέλης</span> <span class='ocrx_word' id='word_1_529' title='bbox 1848 2136 1975 2200; x_wconf 76' lang='grc' dir='ltr'>φησὶν</span> <span class='ocrx_word' id='word_1_530' title='bbox 2022 2134 2086 2182; x_wconf 79' lang='grc' dir='ltr'>ὅτι</span> <span class='ocrx_word' id='word_1_531' title='bbox 2125 2137 2411 2198; x_wconf 78' lang='grc' dir='ltr'>πολεμοῦντες</span> <span class='ocrx_word' id='word_1_532' title='bbox 2456 2138 2494 2184; x_wconf 78' lang='grc' dir='ltr'>οἱ</span> <span class='ocrx_word' id='word_1_533' title='bbox 2535 2136 2739 2191; x_wconf 83' lang='grc' dir='ltr'>Λάκωνες</span> 
     </span>
     <span class='ocr_line' id='line_1_83' title="bbox 1442 2205 2739 2272; baseline 0.001 -19.005"><span class='ocrx_word' id='word_1_534' title='bbox 1442 2206 1792 2269; x_wconf 84' lang='grc' dir='ltr'>Αμυκλαιεῦσιν,</span> <span class='ocrx_word' id='word_1_535' title='bbox 1814 2210 1870 2260; x_wconf 82' lang='grc' dir='ltr'>ὡς</span> <span class='ocrx_word' id='word_1_536' title='bbox 1891 2205 2093 2254; x_wconf 87' lang='grc' dir='ltr'>ἐπύθοντο</span> <span class='ocrx_word' id='word_1_537' title='bbox 2121 2206 2241 2272; x_wconf 82' lang='grc' dir='ltr'>παρὰ</span> <span class='ocrx_word' id='word_1_538' title='bbox 2276 2212 2370 2254; x_wconf 81' lang='grc' dir='ltr'>θεοῦ</span> <span class='ocrx_word' id='word_1_539' title='bbox 2406 2207 2502 2262; x_wconf 81' lang='grc' dir='ltr'>τοὺς</span> <span class='ocrx_word' id='word_1_540' title='bbox 2536 2209 2739 2271; x_wconf 85' lang='grc' dir='ltr'>Αἷγείδας</span> 
     </span>
     <span class='ocr_line' id='line_1_84' title="bbox 1442 2279 2735 2343; baseline 0.001 -17"><span class='ocrx_word' id='word_1_541' title='bbox 1442 2280 1696 2343; x_wconf 87' lang='grc' dir='ltr'>συμμάχους</span> <span class='ocrx_word' id='word_1_542' title='bbox 1708 2279 1875 2338; x_wconf 69' lang='grc' dir='ltr'>λαὸεῖν,</span> <span class='ocrx_word' id='word_1_543' title='bbox 1896 2281 1952 2334; x_wconf 88' lang='grc' dir='ltr'>εἷς</span> <span class='ocrx_word' id='word_1_544' title='bbox 1970 2279 2146 2336; x_wconf 82' lang='grc' dir='ltr'>Ἀθήνας</span> <span class='ocrx_word' id='word_1_545' title='bbox 2166 2279 2440 2343; x_wconf 86' lang='grc' dir='ltr'>ἐπορεύοντο·</span> <span class='ocrx_word' id='word_1_546' title='bbox 2456 2280 2735 2327; x_wconf 83' lang='grc' dir='ltr'>καταλύσαν-</span> 
     </span>
     <span class='ocr_line' id='line_1_85' title="bbox 1442 2351 2737 2419; baseline 0.001 -20"><span class='ocrx_word' id='word_1_547' title='bbox 1442 2371 1511 2406; x_wconf 90' lang='grc' dir='ltr'>τες</span> <span class='ocrx_word' id='word_1_548' title='bbox 1532 2351 1576 2398; x_wconf 86' lang='grc' dir='ltr'>δὲ</span> <span class='ocrx_word' id='word_1_549' title='bbox 1606 2355 1648 2399; x_wconf 87' lang='grc' dir='ltr'>ἐν</span> <span class='ocrx_word' id='word_1_550' title='bbox 1667 2352 1857 2411; x_wconf 75' lang='grc' dir='ltr'>Θήὸαις,</span> <span class='ocrx_word' id='word_1_551' title='bbox 1879 2351 2177 2416; x_wconf 76' lang='grc' dir='ltr'>εὖωχουμένης</span> <span class='ocrx_word' id='word_1_552' title='bbox 2201 2355 2275 2410; x_wconf 75' lang='grc' dir='ltr'>τῆς</span> <span class='ocrx_word' id='word_1_553' title='bbox 2294 2355 2378 2398; x_wconf 82' lang='grc' dir='ltr'>τῶν</span> <span class='ocrx_word' id='word_1_554' title='bbox 2399 2354 2610 2415; x_wconf 83' lang='grc' dir='ltr'>Αἰγειδῶν</span> <span class='ocrx_word' id='word_1_555' title='bbox 2628 2372 2737 2419; x_wconf 82' lang='grc' dir='ltr'>φρα-</span> 
     </span>
     <span class='ocr_line' id='line_1_86' title="bbox 1444 2422 2738 2489; baseline 0.002 -20"><span class='ocrx_word' id='word_1_556' title='bbox 1444 2422 1565 2489; x_wconf 88' lang='grc' dir='ltr'>τρίας</span> <span class='ocrx_word' id='word_1_557' title='bbox 1586 2424 1847 2482; x_wconf 83' lang='grc' dir='ltr'>ἐκλήθησαν·</span> <span class='ocrx_word' id='word_1_558' title='bbox 1874 2423 2135 2477; x_wconf 84' lang='grc' dir='ltr'>ἀκούσαντες</span> <span class='ocrx_word' id='word_1_559' title='bbox 2170 2423 2214 2469; x_wconf 81' lang='grc' dir='ltr'>δὲ</span> <span class='ocrx_word' id='word_1_560' title='bbox 2240 2422 2350 2485; x_wconf 87' lang='grc' dir='ltr'>μετὰ</span> <span class='ocrx_word' id='word_1_561' title='bbox 2375 2423 2543 2471; x_wconf 87' lang='grc' dir='ltr'>δεῖπνον</span> <span class='ocrx_word' id='word_1_562' title='bbox 2561 2423 2738 2488; x_wconf 82' lang='grc' dir='ltr'>εὐχομέ-</span> 
     </span>
     <span class='ocr_line' id='line_1_87' title="bbox 1443 2492 2732 2560; baseline 0 -18"><span class='ocrx_word' id='word_1_563' title='bbox 1443 2514 1515 2542; x_wconf 87' lang='grc' dir='ltr'>νου</span> <span class='ocrx_word' id='word_1_564' title='bbox 1554 2500 1627 2542; x_wconf 88' lang='grc' dir='ltr'>τοῦ</span> <span class='ocrx_word' id='word_1_565' title='bbox 1661 2494 1806 2560; x_wconf 80' lang='grc' dir='ltr'>ἱερέως</span> <span class='ocrx_word' id='word_1_566' title='bbox 1840 2494 2001 2541; x_wconf 83' lang='grc' dir='ltr'>διδόναι</span> <span class='ocrx_word' id='word_1_567' title='bbox 2033 2496 2119 2548; x_wconf 85' lang='grc' dir='ltr'>τοῖς</span> <span class='ocrx_word' id='word_1_568' title='bbox 2150 2492 2373 2556; x_wconf 81' lang='grc' dir='ltr'>Αἷγείδαις</span> <span class='ocrx_word' id='word_1_569' title='bbox 2405 2492 2499 2548; x_wconf 83' lang='grc' dir='ltr'>τοὺς</span> <span class='ocrx_word' id='word_1_570' title='bbox 2524 2494 2641 2549; x_wconf 78' lang='grc' dir='ltr'>θεοὺς</span> <span class='ocrx_word' id='word_1_571' title='bbox 2677 2494 2732 2542; x_wconf 82' lang='grc' dir='ltr'>τὰ</span> 
     </span>
     <span class='ocr_line' id='line_1_88' title="bbox 1444 2565 2736 2631; baseline 0.002 -19"><span class='ocrx_word' id='word_1_572' title='bbox 1444 2567 1584 2630; x_wconf 81' lang='grc' dir='ltr'>ἀγαθὰ</span> <span class='ocrx_word' id='word_1_573' title='bbox 1598 2603 1610 2625; x_wconf 92' lang='grc'>,</span> <span class='ocrx_word' id='word_1_574' title='bbox 1627 2566 1701 2613; x_wconf 81' lang='grc' dir='ltr'>καὶ</span> <span class='ocrx_word' id='word_1_575' title='bbox 1723 2565 2015 2629; x_wconf 72' lang='grc' dir='ltr'>συμὸαλόντες</span> <span class='ocrx_word' id='word_1_576' title='bbox 2034 2565 2105 2613; x_wconf 83' lang='grc' dir='ltr'>τὸν</span> <span class='ocrx_word' id='word_1_577' title='bbox 2125 2565 2340 2631; x_wconf 83' lang='grc' dir='ltr'>χρησμὸν,</span> <span class='ocrx_word' id='word_1_578' title='bbox 2364 2568 2553 2614; x_wconf 86' lang='grc' dir='ltr'>ἐντεῦθεν</span> <span class='ocrx_word' id='word_1_579' title='bbox 2579 2566 2736 2614; x_wconf 76' lang='grc' dir='ltr'>ἔλαὸον</span> 
     </span>
     <span class='ocr_line' id='line_1_89' title="bbox 1444 2639 1822 2703; baseline 0.005 -17"><span class='ocrx_word' id='word_1_580' title='bbox 1444 2639 1522 2696; x_wconf 82' lang='grc' dir='ltr'>τὴν</span> <span class='ocrx_word' id='word_1_581' title='bbox 1548 2639 1822 2703; x_wconf 81' lang='grc' dir='ltr'>συμμαχίαν.</span> 
     </span>
    </p>

    <p class='ocr_par' dir='ltr' id='par_1_32' title="bbox 1446 2710 2737 2847">
     <span class='ocr_line' id='line_1_90' title="bbox 1509 2710 2731 2776; baseline 0.002 -19"><span class='ocrx_word' id='word_1_582' title='bbox 1509 2715 1647 2758; x_wconf 88' lang='lat' dir='ltr'><strong>Plura</strong></span> <span class='ocrx_word' id='word_1_583' title='bbox 1670 2714 1727 2758; x_wconf 91' lang='lat' dir='ltr'>de</span> <span class='ocrx_word' id='word_1_584' title='bbox 1743 2715 1814 2758; x_wconf 90' lang='lat' dir='ltr'><strong>his</strong></span> <span class='ocrx_word' id='word_1_585' title='bbox 1839 2722 1997 2757; x_wconf 86' lang='lat' dir='ltr'><strong>narrat</strong></span> <span class='ocrx_word' id='word_1_586' title='bbox 2017 2714 2234 2773; x_wconf 86' lang='lat' dir='ltr'><strong>Ephorus</strong></span> <span class='ocrx_word' id='word_1_587' title='bbox 2261 2712 2347 2773; x_wconf 88' lang='lat' dir='ltr'><strong>(fr.</strong></span> <span class='ocrx_word' id='word_1_588' title='bbox 2378 2729 2430 2757; x_wconf 91' lang='lat'>11</span> <span class='ocrx_word' id='word_1_589' title='bbox 2467 2722 2512 2757; x_wconf 84' lang='lat' dir='ltr'>et</span> <span class='ocrx_word' id='word_1_590' title='bbox 2542 2710 2626 2776; x_wconf 84' lang='lat'>13)</span> <span class='ocrx_word' id='word_1_591' title='bbox 2652 2729 2731 2773; x_wconf 88' lang='lat' dir='ltr'>ap.</span> 
     </span>
     <span class='ocr_line' id='line_1_91' title="bbox 1446 2786 2737 2847; baseline 0 -17"><span class='ocrx_word' id='word_1_592' title='bbox 1446 2787 1591 2832; x_wconf 82' lang='lat' dir='ltr'><strong>schol.</strong></span> <span class='ocrx_word' id='word_1_593' title='bbox 1622 2786 1757 2833; x_wconf 86' lang='lat' dir='ltr'><strong>Pind.</strong></span> <span class='ocrx_word' id='word_1_594' title='bbox 1776 2788 1914 2846; x_wconf 86' lang='lat' dir='ltr'><strong>Pyth.</strong></span> <span class='ocrx_word' id='word_1_595' title='bbox 1944 2789 2001 2842; x_wconf 90' lang='lat' dir='ltr'>V,</span> <span class='ocrx_word' id='word_1_596' title='bbox 2030 2801 2140 2832; x_wconf 90' lang='lat'>101.</span> <span class='ocrx_word' id='word_1_597' title='bbox 2164 2787 2381 2831; x_wconf 89' lang='lat' dir='ltr'><strong>Ceterum</strong></span> <span class='ocrx_word' id='word_1_598' title='bbox 2406 2801 2564 2830; x_wconf 88' lang='lat' dir='ltr'><strong>veram</strong></span> <span class='ocrx_word' id='word_1_599' title='bbox 2587 2788 2737 2847; x_wconf 83' lang='lat' dir='ltr'><strong>gentis</strong></span> 
     </span>
    </p>
   </div>
   <div class='ocr_carea' id='block_1_19' title="bbox 1438 2923 2789 3368">
    <p class='ocr_par' dir='ltr' id='par_1_33' title="bbox 1438 2923 2789 3368">
     <span class='ocr_line' id='line_1_92' title="bbox 1439 2923 2734 2973; baseline 0.001 -12"><span class='ocrx_word' id='word_1_600' title='bbox 1439 2923 1590 2973; x_wconf 86' lang='lat' dir='ltr'><strong>quihus</strong></span> <span class='ocrx_word' id='word_1_601' title='bbox 1610 2923 1836 2962; x_wconf 88' lang='lat' dir='ltr'><strong>blandiatur</strong></span> <span class='ocrx_word' id='word_1_602' title='bbox 1864 2939 1873 2962; x_wconf 80' lang='lat' dir='ltr'><strong><em>z</em></strong></span> <span class='ocrx_word' id='word_1_603' title='bbox 1898 2923 2008 2962; x_wconf 85' lang='lat' dir='ltr'><strong>verbi</strong></span> <span class='ocrx_word' id='word_1_604' title='bbox 2034 2924 2161 2972; x_wconf 84' lang='lat' dir='ltr'><strong>gratia</strong></span> <span class='ocrx_word' id='word_1_605' title='bbox 2177 2953 2187 2972; x_wconf 96' lang='lat'><strong>,</strong></span> <span class='ocrx_word' id='word_1_606' title='bbox 2212 2923 2376 2962; x_wconf 84' lang='lat' dir='ltr'><strong>Athenis</strong></span> <span class='ocrx_word' id='word_1_607' title='bbox 2390 2923 2431 2961; x_wconf 84' lang='lat' dir='ltr'>in</span> <span class='ocrx_word' id='word_1_608' title='bbox 2457 2923 2616 2973; x_wconf 80' lang='lat' dir='ltr'><strong>triginta</strong></span> <span class='ocrx_word' id='word_1_609' title='bbox 2638 2924 2734 2962; x_wconf 84' lang='lat' dir='ltr'><strong>viris</strong></span> 
     </span>
     <span class='ocr_line' id='line_1_93' title="bbox 1441 2982 2732 3038; baseline -0.002 -9"><span class='ocrx_word' id='word_1_610' title='bbox 1441 2982 1642 3029; x_wconf 82' lang='lat' dir='ltr'><strong>Charicles</strong></span> <span class='ocrx_word' id='word_1_611' title='bbox 1668 2999 1760 3028; x_wconf 89' lang='lat' dir='ltr'>cum</span> <span class='ocrx_word' id='word_1_612' title='bbox 1784 2988 1942 3028; x_wconf 82' lang='lat' dir='ltr'><strong>asseclis</strong></span> <span class='ocrx_word' id='word_1_613' title='bbox 1966 2988 2093 3038; x_wconf 85' lang='lat' dir='ltr'><strong>viguit</strong></span> <span class='ocrx_word' id='word_1_614' title='bbox 2112 2999 2159 3027; x_wconf 88' lang='lat' dir='ltr'>ac</span> <span class='ocrx_word' id='word_1_615' title='bbox 2185 2988 2340 3036; x_wconf 88' lang='lat' dir='ltr'><strong>valuit,</strong></span> <span class='ocrx_word' id='word_1_616' title='bbox 2368 2987 2466 3026; x_wconf 92' lang='lat' dir='ltr'>dum</span> <span class='ocrx_word' id='word_1_617' title='bbox 2490 2988 2649 3037; x_wconf 83' lang='lat' dir='ltr'><strong>triginta</strong></span> <span class='ocrx_word' id='word_1_618' title='bbox 2667 2989 2732 3027; x_wconf 83' lang='lat' dir='ltr'><strong>vi-</strong></span> 
     </span>
     <span class='ocr_line' id='line_1_94' title="bbox 1439 3051 2729 3103; baseline 0 -12"><span class='ocrx_word' id='word_1_619' title='bbox 1439 3052 1492 3092; x_wconf 87' lang='lat' dir='ltr'>ris</span> <span class='ocrx_word' id='word_1_620' title='bbox 1513 3052 1785 3092; x_wconf 83' lang='lat' dir='ltr'><strong>assentabatur</strong></span> <span class='ocrx_word' id='word_1_621' title='bbox 1819 3069 1828 3092; x_wconf 79' lang='lat'>2</span> <span class='ocrx_word' id='word_1_622' title='bbox 1851 3055 1891 3092; x_wconf 91' lang='lat' dir='ltr'>et</span> <span class='ocrx_word' id='word_1_623' title='bbox 1925 3053 1966 3091; x_wconf 90' lang='lat' dir='ltr'>in</span> <span class='ocrx_word' id='word_1_624' title='bbox 1997 3052 2295 3103; x_wconf 85' lang='lat' dir='ltr'><strong>quadringentis</strong></span> <span class='ocrx_word' id='word_1_625' title='bbox 2323 3052 2571 3102; x_wconf 83' lang='lat' dir='ltr'><strong>Phrynichus</strong></span> <span class='ocrx_word' id='word_1_626' title='bbox 2590 3051 2729 3091; x_wconf 88' lang='lat' dir='ltr'><strong>eodem</strong></span> 
     </span>
     <span class='ocr_line' id='line_1_95' title="bbox 1438 3115 2293 3167; baseline 0.002 -13"><span class='ocrx_word' id='word_1_627' title='bbox 1438 3115 1604 3167; x_wconf 90' lang='lat' dir='ltr'><strong>modo.]</strong></span> <span class='ocrx_word' id='word_1_628' title='bbox 2279 3125 2293 3134; x_wconf 85' lang='lat'><em>·</em></span> 
     </span>
     <span class='ocr_line' id='line_1_96' title="bbox 2039 3184 2111 3224; baseline -0.014 0"><span class='ocrx_word' id='word_1_629' title='bbox 2039 3184 2111 3224; x_wconf 83' lang='lat'>74.</span> 
     </span>
     <span class='ocr_line' id='line_1_97' title="bbox 1491 3244 2734 3302; baseline 0.002 -11"><span class='ocrx_word' id='word_1_630' title='bbox 1491 3252 1749 3291; x_wconf 86' lang='lat' dir='ltr'><strong>Dracontides</strong></span> <span class='ocrx_word' id='word_1_631' title='bbox 1770 3244 1978 3291; x_wconf 85' lang='lat' dir='ltr'><strong>decretum</strong></span> <span class='ocrx_word' id='word_1_632' title='bbox 1998 3251 2050 3291; x_wconf 92' lang='lat' dir='ltr'>de</span> <span class='ocrx_word' id='word_1_633' title='bbox 2073 3251 2236 3302; x_wconf 86' lang='lat' dir='ltr'><strong>triginta</strong></span> <span class='ocrx_word' id='word_1_634' title='bbox 2256 3251 2434 3290; x_wconf 87' lang='lat' dir='ltr'><strong>virorum</strong></span> <span class='ocrx_word' id='word_1_635' title='bbox 2462 3251 2734 3293; x_wconf 76' lang='lat' dir='ltr'><strong>dominatione</strong></span> 
     </span>
     <span class='ocr_line' id='line_1_98' title="bbox 1439 3307 2789 3368; baseline 0.001 -11"><span class='ocrx_word' id='word_1_636' title='bbox 1439 3317 1595 3368; x_wconf 87' lang='lat' dir='ltr'><strong>scripsit</strong></span> <span class='ocrx_word' id='word_1_637' title='bbox 1607 3348 1618 3367; x_wconf 93' lang='lat'><strong>,</strong></span> <span class='ocrx_word' id='word_1_638' title='bbox 1631 3320 1677 3357; x_wconf 88' lang='lat' dir='ltr'>ut</span> <span class='ocrx_word' id='word_1_639' title='bbox 1692 3318 1814 3358; x_wconf 89' lang='lat' dir='ltr'><strong>tradit</strong></span> <span class='ocrx_word' id='word_1_640' title='bbox 1832 3318 2058 3358; x_wconf 86' lang='lat' dir='ltr'><strong>Aristoteles</strong></span> <span class='ocrx_word' id='word_1_641' title='bbox 2074 3316 2114 3356; x_wconf 92' lang='lat' dir='ltr'>in</span> <span class='ocrx_word' id='word_1_642' title='bbox 2129 3328 2247 3367; x_wconf 88' lang='lat' dir='ltr'><strong>opere</strong></span> <span class='ocrx_word' id='word_1_643' title='bbox 2266 3317 2315 3356; x_wconf 92' lang='lat' dir='ltr'>de</span> <span class='ocrx_word' id='word_1_644' title='bbox 2335 3317 2646 3367; x_wconf 83' lang='lat' dir='ltr'><strong>Rebuspublicis.</strong></span> <span class='ocrx_word' id='word_1_645' title='bbox 2786 3307 2789 3310; x_wconf 41' lang='lat'>¹</span> 
     </span>
    </p>
   </div>
   <div class='ocr_carea' id='block_1_20' title="bbox 1770 3404 2411 3537">
    <p class='ocr_par' dir='ltr' id='par_1_34' title="bbox 1770 3404 2411 3537">
     <span class='ocr_line' id='line_1_99' title="bbox 1770 3404 2411 3472; baseline -0.002 -20"><span class='ocrx_word' id='word_1_646' title='bbox 1770 3404 2411 3472; x_wconf 71' lang='lat' dir='ltr'><strong>LACEDAEMONIORUM.</strong></span> 
     </span>
     <span class='ocr_line' id='line_1_100' title="bbox 2039 3497 2264 3537; baseline 0 0"><span class='ocrx_word' id='word_1_647' title='bbox 2039 3497 2112 3537; x_wconf 88' lang='grc'>75.</span> <span class='ocrx_word' id='word_1_648' title='bbox 2261 3512 2264 3514; x_wconf 64' lang='grc'>’</span> 
     </span>
    </p>
   </div>
   <div class='ocr_carea' id='block_1_21' title="bbox 1434 3580 2728 4270">
    <p class='ocr_par' dir='ltr' id='par_1_35' title="bbox 1434 3580 2728 4080">
     <span class='ocr_line' id='line_1_101' title="bbox 1490 3580 2728 3632; baseline -0.002 -10"><span class='ocrx_word' id='word_1_649' title='bbox 1490 3582 1663 3632; x_wconf 78' lang='lat' dir='ltr'><strong>AEgidae‚</strong></span> <span class='ocrx_word' id='word_1_650' title='bbox 1699 3592 1795 3632; x_wconf 85' lang='lat' dir='ltr'><strong>gens</strong></span> <span class='ocrx_word' id='word_1_651' title='bbox 1827 3581 2106 3621; x_wconf 90' lang='lat' dir='ltr'><strong>Thebanorum</strong></span> <span class='ocrx_word' id='word_1_652' title='bbox 2116 3594 2128 3630; x_wconf 91' lang='lat'>;</span> <span class='ocrx_word' id='word_1_653' title='bbox 2153 3592 2204 3620; x_wconf 82' lang='lat' dir='ltr'>ex</span> <span class='ocrx_word' id='word_1_654' title='bbox 2235 3591 2315 3631; x_wconf 85' lang='lat' dir='ltr'>qua</span> <span class='ocrx_word' id='word_1_655' title='bbox 2343 3580 2522 3619; x_wconf 89' lang='lat' dir='ltr'><strong>nonnulli</strong></span> <span class='ocrx_word' id='word_1_656' title='bbox 2545 3582 2728 3631; x_wconf 82' lang='lat' dir='ltr'><strong>Spartam</strong></span> 
     </span>
     <span class='ocr_line' id='line_1_102' title="bbox 1436 3643 2726 3695; baseline -0.002 -11"><span class='ocrx_word' id='word_1_657' title='bbox 1436 3648 1652 3695; x_wconf 87' lang='lat' dir='ltr'><strong>venerunt,</strong></span> <span class='ocrx_word' id='word_1_658' title='bbox 1681 3647 1728 3684; x_wconf 89' lang='lat' dir='ltr'>ut</span> <span class='ocrx_word' id='word_1_659' title='bbox 1756 3645 2064 3684; x_wconf 83' lang='lat' dir='ltr'><strong>Lacedaemoniis</strong></span> <span class='ocrx_word' id='word_1_660' title='bbox 2091 3645 2385 3695; x_wconf 83' lang='lat' dir='ltr'><strong>opitularentur</strong></span> <span class='ocrx_word' id='word_1_661' title='bbox 2405 3644 2445 3682; x_wconf 92' lang='lat' dir='ltr'>in</span> <span class='ocrx_word' id='word_1_662' title='bbox 2470 3643 2573 3682; x_wconf 89' lang='lat' dir='ltr'><strong>bello</strong></span> <span class='ocrx_word' id='word_1_663' title='bbox 2589 3645 2726 3683; x_wconf 84' lang='lat' dir='ltr'><strong>contra</strong></span> 
     </span>
     <span class='ocr_line' id='line_1_103' title="bbox 1438 3706 2723 3760; baseline -0.003 -12"><span class='ocrx_word' id='word_1_664' title='bbox 1438 3710 1741 3760; x_wconf 83' lang='lat' dir='ltr'><strong>Amyclaeenses.</strong></span> <span class='ocrx_word' id='word_1_665' title='bbox 1760 3712 1910 3748; x_wconf 85' lang='lat' dir='ltr'><strong>Ducem</strong></span> <span class='ocrx_word' id='word_1_666' title='bbox 1925 3708 2074 3759; x_wconf 77' lang='lat' dir='ltr'><strong>AEgidae</strong></span> <span class='ocrx_word' id='word_1_667' title='bbox 2086 3708 2148 3748; x_wconf 90' lang='lat' dir='ltr'><strong>isti</strong></span> <span class='ocrx_word' id='word_1_668' title='bbox 2159 3708 2386 3747; x_wconf 88' lang='lat' dir='ltr'><strong>habuerunt</strong></span> <span class='ocrx_word' id='word_1_669' title='bbox 2396 3706 2698 3747; x_wconf 88' lang='lat' dir='ltr'><strong>Timomachum</strong></span> <span class='ocrx_word' id='word_1_670' title='bbox 2710 3737 2723 3755; x_wconf 90' lang='lat'><em>‚</em></span> 
     </span>
     <span class='ocr_line' id='line_1_104' title="bbox 1436 3769 2725 3823; baseline -0.004 -11"><span class='ocrx_word' id='word_1_671' title='bbox 1436 3773 1504 3823; x_wconf 91' lang='lat' dir='ltr'>qui</span> <span class='ocrx_word' id='word_1_672' title='bbox 1522 3773 1676 3823; x_wconf 87' lang='lat' dir='ltr'><strong>primus</strong></span> <span class='ocrx_word' id='word_1_673' title='bbox 1691 3773 1826 3812; x_wconf 90' lang='lat' dir='ltr'><strong>omnia</strong></span> <span class='ocrx_word' id='word_1_674' title='bbox 1844 3783 1938 3822; x_wconf 80' lang='lat' dir='ltr'><strong>quae</strong></span> <span class='ocrx_word' id='word_1_675' title='bbox 1952 3772 2002 3811; x_wconf 92' lang='lat' dir='ltr'>ad</span> <span class='ocrx_word' id='word_1_676' title='bbox 2019 3772 2169 3811; x_wconf 88' lang='lat' dir='ltr'><strong>bellum</strong></span> <span class='ocrx_word' id='word_1_677' title='bbox 2184 3771 2384 3821; x_wconf 86' lang='lat' dir='ltr'><strong>pertinent</strong></span> <span class='ocrx_word' id='word_1_678' title='bbox 2411 3769 2725 3809; x_wconf 82' lang='lat' dir='ltr'><strong>Lacedaemoniis</strong></span> 
     </span>
     <span class='ocr_line' id='line_1_105' title="bbox 1435 3833 2721 3889; baseline -0.005 -11"><span class='ocrx_word' id='word_1_679' title='bbox 1435 3838 1634 3879; x_wconf 81' lang='lat' dir='ltr'><strong>ordinavit</strong></span> <span class='ocrx_word' id='word_1_680' title='bbox 1643 3851 1656 3887; x_wconf 89' lang='lat'>;</span> <span class='ocrx_word' id='word_1_681' title='bbox 1680 3839 1921 3889; x_wconf 88' lang='lat' dir='ltr'><strong>quapropter</strong></span> <span class='ocrx_word' id='word_1_682' title='bbox 1938 3837 2090 3888; x_wconf 85' lang='lat' dir='ltr'><strong>magnis</strong></span> <span class='ocrx_word' id='word_1_683' title='bbox 2103 3837 2210 3887; x_wconf 91' lang='lat' dir='ltr'><strong>apud</strong></span> <span class='ocrx_word' id='word_1_684' title='bbox 2229 3848 2296 3876; x_wconf 92' lang='lat' dir='ltr'>eos</span> <span class='ocrx_word' id='word_1_685' title='bbox 2310 3837 2479 3875; x_wconf 76' lang='lat' dir='ltr'><strong>affectus</strong></span> <span class='ocrx_word' id='word_1_686' title='bbox 2490 3836 2548 3874; x_wconf 69' lang='lat' dir='ltr'>aet</span> <span class='ocrx_word' id='word_1_687' title='bbox 2561 3833 2721 3872; x_wconf 89' lang='lat' dir='ltr'><strong>honori-</strong></span> 
     </span>
     <span class='ocr_line' id='line_1_106' title="bbox 1436 3897 2721 3953; baseline -0.004 -14"><span class='ocrx_word' id='word_1_688' title='bbox 1436 3901 1522 3942; x_wconf 86' lang='lat' dir='ltr'><strong>bus.</strong></span> <span class='ocrx_word' id='word_1_689' title='bbox 1558 3902 1805 3953; x_wconf 83' lang='lat' dir='ltr'><strong>Hyacinthiis</strong></span> <span class='ocrx_word' id='word_1_690' title='bbox 1829 3903 1929 3942; x_wconf 85' lang='lat' dir='ltr'><strong>sesto</strong></span> <span class='ocrx_word' id='word_1_691' title='bbox 1947 3912 2084 3941; x_wconf 84' lang='lat' dir='ltr'><strong>aeneus</strong></span> <span class='ocrx_word' id='word_1_692' title='bbox 2112 3901 2149 3941; x_wconf 91' lang='lat' dir='ltr'>ei</span> <span class='ocrx_word' id='word_1_693' title='bbox 2169 3901 2315 3940; x_wconf 83' lang='lat' dir='ltr'><strong>thorax</strong></span> <span class='ocrx_word' id='word_1_694' title='bbox 2327 3899 2481 3950; x_wconf 90' lang='lat' dir='ltr'><strong>publice</strong></span> <span class='ocrx_word' id='word_1_695' title='bbox 2496 3897 2721 3947; x_wconf 77' lang='lat' dir='ltr'><strong>exponitur,</strong></span> 
     </span>
     <span class='ocr_line' id='line_1_107' title="bbox 1435 3958 2720 4015; baseline -0.005 -11"><span class='ocrx_word' id='word_1_696' title='bbox 1435 3975 1556 4015; x_wconf 84' lang='lat' dir='ltr'><strong>quem</strong></span> <span class='ocrx_word' id='word_1_697' title='bbox 1586 3966 1704 4004; x_wconf 88' lang='grc' dir='ltr'>ὅπλον</span> <span class='ocrx_word' id='word_1_698' title='bbox 1735 3965 1914 4006; x_wconf 80' lang='lat' dir='ltr'><strong>Thebani</strong></span> <span class='ocrx_word' id='word_1_699' title='bbox 1939 3964 2025 4004; x_wconf 86' lang='grc' dir='ltr'>κατ’</span> <span class='ocrx_word' id='word_1_700' title='bbox 2057 3964 2191 4015; x_wconf 78' lang='grc' dir='ltr'>ἐξοχὴν</span> <span class='ocrx_word' id='word_1_701' title='bbox 2221 3963 2430 4002; x_wconf 84' lang='lat' dir='ltr'><strong>vocabant.</strong></span> <span class='ocrx_word' id='word_1_702' title='bbox 2464 3962 2604 4000; x_wconf 82' lang='lat' dir='ltr'><strong>Narrat</strong></span> <span class='ocrx_word' id='word_1_703' title='bbox 2634 3958 2720 3998; x_wconf 80' lang='lat' dir='ltr'><strong>hoec</strong></span> 
     </span>
     <span class='ocr_line' id='line_1_108' title="bbox 1434 4028 2247 4080; baseline -0.003 -12"><span class='ocrx_word' id='word_1_704' title='bbox 1434 4029 1684 4070; x_wconf 78' lang='lat' dir='ltr'><strong>Aristoteles</strong></span> <span class='ocrx_word' id='word_1_705' title='bbox 1672 4040 1714 4069; x_wconf 90' lang='grc' dir='ltr'>ιιι</span> <span class='ocrx_word' id='word_1_706' title='bbox 1725 4031 1822 4080; x_wconf 87' lang='lat' dir='ltr'><strong>Rep.</strong></span> <span class='ocrx_word' id='word_1_707' title='bbox 1844 4028 2247 4069; x_wconf 80' lang='lat' dir='ltr'><strong>Lacedaemoniorum.</strong></span> 
     </span>
    </p>

    <p class='ocr_par' dir='ltr' id='par_1_36' title="bbox 1434 4085 2720 4270">
     <span class='ocr_line' id='line_1_109' title="bbox 1484 4085 2716 4137; baseline -0.009 -4"><span class='ocrx_word' id='word_1_708' title='bbox 1484 4093 1713 4133; x_wconf 86' lang='lat' dir='ltr'><strong>Aristoteles</strong></span> <span class='ocrx_word' id='word_1_709' title='bbox 1724 4093 1821 4132; x_wconf 90' lang='lat' dir='ltr'><strong>dicit</strong></span> <span class='ocrx_word' id='word_1_710' title='bbox 1838 4091 2159 4132; x_wconf 79' lang='lat' dir='ltr'><strong>Lacedaemonios</strong></span> <span class='ocrx_word' id='word_1_711' title='bbox 2173 4091 2310 4130; x_wconf 85' lang='lat' dir='ltr'><strong>contra</strong></span> <span class='ocrx_word' id='word_1_712' title='bbox 2329 4086 2614 4137; x_wconf 80' lang='lat' dir='ltr'><strong>Amyclaeenses</strong></span> <span class='ocrx_word' id='word_1_713' title='bbox 2630 4085 2716 4123; x_wconf 82' lang='lat' dir='ltr'><strong>bei-</strong></span> 
     </span>
     <span class='ocr_line' id='line_1_110' title="bbox 1434 4147 2720 4206; baseline -0.009 -10"><span class='ocrx_word' id='word_1_714' title='bbox 1434 4157 1518 4196; x_wconf 88' lang='lat' dir='ltr'>lum</span> <span class='ocrx_word' id='word_1_715' title='bbox 1540 4158 1746 4206; x_wconf 85' lang='lat' dir='ltr'><strong>gerentes,</strong></span> <span class='ocrx_word' id='word_1_716' title='bbox 1767 4167 1893 4206; x_wconf 90' lang='lat' dir='ltr'><strong>quum</strong></span> <span class='ocrx_word' id='word_1_717' title='bbox 1916 4155 2079 4195; x_wconf 90' lang='lat' dir='ltr'><strong>oraculo</strong></span> <span class='ocrx_word' id='word_1_718' title='bbox 2102 4153 2231 4193; x_wconf 86' lang='lat' dir='ltr'><strong>edocti</strong></span> <span class='ocrx_word' id='word_1_719' title='bbox 2260 4151 2389 4190; x_wconf 83' lang='lat' dir='ltr'><strong>esseut</strong></span> <span class='ocrx_word' id='word_1_720' title='bbox 2414 4148 2570 4198; x_wconf 83' lang='lat' dir='ltr'><strong>AEgidas</strong></span> <span class='ocrx_word' id='word_1_721' title='bbox 2591 4147 2720 4186; x_wconf 86' lang='lat' dir='ltr'><strong>socios</strong></span> 
     </span>
     <span class='ocr_line' id='line_1_111' title="bbox 1438 4210 2718 4270; baseline -0.009 -9.991"><span class='ocrx_word' id='word_1_722' title='bbox 1438 4220 1530 4270; x_wconf 86' lang='lat' dir='ltr'><strong>ipsis</strong></span> <span class='ocrx_word' id='word_1_723' title='bbox 1552 4220 1809 4259; x_wconf 82' lang='lat' dir='ltr'><strong>assumendos</strong></span> <span class='ocrx_word' id='word_1_724' title='bbox 1839 4229 1947 4267; x_wconf 84' lang='lat' dir='ltr'><strong>esse,</strong></span> <span class='ocrx_word' id='word_1_725' title='bbox 1985 4217 2158 4267; x_wconf 84' lang='lat' dir='ltr'><strong>primum</strong></span> <span class='ocrx_word' id='word_1_726' title='bbox 2192 4214 2389 4264; x_wconf 79' lang='lat' dir='ltr'><strong>profectos</strong></span> <span class='ocrx_word' id='word_1_727' title='bbox 2417 4221 2500 4251; x_wconf 84' lang='lat' dir='ltr'><strong>esse</strong></span> <span class='ocrx_word' id='word_1_728' title='bbox 2522 4210 2718 4262; x_wconf 78' lang='lat' dir='ltr'><strong>Athenas,</strong></span> 
     </span>
    </p>
   </div>
  </div>
 </body>
</html>
