3016 4628
589 202 830 254 STRATO
867 204 1335 253 LAMPSACENUS.
1368 206 1777 254 THEODECTES
1817 208 2193 258 PHASELITA.

6 365 10 374 Δ
149 318 375 378 Iosephus
392 317 443 364 C.
467 316 638 376 Apion.
660 315 701 370 1,
726 312 818 359 23:
842 313 976 357 Multi
992 312 1199 356 historici
1219 312 1365 356 Graeci

2 398 15 482 ξι
51 390 351 436 ludaeorum
385 388 668 434 mentionem
700 379 928 430 fecerunt
956 385 1047 441 Qui
1077 384 1286 470 quamvis
1319 384 1367 426 in

87 462 240 507 multis
254 461 508 507 erraverint
519 492 532 515 ,
546 457 696 508 κοινῶς
712 452 856 517 μέντοι
877 472 976 517 περι
991 456 1068 508 τῆς
1085 451 1368 517 ἀρχαιότητος

89 530 274 584 ἅπαντες
293 527 728 594 μεμαρτυρήκασιν..
755 524 808 572 Ὁ
840 523 984 587 μέντοι
1010 522 1241 588 Φαληρευς
1272 528 1366 582 Δη-

88 601 268 666 μήτριος
290 600 365 650 καὶ
396 600 549 650 Φίλων
571 601 594 646 δ
618 595 904 662 πρεσδύτερος
931 594 1005 643 καὶ
1043 594 1294 658 Εὐπόλεμος
1318 595 1366 641 οὐ

86 672 194 722 πολὺ
213 676 287 732 τῆς
307 671 505 730 ἀληθείας
527 668 780 734 διήμαρτον.
802 673 975 716 Verum
992 670 1146 713 nullus
1171 669 1361 723 dubito,

87 747 202 808 quin
223 746 484 791 Demetrius
499 745 577 788 ille
598 744 656 788 sit
673 757 771 787 non
789 742 1038 786 Phalereus
1051 775 1065 800 ,
1084 740 1165 785 sed
1192 742 1366 785 Deme-

15 847 32 855 <-
85 818 199 862 trius
227 818 264 862 is
301 818 382 876 qui
421 814 691 860 Judaeorum
731 814 970 858 historiam
1007 813 1209 872 scripsit,
1253 814 1368 856 Pto—

84 887 229 935 lemaei
260 888 323 935 IV
342 889 414 933 vel
432 890 471 934 V
490 902 671 932 coaevus
701 885 776 947 (V.
797 886 941 932 Clem.
963 886 1096 932 Alex.
1126 883 1298 931 Strom.
1320 886 1367 939 1,

123 995 135 1006 .
171 959 308 1018 146).

84 977 118 1022 p
150 1033 259 1078 Haec
279 1046 305 1077 e
326 1031 552 1077 Demetrii
571 1030 780 1089 reliquiis
808 1029 1008 1074 attulisse
1032 1026 1241 1072 sufficiat.
1276 1029 1367 1071 Re-

29 1107 36 1114 “
85 1096 212 1157 liqna
230 1096 290 1142 ad
309 1097 461 1141 literas
484 1104 531 1140 et
552 1095 896 1156 philosophiam
915 1101 1004 1137 etc.
1032 1094 1285 1152 spectantia
1312 1091 1370 1135 de

84 1167 307 1217 industria
332 1169 517 1214 omitto.

365 1400 598 1446 STRATO
640 1398 1087 1444 LAMPSACENUS.

53 1579 57 1583 .
147 1535 304 1579 Strato
347 1537 568 1580 Arcesilai
615 1535 760 1592 filius,
807 1539 1162 1596 Lampsacenus,
1211 1534 1367 1580 Theo—

36 1589 286 1666 ''ssphrastss
313 1607 447 1651 sicuti
479 1608 742 1651 Demetrius
776 1608 1047 1662 Phalereus,
1085 1607 1366 1666 discipulus,

4 1704 7 1710 ·
42 1675 275 1738 >-vssejusque
297 1678 347 1721 in
375 1678 533 1722 schola
568 1694 805 1723 successor
837 1678 956 1739 (287
983 1694 1023 1725 a.
1057 1676 1166 1741 C.),
1203 1687 1373 1738 praeter

41 1742 66 1806 {7ss
85 1747 434 1809 philosophica,
472 1764 676 1817 quorum
701 1751 860 1795 titulos
892 1759 1101 1795 recenset
1138 1752 1373 1811 Diogenes

38 1812 237 1874 -'‘‚·Laert.
257 1822 320 1878 V,
349 1819 430 1878 28,
465 1836 583 1881 opus
603 1823 784 1881 scripsit
815 1820 926 1885 Περι
949 1819 1228 1886 εὑρημάτων,
1251 1824 1370 1879 sive,

59 1900 140 1937 ut
163 1893 397 1953 Diogenes
425 1893 511 1949 ait,
548 1891 822 1956 Εὑρημάτων
855 1891 1056 1958 ἐλέγχους
1091 1891 1215 1940 δύος
1243 1859 1373 1954 quod

36 1967 63 1998 ’4
55 1964 203 2035 quid
219 1966 306 2011 sibi
325 1965 438 2010 -velit
451 1966 631 2025 ,liquet
650 1981 709 2010 ex
724 1967 877 2011 Plinio
889 1982 1007 2026 qul
1023 1968 1147 2012 mter
1161 1976 1325 2012 auctm
1328 1983 1373 2012 es

30 2024 148 2087 Ξιᾶ
163 2000 550 2090 concinnandum
568 2037 688 2082 Hist.
709 2039 815 2085 Nat.
834 2038 1008 2082 librum
1025 2040 1114 2084 VII
1136 2039 1370 2084 adhibitos

47 2098 219 2185 flgffionit
253 2109 510 2154 Stratonem
551 2113 630 2170 qui
675 2120 834 2154 contra
869 2111 1046 2171 Ephori
1099 2108 1372 2174 εὑρήματα

56 2184 280 2243 gscre'psit.
310 2181 527 2227 Ceterum
548 2182 771 2241 Polybius
802 2180 940 2244 (Exc.
971 2183 1216 2245 vatican.)
1251 2185 1370 2239 XII,

52 2245 151 2304 5-25
173 2267 214 2300 c.
252 2252 328 2300 ed.
362 2253 526 2303 Didot.
513 2288 547 2311 .‚
586 2264 833 2315 postquam
866 2255 926 2299 de
965 2256 1136 2300 Timaeo
1174 2257 1372 2300 aliorum

76 2349 77 2353 =
104 2325 115 2337 ⁴
159 2324 364 2384 iptorum
397 2325 699 2386 objurgatore
725 2325 934 2383 dixerat,
969 2326 1192 2385 subjicit:
1218 2327 1373 2389 Παρα-

108 2397 114 2449 J
149 2393 270 2452 ήσιον
308 2395 534 2460 Στράτωνι
567 2398 630 2463 τῷ
663 2416 832 2463 φυσικῳ
872 2396 1146 2460 συμὸέὸηκε’
1185 2397 1259 2445 καὶ
1292 2397 1374 2464 γὰρ

19 2527 21 2529 ,
46 2510 54 2517 .
120 2468 124 2473 ’
159 2466 247 2522 ’νος
268 2466 413 2515 ὅταν’
394 2487 627 2534 εγχειρησῃ
650 2468 728 2524 τὰς
751 2472 836 2517 τῶν
861 2469 1003 2517 ἄλλων
1031 2468 1154 2525 δόξας
1177 2469 1374 2518 διαστέλ-

19 2537 21 2543 ’
63 2543 114 2605 Q
140 2541 238 2593 σθαι
265 2538 339 2587 καὶ
370 2541 659 2604 ψευδοποιεῒν,
690 2539 925 2604 θαυμάσιός
960 2543 1094 2588 ἐστιν·
1120 2539 1222 2588 ὅταν
1247 2542 1286 2588 δ’
1325 2540 1368 2597 ἐξ

19 2604 24 2626 ’
58 2607 218 2684 {M
239 2630 283 2660 τι
314 2612 583 2677 προφέρηται
616 2612 690 2660 καί
721 2633 763 2660 τι
800 2616 885 2661 τῶν
920 2613 1038 2661 ἰδίων
1076 2613 1372 2676 ἐπινοημάτων

63 2678 115 2719 ir·

72 2738 144 2798 Ψ·
515 2774 600 2822 DE
631 2775 951 2823 INVENTIS.

49 2919 53 2921 ,
79 2854 114 2930 ῥ’,
138 2876 241 2951 illud
266 2895 276 2919 ι
296 2881 356 2921 Ne
378 2879 485 2930 quid
501 2882 628 2921 nimis
652 2881 808 2922 Chiloni
825 2882 1122 2923 Lacedaemonio
1149 2884 1366 2923 ascribunt.

258 4199 491 4231 ruent-:MA
511 4201 613 4230 ntS'r.
633 4199 700 4227 GR.
724 4197 865 4224 —voL.
887 4196 925 4223 ΙΙ.

2623 225 2713 264 369

1442 308 1669 371 ἐξηγῆται,
1694 310 1813 371 παρὰ
1831 311 1938 358 πολὺ
1959 313 2151 375 φαίνεται
2169 317 2252 367 τοῖς
2274 316 2549 378 ἐπιστῆμοοιν
2568 319 2715 374 εὔηθέ-

1441 399 1586 443 στερος
1610 383 1736 427 αὑτοῦ
1762 380 1834 426 καὶ
1858 381 2121 445 νωθρότερος.

1791 494 1936 542 ΠΕΡΙ
1975 496 2133 543 ΕΥΡΗ
2144 499 2182 543 Μ
2195 499 2357 544 ΑΊῺΝ
2369 537 2378 545 .

1508 608 1716 652 Clemens
1754 608 1887 651 Alex.
1922 607 2091 653 strom.
2134 609 2178 662 Ι,
2216 623 2261 666 p.
2313 625 2326 650 ι
2341 626 2399 666 29
2415 645 2425 663 ,
2454 627 2512 668 29
2543 614 2669 670 Sylb.
2708 631 2717 656 ε

1445 676 1610 725 Χίλωνι
1625 679 1687 742 τῷ
1709 676 2037 741 Λακεδαιμονίῳ
2055 676 2311 739 ἀναφέρουσι
2323 677 2370 723 τὸ
2389 679 2547 737 μηδὲν
2569 681 2667 742 ἄγα
2681 704 2718 729 ν.

1446 747 1651 812 Στράτων
1683 747 1792 795 δὲέν
1815 750 1877 812 τῷ
1906 747 2015 811 Περὶ
2050 747 2302 811 εὑρημάτων
2339 749 2631 815 Στρατοδήμῳ
2663 755 2725 815 τῷ

1444 820 1641 885 Τεγεάτῃ
1662 820 1901 884 προσάπτει
1921 819 1969 866 τὸ
1987 819 2243 884 ἀπόφθεγμα
2259 856 2271 877 ,
2298 819 2480 879 Δίδυμος
2500 821 2541 867 δὲ
2562 824 2723 870 Σόλωνι

1445 892 1549 940 αὐτὸ
1563 893 1828 951 ἀνατίθησιν.
1847 896 1939 939 Pro
1959 890 2257 957 Στρατοδήμῳ
2276 894 2438 951 procul
2458 893 2600 938 dubio
2621 899 2723 939 scri-

1444 966 1651 1010 bendum
1672 963 1986 1028 ’Λριστοδήμῳ,
2008 979 2273 1023 quanquam
2295 965 2418 1006 hunc
2442 980 2535 1007 non
2555 967 2590 1008 Τ
2593 981 2722 1025 egea-

1447 1046 1538 1082 tam
1556 1071 1568 1092 ,
1610 1038 1690 1082 sed
1737 1038 1962 1097 Argivum
2001 1038 2071 1080 vel
2126 1035 2527 1081 Lacedaemonium
2566 1038 2726 1096 reliqui

1446 1108 1626 1154 dicunt.
2371 1158 2375 1163 ¹

1512 1180 1644 1224 Idem
1665 1180 1776 1225 ibid.
1798 1197 1845 1239 p.
1879 1196 1893 1223 1
1907 1179 1984 1234 33,
2005 1187 2251 1240 postquam
2270 1179 2393 1221 varia
2409 1179 2639 1223 variorum
2663 1182 2728 1223 iu·

1448 1261 1584 1296 venta
1607 1261 1926 1306 recensuerat,
1951 1252 2072 1294 inter
2101 1250 2250 1293 sontes
2273 1265 2378 1294 suos
2398 1259 2563 1308 praeter
2579 1252 2729 1294 Scam-

1447 1340 1631 1380 monem
1652 1325 1859 1382 aliosque
1878 1324 2013 1366 etiam
2031 1323 2293 1367 Stratonem
2312 1322 2662 1382 Peripateticum
2690 1324 2731 1366 ἐν

1446 1393 1531 1449 τοῖς
1557 1394 1666 1458 Περὶ
1698 1392 1951 1458 εὑρημάτων
1985 1396 2208 1438 nominat.
2252 1394 2329 1454 (V.
2376 1395 2536 1454 fragm.
2574 1397 2730 1439 Scam-

1447 1466 1638 1530 monis.)

1699 1643 2016 1689 THEODECT
2023 1643 2087 1690 Es
2136 1643 2427 1688 PHASELIT
2431 1646 2464 1687 A
2473 1679 2483 1688 .

1513 1752 1677 1798 Suidas
1714 1768 1724 1796 :
1759 1749 2001 1806 Θεοδέκτης
2036 1749 2313 1812 Φασελίτης,
2351 1749 2506 1814 ῥήτωρ,
2544 1750 2629 1803 υἱὸς
2655 1756 2729 1797 τοῦ

1445 1822 1653 1888 προτέρου
1679 1823 1767 1886 (sc.
1789 1824 2064 1868 Theodectis
2084 1824 2283 1868 rhetoris
2303 1833 2348 1868 et
2372 1825 2572 1884 tragici),
2600 1821 2732 1887 ἔγρα-

1446 1898 1523 1960 ψεν
1543 1894 1754 1958 ἐγκώμιον
1781 1893 2052 1957 Ἀλεξάνδρου
2071 1893 2338 1957 Ἠπειρώτου
2352 1931 2364 1953 ,
2391 1893 2605 1957 Ἱστορικὰ
2625 1897 2731 1940 ὑπο-

1449 1966 1678 2030 μνήματα,
1713 1965 1894 2029 Νόμιμα
1919 1965 2162 2030 βαρὸαρικὰ
2179 2001 2191 2024 ,
2213 1965 2414 2030 [Τέχνην
2444 1966 2667 2031 ῥητορικὴν
2694 1969 2734 2012 ἐν

1450 2039 1629 2104 βιὸλίοις
1647 2036 1741 2103 ζ’,]
1765 2037 1839 2085 καὶ
1863 2037 1975 2085 ἄλλα
2003 2037 2143 2084 πολλὰ
2164 2037 2502 2100 Ὑπομνήματα.

1513 2115 1583 2157 De
1599 2112 1863 2157 Theodecte
1888 2112 2091 2167 seniore,
2110 2113 2321 2155 Isocratis
2333 2121 2378 2155 et
2393 2112 2593 2155 Platonis
2609 2111 2737 2155 disci·

1446 2182 1586 2242 pulo,
1623 2185 1704 2243 qui
1726 2192 1859 2228 natus
1881 2184 2003 2227 circa
2024 2184 2095 2228 01.
2127 2198 2238 2239 100,
2265 2183 2360 2240 jam
2384 2192 2596 2226 mortuus
2631 2193 2729 2227 erat

1448 2255 1522 2299 Ol.
1553 2271 1570 2298 1
1586 2270 1603 2298 1
1618 2270 1635 2299 1
1654 2289 1666 2310 ,
1684 2260 1730 2307 4.
1753 2254 1843 2299 333
1865 2254 2121 2311 (Plutarch.
2138 2255 2268 2300 Alex.
2293 2270 2309 2297 1
2323 2251 2393 2314 7),
2410 2254 2518 2298 vide
2533 2256 2730 2299 Wester·

1448 2342 1604 2370 mann.
1632 2327 1682 2370 in
1708 2327 1869 2371 Gesclz.
1894 2327 1939 2373 d.
1960 2341 2031 2384 gr.
2054 2326 2242 2369 Bereds.
2277 2324 2362 2376 50,
2393 2326 2444 2380 6;
2468 2324 2555 2380 68,
2582 2340 2659 2380 21,
2684 2335 2730 2369 et

1448 2400 1669 2458 Wagner.
1706 2400 1755 2442 in
1787 2400 1970 2458 Fragm.
2000 2407 2148 2458 tragg.
2188 2413 2238 2456 p.
2284 2397 2369 2440 113
2407 2413 2507 2456 sqq.
2543 2399 2610 2441 De
2633 2396 2730 2440 filio

1449 2470 1714 2516 Theodecte
1733 2504 1745 2526 ,
1784 2470 1972 2529 qui-sub
2005 2470 2252 2514 Ptolemaeo
2276 2472 2296 2513 I
2332 2467 2539 2513 floruisse
2566 2468 2731 2522 debet,

1450 2542 1636 2587 aliunde
1666 2557 1763 2586 non
1797 2551 2001 2597 constat3
2035 2557 2187 2600 neque
2208 2557 2404 2600 operum
2429 2542 2734 2600 fragmentum

1453 2616 1650 2676 aliquod
1678 2618 1813 2676 potui
1832 2616 2068 2676 indagare.

1453 2754 1613 2792 Straton
1637 2763 1731 2792 vero
1755 2753 1794 2791 in
1817 2752 1920 2791 libro
1941 2755 1998 2792 De
2019 2752 2188 2791 inventis
2216 2751 2367 2790 dictum
2393 2750 2469 2790 hoc
2490 2749 2736 2790 stratodemo

1458 2818 1766 2869 (Aristodemo)
1798 2819 1978 2868 Tegeatae
2012 2817 2171 2865 tribuit3
2197 2815 2387 2865 Didymus
2410 2814 2578 2864 denique
2603 2815 2735 2855 soloni

1457 2883 1641 2923 vindicat.
