3016 4628
182 336 211 368 X
221 336 290 369 xx

182 428 390 492 ὑπάρχειν
418 422 720 488 Ἀγαθοκλέους
744 423 849 488 πρὸς
874 431 960 470 πᾶν
985 422 1046 470 ἔτι
1072 425 1235 486 μᾶλλον
1263 423 1351 485 (14),
1376 442 1481 469 πυν-

181 501 412 562 θανόμενος
442 498 486 546 δὲ
512 497 587 545 καὶ
622 498 698 550 τὰς
722 499 793 561 ὑφ’
818 495 968 544 ἑαυτὸν
992 495 1256 558 ταττομένας
1281 494 1482 557 δυνάμεις

181 574 255 620 καὶ
277 573 353 626 τὰς
370 571 483 619 κατὰ
504 571 581 628 τὴν
600 569 916 634 Ἀλεξάνδρειαν
944 571 1010 617 ἐπ’
1039 568 1187 632 ἐκείνῳ
1207 567 1282 623 τὰς
1307 567 1482 620 ἐλπίδας

181 644 297 709 ἔχειν
320 650 394 692 τοῦ
428 641 659 691 καταλύειν
665 641 764 734 ’,τὴν
787 641 1091 704 Ἀγαθοκλέους
1121 641 1259 706 ὕὸριν.
1332 638 1481 696 Οὔσης

178 719 225 764 δὲ
252 737 350 783 περι
374 716 502 765 αὐτὸν
530 715 621 769 οἵας
644 714 798 780 εἴρηκα
829 715 977 772 &orM-¹
958 734 1093 778 ferm,
1124 714 1293 779 ταχέως
1323 711 1377 760 τὰ
1405 731 1481 770 της

182 792 391 856 διαφορᾶς
438 789 615 846 αὔξησιν
659 788 788 836 ἔλαὸε
805 825 817 846 ,
866 786 1178 850 συνεργούντων
1228 784 1480 851 ἀμφοτέρων

183 864 287 927 πρὸς
311 863 389 922 τὴν
411 863 613 920 τοιαύτην
632 860 848 909 ὑπόθεσιν.
920 860 972 908 Ο
995 859 1072 922 μὲν
1091 859 1173 923 γὰρ
1194 859 1482 919 Ἱληπόλεμος

182 937 463 992 ἐξιδιάζεσθαι
488 935 683 983 σπεύδων
705 933 801 988 τοὺς
823 933 1035 997 ἡγεμόνας
1057 932 1129 980 καὶ
1153 931 1387 995 ταξιάρχας
1408 928 1482 976 καὶ

181 1009 278 1062 τοὺς
307 1010 378 1057 ἐπὶ
401 1008 560 1056 τούτων
591 1010 664 1071 (15)
700 1005 1008 1068 ταττομένους,
1031 1008 1186 1067 συνῆγε
1210 1003 1364 1055 πότους
1389 1004 1480 1048 ἐπι·

183 1085 350 1144 μελῶς,
373 1082 447 1129 καὶ
467 1100 588 1145 παρα
612 1080 687 1134 τὰς
715 1078 939 1134 συνουσίας
962 1078 1015 1125 τὰ
1043 1098 1095 1141 με
1099 1098 1119 1122 ν
1157 1076 1239 1123 ὑπὸ
1271 1077 1355 1121 τῶν
1380 1072 1484 1138 πρὸς

181 1154 308 1219 χάριν
331 1154 541 1216 λεγόντων
567 1152 884 1214 ἓκκηλουμενος
911 1153 1007 1213 (16),
1032 1150 1085 1197 τὰ
1111 1150 1154 1196 δε
1180 1147 1261 1196 υπὸ
1281 1167 1356 1204 της
1375 1146 1484 1199 ἰδίας

182 1231 367 1295 ὁρμῆς,“
350 1227 426 1273 άτε
442 1226 530 1280 νέος
548 1223 607 1273 ὧν
625 1226 696 1272 καὶ
712 1223 832 1316 παρὰ
848 1224 918 1271 τὸν
936 1228 1045 1271 οἶνον
1060 1221 1289 1285 γενομένης
1301 1224 1377 1276 τῆς
1394 1223 1483 1280 ὁμι-

182 1301 336 1359 λίας,’
319 1301 507 1366 ερρίπτει
525 1299 675 1363 λόγους
692 1297 805 1346 κατὰ
825 1318 901 1355 της
922 1295 1174 1361 συγγενείας
1189 1299 1263 1352 τῆς
1281 1314 1364 1340 των
1386 1292 1484 1357 περὶ

182 1375 253 1420 τὸν
275 1372 563 1436 Ἀγαθοκλέα,
580 1371 655 1424 τὰς
678 1370 752 1433 μὲν
775 1368 911 1433 ἀρχὰς
929 1367 1284 1431 αἰνιγματώδεις,
1304 1359 1379 1413 εἰτ’
1402 1367 1494 1430 οἰμ-Δ

184 1447 413 1511 φιοόλους,
442 1466 490 1493 το
518 1447 562 1492 δὲ
587 1417 830 1493 τελέυταῗον
853 1441 1148 1508 εκφανεῗςὶκαι
1172 1441 1250 1499 τὴν
1276 1439 1484 1505 πικροτά-

181 1540 260 1578 την
283 1519 461 1583 ἔχοντας
497 1517 727 1581 λοιδορίαν·
759 1517 954 1580 ἐπεχεῗτο
995 1517 1068 1578 (17)
1104 1514 1187 1578 γὰρ
1225 1518 1300 1561 τοῦ
1333 1518 1485 1577 θρανο-

181 1593 348 1657 γράφου
369 1592 443 1638 καὶ
463 1595 538 1649 τῆς
559 1589 911 1653 καλλωπιστρίας
949 1589 1020 1650 (18)
1055 1588 1127 1634 καὶ
1160 1591 1234 1645 τῆς
1269 1585 1484 1651 κουρίδος,

185 1667 246 1712 ἔτι
265 1666 307 1712 δὲ
329 1671 405 1712 τοῦ
419 1664 648 1727 παιδαρίου
670 1668 744 1710 τοῦ
765 1662 908 1709 πάντα
931 1660 1215 1718 πεποιηκότος
1237 1659 1311 1707 καὶ
1330 1679 1487 1707 πεπον-

185 1737 302 1791 θότος
319 1737 440 1802 παρὰ
457 1736 551 1790 τοὺς
567 1735 740 1797 πότους,
760 1734 829 1782 ὅτε
852 1734 1030 1800 ᾠνοχόει
1049 1734 1176 1800 τῷ(*)
1198 1735 1371 1798 βασιλεῖ
1385 1740 1487 1787 παῖς

181 1809 266 1859 -ὤν,
339 1809 442 1858 Ἐπὶ
464 1808 507 1855 δὲ
532 1809 697 1863 τούτοις
718 1808 784 1855 ἀεὶ
810 1811 893 1854 τῶν
912 1806 1225 1871 συμπαρόντων
1245 1804 1485 1869 γελώντων,

185 1883 259 1931 καὶ
289 1882 656 1944 συμὸαλλομένων
675 1901 715 1928 τι
734 1880 838 1946 πρὸς
854 1880 924 1928 τὸν
945 1878 1214 1945 χλευασμὸν,
1241 1878 1408 1943 ταχέως
1433 1881 1490 1932 εἷς

185 1955 281 2009 τοὺς
321 1955 421 2020 περὶ
460 1955 530 2002 τὸν
569 1953 834 2017 Ἀγαθοκλέα
873 1953 921 2001 τὸ
973 1961 1155 2017 πρᾶγμα
1194 1951 1485 2016 παρεγενήθη.

188 2028 434 2088 Γενομένης
463 2028 497 2076 δ’
523 2027 680 2092 ἔχθρας
699 2026 1041 2091 ὃμολο-γουμένης
1059 2064 1071 2087 ,
1098 2024 1248 2079 εὐθέως
1273 2029 1294 2072 ὃ
1319 2024 1492 2087 Ἀγαθο-

186 2103 292 2158 κλῆς
315 2100 520 2158 ὃιαὸολὴν
558 2103 702 2163 εἰσῆγε
726 2099 840 2147 κατὰ
866 2103 940 2146 τοῦ
965 2097 1282 2160 Τληπολέμου,
1311 2097 1488 2163 φάσκων

189 2174 317 2220 αὐτὸν
340 2174 632 2239 ἀλλοτριάζειν
661 2178 736 2220 τοῦ
767 2171 976 2237 βασιλέως
1002 2171 1075 2219 καὶ
1101 2172 1246 2218 καλεῖν
1270 2170 1486 2235 Ἀντίοχον

183 2247 261 2292 ἐπὶ
287 2246 342 2293 τὰ
366 2246 629 2310 πράγματα·
651 2244 725 2292 καὶ
750 2244 913 2299 πολλὰς
935 2248 994 2299 εἷς
1015 2250 1138 2292 τοῦτο
1172 2244 1222 2292 τὸ
1254 2243 1381 2309 μέρος
1407 2245 1488 2302 ηὐ-

189 2318 310 2380 πόρει
333 2318 643 2376 πιθανότητας,
669 2317 742 2370 τὰς
769 2317 847 2380 μὲν
869 2320 917 2365 ἐκ
937 2322 1020 2364 τῶν
1047 2317 1372 2380 συμὸαινόντων
1402 2336 1488 2363 πα·

191 2390 495 2455 ρεκδεχόμενος
535 2390 609 2437 καὶ
649 2390 931 2456 διαστρέφων,
971 2390 1045 2446 τὰς
1085 2390 1128 2438 δὲ
1158 2393 1207 2438 ἐκ
1242 2389 1491 2447 καταδολῆς

189 2463 392 2510 πλάττων
429 2463 501 2510 καὶ
543 2463 853 2518 διασκευάζων.
927 2467 1079 2512 Ταῦτα
1107 2465 1143 2511 δ’
1174 2463 1308 2510 ἐποίει
1339 2461 1490 2527 βουλό-

191 2555 313 2597 μενος
350 2535 405 2582 τὰ
441 2536 587 2593 πλήθη
620 2535 871 2600 παροξύνειν
903 2535 1026 2584 κατὰ
1068 2541 1140 2584 τοῦ
1174 2536 1493 2600 Τληπολέμου·

191 2608 415 2656 συνέὸαινε
437 2609 481 2655 δὲ
502 2610 761 2659 τούναντίον.
833 2610 983 2658 Πάλαι
1003 2613 1086 2675 γὰρ
1109 2609 1179 2658 ἐπὶ
1204 2614 1265 2676 τῷ
1290 2629 1494 2675 προειρη-

194 2682 309 2746 μένῳ
334 2680 409 2734 τὰς
446 2682 820 2746 ἐλπίδας’ἔχοντες
855 2685 893 2730 οἱ
929 2684 1080 2731 πολλοὶ
1115 2683 1189 2730 καὶ
1229 2682 1324 2730 λίαν
1360 2681 1495 2740 ἡδέως

193 2755 337 2818 ἑώρων
359 2753 640 2815 ἐκκαιομένην
675 2753 750 2812 τὴν
778 2755 1001 2821 διαφοράν.
1073 2754 1271 2818 Ἐγένετο
1296 2756 1331 2801 δ’
1356 2758 1383 2812 ἡ
1412 2773 1492 2801 κα-

193 2826 332 2891 ταρχὴ
360 2830 432 2873 τοῦ
470 2826 569 2891 περὶ
595 2826 650 2873 τὰ
686 2830 745 2873 πλ
747 2827 830 2886 τ’,θη
870 2827 1106 2886 κινήματος
1151 2828 1228 2891 (19)
1266 2826 1337 2874 διά
1376 2847 1496 2880 τινας

193 2890 575 2953 τοιαύταςάἷτίας.
648 2899 795 2948 Νίκων
825 2902 899 2963 (20)
924 2904 946 2948 ὁ
967 2919 1176 2964 συγγενης
1195 2904 1278 2948 τῶν
1300 2899 1399 2965 περὶ
1422 2900 1494 2947 τὸν

195 2971 484 3036 Ἀγαθοκλέα,
510 2971 711 3027 ζῶντος”
689 2992 751 3018 ετι
775 2992 849 3019 του
875 2972 1086 3037 βασιλέως
1106 2972 1424 3034 καθεστάμενος
1445 2976 1496 3029 ἠν

195 3046 264 3092 ἐπι
285 3050 360 3092 τοῦ
382 3064 600 3103 ναυτικου,
624 3044 719 3092 τότε
741 3044 784 3092 δὲ
804 3049 889 3093 τῶν
910 3046 999 3090 *²⁴*-

748 315 827 362 ΕΚ
867 314 996 362 ΤΗΣ
1031 314 1333 363 ΙΣΤΟΡΙΑΣ
1371 312 1694 362 ΠΟΑΥΒΙΟΥ
1731 310 2290 378 ΜΕΓΑΛΟΠΟΛῙΤΟΥ.

1555 430 1677 459 neum
1691 419 1890 467 censebat,
1901 420 1989 458 tum
2010 429 2104 457 vero
2125 416 2394 467 comperiebat
2404 416 2443 456 ct
2456 416 2602 468 quibus
2616 417 2700 468 ipse
2714 428 2859 470 praees-

1555 512 1630 559 set,
1645 511 1684 549 et
1700 509 1769 560 qui
1786 507 2038 548 Alexandriae
2053 505 2242 555 degerent
2257 504 2403 544 milites
2421 504 2558 555 inipso
2579 516 2668 556 spes
2686 506 2737 547 de
2753 517 2860 547 com·

1555 601 1748 653 pescenda
1765 598 1988 650 Agathoclis
1999 596 2210 637 insolentia
2224 597 2416 647 repositas
2432 597 2591 637 habere.
2607 598 2718 637 Talia
2733 581 2863 649 quum

1554 693 1720 744 agitaret
1768 690 1952 739 consilia,
1981 700 2076 728 mox
2107 689 2149 728 in
2191 690 2323 740 majus
2347 690 2513 729 auctum
2547 689 2753 730 dissidium
2779 691 2862 740 est,

1554 797 1626 825 sua
1660 786 1831 835 utroque
1861 783 1911 823 ad
1947 783 2025 822 hoc
2056 782 2348 823 contribuente.
2378 785 2481 824 Nam
2494 784 2748 835 Tlepolemus
2780 784 2860 825 du·

1555 894 1643 932 ceS‚
1664 881 1918 922 centuriones
1948 882 2181 931 ceterosque
2199 879 2388 920 ordinum
2411 881 2625 931 praefectos
2651 880 2865 920 conciliare

1554 974 1629 1015 sibi
1645 974 1808 1014 studens
1822 973 1871 1013 ad
1889 973 2204 1024 compotationes
2225 972 2364 1013 scdulo
2388 973 2664 1023 convocabat,
2693 974 2734 1014 et
2759 973 2864 1014 iuter-

1556 1066 1896 1106 consabulationes
1921 1066 2069 1116 partim
2084 1065 2135 1106 ab
2151 1067 2464 1107 assentatoribus
2489 1066 2689 1107 excitatus
2718 1067 2865 1118 partim
2919 1089 2924 1094 ·

1556 1170 1628 1199 suo
1647 1159 1804 1220 ingenio
1816 1158 2024 1210 indulgens
2042 1159 2214 1210 (quippe
2229 1159 2419 1224 juvenilis
2429 1160 2562 1200 adhuc
2578 1161 2711 1202 aetatis
2725 1161 2812 1202 erat
2826 1160 2869 1202 et
2907 1168 2909 1170 ’
2966 1144 2970 1166 ³

1556 1253 1607 1293 ad
1627 1254 1771 1304 pocula
1789 1264 1993 1293 sermones
2013 1253 2329 1305 nectebantur),
2354 1254 2522 1295 dicteria
2542 1255 2716 1307 ¹iaciebat
2737 1256 2780 1296 in
2802 1255 2864 1296 fa·

1557 1345 1707 1384 miliam
1724 1344 1951 1394 Agathoclis
1973 1344 2150 1395 primum
2163 1344 2415 1396 obscuriora,
2434 1357 2532 1386 mox
2547 1347 2756 1398 ambigua,
2774 1349 2868 1388 tan-

1557 1437 1647 1476 dem
1665 1438 1803 1486 aperta
1820 1437 1860 1475 et
1876 1435 2119 1475 acerbissimi
2137 1436 2256 1486 plena
2273 1436 2458 1476 convicii.
2478 1435 2542 1476 Sic
2563 1437 2705 1487 pocula
2722 1438 2868 1490 imple-

1559 1529 1628 1568 bat
1655 1527 1920 1578 ebibebatque
1942 1527 1983 1566 in
2002 1527 2197 1567 honorem
2228 1526 2391 1578 pictoris
2407 1527 2605 1578 parietum
2631 1529 2673 1570 et
2690 1529 2872 1572 mulieris

1558 1619 1759 1659 comtricis
1778 1620 1818 1658 et
1843 1618 2067 1668 tonstrinis,
2091 1629 2211 1669 porro
2230 1618 2272 1658 in
2307 1619 2499 1659 bonorem
2523 1620 2663 1672 pueri,
2702 1622 2775 1674 qui
2805 1633 2870 1662 re-

1559 1714 1616 1763 gis
1636 1712 1677 1751 in
1696 1711 2063 1762 compotationibus
2092 1711 2283 1761 pincerna
2309 1711 2408 1751 nihil
2444 1723 2525 1752 non
2549 1712 2688 1753 fecerit
2705 1713 2875 1765 fierique

1564 1804 1639 1844 sibi
1659 1814 1797 1855 passus
1815 1803 1881 1843 sit.
1913 1806 2010 1843 Haec
2036 1814 2164 1854 quum
2195 1803 2276 1843 risu
2304 1804 2485 1844 convivoe
2505 1804 2739 1856 exciperent
2757 1807 2798 1847 et
2821 1805 2874 1848 de

1562 1907 1634 1936 suo
1654 1895 1807 1947 aliquid
1825 1891 2068 1935 cavillationi
2083 1895 2325 1946 adjicerent,
2355 1896 2436 1936 cito
2451 1897 2503 1936 ad
2521 1899 2780 1948 Agathoclem
2807 1911 2874 1941 res

1561 1987 1753 2038 pervenit,
1771 1987 1974 2034 Quoniam
1994 1986 2114 2038 igitur
2135 1986 2177 2025 in
2201 1986 2381 2026 confesso
2401 1987 2585 2028 simultas
2604 1989 2713 2040 erat,
2735 1991 2873 2032 statim

1562 2073 1799 2123 Agathocles
1821 2072 2057 2112 calumniari
2085 2049 2362 2123 Tlepolemum
2385 2074 2531 2125 coepit,
2563 2074 2750 2117 dictitans
2779 2087 2874 2120 eum

1562 2174 1586 2202 a
1606 2174 1698 2213 rege
1716 2162 1894 2202 alienum
1915 2173 2000 2202 esse
2029 2162 2070 2202 et
2097 2161 2342 2202 Antiochum
2372 2163 2424 2202 ad
2449 2175 2620 2214 regnum
2654 2175 2871 2208 arcessere.

1563 2261 1619 2297 Ac
1628 2257 1758 2296 multa
1767 2256 1816 2295 ad
1829 2254 2153 2306 persuadendum
2166 2256 2402 2305 argumenta
2420 2256 2462 2296 in
2478 2258 2666 2308 promptu
2684 2257 2874 2307 habebat,

1564 2361 1656 2402 quae
1676 2350 1740 2390 vel
1757 2361 1807 2389 ex
1823 2349 1871 2388 iis
1883 2358 1975 2398 quae
1994 2358 2133 2388 revera
2148 2346 2383 2386 accidebant
2398 2347 2674 2399 detorquendo
2690 2349 2874 2400 eruebat,

1565 2442 1628 2482 vel
1644 2453 1667 2481 a
1687 2441 1948 2482 fundamento
1959 2441 2043 2491 ipse
2054 2437 2305 2488 contingebat
2318 2438 2636 2490 adornabatque.
2652 2438 2875 2479 Consilium

1566 2542 1662 2571 vcro
1682 2532 1788 2581 erat,
1809 2531 1854 2570 ut
1867 2531 1923 2570 sic
1942 2530 2244 2570 multitudinem
2265 2531 2404 2570 contra
2422 2530 2698 2580 Tlepolemum
2717 2539 2876 2581 exacer-

1566 2617 1710 2656 baret:
1735 2618 1776 2656 at
1792 2618 2039 2656 contrarium
2059 2627 2229 2668 prorsus
2258 2616 2405 2656 evenit;
2438 2618 2540 2658 Nam
2575 2615 2745 2666 vulgus,
2768 2614 2877 2666 quod

1565 2702 1647 2752 jam
1664 2702 1819 2752 dudum
1834 2701 1875 2741 in
1897 2702 2127 2752 Tlepolemo
2154 2712 2242 2753 spes
2271 2702 2564 2752 collocaverat,
2595 2701 2783 2742 lubenter
2803 2700 2877 2740 ad—

1570 2788 1737 2828 modum
1753 2788 2078 2828 exardescentem
2093 2788 2211 2827 istam
2224 2788 2470 2828 simultatem
2483 2787 2700 2839 spectabat.
2716 2787 2806 2827 initi
2811 2798 2877 2827 um

1570 2885 1666 2914 vero
1685 2875 1821 2913 motus
1840 2874 1979 2924 populi
2009 2874 2163 2913 factum
2184 2874 2244 2913 est
2270 2873 2323 2913 ob
2347 2884 2486 2913 causas
2502 2872 2745 2923 hujusmodi.
2762 2874 2877 2923 Nico,

1571 2961 1700 3002 affinis
1723 2962 1975 3011 Agathoclis,
1994 2973 2086 3011 rege
2101 2961 2335 3012 superstite,
2356 2961 2469 3001 classi
2488 2961 2700 3012 praefectus
2719 2961 2851 3021 fuerat
2863 2991 2878 3014 ,

1573 3052 1672 3090 tunc
1687 3060 1783 3089 vero
1795 3049 1883 3089 ***.

256 3193 314 3229 14.
335 3190 407 3230 ἔτι
429 3190 642 3242 μᾶλλον]
669 3192 733 3231 Sic
753 3191 894 3231 codex.
914 3194 1014 3237 Quae
1034 3191 1066 3230 si
1087 3202 1182 3230 sana
1205 3191 1312 3240 sunt,
1330 3189 1456 3230 scribe
1475 3190 1565 3240 πρὸς
1582 3193 1675 3237 πᾶν,
1697 3188 1750 3228 ἔτι
1777 3189 1917 3239 μᾶλλον
1941 3188 1981 3227 δὲ
1999 3187 2281 3239 πυνθανόμενος
2297 3189 2379 3228 κτλ.
2400 3189 2585 3228 Attamen
2602 3190 2790 3240 corrupta
2810 3200 2882 3242 po·

196 3247 274 3286 tius
293 3259 377 3286 esse
406 3247 500 3286 mihi
520 3247 719 3298 videntur,
751 3249 1105 3298 reponendumque
1125 3264 1134 3287 z
1157 3249 1247 3299 πρὸς
1270 3248 1380 3287 πᾶνὸ
1403 3263 1438 3288 τι
1458 3249 1607 3299 μέλλον.
1632 3272 1684 3281 --
1711 3252 1770 3286 15.
1798 3247 1874 3285 ἐπὶ
1895 3245 2107 3296 τούτων]
2125 3245 2377 3285 scribendum
2400 3247 2532 3296 potius
2547 3248 2609 3286 ἐπὶ
2624 3247 2795 3298 τούτοις,
2811 3259 2879 3288 eos

147 3355 150 3358 .
197 3308 271 3355 qm*
294 3309 391 3356 post
414 3307 667 3346 taxiarchas
694 3307 832 3346 locum
855 3308 1069 3351 obtinent,
1102 3307 1382 3358 ἑκατοντάρχας
1404 3309 1478 3346 etc.
1505 3328 1556 3335 —
1580 3311 1642 3345 16.
1661 3304 1851 3356 ἐκκηλ.]
1872 3305 1978 3352 ἐκηλ.
2005 3304 2146 3343 codex.
2173 3307 2360 3344 Ceterum
2388 3303 2545 3344 dubites
2578 3315 2630 3344 an
2660 3315 2741 3344 non
2759 3306 2881 3347 suerit

196 3364 459 3414 ἐκκινούμενος
472 3395 482 3412 ,
497 3375 575 3402 vox
593 3364 692 3403 bene
711 3367 820 3404 nota.
840 3367 988 3404 Contra
1006 3366 1173 3404 verbum
1189 3365 1359 3412 ἐκκηλέω
1374 3375 1569 3414 nusquam
1583 3394 1594 3412 ‚
1612 3365 1807 3414 quantum
1824 3362 1920 3409 scio,
1937 3362 2133 3408 occurrit,
2151 3362 2224 3401 nisi
2245 3362 2351 3413 quod
2371 3363 2477 3412 apud
2497 3363 2736 3413 Hesychium
2758 3378 2770 3403 :
2791 3363 2880 3410 ἐξε·

196 3423 480 3472 κελέμησεν,
499 3422 715 3469 ἐξηύλησεν,
731 3423 887 3471 ἔθελξεν,
917 3424 1175 3463 casaubonus
1190 3424 1325 3475 reponi
1354 3425 1441 3464 vult
1465 3425 1700 3471 ἐξεκήλησεν.
1734 3447 1787 3457 -
1816 3425 1874 3462 17.
1895 3419 2146 3472 ἐπεχεῖτο]
2172 3420 2325 3460 dictum
2353 3421 2495 3470 est‚ut
2519 3421 2790 3472 ἐπιχεομένους
2808 3426 2879 3462 τοῦ
2915 3426 2923 3434 “

191 3480 418 3530 Δημητρίου
451 3490 513 3528 ap.
540 3480 805 3530 Phylarchum
827 3481 866 3518 in
899 3482 1039 3520 Athen.
1066 3481 1252 3531 Deipnos.
1279 3484 1357 3532 Vl,
1383 3495 1421 3534 p.
1445 3489 1535 3532 261,
1555 3485 1607 3531 B,
1629 3493 1700 3532 pro
1720 3481 1865 3531 quibus
1888 3480 2128 3519 Plutarchus
2149 3480 2190 3519 in
2210 3481 2388 3520 Demetr.
2409 3484 2458 3518 25
2483 3494 2491 3518 :
2511 3479 2704 3531 ἐπιχύσεις
2725 3479 2878 3530 λαμὸά-

192 3551 328 3581 νοντας
353 3536 584 3586 Δημητρίου.
613 3540 669 3576 De
688 3548 786 3576 voce
809 3538 1061 3589 θρανογράφος
1081 3539 1290 3588 hucusque
1310 3550 1357 3578 cx
1386 3552 1464 3579 uno
1491 3540 1698 3579 constabat
1717 3538 1933 3589 hesychio,
1961 3539 2031 3587 qui
2054 3537 2332 3590 θρανογράιρους
2353 3547 2436 3577 esse
2454 3536 2551 3577 dicit
2568 3538 2659 3583 τοὺς
2681 3537 2878 3589 εὐπρεπεῖς
2914 3542 2918 3545 ’

197 3595 485 3646 τοιχογράςρους.
513 3595 674 3644 Proprie
689 3598 781 3634 sunt
798 3597 968 3646 pictores
987 3597 1053 3646 qui
1074 3597 1272 3636 coloribus
1288 3601 1432 3638 ornant
1451 3599 1537 3643 τοὺς
1555 3599 1734 3649 θράνους,
1755 3597 1780 3637 i.
1803 3607 1841 3637 e.
1858 3607 1937 3636 sec.
1958 3596 2162 3636 Pollucem
2178 3598 2236 3645 X,
2255 3599 2329 3644 49,
2350 3595 2399 3634 τὰ
2419 3595 2509 3640 ξύλα
2523 3595 2572 3635 τὰ
2598 3595 2878 3637 κατακλείοντα

194 3653 284 3696 τοὺς
300 3652 511 3696 πλινθίνους
527 3652 695 3702 τοίχους.
718 3674 767 3680 —
797 3656 856 3692 18.
875 3653 1289 3705 καλλωπιστρίας]
1307 3656 1361 3694 sic
1380 3656 1515 3706 scripsi
1537 3667 1608 3705 pro
1631 3657 1720 3696 cod.
1741 3655 2065 3707 ἀμμουνκιστρίας
2080 3685 2091 3704 ,
2114 3665 2359 3706 quamquam
2379 3664 2460 3692 non
2485 3654 2620 3694 defore
2646 3664 2783 3704 spero,
2805 3657 2876 3706 qui

194 3709 330 3748 nescio
357 3719 477 3758 quam
501 3710 703 3749 Ammonis
724 3710 942 3749 ministram
964 3711 1242 3761 expiscandam
1279 3724 1363 3752 esse
1402 3716 1555 3764 putent.
1577 3735 1629 3742 —-
1653 3715 1675 3734 *
1697 3714 1904 3765 ᾠνοχόει
1924 3718 1988 3764 τῷ
2004 3714 2019 3765 ]
2035 3713 2160 3753 codex
2185 3715 2408 3765 ᾠνοχοεῖτοΑ
2426 3734 2477 3741 -
2499 3717 2559 3753 19.
2581 3713 2874 3768 κινήματος]

194 3769 404 3818 νικήματος
417 3768 558 3807 codex.
575 3789 627 3796 -
644 3774 707 3810 20.
726 3770 758 3807 N
773 3769 818 3807 ίκ
829 3783 860 3806 ω
871 3767 905 3818 ν]
930 3772 1065 3808 Exstat
1079 3769 1196 3818 hujus
1211 3771 1369 3810 Niconis
1385 3773 1534 3812 mentio
1546 3772 1586 3811 in
1603 3772 1717 3813 editis
1735 3772 1849 3824 (XV,
1869 3777 1916 3812 33
1928 3801 1939 3822 ,
1955 3776 1976 3823 ’Ζ
1991 3772 2022 3823 ),
2037 3768 2101 3812 ubi
2119 3781 2198 3811 una
2213 3781 2306 3810 cum
2321 3772 2448 3811 matre
2465 3769 2690 3820 Agathoclis
2703 3772 2743 3810 et
2762 3781 2877 3813 soro·

195 3825 309 3864 ribus
324 3824 562 3876 reliquisque
581 3827 756 3876 cognatis
770 3836 793 3865 a
815 3827 928 3876 plebe
946 3827 1163 3867 trucidatus
1183 3839 1266 3867 csse
1278 3829 1438 3871 dicitur.
