3016 4628
56 438 87 461 n*
150 391 219 441 τὸν
266 390 535 456 μαργαρίτην
575 388 626 447 δὴ
669 388 741 438 τὸν
781 388 1030 452 θαλάσσιον,
1073 391 1182 436 οὕτω
1213 394 1266 454 τῇ
1289 390 1433 438 Ἰνδῶν

75 467 82 494 ’ἶ
148 462 322 527 γλώσσῃ
356 462 634 525 καλεόμενον·
652 460 724 509 τὸν
753 460 836 526 γὰρ
873 459 1120 525 Ἡρακλέα,
1156 463 1213 515 ὡς
1246 460 1376 508 καλόν
1396 464 1434 508 οἱ

25 554 28 592 ζ
69 575 82 598 ·‚
147 534 280 599 ἐφάνη
303 534 350 582 τὸ
374 533 548 600 φόρημα
563 570 575 591 ,
602 534 650 580 ἐκ
672 531 813 590 πάσης
841 535 917 588 τῆς
939 532 1157 590 θαλάσσης
1182 534 1222 585 ἐς
1254 531 1331 589 τὴν
1356 532 1435 581 Ἰν-

147 606 232 653 δῶν
255 609 334 668 γῆν
356 603 613 668 συναγινέειν
634 602 704 666 τὸν
731 601 1001 666 μαργαρίτην
1027 602 1078 660 δὴ
1099 607 1266 661 τοῦτον,
1286 607 1339 668 τῇ
1364 606 1434 651 θυ·

34 711 46 744 .'·
146 676 270 740 γατρὶ
295 680 348 740 τῇ
370 680 525 723 ἑωυτοῦ
547 667 653 721 εἶναι
675 673 852 733 κόσμον.

26 739 50 747 Η
215 747 302 797 Καὶ
316 746 431 810 λέγει
454 749 530 794 Με
543 765 606 809 γα
621 748 680 793 σθ
695 745 780 801 ένη
796 765 814 798 ς
839 746 899 806 (⁴¹)
914 782 925 802 ,
943 745 1193 811 θηρεύεσθαι
1210 747 1339 794 αὐτοῦ
1363 747 1436 803 τὴν

75 857 81 866 ,
146 811 309 876 κόγχην
350 811 584 869 δικτύοισι,
621 809 823 871 νέμεσθαι
857 810 892 856 δ’
933 811 975 856 ἐν
1007 814 1059 874 τῇ
1099 810 1294 873 θαλάσσῃ
1342 814 1436 857 κατ’

147 883 252 932 αὐτὸ
273 883 435 936 πολλὰς
456 882 637 947 κόγχας,
659 881 853 944 κατάπερ
873 880 948 935 τὰς
977 881 1204 943 μελίσσας·
1229 882 1302 930 καὶ
1330 875 1437 930 εἶναι

36 1006 38 1012 ‚
145 955 322 1020 γὰρκαὶ
355 961 466 1003 τοῖσι
496 953 786 1018 μαργαρίτῃσι
814 952 995 1016 βασιλέα
1020 954 1048 1011 ἢ
1079 953 1362 1016 βασίλισσαν,
1382 958 1439 1009 ὡς

32 1067 77 1083 2
142 1031 246 1093 τῇσι
269 1025 531 1092 μελισσίῃσι.
550 1025 641 1074 Καὶ
664 1023 778 1079 ὅστις
812 1026 889 1087 μὲν
909 1020 1068 1073 ἐκεῖνον
1092 1027 1187 1072 κατ’
1212 1026 1437 1090 ἐπιτυχίην

28 1093 31 1102 ’
146 1098 382 1156 συλλάὸοι,
400 1103 548 1147 τοῦτον
573 1097 624 1147 δὲ,
647 1096 858 1152 εὐπετέως
878 1096 1154 1162 περιὸάλλειν
1176 1097 1248 1144 καὶ
1266 1097 1313 1144 τὸ
1335 1099 1440 1144 ἄλλο

147 1162 308 1231 σμῆνος
330 1172 414 1217 τῶν
438 1168 737 1234 μαργαριτέων
756 1184 767 1195 ·
796 1171 832 1215 εἰ
852 1167 896 1215 δὲ
915 1168 1111 1234 διαφύγοι
1136 1176 1242 1233 σφᾶς
1274 1173 1295 1217 ὁ
1319 1174 1439 1233 βασι·

111 1240 270 1299 ”’;λεὺς,
288 1241 424 1307 τούτῳ
449 1240 493 1289 δὲ
515 1240 657 1290 οὐκέτι
677 1239 886 1306 θηρατοὺς
912 1233 1019 1288 εἶναι
1037 1240 1131 1294 τοὺς
1155 1240 1329 1295 ἄλλους·
1347 1241 1442 1295 τοὺς

148 1313 328 1369 ἁλόντας
350 1312 395 1360 δὲ
418 1321 618 1378 περιορᾶν
643 1312 950 1369 κατασαπῆναί
969 1331 994 1359 σ
1029 1331 1089 1359 ισι
1101 1310 1176 1369 τὴν
1198 1311 1357 1378 σάρκα,
1379 1316 1440 1376 τῷ

147 1385 192 1432 δὲ
210 1384 345 1450 ὀστέῳ
374 1386 415 1438 ἐς
438 1384 598 1445 κόσμον
631 1386 832 1447 χρῆσθαι.
878 1383 964 1432 Καὶ
990 1330 1098 1430 §vat
1121 1383 1204 1447 γὰρ
1224 1385 1298 1430 καὶ
1337 1385 1439 1447 παρ’

146 1455 322 1506 Ἰνδοῖσι
345 1456 416 1504 τὸν
441 1455 709 1521 μαργαρίτην
749 1455 996 1520 τριστάσιον
1018 1454 1130 1503 κατὰ
1165 1457 1296 1517 τιμὴν
1338 1455 1441 1520 πρὸς

147 1529 324 1593 χρυσίον
348 1528 396 1576 τὸ
421 1528 623 1593 ἄπεφθον,
659 1527 732 1574 καὶ
770 1532 894 1575 τοῦτο
914 1529 957 1574 ἐν
981 1531 1035 1592 τῇ
1057 1527 1202 1575 Ἰνδῶν
1226 1531 1282 1591 γῇ
1316 1528 1442 1593 ὀρυσ·

187 1601 196 1616 ,

145 1619 342 1660 σομενον.

213 1674 264 1722 C.
283 1689 331 1732 9.
352 1670 428 1718 Ἐν
443 1669 486 1717 δὲ
503 1674 557 1734 τῇ
577 1668 697 1734 χώρῃ
715 1669 871 1733 ταύτῃ,
893 1669 964 1717 ἵνα
982 1669 1257 1718 ἐδασίλευσεν
1275 1673 1301 1727 ἡ
1320 1670 1443 1734 θυγά.

146 1761 228 1807 τηρ
243 1748 317 1790 τοῦ
338 1741 594 1806 Ἡρακλέος,
620 1740 697 1796 τὰς
723 1741 800 1803 μὲν
819 1745 1020 1804 γυναῖκας
1044 1742 1274 1796 ἑπταέτεας
1293 1741 1443 1797 ἐούσας

147 1815 190 1868 ἐς
225 1812 341 1878 ὥρην
375 1813 518 1875 γάμου
546 1812 686 1874 ἰέναι,
715 1812 812 1868 τοὺς
851 1812 895 1860 δὲ
921 1813 1079 1877 ἄνδρας
1117 1815 1440 1879 τεσσαράκοντα

59 1935 68 1951 ³
148 1884 249 1933 ἔτεα
272 1883 329 1932 ’τὸ
354 1886 537 1931 πλεῖστα
571 1883 835 1948 βιώσκεσθαι
857 1886 896 1932 ²4.
919 1884 1007 1933 Kal
1021 1883 1126 1950 ὑπὲρ
1145 1885 1293 1933 τούτου
1317 1885 1440 1949 λεγό-

31 1952 69 2010 ἠ
90 1967 92 1970 ’
119 1955 122 1958 ’
148 1975 275 2021 μενον
297 1956 422 2020 λόγον
448 1949 555 2003 εἶναι
583 1958 687 2019 παρ’
707 1956 905 2004 Ἰνδοῖσιν
921 1977 931 1986 ·
953 1956 1204 2022 Ἡρακλέα,
1240 1957 1438 2023 ὀψιγόνου

141 2033 188 2088 ,οἳ
210 2028 440 2092 γενομένης
456 2033 531 2086 τῆς
551 2028 721 2086 παιδὸς,
741 2029 834 2077 ἐπεί
853 2049 899 2078 τε
917 2029 970 2087 δὴ
989 2029 1112 2094 ἐγγὺς
1127 2031 1283 2091 ἔμαθεν
1297 2033 1441 2095 ἑωυτῷ

60 2152 85 2161 *V
150 2097 299 2144 ἐοῦσαν
321 2092 400 2152 τὴν
429 2093 646 2152 τελευτὴν,
672 2095 748 2142 οὒκ
773 2093 927 2159 ἔχοντα
946 2094 1053 2159 ὅτεῳ
1078 2095 1198 2160 ἀνδρὶ
1228 2097 1340 2161 ἐκδῷ
1363 2095 1439 2153 τὴν

78 2164 87 2226 ‚¹¹
107 2188 117 2204 f
147 2168 284 2215 παῖδα
304 2170 461 2214 ἑωυτοῦ
482 2165 666 2231 ἐπαξίῳ,
689 2166 816 2214 αὐτὸν
842 2170 1085 2232 μιγῆναιτῇ
1103 2167 1225 2214 παιδὶ
1244 2167 1442 2214 ἑπταέτεϊ

79 2261 90 2287 ⁴,
150 2239 293 2304 ἐούσῃ,
318 2241 375 2294 ὡς
398 2238 516 2304 γένος
536 2238 578 2294 ἐξ
598 2232 647 2287 οἷ
674 2235 721 2287 τε
741 2239 942 2299 κάκείνης
964 2239 1266 2288 ὑπολείπεσθαι
1290 2239 1438 2288 Ἰνδῶν

34 2413 39 2420 .
72 2419 75 2421 ,
202 2382 256 2433 (⁴¹)
274 2381 423 2422 Plinius
440 2383 489 2421 H.
507 2383 554 2421 N.
579 2383 633 2420 tx
648 2410 660 2430 ,
687 2387 734 2421 55
754 2398 763 2422 :
787 2381 975 2428 Quidam
993 2382 1198 2430 tradunt,
1220 2384 1331 2422 sicut
1350 2385 1439 2432 api·

45 2434 48 2439 ’
95 2455 102 2469 ··
148 2439 225 2480 bus
240 2469 253 2489 ,
277 2441 342 2479 ita
357 2439 617 2479 concharum
633 2440 902 2479 examinibus
922 2439 1119 2488 sinqulas
1144 2438 1440 2488 maqnuudine

47 2499 49 2501 ’
105 2517 123 2531 κ·
142 2499 192 2539 nt
207 2499 417 2539 vetustate
435 2499 685 2547 praecipuas
703 2508 788 2537 esse
814 2498 948 2537 veluti
966 2496 1115 2546 duces,
1142 2499 1267 2536 miroe
1292 2497 1351 2536 ad
1366 2508 1441 2536 ca-

44 2568 45 2571 *
75 2572 92 2607 ⁶!-
142 2554 333 2611 ‚vendum
348 2555 550 2602 solertim,
568 2554 647 2594 has
658 2557 935 2595 urinantium
949 2565 1057 2594 cura
1070 2557 1175 2604 peti.
1194 2554 1289 2594 Illis
1302 2557 1441 2604 captis

81 2629 84 2636 ·
100 2650 110 2663 ‚
141 2610 280 2664 facile
303 2614 463 2654 ceteras
493 2612 696 2658 palantes
722 2613 885 2653 retibus
905 2612 1069 2652 includi
1092 2625 1104 2650 .·
1124 2612 1262 2652 multo
1289 2612 1444 2652 deinde

40 2704 50 2716 ,,
92 2686 94 2690 ·
147 2670 313 2711 obrutis
331 2671 423 2710 sale
442 2673 487 2710 in
509 2673 623 2710 vasis
643 2670 877 2720 fictilibus,
900 2681 1022 2711 erosa
1045 2680 1176 2710 carne
1199 2673 1338 2719 omni,
1358 2681 1441 2711 nu-

38 2739 57 2771 ,-·
79 2765 83 2771 ,
105 2773 108 2778 Δ
149 2729 261 2769 cleos
279 2727 489 2781 quosdam
516 2739 766 2779 corporum,
787 2728 863 2768 hoc
883 2731 946 2769 est
962 2729 1160 2773 uniones,
1185 2727 1376 2768 decidere
1396 2730 1443 2768 in

48 2825 55 2836 ,
84 2799 86 2803 >
153 2787 256 2826 ima.

46 2930 57 2940 ‘
153 2932 278 2971 quum
297 2921 362 2962 hic
390 2923 554 2962 ornatus
569 2923 735 2973 pulcher
764 2923 799 2963 ei
830 2923 1045 2973 videretur,
1066 2923 1297 2973 margaritas
1323 2923 1441 2973 huJus

56 2990 68 3006 ²
151 2986 305 3037 generis
323 2997 372 3026 ex
390 2983 691 3028 universo‘mari
718 2989 759 3028 in
780 2988 931 3028 Indiam
949 2989 1149 3040 collegisse
1163 3019 1174 3038 ,
1197 2989 1343 3039 quibus
1363 2990 1441 3028 tilia

37 3066 48 3101 g
154 3050 238 3101 ejus
250 3053 471 3090 ornaretur.

42 3105 47 3113 ’
204 3114 471 3163 Megasthenes
490 3115 682 3155 concham
699 3115 818 3166 hujus
835 3115 1059 3166 margaritae
1075 3116 1224 3156 retibus
1243 3116 1328 3166 capi
1344 3115 1441 3155 scri-

71 3179 85 3226 ‘7
101 3174 113 3234 ’ἓ
153 3174 238 3226 bit;
255 3178 401 3217 versari
433 3180 568 3218 autem
595 3179 636 3218 in
652 3178 751 3218 mari
777 3178 917 3219 eodem
944 3179 1032 3219 loco
1058 3190 1198 3230 agmen
1226 3180 1440 3220 multarum

152 3242 420 3292 concharum,
435 3245 558 3284 veluti
575 3255 694 3294 apum
711 3254 895 3284 examen.
911 3245 1058 3294 Regem
1071 3244 1174 3283 enim
1193 3255 1308 3284 suum
1325 3245 1442 3284 etiam

150 3306 223 3345 aut
242 3306 418 3366 reginam
449 3308 680 3358 margaritas
703 3308 875 3356 habere,
896 3310 942 3347 ut
960 3319 1051 3358 apes
1069 3324 1079 3348 z
1101 3319 1149 3348 ac
1175 3310 1206 3348 si
1228 3310 1327 3349 sorte
1346 3321 1441 3348 con—

80 3365 115 3426 {⁴¹
154 3367 279 3420 tingat
298 3381 426 3420 regem
443 3371 557 3422 capi,
591 3372 789 3422 reliquum
812 3371 930 3410 etiam
950 3373 1256 3421 margaritarum
1276 3383 1444 3412 examen

43 3426 269 3492 sffsskfacile
290 3435 341 3474 ab
360 3435 497 3474 eodem
526 3434 807 3485 circumcingi:
841 3435 875 3474 si
903 3446 998 3474 vero
1022 3447 1088 3475 rex
1118 3436 1330 3486 piscatores
1349 3447 1443 3476 eva-

40 3494 122 3558 ῖς,
150 3495 251 3547 dat,
270 3507 320 3538 ne
334 3499 508 3549 reliquas
524 3498 684 3549 quidem
707 3498 878 3538 conchas
893 3499 979 3548 capi
997 3509 1125 3549 posse.
1145 3504 1286 3540 Earum
1304 3511 1444 3540 carnes

41 3558 113 3618 J]j
146 3559 286 3611 ludos,
307 3561 376 3601 ubi
392 3572 458 3602 eas
476 3563 666 3612 ceperint,
683 3564 907 3613 putrescere
922 3563 1076 3611 sinere;
1092 3573 1179 3602 osse
1194 3562 1243 3602 ad
1259 3566 1443 3603 ornatum

97 3617 112 3671 ⁵,
132 3677 138 3682 .
155 3623 226 3664 uti.
242 3626 336 3664 Esse
349 3627 483 3665 autem
499 3626 618 3666 etiam
635 3626 741 3676 apud
759 3627 879 3666 lndos
894 3626 1125 3675 margaritas
1148 3629 1207 3665 ter
1227 3628 1338 3666 tanto
1359 3628 1445 3666 auri

43 3694 67 3738 j
138 3685 297 3736 solidi,
312 3687 419 3738 quod
433 3687 559 3739 ipsum
581 3689 700 3729 etiam
721 3689 761 3728 in
790 3688 899 3729 ludia
921 3688 1124 3738 effoditur,
1140 3689 1314 3740 pondere
1339 3689 1444 3730 aesti-

45 3749 296 3804 ssy'num.

44 3800 53 3863 ,ἶ
209 3808 268 3855 Ad
281 3814 370 3856 baec
382 3816 423 3856 in
436 3817 496 3856 his
510 3817 732 3867 regionibus
745 3817 891 3868 quibus
904 3818 1084 3859 Herculis
1095 3817 1176 3858 tilia
1188 3818 1444 3868 imperitavit,

136 3877 322 3923 ¹feminas
351 3879 418 3919 ubi
445 3879 496 3920 ad
511 3881 721 3931 septimum
736 3881 876 3921 ,aetatis
904 3892 1054 3921 annum
1083 3881 1333 3932 pervenerint
1361 3881 1446 3920 viro

158 3943 335 3982 maturas
361 3943 540 3984 nubere:
570 3944 677 3984 viros
693 3956 744 3983 χι,
771 3955 974 3984 summum
993 3955 1119 3984 annos
1149 3946 1293 3984 vivere.
1317 3946 1447 3993 Atque

62 4001 74 4060 Ῐζ
98 4020 126 4067 ὲ,
155 4004 236 4049 hnc
249 4005 299 4046 de
317 4018 360 4048 re
378 4007 645 4057 hujuscemodi
664 4019 885 4049 sermonem
897 4009 1001 4060 apud
1015 4008 1293 4058 lndosjactari.
1312 4011 1444 4055 Quum

160 4068 323 4118 Herculi
338 4069 420 4120 jam
446 4070 530 4110 seni
548 4071 635 4111 haec
652 4071 733 4111 tilia
751 4073 845 4112 nata
858 4074 984 4118 esset,
1002 4083 1132 4123 neque
1158 4072 1293 4122 procul
1314 4071 1447 4111 abesse

163 4129 257 4172 vitm
292 4141 377 4172 suoe
410 4131 530 4172 tinem
558 4133 837 4184 suspicaretur,
871 4144 947 4175 nec
975 4133 1170 4179 inveniret
1203 4133 1335 4173 virum
1375 4134 1445 4174 tali

43 4182 109 4246 ss'ss-
130 4246 134 4251 .
161 4203 303 4245 sponsa
317 4194 504 4246 dignum,
523 4197 653 4248 ipsum
669 4208 760 4237 cum
779 4197 859 4238 tilia
878 4200 1028 4249 septem
1043 4209 1168 4238 annos
1185 4200 1276 4238 nata
1294 4198 1444 4246 coiisse,

45 4252 63 4278 ”¹
77 4248 125 4275 *ὦ
165 4258 210 4298 ut
226 4257 400 4298 sobolem
416 4259 465 4299 e‘x
482 4270 525 4299 se
541 4263 579 4300 et.
600 4261 665 4300 illa
683 4261 923 4311 relinqueret
943 4273 1050 4312 reges
1075 4262 1210 4302 Indiae.
1238 4262 1445 4302 Herculem

1277 277 1683 326 FRAGMENTA.

2687 301 2778 338 ⁴13³

1516 384 1735 447 βασιλέας.
1768 388 1958 443 ΙΙοιῆσαι
1981 380 2037 434 ὧν
2062 390 2192 446 αὐτὴν
2220 392 2437 453 Ἠρακλέα
2456 398 2615 459 ὡραίην
2629 399 2782 458 γάυιου·

1511 448 1599 494 καὶΑ
1618 450 1666 496 ἐκ
1703 451 1824 495 τοῦδε
1860 450 1973 497 ἅπαν
2009 452 2056 499 τὸ
2086 454 2199 514 γένος
2242 461 2361 503 τοῦτο
2399 457 2495 504 ὅτου
2521 464 2546 515 ἢ
2583 449 2780 520 Πανδαίη

1511 519 1688 584 ἐπῆρξε,
1734 520 1864 567 ταύτὸ
1896 527 2042 570 τοῦτον
2110 525 2206 587 έρας
2247 526 2357 589 ἔχειν
2399 530 2516 591 παρὰ
2555 530 2786 596 Ἡρακλέος

1514 584 1668 648 [Ἐμοὶ
1696 583 1739 631 δὲ
1758 585 1917 644 δοκέει,
1945 586 2062 652 εἴπερ
2085 609 2143 635 ων
2170 588 2223 635 τὰ
2247 592 2285 642 ἐς
2305 592 2470 639 τοσόνδε
2495 595 2631 642 ἄτοπα
2653 595 2785 661 Ἡρα·

1511 655 1639 711 κλέης
1660 647 1742 708 οἶός
1759 675 1804 702 τε
1826 649 1879 713 ἦν
1904 656 2222 722 ἐξεργάζεσθαι,
2245 663 2315 707 καὶ
2334 662 2456 709 αὑτὸν
2473 666 2684 727 ἀποφῆναι
2707 690 2787 729 μα-

1513 726 1809 792 κροὸιώτερον,
1836 731 1891 780 ὡς
1915 729 2051 792 ὡραίῃ
2079 734 2254 792 μιγῆναι
2274 737 2325 795 τῇ
2347 735 2483 781 παιδί.
2506 736 2630 783 Ἀλλὰ
2651 740 2731 802 γὰρ
2753 744 2786 787 εἶ

1512 810 1648 853 ταῦτα
1678 805 1783 870 ὑπὲρ
1800 810 1874 863 τ’ἧς
1890 807 2002 871 ὥρης
2026 811 2108 855 τῶν
2130 808 2261 870 ταύτῃ
2279 810 2441 857 παίδων
2459 814 2637 876 ἀτρεκέα
2662 818 2789 871 ἐστὶν,

1514 878 1555 930 ἐς
1570 877 1724 924 ταύτὸν
1749 877 1887 943 φέρειν
1914 877 2046 925 δοκέει
2064 878 2206 941 ἔμοιγε
2231 881 2270 933 ἐς
2289 879 2314 926 ὅ
2334 900 2373 926 τι
2396 900 2475 946 περ
2498 884 2569 929 καὶ
2584 885 2687 949 ὑπὲρ
2709 891 2791 935 τῶν

1515 950 1676 1011 ἀνδρῶν
1690 953 1764 1006 τῆς
1782 949 1949 1006 ἡλικίης
1965 949 2030 996 ὅτι
2044 951 2473 1013 τεσσαρακοντούτεες
2499 955 2782 1012 ἀποθνήσκου·

1518 1039 1583 1066 σιν
1604 1023 1641 1067 οἱ
1666 1020 1957 1085 πρεσὸύτατοι
1979 1022 2135 1070 αὐτῶν.
2159 1015 2238 1076 Οἷς
2254 1022 2336 1085 γὰρ
2358 1023 2406 1069 τό
2430 1043 2474 1070 τε
2494 1028 2626 1089 γῆρας
2639 1032 2793 1092 τοσῷδε

1515 1092 1748 1157 ταχύτερον
1787 1093 2016 1157 ἐπέρχεται
2035 1094 2108 1141 καὶ
2130 1096 2152 1140 ὁ
2187 1094 2365 1148 θάνατος
2403 1098 2508 1156 ὁμοῦ
2546 1100 2606 1161 τῷ
2641 1099 2793 1163 γήραϊ,

1515 1164 1686 1218 πάντως
1710 1184 1792 1212 που
1823 1166 1895 1212 καὶ
1921 1169 1948 1222 ἡ
1981 1165 2099 1227 ἀκμὴ
2123 1167 2228 1230 πρὸς
2253 1167 2375 1228 λόγον
2401 1172 2474 1214 τοῦ
2505 1167 2642 1223 τέλεος
2664 1190 2795 1235 ταχυ·

1517 1235 1617 1301 τέρη
1647 1236 1860 1283 ἐπανθέει·
1899 1235 2008 1283 ὥστε
2045 1237 2384 1300 τριακοντούτεες
2409 1238 2485 1299 μὲν
2518 1240 2797 1303 ὠμογέροντες

1518 1307 1567 1354 ἄν
1590 1327 1672 1355 που
1696 1300 1777 1354 εἶεν
1802 1311 1989 1355 αὐτοῖσιν
2005 1312 2043 1355 οἱ
2063 1308 2208 1373 ἄνδρες
2222 1347 2235 1371 ‚
2258 1309 2392 1357 εἴκοσι
2412 1309 2455 1357 δὲ
2475 1310 2571 1358 ἔτεα
2587 1315 2798 1374 γεγονότες

1516 1381 1555 1426 οἳ
1590 1379 1670 1434 ἔξω
1691 1379 1803 1437 ἤὸης
1825 1380 2061 1436 νεηνίσκοι·
2100 1385 2126 1438 ἡ
2158 1381 2202 1428 δὲ
2234 1381 2446 1445 ἀκροτάτη
2490 1382 2574 1440 ἥδη
2608 1385 2716 1448 ἀμφὶ
2742 1385 2797 1432 ’τὰ

1517 1453 1824 1500 πεντεκαίδεκα
1858 1453 1978 1501 ἔτεα·
2004 1454 2078 1501 καὶ
2108 1458 2207 1518 τῇσι
2229 1454 2416 1519 γυναιξὶν
2451 1455 2539 1518 ὤρη
2566 1462 2641 1504 τοῦ
2661 1459 2799 1519 γάμου

1517 1523 1628 1572 κατὰ
1644 1525 1769 1589 λόγον
1793 1524 1843 1573 ἂν
1867 1525 1977 1573 οὕτω
1997 1529 2038 1580 ἐς
2061 1527 2115 1573 τὰ
2141 1526 2250 1574 ἑπτὰ
2289 1527 2386 1574 ἔτεα
2414 1529 2686 1592 συμὸαίνοι.]
2714 1533 2798 1578 Καὶ

1516 1594 1599 1661 γὰρ
1625 1595 1720 1650 τοὺς
1754 1597 1943 1661 καρποὺς
1977 1599 2020 1646 ἐν
2046 1596 2179 1661 ταύτῃ
2213 1598 2269 1661 τῇ
2298 1598 2418 1662 χώρῃ
2457 1600 2732 1648 πεπαίνεσθαί
2756 1621 2797 1647 τε

1517 1667 1749 1732 ταχύτερον
1769 1667 1845 1731 μὲν
1868 1673 1941 1723 τῆς
1961 1668 2119 1729 ἄλλης,
2157 1670 2281 1723 αὐτὸς
2302 1665 2420 1724 οὗτος
2447 1673 2489 1718 Μ
2508 1690 2526 1718 ε
2540 1691 2601 1734 γα
2616 1691 2640 1719 σ
2654 1678 2674 1719 θ
2688 1673 2770 1730 ένη
2783 1695 2799 1725 ς

1518 1738 1744 1805 ἀνέγραψε,
1764 1740 1836 1787 καὶ
1860 1739 2016 1806 φθίνειν
2036 1740 2282 1805 ταχύτερον.

1584 1810 1689 1858 Ἀπὸ
1711 1811 1786 1872 μὲν
1813 1810 1863 1869 δὴ
1902 1812 2107 1860 Διονύσου
2147 1814 2348 1875 βασιλέας
2371 1813 2571 1877 ἠρίθμεον
2609 1814 2729 1862 Ἰνδοὶ
2759 1818 2797 1866 ἐς

1519 1883 1841 1947 Σανδράκοττον
1881 1891 1991 1949 τρεῖς
2015 1887 2087 1932 καὶ
2110 1885 2373 1943 πεντήκοντα
2405 1887 2476 1932 καὶ
2502 1887 2670 1934 ἑκατόν
2704 1886 2799 1934 ἔτεα

1519 1955 1564 2002 δὲ
1590 1955 1664 2003 δύο
1697 1956 1770 2003 καὶ
1793 1957 2113 2019 τεσσαράκοντα
2138 1957 2211 2004 καὶ
2237 1957 2525 2021 ἑξακισχίλια·
2562 1960 2604 2005 ἐν
2632 1959 2675 2005 δὲ
2698 1960 2798 2006 τού-

1516 2047 1626 2075 τοισι
1642 2027 1731 2091 τρὶς
1749 2028 1797 2075 τὸ
1820 2035 1905 2074 πᾶν
1923 2030 1980 2081 εἷς
2006 2028 2244 2093 ἐλευθερίην
2267 2030 2318 2053 ’“
2342 2029 2418 2086 τὴν
2444 2029 2488 2076 δὲ
2512 2029 2585 2076 καὶ
2607 2032 2646 2082 ἐς
2676 2048 2798 2091 τριη-

1516 2099 1661 2146 κόσια·
1686 2100 1763 2155 τὴν
1781 2100 1824 2147 δὲ
1843 2098 1976 2147 εἴκοσί
2001 2119 2045 2146 τε
2069 2100 2194 2147 ἐτέων
2224 2101 2296 2148 καὶ
2317 2101 2467 2148 ἑκατόν
2490 2102 2544 2163 (⁴¹)
2563 2120 2573 2130 ·
2610 2101 2794 2166 πρεσὸύ-

1570 2213 1621 2261 (*)
1646 2212 1791 2251 Plinius
1818 2213 1893 2260 vt,
1916 2216 1979 2259 2t,
2008 2214 2030 2250 4
2056 2227 2064 2249 τ
2101 2211 2194 2250 Indi
2214 2214 2325 2251 enim
2351 2223 2481 2262 prope
2505 2215 2696 2262 qentium
2719 2213 2797 2252 soli

1517 2279 1740 2320 nunquam
1755 2271 1995 2318 miyravere
2007 2269 2171 2317 finibus
2188 2271 2290 2308 suis.
2316 2270 2588 2318 Colliquneur
2606 2279 2634 2306 a
2653 2269 2796 2308 Libero

1514 2331 1637 2378 patre
1646 2327 1705 2367 ad
1714 2327 2004 2367 Alexandrum
2015 2337 2213 2376 maynum
2224 2338 2338 2375 reyes
2348 2337 2493 2366 eorum
2508 2329 2595 2367 CLI
2607 2330 2634 2367 V
2646 2330 2799 2374 (CLIII

1514 2385 1625 2431 alii)
1658 2387 1783 2424 annis
1815 2386 1879 2425 VI.
1909 2387 1958 2425 Μ
1988 2387 2195 2425 CCCCLI.
2222 2385 2430 2434 adficiunt
2456 2387 2497 2423 ee
2520 2395 2679 2424 menses
2694 2388 2792 2423 tres.

1567 2441 1690 2482 Solin.
1709 2447 1772 2491 52,
1791 2448 1812 2481 5
1832 2458 1842 2481 ε
1864 2442 2033 2482 Indiam
2052 2442 2168 2482 Liber
2178 2444 2303 2492 paler
2312 2445 2478 2491 primus
2495 2444 2705 2491 inqressus
2719 2444 2796 2488 est,

1516 2501 1661 2549 utpote
1677 2502 1753 2550 qui
1781 2499 1898 2539 Indis
1911 2499 2098 2539 subactis
2115 2502 2302 2538 omnium
2313 2502 2478 2549 primus
2498 2498 2795 2549 triumphavit.

1518 2557 1577 2598 Ab
1597 2557 1671 2596 hoc
1691 2557 1750 2596 ad
1765 2557 2062 2597 Alexandr-um
2092 2560 2146 2597 M.
2165 2559 2453 2596 numerantur
2481 2567 2693 2596 annorum
2722 2566 2798 2594 sex

1518 2614 1657 2653 millia
1681 2613 1981 2664 quadrinqenti
1999 2616 2316 2665 quinquaqinta
2333 2624 2460 2663 unus,
2478 2610 2639 2653 additis
2654 2616 2694 2653 ec
2710 2624 2798 2652 am-

1518 2671 1634 2720 plius
1656 2671 1791 2710 tribus
1807 2671 2042 2719 mensibus,
2062 2671 2213 2711 habita
2236 2683 2312 2722 per
2328 2682 2440 2722 reyes
2467 2673 2799 2720 computatione,

1520 2729 1594 2778 qui
1621 2730 1787 2767 centum
1807 2731 2121 2780 quinquaqinta
2143 2731 2226 2769 tres
2249 2732 2430 2769 tenuisse
2454 2728 2637 2769 medium
2657 2738 2795 2768 αὐαικ

1521 2786 1910 2836 deprehenduntur.

1516 2924 1650 2974 itaque
1665 2923 1774 2963 illam
1800 2924 1975 2963 nubilem
2003 2925 2149 2964 secisse.
2168 2926 2298 2974 Atque
2316 2923 2456 2963 exinde
2474 2925 2691 2963 universam
2711 2934 2797 2961 eam

1516 2990 1671 3037 gentem
1690 2988 1753 3026 cui
1772 2989 1936 3027 Pandoea
1948 2988 2155 3038 imperavit
2174 2987 2214 3027 id
2231 2988 2358 3038 ipsum
2379 2987 2551 3027 beneficii
2568 2987 2618 3026 ab
2634 2987 2800 3026 Hercule

1518 3053 1726 3102 accepisse.
1746 3055 1830 3092 Mea
1845 3063 1939 3096 vero
1958 3053 2149 3092 sententia
2172 3054 2230 3091 est
2252 3064 2261 3089 ε
2285 3053 2315 3091 si
2333 3052 2520 3091 Hercules
2538 3062 2607 3101 par
2637 3054 2718 3090 erat
2743 3051 2797 3088 rei

1518 3116 1615 3155 adeo
1637 3116 1818 3156 absurdae
1848 3115 2141 3166 perpetrandae,
2160 3115 2416 3155 diuturnioris
2444 3115 2562 3154 etiam
2595 3126 2636 3154 se
2672 3114 2796 3164 ipsum

1519 3180 1611 3220 vita»,
1628 3182 1752 3220 facere
1768 3182 1978 3231 potuisset,
1998 3184 2042 3219 ut
2058 3191 2148 3219 cum
2165 3180 2244 3219 filia
2264 3183 2419 3218 matura
2439 3190 2520 3218 rem
2547 3178 2689 3218 habere
2709 3189 2796 3227 pus·

1519 3247 1590 3284 set.
1644 3246 1794 3292 Quodsi
1829 3248 1960 3285 tamen
1979 3246 2062 3284 haec
2088 3245 2137 3284 de
2153 3244 2373 3295 puellarum
2396 3244 2506 3283 istius
2538 3243 2608 3282 loci
2635 3243 2795 3281 maturi·

1519 3310 1601 3348 tate
1623 3320 1713 3348 vera
1735 3311 1849 3358 sunt,
1868 3308 2005 3355 eodem
2037 3308 2132 3347 mihi
2162 3299 2337 3358 spectare
2359 3307 2555 3354 videntur,
2580 3318 2660 3356 quo
2680 3299 2795 3345 etiam

1519 3376 1669 3424 spectat
1688 3374 1786 3413 illud
1803 3374 1852 3413 (le
1869 3374 2045 3412 virorum
2067 3376 2204 3422 aetate,
2234 3372 2339 3423 quod
2356 3373 2423 3422 qui
2439 3383 2558 3422 quam
2579 3371 2797 3420 longissime

1520 3437 1655 3475 vivant
1670 3437 2012 3487 quadragesimum
2033 3447 2181 3475 annum
2199 3447 2278 3474 non
2295 3435 2502 3474 excedant.
2522 3434 2675 3481 Quibus
2693 3434 2795 3473 enim

1519 3502 1701 3539 senectus
1717 3502 1830 3539 tanto
1850 3500 2016 3539 celerius
2032 3499 2190 3538 advenit
2207 3500 2327 3549 atque
2345 3498 2461 3538 simul
2486 3508 2575 3536 cum
2599 3499 2797 3536 senectute

1521 3574 1651 3613 mors,
1679 3565 1725 3603 iis
1755 3563 1916 3603 omnino
1941 3566 1981 3603 et
2011 3564 2121 3613 vigor
2157 3564 2312 3613 aetatis,
2347 3563 2595 3613 proportione
2627 3560 2795 3611 quadam

1520 3626 1571 3666 ad
1587 3628 1704 3667 tinem
1720 3627 1812 3678 vjtae
1833 3627 1987 3677 habita,
2009 3628 2125 3666 citius
2137 3627 2298 3666 accedat
2317 3637 2472 3666 necesse
2487 3628 2545 3664 cst
2560 3655 2571 3674 ,
2588 3625 2641 3663 ita
2660 3626 2701 3662 ut
2722 3624 2792 3662 viri

1520 3690 1679 3740 triginta
1704 3701 1826 3730 annos
1842 3691 1922 3730 nati
1935 3691 2017 3741 jam
2034 3690 2080 3730 ad
2098 3692 2264 3741 primam
2289 3691 2393 3730 illam
2415 3689 2578 3728 viridem
2600 3690 2793 3726 senectam

1521 3755 1745 3805 pervenisse
1763 3754 1918 3794 dicendi
1940 3754 2019 3794 sint
2045 3770 2054 3794 :
2084 3758 2123 3794 et
2145 3754 2211 3804 qui
2232 3765 2284 3793 xx
2301 3784 2313 3802 ,
2339 3754 2500 3802 iuvenes
2517 3750 2672 3802 quiden·
2694 3750 2767 3788 sint
2782 3780 2793 3798 ,

1521 3817 1590 3857 sed
1618 3818 1685 3868 qui
1713 3818 1931 3868 pubertatis
1955 3819 2114 3858 aetatem
2137 3817 2372 3857 excesserint
2406 3831 2415 3854 ε
2448 3814 2514 3864 qui
2544 3813 2697 3852 circiter
2723 3824 2793 3858 xv,

1521 3881 1686 3920 summis
1707 3882 1925 3931 pubertatis
1951 3881 2102 3920 viribus
2117 3880 2301 3928 ssoreant3
2323 3882 2361 3918 et
2391 3877 2542 3917 seminis
2563 3875 2698 3915 eadem
2732 3887 2792 3914 ra-

1522 3944 1628 3984 tione
1655 3945 1859 3984 maturitas
1869 3944 1918 3984 ad
1938 3945 2095 3995 nuptias
2112 3943 2276 3993 septimo
2295 3951 2397 3980 anno
2413 3939 2605 3988 contingat
2624 3950 2634 3976 ε
2653 3938 2795 3987 quippe

1521 4010 1562 4048 et
1578 4008 1784 4057 sructusbin
1800 4018 1846 4047 ea
1858 4009 2012 4058 regione
2025 4005 2139 4046 citius
2150 4016 2269 4056 quam
2287 4005 2324 4043 in
2339 4004 2412 4042 alia
2426 4003 2503 4041 ulla
2519 4003 2791 4049 maturescere,

1521 4070 1714 4121 citiusque
1730 4070 1889 4111 interire
1907 4070 2011 4110 idem
2028 4069 2291 4119 Megasthenes
2305 4066 2451 4105 scribit.

1573 4137 1605 4174 A
1628 4133 1782 4174 Baccho
1797 4133 1955 4184 quidem
1983 4133 2032 4172 ad
2050 4131 2348 4172 Sandracottum
2375 4126 2458 4166 indi
2486 4136 2592 4175 reges
2613 4136 2790 4165 numera-

1522 4198 1617 4238 bant
1647 4209 1762 4247 cun,
1790 4208 1913 4237 annos
1935 4208 2029 4236 vero
2045 4208 2084 4235 w
2103 4207 2130 4234 ιι
2150 4205 2240 4233 xui.
2260 4195 2302 4232 ln
2329 4192 2388 4230 liis
2404 4201 2496 4228 vero
2513 4193 2570 4229 ter
2597 4199 2791 4229 summam

1524 4272 1654 4300 rerum
1677 4262 1714 4300 in
1733 4261 1950 4301 libertatem
1971 4260 2009 4279 *³*
2022 4258 2160 4297 deinde
2175 4257 2271 4295 adeo
2289 4267 2356 4304 por
2372 4266 2492 4292 annos
2520 4263 2588 4291 ccc
2603 4282 2612 4295 ,
2627 4252 2792 4302 deniqne

2604 4326 2659 4357 27.
