3008 4542
146 236 163 278 ἵ
198 257 291 300 ⁵9ss

259 397 397 452 Magi
414 389 640 438 mensibus
663 399 834 455 septem
857 395 868 457 (
886 394 1055 458 1495).

264 467 436 513 Darius
454 471 590 511 anniS
605 469 842 513 XXXVI
859 469 875 524 (
892 470 1070 530 ι496-Ι
1083 467 1140 513 53
1153 469 1216 530 1.)

258 541 440 583 Xerxes
463 541 594 584 Darii
615 545 753 585 annis
774 540 1280 602 XXI(1532-1552).

256 614 542 656 Artaxerxes
565 617 703 657 annis
726 615 819 658 XL
841 612 1191 675 (1553-1592).
1259 657 1262 660 ,

256 686 442 729 Xerxes
459 687 581 729 alter
605 687 835 731 mensibus
848 690 923 733 II.

1375 867 1629 905 ΜΑΝΕΤΗΟ
1656 868 1771 906 AFR.

276 1043 309 1076 1.
339 1037 566 1088 cambyses.
989 1042 1010 1078 7
1070 1044 1092 1078 5
1219 1038 1451 1089 Cambyses.

271 1119 307 1153 2.
338 1113 524 1155 smerdis.
992 1131 1012 1150 υ
1068 1116 1090 1157 7

272 1197 309 1231 3.
340 1191 484 1231 Darius
512 1193 544 1230 Ι.
962 1196 1011 1233 36
1068 1210 1087 1228 »
1219 1190 1363 1232 Darius
1391 1189 1423 1232 1.

270 1270 309 1308 4.
340 1270 493 1308 Xerxes
520 1271 553 1308 Ι.
646 1305 648 1308 ,
962 1275 1011 1309 20
1068 1287 1087 1305 ι»
1217 1271 1388 1309 Xerxes.

270 1350 308 1384 5.
338 1344 576 1387 Artabanus.
991 1363 1010 1382 υ
1067 1351 1088 1387 7
1219 1346 1457 1388 Artabanus.

204 1415 210 1470 Ι
268 1427 306 1462 6.
335 1425 576 1463 Artaxerxes
603 1426 634 1464 1.
963 1427 1013 1465 40
1055 1440 1088 1467 ,»
1220 1425 1464 1464 Artaxerxes
1496 1425 1525 1462 1.

268 1502 306 1539 7.
336 1502 488 1539 Xerxes
516 1502 568 1540 ΙΙ.
986 1517 1005 1535 »
1066 1506 1088 1541 2
1217 1482 1370 1542 Xerxes
1397 1503 1448 1541 II.

268 1580 306 1616 8.
337 1576 556 1627 Sogdianus
987 1594 1006 1612 »
1065 1581 1086 1618 7
1220 1578 1453 1629 sogdianus.

268 1657 306 1693 9.
333 1654 478 1694 Darius
503 1657 554 1695 11.
965 1658 1010 1694 29
1066 1670 1086 1690 »
1219 1655 1378 1696 Darius.

249 1847 406 1890 Primo
433 1847 538 1891 loco
563 1848 697 1906 posui
721 1862 867 1891 annos
884 1862 1047 1907 regum
1073 1849 1313 1892 Persarum
1329 1881 1341 1903 ,
1365 1861 1484 1906 quos

182 1918 374 1963 historia
396 1919 661 1979 suppeditat
695 1935 783 1967 sec,
808 1921 1012 1965 Clinton.
1051 1921 1104 1966 F.
1143 1921 1203 1966 H.
1245 1928 1359 1966 tom.
1403 1921 1478 1974 II,

182 2006 232 2050 p.
273 1991 365 2048 378
391 1991 465 2037 ed.
494 1999 598 2036 tert.
634 1992 749 2036 Cum
787 1993 858 2036 his
882 1993 919 2036 si
956 1994 1296 2052 comparaveris
1329 1993 1484 2038 Cano-

181 2079 287 2108 nem
303 2065 666 2108 astronomicum
678 2099 689 2121 ,
702 2072 827 2124 patet
839 2065 889 2108 in
905 2080 958 2109 eo
974 2066 1161 2109 nonnisi
1177 2066 1381 2126 integros
1393 2080 1482 2109 an-

181 2151 267 2180 nos
297 2138 553 2193 numerari,
594 2138 657 2180 ita
679 2144 832 2182 tamen
852 2145 907 2180 ut
941 2137 1396 2196 comprehendantur
1426 2138 1483 2181 iis

180 2225 351 2256 menses
375 2210 577 2256 Smerdis
593 2244 605 2265 ‚
628 2210 880 2267 Artabani,
908 2211 1074 2255 Xerxis
1095 2212 1143 2254 ΙΙ
1177 2219 1220 2255 et
1240 2211 1479 2271 Sogdiani.

181 2282 355 2328 Contra
388 2283 606 2327 Manetho
652 2282 835 2327 eosdem
877 2298 1094 2327 numeros
1144 2292 1282 2342 atque
1320 2283 1482 2328 Canon

180 2356 518 2401 astronomicus
549 2355 726 2415 praebet
739 2389 752 2411 ,
781 2364 824 2400 et
846 2356 1150 2400 nihilominus
1170 2365 1367 2401 recenset
1385 2359 1481 2401 Ar-

182 2429 361 2486 tabani,
406 2430 574 2474 Xerxis
630 2437 673 2473 et
713 2429 938 2490 Sogdiani
970 2445 1142 2474 menses
1178 2428 1390 2479 sedecim.
1414 2455 1481 2463 —-

182 2502 332 2547 Porro
373 2502 615 2562 Cambyses
655 2502 909 2547 secundum
965 2502 1237 2547 Africanum
1270 2503 1481 2563 regnavit

180 2575 311 2619 annis
330 2574 484 2620 decem
498 2608 511 2629 ‚
545 2576 610 2619 ita
631 2582 686 2619 ut
702 2576 894 2634 quintus
914 2576 972 2619 sit
993 2577 1172 2635 primus
1191 2574 1480 2619 dominatio-

179 2648 250 2692 nis
266 2646 559 2709 AEgyptiacae.
584 2650 688 2694 Hoc
711 2648 876 2693 falsum
892 2658 968 2695 est.
991 2650 1108 2694 Nam
1127 2649 1335 2710 regnavit
1353 2663 1479 2692 non-

180 2722 268 2766 nisi
294 2719 319 2765 5
338 2723 468 2766 annis
491 2730 533 2767 et
559 2738 583 2779 7
617 2722 873 2780 mensibus3
894 2732 937 2767 et
960 2724 1184 2782 quoniam
1207 2722 1481 2783 AEgyptiaca

181 2792 276 2851 ejus
319 2794 577 2839 dominatio
608 2795 666 2838 ab
690 2795 821 2855 regni
854 2810 978 2839 anno
1014 2796 1182 2854 quinto
1218 2796 1482 2854 computari

180 2867 317 2923 solet,
339 2868 378 2911 ei
393 2866 630 2911 tribuendi
649 2875 769 2924 sunt,
785 2883 884 2911 non
899 2883 974 2912 sex
984 2903 995 2924 ‚
1013 2867 1091 2912 sed
1107 2875 1331 2927 quattuor
1354 2882 1483 2912 sum-

180 2954 310 2983 mum
344 2955 513 2996 annos,
550 2940 622 2984 vel
644 2948 733 2984 tres
770 2948 813 2985 et
850 2940 1046 2985 dimidia
1067 2955 1176 3000 pars
1221 2938 1295 3001 (⁴²).
1332 2941 1482 3000 Igitur

181 3010 413 3057 aberravit
444 3013 660 3057 Manetho
682 3013 813 3057 annis
847 3012 937 3057 scre
959 3012 1172 3068 duobus,
1204 3013 1374 3072 quibus
1397 3011 1482 3056 ad—

181 3083 322 3128 dendi
346 3100 516 3130 menses
561 3086 635 3128 isti
666 3085 882 3132 sedecim.
927 3085 1138 3143 Denique
1177 3083 1481 3144 computandi

183 3165 358 3202 restant
399 3173 573 3203 menses
606 3173 682 3203 sex
719 3158 941 3218 postremi
965 3158 1084 3218 regis
1107 3156 1328 3217 dynastiae
1354 3165 1481 3200 ante-

179 3229 393 3276 cedentis.

247 3304 458 3349 Ceterum
482 3313 650 3364 praeter
673 3305 997 3350 Manethonem
1020 3303 1227 3351 Africani
1246 3304 1381 3349 etiam
1393 3304 1483 3348 Ve-

181 3384 254 3421 tus
274 3377 543 3422 chronicon
567 3377 784 3436 dynastiae
804 3378 987 3423 XXVII
1011 3377 1178 3422 tribuit
1193 3392 1340 3421 annos
1369 3380 1477 3428 124.

181 3450 416 3507 Eusebius,
441 3451 523 3510 qui
542 3451 589 3494 in
607 3451 821 3510 apposito
842 3452 1063 3496 laterculo
1078 3450 1264 3495 nonnisi
1291 3464 1380 3493 120
1398 3464 1482 3493 an-

182 3536 268 3566 nos
286 3522 385 3583 (sed
410 3524 460 3567 in
481 3522 667 3568 Canone
686 3538 794 3567 ann.
829 3539 847 3566 1
863 3522 946 3584 12)
973 3530 1210 3579 numerat,
1241 3521 1300 3566 ad
1326 3536 1481 3565 veram

181 3594 420 3640 historiam
443 3594 640 3653 accedit;
676 3605 719 3640 et
737 3595 1041 3655 probabiliter
1067 3603 1258 3641 auctore
1286 3609 1395 3638 usus
1418 3602 1482 3638 est

184 3669 265 3727 qui
288 3669 650 3713 Manethoniana
690 3669 1031 3724 immutaverat3
1056 3683 1163 3711 nam
1193 3676 1245 3711 ut
1268 3676 1483 3726 putemus

184 3740 455 3786 Africanum
495 3742 546 3786 h.
586 3742 620 3786 l.
644 3757 744 3787 non
771 3742 972 3786 retulisse
1006 3741 1174 3796 relata,
1207 3739 1284 3784 sed
1313 3755 1479 3785 corru-

183 3813 323 3871 pisse,
350 3829 484 3858 causa
513 3813 679 3860 idonea
702 3815 955 3875 excogitari
970 3815 1047 3858 vix
1074 3823 1241 3873 potest.
1270 3816 1325 3859 V.
1353 3815 1479 3859 Boec-

182 3884 347 3930 khium
374 3902 423 3946 p.
456 3886 547 3932 352
573 3903 643 3948 sq.
665 3890 813 3934 Error
836 3889 979 3949 igitur
1003 3889 1143 3947 ipsius
1163 3887 1298 3932 fuerit
1316 3889 1478 3933 Mane-

183 3957 349 4003 thonis.

234 4112 284 4163 <”)
302 4114 452 4159 Quodsi
471 4114 512 4155 in
531 4117 791 4156 monumento
812 4116 995 4167 AEgyptio
1025 4126 1151 4156 annus
1167 4116 1277 4156 vltus
1306 4117 1477 4168 Camby-

181 4169 432 4278 Ξῖῗδῐὲεέαὲιέιό,
449 4171 725 4224 intelligendus
733 4174 793 4214 est
807 4175 943 4214 sextus
959 4174 1066 4223 regni
1084 4173 1240 4214 PersicI.
1252 4177 1301 4214 V.
1316 4176 1476 4216 Boeckh.

1095 248 1515 300 MANETHONIS
1553 249 1952 299 SEBENNYTAE

1629 396 1890 454 Sogdianus
1904 398 2127 441 mensibus
2142 400 2262 442 VII.
2953 415 2971 455 35.

1627 468 1803 512 Darius
1837 470 2014 513 Xemcis
2046 474 2185 514 annis
2219 468 2360 515 XIX
2382 469 2460 530 (in
2495 486 2669 517 canone
2701 471 2859 520 XVIII

1563 541 1673 583 anni
1690 537 2017 603 numerantur)
2044 539 2397 605 (1593-1604).
2941 550 2943 553 ’
2968 535 2970 537 ’

1625 612 1818 657 Summa
1836 628 2057 658 annorum
2087 616 2251 670 CXX,
2274 619 2583 675 merulamque
2600 618 2692 663 IV.

2004 812 2845 978 -4

2067 1041 2297 1092 cambyses.

1815 1042 1938 1079 10»

2066 1192 2210 1233 Darius
2238 1196 2270 1234 1.

2067 1272 2233 1310 Xerxes.

1810 1197 1936 1232 36»

1813 1274 1855 1308 21
1918 1285 1939 1305 ι»

1813 1426 1858 1464 41
1918 1438 1938 1458 »
2069 1425 2323 1464 Artaxerxes.

2069 1657 2214 1695 Darius
2242 1657 2295 1696 11.

1623 1846 1824 1890 Nomina
1875 1846 2095 1906 AEgyptia
2129 1860 2291 1906 regum
2330 1846 2572 1890 Persarum
2603 1846 2669 1890 ita
2697 1845 2859 1890 scribit

1559 1921 1757 1964 Bunsen.
1789 1933 1839 1977 p.
1870 1924 1993 1979 149:

1625 1990 1892 2049 Cambyses,
1951 2005 2172 2034 umnam
2230 1988 2338 2051 (an.
2393 1991 2534 2034 V1¹¹¹¹¹³
2580 2005 2646 2034 sc.

1556 2061 1766 2124 Persici).

1621 2142 1790 2186 Darius
1802 2142 1826 2185 I
1840 2175 1854 2202 ‚
1879 2154 2144 2187 N‘rtmmscn
2163 2138 2261 2201 (an.
2279 2140 2486 2186 XXXVI
2500 2138 2540 2199 ).’

1621 2216 1795 2260 Xerxes
1810 2216 1832 2258 I
1844 2248 1856 2270 ‚
1876 2227 2287 2258 cunsan-Anscna
2325 2211 2420 2274 (an.
2440 2214 2613 2257 XII¹¹²¹²⁸
2621 2210 2653 2275 ).

1624 2290 1892 2332 Artaxerxes
1913 2288 1935 2331 Ι
1951 2320 1964 2342 ,
1997 2299 2457 2331 Aur-cunscn-snscn
2484 2284 2586 2347 (an.
2626 2286 2852 2348 XVImm.)

1624 2361 1792 2406 Darius
1814 2361 1885 2418 ΙΙ,
1900 2373 2166 2404 NTERIUSCH
2194 2358 2591 2420 (Meri-amn-ra).

2727 1988 2857 2050 regni

1744 2509 2028 2556 VICESIMA
2062 2508 2309 2556 OCTAVA
2342 2509 2668 2555 DYNASTIA.

2171 2648 2246 2689 70.

1942 2733 2062 2810 sEc.
2097 2763 2476 2809 AFRICANUM.

1623 2882 1818 2941 Syncell.
1865 2897 1912 2941 p.
1955 2881 2015 2938 76
2031 2915 2044 2937 ,
2074 2884 2116 2927 A
2158 2895 2169 2927 ε
2211 2876 2405 2935 Εἷκοστὴ
2439 2875 2568 2940 ὀγδόη
2607 2879 2853 2928 δυναστεία.

1557 2952 1603 3000 Ἀ
1618 2951 1683 3014 μύ
1697 2970 1844 3016 ρτεος
1869 2951 2132 3017 (Ἀμύρτεως
2147 2950 2232 3014 G.)
2251 2946 2417 3009 Σαΐτης
2435 2949 2510 3008 ἔτη
2531 2949 2589 3003 ς’.

1968 3091 2093 3137 SEC.
2129 3090 2458 3136 EUSEBIUM.

1623 3209 1752 3254 Idem
1770 3225 1819 3269 p.
1842 3223 1900 3266 77
1915 3245 1926 3265 ‚
1946 3210 1988 3252 A
2009 3220 2021 3253 ε
2045 3201 2238 3259 Εἷκοστῆ
2256 3201 2384 3265 ὀγδόη
2404 3200 2649 3252 δυναστεία.
2674 3198 2716 3250 Ἀ
2729 3220 2854 3269 μυρ-

1529 3263 1533 3267 ⁴
1558 3281 1715 3333 ταῖος
1739 3277 2026 3343 (Ἀμυρτάνος
2047 3277 2124 3338 G.)
2152 3274 2318 3330 Σαΐτης
2337 3272 2412 3332 ἔτη
2439 3273 2501 3327 ς’.

1623 3355 1790 3399 Euseb.
1819 3354 1997 3400 Chron.
2018 3367 2067 3412 p.
2101 3348 2190 3395 105
2217 3364 2228 3396 :
2260 3350 2306 3391 V
2302 3353 2499 3407 igesima
2523 3341 2684 3393 octava
2701 3349 2854 3408 dyna-

1555 3431 1659 3474 stia.
1681 3428 1895 3487 Amyrtes
1914 3426 2066 3470 Saites
2083 3427 2222 3467 annis
2243 3424 2314 3467 VI
2330 3420 2344 3484 (
2358 3423 2422 3466 sic
2445 3436 2634 3484 margo3
2655 3429 2808 3466 textus
2838 3436 2850 3466 ε

1557 3502 1783 3546 mensibus
1801 3496 1917 3559 VI).

1624 3577 1804 3619 Nomen
1834 3571 2108 3633 AEgyptium
2147 3567 2285 3626 hujus
2304 3568 2421 3629 regis
2447 3566 2700 3612 Bunsenius
2722 3565 2803 3612 dat
2839 3582 2850 3611 :

1558 3659 1970 3692 unm-'rnr-NACET
2007 3641 2343 3687 ker-em-hebi.
2398 3642 2655 3698 Amyrtaeus
2697 3645 2855 3683 noster

1555 3719 1865 3779 probabiliter
1896 3731 2041 3775 nepos
2075 3723 2139 3759 est
2161 3713 2412 3772 Amyrtaei‚
2453 3710 2534 3771 qui
2563 3718 2728 3755 contra
2762 3712 2856 3755 Ar-

1557 3800 1789 3836 taxerxem
1823 3790 1847 3833 I
1869 3787 2127 3841 rebellavit,
2164 3794 2301 3844 atque
2333 3796 2532 3844 regnum
2556 3781 2709 3827 adhuc
2730 3782 2847 3826 obti-

1555 3863 1693 3907 nebat
1716 3862 1902 3921 Olymp.
1930 3861 2019 3915 82,
2048 3863 2075 3910 4
2101 3856 2223 3918 (449
2251 3871 2292 3902 a.
2315 3854 2391 3916 C),
2430 3868 2526 3914 quo
2544 3868 2667 3899 anno
2686 3854 2736 3898 in
2770 3854 2853 3914 Cy-

1554 3949 1695 3994 prum
1717 3932 1956 3993 profectus
1986 3939 2050 3975 est
2068 3930 2235 3974 Cimon
2259 3927 2428 3988 (Thuc.
2464 3926 2515 3983 1-,
2556 3925 2689 3986 112).
2710 3926 2854 3970 Filius

1556 4006 1652 4064 ejus
1685 4006 1775 4050 fuit
1809 4003 2033 4058 Pausiris‚
2074 4002 2150 4046 cui
2194 4001 2496 4060 possessiones
2524 4006 2736 4060 paternas
2767 4012 2849 4042 rex

1555 4080 1795 4123 Persarum
1824 4074 2030 4122 reddidit
2054 4070 2307 4136 (Herodot.
2333 4072 2429 4126 ΙΙΙ,
2459 4069 2530 4130 5).
2559 4068 2707 4127 Hujus
2730 4066 2855 4113 filim

1554 4166 1643 4197 sec.
1690 4150 1965 4196 Boeckhium
1995 4162 2043 4207 p.
2092 4144 2184 4189 363
2223 4152 2287 4189 est
2317 4145 2575 4202 Amyrtaeus
2615 4156 2693 4186 rex
2737 4139 2849 4200 dyn..

1555 4223 1775 4269 XXVIII.
