3008 4542
1279 283 1688 333 FRAGMENTA.

62 418 70 450 ῖ«
143 405 374 452 scrutetur,
391 398 533 456 paria
547 396 684 439 dictis
707 397 913 438 inveniet.
965 393 1176 451 Namque
1182 402 1292 453 post
1316 394 1429 436 Eze-

23 485 25 488 ⁴
79 517 82 521 ,
144 471 299 515 chiam
320 469 510 512 residuis
530 467 713 510 Judoeis
733 467 978 509 Manasses
1001 467 1200 523 imperat
1223 459 1437 508 Ezechioe
1512 481 1641 527 σαρον
1658 466 1738 510 ’τὸν
1758 465 1925 530 πατέρα
1942 471 2013 512 τοῦ
2041 469 2078 514 N
2084 467 2188 514 αὸου
2192 469 2391 531 χοδονοσι
2382 488 2430 534 ηρ
2441 469 2453 532 )
2488 473 2510 516 ὃ
2535 469 2792 533 Πολυΐστωρ

61 533 81 603 s
138 541 269 598 filius
278 544 475 599 quinque
489 542 625 581 annis
637 546 685 580 et
702 539 1038 595 quinquaginta
1057 537 1231 595 (Regg.
1253 538 1331 591 IV,
1356 549 1382 579 2
1393 551 1411 579 1
1422 569 1433 589 ,

24 615 26 618 ’
154 611 211 674 ι),
230 611 398 656 deinde
422 613 616 653 Amosus
636 607 724 668 (sic
744 622 833 666 pro
852 609 1080 651 Ammone
1101 606 1248 650 Biblia
1268 610 1436 651 Arme-

73 690 87 704 ι’
145 683 307 742 niaca)
328 687 465 726 annis
492 682 759 725 duodecim.
786 688 876 722 tum
910 679 1067 722 Josias
1087 681 1274 736 triginta
1301 682 1440 721 annis

66 742 74 781 Ϊ
146 765 192 800 et
209 770 332 798 uno:
352 763 515 814 postea
531 751 815 804 Joaclu‘mus,
849 750 930 793 sub
958 754 1085 807 cujus
1101 753 1231 809 regni
1243 754 1436 808 primor-

68 852 82 881 ς
146 828 231 871 diis
248 835 543 886 occupaturus
553 823 864 880 Hierosolyma
880 781 1175 866 Nabuclzoclb’
1167 836 1290 864 noso]
1294 837 1350 863 us
1367 836 1441 863 su-

142 902 370 959 pervenit,
388 900 676 956 captivosque
694 895 882 938 Judoeos
905 894 1191 951 Babylonem
1210 893 1445 935 transtulit

56 1002 77 1038 ,³
151 969 219 1032 (e.
243 973 303 1021 24
318 1003 331 1024 ,

75 1083 83 1093 ,,
147 1057 246 1085 rum
269 1043 384 1084 anni
404 1048 504 1084 octo
535 1047 783 1082 excurrunt
807 1046 855 1080 et
881 1040 1140 1095 octoginta,
1176 1045 1287 1095 quot
1306 1039 1445 1079 nimi-

36 1113 37 1116 ’
78 1147 83 1150 -
149 1128 248 1157 rum
266 1111 534 1169 Polyhistor
549 1125 610 1166 ea·
628 1109 824 1153 historia
848 1108 1104 1152 Chaldaica
1119 1111 1394 1167 supputavit.

364 985 382 1012 1
404 966 436 1030 ).
469 970 611 1027 Atqui
629 967 691 1010 ab
716 965 920 1010 Ezechia
938 965 1005 1008 ad
1032 963 1442 1029 Nabuchodonoso-

217 1184 262 1229 3.
303 1185 388 1227 His
418 1183 628 1228 omnibus
656 1183 889 1235 absolutis,
921 1185 1075 1242 pergit
1120 1181 1265 1224 denuo
1303 1180 1447 1236 Poly·-

16 1307 17 1319 .
80 1255 81 1258 ’
151 1257 298 1300 histor
315 1270 387 1299 res
409 1257 586 1314 aliquot
615 1257 754 1299 etiam
790 1270 821 1296 a
843 1251 1143 1298 Senec'lzeribo
1179 1259 1336 1308 gestas
1358 1265 1445 1293 ex-

75 1320 89 1391 ss,
142 1343 341 1389 ponere,
391 1328 537 1386 deque
580 1326 716 1384 huJus
751 1326 856 1385 filio
892 1326 1053 1369 eadem
1087 1325 1235 1384 plane
1272 1326 1447 1366 ratione

76 1439 77 1444 ,
149 1401 307 1444 scribit
336 1415 427 1459 qua
462 1400 569 1443 libri
602 1399 915 1450 Hebraeorum,
956 1405 1254 1454 accurateque
1288 1395 1446 1438 admo·

67 1490 77 1502 ⁴-
151 1475 260 1518 dum
281 1481 445 1515 cuncta
470 1472 685 1515 edisserit.
706 1470 1003 1532 Pythagoras
1024 1473 1210 1527 sapiens
1211 1468 1371 1525 fertur
1391 1482 1448 1510 ea

75 1558 83 1567 ³
154 1553 422 1604 tempestate
440 1544 522 1586 sub
557 1542 633 1586 bis
651 1543 834 1603 regibus
855 1545 1083 1586 exstitisse
1119 1540 1205 1600 (cf.
1231 1538 1449 1597 Abydeni

36 1617 38 1622 ⁸
74 1644 77 1646 »
153 1617 213 1663 fr.
235 1632 259 1673 7
277 1615 308 1676 ).
328 1617 438 1659 Jam
458 1625 566 1674 post
580 1614 909 1672 Sammuglzem
937 1617 1177 1672 imperavit
1210 1611 1450 1655 Chaldaeis

153 1689 525 1747 Sardanapallus
539 1690 714 1745 viginti
731 1691 867 1729 annis
886 1696 931 1729 et
943 1701 1044 1730 uno.
1065 1682 1110 1702 **
1129 1682 1192 1746 (4)
1210 1685 1337 1728 Isad
1354 1685 1450 1726 As-

36 1747 85 1819 ἶ
154 1761 386 1821 dahagem
430 1757 710 1819 (Astyagem
745 1753 963 1817 Aucher.)
999 1760 1076 1816 qui
1106 1765 1211 1800 erat
1246 1757 1454 1809 Medic-ce,

75 1848 78 1881 ἶ
152 1839 303 1893 gentis
313 1847 491 1893 proeses
506 1841 555 1875 et
582 1841 774 1891 satrapa
790 1864 802 1886 ,
825 1834 980 1889 copias
1007 1831 1269 1878 auxiliares
1302 1832 1442 1882 misit,

55 2850 83 2882 :22¹

51 2883 82 2905 :¹⁵5

49 2908 56 2919 A
70 2925 74 2928 Δ
86 2916 89 2919 .

154 1907 375 1951 viclelicet
393 1914 441 1948 ut
466 1904 581 1963 filio
596 1919 680 1947 suo
705 1901 1107 1948 Nabucodrossoro
1151 1902 1451 1962 desponderet

116 2040 122 2047 ι
158 1978 412 2024 Amulziam
433 1992 459 2021 e
480 1976 674 2032 filiabus
706 1967 976 2036 Asdalzagis
1000 1990 1157 2020 unam.
1186 1973 1248 2035 (5)
1274 1974 1454 2018 Deinde

156 2051 579 2096 Nabucodrossorus
611 2049 875 2092 dominatus
893 2056 962 2090 est
988 2047 1126 2090 tribus
1149 2050 1283 2090 annis
1315 2061 1455 2104 supra

59 2124 85 2170 ’ὲ
157 2125 470 2184 quadraginta
487 2156 497 2176 ,
530 2125 609 2181 qui
624 2131 673 2165 et
691 2122 879 2165 collecto
903 2123 1106 2168 exercitu
1119 2122 1454 2178 impressionem

45 2250 50 2260 ⁴
74 2246 82 2253 ,
153 2195 356 2254 faciens,
374 2196 561 2238 Judoeos
573 2228 582 2248 ,
625 2193 871 2238 Phoenices
904 2202 952 2235 et
975 2192 1113 2250 Syros
1139 2196 1185 2234 in
1206 2195 1456 2234 servitutem

43 2261 70 2317 i*
97 2296 101 2301 ·
159 2271 351 2329 redegit.
373 2269 533 2326 Neque
545 2281 659 2310 sane
676 2280 788 2324 opus
799 2273 869 2308 est
882 2279 954 2307 me
964 2264 1174 2323 pluribus
1187 2262 1458 2320 confirmare

160 2341 490 2399 Polybistorem
500 2343 612 2382 item
635 2342 682 2381 in
697 2337 768 2380 his
785 2352 885 2380 cum
907 2336 1128 2380 hebraica
1147 2335 1342 2379 historia
1357 2350 1455 2378 con-

160 2429 341 2475 gruere.
362 2408 430 2474 (6)
451 2413 562 2456 Post
574 2411 627 2455 N
623 2409 1025 2454 abucodrossorum
1039 2417 1207 2467 regnat
1222 2412 1321 2464 esus
1328 2407 1461 2465 filius

162 2483 769 2531 Amilmarudoclzus·annis
804 2482 1043 2525 duodecim
1071 2479 1205 2541 (deb.
1232 2477 1450 2539 duobus),

162 2574 293 2619 quem
319 2558 616 2601 Hebraeorum
637 2557 787 2599 literoe
810 2553 1184 2598 Ilmarudochum
1202 2554 1457 2612 appellant.

163 2633 285 2676 Mox
320 2629 583 2688 Polyhistor
611 2633 680 2671 ait
715 2631 1003 2688 imperavisse
1032 2626 1276 2672 Chaldaeis
1297 2626 1462 2683 Negli-

25 2699 28 2706 *
81 2726 102 2736 2
163 2719 315 2748 sarum
334 2706 472 2746 annis
485 2710 719 2761 quattuor:
737 2701 902 2743 deinde
911 2699 1212 2744 Nabonedum
1228 2700 1361 2740 annis
1382 2712 1464 2739 se·-

159 2776 446 2835 ptemdecim.
458 2775 528 2817 Eo
538 2787 613 2832 re,²
594 2787 644 2815 e
655 2772 798 2824 Cyrus
807 2771 1048 2830 Cambysis
1059 2771 1391 2826 Babylonicum
1401 2784 1466 2812 re-

163 2851 347 2906 gionem
368 2849 511 2905 copiis
530 2847 703 2900 invasit,
729 2846 904 2904 quicum
922 2845 1201 2889 Nabonedus
1216 2846 1467 2886 certamine

167 2923 301 2975 inito,
324 2923 471 2963 victus
488 2914 676 2975 sesuga
690 2922 943 2977 proripuit.
961 2919 1185 2977 Regnavit
1197 2925 1347 2958 autem
1373 2916 1465 2957 Ba-

169 2993 333 3050 lylone
347 2991 497 3048 Cyrus
517 2994 654 3033 annis
668 3004 842 3043 novem,
866 2991 1010 3033 donec
1027 2994 1074 3032 in
1089 2990 1287 3048 planitie
1309 2987 1467 3030 Daha-

168 3077 266 3108 rum
283 3065 379 3107 alio
375 3063 549 3123 proelio
563 3071 766 3106 conserto
772 3065 924 3121 periit.
949 3062 1059 3104 Tum
1075 3063 1309 3120 imperium
1330 3063 1470 3103 tenuit

171 3136 420 3193 Cambyses
447 3137 580 3178 annis
599 3143 698 3178 octo
713 3150 729 3176 .·
751 3135 921 3178 deinde
949 3135 1123 3177 Darius
1150 3137 1287 3176 annis
1308 3147 1392 3175 sex
1424 3143 1469 3176 et

171 3213 361 3266 triginta
392 3223 407 3250 .·
430 3207 601 3250 deinde
617 3208 800 3250 Xerxes
816 3210 1038 3265 ceterique
1050 3207 1293 3249 Persarum
1316 3219 1463 3262 reges.

235 3284 345 3323 lam
362 3293 473 3322 vero
492 3279 550 3321 de
570 3277 898 3322 Chaldoeorum
922 3293 1064 3338 regno
1081 3282 1148 3320 uti
1176 3277 1365 3320 breviter
1373 3277 1467 3319 dis-

173 3355 399 3409 tincteque
428 3359 596 3393 tractat
628 3351 840 3404 Berosus,
880 3354 944 3393 ita
969 3363 1159 3409 prorsus
1191 3350 1389 3407 loquitur
1425 3358 1471 3392 et

173 3422 440 3480 Polyhistor
456 3439 470 3464 .·
492 3438 552 3465 ex
580 3419 742 3480 quibus
773 3419 1064 3478 manifestum
1095 3430 1184 3476 est,
1219 3419 1469 3464 Nabucho-

174 3496 444 3541 donosorum
478 3504 662 3538 armata
682 3509 823 3537 manu
850 3497 1018 3553 cepisse
1035 3494 1241 3536 Judoeos.
1278 3492 1353 3535 Ab
1383 3491 1470 3535 hoe

176 3578 328 3612 autem
348 3569 416 3611 ad
433 3569 600 3623 Cyrum
613 3568 856 3611 Persarum
875 3581 1028 3626 regem
1043 3569 1156 3609 anni
1169 3569 1470 3624 septuaginta

177 3641 451 3698 conflantur.
473 3667 532 3673 —
547 3640 783 3684 Postrema
806 3639 1047 3700 fragmenti
1085 3653 1192 3700 pars
1215 3638 1276 3682 ad
1297 3638 1469 3681 librum

181 3715 372 3758 tertium
394 3714 616 3773 pertinet.

248 3785 312 3846 (1)
341 3787 668 3830 Ardumuzane
684 3780 703 3844 ]
721 3806 737 3823 n
756 3785 805 3828 in
830 3784 1038 3844 margine
1059 3783 1401 3837 Ardamuzane3
1426 3790 1471 3825 et

104 3855 109 3919 ᾗ
182 3859 376 3918 quidem
399 3858 527 3918 apud
546 3860 608 3903 IV
634 3860 748 3917 Reg.
773 3859 907 3912 XIX,
928 3858 1007 3916 37,
1035 3866 1080 3900 et
1102 3858 1128 3900 J
1132 3857 1355 3915 osephum
1373 3859 1469 3898 An-

98 3947 107 3993 ‚j
181 3931 334 3989 tiquit.
361 3930 470 3975 Jud.
497 3931 569 3985 X,
602 3945 644 3985 1,
671 3927 1293 3974 Senecberibusinterficitur
1318 3943 1341 3970 a
1365 3925 1471 3970 filiis

64 4008 82 4041 ii
110 4051 111 4054 Ἴ
181 4001 512 4047 Aclremelecho
535 4009 581 4045 et
603 4001 840 4055 Sarasaro,
890 4002 972 4059 qui
990 4016 1014 4043 a
1035 4000 1319 4044 Chorenensi
1347 3999 1463 4044 Hist.

64 4087 69 4097 ¹
104 4082 114 4118 ².
182 4079 224 4132 I,
251 4089 309 4117 22
331 4074 551 4123 dicuntur
566 4075 843 4118 Adramelus
866 4081 912 4118 et
931 4073 1208 4117 SanasaruS.
1248 4091 1267 4111 »
1287 4072 1399 4114 Mau.

2689 298 2783 341 505

1576 393 1732 454 Ad§4
1752 395 1812 442 cf.
1835 396 2031 455 Syncell.
2049 413 2095 456 p.
2115 413 2228 454 210,
2245 400 2306 444 Β.
2321 395 2794 463 Τοῦτον(Ναὸοπαλά-

1514 533 1782 599 Ἀλέξανδρος
1832 535 2198 600 Σαρδανάπαλλον
2244 541 2367 586 καλε
2331 558 2364 586 ι
2410 536 2646 605 π’έμψαντα
2687 540 2791 606 πρὸς

1514 605 1752 670 Ἀστυάγην
1788 607 2014 671 σατράπην
2047 608 2217 666 Μηδίας
2237 629 2310 656 και
2329 612 2404 668 τὴν
2429 617 2476 659 Ου
2479 612 2638 678 (ατέρα
2659 615 2789 660 αὐτοῦ

1515 674 1720 739 Ἀμυιτην
1741 678 1754 740 (
1768 677 1973 742 Ἀρωΐτην
2011 682 2151 728 Goar.
2167 682 2181 743 )
2211 680 2402 728 λαὸόντα
2427 682 2595 746 νύμφην
2634 686 2692 737 εἷς
2726 682 2797 730 τὸν

1517 750 1605 796 υἱὸν
1620 752 1749 797 αὐτοῦ
1764 751 2173 817 Ναὸουχοδονόσωρ.
2197 746 2338 807 Οὗτος
2358 755 2591 818 στρατηγὸς
2606 755 2687 802 ὑπὸ
2707 755 2798 804 Σά-

1520 839 1648 885 ρακος
1660 827 1735 868 τοῦ
1754 823 1987 870 Χαλδαίων
2006 823 2214 887 βασιλέως
2234 825 2421 884 σταλεῖς,
2440 826 2551 873 κατὰ
2573 831 2646 874 τοῦ
2671 829 2800 874 αὐτοῦ

1521 892 1715 958 Σάρακος
1725 896 1785 947 εἷς
1796 894 1922 942 Νίνον
1938 895 2245 961 ἐπιστρατεύει·
2263 890 2311 943 οἷ
2321 896 2397 953 τὴν
2409 896 2554 961 ἔφοδον
2569 898 2763 956 πτοηθεὶς
2782 903 2804 944 ὃ

1519 965 1720 1029 Σάρακος
1756 966 1905 1013 ἑαυτὸν
1932 967 2007 1014 σὺν
2028 975 2111 1021 τοῖς
2132 967 2359 1032 βασιλείοις
2380 968 2611 1032 ἐνέπρησε,
2637 970 2710 1017 καὶ
2727 970 2804 1027 τὴν

1522 1037 1661 1101 ἀρχὴν
1690 1038 1922 1086 Χαλδαίων
1963 1039 2036 1086 καὶ
2063 1040 2327 1100 Βαὸυλῶνος,
2345 1039 2589 1104 παρέλαὸεν
2627 1044 2649 1087 ὁ
2678 1041 2803 1095 αὐτὸς

1521 1109 1926 1173 Ναὸοπαλάσαρος,
1955 1114 2065 1158 ὁτοῧ
2086 1110 2479 1176 Ναὸουχοδονόσωρ
2503 1110 2664 1177 πατήρ.

1586 1186 1799 1229 Narratio
1833 1186 2028 1232 turbata.
2049 1183 2283 1245 Ἀστυάγης
2302 1186 2502 1244 Syncelli
2517 1195 2568 1229 -et
2587 1187 2809 1230 Asdalza-

1521 1272 1601 1316 ges
1616 1257 1805 1314 Eusebii
1826 1257 1948 1301 idem
1985 1270 2078 1301 esse
2101 1257 2288 1301 videtur
2307 1266 2446 1315 atque
2472 1257 2705 1314 Cyaoeures
2727 1275 2811 1303 rex

1525 1325 1796 1390 (σατράπης)
1810 1330 2066 1383 Medorum,
2095 1330 2162 1372 uti
2177 1329 2298 1373 bene
2312 1338 2471 1373 monet
2483 1317 2714 1375 Niebuhr.
2731 1332 2808 1377 ΚΖ.

1523 1398 1716 1457 Scbften
1735 1416 1783 1460 p.
1823 1416 1934 1458 207,
1954 1401 2037 1444 ubi
2066 1400 2189 1445 vide.
2222 1400 2403 1444 Deinde
2425 1400 2811 1459 Nabopalassarus

1525 1488 1623 1517 non
1636 1482 1788 1532 potest
1808 1473 1933 1517 idem
1962 1487 2054 1516 esse
2073 1488 2179 1515 cum
2202 1472 2534 1531 Sardanapallo
2550 1506 2563 1528 ,
2588 1474 2667 1530 qui
2688 1474 2810 1518 idem

1527 1561 1620 1591 esse
1636 1545 1775 1589 debet
1789 1561 1891 1589 cum
1908 1545 2049 1589 fratre
2066 1545 2370 1604 Sanimughis,
2381 1545 2450 1587 uti
2465 1546 2698 1603 postulant
2712 1561 2813 1604 quae

1527 1618 1654 1677 apud
1677 1619 1926 1663 Eusebium
1951 1618 2174 1677 leguntur
2195 1616 2252 1660 de
2273 1617 2421 1659 tribus
2435 1618 2588 1676 regnis
2606 1618 2814 1662 Sammu-

1528 1691 1627 1750 ghis
1649 1689 1744 1753 (an.
1771 1707 1826 1735 21
1845 1689 1880 1751 ),
1901 1689 2089 1748 ejusque
2107 1689 2260 1733 fratris
2285 1687 2381 1749 (an.
2412 1703 2466 1730 21
2485 1687 2500 1748 )
2526 1698 2570 1731 et
2593 1689 2815 1748 Nabopa-

1527 1764 1682 1807 lassari
1705 1761 1774 1823 (a.
1805 1762 1914 1824 2ο).
1938 1762 2115 1819 Quodsi
2139 1763 2187 1804 in
2207 1776 2336 1818 seqq.
2359 1757 2579 1803 Eusebius
2614 1761 2638 1819 §
2666 1760 2689 1803 3
2712 1771 2815 1819 post

1529 1834 1912 1894 Sardanapallum
1946 1834 2095 1877 statim
2122 1831 2570 1876 Nabucodrosorum
2607 1847 2816 1892 regnasse

1529 1907 1643 1951 dicit
1658 1942 1670 1964 ,
1696 1908 1746 1951 id
1773 1907 1994 1966 explicari
2018 1906 2201 1963 nequit,
2223 1905 2310 1948 nisi
2335 1908 2528 1962 antiqua
2546 1912 2695 1948 textus
2716 1920 2815 1948 cor-

1529 1981 1769 2039 ruptione,
1790 1995 1881 2038 qua
1898 1978 2275 2036 Nabupolassaris
2300 1978 2476 2020 mentio
2505 1976 2691 2020 excidit.
2718 1978 2815 2020 Ita-

1530 2067 1620 2111 que
1633 2060 1738 2111 post
1754 2052 1898 2095 verba
1911 2066 1921 2093 :
1934 2050 2306 2108 Sardanapallus
2321 2052 2494 2106 viginti
2504 2053 2639 2090 annis
2650 2059 2696 2091 et
2706 2064 2806 2103 uno,

1528 2123 1838 2184 supplendum
1863 2131 1927 2166 est
1953 2136 1964 2167 z
1991 2131 2036 2165 et
2053 2122 2455 2180 Nabupolassarus
2478 2124 2612 2162 annis
2633 2124 2810 2180 viginti.

1530 2198 1681 2240 Porro
1720 2195 2098 2254 Sardanapallus
2144 2201 2187 2235 et
2206 2192 2411 2246 Sffl‘acus
2440 2192 2629 2234 nomina
2670 2207 2817 2235 unum

1531 2268 1824 2327 eundemque
1847 2282 2006 2328 regem
2046 2266 2338 2324 Assyriorum
2361 2264 2819 2323 Babyloniorumque

1533 2341 1774 2400 designant
1794 2374 1808 2400 ,
1828 2340 1921 2383 sive
1966 2337 2097 2396 quod
2135 2338 2332 2380 alterum
2377 2351 2550 2379 nomen
2581 2336 2818 2393 scripturae

1533 2413 1814 2472 compendio
1839 2414 1888 2455 in
1912 2413 2107 2455 alterum
2130 2410 2264 2464 abiit,
2288 2410 2380 2453 sive
2415 2408 2543 2466 quod
2567 2417 2817 2466 utrumque

1533 2487 1583 2528 in
1599 2501 1683 2529 usu
1705 2485 1806 2531 fuit.
1829 2486 1933 2543 Ipsa
1950 2483 2141 2526 historia
2183 2496 2239 2524 ex
2266 2480 2495 2538 Abydeno
2520 2479 2599 2537 (fr.
2626 2478 2710 2539 17)
2745 2494 2820 2522 re-

1534 2556 1766 2616 fingenda.
1794 2556 1978 2600 Scilicet
2009 2555 2142 2597 hoste
2171 2553 2475 2605 adventante,
2514 2549 2822 2608 Sardanapal-

1536 2624 1606 2666 lus
1629 2622 2046 2680 Nabopalassarum
2068 2619 2232 2662 ducem
2249 2617 2433 2660 miserat
2458 2615 2758 2673 Babylonem.
2779 2616 2822 2658 Is

1535 2710 1618 2739 vel
1622 2710 1667 2749 o,
1680 2693 1988 2738 defectionem
2001 2692 2058 2735 ab
2069 2690 2360 2749 Assyriorum
2373 2703 2479 2747 rege
2492 2687 2701 2742 moliens,
2717 2702 2823 2730 cum

1538 2768 1742 2826 Cyaxare
1761 2765 1911 2809 foedus
1939 2774 1984 2808 et
2009 2763 2335 2823 cognationem
2369 2760 2620 2813 contraxit,
2655 2759 2823 2803 deinde

1537 2839 1713 2883 bellum
1722 2837 1885 2892 movit,
1903 2834 2378 2892 Sardanapallumque
2389 2831 2447 2875 ad
2457 2830 2822 2890 incitasredegit,

1540 2920 1678 2969 atque
1721 2911 1784 2953 ita
1812 2907 2077 2966 Babyloniae
2111 2904 2478 2948 dominationem
2514 2901 2707 2961 adeptus
2739 2911 2820 2947 est.

1609 2981 1688 3045 [ad
1711 2979 1810 3043 §6]
1829 2984 1966 3024 annis
1980 2979 2214 3022 duodecim
2239 2972 2339 3038 (ιδ’)
2355 2993 2367 3031 ;
2386 2972 2459 3019 δύο
2489 2971 2578 3036 (β’)
2600 2976 2625 3018 J
2630 2974 2824 3032 osephus

1544 3053 1614 3114 (v.
1637 3054 1694 3101 fr.
1727 3054 1879 3114 14)C.
1906 3051 2078 3110 Apion.
2104 3051 2141 3105 I,
2170 3064 2226 3107 19
2246 3050 2416 3093 etAnt.
2435 3046 2545 3092 Jud.
2569 3046 2638 3101 X,
2671 3062 2745 3102 11,
2771 3060 2824 3105 23

1545 3128 1744 3187 Syncell.
1769 3142 1820 3186 p.
1843 3125 1954 3179 226,
1973 3127 2028 3180 A,
2047 3132 2092 3167 et
2104 3123 2266 3168 Canon
2282 3129 2533 3164 astronom.
2548 3122 2595 3164 V.
2623 3119 2823 3163 Clinton.

1542 3202 1595 3247 F.
1615 3202 1676 3245 H.
1699 3200 1746 3244 II
1762 3233 1774 3255 ,
1796 3214 1843 3258 p.
1872 3196 1965 3242 388
1986 3205 2087 3241 not.
2123 3196 2172 3240 lt.
2195 3193 2268 3238 ed.
2289 3202 2393 3238 tert.
2414 3191 2595 3235 Ibidem
2633 3190 2739 3234 vide
2767 3190 2825 3234 de

1542 3275 1833 3331 reliquorum
1896 3262 2058 3330 reg'um
2112 3266 2401 3326 temporibus
2460 3264 2820 3323 disputationem

1541 3346 1842 3390 uberrimam.

1615 3421 1687 3463 De
1706 3415 2018 3462 Senacheribo
2043 3416 2266 3459 Berosum
2299 3412 2504 3456 laudavit
2527 3411 2664 3454 etiam
2693 3410 2827 3452 Jose-

1541 3492 1660 3551 phus
1683 3491 1788 3534 loco
1812 3503 1937 3532 nunc
1969 3488 2190 3531 lacunoso
2224 3487 2274 3528 in
2296 3486 2455 3542 Antiq.
2483 3483 2590 3528 Jud.
2615 3484 2684 3538 X,
2709 3497 2749 3534 1,
2778 3485 2823 3535 4,

1541 3580 1592 3622 p.
1620 3563 1712 3623 369
1736 3562 1811 3608 ed.
1836 3560 1998 3606 Didot
2032 3555 2204 3605 εἊλλὰ
2233 3575 2306 3603 και
2332 3553 2599 3618 Βηρωσσὸςὸ
2623 3551 2676 3598 τὰ
2702 3552 2823 3598 Χαλ-

1544 3633 1672 3680 δαϊκὰ
1699 3629 2055 3722 συγγραψάμενος
2076 3627 2332 3692 μνημονεύει
2351 3645 2425 3674 του
2450 3624 2653 3689 βασιλέως
2685 3625 2823 3670 Σενα-

1541 3705 1740 3770 χηρίὸου,
1757 3702 2003 3751 καὶὸτιτων
2028 3700 2261 3765 Ἀσσυρίων
2280 3704 2387 3764 ἦρχε
2422 3698 2493 3744 καὶ
2513 3696 2575 3742 ὅτι
2596 3694 2713 3756 πάσῃ
2736 3695 2825 3739 ἐπε

1544 3776 1834 3842 στρατεύσατο
1848 3779 1900 3840 τῇ
1919 3773 2039 3839 Ασία
2065 3773 2202 3837 καὶτῇ
2216 3771 2423 3835 Αἰγύπτῳ
2441 3768 2573 3830 λέγων
2589 3765 2769 3818 οὕτως.’“ι

2149 3882 2222 3927 13.

1609 3997 1836 4055 Josephus
1858 3997 1967 4040 Ant
1998 3992 2106 4037 Jud.
2131 3991 2202 4044 X,
2220 4004 2263 4043 2,
2297 4003 2336 4041 2,
2368 4001 2419 4044 p.
2445 3983 2536 4039 370
2562 3981 2637 4025 ed.
2671 3979 2779 4023 Did.

1503 4078 1509 4128 Ι
1550 4064 1824 4128 Μνημονεύει
1845 4063 1890 4111 δὲ
1905 4083 1979 4111 του
1952 4058 2279 4111 ΝΒαὸυλωνίων
2301 4052 2509 4120 βασιλέως
2540 4050 2722 4099 Βαὸάδα
2735 4050 2824 4105 Βη-

197 4142 2823 4179 ῄ--ῌ--ῴ--ῤ-,Μ

1476 4212 1494 4251 1
1504 4213 1528 4251 3
1536 4241 1546 4252 .

928 4279 1099 4321 Babadae
1126 4279 1435 4329 Babyloniorum
1452 4280 1552 4329 regis
1569 4280 1735 4318 Berosus
1751 4285 1909 4326 quoque
1927 4271 2116 4313 meminit.
