3016 4628
137 315 399 379 καθημένους
440 317 517 365 δύο
557 316 798 378 μονολίθους
819 313 928 362 ἑπτὰ
964 314 1038 362 καὶ
1077 314 1210 362 εἴκοσι
1241 318 1412 378 πηχῶν,

83 422 88 427 -
117 387 238 451 ’παρ’
258 386 328 441 οὓς
365 386 540 442 εἷςόδους
563 390 674 452 τρεῖς
701 389 750 434 ἐκ
772 390 845 433 τοῦ
875 385 1129 450 περιστύλου
1153 385 1414 432 κατεσκευά-

136 462 254 518 σθαι,
277 458 371 506 καθ’
396 458 445 512 ἃς
477 451 590 506 οἷκον
614 458 825 522 ὑπάρχειν
848 456 1100 515 ὑπόστυλον,
1124 456 1272 522 ᾠδείου
1311 457 1412 523 τρό-

52 544 53 547 ’
71 540 87 581 ‚f
133 548 214 579 πον
235 528 649 591 κατεσκευασμένον,
684 530 870 587 ἑκάστην
886 528 1074 594 πλευρὰν
1092 527 1246 593 ἔχοντα
1267 528 1412 575 δίπλε-

45 626 72 647 A»
131 604 247 666 θρον.
317 602 370 665 (ο)
391 601 468 650 Ἐν
489 599 625 665 τούτῳ
651 599 688 647 δ’
711 592 819 647 εἶναι
836 601 996 658 πλῆθος
1021 599 1280 665 ἀνδριάντων
1302 597 1413 653 ξυλί-

133 690 231 731 νων,
255 672 534 734 διασημαῖνον
557 669 655 725 τοὺς
673 670 750 724 τὰς
782 670 1123 735 ἀμφισὸητήσεις
1147 670 1321 735 ἔχοντας
1342 668 1416 716 καὶ

133 742 479 810 προσὸλέποντας
493 745 579 797 τοῖς
599 742 676 797 τὰς
710 741 831 797 δίκας
854 742 1064 807 κρίνουσι·
1085 743 1257 797 τούτους
1277 742 1316 788 δ’
1353 740 1415 805 ἐφ’

135 886 207 934 καὶ
226 884 339 934 κατὰ
361 885 409 932 τὸ
427 885 556 948 μέσον
585 885 657 933 τὸν
678 885 1007 951 ἀρχιδικαστήν,
1026 884 1180 950 ἔχοντα
1203 885 1281 943 τὴν
1309 884 1415 943 ἀλή·

30 963 48 986 ⁸
102 955 105 958 ¹
134 962 247 1018 θειαν
271 957 559 1023 ἐξηρτημένην
601 959 651 1006 ἐκ
681 962 755 1005 τοῦ
786 957 1004 1023 τραχήλου
1036 957 1110 1005 καὶ
1144 956 1239 1011 τοὺς
1261 959 1416 1023 ὀφθαλ-

32 1027 65 1086 s·
83 1070 94 1078 ⁴
135 1027 239 1093 μοὺς
281 1030 561 1091 ἐπιμύουσαν,
611 1028 686 1077 καὶ
723 1029 900 1094 βιὸλίων
951 1033 1067 1095 αὐτῷ
1103 1029 1417 1095 παρακείμενον

33 1092 39 1108 ’
133 1103 312 1159 πλῆθος·
340 1101 498 1156 ταύτας
521 1101 565 1149 δὲ
603 1101 679 1156 τὰς
721 1101 884 1156 εἰκόνας
912 1101 1197 1149 ἐνδείκνυσθαι
1231 1101 1302 1149 διὰ
1336 1106 1411 1148 τοῦ

46 1176 61 1183 “
116 1175 355 1239 ’σχήματος
379 1174 443 1222 ὅτι
465 1173 561 1229 τοὺς
584 1173 660 1237 μὲν
684 1174 888 1228 δικαστὰς
912 1173 1031 1221 οὐδὲν
1065 1177 1127 1221 δεῖ
1161 1173 1415 1236 λαμὸάνειν,

102 1276 107 1279 -
132 1247 203 1295 τὸν
224 1246 534 1311 ἀρχιδικαστὴν
560 1247 605 1294 δὲ
627 1249 733 1313 πρὸς
751 1247 882 1310 μόνην
904 1246 1076 1311 βλέπειν
1095 1244 1171 1304 τὴν
1194 1246 1413 1304 ἀλήθειαν.

196 1320 367 1388 XLIX.
407 1317 534 1378 Ἑξῆς
551 1319 587 1366 δ’
617 1318 826 1384 ὑπάρχειν
845 1317 1080 1382 περίπατον
1099 1316 1225 1364 οἴκων
1265 1335 1418 1363 παντο·

16 1410 67 1470 ff
132 1393 281 1438 δαπῶν
303 1391 472 1456 πλήρη,
494 1391 589 1439 καθ’
623 1390 694 1444 οὒς
721 1397 904 1438 παντοῖα
941 1390 1042 1453 γένη
1077 1392 1251 1454 βρωτῶν
1293 1408 1418 1435 κατε-

34 1459 83 1531 ᾖξ’.
133 1463 367 1512 σκευάσθαι
390 1466 475 1511 τῶν
495 1462 600 1527 πρὸς
623 1462 861 1510 ἀπόλαυσιν
881 1461 1065 1520 ἡδίστων
1080 1480 1091 1491 ·
1113 1460 1162 1524 (2)
1179 1460 1274 1508 καθ’
1298 1459 1343 1507 ὃν
1365 1458 1415 1518 δὴ

44 1539 67 1585 3
131 1537 312 1601 γλυφαῖς
335 1536 523 1599 ἐντυχεῖν
539 1527 647 1581 εἰναι
671 1533 745 1580 καὶ
765 1533 993 1599 χρώμασιν
1017 1530 1322 1594 ἐπηνθισμένον
1343 1533 1415 1579 τὸν

56 1606 87 1654 ’ἰ
135 1606 345 1671 βασιλέα,
382 1603 562 1671 φέροντα
581 1608 643 1670 τῷ
667 1609 749 1671 θεῷ
782 1606 943 1670 χρυσὸν
973 1605 1047 1652 καὶ
1080 1604 1260 1670 ἄργυρον
1296 1603 1340 1651 ὃν
1376 1605 1417 1658 ἐξ

59 1706 90 1748 4
132 1676 304 1736 ἇπάσης
326 1676 543 1740 ἐλάμὸανε
568 1681 643 1734 τῆς
666 1675 886 1740 Αἰγύπτου
907 1676 1002 1723 κατ’
1032 1675 1222 1723 ἐνιαυτὸν
1247 1678 1295 1723 ἐκ
1333 1678 1418 1722 τῶν

133 1748 366 1814 ἀργυρείων
399 1749 474 1796 καὶ
496 1748 706 1814 χρυσείων
744 1748 989 1811 μετάλλων·
1025 1747 1342 1813 ὑπογεγράφθαι
1374 1747 1418 1794 δὲ

43 1831 78 1896 '4
133 1821 207 1871 καὶ
227 1822 276 1870 τὸ
291 1824 466 1879 πλῆθος,
485 1820 508 1867 ὃ
528 1820 973 1885 συγκεφαλαιούμενον
991 1824 1048 1874 εἰς
1073 1819 1274 1884 ἀργυρίου
1292 1819 1417 1881 λόγον

55 1928 81 1943 ⁴
133 1885 241 1942 εἶναι
259 1896 374 1956 μνῶν
390 1891 622 1958 τριςχιλίας
639 1891 711 1938 καὶ
732 1891 954 1946 διακοσίας
971 1891 1196 1956 μυριάδας,
1221 1894 1270 1954 (a)
1290 1890 1419 1949 Ἑξῆς

33 1984 93 2036 '2⁴1‘
130 1964 170 2013 ,δ’
187 1965 396 2030 ὑπάρχειν
412 1964 489 2022 τὴν
507 1963 624 2028 ἱερὰν
652 1963 942 2028 βιὸλιοθήκην,
958 1966 1022 2028 ἐφ’
1043 1957 1091 2021 ἧς
1113 1962 1418 2028 ἐπιγεγράφθαι

12 2037 297 2102 ι’ψ’ξ-,ᾖ-ῙῙΓυχῆς
320 2039 523 2101 ἰατρεῖον,
564 2039 753 2101 συνεχεῖς
778 2034 823 2083 δὲ
857 2034 995 2100 ταύτῃ
1019 2039 1103 2083 τῶν
1138 2038 1233 2082 κατ’
1268 2034 1416 2098 Αἴγυ-

47 2077 115 2162 'd
133 2128 239 2157 πτον
261 2112 365 2157 θεῶν
389 2108 591 2156 ἁπάντων
615 2108 800 2166 εἰκόνας,
821 2113 896 2156 τοῦ
920 2107 1127 2173 βασιλέως
1154 2106 1307 2169 ὁμοίως
1333 2109 1418 2155 δω-

14 2239 16 2244 4
48 2182 94 2297 ᾗ
134 2186 407 2249 ροφοροῧντος
427 2180 455 2228 ἃ
489 2184 707 2248 προσῆκον
732 2174 785 2239 ἦν
809 2180 1026 2243 ἑκάστοις,
1059 2178 1254 2244 καθάπερ
1286 2181 1416 2227 ἐνδει-

71 2242 100 2318 ’,ῑ-
128 2254 338 2318 γειινυμιίνου
357 2253 462 2319 πρός
477 2273 523 2301 τε
546 2253 616 2300 τὸν
636 2251 808 2318 Ὄσιριν
827 2256 901 2300 καὶ
917 2252 1012 2306 τοὺς
1034 2252 1152 2299 κάτω
1169 2251 1417 2318 παρέδρους,

90 2355 99 2390 3
130 2326 196 2378 ὅτι
217 2327 288 2374 τὸν
314 2326 404 2390 βίον
426 2325 658 2381 ἐξετέλεσεν
681 2325 870 2373 εὔσεὸῶν
886 2326 959 2372 καὶ
977 2327 1292 2387 δικαιοπραγῶν
1313 2323 1417 2390 πρός

13 2445 17 2467 3
46 2455 47 2458 4
107 2417 178 2467 ’,τε
201 2398 443 2465 ἀνθρώπους
469 2398 541 2445 καὶ
559 2397 690 2452 θεούς.
765 2398 816 2461 (4)
838 2396 1096 2460 Ὁμότοιχον
1111 2398 1154 2443 δὲ
1171 2400 1224 2461 τῇ
1252 2396 1413 2460 βιὸλιο-

15 2495 17 2507 2
43 2483 49 2530 ξ
91 2522 98 2534 ⁴
132 2469 242 2535 θήκῃ
297 2469 636 2518 κατεσκευάσθαι
695 2471 901 2533 περιττῶς
949 2461 1062 2515 οἶκον
1111 2467 1411 2525 εἰκοσίκλινον,

51 2539 286 2665 ἓ’,Ἅῖχοντα
303 2546 374 2589 τοῦ
392 2553 438 2589 τε
458 2541 557 2595 Διὸς
577 2540 652 2588 καὶ
670 2544 747 2598 τῆς
768 2539 910 2604 Ἥρας
923 2576 935 2599 ,
954 2539 1016 2586 ἔτι
1041 2539 1085 2586 δὲ
1106 2544 1179 2586 τοῦ
1207 2539 1414 2603 βασιλέως

59 2661 94 2736 J
131 2681 356 2732 atqueinde
369 2682 511 2723 domus
536 2683 730 2722 columnis
747 2682 994 2730 substructa,
1021 2681 1070 2720 ad
1100 2681 1242 2720 musici
1269 2680 1413 2720 theatri

62 2739 89 2783 7*ss
127 2746 267 2797 instar,
294 2747 408 2797 cujus
431 2749 556 2788 latera
581 2747 734 2798 singula
759 2747 882 2787 duum
912 2747 1170 2797 plethrorum.
1226 2747 1281 2797 (6)
1303 2749 1347 2785 ln
1370 2756 1415 2786 ea

67 2834 87 2851 μ
108 2810 110 2812 ’
130 2813 269 2853 multae
287 2823 338 2853 ex
354 2814 461 2864 ligno
489 2815 654 2865 statuac;
674 2813 819 2864 quibus
849 2812 1112 2863 disceptantes
1137 2811 1177 2850 in
1201 2811 1352 2861 judicio
1378 2812 1416 2851 et

41 2879 97 2924 ξ’·’ῖ
133 2879 395 2929 respectantes
408 2879 456 2918 ad
474 2878 555 2929 iuri
574 2878 747 2919 dicundo
770 2878 977 2928 praefectos
1006 2876 1290 2927 significantur.
1345 2877 1415 2927 Hi,

47 2931 94 3006 4⁸}
125 2943 296 2982 'niimero
313 2942 494 2993 triginta,
511 2942 553 2982 in
571 2954 652 2982 uno
673 2943 869 2993 parietum
886 2940 1094 2991 exsculpti.
1149 2943 1194 2980 ln
1215 2940 1343 2980 medio
1359 2942 1419 2980 est

130 3006 277 3056 praetor
305 3005 466 3056 judicii,
497 3006 718 3046 Veritatem
748 3005 891 3045 clausis
921 3004 1045 3044 oculis
1075 3004 1177 3043 collo
1207 3015 1417 3055 appensam

60 3080 69 3109 ·.
130 3068 398 3121 plurimosque
417 3070 489 3110 sibi
512 3070 635 3109 libros
662 3069 885 3120 adiacentes
902 3068 1068 3107 habens.
1105 3070 1187 3108 Hac
1202 3068 1417 3118 imaginum

63 3170 66 3177 ,
91 3135 99 3180 ³,
132 3131 256 3184 figura
269 3134 502 3183 ostenditur,
516 3133 697 3184 judicum
713 3145 796 3174 esse
809 3132 906 3172 nihil
922 3132 1100 3182 accipere
1117 3134 1157 3171 et
1176 3132 1415 3181 judiciorum

68 3243 70 3252 γ
133 3198 338 3254 praesidem
354 3199 406 3239 ad
420 3199 544 3239 solam
562 3198 753 3249 respicere
767 3198 977 3238 veritatem
992 3198 1187 3246 oportere.

5 3287 7 3290 .
42 3256 73 3310 ἵζ
134 3275 141 3281 ·
182 3262 320 3303 XLIX.
349 3261 500 3303 Exinde
515 3263 789 3302 ambulacrum
805 3263 864 3301 est
878 3260 999 3299 variis
1012 3259 1190 3300 aedificiis
1205 3252 1416 3309 refertum}

105 3333 107 3339 ·
129 3322 175 3378 ip
198 3325 342 3376 quibus
367 3326 500 3365 omnia
525 3326 818 3366 esculentorum
844 3334 1009 3375 genera,
1035 3323 1181 3373 quibus
1204 3334 1359 3363 summa
1378 3324 1418 3363 in

43 3378 69 3444 ’ς
97 3383 297 3449 &nendo
311 3375 483 3429 suavitas
499 3419 510 3439 ,
527 3389 726 3429 elaborata
740 3388 950 3428 habentur.
1007 3387 1062 3437 (2)
1084 3387 1138 3426 lbi
1154 3387 1301 3427 affabre
1318 3386 1418 3426 scul-

56 3429 122 3506 ’ἓῗῇ
133 3448 224 3504 'ptus
241 3453 280 3493 et
293 3451 430 3492 floride
443 3452 573 3503 pictus
589 3463 659 3492 rex
673 3452 888 3502 spectatur,
905 3462 1048 3491 aurum
1063 3452 1102 3490 et
1118 3451 1324 3500 argentum
1345 3449 1419 3488 deo

52 3501 97 3571 ¹⁷5³.
127 3513 323 3568 omens,
346 3517 455 3568 quod
482 3517 646 3568 singulis
671 3516 784 3556 annis
810 3527 861 3556 ex
886 3517 995 3555 omni
1014 3517 1179 3566 AEgypto
1198 3514 1247 3554 de
1270 3515 1419 3565 argenti

63 3549 106 3638 ἐ..
134 3585 176 3634 et
188 3581 274 3622 auri
290 3581 430 3622 fodinis
447 3582 636 3632 percepit.
691 3584 856 3622 Summa
876 3592 1036 3632 quoque
1052 3580 1248 3630 adscripta
1263 3590 1353 3630 quae
1369 3580 1419 3619 ad

56 3661 105 3697 i»
131 3636 283 3703 {rgenti
298 3644 488 3685 rationem
503 3646 563 3685 est
577 3645 785 3685 trecenties
806 3644 922 3684 vicies
938 3648 1102 3684 centena
1119 3643 1312 3683 minarum
1333 3643 1417 3682 mil-

45 3702 105 3763 {351
135 3706 202 3750 lia.
256 3708 312 3760 (3)
337 3711 428 3750 Post
447 3709 535 3749 haec
561 3720 710 3750 sacram
739 3720 822 3750 esse
849 3709 987 3748 dicunt
1016 3707 1293 3748 bibliothecam
1326 3717 1417 3746 cum

42 3756 111 3830 {³5
131 3770 406 3824 inscriptione,
429 3771 614 3822 officina
633 3772 808 3820 medici,
830 3774 875 3811 in
898 3782 984 3822 qua
1005 3774 1174 3823 unimus
1193 3771 1419 3820 persanari

67 3829 102 3914 E
129 3836 287 3885 possit,
307 3837 588 3886 contiguasque
606 3835 702 3876 huic
713 3833 890 3876 omnium
911 3835 952 3874 in
969 3836 1133 3884 AEgypto
1148 3833 1311 3872 deorum
1328 3833 1418 3871 ima-

62 3903 115 3958 3⁵³}
134 3895 265 3949 ginoe,
290 3908 380 3948 rege
409 3909 554 3939 munus
572 3898 788 3949 unicuique
813 3902 1038 3948 competens
1062 3897 1271 3944 offerente,
1296 3898 1420 3945 utque

50 3959 74 3990 -'
99 3960 283 4014 quoii-idi
304 3963 344 4002 et
361 3963 562 4006 collocatis
587 3963 688 4004 infra
707 3963 966 4017 assessoribus
988 3962 1296 4008 demonstraret,
1318 3971 1417 4010 quo-

56 4051 114 4077 ..
136 4024 256 4066 modo
274 4026 379 4076 piam
404 4037 496 4077 erga
514 4027 608 4067 deos
620 4027 846 4079 iustamque
866 4026 906 4065 in
926 4025 1104 4065 homines
1125 4024 1249 4063 vitam
1264 4025 1418 4062 transe-

48 4136 52 4138 .
75 4089 107 4155 ἐν(
136 4089 263 4140 sisset.
317 4089 372 4142 (4)
387 4093 510 4132 Juxta
523 4091 803 4131 bibliothecam
827 4090 990 4129 domum
1008 4089 1156 4128 affabre
1177 4089 1418 4126 exstructam

66 4218 96 4241 ,ἵ

72 4239 121 4334 t

39 4396 43 4404 .

41 4465 47 4473 ,
101 4456 110 4465 .

34 822 57 853 ’Υ
134 814 223 871 ἑνὸς
247 814 332 862 τῶν
371 814 524 879 τοίχων
546 813 829 878 ἐγγεγλύφθαι
861 814 1091 879 τριάκοντα
1111 814 1182 862 τὸν
1221 813 1427 880 ἀριθμόν,

1246 209 1655 258 FRAGMENTA.

2664 231 2748 270 391

1490 316 1676 374 εἰκόνας,
1701 318 1743 363 ἐν
1767 310 1802 382 ᾧ
1824 320 1960 364 δοκεῖν
2002 320 2075 366 καὶ
2094 320 2141 367 τὸ
2157 325 2282 382 σῶμα
2305 330 2376 371 τοῦ
2412 328 2616 387 βασιλέως
2640 330 2758 375 ἐντε-

1489 387 1659 451 θάφθαι.
1689 389 1740 451 (ο)
1764 388 1923 454 Κύκλῳ
1941 388 1982 436 δὲ
2008 390 2156 438 τούτου
2190 395 2347 450 πλῆθος
2365 397 2604 456 οἰκημάτων
2629 418 2759 446 κατε-

1489 458 1721 506 σκευάσθαι
1743 460 1910 524 γραφὴν
1949 459 2131 524 ἐχόντων
2153 465 2339 527 εὐπρεπῆ
2363 468 2531 514 πάντων
2563 473 2645 516 τῶν
2679 490 2759 517 κα·

1489 529 1754 595 θιερωμένων
1775 533 1817 577 ἐν
1843 532 2050 595 Αἰγύπτῳ
2073 530 2190 596 ζῴων
2210 548 2221 562 ·
2249 535 2454 584 ἀνάδασίν
2478 558 2522 586 τε
2546 542 2598 586 δι’
2623 543 2760 588 αὐτῶν

1490 592 1598 648 εἶναι
1615 600 1721 665 πρὸς
1736 601 1832 648 ὅλον
1844 601 1899 665 (Ἰ)
1916 600 1986 648 τὸν
1999 602 2144 665 τάφον·
2160 603 2213 661 ἣν
2231 605 2457 653 διελθοῦσιν
2474 610 2678 673 ὑπάργειν
2693 612 2760 658 ἐπὶ

1488 676 1563 719 τοῦ
1581 672 1801 734 μνήματος
1815 672 1969 720 κύκλον
1985 678 2170 738 χρυσοῦν
2193 678 2443 740 τριακοσίων
2468 681 2541 727 καὶ
2564 666 2761 737 ἑξηκοντα

1491 743 1565 790 καὶ
1576 744 1703 791 πέντε
1719 747 1873 808 πηχῶν
1894 743 1972 802 τὴν
1988 743 2258 810 περίμετρον,
2269 747 2318 794 τὸ
2328 749 2371 794 δὲ
2385 749 2521 812 πάχος
2535 760 2760 815 πηχυαῖον·

1490 815 1797 882 ἐπιγεγράφθαι
1814 815 1859 864 δὲ
1882 816 1956 864 καὶ
1978 818 2204 882 διῃρῆσθαι
2220 822 2314 866 καθ’
2335 820 2510 868 ἕκαστον
2530 827 2670 885 πῆχυν
2690 824 2764 877 τὰς

1489 887 1653 953 ἡμέρας
1670 894 1744 936 τοῦ
1766 890 1981 947 ἐνιαυτοῦ,
2004 890 2432 955 παραγεγραμμένων
2455 895 2538 940 τῶν
2558 893 2668 940 κατὰ
2687 895 2764 959 φύ-

1490 979 1556 1007 σιν
1585 960 1818 1023 γινομένων
1855 968 1942 1015 τοῖς
1980 961 2151 1026 ἄστροις
2187 964 2405 1010 ἀνατολῶν
2429 983 2474 1010 τε
2509 965 2579 1011 καὶ
2609 966 2765 1012 δύσεων

1490 1031 1564 1079 καὶ
1587 1035 1671 1079 τῶν
1698 1032 1769 1080 διὰ
1797 1031 1955 1087 ταύτας
1975 1033 2311 1095 ἐπιτελουμένων
2333 1036 2630 1095 ἐπισημασιῶν
2655 1038 2765 1082 κατὰ

1489 1101 1585 1157 τοὺς
1612 1103 1872 1166 Αἰγυπτίους
1919 1105 2217 1169 ἀστρολόγους·
2262 1109 2408 1153 τοῦτον
2445 1104 2488 1152 δὲ
2510 1104 2580 1152 τὸν
2614 1107 2766 1153 κύκλον

1490 1174 1571 1221 ὑπὸ
1591 1175 1832 1238 Καμὸύσου
1869 1178 1943 1222 καὶ
1989 1178 2166 1240 Περσῶν
2205 1174 2370 1241 ἔφασαν
2393 1178 2648 1233 σεσυλῆσθαι
2675 1180 2767 1225 καθ’

1490 1246 1559 1300 οὓς
1594 1248 1771 1312 χρόνους
1811 1246 2045 1311 ἐκράτησεν
2083 1246 2320 1312 Αἰγύπτου.
2395 1251 2445 1310 (6)
2471 1248 2557 1296 Τὸν
2590 1250 2664 1310 μὲν
2699 1243 2768 1296 οὖν

1491 1318 1787 1381 Ὀσυμανδύου
1829 1323 1901 1365 τοῦ
1943 1318 2152 1382 βασιλέως
2194 1319 2326 1385 τάφον
2357 1325 2544 1367 τοιοῦτον
2578 1321 2768 1382 γενέσθαι

1491 1390 1632 1456 φασίν,
1650 1389 1694 1444 ὃς
1714 1392 1759 1437 οὗ
1785 1389 1910 1452 μόνον
1927 1391 2043 1437 δοκεῖ
2060 1394 2112 1454 τῇ
2133 1390 2245 1437 κατὰ
2270 1391 2347 1449 τὴν
2370 1392 2563 1449 δαπάνην
2584 1411 2614 1456 χ
2617 1393 2767 1458 ορηγία

1489 1461 1598 1510 πολὺ
1628 1464 1714 1508 τῶν
1738 1460 1880 1508 ἄλλων
1903 1461 2143 1525 διενεγκεῖν,
2162 1461 2272 1508 ἀλλὰ
2293 1462 2366 1508 καὶ
2389 1466 2441 1524 τῇ
2465 1466 2548 1510 τῶν
2568 1467 2768 1527 τεχνιτῶν

1491 1533 1673 1598 ἐπινοίᾳ.

1557 1608 1659 1651 Alia
1683 1607 1923 1666 complura
1943 1607 2208 1652 Diodorum
2220 1608 2268 1651 in
2283 1609 2605 1668 AEgyptiorum
2627 1610 2768 1654 histo-

1490 1679 1560 1722 ria
1591 1694 1647 1722 ex
1676 1681 1891 1723 Hecataeo
1923 1680 2154 1734 sumsisse,
2178 1680 2320 1723 immo
2343 1680 2464 1723 hunc
2495 1696 2588 1739 prae
2612 1683 2777 1726 ceteris.

1491 1751 1576 1794 sibi
1595 1751 1761 1796 ducem
1778 1751 1983 1811 selegisse
1998 1752 2219 1810 proclivis
2238 1760 2304 1796 est
2319 1752 2534 1811 suspicio.

2099 1862 2170 1908 13.

1557 1967 1796 2012 Diodorus
1817 1970 1930 2025 XL,
1970 1969 1995 2012 3
2030 1967 2168 2031 (Exc.
2194 1971 2345 2015 Photii
2374 1986 2432 2031 p..
2465 1971 2574 2029 54¹2,
2611 1971 2729 2035 543)
2757 1988 2768 2019 ε

1491 2037 1644 2099 Ἥμεῒς
1675 2037 1719 2085 δὲ
1744 2038 1968 2100 μέλλοντες
2004 2039 2260 2106 ἀναγράφειν
2304 2041 2376 2088 τὸν
2399 2041 2503 2106 πρὸς
2541 2042 2766 2095 Ἰουδαίους

1490 2107 1700 2171 πόλεμον,
1725 2112 1878 2157 οἰκεῖον
1911 2102 2017 2157 εἶναι
2043 2111 2391 2174 διαλαμόάνομεν
2428 2112 2686 2177 προδιελθεῖν
2729 2117 2770 2161 ἐν

1490 2181 1734 2246 κεφαλαίοις
1770 2182 1848 2240 τήν
1872 2202 1918 2229 τε
1944 2187 2016 2230 τοῦ
2052 2182 2190 2238 ἔθνους
2212 2182 2359 2231 τούτου
2391 2183 2433 2239 ἐξ
2465 2187 2598 2250 ἄρχ’ἧς
2635 2185 2770 2233 κτίσιν

1490 2251 1564 2298 καὶ
1582 2251 1635 2298 τὰ
1659 2253 1761 2317 παρ’
1779 2254 1919 2307 αὐτοῖς
1945 2253 2126 2316 νόμιμα.
2198 2254 2324 2303 Κατὰ
2360 2253 2436 2312 τὴν
2468 2256 2683 2316 Αἴγυπτον
2722 2257 2772 2303 τὸ

1490 2323 1676 2371 παλαιὸν
1696 2326 1892 2387 λοιμικῆς
1925 2325 2211 2390 περιστάσεως
2239 2326 2490 2388 γενομένης,
2523 2326 2770 2389 ἀνέπεμπον

1490 2398 1528 2442 οἱ
1550 2395 1700 2443 πολλοὶ
1722 2395 1798 2453 τὴν
1815 2397 1956 2443 αἰτίαν
1978 2401 2062 2444 τῶν
2076 2401 2219 2444 κακῶν
2242 2398 2312 2444 ἐπὶ
2332 2398 2380 2444 τὸ
2407 2399 2642 2460 δαιμόνιον·
2663 2401 2770 2447 πολ-

1489 2470 1575 2515 λῶν
1595 2467 1678 2533 γὰρ
1696 2468 1768 2515 καὶ
1791 2470 2074 2516 παντοδαπῶν
2088 2469 2395 2516 κατοικούντων
2413 2470 2536 2525 Ξένων
2558 2472 2629 2516 καὶ
2644 2472 2766 2528 διηλ-

1489 2540 1715 2602 λαγμένοις
1735 2540 1844 2587 ἔθεσι
1867 2540 2098 2605 χρωμένων
2119 2542 2216 2605 περὶ
2239 2541 2286 2588 τὸ
2302 2541 2411 2605 ἱερὸν
2435 2541 2508 2588 καὶ
2531 2542 2605 2595 τὰς
2623 2542 2768 2595 θυσίας

1493 2679 1624 2730 ibique
1655 2681 1774 2720 etiam
1802 2681 1900 2731 regis
1925 2691 2090 2731 corpus,
2118 2682 2160 2721 ut
2184 2680 2399 2730 videretur,
2418 2682 2658 2720 tumulatum
2675 2692 2768 2720 osse.

1492 2744 1548 2797 (5)
1571 2744 1729 2783 Circum
1748 2754 1841 2783 vero
1857 2743 2031 2794 undique
2052 2744 2157 2783 aedae
2181 2755 2260 2782 non
2284 2754 2424 2794 paucas
2445 2744 2655 2793 exsistere,
2683 2755 2772 2794 quae

1490 2808 1668 2848 omnium
1697 2809 1740 2847 in
1772 2806 1937 2859 AEgypto
1971 2810 2287 2848 consecratorum
2319 2809 2547 2847 animalium
2578 2809 2773 2858 elegantes

1491 2872 1663 2922 picturas
1681 2872 1923 2912 exhiberent.
1946 2871 2042 2912 Inde
2068 2871 2118 2911 ad
2136 2882 2335 2911 summum
2352 2871 2574 2921 sepulcrum
2598 2871 2769 2913 ascendi.

1492 2939 1581 2985 Quo
1599 2937 1783 2987 superato
1798 2966 1809 2986 ,
1827 2946 1990 2975 aureum
2007 2946 2089 2975 esse
2104 2936 2296 2974 circulum
2317 2935 2354 2974 in
2384 2935 2467 2985 ipso
2491 2939 2745 2974 monumento
2759 2966 2769 2982 ,

1490 3002 1757 3040 trecentorum
1773 2999 1971 3050 sexaginta
1987 2999 2159 3049 quinque
2174 2999 2401 3038 cubitorum
2414 2998 2562 3038 ambitu
2566 3019 2580 3043 5
2600 2998 2772 3037 crassitie

1491 3064 1678 3113 cubitali;
1704 3063 1990 3113 inscriptosque
2009 3066 2049 3103 et
2074 3063 2221 3102 divisos
2245 3062 2286 3101 in
2306 3062 2477 3111 singulos
2504 3061 2656 3100 cubitos
2680 3062 2769 3100 anni

1494 3127 1577 3167 dies
1591 3157 1602 3177 ,
1624 3138 1716 3166 cum
1739 3127 1941 3166 notatione
1955 3129 2067 3166 ortus
2084 3127 2123 3165 et
2145 3135 2307 3164 occasus
2334 3125 2537 3164 stellarum
2561 3125 2768 3171 naturalis,

1492 3194 1533 3232 et
1563 3192 1918 3242 significationum,
1950 3202 2048 3242 quas
2077 3189 2248 3240 AEgyptii
2274 3189 2458 3238 astrologi
2487 3188 2537 3227 ab
2564 3188 2638 3228 illis
2671 3189 2769 3227 effici

1492 3256 1690 3296 docerent.
1743 3255 1838 3305 Hic,
1856 3256 1992 3304 aiunt,
2009 3253 2182 3294 circulus
2199 3264 2221 3291 a
2242 3252 2432 3302 cambyse
2451 3253 2491 3291 et
2515 3252 2639 3291 Persis
2662 3252 2770 3290 abro-

1491 3320 1584 3369 ptus
1612 3320 1697 3366 est,
1731 3318 1889 3368 quando
1919 3318 1958 3357 in
1987 3317 2071 3367 ejus
2100 3317 2335 3367 potestatem
2362 3317 2550 3365 AEgyptus
2578 3315 2764 3365 pervenit.

1493 3383 1547 3435 (6)
1571 3384 1628 3423 Ad
1643 3384 1762 3423 istum
1779 3394 1870 3433 ergo
1886 3382 2047 3422 modum
2066 3379 2327 3431 Osymandyae
2342 3380 2442 3428 regis
2456 3378 2678 3429 sepulcrum
2696 3377 2764 3415 de·

1491 3449 1669 3489 scribunt
1686 3447 1815 3498 :quod
1831 3458 1909 3486 non
1930 3446 2047 3486 modo
2055 3448 2263 3485 *sumtuum
2274 3443 2573 3494 magnificentia,
2590 3441 2655 3481 sed
2672 3441 2766 3480 arti·

1492 3513 1612 3552 ficum
1630 3512 1748 3551 etiam
1762 3510 1951 3554 industria
1971 3510 2086 3560 longe
2104 3517 2391 3559 supergressum
2420 3506 2568 3555 reliqua
2589 3504 2756 3544 ridetur.

1543 3645 1621 3682 Nos
1634 3640 1779 3680 bellum
1793 3641 1928 3679 contra
1944 3641 1967 3679 J
1971 3638 2104 3678 udmos
2116 3639 2332 3678 litterarum
2349 3635 2548 3674 memoriae
2562 3631 2763 3682 prodituri,

1493 3704 1615 3744 nostri
1636 3703 1754 3743 officii
1774 3714 1857 3743 esse
1881 3702 2086 3751 ducimus,
2104 3701 2135 3740 si
2156 3701 2263 3751 prius
2289 3698 2513 3738 summatim
2540 3695 2589 3734 de
2618 3694 2763 3743 origine

1492 3769 1610 3819 hujus
1624 3768 1747 3818 gentis
1762 3769 1801 3807 et
1813 3767 1961 3817 legibus
1976 3767 2148 3817 ipsorum
2164 3764 2410 3803 disseramus.
2465 3763 2505 3799 in
2519 3760 2683 3808 AEgypto
2701 3757 2763 3794 lue

1491 3832 1674 3883 pestifera
1689 3831 1890 3881 quondam
1906 3832 2043 3869 exorta
2055 3859 2066 3877 ,
2093 3827 2268 3878 plerique
2291 3824 2380 3864 mali
2402 3832 2556 3861 causam
2572 3819 2620 3858 ad
2635 3820 2760 3858 offen·

1491 3907 1574 3934 sam
1608 3893 1780 3933 numinis
1806 3893 2040 3932 referebant.
2095 3894 2226 3936 Quum
2252 3888 2356 3927 enim
2390 3884 2503 3923 multi
2534 3882 2763 3932 promiscum

1492 3956 1724 3997 colluvionis
1738 3956 1899 3995 advenae
1918 3955 1970 3994 ibi
1988 3954 2206 3993 habitarent
2220 3981 2231 4000 ‚
2248 3950 2314 4000 qui
2334 3946 2540 3998 peregrinis
2556 3944 2693 3983 ritibus
2719 3944 2757 3982 in

1491 4033 1695 4062 sacrorum
1721 4020 1944 4060 ministeriis
1963 4021 2002 4058 et
2031 4013 2358 4057 immolationibus
2383 4012 2599 4056 uterentur,
2632 4008 2762 4046 evenit.

1491 4088 1535 4124 ut
1557 4084 1652 4124 aviti
1670 4084 1835 4123 deorum
1858 4083 2023 4121 honores
2043 4079 2144 4129 apud
2165 4088 2230 4115 eos
2255 4073 2530 4114 exolescerent.
2585 4071 2638 4118 (2)
2662 4071 2760 4110 ilinc

39 4165 42 4170 ·
75 4148 98 4197 4
138 4152 274 4204 *viginti
291 4153 560 4205 lectisterniis,
581 4154 648 4194 ubi
669 4154 779 4195 Jovis
794 4155 834 4193 et
849 4152 1016 4193 ,Iunonis
1044 4150 1219 4201 regisque
1247 4150 1418 4200 effigies5
1491 4148 1658 4199 suspicio
1690 4146 1876 4197 indigenis
1907 4143 2071 4195 regionis
2101 4141 2202 4180 illius
2228 4139 2391 4187 injecta,
2422 4136 2492 4174 nisi
2527 4134 2762 4184 alienigenas
