3016 4628
250 251 338 292 1-96

308 349 447 397 Ταῦτ’
468 335 560 394 εἷπε
582 346 631 413 τὸ
654 346 882 395 Θέσσαλον
909 345 1101 414 σόφισμα
1126 348 1143 412 (
1160 351 1191 395 i.
1220 367 1261 396 e.
1288 353 1527 413 Myrtilus,

240 430 363 466 'anus
383 436 408 466 e
435 419 847 482 dipnosophistis).
1276 416 1283 422 ’

306 495 523 539 Ceterum
538 494 676 540 etiam
693 509 859 539 eorum
875 509 977 553 quae
993 494 1043 537 in
1054 495 1353 554 sequentibus
1366 495 1424 540 de
1441 495 1535 538 vita

239 561 439 611 heroum
470 567 832 613 Homericorum
865 567 1096 627 permulta
1129 567 1287 623 affert,
1319 581 1535 626 magnam

239 648 422 698 partem
441 654 467 685 e
488 638 767 685 Dioscuride
790 637 973 684 fluxisse
989 639 1239 699 probabile
1263 648 1347 685 est,

540 754 1234 804 ΑΠΟΜΝΗΜΟΝΕΥΜΑΤΑ.

866 864 914 909 6.

308 975 542 1035 Diogenes
557 977 613 1020 L.
636 977 683 1031 Ι,
711 974 771 1019 63
796 991 806 1019 ε
831 972 919 1021 Καὶ
940 970 1066 1019 αὐτόν
1086 969 1184 1033 (τὸν
1202 968 1408 1030 Σόλωνα)
1429 986 1535 1034 φησι
1614 948 1618 950 “

248 1045 555 1110 Διοσκουρίδης
586 1048 629 1094 ἐν
664 1049 749 1100 τοῖς
770 1042 1256 1107 Ἀπομνημονεύμασιν,
1285 1038 1432 1098 ἐπειδὴ
1455 1041 1535 1086 δα-

246 1117 368 1184 κρύοι
411 1117 483 1166 τὸν
530 1120 666 1165 παῖδα
709 1116 1056 1178 τελευτήσαντα,
1100 1113 1206 1179 πρὸς
1243 1111 1315 1161 τὸν
1357 1111 1533 1160 εἰπόντα

246 1211 268 1232 «
291 1190 406 1238 Ἀλλ’
429 1188 548 1238 οὐδὲν
583 1188 748 1243 ἀνύτεις
785 1213 828 1248 υ,
857 1190 1005 1247 εἰπεῖν,
1036 1209 1055 1230 σι
1087 1186 1153 1236 Δι’
1186 1184 1291 1234 αὐτὸ
1325 1183 1370 1233 δὲ
1406 1189 1533 1232 τοῦτο

246 1260 440 1327 δακρύω,
460 1261 525 1310 ὅτι
544 1261 662 1310 οὐδὲν
683 1261 824 1309 ἀνύτω
843 1284 879 1308 n.

658 1423 1100 1473 MEMORABILIA
1113 1458 1121 1468 .

867 1537 894 1576 6
902 1567 910 1575 .

300 1639 547 1680 Dioscorides
584 1641 625 1679 in
657 1638 982 1680 Memorabilibus
1019 1639 1143 1680 refert
1169 1639 1379 1688 Solonem,
1411 1647 1538 1688 quum

250 1704 522 1744 lacrimaretur
542 1705 677 1754 lugens
691 1705 924 1745 defunctum
939 1705 1085 1756 filium,
1101 1705 1380 1755 dicereturque
1401 1715 1427 1744 a
1441 1714 1537 1758 quo-

249 1767 362 1819 dam,
387 1784 405 1803 α
426 1770 475 1810 At
494 1769 588 1808 nihil
607 1768 764 1819 proficis
778 1798 791 1818 ‚
815 1784 835 1804 »
858 1769 1129 1820 respondisse:
1155 1784 1175 1804 «
1203 1769 1256 1810 At
1274 1769 1436 1821 propter
1459 1768 1536 1808 hoc

249 1831 380 1883 ipsum
395 1833 607 1874 illacrimor
622 1832 730 1884 quod
744 1832 840 1873 nihil
857 1832 1036 1884 proficio.
1055 1849 1075 1870 »

1080 241 1484 294 DlOSCORlDIS
1520 235 1929 294 FRAGMENTA.

2237 366 2279 408 7.

1675 458 1921 502 Athenaeus
1935 454 2032 510 XI,
2057 468 2109 512 p.
2135 450 2246 510 507,
2266 455 2309 498 D
2329 469 2340 498 z
2366 443 2456 500 Ἶ-Ιν
2477 449 2522 500 δὲ
2539 455 2562 500 6
2587 453 2773 504 Πλάτων
2796 443 2905 522 up&
2963 500 2965 502 .
3004 453 3006 455 ’

1610 531 1665 590 τῇ
1685 524 1922 589 κακοηθείᾳ
1950 523 2024 572 καὶ
2051 522 2293 589 φιλόδοξος,
2319 523 2435 580 ὅστις
2467 524 2650 592 ἔφησεν,
2672 525 2902 594 Ἔσχατον
2939 561 2942 563 Δ
3003 519 3013 564 ³=

1611 599 1682 646 τὸν
1707 602 1784 656 τ’ἥς
1801 596 1924 655 δόξης
1941 598 2108 662 χιτῶνα
2129 598 2172 644 ἐν
2194 598 2256 662 τῷ
2279 596 2452 664 Θανάτῳ
2471 600 2590 665 αὐτῷ
2614 599 2906 663 ἀποδυόμεθα,

1613 673 1655 718 ἐν
1679 670 1924 729 διαθήκαις,
1954 671 1998 717 ἐν
2020 669 2290 731 ἐκκομιδαῖς,
2309 671 2354 718 ἐν
2378 669 2621 735 τάφοις·ὥς
2639 690 2746 738 φησι
2773 675 2904 722 Διοσ-
2968 702 2969 706 =
3002 672 3013 733 {J

1610 740 1807 806 κουρίδης
1837 742 1880 788 ἐν
1916 743 2003 794 τοῖς
2027 739 2485 806 Ἀπομνημονεύμασι.
2512 747 2626 791 Haee
2661 746 2928 792 Athenaeus'

1610 815 1853 875 sumpsisse
1875 814 2066 860 videtur
2081 830 2139 860 ex
2158 816 2511 862 Commentariis
2529 817 2836 880 Hegesandri.
2944 814 2949 815 ⁷
3002 804 3006 809 ‚

2238 931 2284 980 8.

1677 1038 1833 1088 Schol.
1858 1044 2017 1103 Apoll.
2036 1044 2194 1090 Rhod.
2212 1046 2260 1106 Ι,
2281 1050 2369 1102 741
2404 1062 2414 1090 ε
2439 1044 2724 1110 Διοσκορίδης
2749 1044 2796 1094 δὲ
2822 1021 2908 1095 ὖπὸ

1612 1112 1876 1168 Ἀπόλλωνος
1897 1113 1999 1178 (τὴν
2024 1113 2159 1178 λύραν
2183 1115 2357 1193 δοθῆναι
2376 1115 2572 1183 Ἀμφίονι
2588 1115 2756 1183 λέγει).
2887 1114 2890 1115 ’
3004 1119 3006 1122 ’

1663 1513 1760 1552 Erat
1790 1508 1913 1552 Plato‘
1932 1522 2013 1551 non
2039 1510 2263 1551 malevolus
2282 1511 2412 1551 solum
2425 1541 2440 1560 ,
2458 1521 2602 1553 verum
2628 1511 2750 1552 etiam
2774 1511 2923 1562 gloriae'

1612 1575 1805 1627 cupidus;
1820 1575 1854 1616 is
1875 1575 1945 1627 qui
1960 1574 2117 1615 dixerat
2136 1586 2146 1614 :
2168 1591 2188 1610 «
2215 1576 2447 1616 Extremam
2466 1576 2668 1628 tunicam,
2685 1574 2822 1626 gloriae
2838 1587 2908 1616 eu-
2934 1590 2939 1594 ·

1611 1639 1841 1691 piditatem‚
1873 1640 1915 1680 in
1941 1640 2025 1691 ipsa
2052 1641 2183 1680 morte
2210 1639 2469 1692 deponimus,
2497 1641 2541 1682 in
2567 1640 2840 1690 testamentis,
2867 1641 2910 1683 h

1613 1704 1833 1755 exsequiis,
1864 1704 1906 1744 in
1927 1704 2204 1756 sepulcrorum
2223 1705 2523 1756 monumentis,
2543 1721 2564 1741 »
2580 1706 2627 1746 ut
2642 1703 2765 1748 tradit
2789 1704 2909 1747 Βίου

1613 1768 1766 1810 corides
1783 1768 1825 1808 in
1841 1768 2180 1809 Memorabilibus·⁴

1665 1925 1912 1974 Dioscorides
1922 1926 1977 1973 ait
1988 1932 2039 1973 ab
2052 1935 2080 1974 A
2085 1932 2230 1984 polline
2239 1932 2500 1984 Amphionem
2508 1932 2594 1984 lyra
2602 1932 2797 1980 donatum
2806 1941 2908 1976 em
