3016 4628
258 310 347 352 140

686 393 1103 459 [xomuemn]

800 515 914 578 [ιω
937 514 1000 577 3.]

321 626 480 692 [Arist.
500 628 601 674 Pol.
627 631 683 685 V,
699 646 746 689 9,
769 644 828 673 22
852 643 861 675 :
887 625 1103 692 Δευτέρα(
1116 628 1246 687 quod
1266 628 1325 672 ad
1342 638 1541 686 tempus,

249 714 337 762 per
370 700 501 761 quod
523 700 675 762 stetit)
708 697 751 744 δὲ
777 698 875 760 περὶ
899 696 1104 761 Κόρινθον
1129 701 1155 754 ἡ
1180 700 1264 744 τῶν
1289 697 1544 761 Κυψελιδῶν

257 773 345 833 (sc.
369 769 597 835 τυραννίς)·
618 769 692 816 καὶ
710 767 793 834 γὰρ
812 767 920 826 αὕτη
947 768 1179 816 διετέλεσεν
1198 768 1270 824 ἔτη
1297 767 1394 832 τρία
1414 763 1544 829 [ἑπτὰ

252 846 400 904 Sylb.;
431 841 474 897 ἓξ
497 844 683 888 Miiller.
714 844 869 902 AEgin.
893 858 941 902 p.
980 843 1066 899 64,
1094 843 1204 886 Dor.
1236 844 1282 898 I,
1316 841 1436 895 163]
1470 855 1543 884 και

257 914 554 977 ἒὸδομήκοντα
584 913 658 961 καὶ
683 912 724 967 ἓξ
747 917 898 975 μῆνας.
947 911 1143 976 Κύψελος
1165 911 1241 973 μὲν
1263 909 1344 974 γὰρ
1367 909 1540 975 ἐτυράν-

254 1006 380 1044 νησεν
407 985 481 1044 ἔτη
499 985 752 1052 τριάκοντα,
783 983 1040 1048 Περίανδρος
1065 983 1109 1028 δὲ
1132 981 1447 1046 τετταράκοντα
1469 999 1543 1027 και

253 1059 462 1123 τέτταρα.
532 1057 839 1120 Ψαμμήτιχος
865 1055 954 1101 δ’ὁ
977 1054 1154 1119 Ιορδίου
1185 1052 1278 1117 τρία
1306 1051 1398 1109 ἔτη.
1470 1051 1540 1100 'lte

255 1131 293 1178 δ’
318 1130 437 1178 αἴτια
459 1129 596 1178 ταυτὰ
616 1149 689 1176 και
709 1127 894 1184 ταύτης’
921 1130 942 1174 ὁ
967 1125 1043 1188 μὲν
1068 1125 1149 1190 γὰρ
1177 1124 1374 1190 Κύψελος
1399 1125 1541 1185 δημα-

256 1202 393 1267 γωγὸς
415 1195 466 1260 ἧν
481 1239 494 1264 ,
524 1200 599 1248 καὶ
631 1199 743 1247 κατὰ
766 1197 841 1256 τὴν
869 1197 1005 1264 ἀρχὴν
1032 1197 1262 1243 διετέλεσεν
1282 1193 1542 1260 ἀδορυφόρη-

257 1292 354 1334 τος,
381 1274 640 1339 Περίανδρος
663 1274 699 1319 δ’
733 1271 896 1335 ἐγένετο
929 1269 1006 1332 μὲν
1031 1267 1305 1333 τυραννικὸς,
1328 1268 1438 1313 ἀλλὰ
1459 1286 1538 1314 πο-

259 1346 450 1411 λεμικός.
480 1349 492 1409 (
518 1351 780 1407 Incongrua
804 1347 933 1390 locus
957 1346 1182 1399 continet3
1215 1359 1263 1389 v·
1292 1344 1486 1402 interpr.
1508 1338 1537 1404 ).

320 1424 375 1468 V.
410 1422 454 1475 8,
478 1427 502 1474 l.
534 1436 546 1466 :
574 1419 768 1484 Κύψελος
791 1419 832 1463 ἐν
858 1415 1086 1482 Κορίνθῳ..
1113 1417 1160 1462 ἐκ
1181 1413 1462 1477 δημαγωγίας
1482 1415 1542 1459 ad

257 1492 550 1551 tyrannidem
573 1492 800 1550 pervenit.

322 1562 418 1620 111,
444 1564 500 1619 8,
530 1563 554 1607 3
585 1578 597 1610 ε
626 1560 702 1609 Διὸ
727 1559 799 1607 καὶ
833 1558 928 1613 τοὺς
957 1559 1166 1624 ψέγοντας
1199 1557 1276 1615 τὴν
1309 1556 1539 1622 τυραννίδα

257 1634 332 1680 καὶ
370 1633 446 1691 τὴν
492 1633 755 1698 Περιάνδρου
799 1631 1098 1697 Θρασυὸούλῳ
1145 1630 1410 1694 συμὸουλίαν
1460 1632 1542 1695 οὐχ

259 1707 405 1759 ἁπλῶς
428 1705 589 1764 οἰητέον
616 1708 745 1769 ὀρθῶς
775 1707 991 1766 ἐπιτιμᾶν.
1012 1703 1136 1752 Φασὶ
1156 1704 1238 1768 γὰρ
1259 1703 1331 1750 τὸν
1356 1702 1540 1769 Περίαν-

259 1778 356 1840 δρον
381 1778 511 1823 εἰπεῖν
539 1776 615 1839 μὲν
633 1775 748 1823 οὐδὲν
769 1775 871 1840 πρὸς
886 1776 957 1822 τὸν
978 1773 1224 1840 πεμφθέντα
1248 1774 1418 1840 κήρυκα
1442 1794 1542 1839 περι

258 1853 332 1906 τῆς
357 1848 643 1910 συμὸουλίας,
669 1850 931 1913 ἀφαιροῦντα
958 1848 1000 1895 δὲ
1026 1847 1119 1901 τοὺς
1151 1846 1437 1911 ὑπερέχοντας
1457 1850 1541 1895 τῶν

259 1919 458 1985 σταχύων
483 1921 697 1982 ὁμαλῦναι
729 1918 805 1976 τὴν
828 1919 1010 1984 ἄρουραν
1026 1939 1036 1948 ·
1062 1918 1154 1966 ὅθεν
1185 1921 1434 1982 ἀγνοοῦντος
1463 1918 1540 1982 μὲν

262 1997 333 2039 τοῦ
363 1992 543 2057 κήρυκος
566 1996 640 2038 τοῦ
664 1990 886 2054 γινομένου
910 1992 987 2049 τὴν
1013 1991 1173 2050 αἰτίαν,
1202 1991 1543 2056 ἀπαγγείλαντος

259 2065 302 2111 δὲ
325 2064 371 2110 τὸ
401 2063 638 2126 συμπεσὸν,
676 2067 903 2121 συννοῆσαι
934 2064 1004 2111 τὸν
1032 2063 1358 2128 Θρασύὸουλον,
1387 2064 1452 2111 ὅτι
1480 2065 1546 2111 δεῖ

257 2137 352 2191 τοὺς
386 2137 666 2201 ὑπερέχοντας
705 2136 859 2203 ἄνδρας
900 2139 1101 2202 ἀναιρεῖν.
1152 2139 1328 2184 Eadem
1373 2141 1545 2184 iterum

258 2213 402 2271 tangit
425 2214 476 2268 V,
506 2211 551 2266 8,
583 2228 624 2268 7.

321 2285 373 2338 V,
395 2294 423 2342 9
439 2317 450 2338 ‚
481 2299 506 2327 2
534 2297 545 2329 ε
569 2279 744 2328 Τούτων
771 2281 785 2343 (
805 2299 868 2330 sc.
891 2274 950 2335 οἷς
967 2283 1010 2328 αἱ
1036 2281 1279 2346 τυραννίδες
1300 2281 1508 2338 σώζονται
1527 2283 1542 2346 )

255 2351 309 2399 τὰ
334 2354 473 2400 πόλλά
498 2373 602 2419 φασι
619 2358 890 2412 καταστῆσαι
916 2355 1180 2419 Περίανδρον
1203 2355 1273 2402 τὸν
1297 2354 1540 2421 Κορίνθοιν.

321 2429 373 2484 V,
400 2442 445 2486 9,
473 2434 496 2480 4
530 2444 539 2471 :
569 2424 657 2473 Καὶ
678 2424 725 2471 τὸ
755 2424 941 2483 πένητας
961 2434 1097 2474 ποιεῖν
1119 2426 1216 2481 τοὺς
1248 2425 1541 2492 ἀρχομένους,

256 2498 546 2561 τυραννικόν...
559 2498 843 2563 Παράδειγμα
863 2498 905 2545 δὲ
923 2498 1110 2549 τούτου..
1126 2498 1200 2547 καὶ
1214 2498 1269 2546 τὰ
1284 2498 1544 2563 ἀναθήματα

257 2573 339 2616 τῶν
373 2572 620 2636 Κυψελιδῶν
629 2607 639 2616 .

802 2713 902 2765 [102
927 2713 986 2766 a.]

310 2775 324 2826 [
339 2778 520 2817 Proxime
537 2778 722 2818 diuturna
740 2780 813 2819 fuit
827 2781 1124 2831 Cypselidarum
1140 2783 1319 2832 tyrannis
1332 2782 1515 2822 Corinthi
1532 2797 1542 2821 t

259 2839 345 2878 lime
368 2840 471 2879 enim
510 2841 623 2880 firma
654 2844 866 2892 permansit
889 2856 1011 2885 annos
1030 2846 1280 2896 septuaginta
1301 2847 1383 2885 tres
1405 2848 1445 2885 et
1473 2857 1544 2885 sex

258 2915 423 2943 menses.
443 2908 541 2944 Nam
565 2907 754 2956 Cypselus
773 2920 897 2948 annos
919 2911 1077 2960 triginta
1096 2912 1274 2960 regnavit
1294 2927 1303 2951 ι
1326 2911 1542 2951 Periander

259 2968 434 3018 quadrag,
424 2971 515 3008 ¹inta
531 2972 739 3022 quattuor;
762 2975 1085 3022 Psammetichus,
1106 2975 1265 3015 Gordiae
1286 2975 1405 3025 filius,
1419 2986 1545 3015 annos

259 3033 352 3070 tres
372 3035 509 3071 Causae
525 3035 656 3072 autem
682 3035 799 3084 hujus
815 3048 973 3087 quoque
989 3041 1082 3077 sunt
1097 3039 1263 3079 eaedem.
1282 3041 1382 3079 Nam
1399 3042 1542 3090 Cypse-

259 3094 322 3134 lus
347 3096 505 3145 quidetn
534 3084 722 3146 popuffim
752 3099 995 3149 indulgenter
1015 3103 1232 3153 tractabat,
1263 3114 1338 3142 nec
1354 3104 1404 3142 ab
1431 3104 1544 3143 initio

261 3159 439 3207 prasidio
452 3160 499 3197 ad
515 3160 573 3198 sui
594 3162 767 3210 eorporis
783 3164 1001 3203 custodiam
1019 3177 1112 3205 usus
1130 3168 1204 3206 est.
1220 3167 1434 3207 Periandei
1450 3178 1543 3207 vero

262 3221 335 3260 suit
352 3222 416 3261 ille
431 3222 592 3272 quidem
608 3225 833 3273 tyrannicus
844 3256 854 3275 ,
872 3228 939 3266 sed
959 3230 1091 3268 tamen
1107 3231 1332 3271 bellicosus.
1346 3230 1361 3283 ]

313 3285 527 3336 [Cypselus
558 3288 736 3327 Corinthi
770 3300 821 3328 ex
850 3291 1074 3342 demagogia
1102 3294 1152 3333 ad
1175 3295 1427 3345 tyrannidem
1454 3306 1542 3346 per-

261 3349 404 3399 venit]

313 3411 529 3462 [Quocirca
549 3414 587 3451 et
608 3413 630 3451 ii
648 3414 714 3463 qui
734 3416 979 3465 tyrannidem
999 3419 1285 3471 consiliumque
1301 3421 1409 3472 quod
1435 3422 1543 3462 dedit

263 3476 471 3515 Periander
494 3477 738 3526 'l'lirasybulo
754 3508 764 3527 ‚
784 3480 1028 3532 vituperant,
1056 3494 1136 3522 non
1168 3486 1261 3524 sunt
1289 3485 1543 3526 existimandi

262 3539 490 3589 simpliciter
512 3539 550 3578 id
578 3543 682 3578 recte
705 3543 999 3591 reprehendere.
1018 3546 1139 3585 Aiunt
1162 3548 1268 3587 enim
1286 3549 1542 3590 Periandrum

263 3603 358 3641 nilul
387 3603 496 3642 illum
513 3603 673 3653 quidun
690 3605 725 3642 ei
742 3607 880 3645 nuntio
899 3609 965 3656 qui
985 3610 1052 3647 mi
1047 3621 1124 3650 sus
1141 3611 1288 3662 tum-‚at
1311 3613 1360 3652 de
1377 3625 1423 3653 eo
1435 3615 1542 3664 quod

262 3667 549 3717 consuleretur,
577 3670 838 3719 respondisse;
860 3674 923 3711 sed
956 3675 1080 3723 spicas
1106 3678 1322 3718 eminentes
1348 3680 1542 3721 demendo

261 3741 347 3778 ug(
351 3732 429 3768 tem
460 3730 708 3781 adaquasse
731 3744 777 3771 rx
802 3747 881 3784 quo
913 3748 1035 3785 quum
1070 3740 1160 3779 sacti
1192 3752 1351 3781 causam
1379 3744 1543 3786 nuntius

262 3793 481 3842 ignoraret,
518 3793 555 3832 id
587 3797 720 3834 autem
751 3798 857 3847 quod
889 3799 1092 3840 accidisset
1120 3804 1401 3856 renuntiasset,
1430 3807 1541 3847 intel-

263 3857 403 3895 lexisse
418 3859 448 3895 'l
452 3857 731 3908 hrasybnlum,
760 3861 866 3901 viros
885 3865 1217 3912 supereminentes
1241 3867 1289 3907 de
1312 3870 1442 3910 medio
1461 3883 1544 3912 esse

262 3920 469 3959 tollendos
481 3919 495 3971 ]

313 3983 501 4033 Horum,
518 3984 662 4034 quihus
685 3986 1055 4035 tyruinuleseonsei
1060 3992 1217 4042 vantur
1235 3994 1422 4045 pleraque
1439 3997 1544 4038 iusti

260 4048 379 4088 tuisse
401 4049 655 4089 l’eriandrum
675 4050 923 4092 Corinthium
947 4055 1094 4094 ser.uut
1115 4056 1130 4108 ]

314 4110 466 4162 [Etiam
491 4113 596 4152 cives
615 4115 784 4164 spoliare
814 4115 927 4155 bonis
958 4120 1207 4165 tyrannicum
1239 4123 1310 4162 (st.
1338 4125 1464 4173 HuJus
1488 4126 1541 4165 rei

262 4176 489 4224 exemplum
512 4176 731 4226 pra-..bent
738 4180 1161 4229 ‚Cypselidarumdom
1164 4196 1172 4221 ι
1187 4184 1260 4223 diis
1280 4190 1518 4227 consecrata.
1531 4188 1547 4240 ]

315 4237 399 4288 [lit
435 4249 549 4289 porro
570 4241 686 4281 etiam
712 4244 750 4282 et
781 4243 818 4282 in
844 4243 946 4284 bello
977 4246 1014 4284 et
1047 4246 1085 4285 in
1111 4258 1206 4296 paee
1236 4249 1313 4299 olig
1304 4251 1542 4291 νιειΓιιιίοΓιιιιι

1084 359 1088 361 ’
1163 295 1564 345 ARISTOTELIS
1600 297 1638 345 F
1641 295 1910 345 RAGMEN
1915 297 1954 343 Γ
1957 295 2048 343 Α

1574 2625 1584 2630 ,
1618 2569 1797 2626 ἀταξίαν
1817 2589 1892 2617 και
1917 2569 2140 2635 ἀναρχίαν
2164 2568 2450 2628 ἡττηθέντων.

1681 400 1737 456 V,
1765 395 1808 452 5,
1837 412 1898 455 9:
1927 392 2102 440 Ιίνεται
2129 390 2173 438 δὲ
2198 390 2419 454 μεταὸολὴ
2441 395 2525 440 τῶν
2552 395 2812 461 ὀλιγαρχιῶν
2833 395 2927 451 καὶ

1615 469 1658 512 ἐν
1678 466 1856 528 πολέμῳ
1873 464 1948 511 καὶ
1978 466 2021 510 ἐν
2047 463 2216 528 εἷρηνῃ·
2239 466 2281 510 ἐν
2301 463 2378 526 μὲν
2401 465 2582 532 πολέμῳ
2607 467 2678 515 διὰ
2703 467 2780 527 τὴν
2803 470 2919 577 ἰι-ρξ’)

1615 538 1685 584 τὸν
1711 539 1847 595 δημον
1873 535 2077 583 ἀπιστίαν
2102 555 2390 600 στρατιωταις
2389 538 2775 611 m<ivory>t‹222;<>1.1,s'v‹me
2797 560 2849 607 χι

1617 614 1736 656 σθαι·
1761 612 1797 673 ὧ
1823 605 1906 672 γὰρ
1940 606 1990 653 ἂν
2015 606 2342 698 ἐγχειρίσωσιν,
2367 613 2487 664 οὗτος
2510 611 2721 667 πολλάκις
2747 603 2911 679 γίνετῖᾎῇἒ

1613 681 1840 747 τύραννος,
1871 681 2018 746 ὥσπερ
2036 683 2078 727 ἐν
2108 680 2305 748 Κορίνθῳ
2331 682 2601 749 Τιμοφάνης.
2623 685 2643 749 ]
2914 711 2915 714 “

1674 759 1746 801 De
1786 755 2042 843 Periandro
2072 755 2131 800 cf.
2177 757 2318 817 Diog.
2353 759 2408 804 L.
2439 760 2489 814 I,
2525 774 2630 819 99:
2663 756 2752 806 Και
2796 746 2922 824 Ἀρ

1612 826 1815 884 στοτέλης
1849 824 1927 888 μὲν
1951 825 2023 872 τὸν
2050 825 2272 890 Κορίνθιόν
2296 827 2310 890 (
2332 845 2394 876 sc.
2431 829 2700 895 Περίανδρον
2723 829 2737 895 )
2771 849 2922 896 φησιν

1612 903 1720 945 εἰναι
1754 897 1825 946 τὸν
1865 897 1993 963 σοφόν
2028 899 2196 960 (quem
2225 902 2578 949 Ambraciotam
2605 903 2909 977 Periandru

1610 973 1743 1017 fuisse
1768 973 1985 1031 opinatus
2008 982 2076 1018 est
2095 974 2345 1019 Neanthes.
2366 973 2380 1034 )

2074 1102 2438 1152 ΜΕΓΑΡΕΩΝ.

2203 1224 2311 1270 103.

1679 1333 1848 1378 Strabo
1890 1335 2006 1390 VII,
2047 1349 2098 1393 p.
2139 1333 2231 1378 322
2265 1347 2276 1380 ε
2303 1331 2380 1380 Ἐν
2407 1332 2452 1380 δὲ
2485 1336 2542 1397 τῇ
2575 1336 2660 1380 τῶν
2701 1323 2926 1386 Aitm2“,·‘”

1611 1402 1822 1471 (πολιτείᾳ
1838 1402 2148 1466 Ἀριστοτέλης)
2165 1403 2261 1458 τοὺς
2272 1408 2345 1451 νῦν
2360 1404 2555 1470 Λοκροὺς
2568 1405 2760 1470 Λέλεγας
2771 1407 2905 1455 κοιλί-

1608 1476 1846 1539 κατασχεῒν
1878 1475 1922 1522 δὲ
1947 1475 2021 1522 καὶ
2058 1474 2136 1534 τὴν
2164 1475 2376 1524 Βοιωτίαν
2399 1476 2553 1531 αὐτούς
2577 1497 2728 1544 φησιν·
2754 1482 2837 1541 ὁμο
2878 1487 2931 1529 ιι·

1609 1547 1654 1596 δὲ
1673 1547 1749 1596 καὶ
1774 1550 1816 1595 ἐν
1841 1551 1895 1613 τῇ
1923 1547 2197 1598 Ὀπουντίων.
2219 1548 2295 1596 καὶ
2320 1549 2557 1616 Μεγαρέων
2586 1550 2807 1618 (πολιτείᾳ
2822 1553 2857 1617 ).
2914 1546 2916 1551 ’
2951 1588 2953 1590 -

2171 1665 2316 1728 [104
2332 1666 2350 1729 ]
2904 1634 2954 1713 *i

1679 1771 1845 1835 [Arist.
1883 1774 1988 1817 Pol.
2027 1776 2086 1833 V,
2120 1779 2145 1827 4
2161 1808 2174 1830 ,
2272 1775 2634 1859 :Tyrannidem
2667 1778 2925 1846 occupavi
2930 1809 2955 1826 ,.

1610 1841 1830 1906 Θεαγένης
1865 1845 1908 1890 ἐν
1943 1862 2031 1896 τοις
2065 1843 2288 1910 Μεγάροις
2321 1848 2407 1892 τῶν
2453 1844 2663 1936 ε’ῧπόρων
2684 1844 2739 1893 τὰ
2778 1845 2905 1906 κτή

1612 1914 1888 1981 ἀποσφάξας,
1913 1914 2060 1962 λαὸὼν
2086 1915 2207 1980 παρὰ
2232 1916 2302 1963 τὸν
2325 1916 2521 1978 ποταμὸν
2545 1916 2844 1982 ἐπινέμοντας.

1677 1987 1732 2045 V,
1766 1994 1812 2046 4,
1841 1989 1907 2034 3:
1937 1984 2317 2053 Παραπλησίως
2294 1988 2338 2036 οὲ
2372 1988 2447 2036 καὶ
2471 1992 2498 2047 ἡ
2528 1990 2569 2036 ἐν
2595 1989 2814 2054 Μεγάροις
2832 2009 2919 2038 κα

1615 2058 1771 2118 τελύθη
1798 2059 2112 2124 δημοκρατία·
2134 2062 2172 2107 οι
2192 2059 2278 2125 γὰρ
2301 2061 2583 2124 δημαγωγοὶ,
2607 2060 2679 2109 ινα
2702 2062 2927 2127 χρήματα
2926 2075 2956 2123 ιι

1617 2151 1751 2197 εχωσι
1789 2131 2017 2194 δημεύειν,
2054 2132 2283 2188 ἐξέὸαλλον
2321 2133 2506 2188 πολλους
2542 2137 2626 2181 τῶν
2662 2150 2955 2203 γνωριμων,
2955 2183 2957 2186 ,

1616 2205 1695 2259 ἕως
1721 2203 1949 2259 πολλους’
1931 2204 2138 2264 εποίησαν
2163 2205 2260 2260 τους
2284 2205 2538 2271 φεύγοντας·
2561 2209 2598 2254 οἱ
2624 2206 2668 2254 δὲ
2693 2207 2914 2257 κατιόντε
2955 2260 2957 2268 ⁴

1615 2275 1817 2335 ἐνίκησαν
1855 2278 2094 2342 μαχόμενοι
2129 2276 2201 2326 τὸν
2234 2279 2370 2340 δημον
2406 2297 2480 2326 και
2517 2277 2791 2337 κατέστησαν
2826 2277 2945 2339 τὴ
2953 2342 2957 2346 ’

1617 2351 1887 2415 ὀλιγαρχίαν.
1958 2353 2070 2398 Συνε
2054 2350 2130 2408 ἕδη
2169 2349 2214 2397 δὲ
2238 2369 2394 2398 ταυτον
2422 2353 2496 2398 καὶ
2519 2350 2620 2416 περὶ
2655 2347 2923 2435 Κύμηνὲῥ

1615 2444 1692 2482 της
1717 2423 2012 2488 δημοκρατίας
2033 2423 2085 2481 ἣν
2111 2421 2321 2471 κατέλυσε
2346 2423 2660 2488 Θρασύμαχος.

1680 2501 1735 2555 V,
1758 2515 1804 2555 2,
1829 2500 1893 2546 6:
1920 2496 1977 2545 Ἡ
2002 2495 2183 2561 Μεγεαρ
2183 2516 2242 2543 ων
2271 2497 2574 2562 (δημοκρατία
2599 2496 2832 2564 διεφθάρη)
2857 2497 2933 2546 δι

2924 1719 2946 1733 4,.»

2898 1739 2899 1742 ’
2912 1737 2953 1787 ’ϊῖῐξ

1619 2708 1788 2749 mutatio
1824 2724 1833 2748 :
1869 2709 1910 2748 in
1944 2695 2050 2748 bello
2082 2707 2246 2758 quidem
2274 2707 2370 2746 dum
2404 2709 2613 2758 propterea
2642 2707 2751 2758 quod
2780 2699 2916 2759 populi
2935 2719 2947 2759 ’ᾗ

1619 2774 1740 2813 fidem
1756 2773 1905 2812 habent
1933 2772 2158 2822 suspectam
2170 2801 2181 2821 ‚
2198 2771 2392 2811 militibus
2408 2772 2584 2812 externis
2598 2773 2798 2822 coguntur
2814 2770 2875 2812 uti
2899 2788 2922 2814 ε.

1618 2838 1683 2877 eui
1705 2838 1811 2876 enim
1827 2836 2047 2877 exercitum
2062 2835 2322 2884 tradiderint,
2339 2835 2406 2874 hic
2429 2846 2704 2886 saepenumero
2721 2836 2919 2887 tyrannus

1620 2901 1806 2951 efficitur,
1825 2899 2168 2951 quemadmodum
2185 2898 2368 2938 Corinthi
2390 2898 2696 2950 Timophanes.]

1975 3038 1977 3041 .
2022 3005 2505 3055 MEGARENSIUM.

2213 3133 2314 3174 103.
2872 3190 2878 3202 ’

1668 3217 1715 3255 In
1736 3215 1958 3255 AEtolorum
1973 3216 2069 3266 Rep.
2091 3216 2320 3256 Aristoteles
2337 3226 2439 3266 quos
2450 3226 2560 3255 nunc
2577 3218 2728 3257 Locros
2741 3211 2912 3266 dicimus

1618 3281 1777 3330 Leleges
1807 3280 2002 3331 appellat,
2022 3281 2278 3332 tenuisseque
2304 3281 2425 3320 etiam
2449 3281 2645 3322 Boeotiam
2673 3292 2743 3323 eos
2774 3282 2911 3324 refert.

1617 3345 1766 3385 Similia
1786 3345 1907 3385 habet
1922 3345 2041 3385 etiam
2058 3345 2101 3385 in
2121 3346 2394 3396 Opuntiorum
2413 3345 2454 3386 et
2471 3345 2513 3386 in
2530 3345 2820 3397 Megarensium
2835 3348 2911 3389 Ro-

1616 3409 1790 3461 publica.

2200 3460 2334 3518 1104].
2611 3507 2613 3509 .

1671 3538 1968 3599 [Tyrannidem
1986 3546 2197 3596 occupavit
2210 3547 2437 3597 Theagenes
2451 3531 2635 3596 Megaris,
2655 3556 2784 3597 quum
2805 3546 2838 3588 is
2849 3546 2911 3600 lo·

1619 3611 1839 3662 cupletium
1861 3620 2006 3660 pecora
2024 3609 2076 3649 ad
2094 3610 2264 3649 fluvium
2286 3608 2486 3660 pascentia
2497 3609 2758 3662 iugulasset]
2867 3603 2873 3619 ²

1669 3675 1887 3726 [Similiter
1901 3675 1942 3713 et
1957 3684 2049 3724 quae
2065 3673 2233 3723 Megaris
2253 3674 2340 3713 erat
2354 3671 2600 3712 democratia
2615 3673 2808 3715 dissoluta
2821 3674 2882 3716 est
2896 3689 2910 3717 ι

1616 3744 1709 3779 nam
1730 3739 1866 3790 populi
1885 3738 2072 3784 ductores
2093 3739 2140 3778 ut
2167 3738 2275 3778 bona
2309 3737 2558 3788 privatorum
2584 3737 2802 3793 publicare,
2829 3756 2883 3773 ·:

1617 3804 1704 3843 sent
1715 3833 1727 3854 ,
1747 3802 1897 3842 multos
1921 3800 2074 3841 nobiles
2088 3811 2111 3841 e
2128 3800 2289 3840 civitate
2305 3801 2623 3840 exterminarunt
2638 3811 2766 3853 usque
2779 3812 2828 3843 eo
2842 3796 2895 3843 do

1616 3879 1690 3906 neo
1723 3876 1913 3917 magnum
1944 3865 2111 3905 exulum
2142 3875 2360 3904 numerum
2390 3864 2584 3906 fecerunt.
2617 3864 2681 3905 Illi
2707 3866 2881 3907 antemi

1617 3931 1819 3970 civitatem
1835 3929 1885 3969 ab
1901 3929 2020 3969 exilio
2043 3927 2191 3968 reversi
2209 3929 2328 3978 signis
2355 3928 2511 3968 collatis
2533 3928 2727 3979 populum
2743 3928 2894 3980 super

1618 3998 1712 4036 runt
1739 3998 1780 4036 et
1805 3995 2059 4046 oligarehiam
2088 4005 2139 4034 ex
2166 3993 2414 4034 democratia
2445 3994 2638 4035 fecerunt.
2659 3994 2773 4035 Idem
2790 4006 2879 4047 por

1618 4061 1756 4101 cumis
1784 4059 1951 4111 accidit,
1978 4058 2122 4111 quain
2145 4058 2243 4100 urbe
2276 4059 2565 4100 democratiam
2589 4059 2885 4118 Thrasymacl

1618 4125 1798 4165 funditus
1819 4089 1981 4164 delevit.
1997 4123 2013 4175 ]
2883 4130 2893 4141 ··

1669 4189 1684 4241 [
1699 4187 1983 4240 Megarensium
1993 4187 2250 4238 democratia,
2259 4198 2385 4239 quum
2394 4187 2558 4239 propter
2567 4198 2700 4229 rerum
2709 4185 2768 4228 et
2756 4182 2867 4238 imp'

1620 4253 1959 4303 perturbationem
1984 4251 2157 4303 superati
2177 4252 2306 4292 essent
2318 4281 2328 4302 ,
2349 4251 2478 4292 deleta
2493 4252 2565 4292 est.
2576 4251 2591 4303 ]
2652 4268 2655 4270 ·
