<?xml version="1.0" encoding="UTF-8"?>
<!DOCTYPE html PUBLIC "-//W3C//DTD XHTML 1.0 Transitional//EN"
    "http://www.w3.org/TR/xhtml1/DTD/xhtml1-transitional.dtd">
<html xmlns="http://www.w3.org/1999/xhtml" xml:lang="en" lang="en">
 <head>
  <title>
</title>
<meta http-equiv="Content-Type" content="text/html;charset=utf-8" />
  <meta name='ocr-system' content='tesseract 3.04.00' />
  <meta name='ocr-capabilities' content='ocr_page ocr_carea ocr_par ocr_line ocrx_word'/>
</head>
<body>
  <div class='ocr_page' id='page_1' title='image "./fragmentahistori02mueluoft_0564.png"; bbox 0 0 3008 4542; ppageno 0'>
   <div class='ocr_carea' id='block_1_1' title="bbox 206 214 375 269">
    <p class='ocr_par' dir='ltr' id='par_1_1' title="bbox 206 214 375 269">
     <span class='ocr_line' id='line_1_1' title="bbox 206 214 375 269; baseline -0.006 0"><span class='ocrx_word' id='word_1_1' title='bbox 206 214 222 252; x_wconf 49' lang='grc' dir='ltr'>ἱ</span> <span class='ocrx_word' id='word_1_2' title='bbox 279 230 375 269; x_wconf 61' lang='lat'>»512</span> 
     </span>
    </p>
   </div>
   <div class='ocr_carea' id='block_1_2' title="bbox 202 329 1563 3953">
    <p class='ocr_par' dir='ltr' id='par_1_2' title="bbox 267 329 1563 1120">
     <span class='ocr_line' id='line_1_2' title="bbox 277 329 1556 397; baseline 0 -20"><span class='ocrx_word' id='word_1_3' title='bbox 277 331 417 389; x_wconf 83' lang='grc' dir='ltr'>δείας,</span> <span class='ocrx_word' id='word_1_4' title='bbox 454 334 511 386; x_wconf 84' lang='grc' dir='ltr'>ὡς</span> <span class='ocrx_word' id='word_1_5' title='bbox 537 331 663 389; x_wconf 70' lang='grc' dir='ltr'>δῆλός</span> <span class='ocrx_word' id='word_1_6' title='bbox 701 333 813 379; x_wconf 83' lang='grc' dir='ltr'>ἐστιν</span> <span class='ocrx_word' id='word_1_7' title='bbox 830 347 840 358; x_wconf 85' lang='grc'><em>·</em></span> <span class='ocrx_word' id='word_1_8' title='bbox 883 329 1075 396; x_wconf 84' lang='grc' dir='ltr'>γέγραφε</span> <span class='ocrx_word' id='word_1_9' title='bbox 1100 331 1182 395; x_wconf 84' lang='grc' dir='ltr'>γὰρ</span> <span class='ocrx_word' id='word_1_10' title='bbox 1226 330 1410 379; x_wconf 54' lang='grc' dir='ltr'>(Ελλάδι</span> <span class='ocrx_word' id='word_1_11' title='bbox 1436 335 1556 397; x_wconf 75' lang='grc' dir='ltr'>φωνῇ</span> 
     </span>
     <span class='ocr_line' id='line_1_3' title="bbox 274 402 1562 470; baseline 0.001 -21"><span class='ocrx_word' id='word_1_12' title='bbox 274 402 351 460; x_wconf 78' lang='grc' dir='ltr'>τὴν</span> <span class='ocrx_word' id='word_1_13' title='bbox 377 403 555 468; x_wconf 87' lang='grc' dir='ltr'>πάτριον</span> <span class='ocrx_word' id='word_1_14' title='bbox 575 403 783 470; x_wconf 78' lang='grc' dir='ltr'>ἱστορίαν,</span> <span class='ocrx_word' id='word_1_15' title='bbox 807 406 855 451; x_wconf 81' lang='grc' dir='ltr'>ἐκ</span> <span class='ocrx_word' id='word_1_16' title='bbox 875 407 958 450; x_wconf 81' lang='grc' dir='ltr'>τῶν</span> <span class='ocrx_word' id='word_1_17' title='bbox 983 406 1126 468; x_wconf 78' lang='grc' dir='ltr'>ἱερῶν,</span> <span class='ocrx_word' id='word_1_18' title='bbox 1169 403 1236 457; x_wconf 78' lang='grc' dir='ltr'>ὥς</span> <span class='ocrx_word' id='word_1_19' title='bbox 1286 423 1444 469; x_wconf 91' lang='grc' dir='ltr'>φησιν</span> <span class='ocrx_word' id='word_1_20' title='bbox 1480 406 1562 450; x_wconf 77' lang='grc' dir='ltr'>αὖ·</span> 
     </span>
     <span class='ocr_line' id='line_1_4' title="bbox 273 475 1563 541; baseline -0.001 -19"><span class='ocrx_word' id='word_1_21' title='bbox 273 476 380 535; x_wconf 82' lang='grc' dir='ltr'>τὸς,</span> <span class='ocrx_word' id='word_1_22' title='bbox 407 475 687 541; x_wconf 80' lang='grc' dir='ltr'>μεταφράσας</span> <span class='ocrx_word' id='word_1_23' title='bbox 730 476 804 524; x_wconf 81' lang='grc' dir='ltr'>καὶ</span> <span class='ocrx_word' id='word_1_24' title='bbox 846 476 988 523; x_wconf 79' lang='grc' dir='ltr'>πολλὰ</span> <span class='ocrx_word' id='word_1_25' title='bbox 1020 477 1090 523; x_wconf 84' lang='grc' dir='ltr'>τὸν</span> <span class='ocrx_word' id='word_1_26' title='bbox 1132 475 1362 541; x_wconf 85' lang='grc' dir='ltr'>Ἡρόδοτον</span> <span class='ocrx_word' id='word_1_27' title='bbox 1398 475 1563 539; x_wconf 82' lang='grc' dir='ltr'>ἐλέγχει</span> 
     </span>
     <span class='ocr_line' id='line_1_5' title="bbox 272 547 1563 612; baseline -0.001 -19"><span class='ocrx_word' id='word_1_28' title='bbox 272 551 357 595; x_wconf 87' lang='grc' dir='ltr'>τῶν</span> <span class='ocrx_word' id='word_1_29' title='bbox 392 551 700 612; x_wconf 80' lang='grc' dir='ltr'>Αἰγυπτιακῶν</span> <span class='ocrx_word' id='word_1_30' title='bbox 733 550 804 595; x_wconf 74' lang='grc' dir='ltr'>ὑπ’</span> <span class='ocrx_word' id='word_1_31' title='bbox 839 548 1010 611; x_wconf 80' lang='grc' dir='ltr'>ἀγνοίας</span> <span class='ocrx_word' id='word_1_32' title='bbox 1042 547 1314 612; x_wconf 80' lang='grc' dir='ltr'>ἐψευσμένον.</span> <span class='ocrx_word' id='word_1_33' title='bbox 1340 576 1404 581; x_wconf 93' lang='lat'>——</span> <span class='ocrx_word' id='word_1_34' title='bbox 1431 549 1563 592; x_wconf 84' lang='lat' dir='ltr'><strong>Idem</strong></span> 
     </span>
     <span class='ocr_line' id='line_1_6' title="bbox 271 618 1561 684; baseline -0.001 -20"><span class='ocrx_word' id='word_1_35' title='bbox 271 621 389 668; x_wconf 88' lang='lat' dir='ltr'><strong>ibid.</strong></span> <span class='ocrx_word' id='word_1_36' title='bbox 420 639 461 669; x_wconf 85' lang='lat' dir='ltr'>e.</span> <span class='ocrx_word' id='word_1_37' title='bbox 490 623 551 667; x_wconf 83' lang='lat'>26</span> <span class='ocrx_word' id='word_1_38' title='bbox 581 639 591 666; x_wconf 93' lang='lat'><strong>:</strong></span> <span class='ocrx_word' id='word_1_39' title='bbox 620 623 686 669; x_wconf 90' lang='lat' dir='ltr'>M.</span> <span class='ocrx_word' id='word_1_40' title='bbox 715 623 737 667; x_wconf 82' lang='grc' dir='ltr'><strong>ὃ</strong></span> <span class='ocrx_word' id='word_1_41' title='bbox 763 618 841 678; x_wconf 70' lang='grc' dir='ltr'>τὴν</span> <span class='ocrx_word' id='word_1_42' title='bbox 860 619 1160 684; x_wconf 84' lang='grc' dir='ltr'>Αἰγυπτιακὴν</span> <span class='ocrx_word' id='word_1_43' title='bbox 1191 618 1380 683; x_wconf 81' lang='grc' dir='ltr'>ἱστορίαν</span> <span class='ocrx_word' id='word_1_44' title='bbox 1407 621 1454 665; x_wconf 79' lang='grc' dir='ltr'>ἐκ</span> <span class='ocrx_word' id='word_1_45' title='bbox 1478 621 1561 664; x_wconf 85' lang='grc' dir='ltr'>τῶν</span> 
     </span>
     <span class='ocr_line' id='line_1_7' title="bbox 272 690 1556 758; baseline 0.001 -21"><span class='ocrx_word' id='word_1_46' title='bbox 272 693 397 756; x_wconf 82' lang='grc' dir='ltr'>ἱερῶν</span> <span class='ocrx_word' id='word_1_47' title='bbox 422 693 696 758; x_wconf 79' lang='grc' dir='ltr'>γραμμάτων</span> <span class='ocrx_word' id='word_1_48' title='bbox 735 691 981 757; x_wconf 78' lang='grc' dir='ltr'>ἑρμηνεύειν</span> <span class='ocrx_word' id='word_1_49' title='bbox 1003 690 1299 755; x_wconf 75' lang='grc' dir='ltr'>ὑπεσχημένος</span> <span class='ocrx_word' id='word_1_50' title='bbox 1343 692 1426 752; x_wconf 89' lang='lat' dir='ltr'>(fr.</span> <span class='ocrx_word' id='word_1_51' title='bbox 1453 690 1556 753; x_wconf 87' lang='grc'>52).</span> 
     </span>
     <span class='ocr_line' id='line_1_8' title="bbox 269 755 1560 827; baseline -0.002 -15"><span class='ocrx_word' id='word_1_52' title='bbox 269 789 336 800; x_wconf 88' lang='lat'>·—</span> <span class='ocrx_word' id='word_1_53' title='bbox 357 768 580 812; x_wconf 85' lang='lat' dir='ltr'>Eusebius</span> <span class='ocrx_word' id='word_1_54' title='bbox 602 769 655 814; x_wconf 90' lang='lat' dir='ltr'>P.</span> <span class='ocrx_word' id='word_1_55' title='bbox 685 769 738 811; x_wconf 89' lang='lat' dir='ltr'>E.</span> <span class='ocrx_word' id='word_1_56' title='bbox 762 783 810 827; x_wconf 90' lang='lat' dir='ltr'>p.</span> <span class='ocrx_word' id='word_1_57' title='bbox 850 772 925 823; x_wconf 74' lang='grc'>44,</span> <span class='ocrx_word' id='word_1_58' title='bbox 954 768 988 812; x_wconf 92' lang='lat' dir='ltr'>C</span> <span class='ocrx_word' id='word_1_59' title='bbox 1015 782 1025 809; x_wconf 70' lang='grc' dir='ltr'><strong><em>ε</em></strong></span> <span class='ocrx_word' id='word_1_60' title='bbox 1063 766 1220 812; x_wconf 80' lang='grc' dir='ltr'>Πᾶσαν</span> <span class='ocrx_word' id='word_1_61' title='bbox 1259 761 1336 824; x_wconf 82' lang='grc' dir='ltr'>μὲν</span> <span class='ocrx_word' id='word_1_62' title='bbox 1371 755 1442 809; x_wconf 71' lang='grc' dir='ltr'>οῧν</span> <span class='ocrx_word' id='word_1_63' title='bbox 1484 762 1560 819; x_wconf 87' lang='grc' dir='ltr'>τὴν</span> 
     </span>
     <span class='ocr_line' id='line_1_9' title="bbox 268 835 1560 903; baseline -0.002 -18"><span class='ocrx_word' id='word_1_64' title='bbox 268 837 571 902; x_wconf 82' lang='grc' dir='ltr'>Αἰγυπτιακὴν</span> <span class='ocrx_word' id='word_1_65' title='bbox 594 837 784 903; x_wconf 79' lang='grc' dir='ltr'>ἱστορίαν</span> <span class='ocrx_word' id='word_1_66' title='bbox 820 839 878 890; x_wconf 88' lang='grc' dir='ltr'>εἷς</span> <span class='ocrx_word' id='word_1_67' title='bbox 897 837 1056 890; x_wconf 82' lang='grc' dir='ltr'>πλάτος</span> <span class='ocrx_word' id='word_1_68' title='bbox 1074 840 1149 893; x_wconf 71' lang='grc' dir='ltr'>τῆς</span> <span class='ocrx_word' id='word_1_69' title='bbox 1170 835 1393 893; x_wconf 81' lang='grc' dir='ltr'>Ἑλλήνων</span> <span class='ocrx_word' id='word_1_70' title='bbox 1416 835 1560 897; x_wconf 56' lang='grc' dir='ltr'>μετείω</span> 
     </span>
     <span class='ocr_line' id='line_1_10' title="bbox 267 905 1558 975; baseline -0.002 -20"><span class='ocrx_word' id='word_1_71' title='bbox 267 909 377 975; x_wconf 87' lang='grc' dir='ltr'>ληφε</span> <span class='ocrx_word' id='word_1_72' title='bbox 406 914 572 975; x_wconf 67' lang='grc' dir='ltr'>φωνῆς,</span> <span class='ocrx_word' id='word_1_73' title='bbox 595 909 709 963; x_wconf 84' lang='grc' dir='ltr'>ἰδίως</span> <span class='ocrx_word' id='word_1_74' title='bbox 734 909 777 956; x_wconf 79' lang='grc' dir='ltr'>δὲ</span> <span class='ocrx_word' id='word_1_75' title='bbox 803 907 856 955; x_wconf 81' lang='grc' dir='ltr'>τὰ</span> <span class='ocrx_word' id='word_1_76' title='bbox 881 908 978 971; x_wconf 79' lang='grc' dir='ltr'>περὶ</span> <span class='ocrx_word' id='word_1_77' title='bbox 999 911 1073 965; x_wconf 73' lang='grc' dir='ltr'>τῆς</span> <span class='ocrx_word' id='word_1_78' title='bbox 1108 907 1203 954; x_wconf 88' lang='grc' dir='ltr'>κατ’</span> <span class='ocrx_word' id='word_1_79' title='bbox 1238 905 1389 960; x_wconf 77' lang='grc' dir='ltr'>αὐτοὺς</span> <span class='ocrx_word' id='word_1_80' title='bbox 1416 907 1558 953; x_wconf 87' lang='grc' dir='ltr'>θεολο-</span> 
     </span>
     <span class='ocr_line' id='line_1_11' title="bbox 267 973 1560 1045; baseline -0.002 -18"><span class='ocrx_word' id='word_1_81' title='bbox 267 980 362 1044; x_wconf 90' lang='grc' dir='ltr'>γίας</span> <span class='ocrx_word' id='word_1_82' title='bbox 386 984 596 1037; x_wconf 82' lang='grc' dir='ltr'>Μανεθῶς</span> <span class='ocrx_word' id='word_1_83' title='bbox 624 986 645 1029; x_wconf 86' lang='grc' dir='ltr'><strong><em>ὃ</em></strong></span> <span class='ocrx_word' id='word_1_84' title='bbox 669 982 903 1044; x_wconf 83' lang='grc' dir='ltr'>Αἰγύπτιος</span> <span class='ocrx_word' id='word_1_85' title='bbox 934 980 976 1027; x_wconf 86' lang='grc' dir='ltr'>ἔν</span> <span class='ocrx_word' id='word_1_86' title='bbox 1018 999 1063 1027; x_wconf 90' lang='grc' dir='ltr'>τε</span> <span class='ocrx_word' id='word_1_87' title='bbox 1089 973 1118 1043; x_wconf 65' lang='grc' dir='ltr'>ἦ</span> <span class='ocrx_word' id='word_1_88' title='bbox 1149 979 1334 1045; x_wconf 80' lang='grc' dir='ltr'>ἔγραψεν</span> <span class='ocrx_word' id='word_1_89' title='bbox 1366 981 1462 1044; x_wconf 73' lang='grc' dir='ltr'>ἱερᾷ</span> <span class='ocrx_word' id='word_1_90' title='bbox 1494 978 1560 1042; x_wconf 85' lang='grc' dir='ltr'>βί-</span> 
     </span>
     <span class='ocr_line' id='line_1_12' title="bbox 268 1053 1225 1120; baseline -0.003 -19"><span class='ocrx_word' id='word_1_91' title='bbox 268 1053 360 1120; x_wconf 60' lang='lat' dir='ltr'>EQ,</span> <span class='ocrx_word' id='word_1_92' title='bbox 382 1054 458 1103; x_wconf 73' lang='grc' dir='ltr'>καὶ</span> <span class='ocrx_word' id='word_1_93' title='bbox 482 1059 523 1103; x_wconf 77' lang='grc' dir='ltr'>ἐν</span> <span class='ocrx_word' id='word_1_94' title='bbox 548 1055 702 1120; x_wconf 79' lang='grc' dir='ltr'>ἑτέροις</span> <span class='ocrx_word' id='word_1_95' title='bbox 723 1057 851 1101; x_wconf 81' lang='grc' dir='ltr'>αὐτοῦ</span> <span class='ocrx_word' id='word_1_96' title='bbox 876 1053 1225 1118; x_wconf 84' lang='grc' dir='ltr'>συγγράμμασιν.</span> 
     </span>
    </p>

    <p class='ocr_par' dir='ltr' id='par_1_3' title="bbox 246 1127 1558 2352">
     <span class='ocr_line' id='line_1_13' title="bbox 251 1127 1557 1192; baseline -0.002 -18"><span class='ocrx_word' id='word_1_97' title='bbox 251 1189 255 1192; x_wconf 32' lang='grc'>-</span> <span class='ocrx_word' id='word_1_98' title='bbox 333 1132 646 1175; x_wconf 82' lang='lat' dir='ltr'>Historiarum</span> <span class='ocrx_word' id='word_1_99' title='bbox 682 1145 800 1188; x_wconf 89' lang='lat' dir='ltr'>opus</span> <span class='ocrx_word' id='word_1_100' title='bbox 832 1138 922 1172; x_wconf 89' lang='lat' dir='ltr'>tres</span> <span class='ocrx_word' id='word_1_101' title='bbox 958 1127 1356 1186; x_wconf 77' lang='lat' dir='ltr'>complectebatur</span> <span class='ocrx_word' id='word_1_102' title='bbox 1383 1127 1557 1184; x_wconf 85' lang='lat' dir='ltr'>libros,</span> 
     </span>
     <span class='ocr_line' id='line_1_14' title="bbox 267 1199 1558 1262; baseline -0.002 -16"><span class='ocrx_word' id='word_1_103' title='bbox 267 1218 470 1261; x_wconf 87' lang='lat' dir='ltr'>quorum</span> <span class='ocrx_word' id='word_1_104' title='bbox 489 1203 644 1262; x_wconf 86' lang='lat' dir='ltr'>primo</span> <span class='ocrx_word' id='word_1_105' title='bbox 671 1210 836 1245; x_wconf 82' lang='lat' dir='ltr'>auctor</span> <span class='ocrx_word' id='word_1_106' title='bbox 861 1200 1092 1243; x_wconf 83' lang='lat' dir='ltr'>recensuit</span> <span class='ocrx_word' id='word_1_107' title='bbox 1123 1208 1336 1258; x_wconf 86' lang='lat' dir='ltr'>tempora</span> <span class='ocrx_word' id='word_1_108' title='bbox 1356 1199 1558 1257; x_wconf 86' lang='lat' dir='ltr'>mythica</span> 
     </span>
     <span class='ocr_line' id='line_1_15' title="bbox 246 1264 1557 1334; baseline -0.003 -15"><span class='ocrx_word' id='word_1_109' title='bbox 246 1264 359 1319; x_wconf 66' lang='lat' dir='ltr'>&#39;sive</span> <span class='ocrx_word' id='word_1_110' title='bbox 385 1291 485 1334; x_wconf 85' lang='lat' dir='ltr'>quae</span> <span class='ocrx_word' id='word_1_111' title='bbox 524 1275 582 1319; x_wconf 89' lang='lat' dir='ltr'>de</span> <span class='ocrx_word' id='word_1_112' title='bbox 622 1274 822 1318; x_wconf 87' lang='lat' dir='ltr'>deorum</span> <span class='ocrx_word' id='word_1_113' title='bbox 857 1282 903 1315; x_wconf 88' lang='lat' dir='ltr'>et</span> <span class='ocrx_word' id='word_1_114' title='bbox 927 1272 1240 1315; x_wconf 87' lang='lat' dir='ltr'>semideorum</span> <span class='ocrx_word' id='word_1_115' title='bbox 1259 1272 1413 1331; x_wconf 81' lang='lat' dir='ltr'>regnis</span> <span class='ocrx_word' id='word_1_116' title='bbox 1433 1271 1557 1330; x_wconf 77' lang='lat' dir='ltr'>fere-</span> 
     </span>
     <span class='ocr_line' id='line_1_16' title="bbox 263 1343 1555 1405; baseline -0.003 -14"><span class='ocrx_word' id='word_1_117' title='bbox 263 1343 451 1402; x_wconf 84' lang='lat' dir='ltr'>bantur,</span> <span class='ocrx_word' id='word_1_118' title='bbox 469 1357 514 1391; x_wconf 88' lang='lat' dir='ltr'>et</span> <span class='ocrx_word' id='word_1_119' title='bbox 538 1346 758 1405; x_wconf 89' lang='lat' dir='ltr'>deinceps</span> <span class='ocrx_word' id='word_1_120' title='bbox 783 1345 965 1403; x_wconf 80' lang='lat' dir='ltr'>priores</span> <span class='ocrx_word' id='word_1_121' title='bbox 987 1343 1207 1388; x_wconf 88' lang='lat' dir='ltr'>undecim</span> <span class='ocrx_word' id='word_1_122' title='bbox 1233 1344 1462 1402; x_wconf 83' lang='lat' dir='ltr'>dynastias</span> <span class='ocrx_word' id='word_1_123' title='bbox 1482 1358 1555 1387; x_wconf 86' lang='lat' dir='ltr'>re-</span> 
     </span>
     <span class='ocr_line' id='line_1_17' title="bbox 265 1416 1553 1479; baseline -0.003 -16"><span class='ocrx_word' id='word_1_124' title='bbox 265 1435 377 1479; x_wconf 83' lang='lat' dir='ltr'>gum</span> <span class='ocrx_word' id='word_1_125' title='bbox 399 1420 692 1474; x_wconf 80' lang='lat' dir='ltr'>mortalium3</span> <span class='ocrx_word' id='word_1_126' title='bbox 717 1418 838 1461; x_wconf 87' lang='lat' dir='ltr'>libro</span> <span class='ocrx_word' id='word_1_127' title='bbox 869 1416 1074 1460; x_wconf 90' lang='lat' dir='ltr'>secundo</span> <span class='ocrx_word' id='word_1_128' title='bbox 1100 1416 1462 1460; x_wconf 83' lang='lat' dir='ltr'>continebantur</span> <span class='ocrx_word' id='word_1_129' title='bbox 1483 1430 1553 1459; x_wconf 87' lang='lat' dir='ltr'>se-</span> 
     </span>
     <span class='ocr_line' id='line_1_18' title="bbox 265 1486 1557 1554; baseline -0.002 -19"><span class='ocrx_word' id='word_1_130' title='bbox 265 1501 457 1550; x_wconf 90' lang='lat' dir='ltr'>quentes</span> <span class='ocrx_word' id='word_1_131' title='bbox 474 1492 689 1550; x_wconf 83' lang='lat' dir='ltr'>dynastiae</span> <span class='ocrx_word' id='word_1_132' title='bbox 701 1499 810 1554; x_wconf 87' lang='lat' dir='ltr'>octo</span> <span class='ocrx_word' id='word_1_133' title='bbox 824 1488 1125 1549; x_wconf 88' lang='lat' dir='ltr'>(XII—XIX</span> <span class='ocrx_word' id='word_1_134' title='bbox 1139 1486 1168 1551; x_wconf 89' lang='lat'>),</span> <span class='ocrx_word' id='word_1_135' title='bbox 1190 1504 1388 1547; x_wconf 88' lang='lat' dir='ltr'>quarum</span> <span class='ocrx_word' id='word_1_136' title='bbox 1405 1489 1557 1547; x_wconf 85' lang='lat' dir='ltr'>prima</span> 
     </span>
     <span class='ocr_line' id='line_1_19' title="bbox 264 1562 1555 1623; baseline -0.002 -16"><span class='ocrx_word' id='word_1_137' title='bbox 264 1563 519 1608; x_wconf 85' lang='lat' dir='ltr'>Sesostride</span> <span class='ocrx_word' id='word_1_138' title='bbox 550 1578 659 1623; x_wconf 86' lang='lat' dir='ltr'>rege</span> <span class='ocrx_word' id='word_1_139' title='bbox 691 1562 994 1606; x_wconf 86' lang='lat' dir='ltr'>celeberrima</span> <span class='ocrx_word' id='word_1_140' title='bbox 1026 1571 1112 1616; x_wconf 88' lang='lat' dir='ltr'>est,</span> <span class='ocrx_word' id='word_1_141' title='bbox 1147 1571 1385 1620; x_wconf 88' lang='lat' dir='ltr'>postrema</span> <span class='ocrx_word' id='word_1_142' title='bbox 1417 1562 1555 1606; x_wconf 91' lang='lat' dir='ltr'>Seso—</span> 
     </span>
     <span class='ocr_line' id='line_1_20' title="bbox 261 1633 1556 1693; baseline -0.002 -14"><span class='ocrx_word' id='word_1_143' title='bbox 261 1638 582 1681; x_wconf 73' lang='lat' dir='ltr'>stri-Ramesse</span> <span class='ocrx_word' id='word_1_144' title='bbox 606 1634 845 1692; x_wconf 80' lang='lat' dir='ltr'>inclaruit3</span> <span class='ocrx_word' id='word_1_145' title='bbox 871 1635 1072 1692; x_wconf 88' lang='lat' dir='ltr'>reliquas</span> <span class='ocrx_word' id='word_1_146' title='bbox 1087 1633 1304 1677; x_wconf 86' lang='lat' dir='ltr'>undecim</span> <span class='ocrx_word' id='word_1_147' title='bbox 1328 1633 1556 1693; x_wconf 78' lang='lat' dir='ltr'>dynastias</span> 
     </span>
     <span class='ocr_line' id='line_1_21' title="bbox 262 1705 1554 1767; baseline -0.001 -16"><span class='ocrx_word' id='word_1_148' title='bbox 262 1710 334 1752; x_wconf 87' lang='lat' dir='ltr'>vel</span> <span class='ocrx_word' id='word_1_149' title='bbox 361 1709 613 1753; x_wconf 85' lang='lat' dir='ltr'>duodecim</span> <span class='ocrx_word' id='word_1_150' title='bbox 642 1706 960 1767; x_wconf 89' lang='lat' dir='ltr'>(XX—XXX</span> <span class='ocrx_word' id='word_1_151' title='bbox 983 1707 1057 1750; x_wconf 84' lang='lat' dir='ltr'>vel</span> <span class='ocrx_word' id='word_1_152' title='bbox 1082 1705 1277 1766; x_wconf 87' lang='lat' dir='ltr'>XXXI)</span> <span class='ocrx_word' id='word_1_153' title='bbox 1311 1721 1457 1765; x_wconf 90' lang='lat' dir='ltr'>usque</span> <span class='ocrx_word' id='word_1_154' title='bbox 1496 1706 1554 1750; x_wconf 87' lang='lat' dir='ltr'>ad</span> 
     </span>
     <span class='ocr_line' id='line_1_22' title="bbox 261 1781 1552 1842; baseline 0.001 -15"><span class='ocrx_word' id='word_1_155' title='bbox 261 1793 550 1842; x_wconf 87' lang='lat' dir='ltr'>postremum</span> <span class='ocrx_word' id='word_1_156' title='bbox 565 1797 720 1842; x_wconf 85' lang='lat' dir='ltr'>regem</span> <span class='ocrx_word' id='word_1_157' title='bbox 743 1783 1014 1841; x_wconf 80' lang='lat' dir='ltr'>AEgyptium</span> <span class='ocrx_word' id='word_1_158' title='bbox 1027 1782 1100 1842; x_wconf 82' lang='lat' dir='ltr'>vel</span> <span class='ocrx_word' id='word_1_159' title='bbox 1116 1797 1263 1840; x_wconf 90' lang='lat' dir='ltr'>usque</span> <span class='ocrx_word' id='word_1_160' title='bbox 1282 1781 1342 1827; x_wconf 89' lang='lat' dir='ltr'>ad</span> <span class='ocrx_word' id='word_1_161' title='bbox 1358 1782 1552 1828; x_wconf 71' lang='lat' dir='ltr'>Alexan-</span> 
     </span>
     <span class='ocr_line' id='line_1_23' title="bbox 261 1854 1554 1916; baseline 0 -16"><span class='ocrx_word' id='word_1_162' title='bbox 261 1856 335 1900; x_wconf 89' lang='lat' dir='ltr'>dri</span> <span class='ocrx_word' id='word_1_163' title='bbox 350 1857 719 1901; x_wconf 83' lang='lat' dir='ltr'>dominationem</span> <span class='ocrx_word' id='word_1_164' title='bbox 732 1855 980 1899; x_wconf 87' lang='lat' dir='ltr'>exhibebat</span> <span class='ocrx_word' id='word_1_165' title='bbox 995 1855 1116 1898; x_wconf 89' lang='lat' dir='ltr'>liber</span> <span class='ocrx_word' id='word_1_166' title='bbox 1129 1854 1291 1900; x_wconf 75' lang='lat' dir='ltr'>tertius</span> <span class='ocrx_word' id='word_1_167' title='bbox 1304 1854 1351 1916; x_wconf 58' lang='grc' dir='ltr'>Γ)</span> <span class='ocrx_word' id='word_1_168' title='bbox 1363 1892 1372 1901; x_wconf 94' lang='grc'><strong>.</strong></span> <span class='ocrx_word' id='word_1_169' title='bbox 1390 1857 1482 1901; x_wconf 88' lang='lat' dir='ltr'>Sed</span> <span class='ocrx_word' id='word_1_170' title='bbox 1494 1857 1554 1901; x_wconf 91' lang='lat' dir='ltr'>de</span> 
     </span>
     <span class='ocr_line' id='line_1_24' title="bbox 259 1928 1555 1989; baseline -0.002 -15"><span class='ocrx_word' id='word_1_171' title='bbox 259 1930 330 1974; x_wconf 90' lang='lat' dir='ltr'>his</span> <span class='ocrx_word' id='word_1_172' title='bbox 348 1938 596 1989; x_wconf 85' lang='lat' dir='ltr'>antequam</span> <span class='ocrx_word' id='word_1_173' title='bbox 615 1928 870 1973; x_wconf 73' lang='lat' dir='ltr'>accuratius</span> <span class='ocrx_word' id='word_1_174' title='bbox 887 1941 1196 1988; x_wconf 70' lang='lat' dir='ltr'>exponamus,</span> <span class='ocrx_word' id='word_1_175' title='bbox 1214 1928 1471 1972; x_wconf 87' lang='lat' dir='ltr'>videndum</span> <span class='ocrx_word' id='word_1_176' title='bbox 1490 1938 1555 1973; x_wconf 88' lang='lat' dir='ltr'>est</span> 
     </span>
     <span class='ocr_line' id='line_1_25' title="bbox 260 1997 1554 2062; baseline -0.001 -16"><span class='ocrx_word' id='word_1_177' title='bbox 260 2002 320 2047; x_wconf 89' lang='lat' dir='ltr'>de</span> <span class='ocrx_word' id='word_1_178' title='bbox 334 2018 476 2062; x_wconf 87' lang='lat' dir='ltr'>opere</span> <span class='ocrx_word' id='word_1_179' title='bbox 497 2002 625 2061; x_wconf 91' lang='lat' dir='ltr'>quod</span> <span class='ocrx_word' id='word_1_180' title='bbox 638 1997 795 2052; x_wconf 75' lang='grc' dir='ltr'>Βίὸλος</span> <span class='ocrx_word' id='word_1_181' title='bbox 810 1997 974 2052; x_wconf 85' lang='grc' dir='ltr'>Σώθεος</span> <span class='ocrx_word' id='word_1_182' title='bbox 992 2000 1348 2045; x_wconf 87' lang='lat' dir='ltr'>inscribebatur.</span> <span class='ocrx_word' id='word_1_183' title='bbox 1369 2002 1480 2058; x_wconf 84' lang='lat' dir='ltr'>Quae</span> <span class='ocrx_word' id='word_1_184' title='bbox 1495 2001 1554 2045; x_wconf 91' lang='lat' dir='ltr'>de</span> 
     </span>
     <span class='ocr_line' id='line_1_26' title="bbox 257 2073 1555 2133; baseline -0.001 -15"><span class='ocrx_word' id='word_1_185' title='bbox 257 2090 316 2119; x_wconf 91' lang='lat' dir='ltr'>eo</span> <span class='ocrx_word' id='word_1_186' title='bbox 343 2083 581 2133; x_wconf 88' lang='lat' dir='ltr'>comperta</span> <span class='ocrx_word' id='word_1_187' title='bbox 603 2074 844 2129; x_wconf 87' lang='lat' dir='ltr'>habemus,</span> <span class='ocrx_word' id='word_1_188' title='bbox 885 2074 970 2116; x_wconf 90' lang='lat' dir='ltr'>uni</span> <span class='ocrx_word' id='word_1_189' title='bbox 998 2073 1221 2117; x_wconf 87' lang='lat' dir='ltr'>debemus</span> <span class='ocrx_word' id='word_1_190' title='bbox 1255 2074 1485 2132; x_wconf 85' lang='lat' dir='ltr'>SynceIIO.</span> <span class='ocrx_word' id='word_1_191' title='bbox 1511 2075 1555 2118; x_wconf 93' lang='lat' dir='ltr'>Is</span> 
     </span>
     <span class='ocr_line' id='line_1_27' title="bbox 259 2145 1554 2207; baseline 0 -17"><span class='ocrx_word' id='word_1_192' title='bbox 259 2149 385 2191; x_wconf 88' lang='lat' dir='ltr'>enim</span> <span class='ocrx_word' id='word_1_193' title='bbox 418 2156 667 2207; x_wconf 84' lang='lat' dir='ltr'>postquam</span> <span class='ocrx_word' id='word_1_194' title='bbox 700 2146 759 2190; x_wconf 90' lang='lat' dir='ltr'>de</span> <span class='ocrx_word' id='word_1_195' title='bbox 781 2146 940 2189; x_wconf 91' lang='lat' dir='ltr'>Berosi</span> <span class='ocrx_word' id='word_1_196' title='bbox 962 2145 1270 2204; x_wconf 83' lang='lat' dir='ltr'>chronologia</span> <span class='ocrx_word' id='word_1_197' title='bbox 1306 2145 1554 2190; x_wconf 88' lang='lat' dir='ltr'>Chaldaica</span> 
     </span>
     <span class='ocr_line' id='line_1_28' title="bbox 257 2218 1554 2278; baseline -0.002 -14"><span class='ocrx_word' id='word_1_198' title='bbox 257 2221 400 2264; x_wconf 73' lang='lat' dir='ltr'>verba</span> <span class='ocrx_word' id='word_1_199' title='bbox 413 2220 535 2274; x_wconf 90' lang='lat' dir='ltr'>fecit,</span> <span class='ocrx_word' id='word_1_200' title='bbox 553 2219 613 2263; x_wconf 85' lang='lat' dir='ltr'>ad</span> <span class='ocrx_word' id='word_1_201' title='bbox 636 2218 963 2278; x_wconf 86' lang='lat' dir='ltr'>AEgyptiorum</span> <span class='ocrx_word' id='word_1_202' title='bbox 984 2226 1197 2278; x_wconf 88' lang='lat' dir='ltr'>tempora</span> <span class='ocrx_word' id='word_1_203' title='bbox 1213 2233 1258 2262; x_wconf 92' lang='lat' dir='ltr'>se</span> <span class='ocrx_word' id='word_1_204' title='bbox 1279 2226 1554 2262; x_wconf 85' lang='lat' dir='ltr'>convertens</span> 
     </span>
     <span class='ocr_line' id='line_1_29' title="bbox 256 2291 1122 2352; baseline 0 -16"><span class='ocrx_word' id='word_1_205' title='bbox 256 2293 407 2352; x_wconf 84' lang='lat' dir='ltr'>pergit</span> <span class='ocrx_word' id='word_1_206' title='bbox 425 2293 550 2336; x_wconf 90' lang='lat' dir='ltr'>hunc</span> <span class='ocrx_word' id='word_1_207' title='bbox 574 2293 623 2334; x_wconf 90' lang='lat' dir='ltr'>in</span> <span class='ocrx_word' id='word_1_208' title='bbox 639 2291 835 2334; x_wconf 90' lang='lat' dir='ltr'>modum</span> <span class='ocrx_word' id='word_1_209' title='bbox 857 2307 907 2350; x_wconf 89' lang='lat' dir='ltr'>p.</span> <span class='ocrx_word' id='word_1_210' title='bbox 934 2295 994 2343; x_wconf 80' lang='grc' dir='ltr'>4ο</span> <span class='ocrx_word' id='word_1_211' title='bbox 1010 2325 1022 2346; x_wconf 90' lang='grc'>,</span> <span class='ocrx_word' id='word_1_212' title='bbox 1046 2293 1088 2335; x_wconf 94' lang='lat' dir='ltr'><strong>A</strong></span> <span class='ocrx_word' id='word_1_213' title='bbox 1112 2307 1122 2336; x_wconf 76' lang='lat' dir='ltr'><em>z</em></span> 
     </span>
    </p>

    <p class='ocr_par' dir='ltr' id='par_1_4' title="bbox 256 2360 1553 2866">
     <span class='ocr_line' id='line_1_30' title="bbox 326 2360 1551 2428; baseline -0.002 -16"><span class='ocrx_word' id='word_1_214' title='bbox 326 2363 562 2428; x_wconf 83' lang='grc' dir='ltr'>Πρόκειται</span> <span class='ocrx_word' id='word_1_215' title='bbox 597 2360 641 2408; x_wconf 83' lang='grc' dir='ltr'>δὲ</span> <span class='ocrx_word' id='word_1_216' title='bbox 677 2360 824 2408; x_wconf 83' lang='grc' dir='ltr'>λοιπὸν</span> <span class='ocrx_word' id='word_1_217' title='bbox 853 2361 926 2408; x_wconf 83' lang='grc' dir='ltr'>καὶ</span> <span class='ocrx_word' id='word_1_218' title='bbox 950 2361 1048 2425; x_wconf 88' lang='grc' dir='ltr'>περὶ</span> <span class='ocrx_word' id='word_1_219' title='bbox 1074 2365 1147 2419; x_wconf 73' lang='grc' dir='ltr'>τῆς</span> <span class='ocrx_word' id='word_1_220' title='bbox 1185 2363 1270 2408; x_wconf 77' lang='grc' dir='ltr'>τῶν</span> <span class='ocrx_word' id='word_1_221' title='bbox 1304 2361 1551 2425; x_wconf 86' lang='grc' dir='ltr'>Αἰγυπτίων</span> 
     </span>
     <span class='ocr_line' id='line_1_31' title="bbox 258 2434 1553 2500; baseline 0 -17"><span class='ocrx_word' id='word_1_222' title='bbox 258 2435 506 2490; x_wconf 85' lang='grc' dir='ltr'>δυναστείας</span> <span class='ocrx_word' id='word_1_223' title='bbox 542 2434 675 2500; x_wconf 83' lang='grc' dir='ltr'>μικρὰ</span> <span class='ocrx_word' id='word_1_224' title='bbox 707 2435 928 2482; x_wconf 61' lang='grc' dir='ltr'>διαλαέεῗν</span> <span class='ocrx_word' id='word_1_225' title='bbox 957 2437 1005 2482; x_wconf 81' lang='grc' dir='ltr'>ἐκ</span> <span class='ocrx_word' id='word_1_226' title='bbox 1030 2438 1114 2482; x_wconf 86' lang='grc' dir='ltr'>τῶν</span> <span class='ocrx_word' id='word_1_227' title='bbox 1142 2438 1329 2484; x_wconf 84' lang='grc' dir='ltr'>Μανεθῶ</span> <span class='ocrx_word' id='word_1_228' title='bbox 1364 2440 1437 2483; x_wconf 86' lang='grc' dir='ltr'>τοῦ</span> <span class='ocrx_word' id='word_1_229' title='bbox 1468 2438 1553 2485; x_wconf 88' lang='grc' dir='ltr'>Σε-</span> 
     </span>
     <span class='ocr_line' id='line_1_32' title="bbox 257 2508 1552 2575; baseline -0.001 -18"><span class='ocrx_word' id='word_1_230' title='bbox 257 2509 479 2569; x_wconf 75' lang='grc' dir='ltr'>ὅεννύτου,</span> <span class='ocrx_word' id='word_1_231' title='bbox 500 2509 543 2563; x_wconf 81' lang='grc' dir='ltr'>ὃς</span> <span class='ocrx_word' id='word_1_232' title='bbox 580 2509 648 2556; x_wconf 81' lang='grc' dir='ltr'>ἐπὶ</span> <span class='ocrx_word' id='word_1_233' title='bbox 674 2508 949 2571; x_wconf 87' lang='grc' dir='ltr'>Πτολεμαίου</span> <span class='ocrx_word' id='word_1_234' title='bbox 974 2513 1047 2555; x_wconf 85' lang='grc' dir='ltr'>τοῦ</span> <span class='ocrx_word' id='word_1_235' title='bbox 1083 2508 1363 2573; x_wconf 78' lang='grc' dir='ltr'>Φιλαδέλφου</span> <span class='ocrx_word' id='word_1_236' title='bbox 1399 2511 1552 2575; x_wconf 87' lang='grc' dir='ltr'>ἀρχιε-</span> 
     </span>
     <span class='ocr_line' id='line_1_33' title="bbox 258 2581 1552 2647; baseline 0.001 -18"><span class='ocrx_word' id='word_1_237' title='bbox 258 2582 352 2647; x_wconf 76' lang='grc' dir='ltr'>ρεὺς</span> <span class='ocrx_word' id='word_1_238' title='bbox 386 2586 471 2630; x_wconf 82' lang='grc' dir='ltr'>τῶν</span> <span class='ocrx_word' id='word_1_239' title='bbox 509 2583 552 2629; x_wconf 82' lang='grc' dir='ltr'>ἐν</span> <span class='ocrx_word' id='word_1_240' title='bbox 593 2583 801 2646; x_wconf 79' lang='grc' dir='ltr'>Αἰγύπτῳ</span> <span class='ocrx_word' id='word_1_241' title='bbox 836 2581 1062 2628; x_wconf 83' lang='grc' dir='ltr'>εἷδωλείων</span> <span class='ocrx_word' id='word_1_242' title='bbox 1098 2581 1374 2646; x_wconf 86' lang='grc' dir='ltr'>χρηματίσας</span> <span class='ocrx_word' id='word_1_243' title='bbox 1398 2585 1445 2629; x_wconf 80' lang='grc' dir='ltr'>ἐκ</span> <span class='ocrx_word' id='word_1_244' title='bbox 1469 2586 1552 2630; x_wconf 77' lang='grc' dir='ltr'>τῶν</span> 
     </span>
     <span class='ocr_line' id='line_1_34' title="bbox 257 2654 1553 2721; baseline 0.001 -19"><span class='ocrx_word' id='word_1_245' title='bbox 257 2658 300 2702; x_wconf 76' lang='grc' dir='ltr'>ἐν</span> <span class='ocrx_word' id='word_1_246' title='bbox 324 2660 378 2721; x_wconf 79' lang='grc' dir='ltr'>τῇ</span> <span class='ocrx_word' id='word_1_247' title='bbox 407 2655 646 2720; x_wconf 83' lang='grc' dir='ltr'>Σηριαδικῇ</span> <span class='ocrx_word' id='word_1_248' title='bbox 675 2658 730 2718; x_wconf 77' lang='grc' dir='ltr'>γῇ</span> <span class='ocrx_word' id='word_1_249' title='bbox 756 2654 963 2717; x_wconf 83' lang='grc' dir='ltr'>κειμένων</span> <span class='ocrx_word' id='word_1_250' title='bbox 996 2655 1292 2720; x_wconf 59' lang='grc' dir='ltr'>στηλῶν·ἳερᾷ</span> <span class='ocrx_word' id='word_1_251' title='bbox 1328 2674 1432 2720; x_wconf 88' lang='grc' dir='ltr'>φησι</span> <span class='ocrx_word' id='word_1_252' title='bbox 1457 2657 1553 2703; x_wconf 86' lang='grc' dir='ltr'>δια-</span> 
     </span>
     <span class='ocr_line' id='line_1_35' title="bbox 256 2723 1551 2794; baseline 0.002 -20"><span class='ocrx_word' id='word_1_253' title='bbox 256 2728 396 2794; x_wconf 90' lang='grc' dir='ltr'>λέκτῳ</span> <span class='ocrx_word' id='word_1_254' title='bbox 417 2727 490 2787; x_wconf 74' lang='grc' dir='ltr'>καὶ</span> <span class='ocrx_word' id='word_1_255' title='bbox 506 2731 820 2793; x_wconf 81' lang='grc' dir='ltr'>ἴερογραφικοῐς</span> <span class='ocrx_word' id='word_1_256' title='bbox 837 2727 1067 2792; x_wconf 89' lang='grc' dir='ltr'>γράμμασι</span> <span class='ocrx_word' id='word_1_257' title='bbox 1087 2723 1551 2793; x_wconf 85' lang='grc' dir='ltr'>κεχαρακτηρισμένων</span> 
     </span>
     <span class='ocr_line' id='line_1_36' title="bbox 258 2800 1552 2866; baseline 0 -17"><span class='ocrx_word' id='word_1_258' title='bbox 258 2802 340 2849; x_wconf 74' lang='grc' dir='ltr'>ὑπὸ</span> <span class='ocrx_word' id='word_1_259' title='bbox 360 2805 463 2852; x_wconf 83' lang='grc' dir='ltr'>Θῶθ</span> <span class='ocrx_word' id='word_1_260' title='bbox 487 2806 561 2848; x_wconf 90' lang='grc' dir='ltr'>τοῦ</span> <span class='ocrx_word' id='word_1_261' title='bbox 583 2800 754 2865; x_wconf 87' lang='grc' dir='ltr'>πρώτου</span> <span class='ocrx_word' id='word_1_262' title='bbox 772 2800 940 2866; x_wconf 81' lang='grc' dir='ltr'>Ἑρμοῦ</span> <span class='ocrx_word' id='word_1_263' title='bbox 956 2838 969 2861; x_wconf 89' lang='grc'>,</span> <span class='ocrx_word' id='word_1_264' title='bbox 992 2801 1064 2847; x_wconf 75' lang='grc' dir='ltr'>καὶ</span> <span class='ocrx_word' id='word_1_265' title='bbox 1086 2803 1422 2866; x_wconf 80' lang='grc' dir='ltr'>ἑρμηνευθεισῶν</span> <span class='ocrx_word' id='word_1_266' title='bbox 1443 2801 1552 2864; x_wconf 82' lang='grc' dir='ltr'>μετὰ</span> 
     </span>
    </p>

    <p class='ocr_par' dir='ltr' id='par_1_5' title="bbox 202 2872 1552 3438">
     <span class='ocr_line' id='line_1_37' title="bbox 202 2872 1551 2938; baseline 0 -16"><span class='ocrx_word' id='word_1_267' title='bbox 202 2901 205 2904; x_wconf 88' lang='grc'><em>·</em></span> <span class='ocrx_word' id='word_1_268' title='bbox 256 2875 328 2922; x_wconf 83' lang='grc' dir='ltr'>τὸν</span> <span class='ocrx_word' id='word_1_269' title='bbox 357 2873 662 2935; x_wconf 81' lang='grc' dir='ltr'>κατακλυσμὸν</span> <span class='ocrx_word' id='word_1_270' title='bbox 690 2876 738 2921; x_wconf 81' lang='grc' dir='ltr'>ἐκ</span> <span class='ocrx_word' id='word_1_271' title='bbox 761 2878 836 2931; x_wconf 82' lang='grc' dir='ltr'>τ’ἧς</span> <span class='ocrx_word' id='word_1_272' title='bbox 869 2876 984 2938; x_wconf 79' lang='grc' dir='ltr'>ἱερᾶς</span> <span class='ocrx_word' id='word_1_273' title='bbox 1009 2872 1230 2920; x_wconf 84' lang='grc' dir='ltr'>διαλέκτου</span> <span class='ocrx_word' id='word_1_274' title='bbox 1256 2875 1314 2927; x_wconf 86' lang='grc' dir='ltr'>εἷς</span> <span class='ocrx_word' id='word_1_275' title='bbox 1337 2873 1415 2932; x_wconf 82' lang='grc' dir='ltr'>τὴν</span> <span class='ocrx_word' id='word_1_276' title='bbox 1448 2874 1551 2924; x_wconf 63' lang='grc' dir='ltr'>ςΕλ·</span> 
     </span>
     <span class='ocr_line' id='line_1_38' title="bbox 257 2939 1549 3010; baseline 0.001 -16"><span class='ocrx_word' id='word_1_277' title='bbox 257 2946 411 3006; x_wconf 89' lang='grc' dir='ltr'>ληνίδα</span> <span class='ocrx_word' id='word_1_278' title='bbox 449 2946 592 3010; x_wconf 83' lang='grc' dir='ltr'>φωνὴν</span> <span class='ocrx_word' id='word_1_279' title='bbox 620 2947 708 3008; x_wconf 86' lang='grc' dir='ltr'>(εἷς</span> <span class='ocrx_word' id='word_1_280' title='bbox 731 2946 809 3003; x_wconf 72' lang='grc' dir='ltr'>τὴν</span> <span class='ocrx_word' id='word_1_281' title='bbox 843 2947 986 3002; x_wconf 82' lang='grc' dir='ltr'>κοινὴν</span> <span class='ocrx_word' id='word_1_282' title='bbox 1023 2944 1165 3010; x_wconf 86' lang='grc' dir='ltr'>φωνὴν</span> <span class='ocrx_word' id='word_1_283' title='bbox 1193 2964 1229 2995; x_wconf 87' lang='lat' dir='ltr'>S.</span> <span class='ocrx_word' id='word_1_284' title='bbox 1271 2939 1549 3010; x_wconf 67' lang='grc' dir='ltr'>διάλεκτονῗ)</span> 
     </span>
     <span class='ocr_line' id='line_1_39' title="bbox 256 3017 1552 3084; baseline -0.002 -18"><span class='ocrx_word' id='word_1_285' title='bbox 256 3019 509 3084; x_wconf 89' lang='grc' dir='ltr'>γράμμασιν</span> <span class='ocrx_word' id='word_1_286' title='bbox 544 3018 864 3083; x_wconf 83' lang='grc' dir='ltr'>ἱερογλυφικοῗς,</span> <span class='ocrx_word' id='word_1_287' title='bbox 894 3017 967 3064; x_wconf 85' lang='grc' dir='ltr'>καὶ</span> <span class='ocrx_word' id='word_1_288' title='bbox 994 3019 1279 3064; x_wconf 82' lang='grc' dir='ltr'>ἀποτεθεισῶν</span> <span class='ocrx_word' id='word_1_289' title='bbox 1311 3019 1354 3064; x_wconf 83' lang='grc' dir='ltr'>ἐν</span> <span class='ocrx_word' id='word_1_290' title='bbox 1386 3018 1552 3078; x_wconf 73' lang='grc' dir='ltr'>βίὸλοις</span> 
     </span>
     <span class='ocr_line' id='line_1_40' title="bbox 259 3088 1550 3155; baseline -0.002 -16"><span class='ocrx_word' id='word_1_291' title='bbox 259 3093 341 3140; x_wconf 81' lang='grc' dir='ltr'>ὑπὸ</span> <span class='ocrx_word' id='word_1_292' title='bbox 382 3096 456 3139; x_wconf 86' lang='grc' dir='ltr'>τοῦ</span> <span class='ocrx_word' id='word_1_293' title='bbox 491 3091 850 3154; x_wconf 82' lang='grc' dir='ltr'>Ἀγαθοδαίμονος</span> <span class='ocrx_word' id='word_1_294' title='bbox 884 3092 976 3136; x_wconf 81' lang='grc' dir='ltr'>υἱοῦ</span> <span class='ocrx_word' id='word_1_295' title='bbox 1012 3094 1087 3136; x_wconf 79' lang='grc' dir='ltr'>τοῦ</span> <span class='ocrx_word' id='word_1_296' title='bbox 1129 3088 1325 3154; x_wconf 86' lang='grc' dir='ltr'>δευτέρου</span> <span class='ocrx_word' id='word_1_297' title='bbox 1361 3089 1550 3155; x_wconf 80' lang='grc' dir='ltr'>Ἑρμοῦ,</span> 
     </span>
     <span class='ocr_line' id='line_1_41' title="bbox 255 3161 1549 3230; baseline -0.003 -17"><span class='ocrx_word' id='word_1_298' title='bbox 255 3166 417 3230; x_wconf 87' lang='grc' dir='ltr'>πατρὸς</span> <span class='ocrx_word' id='word_1_299' title='bbox 434 3165 477 3211; x_wconf 81' lang='grc' dir='ltr'>δὲ</span> <span class='ocrx_word' id='word_1_300' title='bbox 495 3169 570 3211; x_wconf 86' lang='grc' dir='ltr'>τοῦ</span> <span class='ocrx_word' id='word_1_301' title='bbox 588 3163 685 3212; x_wconf 88' lang='grc' dir='ltr'>Τὰτ</span> <span class='ocrx_word' id='word_1_302' title='bbox 706 3165 747 3209; x_wconf 79' lang='grc' dir='ltr'>ἓν</span> <span class='ocrx_word' id='word_1_303' title='bbox 766 3166 850 3215; x_wconf 89' lang='grc' dir='ltr'>τοῖς</span> <span class='ocrx_word' id='word_1_304' title='bbox 868 3162 1033 3216; x_wconf 84' lang='grc' dir='ltr'>ἀδύτοις</span> <span class='ocrx_word' id='word_1_305' title='bbox 1053 3164 1136 3209; x_wconf 82' lang='grc' dir='ltr'>τῶν</span> <span class='ocrx_word' id='word_1_306' title='bbox 1158 3164 1282 3226; x_wconf 82' lang='grc' dir='ltr'>ἱερῶν</span> <span class='ocrx_word' id='word_1_307' title='bbox 1301 3161 1549 3226; x_wconf 85' lang='grc' dir='ltr'>Αἰγύπτου,</span> 
     </span>
     <span class='ocr_line' id='line_1_42' title="bbox 256 3234 1550 3303; baseline -0.004 -18"><span class='ocrx_word' id='word_1_308' title='bbox 256 3237 564 3303; x_wconf 82' lang='grc' dir='ltr'>προσεφώνησε</span> <span class='ocrx_word' id='word_1_309' title='bbox 602 3239 662 3301; x_wconf 78' lang='grc' dir='ltr'>τῷ</span> <span class='ocrx_word' id='word_1_310' title='bbox 698 3236 814 3298; x_wconf 78' lang='grc' dir='ltr'>αὐτῷ</span> <span class='ocrx_word' id='word_1_311' title='bbox 850 3234 1117 3299; x_wconf 84' lang='grc' dir='ltr'>Φιλαδέλφῳ</span> <span class='ocrx_word' id='word_1_312' title='bbox 1156 3236 1325 3298; x_wconf 85' lang='grc' dir='ltr'>βασιλεῖ</span> <span class='ocrx_word' id='word_1_313' title='bbox 1368 3235 1550 3300; x_wconf 84' lang='grc' dir='ltr'>δευτέρῳ</span> 
     </span>
     <span class='ocr_line' id='line_1_43' title="bbox 257 3305 1550 3375; baseline -0.004 -16"><span class='ocrx_word' id='word_1_314' title='bbox 257 3310 521 3375; x_wconf 81' lang='grc' dir='ltr'>Πτολεμαίῳ</span> <span class='ocrx_word' id='word_1_315' title='bbox 542 3312 584 3357; x_wconf 82' lang='grc' dir='ltr'>ἐν</span> <span class='ocrx_word' id='word_1_316' title='bbox 613 3313 665 3374; x_wconf 84' lang='grc' dir='ltr'>τῇ</span> <span class='ocrx_word' id='word_1_317' title='bbox 693 3307 876 3373; x_wconf 68' lang='grc' dir='ltr'>Βίὸλῳ</span> <span class='ocrx_word' id='word_1_318' title='bbox 914 3311 1001 3366; x_wconf 74' lang='grc' dir='ltr'>τῆς</span> <span class='ocrx_word' id='word_1_319' title='bbox 1029 3305 1242 3360; x_wconf 84' lang='grc' dir='ltr'>Σώθεος</span> <span class='ocrx_word' id='word_1_320' title='bbox 1275 3305 1451 3371; x_wconf 84' lang='grc' dir='ltr'>γράφων</span> <span class='ocrx_word' id='word_1_321' title='bbox 1480 3308 1550 3354; x_wconf 86' lang='grc' dir='ltr'>ἐπὶ</span> 
     </span>
     <span class='ocr_line' id='line_1_44' title="bbox 255 3382 589 3438; baseline -0.003 -8"><span class='ocrx_word' id='word_1_322' title='bbox 255 3382 407 3438; x_wconf 82' lang='grc' dir='ltr'>λέξεως</span> <span class='ocrx_word' id='word_1_323' title='bbox 430 3382 562 3436; x_wconf 80' lang='grc' dir='ltr'>οὕτως</span> <span class='ocrx_word' id='word_1_324' title='bbox 579 3398 589 3407; x_wconf 90' lang='grc'><em>·</em></span> 
     </span>
    </p>

    <p class='ocr_par' dir='ltr' id='par_1_6' title="bbox 256 3449 1549 3589">
     <span class='ocr_line' id='line_1_45' title="bbox 313 3449 1549 3517; baseline -0.004 -13"><span class='ocrx_word' id='word_1_325' title='bbox 313 3453 625 3512; x_wconf 71' lang='grc' dir='ltr'>Ἐπιστολὴ</span> <span class='ocrx_word' id='word_1_326' title='bbox 663 3455 890 3501; x_wconf 82' lang='grc' dir='ltr'>Μανεθῶ</span> <span class='ocrx_word' id='word_1_327' title='bbox 929 3456 1021 3498; x_wconf 90' lang='grc' dir='ltr'>τοῦ</span> <span class='ocrx_word' id='word_1_328' title='bbox 1059 3449 1387 3499; x_wconf 70' lang='grc' dir='ltr'>Σεὸεννύτου</span> <span class='ocrx_word' id='word_1_329' title='bbox 1421 3452 1549 3517; x_wconf 78' lang='grc' dir='ltr'>πρὸς</span> 
     </span>
     <span class='ocr_line' id='line_1_46' title="bbox 256 3524 1132 3589; baseline -0.006 -12"><span class='ocrx_word' id='word_1_330' title='bbox 256 3530 618 3589; x_wconf 85' lang='grc' dir='ltr'>Πτολεμαῖον</span> <span class='ocrx_word' id='word_1_331' title='bbox 644 3525 731 3572; x_wconf 80' lang='grc' dir='ltr'>τὸν</span> <span class='ocrx_word' id='word_1_332' title='bbox 754 3524 1132 3589; x_wconf 85' lang='grc' dir='ltr'>Φιλάδελφον.</span> 
     </span>
    </p>

    <p class='ocr_par' dir='ltr' id='par_1_7' title="bbox 251 3595 1547 3882">
     <span class='ocr_line' id='line_1_47' title="bbox 321 3595 1547 3663; baseline -0.005 -15"><span class='ocrx_word' id='word_1_333' title='bbox 321 3623 339 3643; x_wconf 88' lang='lat'>«</span> <span class='ocrx_word' id='word_1_334' title='bbox 363 3602 545 3649; x_wconf 86' lang='grc' dir='ltr'>Βασιλεῖ</span> <span class='ocrx_word' id='word_1_335' title='bbox 572 3598 749 3662; x_wconf 88' lang='grc' dir='ltr'>μεγάλῳ</span> <span class='ocrx_word' id='word_1_336' title='bbox 770 3596 1031 3662; x_wconf 89' lang='grc' dir='ltr'>Πτολεμαίῳ</span> <span class='ocrx_word' id='word_1_337' title='bbox 1056 3595 1323 3662; x_wconf 85' lang='grc' dir='ltr'>Φιλαδέλφῳ</span> <span class='ocrx_word' id='word_1_338' title='bbox 1349 3596 1547 3663; x_wconf 68' lang='grc' dir='ltr'>σεὸαστῷ</span> 
     </span>
     <span class='ocr_line' id='line_1_48' title="bbox 254 3668 1545 3737; baseline -0.005 -16"><span class='ocrx_word' id='word_1_339' title='bbox 254 3676 441 3722; x_wconf 84' lang='grc' dir='ltr'>Μανεθῶ</span> <span class='ocrx_word' id='word_1_340' title='bbox 461 3670 684 3737; x_wconf 77' lang='grc' dir='ltr'>ἀρχιερεὺς</span> <span class='ocrx_word' id='word_1_341' title='bbox 706 3669 779 3717; x_wconf 86' lang='grc' dir='ltr'>καὶ</span> <span class='ocrx_word' id='word_1_342' title='bbox 803 3668 1084 3731; x_wconf 82' lang='grc' dir='ltr'>γραμματεὺς</span> <span class='ocrx_word' id='word_1_343' title='bbox 1102 3672 1185 3715; x_wconf 83' lang='grc' dir='ltr'>τῶν</span> <span class='ocrx_word' id='word_1_344' title='bbox 1207 3671 1301 3715; x_wconf 82' lang='grc' dir='ltr'>κατ’</span> <span class='ocrx_word' id='word_1_345' title='bbox 1327 3668 1545 3732; x_wconf 82' lang='grc' dir='ltr'>Αἴγυπτον</span> 
     </span>
     <span class='ocr_line' id='line_1_49' title="bbox 251 3740 1547 3809; baseline -0.005 -15"><span class='ocrx_word' id='word_1_346' title='bbox 251 3748 376 3809; x_wconf 75' lang='grc' dir='ltr'>ἱερῶν</span> <span class='ocrx_word' id='word_1_347' title='bbox 409 3745 594 3806; x_wconf 79' lang='grc' dir='ltr'>ἀδύτων,</span> <span class='ocrx_word' id='word_1_348' title='bbox 619 3742 731 3807; x_wconf 82' lang='grc' dir='ltr'>γένει</span> <span class='ocrx_word' id='word_1_349' title='bbox 768 3741 1031 3799; x_wconf 71' lang='grc' dir='ltr'>Σεὸεννύτης</span> <span class='ocrx_word' id='word_1_350' title='bbox 1069 3741 1272 3805; x_wconf 77' lang='grc' dir='ltr'>ὑπάρχων</span> <span class='ocrx_word' id='word_1_351' title='bbox 1311 3740 1547 3788; x_wconf 84' lang='grc' dir='ltr'>Ἡλιουπο-</span> 
     </span>
     <span class='ocr_line' id='line_1_50' title="bbox 251 3812 1344 3882; baseline -0.009 -17"><span class='ocrx_word' id='word_1_352' title='bbox 251 3820 399 3877; x_wconf 85' lang='grc' dir='ltr'>λίτης,</span> <span class='ocrx_word' id='word_1_353' title='bbox 426 3822 486 3882; x_wconf 77' lang='grc' dir='ltr'>τῷ</span> <span class='ocrx_word' id='word_1_354' title='bbox 512 3816 698 3880; x_wconf 82' lang='grc' dir='ltr'>δεσπότῃ</span> <span class='ocrx_word' id='word_1_355' title='bbox 726 3833 806 3877; x_wconf 89' lang='grc' dir='ltr'>μου</span> <span class='ocrx_word' id='word_1_356' title='bbox 834 3812 1093 3878; x_wconf 87' lang='grc' dir='ltr'>Πτολεμαίῳ</span> <span class='ocrx_word' id='word_1_357' title='bbox 1114 3814 1297 3877; x_wconf 75' lang='grc' dir='ltr'>χαίρειν.</span> <span class='ocrx_word' id='word_1_358' title='bbox 1326 3836 1344 3855; x_wconf 78' lang='grc' dir='ltr'>υ</span> 
     </span>
    </p>

    <p class='ocr_par' dir='ltr' id='par_1_8' title="bbox 317 3880 1542 3953">
     <span class='ocr_line' id='line_1_51' title="bbox 317 3880 1542 3953; baseline -0.002 -20"><span class='ocrx_word' id='word_1_359' title='bbox 317 3912 336 3933; x_wconf 85' lang='grc'><strong>«</strong></span> <span class='ocrx_word' id='word_1_360' title='bbox 355 3890 409 3938; x_wconf 87' lang='grc' dir='ltr'><strong>Ἡ</strong></span> <span class='ocrx_word' id='word_1_361' title='bbox 417 3898 498 3953; x_wconf 83' lang='grc' dir='ltr'>μᾶς</span> <span class='ocrx_word' id='word_1_362' title='bbox 516 3890 579 3936; x_wconf 86' lang='grc' dir='ltr'>δεῖ</span> <span class='ocrx_word' id='word_1_363' title='bbox 593 3886 846 3952; x_wconf 83' lang='grc' dir='ltr'>λογίζεσθαι,</span> <span class='ocrx_word' id='word_1_364' title='bbox 862 3880 1246 3950; x_wconf 81' lang='grc' dir='ltr'>μέγιστεβασιλεῦ,</span> <span class='ocrx_word' id='word_1_365' title='bbox 1259 3885 1358 3951; x_wconf 74' lang='grc' dir='ltr'>περὶ</span> <span class='ocrx_word' id='word_1_366' title='bbox 1371 3885 1542 3932; x_wconf 90' lang='grc' dir='ltr'>πάντων</span> 
     </span>
    </p>
   </div>
   <div class='ocr_carea' id='block_1_3' title="bbox 250 4031 1541 4197">
    <p class='ocr_par' dir='ltr' id='par_1_9' title="bbox 250 4031 1541 4197">
     <span class='ocr_line' id='line_1_52' title="bbox 301 4031 1541 4084; baseline -0.005 -10"><span class='ocrx_word' id='word_1_367' title='bbox 301 4035 349 4084; x_wconf 87' lang='lat'>(*)</span> <span class='ocrx_word' id='word_1_368' title='bbox 370 4034 559 4084; x_wconf 85' lang='lat' dir='ltr'>Dynastia</span> <span class='ocrx_word' id='word_1_369' title='bbox 588 4033 717 4072; x_wconf 84' lang='lat' dir='ltr'>XXXI</span> <span class='ocrx_word' id='word_1_370' title='bbox 739 4040 847 4080; x_wconf 84' lang='lat' dir='ltr'>reges</span> <span class='ocrx_word' id='word_1_371' title='bbox 866 4031 1079 4068; x_wconf 80' lang='lat' dir='ltr'>Persarum</span> <span class='ocrx_word' id='word_1_372' title='bbox 1105 4039 1331 4078; x_wconf 85' lang='lat' dir='ltr'>recensens,</span> <span class='ocrx_word' id='word_1_373' title='bbox 1349 4040 1440 4079; x_wconf 74' lang='lat' dir='ltr'>quae,</span> <span class='ocrx_word' id='word_1_374' title='bbox 1454 4031 1541 4079; x_wconf 85' lang='lat' dir='ltr'>post</span> 
     </span>
     <span class='ocr_line' id='line_1_53' title="bbox 250 4086 1538 4141; baseline -0.007 -9"><span class='ocrx_word' id='word_1_375' title='bbox 250 4092 519 4132; x_wconf 85' lang='lat' dir='ltr'>Nectanebum</span> <span class='ocrx_word' id='word_1_376' title='bbox 537 4099 662 4141; x_wconf 84' lang='lat' dir='ltr'>usque</span> <span class='ocrx_word' id='word_1_377' title='bbox 691 4088 741 4128; x_wconf 89' lang='lat' dir='ltr'>ad</span> <span class='ocrx_word' id='word_1_378' title='bbox 757 4086 970 4128; x_wconf 76' lang='lat' dir='ltr'>Alexandri</span> <span class='ocrx_word' id='word_1_379' title='bbox 998 4088 1176 4136; x_wconf 86' lang='lat' dir='ltr'>tempora</span> <span class='ocrx_word' id='word_1_380' title='bbox 1195 4088 1427 4135; x_wconf 84' lang='lat' dir='ltr'>regnarunt,</span> <span class='ocrx_word' id='word_1_381' title='bbox 1448 4097 1538 4136; x_wconf 86' lang='lat' dir='ltr'>pro·</span> 
     </span>
     <span class='ocr_line' id='line_1_54' title="bbox 250 4142 1541 4197; baseline -0.005 -9"><span class='ocrx_word' id='word_1_382' title='bbox 250 4149 430 4188; x_wconf 80' lang='lat' dir='ltr'>habiliter</span> <span class='ocrx_word' id='word_1_383' title='bbox 447 4159 525 4188; x_wconf 89' lang='lat' dir='ltr'>non</span> <span class='ocrx_word' id='word_1_384' title='bbox 546 4148 693 4197; x_wconf 85' lang='lat' dir='ltr'>abipso</span> <span class='ocrx_word' id='word_1_385' title='bbox 717 4144 955 4187; x_wconf 76' lang='lat' dir='ltr'>Manetlione</span> <span class='ocrx_word' id='word_1_386' title='bbox 970 4144 1146 4194; x_wconf 82' lang='lat' dir='ltr'>prosecta</span> <span class='ocrx_word' id='word_1_387' title='bbox 1160 4172 1170 4190; x_wconf 89' lang='lat'>,</span> <span class='ocrx_word' id='word_1_388' title='bbox 1203 4142 1270 4182; x_wconf 80' lang='lat' dir='ltr'>sed</span> <span class='ocrx_word' id='word_1_389' title='bbox 1293 4142 1343 4182; x_wconf 88' lang='lat' dir='ltr'>ab</span> <span class='ocrx_word' id='word_1_390' title='bbox 1359 4142 1447 4182; x_wconf 71' lang='lat' dir='ltr'>aliis</span> <span class='ocrx_word' id='word_1_391' title='bbox 1476 4142 1541 4181; x_wconf 87' lang='lat' dir='ltr'>ad-</span> 
     </span>
    </p>
   </div>
   <div class='ocr_carea' id='block_1_4' title="bbox 248 4208 419 4247">
    <p class='ocr_par' dir='ltr' id='par_1_10' title="bbox 248 4208 419 4247">
     <span class='ocr_line' id='line_1_55' title="bbox 248 4208 419 4247; baseline 0 -1"><span class='ocrx_word' id='word_1_392' title='bbox 248 4208 328 4247; x_wconf 77' lang='lat' dir='ltr'>dita</span> <span class='ocrx_word' id='word_1_393' title='bbox 346 4209 419 4247; x_wconf 69' lang='lat' dir='ltr'>ost.</span> 
     </span>
    </p>
   </div>
   <div class='ocr_carea' id='block_1_5' title="bbox 1201 221 2037 276">
    <p class='ocr_par' dir='ltr' id='par_1_11' title="bbox 1201 221 2037 276">
     <span class='ocr_line' id='line_1_56' title="bbox 1201 221 2037 276; baseline 0.001 -7"><span class='ocrx_word' id='word_1_394' title='bbox 1201 221 1333 269; x_wconf 87' lang='lat' dir='ltr'>MAN</span> <span class='ocrx_word' id='word_1_395' title='bbox 1345 222 1612 276; x_wconf 80' lang='lat' dir='ltr'>ETHONlS</span> <span class='ocrx_word' id='word_1_396' title='bbox 1648 221 2037 270; x_wconf 76' lang='lat' dir='ltr'><strong>SEBENNYTAE</strong></span> 
     </span>
    </p>
   </div>
   <div class='ocr_carea' id='block_1_6' title="bbox 2982 0 3008 268">
    <p class='ocr_par' dir='ltr' id='par_1_12' title="bbox 2982 0 3008 268">
     <span class='ocr_line' id='line_1_57' title="bbox 2982 0 3008 268; textangle 90"><span class='ocrx_word' id='word_1_397' title='bbox 3004 259 3008 268; x_wconf 95' lang='lat'><strong>-</strong></span> <span class='ocrx_word' id='word_1_398' title='bbox 2984 212 2988 222; x_wconf 62' lang='lat'><em>⁷</em></span> <span class='ocrx_word' id='word_1_399' title='bbox 2982 0 3008 184; x_wconf 51' lang='grc' dir='ltr'>ΓΝ·-</span> 
     </span>
    </p>
   </div>
   <div class='ocr_carea' id='block_1_7' title="bbox 1623 324 3005 3446">
    <p class='ocr_par' dir='ltr' id='par_1_13' title="bbox 1640 322 3008 742">
     <span class='ocr_line' id='line_1_58' title="bbox 1643 324 2936 399; baseline 0.008 -22"><span class='ocrx_word' id='word_1_400' title='bbox 1643 324 1699 378; x_wconf 65' lang='grc' dir='ltr'>ὧν</span> <span class='ocrx_word' id='word_1_401' title='bbox 1722 331 1773 378; x_wconf 79' lang='grc' dir='ltr'>ἂν</span> <span class='ocrx_word' id='word_1_402' title='bbox 1796 333 1929 396; x_wconf 84' lang='grc' dir='ltr'>βούλῃ</span> <span class='ocrx_word' id='word_1_403' title='bbox 1955 337 2070 395; x_wconf 76' lang='grc' dir='ltr'>ἡμᾶς</span> <span class='ocrx_word' id='word_1_404' title='bbox 2101 332 2298 389; x_wconf 84' lang='grc' dir='ltr'>ἐξετάσαι</span> <span class='ocrx_word' id='word_1_405' title='bbox 2322 335 2607 399; x_wconf 84' lang='grc' dir='ltr'>πραγμάτων.</span> <span class='ocrx_word' id='word_1_406' title='bbox 2635 335 2936 396; x_wconf 68' lang='grc' dir='ltr'>Ἰζπιζητοῦντί</span> 
     </span>
     <span class='ocr_line' id='line_1_59' title="bbox 1647 398 3004 477; baseline 0.008 -28"><span class='ocrx_word' id='word_1_407' title='bbox 1647 398 1736 465; x_wconf 65' lang='grc' dir='ltr'>(οὖν</span> <span class='ocrx_word' id='word_1_408' title='bbox 1762 407 1894 452; x_wconf 89' lang='lat' dir='ltr'>addit</span> <span class='ocrx_word' id='word_1_409' title='bbox 1913 407 2117 468; x_wconf 86' lang='lat' dir='ltr'>Boeckh.)</span> <span class='ocrx_word' id='word_1_410' title='bbox 2142 426 2207 453; x_wconf 92' lang='grc' dir='ltr'>σοι</span> <span class='ocrx_word' id='word_1_411' title='bbox 2227 405 2326 470; x_wconf 78' lang='grc' dir='ltr'>περὶ</span> <span class='ocrx_word' id='word_1_412' title='bbox 2344 409 2428 454; x_wconf 81' lang='grc' dir='ltr'>τῶν</span> <span class='ocrx_word' id='word_1_413' title='bbox 2452 407 2693 468; x_wconf 85' lang='grc' dir='ltr'>μελλόντων</span> <span class='ocrx_word' id='word_1_414' title='bbox 2710 413 2771 474; x_wconf 82' lang='grc' dir='ltr'>τῷ</span> <span class='ocrx_word' id='word_1_415' title='bbox 2787 411 2937 477; x_wconf 86' lang='grc' dir='ltr'>κόσμῳ</span> <span class='ocrx_word' id='word_1_416' title='bbox 2984 402 3004 450; x_wconf 26' lang='lat' dir='ltr'>*T</span> 
     </span>
     <span class='ocr_line' id='line_1_60' title="bbox 1641 474 3002 544; baseline 0.008 -23"><span class='ocrx_word' id='word_1_417' title='bbox 1641 474 1860 538; x_wconf 85' lang='grc' dir='ltr'>γίγνεσθαι</span> <span class='ocrx_word' id='word_1_418' title='bbox 1897 477 2038 531; x_wconf 84' lang='grc' dir='ltr'>καθὼς</span> <span class='ocrx_word' id='word_1_419' title='bbox 2069 477 2297 532; x_wconf 83' lang='grc' dir='ltr'>ἐκέλευσάς</span> <span class='ocrx_word' id='word_1_420' title='bbox 2324 481 2788 544; x_wconf 59' lang='grc' dir='ltr'>μομπαραφανήσεταί</span> <span class='ocrx_word' id='word_1_421' title='bbox 2816 501 2882 529; x_wconf 86' lang='grc' dir='ltr'>σοι</span> <span class='ocrx_word' id='word_1_422' title='bbox 2907 483 2935 531; x_wconf 75' lang='grc' dir='ltr'>ἃ</span> <span class='ocrx_word' id='word_1_423' title='bbox 2993 487 3002 531; x_wconf 69' lang='grc' dir='ltr'><em>ξῖ</em></span> 
     </span>
     <span class='ocr_line' id='line_1_61' title="bbox 1641 547 2935 619; baseline 0.007 -26"><span class='ocrx_word' id='word_1_424' title='bbox 1641 547 1798 609; x_wconf 87' lang='grc' dir='ltr'>ἔμαθον</span> <span class='ocrx_word' id='word_1_425' title='bbox 1837 549 1932 612; x_wconf 82' lang='grc' dir='ltr'>ἱερὰ</span> <span class='ocrx_word' id='word_1_426' title='bbox 1974 549 2122 613; x_wconf 71' lang='grc' dir='ltr'>βιὸλία</span> <span class='ocrx_word' id='word_1_427' title='bbox 2160 550 2380 616; x_wconf 83' lang='grc' dir='ltr'>γραφέντα</span> <span class='ocrx_word' id='word_1_428' title='bbox 2429 551 2512 599; x_wconf 74' lang='grc' dir='ltr'>ὑπὸ</span> <span class='ocrx_word' id='word_1_429' title='bbox 2550 557 2623 600; x_wconf 88' lang='grc' dir='ltr'>τοῦ</span> <span class='ocrx_word' id='word_1_430' title='bbox 2665 554 2935 619; x_wconf 87' lang='grc' dir='ltr'>προπάτορος</span> 
     </span>
     <span class='ocr_line' id='line_1_62' title="bbox 1640 620 3003 691; baseline 0.007 -27"><span class='ocrx_word' id='word_1_431' title='bbox 1640 620 1941 684; x_wconf 86' lang='grc' dir='ltr'>τρισμεγίστου</span> <span class='ocrx_word' id='word_1_432' title='bbox 1977 621 2158 686; x_wconf 84' lang='grc' dir='ltr'>Ἑρμοῦ.</span> <span class='ocrx_word' id='word_1_433' title='bbox 2191 621 2397 688; x_wconf 78' lang='grc' dir='ltr'>Ἔρρωσό</span> <span class='ocrx_word' id='word_1_434' title='bbox 2432 643 2522 686; x_wconf 90' lang='grc' dir='ltr'>μοι,</span> <span class='ocrx_word' id='word_1_435' title='bbox 2548 623 2733 672; x_wconf 87' lang='grc' dir='ltr'>δέσποτά</span> <span class='ocrx_word' id='word_1_436' title='bbox 2747 645 2828 688; x_wconf 90' lang='grc' dir='ltr'>μου</span> <span class='ocrx_word' id='word_1_437' title='bbox 2851 630 2933 691; x_wconf 78' lang='grc' dir='ltr'>βα·</span> <span class='ocrx_word' id='word_1_438' title='bbox 2982 625 3003 641; x_wconf 48' lang='lat'>&#39;⁶</span> 
     </span>
     <span class='ocr_line' id='line_1_63' title="bbox 1640 693 1829 742; baseline -0.011 -5"><span class='ocrx_word' id='word_1_439' title='bbox 1640 693 1776 742; x_wconf 70' lang='grc' dir='ltr'>σῑλεῧ.</span> <span class='ocrx_word' id='word_1_440' title='bbox 1809 716 1829 735; x_wconf 78' lang='grc' dir='ltr'>υ</span> 
     </span>
    </p>

    <p class='ocr_par' dir='ltr' id='par_1_14' title="bbox 1637 765 2982 1046">
     <span class='ocr_line' id='line_1_64' title="bbox 1704 765 2982 837; baseline 0.005 -25"><span class='ocrx_word' id='word_1_441' title='bbox 1704 767 1858 813; x_wconf 84' lang='grc' dir='ltr'>Ταῦτα</span> <span class='ocrx_word' id='word_1_442' title='bbox 1885 765 1983 828; x_wconf 78' lang='grc' dir='ltr'>περὶ</span> <span class='ocrx_word' id='word_1_443' title='bbox 2016 770 2092 823; x_wconf 86' lang='grc' dir='ltr'>τ’ἥς</span> <span class='ocrx_word' id='word_1_444' title='bbox 2128 766 2355 830; x_wconf 79' lang='grc' dir='ltr'>ἑρμηνείας</span> <span class='ocrx_word' id='word_1_445' title='bbox 2388 770 2473 814; x_wconf 83' lang='grc' dir='ltr'>τῶν</span> <span class='ocrx_word' id='word_1_446' title='bbox 2512 768 2594 816; x_wconf 79' lang='grc' dir='ltr'>ὑπὸ</span> <span class='ocrx_word' id='word_1_447' title='bbox 2629 773 2702 817; x_wconf 85' lang='grc' dir='ltr'>τοῦ</span> <span class='ocrx_word' id='word_1_448' title='bbox 2737 769 2934 837; x_wconf 85' lang='grc' dir='ltr'>δευτέρου</span> <span class='ocrx_word' id='word_1_449' title='bbox 2980 791 2982 794; x_wconf 57' lang='lat'><strong>⁴</strong></span> 
     </span>
     <span class='ocr_line' id='line_1_65' title="bbox 1639 834 2935 906; baseline 0.003 -21"><span class='ocrx_word' id='word_1_450' title='bbox 1639 834 1805 901; x_wconf 85' lang='grc' dir='ltr'>Ἑρμοῦ</span> <span class='ocrx_word' id='word_1_451' title='bbox 1851 837 2028 901; x_wconf 72' lang='grc' dir='ltr'>βιὸλίων</span> <span class='ocrx_word' id='word_1_452' title='bbox 2063 839 2194 902; x_wconf 87' lang='grc' dir='ltr'>λέγει.</span> <span class='ocrx_word' id='word_1_453' title='bbox 2240 837 2394 887; x_wconf 83' lang='grc' dir='ltr'>Μετὰ</span> <span class='ocrx_word' id='word_1_454' title='bbox 2431 838 2482 885; x_wconf 82' lang='grc' dir='ltr'>δὲ</span> <span class='ocrx_word' id='word_1_455' title='bbox 2518 845 2687 887; x_wconf 85' lang='grc' dir='ltr'>ταῦτα</span> <span class='ocrx_word' id='word_1_456' title='bbox 2726 840 2801 888; x_wconf 86' lang='grc' dir='ltr'>καὶ</span> <span class='ocrx_word' id='word_1_457' title='bbox 2835 841 2935 906; x_wconf 79' lang='grc' dir='ltr'>περὶ</span> 
     </span>
     <span class='ocr_line' id='line_1_66' title="bbox 1640 909 2934 974; baseline 0.005 -20"><span class='ocrx_word' id='word_1_458' title='bbox 1640 911 1768 956; x_wconf 80' lang='grc' dir='ltr'>ἐθνῶν</span> <span class='ocrx_word' id='word_1_459' title='bbox 1803 911 2116 973; x_wconf 80' lang='grc' dir='ltr'>Αἰγυπτιακῶν</span> <span class='ocrx_word' id='word_1_460' title='bbox 2155 909 2283 963; x_wconf 85' lang='grc' dir='ltr'>πέντε</span> <span class='ocrx_word' id='word_1_461' title='bbox 2321 913 2363 958; x_wconf 82' lang='grc' dir='ltr'>ἓν</span> <span class='ocrx_word' id='word_1_462' title='bbox 2403 910 2632 974; x_wconf 90' lang='grc' dir='ltr'>τριάκοντα</span> <span class='ocrx_word' id='word_1_463' title='bbox 2669 913 2934 968; x_wconf 87' lang='grc' dir='ltr'>δυναστείαις</span> 
     </span>
     <span class='ocr_line' id='line_1_67' title="bbox 1637 981 2210 1046; baseline 0.009 -20"><span class='ocrx_word' id='word_1_464' title='bbox 1637 981 1820 1045; x_wconf 81' lang='grc' dir='ltr'>ἱστορεῖ,</span> <span class='ocrx_word' id='word_1_465' title='bbox 1842 983 1940 1030; x_wconf 86' lang='grc' dir='ltr'>κτλ.</span> <span class='ocrx_word' id='word_1_466' title='bbox 1972 983 2032 1044; x_wconf 77' lang='grc' dir='ltr'>(ν.</span> <span class='ocrx_word' id='word_1_467' title='bbox 2058 984 2116 1030; x_wconf 88' lang='lat' dir='ltr'>fr.</span> <span class='ocrx_word' id='word_1_468' title='bbox 2144 985 2210 1046; x_wconf 86' lang='lat'>2).</span> 
     </span>
    </p>

    <p class='ocr_par' dir='ltr' id='par_1_15' title="bbox 1630 1055 3005 1846">
     <span class='ocr_line' id='line_1_68' title="bbox 1702 1055 2934 1116; baseline 0.006 -19"><span class='ocrx_word' id='word_1_469' title='bbox 1702 1055 1852 1114; x_wconf 83' lang='lat' dir='ltr'>Igitur</span> <span class='ocrx_word' id='word_1_470' title='bbox 1897 1057 2171 1100; x_wconf 81' lang='lat' dir='ltr'>Ptolemaeus</span> <span class='ocrx_word' id='word_1_471' title='bbox 2216 1056 2548 1116; x_wconf 86' lang='lat' dir='ltr'>Philadelphus</span> <span class='ocrx_word' id='word_1_472' title='bbox 2585 1073 2611 1103; x_wconf 88' lang='lat' dir='ltr'>e</span> <span class='ocrx_word' id='word_1_473' title='bbox 2653 1061 2934 1105; x_wconf 83' lang='lat' dir='ltr'>Manethone</span> 
     </span>
     <span class='ocr_line' id='line_1_69' title="bbox 1634 1128 2933 1190; baseline 0.006 -21"><span class='ocrx_word' id='word_1_474' title='bbox 1634 1128 1883 1185; x_wconf 81' lang='lat' dir='ltr'>petiverat,</span> <span class='ocrx_word' id='word_1_475' title='bbox 1907 1141 1962 1172; x_wconf 91' lang='lat' dir='ltr'>ut</span> <span class='ocrx_word' id='word_1_476' title='bbox 1979 1128 2038 1172; x_wconf 90' lang='lat' dir='ltr'>de</span> <span class='ocrx_word' id='word_1_477' title='bbox 2057 1128 2159 1172; x_wconf 88' lang='lat' dir='ltr'>fatis</span> <span class='ocrx_word' id='word_1_478' title='bbox 2181 1128 2347 1172; x_wconf 88' lang='lat' dir='ltr'>mundi</span> <span class='ocrx_word' id='word_1_479' title='bbox 2370 1129 2537 1173; x_wconf 87' lang='lat' dir='ltr'>futuris</span> <span class='ocrx_word' id='word_1_480' title='bbox 2573 1132 2724 1190; x_wconf 87' lang='lat' dir='ltr'>ipsum</span> <span class='ocrx_word' id='word_1_481' title='bbox 2756 1132 2933 1176; x_wconf 89' lang='lat' dir='ltr'>edoce-</span> 
     </span>
     <span class='ocr_line' id='line_1_70' title="bbox 1635 1199 2989 1259; baseline 0.006 -18"><span class='ocrx_word' id='word_1_482' title='bbox 1635 1209 1720 1246; x_wconf 87' lang='lat' dir='ltr'>ret.</span> <span class='ocrx_word' id='word_1_483' title='bbox 1748 1201 1991 1245; x_wconf 86' lang='lat' dir='ltr'>Postulatis</span> <span class='ocrx_word' id='word_1_484' title='bbox 2016 1199 2346 1259; x_wconf 86' lang='lat' dir='ltr'>obtemperans</span> <span class='ocrx_word' id='word_1_485' title='bbox 2385 1202 2603 1246; x_wconf 86' lang='lat' dir='ltr'>Manetho</span> <span class='ocrx_word' id='word_1_486' title='bbox 2641 1204 2784 1248; x_wconf 90' lang='lat' dir='ltr'>libros</span> <span class='ocrx_word' id='word_1_487' title='bbox 2808 1206 2932 1249; x_wconf 81' lang='lat' dir='ltr'>Her-</span> <span class='ocrx_word' id='word_1_488' title='bbox 2987 1221 2989 1226; x_wconf 60' lang='lat'><strong>⁴</strong></span> 
     </span>
     <span class='ocr_line' id='line_1_71' title="bbox 1635 1272 2931 1335; baseline 0.004 -21"><span class='ocrx_word' id='word_1_489' title='bbox 1635 1273 1829 1316; x_wconf 87' lang='lat' dir='ltr'>meticos</span> <span class='ocrx_word' id='word_1_490' title='bbox 1851 1272 2096 1317; x_wconf 88' lang='lat' dir='ltr'>recondita</span> <span class='ocrx_word' id='word_1_491' title='bbox 2131 1274 2355 1331; x_wconf 90' lang='lat' dir='ltr'>sapientia</span> <span class='ocrx_word' id='word_1_492' title='bbox 2372 1273 2568 1318; x_wconf 87' lang='lat' dir='ltr'>refertos</span> <span class='ocrx_word' id='word_1_493' title='bbox 2596 1275 2734 1331; x_wconf 86' lang='lat' dir='ltr'>adiit,</span> <span class='ocrx_word' id='word_1_494' title='bbox 2759 1282 2806 1320; x_wconf 83' lang='lat' dir='ltr'>et</span> <span class='ocrx_word' id='word_1_495' title='bbox 2828 1291 2931 1335; x_wconf 86' lang='lat' dir='ltr'>quae</span> 
     </span>
     <span class='ocr_line' id='line_1_72' title="bbox 1634 1345 3003 1408; baseline 0.004 -21"><span class='ocrx_word' id='word_1_496' title='bbox 1634 1360 1689 1388; x_wconf 89' lang='lat' dir='ltr'>ex</span> <span class='ocrx_word' id='word_1_497' title='bbox 1729 1345 1783 1389; x_wconf 87' lang='lat' dir='ltr'>iis</span> <span class='ocrx_word' id='word_1_498' title='bbox 1824 1345 2012 1401; x_wconf 86' lang='lat' dir='ltr'>didicit,</span> <span class='ocrx_word' id='word_1_499' title='bbox 2056 1360 2108 1389; x_wconf 87' lang='lat' dir='ltr'>ea</span> <span class='ocrx_word' id='word_1_500' title='bbox 2147 1346 2243 1403; x_wconf 91' lang='lat' dir='ltr'>ipse</span> <span class='ocrx_word' id='word_1_501' title='bbox 2281 1347 2568 1406; x_wconf 84' lang='lat' dir='ltr'>consignavit</span> <span class='ocrx_word' id='word_1_502' title='bbox 2600 1347 2747 1408; x_wconf 73' lang='lat' dir='ltr'>libro,</span> <span class='ocrx_word' id='word_1_503' title='bbox 2789 1363 2939 1406; x_wconf 87' lang='lat' dir='ltr'>quem·</span> <span class='ocrx_word' id='word_1_504' title='bbox 3002 1375 3003 1378; x_wconf 63' lang='lat'><em>=</em></span> 
     </span>
     <span class='ocr_line' id='line_1_73' title="bbox 1637 1417 2998 1479; baseline 0.005 -19"><span class='ocrx_word' id='word_1_505' title='bbox 1637 1418 1868 1477; x_wconf 85' lang='lat' dir='ltr'>inscripsit</span> <span class='ocrx_word' id='word_1_506' title='bbox 1899 1420 1970 1463; x_wconf 92' lang='lat' dir='ltr'>De</span> <span class='ocrx_word' id='word_1_507' title='bbox 2004 1417 2206 1477; x_wconf 75' lang='lat' dir='ltr'>perlodo</span> <span class='ocrx_word' id='word_1_508' title='bbox 2243 1418 2473 1465; x_wconf 88' lang='lat' dir='ltr'>Sothiaca.</span> <span class='ocrx_word' id='word_1_509' title='bbox 2511 1420 2614 1463; x_wconf 87' lang='lat' dir='ltr'>Jam</span> <span class='ocrx_word' id='word_1_510' title='bbox 2644 1435 2789 1479; x_wconf 88' lang='lat' dir='ltr'>quum</span> <span class='ocrx_word' id='word_1_511' title='bbox 2825 1421 2931 1466; x_wconf 83' lang='lat' dir='ltr'>satis</span> <span class='ocrx_word' id='word_1_512' title='bbox 2995 1465 2998 1467; x_wconf 17' lang='grc' dir='ltr'>Α</span> 
     </span>
     <span class='ocr_line' id='line_1_74' title="bbox 1634 1482 2964 1551; baseline 0.003 -18"><span class='ocrx_word' id='word_1_513' title='bbox 1634 1500 1811 1534; x_wconf 89' lang='lat' dir='ltr'>constet</span> <span class='ocrx_word' id='word_1_514' title='bbox 1837 1492 2093 1551; x_wconf 85' lang='lat' dir='ltr'>astrologos</span> <span class='ocrx_word' id='word_1_515' title='bbox 2117 1489 2283 1534; x_wconf 89' lang='lat' dir='ltr'>mundi</span> <span class='ocrx_word' id='word_1_516' title='bbox 2316 1498 2361 1534; x_wconf 89' lang='lat' dir='ltr'>et</span> <span class='ocrx_word' id='word_1_517' title='bbox 2391 1491 2576 1535; x_wconf 89' lang='lat' dir='ltr'>initium</span> <span class='ocrx_word' id='word_1_518' title='bbox 2611 1501 2657 1536; x_wconf 91' lang='lat' dir='ltr'>et</span> <span class='ocrx_word' id='word_1_519' title='bbox 2690 1493 2928 1538; x_wconf 87' lang='lat' dir='ltr'>interitum</span> <span class='ocrx_word' id='word_1_520' title='bbox 2957 1482 2964 1489; x_wconf 47' lang='grc'><strong><em>’</em></strong></span> 
     </span>
     <span class='ocr_line' id='line_1_75' title="bbox 1633 1563 2932 1623; baseline 0.001 -18"><span class='ocrx_word' id='word_1_521' title='bbox 1633 1571 1678 1606; x_wconf 87' lang='lat' dir='ltr'>et</span> <span class='ocrx_word' id='word_1_522' title='bbox 1704 1564 1904 1622; x_wconf 86' lang='lat' dir='ltr'>epochas</span> <span class='ocrx_word' id='word_1_523' title='bbox 1938 1565 2193 1623; x_wconf 77' lang='lat' dir='ltr'>praecipuas</span> <span class='ocrx_word' id='word_1_524' title='bbox 2230 1563 2383 1607; x_wconf 85' lang='lat' dir='ltr'>metiri</span> <span class='ocrx_word' id='word_1_525' title='bbox 2407 1564 2566 1608; x_wconf 90' lang='lat' dir='ltr'>solitos</span> <span class='ocrx_word' id='word_1_526' title='bbox 2589 1579 2682 1608; x_wconf 90' lang='lat' dir='ltr'>esse</span> <span class='ocrx_word' id='word_1_527' title='bbox 2712 1579 2770 1608; x_wconf 84' lang='lat' dir='ltr'>ex</span> <span class='ocrx_word' id='word_1_528' title='bbox 2793 1565 2932 1623; x_wconf 82' lang='lat' dir='ltr'>cyclis</span> 
     </span>
     <span class='ocr_line' id='line_1_76' title="bbox 1633 1635 2932 1696; baseline 0.003 -18"><span class='ocrx_word' id='word_1_529' title='bbox 1633 1637 1911 1694; x_wconf 85' lang='lat' dir='ltr'>quibusdam</span> <span class='ocrx_word' id='word_1_530' title='bbox 1964 1636 2307 1690; x_wconf 86' lang='lat' dir='ltr'>astronomicis,</span> <span class='ocrx_word' id='word_1_531' title='bbox 2370 1635 2578 1680; x_wconf 88' lang='lat' dir='ltr'>dubitari</span> <span class='ocrx_word' id='word_1_532' title='bbox 2603 1660 2605 1663; x_wconf 94' lang='lat'>·</span> <span class='ocrx_word' id='word_1_533' title='bbox 2636 1637 2716 1680; x_wconf 81' lang='lat' dir='ltr'>vix</span> <span class='ocrx_word' id='word_1_534' title='bbox 2776 1644 2932 1696; x_wconf 82' lang='lat' dir='ltr'>potest</span> 
     </span>
     <span class='ocr_line' id='line_1_77' title="bbox 1632 1707 2978 1770; baseline 0.004 -19"><span class='ocrx_word' id='word_1_535' title='bbox 1632 1709 1833 1753; x_wconf 91' lang='lat' dir='ltr'>eundem</span> <span class='ocrx_word' id='word_1_536' title='bbox 1853 1711 1901 1753; x_wconf 92' lang='lat' dir='ltr'>in</span> <span class='ocrx_word' id='word_1_537' title='bbox 1920 1708 2062 1753; x_wconf 90' lang='lat' dir='ltr'>finem</span> <span class='ocrx_word' id='word_1_538' title='bbox 2082 1709 2414 1755; x_wconf 73' lang='lat' dir='ltr'>Manethonem</span> <span class='ocrx_word' id='word_1_539' title='bbox 2445 1724 2640 1770; x_wconf 77' lang='lat' dir='ltr'>quoque</span> <span class='ocrx_word' id='word_1_540' title='bbox 2666 1708 2930 1756; x_wconf 78' lang='lat' dir='ltr'>adhibuisse</span> <span class='ocrx_word' id='word_1_541' title='bbox 2974 1707 2978 1746; x_wconf 64' lang='grc' dir='ltr'>ἔ</span> 
     </span>
     <span class='ocr_line' id='line_1_78' title="bbox 1630 1776 2317 1846; baseline 0.006 -20"><span class='ocrx_word' id='word_1_542' title='bbox 1630 1782 1881 1846; x_wconf 86' lang='lat' dir='ltr'>periodum</span> <span class='ocrx_word' id='word_1_543' title='bbox 1901 1781 2182 1830; x_wconf 85' lang='lat' dir='ltr'>Sothiacam.</span> <span class='ocrx_word' id='word_1_544' title='bbox 2315 1776 2317 1778; x_wconf 37' lang='grc'>’</span> 
     </span>
    </p>

    <p class='ocr_par' dir='ltr' id='par_1_16' title="bbox 1623 1855 3005 3446">
     <span class='ocr_line' id='line_1_79' title="bbox 1695 1855 2982 1915; baseline -0.002 -13"><span class='ocrx_word' id='word_1_545' title='bbox 1695 1860 1867 1902; x_wconf 87' lang='lat' dir='ltr'>Verum</span> <span class='ocrx_word' id='word_1_546' title='bbox 1884 1859 2121 1901; x_wconf 88' lang='lat' dir='ltr'>enimvero</span> <span class='ocrx_word' id='word_1_547' title='bbox 2139 1855 2320 1900; x_wconf 90' lang='lat' dir='ltr'>dudum</span> <span class='ocrx_word' id='word_1_548' title='bbox 2333 1856 2422 1899; x_wconf 85' lang='lat' dir='ltr'>viri</span> <span class='ocrx_word' id='word_1_549' title='bbox 2440 1855 2568 1900; x_wconf 85' lang='lat' dir='ltr'>docti</span> <span class='ocrx_word' id='word_1_550' title='bbox 2587 1865 2929 1915; x_wconf 87' lang='lat' dir='ltr'>perspexerunt</span> <span class='ocrx_word' id='word_1_551' title='bbox 2972 1863 2982 1894; x_wconf 79' lang='grc' dir='ltr'>Γ·</span> 
     </span>
     <span class='ocr_line' id='line_1_80' title="bbox 1639 1928 2991 1996; baseline -0.001 -24"><span class='ocrx_word' id='word_1_552' title='bbox 1639 1929 1813 1974; x_wconf 85' lang='lat' dir='ltr'>librum</span> <span class='ocrx_word' id='word_1_553' title='bbox 1834 1931 1962 1996; x_wconf 75' lang='lat' dir='ltr'>hunc</span> <span class='ocrx_word' id='word_1_554' title='bbox 2000 1929 2269 1974; x_wconf 85' lang='lat' dir='ltr'>Sothiacum</span> <span class='ocrx_word' id='word_1_555' title='bbox 2293 1930 2377 1972; x_wconf 84' lang='lat' dir='ltr'>aevi</span> <span class='ocrx_word' id='word_1_556' title='bbox 2398 1930 2582 1973; x_wconf 88' lang='lat' dir='ltr'>serioris</span> <span class='ocrx_word' id='word_1_557' title='bbox 2611 1943 2704 1972; x_wconf 90' lang='lat' dir='ltr'>esse</span> <span class='ocrx_word' id='word_1_558' title='bbox 2731 1928 2924 1988; x_wconf 83' lang='lat' dir='ltr'>suetum,</span> <span class='ocrx_word' id='word_1_559' title='bbox 2987 1959 2991 1993; x_wconf 43' lang='lat'>2</span> 
     </span>
     <span class='ocr_line' id='line_1_81' title="bbox 1631 2001 3002 2061; baseline 0.001 -16"><span class='ocrx_word' id='word_1_560' title='bbox 1631 2003 1707 2046; x_wconf 88' lang='lat' dir='ltr'>cui</span> <span class='ocrx_word' id='word_1_561' title='bbox 1726 2011 1888 2047; x_wconf 87' lang='lat' dir='ltr'>auctor</span> <span class='ocrx_word' id='word_1_562' title='bbox 1906 2018 2080 2046; x_wconf 89' lang='lat' dir='ltr'>nomen</span> <span class='ocrx_word' id='word_1_563' title='bbox 2098 2002 2391 2046; x_wconf 88' lang='lat' dir='ltr'>Manethonis</span> <span class='ocrx_word' id='word_1_564' title='bbox 2408 2011 2454 2046; x_wconf 89' lang='lat' dir='ltr'>et</span> <span class='ocrx_word' id='word_1_565' title='bbox 2473 2002 2714 2061; x_wconf 89' lang='lat' dir='ltr'>epistolam</span> <span class='ocrx_word' id='word_1_566' title='bbox 2734 2001 2795 2045; x_wconf 90' lang='lat' dir='ltr'>ad</span> <span class='ocrx_word' id='word_1_567' title='bbox 2814 2003 2926 2046; x_wconf 88' lang='lat' dir='ltr'>Pto·</span> <span class='ocrx_word' id='word_1_568' title='bbox 2998 2002 3002 2022; x_wconf 72' lang='lat'><em>³</em></span> 
     </span>
     <span class='ocr_line' id='line_1_82' title="bbox 1630 2073 2928 2134; baseline 0 -16"><span class='ocrx_word' id='word_1_569' title='bbox 1630 2075 1842 2119; x_wconf 88' lang='lat' dir='ltr'>lemaeum</span> <span class='ocrx_word' id='word_1_570' title='bbox 1864 2077 2084 2134; x_wconf 88' lang='lat' dir='ltr'>scriptam</span> <span class='ocrx_word' id='word_1_571' title='bbox 2112 2073 2377 2134; x_wconf 77' lang='lat' dir='ltr'>praefigens,</span> <span class='ocrx_word' id='word_1_572' title='bbox 2407 2073 2607 2132; x_wconf 88' lang='lat' dir='ltr'>speciem</span> <span class='ocrx_word' id='word_1_573' title='bbox 2644 2073 2928 2132; x_wconf 74' lang='lat' dir='ltr'>antiquitatis</span> 
     </span>
     <span class='ocr_line' id='line_1_83' title="bbox 1631 2145 2929 2206; baseline -0.001 -15"><span class='ocrx_word' id='word_1_574' title='bbox 1631 2149 1881 2193; x_wconf 86' lang='lat' dir='ltr'>conciliare</span> <span class='ocrx_word' id='word_1_575' title='bbox 1906 2147 2154 2194; x_wconf 86' lang='lat' dir='ltr'>studuerit.</span> <span class='ocrx_word' id='word_1_576' title='bbox 2202 2147 2431 2192; x_wconf 85' lang='lat' dir='ltr'>Fraudem</span> <span class='ocrx_word' id='word_1_577' title='bbox 2453 2147 2651 2190; x_wconf 86' lang='lat' dir='ltr'>clamant</span> <span class='ocrx_word' id='word_1_578' title='bbox 2671 2145 2814 2190; x_wconf 84' lang='lat' dir='ltr'>verba</span> <span class='ocrx_word' id='word_1_579' title='bbox 2835 2147 2929 2206; x_wconf 87' lang='lat' dir='ltr'>epi-</span> 
     </span>
     <span class='ocr_line' id='line_1_84' title="bbox 1629 2214 2926 2282; baseline 0.001 -19"><span class='ocrx_word' id='word_1_580' title='bbox 1629 2221 1774 2267; x_wconf 84' lang='lat' dir='ltr'>stolae.</span> <span class='ocrx_word' id='word_1_581' title='bbox 1819 2222 1937 2265; x_wconf 85' lang='lat' dir='ltr'>Nam</span> <span class='ocrx_word' id='word_1_582' title='bbox 1955 2220 2077 2264; x_wconf 91' lang='lat' dir='ltr'>istud</span> <span class='ocrx_word' id='word_1_583' title='bbox 2098 2216 2361 2282; x_wconf 87' lang='grc' dir='ltr'>Πτολεμαίῳ</span> <span class='ocrx_word' id='word_1_584' title='bbox 2382 2215 2648 2282; x_wconf 82' lang='grc' dir='ltr'>Φιλαδέλφῳ</span> <span class='ocrx_word' id='word_1_585' title='bbox 2666 2214 2926 2282; x_wconf 77' lang='grc' dir='ltr'>Σεὸαστῷ</span> 
     </span>
     <span class='ocr_line' id='line_1_85' title="bbox 1628 2292 2926 2352; baseline 0.001 -18"><span class='ocrx_word' id='word_1_586' title='bbox 1628 2292 1872 2336; x_wconf 87' lang='lat' dir='ltr'>manifesto</span> <span class='ocrx_word' id='word_1_587' title='bbox 1899 2292 2060 2352; x_wconf 88' lang='lat' dir='ltr'>prodit</span> <span class='ocrx_word' id='word_1_588' title='bbox 2084 2301 2298 2351; x_wconf 88' lang='lat' dir='ltr'>tempora</span> <span class='ocrx_word' id='word_1_589' title='bbox 2321 2292 2658 2350; x_wconf 85' lang='lat' dir='ltr'>imperatorum</span> <span class='ocrx_word' id='word_1_590' title='bbox 2683 2293 2926 2336; x_wconf 86' lang='lat' dir='ltr'>Romano-</span> 
     </span>
     <span class='ocr_line' id='line_1_86' title="bbox 1629 2359 2924 2426; baseline 0 -18"><span class='ocrx_word' id='word_1_591' title='bbox 1629 2381 1748 2410; x_wconf 89' lang='lat' dir='ltr'>rum.</span> <span class='ocrx_word' id='word_1_592' title='bbox 1806 2367 1968 2410; x_wconf 88' lang='lat' dir='ltr'>Porro</span> <span class='ocrx_word' id='word_1_593' title='bbox 1991 2367 2172 2410; x_wconf 87' lang='lat' dir='ltr'>Hermae</span> <span class='ocrx_word' id='word_1_594' title='bbox 2191 2365 2434 2424; x_wconf 87' lang='lat' dir='ltr'>epitheton</span> <span class='ocrx_word' id='word_1_595' title='bbox 2456 2359 2748 2426; x_wconf 86' lang='grc' dir='ltr'>τρισμέγιστος</span> <span class='ocrx_word' id='word_1_596' title='bbox 2773 2378 2798 2408; x_wconf 87' lang='lat' dir='ltr'>a</span> <span class='ocrx_word' id='word_1_597' title='bbox 2818 2365 2924 2408; x_wconf 89' lang='lat' dir='ltr'>Pto·</span> 
     </span>
     <span class='ocr_line' id='line_1_87' title="bbox 1629 2436 2924 2498; baseline 0 -18"><span class='ocrx_word' id='word_1_598' title='bbox 1629 2437 1775 2481; x_wconf 86' lang='lat' dir='ltr'>lemaei</span> <span class='ocrx_word' id='word_1_599' title='bbox 1798 2439 1845 2482; x_wconf 94' lang='lat' dir='ltr'>II</span> <span class='ocrx_word' id='word_1_600' title='bbox 1875 2438 2164 2498; x_wconf 88' lang='lat' dir='ltr'>temporibus</span> <span class='ocrx_word' id='word_1_601' title='bbox 2187 2438 2389 2482; x_wconf 88' lang='lat' dir='ltr'>alienum</span> <span class='ocrx_word' id='word_1_602' title='bbox 2424 2452 2518 2482; x_wconf 90' lang='lat' dir='ltr'>esse</span> <span class='ocrx_word' id='word_1_603' title='bbox 2548 2436 2753 2483; x_wconf 84' lang='lat' dir='ltr'>videtur.</span> <span class='ocrx_word' id='word_1_604' title='bbox 2824 2437 2924 2482; x_wconf 89' lang='lat' dir='ltr'>Pri·</span> 
     </span>
     <span class='ocr_line' id='line_1_88' title="bbox 1627 2508 3005 2573; baseline 0 -19"><span class='ocrx_word' id='word_1_605' title='bbox 1627 2526 1757 2555; x_wconf 90' lang='lat' dir='ltr'>mum</span> <span class='ocrx_word' id='word_1_606' title='bbox 1787 2510 1886 2569; x_wconf 91' lang='lat' dir='ltr'>ejus</span> <span class='ocrx_word' id='word_1_607' title='bbox 1909 2512 2175 2571; x_wconf 85' lang='lat' dir='ltr'>exemplum</span> <span class='ocrx_word' id='word_1_608' title='bbox 2198 2511 2248 2553; x_wconf 89' lang='lat' dir='ltr'>in</span> <span class='ocrx_word' id='word_1_609' title='bbox 2270 2512 2522 2554; x_wconf 84' lang='lat' dir='ltr'>Rosettana</span> <span class='ocrx_word' id='word_1_610' title='bbox 2546 2508 2733 2554; x_wconf 90' lang='lat' dir='ltr'>demum</span> <span class='ocrx_word' id='word_1_611' title='bbox 2757 2509 2924 2554; x_wconf 52' lang='lat' dir='ltr'>inseri*-</span> <span class='ocrx_word' id='word_1_612' title='bbox 3002 2568 3005 2573; x_wconf 31' lang='grc' dir='ltr'>ι</span> 
     </span>
     <span class='ocr_line' id='line_1_89' title="bbox 1626 2581 3005 2644; baseline -0.004 -16"><span class='ocrx_word' id='word_1_613' title='bbox 1626 2586 1790 2644; x_wconf 89' lang='lat' dir='ltr'>ptione</span> <span class='ocrx_word' id='word_1_614' title='bbox 1808 2586 2030 2644; x_wconf 86' lang='lat' dir='ltr'>occurrit,</span> <span class='ocrx_word' id='word_1_615' title='bbox 2050 2584 2418 2643; x_wconf 84' lang='lat' dir='ltr'>frequentissime</span> <span class='ocrx_word' id='word_1_616' title='bbox 2435 2590 2587 2627; x_wconf 88' lang='lat' dir='ltr'>autem</span> <span class='ocrx_word' id='word_1_617' title='bbox 2606 2597 2780 2626; x_wconf 88' lang='lat' dir='ltr'>nomen</span> <span class='ocrx_word' id='word_1_618' title='bbox 2801 2581 2924 2628; x_wconf 61' lang='lat' dir='ltr'>istud</span> <span class='ocrx_word' id='word_1_619' title='bbox 2982 2614 3005 2637; x_wconf 25' lang='grc'>,4,-</span> 
     </span>
     <span class='ocr_line' id='line_1_90' title="bbox 1626 2655 2924 2718; baseline -0.004 -15"><span class='ocrx_word' id='word_1_620' title='bbox 1626 2668 1877 2718; x_wconf 80' lang='lat' dir='ltr'>usurpatur</span> <span class='ocrx_word' id='word_1_621' title='bbox 1916 2660 1967 2702; x_wconf 87' lang='lat' dir='ltr'>in</span> <span class='ocrx_word' id='word_1_622' title='bbox 1999 2657 2276 2702; x_wconf 89' lang='lat' dir='ltr'>Hermeticis</span> <span class='ocrx_word' id='word_1_623' title='bbox 2306 2656 2459 2712; x_wconf 86' lang='lat' dir='ltr'>libris,</span> <span class='ocrx_word' id='word_1_624' title='bbox 2501 2669 2703 2714; x_wconf 84' lang='lat' dir='ltr'>quorum</span> <span class='ocrx_word' id='word_1_625' title='bbox 2733 2655 2924 2714; x_wconf 87' lang='lat' dir='ltr'>plurimi</span> 
     </span>
     <span class='ocr_line' id='line_1_91' title="bbox 1628 2726 2922 2792; baseline -0.003 -17"><span class='ocrx_word' id='word_1_626' title='bbox 1628 2733 1766 2776; x_wconf 83' lang='lat' dir='ltr'>tertio</span> <span class='ocrx_word' id='word_1_627' title='bbox 1789 2740 1895 2792; x_wconf 88' lang='lat' dir='ltr'>post</span> <span class='ocrx_word' id='word_1_628' title='bbox 1922 2732 2154 2776; x_wconf 84' lang='lat' dir='ltr'>Christum</span> <span class='ocrx_word' id='word_1_629' title='bbox 2177 2730 2345 2774; x_wconf 81' lang='lat' dir='ltr'>saeculo</span> <span class='ocrx_word' id='word_1_630' title='bbox 2366 2737 2472 2773; x_wconf 92' lang='lat' dir='ltr'>sunt</span> <span class='ocrx_word' id='word_1_631' title='bbox 2496 2728 2758 2787; x_wconf 87' lang='lat' dir='ltr'>compositi.</span> <span class='ocrx_word' id='word_1_632' title='bbox 2831 2726 2922 2773; x_wconf 83' lang='lat' dir='ltr'>lis-</span> 
     </span>
     <span class='ocr_line' id='line_1_92' title="bbox 1629 2800 2922 2864; baseline -0.005 -15"><span class='ocrx_word' id='word_1_633' title='bbox 1629 2804 1830 2864; x_wconf 87' lang='lat' dir='ltr'>demque</span> <span class='ocrx_word' id='word_1_634' title='bbox 1861 2805 1958 2848; x_wconf 87' lang='lat' dir='ltr'>fere</span> <span class='ocrx_word' id='word_1_635' title='bbox 1990 2803 2277 2864; x_wconf 88' lang='lat' dir='ltr'>temporibus</span> <span class='ocrx_word' id='word_1_636' title='bbox 2299 2809 2505 2846; x_wconf 87' lang='lat' dir='ltr'>nostram</span> <span class='ocrx_word' id='word_1_637' title='bbox 2535 2815 2725 2860; x_wconf 91' lang='lat' dir='ltr'>quoque</span> <span class='ocrx_word' id='word_1_638' title='bbox 2749 2800 2922 2859; x_wconf 87' lang='lat' dir='ltr'>episto-</span> 
     </span>
     <span class='ocr_line' id='line_1_93' title="bbox 1627 2873 2922 2938; baseline -0.005 -16"><span class='ocrx_word' id='word_1_639' title='bbox 1627 2876 1723 2922; x_wconf 91' lang='lat' dir='ltr'>lam</span> <span class='ocrx_word' id='word_1_640' title='bbox 1759 2876 2075 2938; x_wconf 85' lang='lat' dir='ltr'>assignandam</span> <span class='ocrx_word' id='word_1_641' title='bbox 2109 2890 2203 2920; x_wconf 91' lang='lat' dir='ltr'>esse</span> <span class='ocrx_word' id='word_1_642' title='bbox 2238 2875 2528 2933; x_wconf 87' lang='lat' dir='ltr'>suspicantur</span> <span class='ocrx_word' id='word_1_643' title='bbox 2564 2873 2654 2918; x_wconf 86' lang='lat' dir='ltr'>viri</span> <span class='ocrx_word' id='word_1_644' title='bbox 2687 2873 2922 2917; x_wconf 88' lang='lat' dir='ltr'>clarissimi</span> 
     </span>
     <span class='ocr_line' id='line_1_94' title="bbox 1630 2933 3002 3008; baseline -0.004 -14"><span class='ocrx_word' id='word_1_645' title='bbox 1630 2952 1914 2995; x_wconf 89' lang='lat' dir='ltr'>Letronnius</span> <span class='ocrx_word' id='word_1_646' title='bbox 1932 2950 2147 3008; x_wconf 70' lang='lat' dir='ltr'>(Recueil</span> <span class='ocrx_word' id='word_1_647' title='bbox 2169 2949 2250 2992; x_wconf 81' lang='lat' dir='ltr'>des</span> <span class='ocrx_word' id='word_1_648' title='bbox 2275 2950 2418 2993; x_wconf 75' lang='lat' dir='ltr'>laser.</span> <span class='ocrx_word' id='word_1_649' title='bbox 2435 2961 2510 3004; x_wconf 80' lang='lat' dir='ltr'>gr.</span> <span class='ocrx_word' id='word_1_650' title='bbox 2541 2955 2588 2990; x_wconf 81' lang='lat' dir='ltr'>et</span> <span class='ocrx_word' id='word_1_651' title='bbox 2621 2947 2703 2991; x_wconf 82' lang='lat' dir='ltr'>lat.</span> <span class='ocrx_word' id='word_1_652' title='bbox 2734 2946 2792 2989; x_wconf 84' lang='lat' dir='ltr'>de</span> <span class='ocrx_word' id='word_1_653' title='bbox 2822 2946 2852 2988; x_wconf 82' lang='lat' dir='ltr'>l’</span> <span class='ocrx_word' id='word_1_654' title='bbox 2859 2947 2919 2989; x_wconf 87' lang='lat' dir='ltr'>E·</span> <span class='ocrx_word' id='word_1_655' title='bbox 2968 2972 2973 2979; x_wconf 84' lang='grc'><strong>-</strong></span> <span class='ocrx_word' id='word_1_656' title='bbox 2999 2933 3002 2979; x_wconf 53' lang='lat'>2</span> 
     </span>
     <span class='ocr_line' id='line_1_95' title="bbox 1623 3013 2920 3081; baseline -0.004 -14"><span class='ocrx_word' id='word_1_657' title='bbox 1623 3025 1796 3081; x_wconf 67' lang='lat' dir='ltr'>gypte,</span> <span class='ocrx_word' id='word_1_658' title='bbox 1838 3032 1952 3068; x_wconf 87' lang='lat' dir='ltr'>tom.</span> <span class='ocrx_word' id='word_1_659' title='bbox 1985 3024 2030 3078; x_wconf 93' lang='grc' dir='ltr'>Ι,</span> <span class='ocrx_word' id='word_1_660' title='bbox 2063 3037 2113 3081; x_wconf 91' lang='lat' dir='ltr'>p.</span> <span class='ocrx_word' id='word_1_661' title='bbox 2155 3019 2277 3075; x_wconf 84' lang='lat'>206,</span> <span class='ocrx_word' id='word_1_662' title='bbox 2313 3018 2405 3064; x_wconf 85' lang='lat'>283</span> <span class='ocrx_word' id='word_1_663' title='bbox 2433 3013 2568 3080; x_wconf 87' lang='lat' dir='ltr'>sqq.)</span> <span class='ocrx_word' id='word_1_664' title='bbox 2601 3026 2647 3062; x_wconf 85' lang='lat' dir='ltr'>et</span> <span class='ocrx_word' id='word_1_665' title='bbox 2674 3017 2920 3062; x_wconf 83' lang='lat' dir='ltr'>Boeckhius</span> 
     </span>
     <span class='ocr_line' id='line_1_96' title="bbox 1629 3085 2907 3154; baseline -0.002 -15"><span class='ocrx_word' id='word_1_666' title='bbox 1629 3095 1878 3154; x_wconf 77' lang='lat' dir='ltr'>(Manetho</span> <span class='ocrx_word' id='word_1_667' title='bbox 1896 3111 1940 3139; x_wconf 86' lang='grc' dir='ltr'>ιι.</span> <span class='ocrx_word' id='word_1_668' title='bbox 1963 3095 2038 3138; x_wconf 85' lang='lat' dir='ltr'>die</span> <span class='ocrx_word' id='word_1_669' title='bbox 2061 3091 2554 3151; x_wconf 72' lang='lat' dir='ltr'>Hundrstempere&#39;ode,</span> <span class='ocrx_word' id='word_1_670' title='bbox 2585 3085 2743 3134; x_wconf 64' lang='lat' dir='ltr'>Berlit&#39;z</span> <span class='ocrx_word' id='word_1_671' title='bbox 2771 3090 2907 3144; x_wconf 78' lang='lat'>1845,</span> 
     </span>
     <span class='ocr_line' id='line_1_97' title="bbox 1623 3161 2917 3229; baseline -0.003 -20"><span class='ocrx_word' id='word_1_672' title='bbox 1623 3182 1673 3225; x_wconf 89' lang='lat' dir='ltr'>p.</span> <span class='ocrx_word' id='word_1_673' title='bbox 1721 3163 1828 3229; x_wconf 89' lang='lat'>15).</span> <span class='ocrx_word' id='word_1_674' title='bbox 1911 3168 2138 3211; x_wconf 81' lang='lat' dir='ltr'>Praeterea</span> <span class='ocrx_word' id='word_1_675' title='bbox 2172 3165 2351 3213; x_wconf 84' lang='lat' dir='ltr'>nullam</span> <span class='ocrx_word' id='word_1_676' title='bbox 2395 3164 2623 3223; x_wconf 85' lang='lat' dir='ltr'>AEgyptus</span> <span class='ocrx_word' id='word_1_677' title='bbox 2654 3161 2796 3207; x_wconf 90' lang='lat' dir='ltr'>habet</span> <span class='ocrx_word' id='word_1_678' title='bbox 2836 3162 2917 3222; x_wconf 80' lang='grc' dir='ltr'>γῆν</span> 
     </span>
     <span class='ocr_line' id='line_1_98' title="bbox 1627 3233 2917 3301; baseline -0.005 -17"><span class='ocrx_word' id='word_1_679' title='bbox 1627 3236 1909 3301; x_wconf 85' lang='grc' dir='ltr'>Σηριαδικὴν,</span> <span class='ocrx_word' id='word_1_680' title='bbox 1947 3239 2128 3282; x_wconf 90' lang='lat' dir='ltr'>nullum</span> <span class='ocrx_word' id='word_1_681' title='bbox 2161 3237 2294 3281; x_wconf 87' lang='lat' dir='ltr'>novit</span> <span class='ocrx_word' id='word_1_682' title='bbox 2325 3235 2576 3291; x_wconf 89' lang='lat' dir='ltr'>diluvium,</span> <span class='ocrx_word' id='word_1_683' title='bbox 2610 3249 2764 3294; x_wconf 87' lang='lat' dir='ltr'>neque</span> <span class='ocrx_word' id='word_1_684' title='bbox 2798 3233 2917 3279; x_wconf 85' lang='lat' dir='ltr'>duos</span> 
     </span>
     <span class='ocr_line' id='line_1_99' title="bbox 1625 3307 2916 3371; baseline -0.003 -16"><span class='ocrx_word' id='word_1_685' title='bbox 1625 3313 1866 3356; x_wconf 88' lang='lat' dir='ltr'>Hermetes</span> <span class='ocrx_word' id='word_1_686' title='bbox 1898 3320 2030 3355; x_wconf 88' lang='lat' dir='ltr'>vetus</span> <span class='ocrx_word' id='word_1_687' title='bbox 2068 3309 2394 3371; x_wconf 86' lang='lat' dir='ltr'>AEgyptiorum</span> <span class='ocrx_word' id='word_1_688' title='bbox 2441 3307 2730 3367; x_wconf 87' lang='lat' dir='ltr'>mythologia</span> <span class='ocrx_word' id='word_1_689' title='bbox 2767 3321 2916 3368; x_wconf 83' lang='lat' dir='ltr'>agno-</span> 
     </span>
     <span class='ocr_line' id='line_1_100' title="bbox 1626 3377 2914 3446; baseline -0.002 -21"><span class='ocrx_word' id='word_1_690' title='bbox 1626 3379 1712 3427; x_wconf 90' lang='lat' dir='ltr'>scit</span> <span class='ocrx_word' id='word_1_691' title='bbox 1743 3380 1970 3446; x_wconf 30' lang='lat' dir='ltr'>(*).-Satis&#39;</span> <span class='ocrx_word' id='word_1_692' title='bbox 1988 3385 2097 3427; x_wconf 91' lang='lat' dir='ltr'>hinc</span> <span class='ocrx_word' id='word_1_693' title='bbox 2129 3382 2405 3442; x_wconf 85' lang='lat' dir='ltr'>intelligitur</span> <span class='ocrx_word' id='word_1_694' title='bbox 2430 3377 2598 3432; x_wconf 83' lang='grc' dir='ltr'>Σώθεος</span> <span class='ocrx_word' id='word_1_695' title='bbox 2630 3379 2828 3436; x_wconf 87' lang='lat' dir='ltr'>librum,</span> <span class='ocrx_word' id='word_1_696' title='bbox 2855 3378 2914 3423; x_wconf 89' lang='lat' dir='ltr'>de</span> 
     </span>
    </p>
   </div>
   <div class='ocr_carea' id='block_1_8' title="bbox 2855 346 3008 4542">
    <p class='ocr_par' dir='ltr' id='par_1_17' title="bbox 2855 346 3008 4542">
     <span class='ocr_line' id='line_1_101' title="bbox 2974 346 3008 579; baseline 0 -63"><span class='ocrx_word' id='word_1_697' title='bbox 2974 346 3008 579; x_wconf 95' lang='lat' dir='ltr'>   </span> 
     </span>
     <span class='ocr_line' id='line_1_102' title="bbox 2974 579 3008 729; baseline 0.265 -6"><span class='ocrx_word' id='word_1_698' title='bbox 2974 579 3008 729; x_wconf 95' lang='lat' dir='ltr'>   </span> 
     </span>
     <span class='ocr_line' id='line_1_103' title="bbox 2974 729 3008 1006; baseline 0 -64"><span class='ocrx_word' id='word_1_699' title='bbox 2974 729 3008 1006; x_wconf 95' lang='lat' dir='ltr'>   </span> 
     </span>
     <span class='ocr_line' id='line_1_104' title="bbox 2968 1025 3008 1366; baseline 0 0"><span class='ocrx_word' id='word_1_700' title='bbox 2968 1025 3008 1366; x_wconf 95' lang='lat' dir='ltr'>    </span> 
     </span>
     <span class='ocr_line' id='line_1_105' title="bbox 2968 1366 3008 1582; baseline 0 -72"><span class='ocrx_word' id='word_1_701' title='bbox 2968 1366 3008 1582; x_wconf 95' lang='lat' dir='ltr'>   </span> 
     </span>
     <span class='ocr_line' id='line_1_106' title="bbox 2966 1582 3008 1653; baseline 0 2889"><span class='ocrx_word' id='word_1_702' title='bbox 2966 1582 3008 1653; x_wconf 95' lang='lat' dir='ltr'> </span> 
     </span>
     <span class='ocr_line' id='line_1_107' title="bbox 2966 1653 3008 1825; baseline 0 -12"><span class='ocrx_word' id='word_1_703' title='bbox 2966 1653 3008 1825; x_wconf 95' lang='lat' dir='ltr'>   </span> 
     </span>
     <span class='ocr_line' id='line_1_108' title="bbox 2964 1825 3008 2091; baseline 0 -61"><span class='ocrx_word' id='word_1_704' title='bbox 2964 1825 3008 2091; x_wconf 95' lang='lat' dir='ltr'>   </span> 
     </span>
     <span class='ocr_line' id='line_1_109' title="bbox 2964 2091 3008 2164; baseline 0 2378"><span class='ocrx_word' id='word_1_705' title='bbox 2964 2091 3008 2164; x_wconf 95' lang='lat' dir='ltr'> </span> 
     </span>
     <span class='ocr_line' id='line_1_110' title="bbox 2964 2164 3008 2236; baseline 0 2306"><span class='ocrx_word' id='word_1_706' title='bbox 2964 2164 3008 2236; x_wconf 95' lang='lat' dir='ltr'> </span> 
     </span>
     <span class='ocr_line' id='line_1_111' title="bbox 2964 2236 3008 2382; baseline 0 0"><span class='ocrx_word' id='word_1_707' title='bbox 2964 2236 3008 2382; x_wconf 95' lang='lat' dir='ltr'>  </span> 
     </span>
     <span class='ocr_line' id='line_1_112' title="bbox 2966 2382 3008 2459; baseline 0 2083"><span class='ocrx_word' id='word_1_708' title='bbox 2966 2382 3008 2459; x_wconf 95' lang='lat' dir='ltr'> </span> 
     </span>
     <span class='ocr_line' id='line_1_113' title="bbox 2968 2459 3008 2529; baseline 0 2013"><span class='ocrx_word' id='word_1_709' title='bbox 2968 2459 3008 2529; x_wconf 95' lang='lat' dir='ltr'> </span> 
     </span>
     <span class='ocr_line' id='line_1_114' title="bbox 2968 2529 3008 2602; baseline 0 1940"><span class='ocrx_word' id='word_1_710' title='bbox 2968 2529 3008 2602; x_wconf 95' lang='lat' dir='ltr'> </span> 
     </span>
     <span class='ocr_line' id='line_1_115' title="bbox 2968 2602 3008 2675; baseline 0 1867"><span class='ocrx_word' id='word_1_711' title='bbox 2968 2602 3008 2675; x_wconf 95' lang='lat' dir='ltr'> </span> 
     </span>
     <span class='ocr_line' id='line_1_116' title="bbox 2964 2675 3008 2749; baseline 0 1793"><span class='ocrx_word' id='word_1_712' title='bbox 2964 2675 3008 2749; x_wconf 95' lang='lat' dir='ltr'> </span> 
     </span>
     <span class='ocr_line' id='line_1_117' title="bbox 2962 2749 3008 2824; baseline 0 1718"><span class='ocrx_word' id='word_1_713' title='bbox 2962 2749 3008 2824; x_wconf 95' lang='lat' dir='ltr'> </span> 
     </span>
     <span class='ocr_line' id='line_1_118' title="bbox 2960 2824 3008 2896; baseline 0 1646"><span class='ocrx_word' id='word_1_714' title='bbox 2960 2824 3008 2896; x_wconf 95' lang='lat' dir='ltr'> </span> 
     </span>
     <span class='ocr_line' id='line_1_119' title="bbox 2958 2896 3008 2970; baseline 0 1572"><span class='ocrx_word' id='word_1_715' title='bbox 2958 2896 3008 2970; x_wconf 95' lang='lat' dir='ltr'> </span> 
     </span>
     <span class='ocr_line' id='line_1_120' title="bbox 2958 2970 3008 3039; baseline 0 1503"><span class='ocrx_word' id='word_1_716' title='bbox 2958 2970 3008 3039; x_wconf 95' lang='lat' dir='ltr'> </span> 
     </span>
     <span class='ocr_line' id='line_1_121' title="bbox 2958 3039 3008 3115; baseline 0 1427"><span class='ocrx_word' id='word_1_717' title='bbox 2958 3039 3008 3115; x_wconf 95' lang='lat' dir='ltr'> </span> 
     </span>
     <span class='ocr_line' id='line_1_122' title="bbox 2958 3115 3008 3188; baseline 0 1354"><span class='ocrx_word' id='word_1_718' title='bbox 2958 3115 3008 3188; x_wconf 95' lang='lat' dir='ltr'> </span> 
     </span>
     <span class='ocr_line' id='line_1_123' title="bbox 2944 3188 3008 3335; baseline 0 -81"><span class='ocrx_word' id='word_1_719' title='bbox 2944 3188 3008 3335; x_wconf 95' lang='lat' dir='ltr'>  </span> 
     </span>
     <span class='ocr_line' id='line_1_124' title="bbox 2937 3335 3008 3403; baseline 0 1139"><span class='ocrx_word' id='word_1_720' title='bbox 2937 3335 3008 3403; x_wconf 95' lang='lat' dir='ltr'> </span> 
     </span>
     <span class='ocr_line' id='line_1_125' title="bbox 2926 3403 3008 3586; baseline 0 -100"><span class='ocrx_word' id='word_1_721' title='bbox 2926 3403 3008 3586; x_wconf 95' lang='lat' dir='ltr'>  </span> 
     </span>
     <span class='ocr_line' id='line_1_126' title="bbox 2922 3586 3008 3812; baseline 0 -64"><span class='ocrx_word' id='word_1_722' title='bbox 2922 3586 3008 3812; x_wconf 95' lang='lat' dir='ltr'>    </span> 
     </span>
     <span class='ocr_line' id='line_1_127' title="bbox 2855 3933 3008 4218; baseline 0 -59"><span class='ocrx_word' id='word_1_723' title='bbox 2855 3933 3008 4218; x_wconf 95' lang='lat' dir='ltr'>      </span> 
     </span>
     <span class='ocr_line' id='line_1_128' title="bbox 2864 4218 3008 4542; baseline 0 0"><span class='ocrx_word' id='word_1_724' title='bbox 2864 4218 3008 4542; x_wconf 95' lang='lat' dir='ltr'>  </span> 
     </span>
    </p>
   </div>
   <div class='ocr_carea' id='block_1_9' title="bbox 1621 3507 2911 3609">
    <p class='ocr_par' dir='ltr' id='par_1_18' title="bbox 1621 3507 2911 3609">
     <span class='ocr_line' id='line_1_129' title="bbox 1675 3507 2911 3563; baseline -0.006 -10"><span class='ocrx_word' id='word_1_725' title='bbox 1675 3514 1724 3563; x_wconf 84' lang='lat'>(*)</span> <span class='ocrx_word' id='word_1_726' title='bbox 1751 3513 1893 3553; x_wconf 83' lang='lat' dir='ltr'>Omnia</span> <span class='ocrx_word' id='word_1_727' title='bbox 1916 3513 2002 3552; x_wconf 80' lang='lat' dir='ltr'>hoee</span> <span class='ocrx_word' id='word_1_728' title='bbox 2021 3522 2071 3551; x_wconf 83' lang='lat' dir='ltr'>ex</span> <span class='ocrx_word' id='word_1_729' title='bbox 2090 3511 2283 3551; x_wconf 85' lang='lat' dir='ltr'>Asiatiaca</span> <span class='ocrx_word' id='word_1_730' title='bbox 2313 3507 2554 3560; x_wconf 84' lang='lat' dir='ltr'>mythologia</span> <span class='ocrx_word' id='word_1_731' title='bbox 2580 3507 2621 3546; x_wconf 91' lang='lat' dir='ltr'>in</span> <span class='ocrx_word' id='word_1_732' title='bbox 2643 3507 2911 3558; x_wconf 72' lang='lat' dir='ltr'>AEgyptiamm</span> 
     </span>
     <span class='ocr_line' id='line_1_130' title="bbox 1621 3557 2910 3609; baseline -0.005 -5"><span class='ocrx_word' id='word_1_733' title='bbox 1621 3568 1715 3605; x_wconf 88' lang='lat' dir='ltr'>sunt</span> <span class='ocrx_word' id='word_1_734' title='bbox 1732 3565 1935 3604; x_wconf 84' lang='lat' dir='ltr'>translata.</span> <span class='ocrx_word' id='word_1_735' title='bbox 1990 3561 2335 3609; x_wconf 86' lang='lat' dir='ltr'>Quemadmodum</span> <span class='ocrx_word' id='word_1_736' title='bbox 2352 3559 2456 3609; x_wconf 87' lang='lat' dir='ltr'>apud</span> <span class='ocrx_word' id='word_1_737' title='bbox 2474 3560 2662 3600; x_wconf 80' lang='lat' dir='ltr'>Nostrum</span> <span class='ocrx_word' id='word_1_738' title='bbox 2679 3557 2910 3608; x_wconf 80' lang='lat' dir='ltr'>Agathodoe-</span> 
     </span>
    </p>
   </div>
   <div class='ocr_carea' id='block_1_10' title="bbox 1616 3612 2994 4249">
    <p class='ocr_par' dir='ltr' id='par_1_19' title="bbox 1616 3612 2994 4249">
     <span class='ocr_line' id='line_1_131' title="bbox 1621 3612 2910 3672; baseline -0.008 -9"><span class='ocrx_word' id='word_1_739' title='bbox 1621 3635 1716 3663; x_wconf 87' lang='lat' dir='ltr'>mon</span> <span class='ocrx_word' id='word_1_740' title='bbox 1747 3623 2028 3672; x_wconf 87' lang='lat' dir='ltr'>interpretatur</span> <span class='ocrx_word' id='word_1_741' title='bbox 2044 3619 2210 3660; x_wconf 88' lang='lat' dir='ltr'>Thothis</span> <span class='ocrx_word' id='word_1_742' title='bbox 2225 3618 2483 3657; x_wconf 86' lang='lat' dir='ltr'>monumenta</span> <span class='ocrx_word' id='word_1_743' title='bbox 2503 3616 2676 3661; x_wconf 79' lang='lat' dir='ltr'>literaria</span> <span class='ocrx_word' id='word_1_744' title='bbox 2689 3645 2700 3663; x_wconf 94' lang='lat'>‚</span> <span class='ocrx_word' id='word_1_745' title='bbox 2722 3615 2779 3655; x_wconf 83' lang='lat' dir='ltr'>sic</span> <span class='ocrx_word' id='word_1_746' title='bbox 2805 3612 2910 3664; x_wconf 85' lang='lat' dir='ltr'>apud</span> 
     </span>
     <span class='ocr_line' id='line_1_132' title="bbox 1621 3672 2914 3723; baseline -0.009 -3"><span class='ocrx_word' id='word_1_747' title='bbox 1621 3684 1810 3721; x_wconf 85' lang='lat' dir='ltr'>Berosum</span> <span class='ocrx_word' id='word_1_748' title='bbox 1847 3677 2081 3718; x_wconf 80' lang='lat' dir='ltr'>Annodotus</span> <span class='ocrx_word' id='word_1_749' title='bbox 2135 3675 2333 3716; x_wconf 79' lang='lat' dir='ltr'>secundus</span> <span class='ocrx_word' id='word_1_750' title='bbox 2374 3673 2546 3723; x_wconf 86' lang='lat' dir='ltr'>explicat</span> <span class='ocrx_word' id='word_1_751' title='bbox 2592 3672 2727 3711; x_wconf 82' lang='lat' dir='ltr'>literas</span> <span class='ocrx_word' id='word_1_752' title='bbox 2757 3677 2914 3719; x_wconf 76' lang='lat' dir='ltr'>sacras,</span> 
     </span>
     <span class='ocr_line' id='line_1_133' title="bbox 1621 3727 2909 3788; baseline -0.009 -10"><span class='ocrx_word' id='word_1_753' title='bbox 1621 3750 1723 3788; x_wconf 86' lang='lat' dir='ltr'>quas</span> <span class='ocrx_word' id='word_1_754' title='bbox 1743 3741 1899 3777; x_wconf 79' lang='lat' dir='ltr'>oannes</span> <span class='ocrx_word' id='word_1_755' title='bbox 1932 3737 2024 3774; x_wconf 85' lang='lat' dir='ltr'>ante</span> <span class='ocrx_word' id='word_1_756' title='bbox 2053 3733 2249 3773; x_wconf 89' lang='lat' dir='ltr'>diluvium</span> <span class='ocrx_word' id='word_1_757' title='bbox 2281 3730 2524 3771; x_wconf 85' lang='lat' dir='ltr'>condiderat.</span> <span class='ocrx_word' id='word_1_758' title='bbox 2593 3729 2779 3770; x_wconf 86' lang='lat' dir='ltr'>Similiter</span> <span class='ocrx_word' id='word_1_759' title='bbox 2805 3727 2909 3778; x_wconf 79' lang='lat' dir='ltr'>apud</span> 
     </span>
     <span class='ocr_line' id='line_1_134' title="bbox 1622 3785 2906 3841; baseline -0.012 -5"><span class='ocrx_word' id='word_1_760' title='bbox 1622 3796 1825 3836; x_wconf 77' lang='lat' dir='ltr'>Phoenices</span> <span class='ocrx_word' id='word_1_761' title='bbox 1855 3792 2117 3834; x_wconf 84' lang='lat' dir='ltr'>Surmuhelus</span> <span class='ocrx_word' id='word_1_762' title='bbox 2139 3789 2345 3841; x_wconf 86' lang='lat' dir='ltr'>apparuit,</span> <span class='ocrx_word' id='word_1_763' title='bbox 2370 3791 2415 3826; x_wconf 90' lang='lat' dir='ltr'>ut</span> <span class='ocrx_word' id='word_1_764' title='bbox 2444 3787 2589 3837; x_wconf 78' lang='lat' dir='ltr'>scripta</span> <span class='ocrx_word' id='word_1_765' title='bbox 2614 3785 2755 3826; x_wconf 87' lang='lat' dir='ltr'>Taauti</span> <span class='ocrx_word' id='word_1_766' title='bbox 2784 3785 2834 3834; x_wconf 90' lang='lat' dir='ltr'>(i.</span> <span class='ocrx_word' id='word_1_767' title='bbox 2865 3795 2906 3835; x_wconf 91' lang='lat' dir='ltr'>q.</span> 
     </span>
     <span class='ocr_line' id='line_1_135' title="bbox 1620 3842 2908 3903; baseline -0.009 -9"><span class='ocrx_word' id='word_1_768' title='bbox 1620 3854 1736 3903; x_wconf 82' lang='grc' dir='ltr'>Θώθ)</span> <span class='ocrx_word' id='word_1_769' title='bbox 1760 3852 1988 3902; x_wconf 86' lang='lat' dir='ltr'>exponeret.</span> <span class='ocrx_word' id='word_1_770' title='bbox 2011 3850 2140 3890; x_wconf 84' lang='lat' dir='ltr'>Taaut</span> <span class='ocrx_word' id='word_1_771' title='bbox 2155 3847 2260 3898; x_wconf 82' lang='lat' dir='ltr'>apud</span> <span class='ocrx_word' id='word_1_772' title='bbox 2277 3845 2491 3895; x_wconf 81' lang='lat' dir='ltr'>Joseplnnn</span> <span class='ocrx_word' id='word_1_773' title='bbox 2513 3846 2525 3894; x_wconf 95' lang='lat'>(</span> <span class='ocrx_word' id='word_1_774' title='bbox 2542 3851 2583 3884; x_wconf 84' lang='grc' dir='ltr'>Α.</span> <span class='ocrx_word' id='word_1_775' title='bbox 2606 3846 2644 3884; x_wconf 88' lang='lat' dir='ltr'>J.</span> <span class='ocrx_word' id='word_1_776' title='bbox 2666 3847 2708 3892; x_wconf 88' lang='lat' dir='ltr'>l,</span> <span class='ocrx_word' id='word_1_777' title='bbox 2732 3848 2778 3892; x_wconf 82' lang='lat'>2,</span> <span class='ocrx_word' id='word_1_778' title='bbox 2796 3842 2844 3888; x_wconf 83' lang='lat'>3)</span> <span class='ocrx_word' id='word_1_779' title='bbox 2868 3842 2908 3881; x_wconf 85' lang='lat' dir='ltr'>in</span> 
     </span>
     <span class='ocr_line' id='line_1_136' title="bbox 1620 3897 2922 3959; baseline -0.012 -8"><span class='ocrx_word' id='word_1_780' title='bbox 1620 3911 1719 3951; x_wconf 76' lang='lat' dir='ltr'>Seth</span> <span class='ocrx_word' id='word_1_781' title='bbox 1742 3920 1871 3959; x_wconf 81' lang='lat' dir='ltr'>regem</span> <span class='ocrx_word' id='word_1_782' title='bbox 1891 3908 2010 3955; x_wconf 89' lang='lat' dir='ltr'>abiit,</span> <span class='ocrx_word' id='word_1_783' title='bbox 2030 3906 2099 3957; x_wconf 82' lang='lat' dir='ltr'>qui</span> <span class='ocrx_word' id='word_1_784' title='bbox 2122 3916 2172 3944; x_wconf 89' lang='lat' dir='ltr'>ne</span> <span class='ocrx_word' id='word_1_785' title='bbox 2190 3905 2315 3944; x_wconf 85' lang='lat' dir='ltr'>literoe</span> <span class='ocrx_word' id='word_1_786' title='bbox 2333 3902 2368 3941; x_wconf 91' lang='lat' dir='ltr'>vi</span> <span class='ocrx_word' id='word_1_787' title='bbox 2385 3913 2580 3952; x_wconf 85' lang='lat' dir='ltr'>aquarum</span> <span class='ocrx_word' id='word_1_788' title='bbox 2596 3900 2891 3941; x_wconf 82' lang='lat' dir='ltr'>destruerentur</span> <span class='ocrx_word' id='word_1_789' title='bbox 2916 3897 2922 3911; x_wconf 80' lang='grc'><strong>”</strong></span> 
     </span>
     <span class='ocr_line' id='line_1_137' title="bbox 1618 3955 2905 4017; baseline -0.009 -9"><span class='ocrx_word' id='word_1_790' title='bbox 1618 3969 1735 4008; x_wconf 85' lang='lat' dir='ltr'>stelas</span> <span class='ocrx_word' id='word_1_791' title='bbox 1751 3967 1939 4017; x_wconf 81' lang='lat' dir='ltr'>effigiatas</span> <span class='ocrx_word' id='word_1_792' title='bbox 1959 3964 2089 4017; x_wconf 87' lang='lat' dir='ltr'>posuit</span> <span class='ocrx_word' id='word_1_793' title='bbox 2110 3963 2209 4002; x_wconf 78' lang='grc' dir='ltr'>κατὰ</span> <span class='ocrx_word' id='word_1_794' title='bbox 2224 3966 2294 4013; x_wconf 86' lang='grc' dir='ltr'>γῆν</span> <span class='ocrx_word' id='word_1_795' title='bbox 2324 3962 2392 4007; x_wconf 82' lang='grc' dir='ltr'>τὴν</span> <span class='ocrx_word' id='word_1_796' title='bbox 2424 3959 2578 4009; x_wconf 85' lang='grc' dir='ltr'>Σιριάδα</span> <span class='ocrx_word' id='word_1_797' title='bbox 2604 3961 2616 4006; x_wconf 91' lang='grc'>(</span> <span class='ocrx_word' id='word_1_798' title='bbox 2636 3958 2693 3998; x_wconf 79' lang='lat' dir='ltr'>cf.</span> <span class='ocrx_word' id='word_1_799' title='bbox 2724 3955 2905 3997; x_wconf 70' lang='lat' dir='ltr'>Eustatln</span> 
     </span>
     <span class='ocr_line' id='line_1_138' title="bbox 1617 4014 2908 4075; baseline -0.011 -9"><span class='ocrx_word' id='word_1_800' title='bbox 1617 4030 1783 4067; x_wconf 75' lang='lat' dir='ltr'>Hexam.</span> <span class='ocrx_word' id='word_1_801' title='bbox 1814 4035 1853 4075; x_wconf 88' lang='lat' dir='ltr'>p.</span> <span class='ocrx_word' id='word_1_802' title='bbox 1883 4025 1973 4073; x_wconf 87' lang='lat'>27).</span> <span class='ocrx_word' id='word_1_803' title='bbox 1999 4043 2049 4051; x_wconf 88' lang='lat'>--</span> <span class='ocrx_word' id='word_1_804' title='bbox 2079 4022 2195 4072; x_wconf 85' lang='lat' dir='ltr'>Signa</span> <span class='ocrx_word' id='word_1_805' title='bbox 2224 4030 2336 4060; x_wconf 86' lang='lat' dir='ltr'>saera</span> <span class='ocrx_word' id='word_1_806' title='bbox 2360 4015 2655 4070; x_wconf 70' lang='grc' dir='ltr'>(ἱερογραφικάς</span> <span class='ocrx_word' id='word_1_807' title='bbox 2684 4014 2794 4066; x_wconf 88' lang='lat' dir='ltr'>quod</span> <span class='ocrx_word' id='word_1_808' title='bbox 2825 4024 2908 4062; x_wconf 65' lang='lat' dir='ltr'>nou.v</span> 
     </span>
     <span class='ocr_line' id='line_1_139' title="bbox 1618 4074 2909 4131; baseline -0.008 -9"><span class='ocrx_word' id='word_1_809' title='bbox 1618 4086 1729 4122; x_wconf 87' lang='lat' dir='ltr'>muto</span> <span class='ocrx_word' id='word_1_810' title='bbox 1763 4082 1803 4121; x_wconf 93' lang='lat' dir='ltr'>in</span> <span class='ocrx_word' id='word_1_811' title='bbox 1830 4078 2117 4131; x_wconf 76' lang='grc' dir='ltr'>ἱερογλυφικά),</span> <span class='ocrx_word' id='word_1_812' title='bbox 2139 4089 2230 4129; x_wconf 83' lang='lat' dir='ltr'>quae</span> <span class='ocrx_word' id='word_1_813' title='bbox 2258 4077 2360 4117; x_wconf 85' lang='lat' dir='ltr'>Toth</span> <span class='ocrx_word' id='word_1_814' title='bbox 2393 4075 2499 4126; x_wconf 85' lang='lat' dir='ltr'>apud</span> <span class='ocrx_word' id='word_1_815' title='bbox 2531 4074 2806 4114; x_wconf 86' lang='lat' dir='ltr'>Manethonem</span> <span class='ocrx_word' id='word_1_816' title='bbox 2824 4082 2843 4112; x_wconf 83' lang='lat' dir='ltr'>s</span> <span class='ocrx_word' id='word_1_817' title='bbox 2869 4087 2909 4112; x_wconf 70' lang='grc' dir='ltr'>ι,</span> 
     </span>
     <span class='ocr_line' id='line_1_140' title="bbox 1616 4130 2994 4190; baseline -0.009 -10"><span class='ocrx_word' id='word_1_818' title='bbox 1616 4142 1663 4181; x_wconf 86' lang='lat' dir='ltr'>lis</span> <span class='ocrx_word' id='word_1_819' title='bbox 1697 4139 1922 4189; x_wconf 80' lang='lat' dir='ltr'>insculpsit,</span> <span class='ocrx_word' id='word_1_820' title='bbox 1958 4139 2149 4187; x_wconf 84' lang='lat' dir='ltr'>tanquam</span> <span class='ocrx_word' id='word_1_821' title='bbox 2186 4136 2317 4186; x_wconf 81' lang='lat' dir='ltr'>ignota</span> <span class='ocrx_word' id='word_1_822' title='bbox 2348 4144 2507 4185; x_wconf 85' lang='lat' dir='ltr'>prorsus</span> <span class='ocrx_word' id='word_1_823' title='bbox 2538 4130 2725 4183; x_wconf 81' lang='lat' dir='ltr'>AEgyptii&#39;s</span> <span class='ocrx_word' id='word_1_824' title='bbox 2754 4131 2913 4169; x_wconf 66' lang='lat' dir='ltr'>mort.-.</span> <span class='ocrx_word' id='word_1_825' title='bbox 2990 4171 2994 4190; x_wconf 27' lang='grc' dir='ltr'>,Α</span> 
     </span>
     <span class='ocr_line' id='line_1_141' title="bbox 1622 4186 2993 4249; baseline -0.009 -11"><span class='ocrx_word' id='word_1_826' title='bbox 1622 4199 1724 4239; x_wconf 84' lang='lat' dir='ltr'>libus</span> <span class='ocrx_word' id='word_1_827' title='bbox 1754 4196 1916 4248; x_wconf 82' lang='lat' dir='ltr'>cogitari</span> <span class='ocrx_word' id='word_1_828' title='bbox 1948 4195 2116 4244; x_wconf 86' lang='lat' dir='ltr'>debent,</span> <span class='ocrx_word' id='word_1_829' title='bbox 2137 4193 2235 4235; x_wconf 88' lang='lat' dir='ltr'>adeo</span> <span class='ocrx_word' id='word_1_830' title='bbox 2262 4195 2307 4233; x_wconf 88' lang='lat' dir='ltr'>ut</span> <span class='ocrx_word' id='word_1_831' title='bbox 2337 4192 2412 4233; x_wconf 89' lang='lat' dir='ltr'>deo</span> <span class='ocrx_word' id='word_1_832' title='bbox 2439 4190 2652 4242; x_wconf 83' lang='lat' dir='ltr'>interprete</span> <span class='ocrx_word' id='word_1_833' title='bbox 2679 4198 2778 4240; x_wconf 85' lang='lat' dir='ltr'>opus</span> <span class='ocrx_word' id='word_1_834' title='bbox 2803 4186 2912 4227; x_wconf 68' lang='lat' dir='ltr'>ess2²³</span> <span class='ocrx_word' id='word_1_835' title='bbox 2989 4200 2993 4249; x_wconf 40' lang='grc' dir='ltr'>ὲ</span> 
     </span>
    </p>
   </div>
  </div>
 </body>
</html>
