3016 4628
147 396 377 457 Libellum
409 409 539 453 illum
571 407 731 452 Meieri
766 406 959 450 Lutetiae
986 405 1212 462 inspicere
1247 419 1343 447 non
1370 403 1428 446 li-

147 485 258 529 cuit.

743 583 822 632 33.

211 699 552 759 Harpocration
574 712 619 742 v.
645 691 784 757 Κυρία
810 691 1018 749 ἐκκλησία
1047 708 1057 740 :
1080 692 1203 745 Τίνες
1223 691 1267 739 δὲ
1286 695 1329 739 αἱ
1354 691 1431 739 κύ-

16 758 51 806 ’ἶ
146 786 234 832 ριαι
263 766 514 826 ἐκκλησίαι,
543 761 837 828 Ἀριστοτέλης
867 761 1106 819 δεδήλωκεν
1140 765 1184 809 ἐν
1217 767 1271 826 τῇ
1305 763 1426 820 Ἀθη·

46 843 58 860 ’·
147 837 278 885 ναίων
309 835 533 902 πολιτεία,
564 834 700 896 λέγων
735 832 830 888 τους
864 833 1088 896 πρυτάνεις
1123 834 1319 898 συνάγειν
1352 835 1430 892 τὴν

17 798 52 1012 ἒ
152 908 310 973 βουλὴν
339 907 413 955 καὶ
446 872 533 995 τὸνζ
560 906 721 968 δῆμον,
756 903 831 961 τὴν
874 902 950 967 μὲν
996 905 1154 968 βουλὴν
1189 906 1427 992 ὁσημέραι,

144 978 287 1036 πλὴν’
269 978 342 1025 εάν
361 996 423 1030 τις
448 979 527 1042 ἀφε
509 975 654 1039 ’σιμος
688 974 862 1040 (ἄφετος
879 978 1079 1040 Pollux)
1106 980 1133 1040 ᾖ
1155 1012 1167 1034 ,
1192 976 1263 1023 τὸν
1288 978 1332 1023 δὲ
1355 978 1426 1033 δῆ-

150 1063 231 1116 μον
253 1049 449 1117 τετράκις
473 1068 548 1109 της
567 1051 824 1115 πρυτανείας
843 1047 1040 1106 ἑκάστης.
1083 1070 1099 1090 α
1123 1047 1429 1138 Προγράφουσι

144 1122 214 1182 δὲ,
256 1142 380 1190 φησι,
419 1142 493 1170 και
538 1120 688 1186 κυρίαν
710 1118 1000 1178 ἐκκλησίαν,’
982 1137 1024 1165 εν
1067 1124 1094 1182 ᾗ
1116 1120 1181 1165 δεῖ
1198 1119 1274 1173 τὰς
1295 1118 1431 1183 ἀρχὰς

150 1195 469 1260 ἆποχειροτονε“’
453 1214 501 1253 ιν,
536 1193 578 1241 οἳ
600 1195 771 1240 δοκοῦσι
796 1192 856 1254 μὴ
877 1191 1069 1245 καλυ)ς”
1042 1210 1204 1256 αρχειν,
1225 1191 1299 1239 καὶ
1331 1191 1428 1257 περὶ

150 1269 343 1333 φυλακῆς
363 1266 408 1314 δὲ
432 1271 507 1325 τῆς
520 1265 683 1331 χώρας.
702 1286 721 1307 »
735 1263 826 1313 Καὶ
842 1261 918 1318 τὰς
942 1263 1210 1326 εἰσαγγελίας
1227 1266 1269 1310 ἐν
1292 1262 1427 1326 ταύτῃ

147 1342 200 1402 τῇ
239 1338 382 1405 ἡμέρα
410 1338 506 1394 τοὺς
544 1336 823 1403 βουλομένους
862 1333 1076 1383 ποιεῖσθαί
1113 1353 1245 1399 φησι,
1275 1333 1427 1382 καὶτὰ

145 1409 254 1467 ἑξῆς

209 1484 280 1530 Ex
299 1485 671 1544 Harpocratione
687 1497 767 1526 sua
780 1481 956 1525 habent
973 1479 1166 1525 Photius
1180 1495 1232 1539 p.
1259 1495 1366 1540 191,
1392 1495 1431 1536 1,

149 1558 313 1603 Suidas
353 1567 398 1601 et
431 1559 585 1618 Etym.
623 1558 691 1603 M.
729 1571 765 1599 5.
807 1570 853 1600 v.
891 1553 962 1599 Cf.
998 1554 1253 1612 Hesychius
1291 1560 1431 1610 atque

142 1629 308 1674 Pollux
347 1631 479 1685 VIII,
514 1628 574 1688 95
589 1663 600 1684 ‚
648 1642 788 1686 quem
838 1641 894 1672 ex
942 1626 1192 1669 Aristotele
1234 1625 1432 1668 hausisse

121 1716 243 1747 .non
276 1700 472 1745 dubium
497 1709 600 1745 est:
634 1700 734 1745 Ἰῶν
765 1696 801 1743 δ’
836 1697 1074 1754 ἐκκλησιῶν
1113 1699 1139 1752 ἡ
1179 1692 1257 1757 μὲν
1279 1693 1431 1758 κυρία,

143 1771 187 1816 ἐν
215 1775 242 1833 ᾗ
283 1769 360 1823 τὰς
394 1770 529 1835 ἀρχὰς
567 1771 966 1840 ἐπιχειροτονοῧσιν,
1016 1765 1135 1830 εἴπερ
1174 1768 1316 1819 καλῶς
1356 1766 1430 1830 ἄρ-

145 1859 313 1906 χουσιν,
338 1840 366 1899 ἢ
392 1843 815 1906 ἀποχειροτονουσιν·
838 1841 881 1887 ἐν
911 1843 939 1902 ᾑ
964 1857 1038 1884 και
1057 1837 1132 1891 τὰς
1158 1837 1430 1901 εἰσαγγελίας

148 1918 172 1962 ὁ
190 1912 444 1979 βουλόμενος
469 1913 758 1977 εἰσαγγέλλει,
788 1911 861 1959 καὶ
880 1910 956 1965 τὰς
972 1909 1227 1975 ἀπογραφὰς
1250 1914 1334 1957 τῶν
1355 1911 1429 1968 δη-

147 1984 394 2047 μευομένων
431 1984 822 2048 ἀναγιγνώσκουσιν
855 1986 894 2030 οἱ
917 1982 1021 2047 πρὸς
1054 1989 1148 2036 ταῖς
1175 1982 1335 2044 δίκαις,
1356 1982 1430 2029 καὶ

25 2044 60 2107 ἵει.
142 2056 218 2111 τὰς
231 2053 373 2113 λήξεις
385 2060 468 2104 τῶν
485 2056 672 2121 κλήρων.
691 2055 749 2104 ‘H
770 2053 814 2102 δὲ
840 2053 1015 2120 δευτέρα
1035 2051 1244 2112 ἐκκλησία
1267 2054 1429 2100 ἀνεῖται

34 2128 49 2145 ”
143 2130 231 2183 τοῖς
267 2129 564 2194 βουλομένοις,
595 2127 816 2192 ἱκετηρίαν
852 2126 1061 2188 θεμένοις,
1098 2127 1237 2188 λέγειν
1294 2127 1429 2181 ἀδεῶς

145 2202 245 2267 περί
263 2222 310 2250 τε
331 2206 414 2250 τῶν
437 2202 554 2249 ἰδίων
579 2204 653 2250 καὶ
683 2204 767 2248 τῶν
789 2200 1026 2262 δημοσίων.
1054 2199 1107 2247 Ἥ
1139 2198 1182 2246 δὲ
1207 2198 1330 2262 τρίτη
1355 2199 1430 2257 κή-

143 2273 234 2337 ρυξι
259 2274 331 2322 καὶ
353 2273 601 2338 πρεσὸείαις
621 2273 732 2329 ἀξιοῖ
763 2273 1064 2336 χρηματίζειν,
1086 2270 1156 2325 οὒς
1176 2273 1242 2318 δεῖ
1273 2272 1432 2336 πρότε-

145 2365 215 2410 ρον
250 2346 336 2399 τοῖς
367 2344 622 2410 πρυτάνεσιν
654 2345 888 2390 ἀποδοῦναι
925 2342 978 2389 τὰ
1011 2342 1268 2408 γράμματα.
1291 2342 1346 2391 ‘H
1385 2342 1429 2390 δὲ

52 2464 53 2467 ,
141 2415 327 2480 τετάρτη
350 2415 449 2479 περὶ
467 2419 593 2482 ἱερῶν
619 2414 694 2462 καὶ
719 2413 862 2462 ὁσίων.

38 2490 76 2554 7}
206 2493 443 2535 Pollucem
466 2491 731 2535 festinanter
748 2489 984 2547 exscripsit
1005 2489 1151 2532 schol.
1168 2490 1217 2532 in
1230 2487 1428 2534 AEschin.

112 2578 116 2581 *
140 2565 192 2609 C.
221 2565 337 2609 Tim.
363 2579 410 2622 p.
443 2568 556 2618 124,
590 2578 608 2606 1
636 2597 649 2619 ,
671 2578 720 2621 p.
750 2561 842 2620 739
866 2560 1023 2605 Reisk.
1047 2587 1111 2593 —-
1146 2580 1166 2601 «
1198 2561 1338 2619 Quod
1370 2561 1430 2604 ad

146 2631 343 2697 φυλακὴν
371 2635 446 2688 τ’ἧς
479 2630 646 2696 χώρας,
684 2633 742 2676 de
778 2646 870 2690 qua
905 2632 954 2673 in
982 2630 1146 2693 κυρίαις
1184 2628 1431 2687 ἐκκλησίαις

146 2707 343 2750 relatum
367 2721 460 2749 esse
499 2705 767 2749 Aristoteles
790 2703 971 2756 scribit,
999 2702 1057 2746 de
1085 2718 1138 2747 ea
1173 2703 1432 2748 luculenter

142 2778 354 2823 disseruit
392 2778 637 2822 Boeckhius
667 2776 947 2836 (Ur-hundam
973 2775 1084 2818 iiber
1116 2775 1166 2819 cl.
1197 2775 1431 2823 Seewesetz

144 2866 194 2909 p.
220 2850 309 2906 467
325 2848 337 2909 )
356 2883 368 2904 ,
398 2849 566 2908 quibus
590 2848 708 2892 illud
731 2863 877 2891 unum
909 2846 1059 2901 addo,
1081 2846 1353 2905 pertinuisse
1374 2863 1430 2891 60

141 2922 351 2981 inprimis
377 2918 675 2982 φυλακτήρια,
703 2921 752 2962 in
784 2919 952 2977 quibus
970 2919 1143 2963 versari
1157 2920 1316 2962 solitos
1339 2934 1431 2963 esse

38 3007 44 3041 j
66 3020 79 3055 3
113 3026 120 3032 .
139 2993 378 3052 peripolos
394 2992 517 3036 idem
537 2991 804 3036 Aristoteles
820 3005 895 3049 ap.
918 2991 1195 3049 Harpocrat.
1222 3006 1266 3036 v,
1293 2987 1431 3051 Περί-

142 3062 270 3115 πολος
299 3062 313 3125 (
335 3063 394 3108 fr.
428 3061 516 3126 20)
534 3072 713 3118 narrat3
738 3053 788 3105 hi
805 3063 943 3117 enim,
964 3070 1016 3104 ut
1032 3063 1095 3105 ait
1110 3063 1277 3105 Pollux
1300 3063 1428 3117 VIII,

67 3149 82 3175 ‘'.
151 3131 266 3190 105,
275 3131 522 3196 περιήεσαν
538 3132 616 3190 τὴν
633 3131 779 3196 χώραν
805 3131 917 3196 φυλ’
892 3150 1101 3184 αττοντες.
1124 3135 1322 3180 »Meieoez
1340 3134 1371 3176 l.
1397 3135 1427 3177 l.

46 3252 51 3260 ,
75 3231 82 3238 ->
145 3204 358 3249 Ceterum
380 3206 466 3248 alia
486 3205 643 3260 uadit,
663 3220 814 3264 neque
833 3221 993 3263 unam,
1007 3205 1088 3249 sed
1113 3214 1154 3247 tr
1157 3220 1202 3248 es
1224 3205 1433 3249 ecclesias

56 3271 99 3353 ξ
143 3273 290 3338 κυρίας
313 3277 546 3336 agnoscit,
573 3275 690 3320 adeo
717 3284 769 3320 ut
794 3273 947 3339 κυρίας
966 3291 1065 3319 non
1089 3275 1348 3319 distinxerit
1370 3276 1428 3319 ab

42 3354 91 3403 ,ξ
148 3346 397 3392 ordinariis
440 3344 671 3408 (ἐννόμοις)
721 3349 959 3403 omnibus,
1003 3349 1149 3391 schol.
1190 3347 1428 3431 Aiistoph.

44 3402 111 3485 ,ἦν
142 3418 359 3464 Acharn.
383 3434 439 3478 19
461 3417 473 3479 (
492 3419 618 3463 unde
633 3434 714 3463 sua
729 3419 891 3464 Suidas
913 3435 948 3462 s.
975 3435 1019 3465 v.
1042 3417 1088 3480 ):
1120 3416 1220 3465 Εἰσὶ
1242 3415 1286 3462 δὲ
1315 3415 1432 3478 νόμι-

43 3476 111 3556 a?
146 3503 222 3548 μοι
242 3487 468 3545 ἐκκλησίαι
494 3489 538 3533 αἱ
563 3486 793 3549 λεγόμεναι
827 3487 1003 3553 (κύριαι
1032 3455 1152 3534 adde
1177 3506 1232 3534 ex
1262 3488 1429 3550 Suida)

61 3586 103 3623 ,ψ

745 3628 816 3667 33.

189 3694 302 3740 ,Quae
337 3692 486 3733 suerint
521 3693 731 3733 conciones
765 3694 915 3745 κύριαι,
943 3705 1044 3743 quas
1070 3694 1237 3741 vocant,
1259 3693 1302 3732 in
1333 3695 1430 3743 Rep.

150 3754 444 3795 Atheniensium
471 3755 588 3795 docet
610 3757 860 3805 Aristotelos;
880 3756 974 3795 dicit
991 3767 1084 3796 vero
1109 3758 1295 3806 prytanes
1317 3767 1432 3795 sena-

150 3820 235 3859 tum
251 3823 290 3860 et
303 3821 495 3871 populum
517 3831 734 3860 convocare
747 3851 758 3870 ‚
779 3823 821 3861 et
842 3823 1022 3860 senatum
1047 3821 1208 3871 quidem
1230 3819 1430 3871 quotidie,

150 3881 224 3922 nisi
245 3881 329 3923 dies
352 3884 527 3923 nefastus
542 3884 616 3932 sit;
635 3884 829 3934 populum
857 3895 953 3923 vero
975 3886 1116 3934 quater
1139 3884 1243 3923 intra
1260 3883 1433 3934 spatium

152 3944 457 3996 uniuscujusque
469 3947 672 3997 prytaniae.
697 3963 717 3981 «
737 3947 992 3987 proscribunt
1013 3949 1147 3986 autem
1161 3947 1279 3986 etiam
1299 3947 1431 3997 κυρίαν

152 4007 378 4056 ἐκκλησίαν,
398 4008 440 4048 in
461 4020 542 4059 qua
563 4010 813 4060 magistratus
833 4011 1025 4060 abrogant
1044 4010 1115 4060 qui
1144 4011 1247 4050 male
1270 4020 1434 4049 munere

149 4082 224 4113 suu
238 4073 343 4123 fungi
358 4072 584 4123 videantur,
600 4076 641 4113 et
661 4074 710 4114 de
729 4075 895 4125 regionis
910 4073 1091 4114 custodia
1108 4076 1284 4124 agunt.»
1275 4077 1433 4112 >Porro

152 4135 286 4239 siquils
307 4137 466 4239 pitiblice
489 4149 634 4178 nomen
649 4138 816 4189 alicuius
831 4138 983 4213 deferre
999 4138 1116 4188 velit,
1137 4139 1213 4178 hoe
1233 4149 1279 4178 eo
1295 4138 1358 4178 die
1374 4139 1432 4178 sa-

158 4207 248 4238 eere
275 4209 334 4238 tce

54 3762 93 3798 ,τῖ’
66 3719 87 3752 εν
70 3701 74 3707 ·
59 3615 90 3690 ἐιὶῄψτ

58 3806 82 3839 κζ.

83 4337 87 4344 .
80 4279 92 4306 ,2
76 4237 95 4268 ⁴3*
71 4206 104 4225 ,ιζ
52 3897 106 4187 Τμῑῦἑρὠῇςῖεῄάῖἶῖ
61 3842 80 3888 :⁸³⁴
97 3827 100 3830 .

107 4147 109 4151 “
108 3939 120 3951 ι

1062 270 1539 344 ATHEN'fflxsluM
1576 293 1972 343 RsssrussucA.

2701 304 2787 345 tiz

1508 404 1618 464 τρεῖς
1637 419 1710 446 του
1737 399 1867 461 μηνὸς
1891 399 2139 458 Ἀθήνησιν,
2158 403 2185 456 ἡ
2209 401 2356 464 πρώτη
2382 421 2454 448 και
2474 406 2501 459 ἡ
2525 402 2681 460 δεκάτη
2702 421 2778 449 και

1505 476 1531 530 ἡ
1556 471 1748 538 τριακάς.
1778 470 1877 519 Εἰσι
1904 470 1949 518 δὲ
1974 471 2047 517 καὶ
2065 470 2329 535 πρόσκλητοι
2358 474 2643 536 συναγόμεναι
2673 475 2787 521 κατοὶ

1504 563 1598 590 τινα
1637 541 1861 605 ἐπείγοντα
1904 541 2156 605 πράγματα.
2187 544 2243 589 Αἱ
2280 543 2332 603 μὲ
2336 563 2355 589 ν
2397 564 2467 590 ουν
2503 547 2678 605 νόμιμοι
2710 546 2784 592 καὶ

1507 614 1744 679 ὡρισμέναι
1768 612 1999 670 ἐκκλησίαι
2023 611 2168 676 κύριαι
2198 611 2424 674 λέγονται,
2453 618 2509 666 ὡς
2533 614 2713 679 ἔφαμεν,
2744 620 2788 663 αἱ

1506 687 1550 733 δὲ
1575 685 1680 750 πρὸς
1699 683 1753 731 τὰ
1775 683 2083 747 κατεπείγοντα
2110 685 2395 746 συναγόμεναι
2416 683 2662 746 σύγκλητοι.
2683 691 2790 734 Haec

1504 760 1563 804 ad
1582 769 1790 818 tempora
1815 759 2074 817 posteriora
2096 766 2302 816 spectare
2324 758 2557 805 videntur.
2579 760 2791 804 Ceterum

1504 848 1548 878 v.
1567 833 1859 876 Schoemann.
1872 832 1942 874 De
1955 831 2152 875 comitiis
2166 845 2215 887 p.
2242 844 2302 888 29
2327 844 2451 888 sqq.,
2470 831 2661 889 Antiqq.
2677 831 2793 888 juris

1504 904 1635 963 publ.
1681 918 1730 962 p.
1775 902 1868 946 226
1910 917 2012 961 sqq.
2052 911 2098 946 et
2135 903 2390 946 Hermann.
2438 901 2783 949 Staatsalterth.

1506 976 1532 1036 §
1560 975 1665 1031 128,
1692 975 1852 1032 ibique
1875 974 2100 1018 laudatos.

2106 1087 2182 1140 34.

1569 1199 1725 1245 Schol.
1751 1198 1991 1258 Alistoph.
2011 1200 2133 1243 Plut.
2161 1213 2218 1254 27
2227 1198 2290 1244 83
2318 1195 2426 1259 Περι
2455 1199 2528 1242 τοῦ
2554 1198 2791 1260 παραδιδο·

1507 1269 1634 1332 μένου
1675 1277 1761 1324 τοῖς
1808 1272 2010 1317 εἰσιοῦσιν
2057 1270 2116 1322 εἷς
2163 1267 2211 1315 τὸ
2254 1267 2527 1332 δικαστήριον
2574 1268 2792 1329 συμὸόλου

1507 1341 1804 1406 Ἀριστοτέλης
1835 1343 1878 1388 ἐν
1908 1344 1960 1404 τῇ
1991 1338 2224 1397 Ἀθηναίων
2258 1337 2453 1402 πολιτείᾳ
2479 1336 2590 1385 οὕτω
2617 1338 2789 1403 γράφει·

1508 1436 1527 1455 «
1552 1414 1654 1467 Τοῖς
1685 1413 1767 1479 γὰρ
1800 1411 2087 1477 δικαστηρίοις
2118 1413 2277 1476 χρῶμα
2322 1411 2346 1435 '⁰‘
2365 1409 2454 1434 ***
2479 1409 2792 1474 ἐπιγέγραπται

1505 1485 1569 1550 ἐφ’
1587 1485 1758 1552 ἑκάστῳ
1779 1485 1849 1532 ἐπὶ
1867 1487 1928 1550 τῷ
1954 1483 2179 1549 σφηκίσκῳ
2198 1486 2273 1540 τ’ἧς
2298 1480 2479 1531 εἰσόδου.
2503 1480 2560 1530 ‘O
2579 1481 2622 1528 δὲ
2646 1482 2791 1529 λαὸὼν

1503 1557 1581 1614 τὴν
1603 1558 1843 1624 βακτηρίαν
1868 1557 2031 1622 βαδίζει
2054 1558 2110 1610 εἰς
2131 1554 2405 1619 δικαστήριον
2423 1554 2471 1601 τὸ
2490 1553 2700 1620 ὁμόχρουν
2717 1555 2793 1617 μὲν

1504 1633 1557 1694 τῇ
1593 1630 1829 1696 βακτηρία,
1861 1629 1958 1692 ἔχον
1983 1628 2026 1675 δὲ
2059 1629 2108 1675 τὸ
2149 1627 2252 1674 αὐτὸ
2288 1627 2496 1692 γράμμα,
2533 1626 2638 1691 ὅπερ
2667 1630 2708 1674 ἐν
2739 1633 2792 1691 τῇ

1507 1701 1700 1767 βαλάνῳ.
1722 1701 1930 1751 Ἐπειδὰν
1945 1699 1989 1748 δὲ
2010 1701 2200 1763 εἰσέλθῃ,
2218 1698 2555 1765 παραλαμὸάνει
2576 1698 2793 1761 σύμὸολον

1512 1774 1701 1840 δημοσίᾳ
1728 1773 1848 1838 παρὰ
1880 1778 1958 1821 τοῦ
1984 1772 2203 1836 εἰληχότος
2234 1772 2394 1829 ταύτην
2419 1770 2495 1827 τὴν
2522 1771 2678 1835 ἀρχήν,
2705 1794 2722 1812 ι»

1571 1868 1590 1887 «
1612 1850 1720 1892 Post
1741 1849 1920 1911 χρῶμα,
1952 1848 2010 1891 ab
2035 1846 2518 1891 Hemsterhusio'male
2542 1847 2590 1888 in
2610 1842 2793 1906 γράμμα

1505 1929 1733 1963 mutatum
1750 1954 1761 1974 ‚
1789 1920 2001 1963 lacunam
2032 1918 2252 1962 indicavit
2287 1917 2528 1961 Dobraeus.
2560 1918 2671 1973 Quae
2699 1918 2794 1960 sor-

1504 2000 1617 2036 tasse
1636 1993 1699 2035 sic
1721 2001 1787 2035 est
1807 1991 2034 2050 explenda
2054 1999 2107 2033 ut
2122 1990 2365 2045 scribatur,
2385 1993 2470 2040 τοῖς
2486 1985 2569 2051 γὰρ
2591 1989 2794 2044 δικαστη-

1506 2061 1609 2127 ρίοις
1632 2060 1790 2125 χρῶμά
1818 2060 1863 2107 τέ
1891 2064 2006 2107 ἐστιν
2035 2062 2140 2106 ἴδιον
2167 2058 2338 2123 ἑκάστῳ
2355 2095 2369 2120 ,
2396 2058 2471 2105 καὶ
2490 2058 2674 2123 γράμμα
2698 2060 2794 2104 ἐπι-

1505 2133 1749 2197 γέγραπται
1787 2132 1859 2180 ἐπὶ
1897 2135 1959 2196 τῷ
1993 2131 2221 2196 σφηκίσκῳ
2250 2135 2325 2188 τῆς
2352 2130 2537 2177 εἰσόδου.
2582 2134 2689 2176 Non
2730 2142 2796 2176 est

1505 2208 1691 2251 aliunde
1713 2207 1925 2267 cognitus
1942 2207 2018 2249 hic
2031 2221 2137 2249 usus
2152 2205 2369 2248 vocabuli
2389 2200 2645 2267 σφηκίσκος,
2663 2200 2795 2262 quod

1504 2280 1554 2322 in
1606 2275 1828 2341 σφηνίσκῳ
1868 2277 2144 2320 mutandum
2193 2276 2439 2319 videbatur
2485 2275 2795 2319 Schoemanno

1507 2350 1774 2410 (Dissertat.
1812 2351 1870 2392 de
1905 2353 2141 2393 sortitione
2163 2348 2374 2405 judicum
2407 2363 2483 2405 ap.
2533 2346 2701 2389 Athen.
2730 2347 2796 2388 ad

1504 2423 1646 2467 schol.
1679 2424 1816 2465 Arist.
1845 2422 1969 2465 Plut.
2000 2438 2038 2464 ι’.
2067 2436 2178 2476 277.
2214 2418 2607 2478 Gryplziswaldioe
2637 2413 2791 2476 1820)

1503 2511 1552 2554 p.
1588 2493 1643 2538 15
1661 2528 1673 2548 ,
1709 2494 1829 2536 male
1855 2493 1972 2536 illud
2005 2508 2095 2552 pro
2121 2489 2296 2550 ἇέτωμα
2319 2506 2355 2537 s,
2379 2486 2500 2541 ἀετὸς
2527 2490 2792 2547 accipienti.

1503 2568 1803 2626 Supercilium
1829 2569 1996 2621 sanuoe
2026 2565 2359 2622 interpretatur
2378 2561 2625 2606 Boeckhius
2648 2562 2790 2619 Corp.

1506 2641 1656 2682 Inscr.
1685 2638 1781 2680 vol.
1804 2638 1850 2690 I,
1871 2651 1919 2694 p.
1947 2636 2058 2687 341.
2083 2636 2199 2678 Mihi
2222 2650 2319 2677 non
2339 2634 2397 2677 de
2423 2642 2521 2677 toto
2545 2633 2792 2691 supercilio

1504 2707 1858 2767 intelligendum
1877 2721 1970 2749 esse
1993 2706 2195 2761 videtur,
2217 2705 2298 2748 sed
2322 2704 2380 2748 de
2402 2704 2553 2762 lapide
2572 2705 2646 2747 vel
2667 2704 2793 2764 ligno

1504 2780 1634 2838 quod
1655 2781 1704 2822 in
1728 2777 1884 2822 medio
1909 2778 2156 2835 supercilio
2182 2776 2335 2834 januae
2357 2776 2601 2834 paululum
2625 2776 2796 2819 eminet

1502 2852 1894 2910 superciliumque
1918 2850 2054 2892 cunei
2078 2849 2217 2892 instar
2232 2849 2281 2890 in
2298 2847 2410 2891 duas
2424 2857 2578 2906 partes
2594 2847 2760 2890 dividit
2779 2863 2790 2889 :

1505 2923 1636 2982 quod
1662 2931 1708 2966 et
1741 2919 1976 2985 σφηκίσκος
2011 2929 2056 2964 et
2088 2917 2321 2981 σφηνίσκος
2350 2928 2457 2978 apte
2494 2918 2588 2962 dici
2624 2920 2792 2977 potuit.

1504 2997 1625 3039 Huic
1652 2996 1792 3055 igitur
1818 3009 1970 3038 cuneo
2001 2994 2219 3052 inscripta
2247 2992 2336 3035 fuit
2369 2992 2502 3034 litera
2541 2991 2794 3047 dicasterii,

1506 3066 1907 3125 quemadmodum
1930 3065 2073 3109 hodie
2094 3080 2342 3108 numerum
2372 3063 2543 3106 aedium
2566 3077 2663 3106 non
2682 3079 2789 3109 raro

1506 3138 1694 3181 insciibi
1707 3138 1935 3182 videmus.
1958 3135 2313 3182 »DINDORF1US.
2326 3161 2389 3169 —
2409 3132 2457 3179 τὸ
2475 3133 2704 3196 ὁμόχρουν]
2723 3136 2790 3180 Cf.

1506 3203 1653 3246 schol.
1678 3205 1813 3261 Vesp.
1844 3200 1966 3246 1105
1993 3217 2002 3245 :
2036 3198 2255 3247 Ἐδίδοντο
2279 3197 2324 3245 δὲ
2347 3218 2421 3245 και
2441 3197 2674 3262 βακτηρίαι
2705 3201 2790 3250 τοῖς

1506 3273 1755 3326 δικασταῖς
1739 3272 1941 3336 ομόχροοι
1955 3278 2039 3325 τοῖς
2053 3269 2395 3335 δικαστηρίοις,’
2371 3289 2475 3317 οπου
2491 3269 2695 3323 ἑκάστους
2710 3271 2795 3315 εἷσ-

1505 3343 1702 3397 ελθόντας
1723 3344 1905 3398 δικάζειν
1917 3343 2002 3391 ἔδει
2027 3342 2123 3401 ,ἵνα
2134 3342 2204 3389 τὸν
2215 3341 2561 3407 διαμαρτάνοντα
2581 3341 2790 3402 ἀπελέγξη

1504 3415 1552 3461 τὸ
1569 3418 1741 3479 χρῶμα.
1754 3418 1950 3463 Bekker.
1963 3417 2141 3462 Anecd.
2156 3433 2205 3476 p.
2222 3431 2332 3472 220,
2352 3433 2366 3460 1
2381 3432 2424 3472 7.
2437 3441 2504 3450 —-
2521 3436 2538 3454 α
2553 3413 2791 3476 Τὴνβάλα-

1505 3505 1573 3534 νον
1593 3489 1810 3549 glandem
1824 3490 1919 3533 sive
1934 3489 2179 3549 globulum
2201 3503 2293 3532 esse
2310 3489 2531 3545 arbitror,
2551 3489 2600 3530 in
2615 3502 2791 3530 summa

1556 3696 1615 3734 De
1635 3695 1784 3734 tessera
1799 3705 1918 3745 quam
1937 3693 2091 3744 judices
2107 3695 2148 3732 in
2163 3693 2419 3734 dicasterium
2443 3691 2703 3741 ingredientes
2722 3701 2787 3728 ac-

1506 3757 1727 3808 cipiebant,
1759 3758 1990 3797 Aristoteles
2020 3757 2061 3796 in
2093 3759 2189 3806 Rep.
2222 3756 2519 3796 Atheniensium
2540 3755 2595 3793 sic
2616 3753 2751 3792 scribit
2778 3768 2786 3790 :

1507 3837 1526 3855 «
1549 3820 1869 3871 Unumquodque
1880 3820 2133 3860 dicasterium
2146 3831 2263 3859 suum
2280 3819 2400 3858 habet
2416 3818 2585 3857 colorem
2598 3845 2609 3864 ,
2628 3817 2642 3863 (
2653 3826 2787 3855 suam-

1509 3895 1588 3934 que
1618 3885 1796 3934 literam)
1822 3895 1913 3934 quae
1947 3884 1988 3922 in
2025 3884 2233 3934 supercilio
2257 3884 2390 3933 januoe
2421 3881 2604 3929 inscripta
2631 3879 2787 3927 legitur.

1505 3947 1636 3986 Judex
1660 3958 1774 3998 vero,
1791 3949 1925 3987 sumto
1945 3947 2135 3996 scipione,
2168 3942 2208 3985 in
2227 3946 2266 3984 id
2286 3943 2500 3994 ingreditur
2516 3941 2789 3988 disasterium,

1505 4009 1614 4059 quod
1640 4010 1780 4049 eodem
1808 4021 1889 4060 quo
1919 4010 2040 4059 scipio
2073 4010 2139 4048 ille
2166 4009 2299 4047 colore
2325 4009 2407 4054 est,
2441 4004 2685 4053 eandemque
2723 4004 2789 4042 ha·

1507 4074 1573 4112 het
1603 4073 1773 4122 literam,
1804 4083 1896 4123 quoe
1926 4072 2056 4122 glandi
2084 4072 2267 4120 scipionis
2286 4069 2473 4117 inscripta
2495 4069 2567 4105 cst.
2589 4069 2788 4114 ingressus

1507 4137 1648 4176 deinde
1670 4138 1857 4176 tesseram
1877 4135 2019 4184 accipit
2050 4135 2099 4174 ab
2120 4145 2188 4183 eo,
2213 4132 2276 4171 cui
2306 4140 2451 4170 munus
2470 4129 2543 4167 hoc
2570 4127 2784 4167 demanda-

1508 4204 1594 4240 tum
1612 4203 1686 4242 est.
