3016 4628
218 283 303 325 132

207 380 332 445 κυρία
351 376 571 431 δὀὐδενός
588 378 702 425 ἐστιν
719 375 851 425 ἀλλ’
830 397 857 434 η
884 373 1218 449 συνεπιψηφίσαι
1234 374 1288 421 τὰ
1309 374 1488 430 δόξαντα

208 458 293 505 τοῖς
316 449 486 515 γέρουσι
509 449 583 497 καὶ
606 455 692 503 τοῖς
723 449 913 511 κόσμοις.
934 446 1006 496 'la
1027 445 1104 509 μὲν
1137 450 1210 492 οὖν
1232 465 1316 493 των
1342 465 1489 493 συσσι-

209 524 312 571 τίων
335 522 423 587 ἔχει
454 521 618 588 βέλτιον
641 524 727 576 τοῖς
753 520 918 587 Κρησὶν
942 518 970 577 ἢ
994 526 1079 572 τοῖς
1098 517 1329 567 Λάκωσιν·
1353 521 1395 566 ἐν
1415 518 1491 579 μὲν

210 596 294 661 γὰρ
330 593 623 658 Λακεδαίμονι
663 592 778 641 κατὰ
811 590 1000 657 κεφαλὴν
1033 591 1210 643 ἕκαστος
1236 589 1418 654 εἰσφέρει
1442 589 1490 636 τὸ

208 666 490 730 τεταγμένον·
517 669 554 714 εἰ
579 666 622 713 δὲ
645 665 736 728 μὴ,
761 664 956 727 μετέχειν
981 661 1108 724 νόμος
1132 661 1287 708 κωλύει
1310 681 1385 718 της
1403 680 1483 707 πο·

211 740 395 799 λιτείας,
425 739 620 805 καθάπερ
639 738 805 804 εἴρηται
827 734 1132 800 καιπρότερον.
1156 733 1230 781 Ἐν
1256 732 1299 779 δὲ
1335 733 1488 797 Κρήτῃ

208 812 488 877 κοινοτέρως·
512 811 597 858 ἀπὸ
619 812 791 858 πάντων
825 808 907 873 γὰρ
942 810 1026 854 τῶν
1050 804 1282 868 γινομένων
1314 807 1489 890 καρπῶν

212 903 257 931 τε
283 903 356 932 και
391 885 700 948 βοσκημάτων,
722 882 795 929 καὶ
817 883 864 927 ἐκ
887 883 968 926 τῶν
994 877 1207 939 δημοσίων
1231 875 1304 922 καὶ
1329 874 1465 940 φόρων
1480 910 1493 933 ,

213 955 282 1009 Οὓς
298 955 497 1020 φέρουσιν
522 958 561 1003 Οἱ
585 972 816 1019 περῑοῑκΟῑ,
848 969 1048 998 τετακταῑ
1071 968 1196 1013 μΕρΟς
1214 966 1261 993 ‘to
1284 946 1361 1008 μὲν
1386 965 1490 1011 προς

210 1026 308 1082 τους
326 1026 442 1082 θεους
462 1028 535 1075 καὶ
555 1026 629 1081 τὰς
647 1025 789 1078 κοινὰς
811 1021 1092 1086 λειτουργίας,
1113 1019 1160 1066 τὸ
1178 1017 1220 1065 δὲ
1243 1025 1328 1071 τοῖς
1342 1036 1489 1065 συσσι-

210 1098 331 1163 τίοις,
358 1100 469 1147 ὥστε
509 1103 557 1147 ἐκ
579 1117 720 1146 κοινου
744 1115 815 1161 τρε
798 1095 967 1161 φεσθαι
1000 1091 1164 1143 πάντας
1187 1088 1260 1136 καὶ
1286 1090 1489 1152 γυναῖκας

211 1170 287 1218 καὶ
306 1172 467 1224 παῖδας
486 1190 560 1218 και
580 1170 748 1234 ἄνδρας.
794 1169 846 1229 (5)
871 1166 987 1230 Πρὸς
1011 1164 1055 1210 δὲ
1071 1162 1147 1219 τὴν
1162 1161 1458 1224 ὀλιγοσιτίανε
1436 1179 1493 1214 ως

211 1242 426 1308 ὠφέλιμον
449 1241 590 1289 πολλὰ
614 1238 950 1304 πεφιλοσόφηκεν
972 1239 994 1282 ὃ
1014 1231 1263 1297 νομοθέτης,
1294 1231 1367 1278 καὶ
1389 1230 1494 1296 πρὸς

211 1313 289 1371 τὴν
311 1313 517 1369 διάζευξιν
536 1316 620 1360 τῶν
645 1314 874 1374 γυναικῶν,
896 1307 965 1354 ἵνα
992 1306 1051 1369 μὴ
1075 1306 1384 1361 πολυτεκνῶσι,
1411 1302 1488 1361 τὴν

212 1386 317 1450 πρὸς
337 1387 431 1439 τους
447 1386 624 1451 ἄρρενας
647 1383 828 1441 ποιήσας
851 1380 1033 1443 ὁμιλίαν,
1056 1378 1152 1441 περὶ
1172 1382 1243 1435 ἦς,
1264 1378 1300 1423 εἰ
1320 1375 1493 1441 φαύλως

210 1457 239 1513 ἢ
265 1457 324 1520 μὴ
350 1457 547 1523 φαύλως,
583 1455 721 1520 ἕτερος
746 1454 865 1501 ἔσται
894 1473 966 1499 του
991 1449 1303 1514 διασκέψασθαι
1328 1448 1489 1513 καιρός.

210 1526 316 1577 Ὅτι
329 1528 372 1576 δὲ
388 1530 442 1576 τὰ
457 1529 553 1594 περὶ
567 1528 621 1575 τὰ
638 1527 833 1575 συσσίτια
851 1530 896 1590 βε
879 1524 1013 1571 έλτιον
1033 1521 1236 1569 τέτακται
1259 1527 1343 1574 τοῖς
1369 1523 1493 1585 Κρη-

212 1598 325 1647 σὶν
301 1621 329 1658 η
350 1608 437 1655 τοῖς
462 1601 667 1661 Λάκωσι,
690 1597 882 1664 φανερόν.
907 1595 975 1645 Τὰ
1000 1595 1043 1642 δὲ
1069 1594 1166 1658 περὶ
1190 1592 1286 1646 τους
1307 1591 1493 1656 κόσμους

211 1670 274 1717 ἔτι
302 1675 443 1736 χεῖρον
463 1692 544 1719 των
571 1670 754 1736 ἐφόρων·
788 1668 878 1730 ὃμὲ
864 1688 903 1715 -ν
926 1667 1008 1731 γὰρ
1050 1665 1139 1730 ἔχει
1170 1664 1302 1712 κακὸν
1329 1664 1382 1712 τὸ
1405 1685 1490 1713 των

213 1741 372 1807 ἐφόρων
391 1746 577 1808 ἀρχεῖον,
600 1741 786 1806 ὑπάρχει
816 1742 890 1788 καὶ
915 1739 1101 1785 τούτων·
1125 1736 1313 1800 γίνονται
1336 1736 1419 1803 γὰρ
1449 1740 1487 1785 οἱ

213 1813 429 1878 τυχόντες·
450 1814 472 1861 δ
486 1816 520 1862 δ’
536 1817 626 1861 ε’κεῒ
637 1812 838 1877 συμφέρει
856 1810 961 1876 πρὸς
975 1808 1054 1867 τὴν
1070 1808 1304 1868 πολιτείαν,
1323 1812 1491 1858 ἐνταυθ’

212 1888 287 1932 οὐκ
310 1886 441 1935 ἔστιν.
466 1887 585 1935 Ἐκεῖ
600 1885 675 1946 μὲν
693 1885 790 1951 γὰρ,
812 1883 881 1931 διὰ
900 1883 948 1930 τὸ
967 1881 1044 1940 τὴν
1063 1901 1224 1947 αιρεσιν
1245 1883 1292 1929 ἐκ
1316 1882 1489 1930 πάντων

211 1978 318 2005 ειναι
329 1958 560 2023 ,μετέχων
586 1962 607 2005 6
644 1959 775 2019 δημος
800 1976 875 2014 της
901 1955 1104 2018 μεγίστης
1131 1956 1268 2020 ἀρχῆς
1291 1953 1491 2019 βούλεται

211 2028 351 2091 μένειν
363 2030 439 2089 την
455 2030 684 2078 πολιτείαν·
701 2030 916 2076 ἓνταυθα
894 2032 930 2075 ο’
949 2029 1034 2075 οὐκ
1043 2027 1121 2082 ἑξ“
1099 2028 1301 2074 απάντων
1321 2029 1491 2092 αἱροῦν-

209 2119 280 2148 ται
294 2103 386 2157 τοὺς
396 2103 579 2165 κόσμους
591 2139 602 2161 ,
617 2103 712 2149 ἀλλ’
732 2104 779 2149 ἐκ
796 2104 918 2148 τινῶν
927 2103 1075 2164 γενῶν,
1098 2098 1173 2146 καὶ
1188 2098 1494 2165 τοὺςγέροντας

211 2241 419 2282 natoribus
441 2242 481 2280 et
500 2242 642 2280 cosmis
667 2240 835 2279 decretae
857 2242 979 2289 sunt,
1006 2238 1192 2289 suffragio
1224 2237 1490 2289 comproban-

208 2305 362 2344 ‹larum.
379 2307 469 2344 Jam
485 2315 579 2343 vero
594 2303 703 2354 quod
723 2303 772 2342 ad
788 2304 969 2343 convivia
983 2302 1144 2355 publica
1159 2302 1327 2352 attinet,
1347 2301 1493 2341 melius

209 2370 277 2408 illa
300 2368 478 2408 instituta
508 2369 601 2407 sunt
630 2367 736 2417 apud
761 2368 990 2418 Cretenses,
1022 2378 1145 2418 quam
1174 2366 1281 2417 apud
1302 2369 1492 2406 Lacones.

209 2432 489 2471 Lacedaemone
504 2431 607 2471 enim
620 2432 772 2470 confert
787 2433 953 2482 quisque
971 2443 1042 2482 per
1058 2431 1188 2482 capita
1221 2430 1262 2470 id
1274 2430 1382 2480 quod
1394 2440 1494 2480 prae-

210 2497 363 2536 finitum
378 2507 424 2535 ac
442 2496 715 2547 praescriptum
734 2498 793 2536 est
813 2513 821 2536 ε
840 2496 950 2547 quod
964 2497 995 2536 si
1008 2508 1087 2536 non
1108 2495 1257 2545 fecerit,
1278 2506 1348 2546 per
1366 2495 1493 2545 legem

210 2560 434 2610 reipublicae
460 2571 542 2600 esse
569 2560 765 2610 particeps
793 2571 874 2599 non
910 2562 1062 2611 potest,
1086 2558 1426 2610 quemadmodum
1453 2559 1494 2598 et

211 2624 471 2664 antedictum
498 2625 572 2664 est.
590 2626 796 2665 cretenses
815 2636 910 2665 vero
930 2625 1203 2674 communius,
1223 2624 1266 2663 id
1288 2624 1347 2663 est
1369 2634 1494 2674 popu-

210 2689 342 2728 larius.
368 2692 465 2728 Nam
484 2699 534 2728 ex
548 2689 730 2729 omnibus
746 2690 937 2731 fructibus
958 2692 999 2731 et
1017 2689 1226 2741 pecoribus
1240 2688 1342 2728 natis
1355 2718 1366 2738 ‚
1384 2690 1423 2728 et
1443 2699 1494 2728 ex

213 2752 465 2802 vectigalibus
482 2753 708 2802 reipublicae
725 2755 766 2792 et
779 2754 940 2794 tributis
954 2783 965 2802 ,
983 2765 1073 2805 quae
1090 2752 1492 2810 periclem-pensitant,

214 2828 304 2866 pars
322 2819 427 2856 certa
442 2817 638 2867 praefinita
653 2820 713 2857 est
731 2819 778 2857 ad
796 2830 856 2858 res
871 2819 1023 2859 divinas
1045 2819 1242 2859 faciendas
1255 2819 1295 2859 et
1310 2817 1493 2869 publico-

215 2892 302 2919 rum
322 2892 529 2920 munerum
555 2882 798 2931 functiones3
817 2883 940 2922 altera
956 2883 1003 2921 ad
1023 2883 1208 2922 convivia
1231 2882 1391 2933 publiea
1406 2912 1418 2932 ‚
1438 2881 1494 2921 ita

217 2948 262 2983 ut
284 2944 333 2983 de
351 2944 507 2995 publico
532 2955 670 2983 omnes
693 2946 733 2984 et
755 2946 938 2986 mulieres
960 2949 998 2986 et
1023 2947 1134 2997 pueri
1153 2948 1192 2986 et
1218 2947 1295 2986 viri
1317 2947 1487 2986 alantur.

216 3011 270 3058 (5)
287 3011 308 3048 J
313 3019 377 3048 am
398 3020 490 3048 vero
510 3009 559 3048 ad
572 3009 698 3049 victus
714 3011 990 3060 parsimoniam
1004 3012 1160 3062 cibique
1179 3013 1435 3063 paucitatem,
1449 3013 1495 3052 ut

217 3086 297 3112 rem
328 3074 485 3123 utilem,
514 3076 554 3113 et
580 3074 627 3113 ad
657 3075 891 3115 seminarum
924 3077 1233 3126 disjunctionem
1251 3108 1262 3128 ‚
1298 3089 1350 3118 ne
1376 3077 1495 3117 nimis

215 3138 361 3176 multos
381 3137 480 3176 filios
496 3137 668 3187 pariant,
686 3139 951 3179 masculorum
967 3142 1250 3181 consuetudine
1265 3142 1495 3181 introducta

217 3200 231 3244 (
250 3202 376 3250 recte,
398 3211 447 3239 an
471 3211 605 3248 secus,
635 3201 734 3240 alius
758 3202 832 3241 erit
852 3203 1075 3254 disputandi
1092 3205 1254 3256 locus,)
1273 3206 1402 3244 multa
1428 3216 1491 3245 sa-

213 3264 362 3313 pienter
382 3266 421 3302 et
447 3266 559 3302 acute
585 3265 817 3314 excogitavit
848 3267 947 3305 lator
973 3269 1081 3318 legis.
1137 3269 1255 3315 Quod
1283 3269 1403 3319 igitur
1432 3270 1494 3308 at-

213 3327 313 3365 tinet
346 3326 394 3365 ad
415 3326 595 3365 convivia
614 3328 790 3378 publica,
811 3331 951 3370 melius
979 3343 1024 3370 ea
1053 3343 1136 3372 esse
1156 3333 1352 3383 descripta
1375 3334 1495 3383 atque

213 3387 393 3426 ordinata
432 3388 535 3437 apud
573 3391 776 3429 Cretenses
803 3422 813 3440 ‚
852 3404 970 3442 quam
1009 3395 1115 3445 apud
1150 3396 1494 3447 Lacedaemonios,

217 3452 463 3501 perspicuum
495 3454 567 3491 est.
595 3454 671 3492 Sed
697 3466 787 3504 quae
817 3457 866 3495 ad
892 3468 1046 3498 cosmos
1073 3461 1273 3510 spectant,
1302 3472 1348 3500 ea
1375 3461 1495 3500 etiam

214 3514 386 3553 «leterius
413 3514 580 3564 babent,
600 3527 717 3565 quam
746 3519 982 3567 ephororum
1009 3523 1221 3564 institutio.
1251 3527 1351 3564 Nam
1386 3524 1496 3575 quod

217 3576 309 3616 mali
338 3577 454 3618 estin
478 3579 714 3628 ephororum
747 3581 909 3631 imperio
925 3614 936 3633 ‚
955 3585 1030 3623 hoc
1058 3588 1116 3626 est
1142 3588 1262 3626 etiam
1288 3588 1327 3627 in
1351 3588 1495 3627 horum

217 3643 409 3692 potestate
428 3657 437 3681 ι
456 3646 638 3682 creantur
652 3645 755 3684 enim
772 3647 946 3688 homines
960 3650 1058 3689 sorte
1073 3651 1193 3691 oblati
1211 3670 1219 3691 :
1239 3653 1346 3703 quod
1362 3655 1495 3694 autem

220 3706 299 3744 illic
315 3705 364 3744 ad
381 3706 604 3755 reipublicae
626 3709 772 3747 statum
799 3711 893 3749 utile
919 3714 979 3751 cst
992 3745 1002 3762 ,
1020 3714 1085 3752 liic
1102 3726 1179 3753 non
1197 3718 1268 3755 est.
1293 3717 1373 3755 lllic
1390 3718 1495 3756 enim

219 3771 425 3821 propterea
441 3800 451 3819 ,
471 3770 577 3819 quod
595 3771 734 3810 electio
752 3773 793 3812 tit
822 3786 871 3813 ex
892 3777 1096 3827 omnibus,
1117 3781 1310 3830 populus,
1332 3782 1401 3831 qui
1419 3782 1495 3820 im-

213 3834 309 3882 perii
327 3833 488 3872 inaximi
518 3834 562 3872 tit
582 3835 798 3885 particeps,
828 3840 1110 3888 rempublicam
1139 3854 1300 3883 manere
1328 3845 1461 3885 studet
1484 3862 1492 3885 z

215 3897 279 3935 liic
305 3898 438 3936 autem
456 3908 534 3935 non
562 3907 612 3935 ex
641 3900 826 3938 munibus
843 3901 1038 3951 eliguntur
1062 3906 1212 3955 cosmi,
1240 3907 1307 3946 sed
1337 3919 1387 3946 ex
1403 3909 1493 3958 qui-

218 3959 381 3998 busdam
404 3960 610 4009 generibus
632 3977 640 4000 :
660 3965 858 4003 senatores
874 3967 1006 4005 autem
1028 3968 1158 4018 exiis,
1183 3970 1252 4019 qui
1269 3981 1495 4012 cosmorum

218 4035 381 4062 munere
393 4025 518 4063 suncti
534 4027 640 4065 sunt.
658 4029 712 4075 (ὃ)
733 4030 789 4066 De.
802 4028 945 4077 quibus
960 4030 1095 4070 eadem
1116 4034 1342 4082 quisdicere
1359 4037 1494 4086 possit,

218 4099 263 4125 ac
300 4087 349 4126 de
369 4088 414 4126 iis
445 4088 512 4137 qui
539 4089 821 4130 Lacedaemone
844 4095 1039 4132 creantur.
1092 4098 1190 4135 Nam
1211 4098 1410 4138 rationum
1434 4111 1495 4140 re-

219 4152 466 4191 ferendarum
491 4152 639 4200 judicio
660 4165 737 4193 non
762 4157 906 4205 teneri,
929 4160 966 4196 et
985 4169 1052 4207 per
1069 4160 1193 4200 totam
1211 4162 1335 4201 vitam
1359 4175 1491 4213 gerere

216 4218 499 4266 magistratum,
518 4219 641 4268 major
658 4223 713 4259 est
734 4220 1013 4273 l1‹)n0s,‹piain
1032 4235 1102 4275 pro
1120 4236 1256 4265 eornm
1278 4227 1466 4278 dignitate
1485 4244 1495 4279 ;

1091 261 1498 315 ARISTOTELIS
1547 256 1957 309 FRAGMENTA.

1571 372 1620 416 ἐκ
1638 370 1723 415 τῶν
1740 361 2088 426 κεκοσμηκότων.
2117 358 2171 423 (6)
2209 358 2321 424 Περὶ
2344 351 2402 406 ῶν
2430 358 2528 414 τοὺς
2549 360 2699 415 αὐτοὺς
2723 361 2774 408 ἄν
2795 367 2858 417 τις
2891 409 2900 416 ,
2933 361 2938 370 ’

1568 441 1678 487 εἴποι
1696 437 1843 498 λόγους
1867 433 1941 489 καὶ
1965 432 2064 497 περὶ
2095 434 2181 477 τῶν
2205 433 2248 477 ἐν
2276 430 2829 497 Λακεδαίμονιᾈγινομένων
2847 453 2858 464 ·

1567 511 1615 558 τὸ
1635 508 1718 572 γὰρ
1746 504 2032 553 ἀνυπεύθυνον
2057 502 2198 549 καὶτὸ
2226 502 2297 549 διὰ
2324 502 2434 566 βίου,
2458 505 2604 567 μεῖζόν
2622 506 2715 552 ἔστι
2733 504 2862 572 γε’ρχας
2898 536 2903 543 -
2926 540 2935 550 2
3007 548 3009 564 γ

1565 586 1640 639 τῆς
1660 579 1780 634 ἀξίας
1801 577 1972 635 αὐτοῖς,
2007 574 2082 622 καὶ
2107 574 2155 621 τὸ
2181 574 2242 636 μὴ
2266 573 2381 622 κατὰ
2410 575 2653 640 γράμματα
2688 577 2860 643 ἄρχειν,

1567 654 1661 700 ἀλλ’
1687 649 2042 712 αὐτογνώμονας,
2067 647 2319 712 ἐπισφαλές.
2391 648 2457 697 Τὸ
2479 649 2515 696 δ’
2537 649 2774 714 ἡσυχάζειν
2798 650 2860 713 μὴ

1568 723 1804 787 μετέχοντα
1821 720 1891 768 τὸν
1922 722 2073 781 δῆμον,
2096 720 2214 766 οὐδὲν
2235 727 2413 782 σημεῖον
2437 726 2511 768 τοῦ
2536 722 2745 786 τετάχθαι
2773 741 2858 770 κα-

1565 799 1670 849 λῶς·
1692 792 1786 842 οὐδὲ
1819 792 1902 857 γὰρ
1926 791 2158 854 λήμματός
2183 812 2226 840 τι
2249 797 2337 847 τοῖς
2360 793 2536 856 κόσμοις
2555 829 2568 852 ,
2591 792 2738 859 ὥσπερ
2762 795 2852 849 τοῖς

1567 867 1732 932 ἐφόροις
1746 903 1758 924 ,
1782 864 1929 929 πόρρω
1945 863 1986 926 γ’
2006 865 2265 910 ἀποικοῦσιν
2276 867 2319 912 ἓν
2340 864 2459 931 νήσῳ
2477 869 2562 913 τῶν
2582 866 2863 932 διαφθερούν-

1566 958 1668 987 των.
1705 939 1795 986 ιἩν
1819 938 1863 983 δὲ
1884 940 2108 984 ποιοῦνται
2128 940 2204 994 τῆς
2222 936 2439 1002 ἁμαρτίας
2461 937 2620 998 ταύτης
2642 938 2860 1005 ἰατρείαν,

1567 1010 1725 1064 ἄτοπος
1745 1009 1819 1057 καὶ
1844 1010 1891 1056 οὐ
1913 1006 2143 1069 πολιτικὴ,
2167 1008 2279 1056 ἀλλὰ
2308 1009 2636 1068 δυναστευτική.
2662 1010 2711 1076 (7)
2736 1011 2863 1060 Πολ-

1565 1082 1689 1137 λάκις
1710 1081 1794 1147 γὰρ
1821 1080 2081 1129 ἓκὸάλλουσι
2104 1078 2336 1136 συστάντες
2358 1081 2469 1136 τινὲς
2491 1081 2587 1137 τοὺς
2621 1082 2808 1146 κόσμους
2831 1081 2862 1140 ἢ

1566 1157 1650 1201 τῶν
1676 1152 1978 1219 συναρχόντων
1995 1155 2136 1200 αὐτῶν
2155 1153 2183 1212 ἢ
2204 1155 2514 1204 τῶνῖδιωτῶν.
2529 1152 2706 1210 Ἔξεστι
2725 1154 2768 1203 δὲ
2788 1154 2864 1203 καὶ
2916 1192 2924 1202 .
2961 1147 2963 1162 ¹

2625 1229 2782 1276 Ταῦτα
2806 1225 2859 1287 δὴ
2883 1232 2885 1235 ⁴

1573 1224 1732 1289 μεταξὺ
1753 1233 1842 1280 τοῖς
1862 1225 2042 1289 κόσμοις
2069 1228 2269 1274 ἀπειπεῖν
2294 1226 2371 1284 τὴν
2397 1226 2556 1292 ἀρχήν,

1568 1298 1712 1346 πάντα
1741 1298 1908 1364 βέλτιον
1932 1298 2126 1362 γίνεσθαι
2143 1297 2258 1346 κατὰ
2278 1298 2408 1363 νόμον
2428 1298 2456 1357 ἢ
2480 1297 2595 1346 κατὰ
2623 1299 2862 1366 ἀνθρώπων

1570 1371 1777 1435 βούλησιν
1798 1390 1808 1401 ·
1838 1374 1885 1418 οὐ
1909 1371 1994 1437 γὰρ
2014 1371 2214 1437 ἀσφαλὴς
2239 1374 2261 1418 6
2278 1371 2437 1421 κανών.
2473 1371 2658 1419 Πάντων
2683 1373 2728 1420 δὲ
2745 1392 2857 1439 φαυ-

1565 1443 1743 1492 λότατον
1768 1443 1818 1491 τὸ
1850 1447 1927 1502 τῆς
1960 1443 2173 1507 ἀκοσμίας
2212 1447 2298 1491 τῶν
2335 1445 2543 1504 δυνατῶν,
2562 1444 2616 1502 ἣν
2641 1453 2866 1494 συνιστᾶσι

1566 1516 1792 1574 πολλάκις,
1819 1515 1920 1563 ὅταν
1939 1515 1998 1578 μὴ
2024 1515 2144 1570 δίκας
2170 1515 2412 1581 βούλωνται
2431 1518 2578 1563 δοῦναι
2598 1536 2609 1546 ·
2635 1510 2665 1581 ἧ
2687 1517 2762 1565 καὶ
2786 1519 2866 1575 δῆ-

1566 1591 1659 1651 λον,
1675 1591 1733 1643 ὡς
1750 1588 1839 1654 ἔχει
1859 1607 1900 1635 τι
1914 1587 2133 1642 πολιτείας
2151 1591 2178 1646 ἡ
2201 1587 2331 1646 τάξις,
2345 1590 2441 1636 ἀλλ’
2453 1591 2501 1636 οὗ
2514 1590 2711 1638 πολιτεία
2729 1589 2864 1649 ἐστὶν,

1567 1660 1682 1709 ἀλλὰ
1718 1659 1952 1708 δυναστεία
1994 1662 2176 1723 μᾶλλον.
2219 1660 2415 1709 Εἷώθασι
2447 1660 2491 1708 δὲ
2534 1662 2862 1725 διαλαμὸάνον-

1565 1754 1633 1789 τες
1659 1733 1732 1782 τὸν
1771 1727 1907 1797 δῆμον
1941 1732 2016 1781 καὶ
2043 1731 2140 1787 τοὺς
2169 1733 2313 1800 φίλους
2347 1733 2588 1801 μοναρχίαν
2611 1742 2748 1783 ποιεῖν
2786 1735 2862 1783 καὶ

1568 1807 1816 1863 στασιάζειν
1845 1805 1920 1854 καὶ
1941 1805 2160 1870 μάχεσθαι
2182 1806 2288 1872 πρὸς
2314 1806 2545 1865 ἀλλήλους.
2567 1808 2619 1872 (8)
2642 1807 2799 1857 Καίτοι
2822 1807 2866 1856 τί

1568 1878 1763 1956 διαφερει
1786 1879 1835 1927 τὸ
1866 1898 2056 1927 τοιουτον
2076 1878 2105 1936 ἢ
2127 1879 2197 1926 διὰ
2225 1899 2338 1934 τινος
2360 1880 2516 1946 χρόνου
2554 1881 2712 1943 μηκέτι
2738 1880 2864 1929 πόλιν

1568 1958 1678 2000 εἶναι
1701 1952 1779 2010 τὴν
1799 1952 2021 2013 τοιαύτην,
2050 1951 2161 1999 ἀλλὰ
2180 1952 2363 2018 λύεσθαι
2371 1953 2449 2011 τὴν
2466 1952 2692 2012 πολιτικὴν
2709 1972 2867 2001 κοινω-

1567 2024 1693 2086 νίαν;
1729 2024 1862 2074 Ἔστι
1896 2026 1933 2072 δ’
1967 2024 2230 2079 ἐπικίνδυνος
2265 2024 2397 2080 ουτως
2435 2025 2596 2090 ἔχουσα
2628 2027 2751 2080 πόλις
2781 2046 2867 2074 των

1581 2098 1851 2163 βουλομένων
1870 2098 2134 2146 ἐπιτίθεσθαι
2151 2098 2225 2145 καὶ
2242 2098 2502 2160 δυναμένων·
2521 2098 2650 2155 ἀλλὰ,
2671 2101 2868 2164 καθάπερ

1568 2248 1741 2288 eumque
1763 2249 1845 2277 non
1866 2249 1917 2278 ex
1931 2238 2163 2288 praescripto
2183 2237 2287 2287 juris
2311 2238 2449 2288 scripti
2468 2238 2689 2288 imperare,
2705 2238 2775 2278 sed
2793 2248 2868 2279 suo

1568 2303 1733 2344 arbitrio
1755 2303 2033 2354 magistratum
2051 2314 2200 2354 gerere,
2214 2302 2480 2353 periculosum
2500 2305 2573 2342 est.
2592 2303 2714 2350 Quo'd
2730 2305 2868 2344 autem

1567 2370 1736 2421 quiescit
1745 2370 1928 2420 populus,
1937 2369 2092 2408 etiamsi
2105 2369 2224 2418 hujus
2235 2367 2488 2418 magistratus
2499 2379 2580 2408 non
2591 2368 2642 2408 sit
2653 2368 2867 2425 particeps,

1567 2434 1724 2473 nullum
1751 2436 1812 2473 est
1838 2434 2118 2483 argumentum
2150 2432 2381 2483 reipublicae
2401 2434 2502 2472 hene
2525 2432 2734 2472 ordinatae.
2765 2434 2869 2473 Nam

1567 2508 1699 2547 neque
1714 2497 1797 2536 ulla
1818 2496 1983 2546 cosmis,
2002 2497 2047 2536 ut
2061 2496 2222 2547 ephoris
2234 2526 2245 2546 ‚
2263 2500 2444 2546 quaestus
2463 2496 2634 2536 faciendi
2665 2507 2721 2536 ex
2736 2496 2868 2547 magi-
2943 2484 2955 2500 ⁵

1567 2562 1697 2602 stratu
1721 2561 1891 2600 facultas
1913 2560 2048 2610 datur,
2073 2562 2119 2600 ut
2137 2560 2208 2610 qui
2245 2560 2288 2599 in
2310 2561 2441 2600 insula
2459 2560 2576 2611 longe
2597 2560 2728 2600 absint
2746 2560 2798 2600 ab
2819 2560 2870 2600 iis

1568 2625 1637 2676 qui
1657 2625 1883 2675 corrupturi
1900 2624 1992 2664 sint.
2009 2626 2140 2671 Quam
2161 2623 2297 2663 autem
2320 2623 2513 2663 adhibent
2528 2623 2578 2663 ad
2593 2623 2671 2663 hoc
2689 2625 2866 2664 erratum

1567 2689 1844 2740 corrigendum
1863 2700 1911 2728 ac
1925 2688 2145 2728 sanandum
2160 2688 2399 2729 medicinam
2412 2719 2424 2739 ,
2445 2700 2574 2739 quum
2593 2688 2766 2729 absurda
2792 2689 2866 2740 sit,

1567 2757 1657 2795 tum
1675 2765 1726 2794 ne
1755 2754 1883 2794 civilis
1904 2754 2070 2805 quidem
2089 2755 2172 2804 est,
2186 2754 2256 2795 sed
2275 2754 2468 2805 potentiae
2487 2754 2606 2794 unius
2621 2755 2692 2794 aut
2715 2763 2865 2805 pauco·

1568 2829 1659 2857 rum
1675 2820 1954 2858 consentanea.
1992 2817 2049 2868 (7)
2074 2820 2356 2868 Saepenumero
2379 2818 2486 2857 enim
2508 2819 2692 2858 nonnulli
2711 2819 2783 2858 aut
2805 2811 2865 2858 ex‘

1570 2882 1731 2932 collegis
1759 2883 1830 2922 aut
1848 2881 2014 2933 privatis
2038 2881 2209 2921 coitione
2231 2882 2339 2921 facta
2366 2891 2531 2921 cosmos
2550 2881 2726 2931 ejiciunt.
2755 2881 2868 2922 Licet

1569 2946 1690 2985 etiam
1712 2946 1760 2986 iis
1787 2947 1880 2985 ante
1902 2947 2060 2996 tempus
2089 2944 2275 2985 abdicare
2297 2955 2339 2985 se
2364 2945 2609 2995 magistratu.
2631 2947 2728 2985 Haec
2749 2945 2869 2995 igitur

1569 3011 1703 3050 omnia
1721 3011 1887 3061 praestat
1899 3010 1986 3050 fieri
2003 3021 2056 3050 ex
2074 3010 2161 3060 lege
2175 3040 2186 3059 ‚
2205 3020 2326 3060 quam
2343 3020 2395 3049 ex
2409 3009 2617 3050 hominum
2632 3011 2864 3050 voluntate:

1568 3085 1650 3113 non
1668 3075 1728 3114 est
1743 3074 1850 3114 enim
1868 3075 1957 3114 tuta
1969 3074 2057 3113 haec
2075 3074 2222 3123 regula>
2242 3076 2434 3113 Omnium
2447 3075 2582 3113 autem
2598 3073 2883 3114 remediorum

1569 3137 1783 3189 pessimum
1799 3139 1858 3178 est
1875 3138 2127 3188 magistratus
2141 3137 2260 3187 huJus
2274 3137 2505 3188 amplissimi
2521 3137 2700 3178 vacuitas
2713 3166 2724 3187 ,
2746 3148 2870 3189 quam

1569 3212 1842 3252 saepenumero
1866 3203 2048 3252 potentes
2069 3201 2266 3251 indicunt,
2287 3211 2415 3252 quum
2432 3201 2631 3251 judicium
2647 3201 2783 3242 subire
2796 3203 2869 3243 aut

1570 3278 1706 3318 poenas
1720 3268 1815 3308 dare
1834 3268 1990 3307 nolunt.
2011 3266 2112 3317 (Alii
2133 3283 2142 3307 :
2163 3278 2285 3317 quam
2295 3277 2564 3317 saepenumero
2576 3266 2733 3318 indunt,
2743 3277 2869 3318 quum

1570 3332 1782 3381 potentum
1801 3330 1952 3381 jndicia
1974 3330 2108 3370 subire
2129 3331 2284 3370 nolunt.
2301 3330 2315 3381 >
2335 3333 2395 3370 Ex
2413 3342 2495 3381 quo
2515 3330 2733 3381 intelligere
2750 3331 2869 3382 licet,

1571 3395 1614 3435 in
1645 3395 1721 3435 hac
1741 3395 1970 3446 reipublicae
1989 3395 2312 3435 administrandae
2327 3395 2592 3446 descriptione
2617 3395 2767 3446 aliquid
2784 3406 2871 3436 esse

1570 3459 1737 3509 politiae,
1752 3469 1980 3510 quanquam
2001 3459 2088 3499 haec
2108 3470 2190 3499 non
2204 3463 2264 3500 est
2285 3459 2444 3510 politia,
2469 3458 2540 3499 sed
2556 3458 2690 3510 potius
2710 3469 2864 3510 pauco·
2932 3510 2935 3515 ι

1571 3534 1660 3562 rum
1676 3524 1907 3574 potentatus
1929 3524 2000 3562 aut
2016 3522 2211 3573 dynastia.
2241 3522 2548 3562 consueverunt
2562 3522 2699 3562 autem
2717 3522 2870 3573 populo

1570 3588 1611 3627 in
1626 3591 1758 3639 partes
1772 3588 1963 3628 distracto
1981 3589 2021 3628 et
2037 3588 2250 3638 assumptis
2267 3587 2406 3627 amicis
2422 3586 2498 3627 sub
2514 3586 2634 3627 unius
2656 3586 2869 3637 imperium
2928 3583 2931 3586 ’

1570 3655 1698 3693 totam
1714 3652 1999 3702 rempublicam
2014 3651 2252 3701 subjungere
2265 3680 2277 3700 ,
2297 3652 2338 3691 et
2353 3650 2585 3691 seditionem
2601 3651 2778 3691 excitare
2789 3681 2801 3701 ,
2825 3653 2868 3692 et
2926 3673 2930 3694 2

1574 3718 1676 3757 inter
1703 3727 1745 3756 se
1763 3715 1968 3766 digladiari
1991 3726 2039 3754 ac
2060 3714 2280 3755 decertare.
2309 3714 2363 3764 (8)
2381 3715 2430 3754 At
2449 3713 2546 3764 quid
2565 3714 2643 3754 hec
2659 3713 2768 3754 aliud
2785 3725 2872 3756 csse
2919 3734 2926 3756 .-

1574 3781 1682 3821 dicas
1697 3811 1708 3830 ,
1733 3780 1807 3820 nisi
1834 3790 1905 3830 per
1927 3778 2089 3830 aliquod
2111 3780 2270 3829 tempus
2289 3779 2494 3818 civitatem
2522 3778 2639 3830 plane
2665 3779 2808 3820 tollere
2829 3780 2871 3819 et
2902 3814 2926 3851 ,9,

1573 3845 1731 3884 civilem
1765 3844 1994 3883 societatem
2026 3842 2267 3889 dissolvere?
2305 3842 2378 3882 Est
2409 3842 2543 3881 autem
2574 3842 2662 3881 tum
2689 3822 2910 3892 periculo?

1572 3910 1755 3962 proxima
1773 3909 1829 3948 sic
1845 3909 1988 3948 affecta
2007 3907 2167 3957 civitas,
2191 3902 2318 3958 quum
2339 3906 2408 3956 qui
2424 3906 2591 3946 volunt
2581 3918 2621 3946 m
2641 3898 2902 3957 reipublicae

1570 3977 1721 4015 statum
1745 3973 1955 4023 invadere,
1975 3973 2002 4012 ii
2026 3973 2144 4012 etiam
2175 3973 2354 4023 possunt.
2387 3971 2487 4020 Sed,
2521 3967 2925 4023 quemadmodum

1572 4040 1725 4079 dictum
1743 4039 1825 4086 est,
1843 4038 1986 4077 natura
2002 4037 2081 4076 loci
2106 4047 2193 4075 eam
2210 4036 2346 4075 tuetur
2369 4037 2409 4075 et
2424 4037 2556 4076 servat
2574 4035 2742 4075 :insulae
2758 4034 2865 4074 enim

1575 4103 1840 4154 longinquitas
1876 4101 2102 4152 peregrinos
2150 4099 2292 4139 melius
2328 4101 2439 4138 arcet
2493 4110 2615 4150 quam
2648 4099 2715 4139 lex
2757 4099 2921 4154 ειριιιῂῆ

1572 4168 1906 4207 Lacedaemonios.
1927 4168 2068 4217 ltaque
2087 4165 2246 4217 perioeci
2262 4166 2425 4204 manent
2439 4165 2478 4204 in
2498 4165 2630 4204 officio
2644 4163 2749 4214 apud
2765 4166 2862 4203 Cre-

1575 4233 1632 4271 tas
1652 4247 1659 4271 :
1679 4231 1836 4271 llelotes
1853 4242 1948 4271 vero
1965 4240 2236 4281 saepenumero
2251 4239 2274 4269 a
2294 4228 2604 4270 Lacedaemoniis
2630 4226 2856 4268 desciscunt
2905 4218 2930 4227 ’
