3016 4628
0 3355 2 3358 <
0 3150 5 3313 :2---—-
0 2979 7 3105 „v--„‚„
0 2947 2 2962 ε,
0 2903 2 2924 2<
5 2855 7 2866 .„
7 2814 9 2827 Π

1079 325 1549 374 ATllENlENSlUM
1588 325 1985 377 RESPUBLICA.

194 448 238 476 v.
258 430 545 494 Πολέμαρχος
565 430 733 492 (glossa
750 427 949 481 alteral:
971 419 1109 478 Οῧτος
1129 426 1176 471 τὸ
1197 425 1274 486 μὲν
1289 423 1472 471 παλαιὸν

193 504 278 547 τῶν
303 503 346 547 ἐν
380 501 584 562 πολέμοις
604 499 771 561 ἡγεῖτο·
796 498 868 561 ἀφ’
893 500 942 543 οὓ
965 496 1041 543 καὶ
1073 495 1151 554 τὴν
1177 499 1330 554 κλησιν
1361 495 1473 559 ἔχει·

194 570 368 636 ὕστερον
389 571 432 618 δὲ
453 575 529 629 τῆς
547 568 806 631 ἡγεμονίας’
789 564 950 626 εκείνης
971 567 1228 632 ἀφαιρεθεὶς,
1247 585 1475 630 προειστη-

192 661 257 689 κει
283 641 361 702 μὲν
391 645 475 690 τῶν
501 660 546 689 τε
570 641 695 695 ξένων
719 638 793 687 καὶ
829 643 913 687 τῶν
942 637 1152 701 μετοίκων
1171 659 1180 668 ·
1207 641 1283 686 οὐκ
1315 639 1475 701 ἥμειψε

191 712 236 760 δὲ
256 716 333 771 τὴν
347 716 513 771 κλῆσιν.
530 715 646 760 Vide
669 714 957 758 Schoemann.
977 714 1008 760 1.
1031 714 1062 756 l.
1082 728 1130 772 p.
1155 718 1264 770 244,
1293 728 1337 769 7.
1362 712 1474 772 260,

191 795 280 848 293
307 790 558 832 Hermann.
583 787 609 846 §
639 785 746 841 138,
781 786 826 831 8.

735 896 738 898 ’
791 893 869 938 29.

256 977 596 1038 Harpocration
619 994 629 1021 :
657 975 1069 1037 Geouoflsftoet...
1109 975 1240 1040 Ἀρχή
1265 976 1328 1029 τίς
1362 977 1475 1022 ἐστιν

190 1049 413 1107 Ἀθήνησιν
448 1051 475 1105 ἡ
509 1050 592 1094 τῶν
620 1051 885 1110 θεσμοθετῶν
915 1046 960 1102 ἓξ
992 1047 1063 1094 τὸν
1108 1049 1286 1111 ἀριθμὸν
1318 1046 1473 1095 ὄντων·

189 1120 272 1168 εἰσὶ
300 1119 344 1167 δὲ
386 1122 434 1166 ἐκ
474 1122 557 1166 τῶν
589 1118 863 1179 καλουμένων
887 1119 923 1166 θ’
952 1118 1189 1184 ἀρχόντων.
1228 1121 1475 1166 Καλοῦνται

191 1194 235 1239 δὲ
263 1190 420 1250 οὕτως,
454 1191 519 1238 ὅτι
557 1193 641 1237 τῶν
675 1191 815 1253 νόμων
840 1190 916 1249 τὴν
942 1190 1192 1254 ἐπιμέλειαν
1228 1184 1368 1255 εἰχον·
1405 1195 1448 1238 θε
1432 1211 1476 1226 e-

191 1265 291 1327 σμοὶ
329 1263 373 1311 δὲ
401 1265 631 1311 ἐκαλοῦντο
663 1264 702 1310 οἱ
739 1262 890 1323 νόμοι,
917 1265 974 1316 ὡς
997 1262 1257 1327 προείπομεν
1291 1266 1357 1325 (v
1385 1267 1447 1312 Θε
1432 1283 1474 1298 -

189 1335 341 1398 σμός).
361 1332 466 1383 ‘'Ori.
483 1333 528 1381 δὲ
541 1353 634 1388 τους
653 1334 806 1395 νόμους
822 1337 936 1380 ουτοι
954 1332 1154 1398 διώρθουν
1171 1337 1266 1380 κατ’
1285 1334 1474 1381 ἐνιαυτὸν

190 1407 385 1465 ἕκαστον,
407 1405 573 1472 ειρηκεν
595 1404 804 1470 Αἰσχίνης
826 1424 872 1452 τε
889 1424 933 1451 εν
952 1408 1011 1470 τῷ
1032 1405 1145 1452 κατὰ
1172 1407 1476 1469 Κτησιφῶντος

194 1481 237 1542 (§
257 1481 343 1543 58)
371 1479 444 1526 καὶ
464 1477 739 1541 Θεόφραστος
759 1478 800 1522 ἐν
821 1477 860 1539 γ’
882 1475 1060 1538 Νόμων.
1078 1476 1131 1524 Ὁ
1155 1477 1199 1523 δὲ
1223 1475 1476 1541 Ἀριστοτέ-

190 1553 267 1608 λης
287 1553 328 1597 ἐν
349 1555 401 1614 τῇ
430 1551 500 1612 (ἐν
532 1554 584 1610 τῇ
604 1551 642 1594 α’
666 1548 752 1596 Ἀθ.
783 1549 892 1596 cod.
925 1550 992 1609 A)
1026 1548 1259 1606 Ἀθηναίων
1281 1549 1476 1615 πολιτείᾳ

192 1623 406 1688 διέρχεται
429 1621 508 1668 ὅσα
533 1614 647 1668 οῦτοι
674 1619 950 1685 πράττουσιν.

795 1708 873 1755 30.

256 1810 367 1851 Lex.
394 1807 587 1850 Rhetor.
607 1820 657 1863 p.
686 1804 807 1860 670,
838 1802 892 1847 15
921 1818 932 1848 :
959 1803 1320 1863 Θεσμοθετῶν
1357 1800 1475 1847 ἀνά·

191 1896 387 1942 κρισις.
432 1875 556 1924 Κατὰ
582 1873 878 1938 Ἀριστοτέλην
913 1876 952 1921 οἱ
984 1873 1235 1936 θεσμοθέται
1261 1877 1308 1921 ἐκ
1329 1876 1412 1920 τῶν
1438 1872 1475 1920 θ’

192 1948 426 2013 ἀρχόντων,
454 1946 574 1993 αὐτοὶ
593 1944 636 2000 ἓξ
660 1946 796 1998 ὄντες·
821 1947 859 1992 οἱ
885 1944 927 1992 δὲ
954 1946 1160 2010 λαχόντες
1180 1945 1262 1991 ὑπὸ
1283 1949 1359 2003 τῆς
1384 1942 1477 2008 βου·

192 2023 270 2078 λῆς
287 2023 372 2067 τῶν
397 2018 691 2066 πεντακοσίων
715 2017 789 2064 καὶ
810 2022 885 2064 τοῦ
924 2017 1201 2082 δικαστηρίου
1224 2017 1476 2079 δοκιμάζον-

190 2112 289 2151 ται,
322 2085 436 2148 πλὴν
467 2095 541 2137 τοῦ
563 2088 854 2155 γραμματέως
869 2127 882 2152 ,
904 2089 1175 2154 ἐρωτώμενοι
1206 2089 1312 2143 τίνες
1337 2091 1477 2135 αὐτῶν

191 2166 394 2230 πατέρες,
432 2162 588 2226 ὁμοίως
611 2161 685 2209 καὶ
707 2161 853 2224 δήμων
888 2163 1014 2209 τίνων
1038 2161 1143 2221 εἰσὶ,
1175 2161 1249 2208 καὶ
1288 2163 1324 2208 εἶ
1363 2161 1477 2208 ἔστιν

192 2237 334 2291 αὐτοῖς
350 2235 567 2284 Ἀπόλλων
588 2237 785 2300 πατρῶος
809 2234 882 2281 καὶ
901 2233 1045 2288 Ζευς(
1030 2232 1202 2298 ε’ρκειος,
1226 2233 1300 2280 και
1322 2236 1359 2280 εἰ
1385 2232 1479 2287 τοὺς

193 2307 342 2371 γονέας
365 2300 412 2355 εὖ
436 2311 632 2366 ποιοῦσι,
656 2306 731 2353 καὶ
751 2309 788 2354 εἰ
810 2305 864 2352 τὰ
888 2306 990 2363 τέλη
1015 2308 1203 2365 τελοῦσι,
1225 2305 1299 2352 καὶ
1334 2307 1370 2352 εἰ
1404 2305 1480 2359 τὰς

193 2379 299 2445 υπὲρ
315 2400 390 2437 της
405 2379 607 2443 πατρίδος
623 2378 848 2443 στρατείας
866 2376 1225 2442 ἐστρατεύσαντο·
1246 2375 1390 2422 πάντα
1408 2380 1480 2423 οὖν

194 2453 334 2518 [adde
353 2452 555 2515 ταῦτα]’
532 2451 751 2516 ανάκρισιν
773 2449 995 2513 εὖλόγως’
970 2448 1215 2511 ωνόμασαν.

260 2526 326 2571 Cf.
346 2527 511 2570 Pollux
525 2526 659 2579 VIII,
684 2523 743 2569 85
773 2540 784 2568 :
813 2521 1042 2570 Ἐκαλεῖτο
1059 2519 1105 2567 δέ
1116 2539 1180 2574 τις
1195 2521 1480 2582 Θεσμοθετῶν

198 2595 447 2661 ἀνάκρισις,
473 2596 510 2641 εἷ
535 2594 746 2651 Ἀθηναῖοι
769 2593 875 2640 εἰσὶν
900 2591 1158 2656 ἑκατέρωθεν
1184 2594 1232 2639 ἐκ
1254 2591 1480 2656 τριγονίας,

194 2668 268 2714 καὶ
299 2667 372 2714 τὸν
403 2667 536 2728 δῆμον
575 2665 720 2723 πόθεν,
758 2664 832 2712 καὶ
863 2666 900 2712 εἷ
937 2664 1154 2712 Ἀπόλλων
1191 2662 1304 2711 ἔστιν
1342 2666 1481 2718 αὐτοῖς

193 2741 389 2802 πατρῷος
406 2738 479 2784 καὶ
494 2735 599 2790 Ζεὺς
615 2735 787 2801 ἕρκειος,
801 2736 875 2783 καὶ
894 2739 930 2784 εἷ
950 2735 1046 2789 τοὺς
1063 2735 1212 2799 γονέας
1232 2729 1278 2783 εῧ
1294 2741 1479 2795 ποιοῦσι,

194 2811 268 2858 καὶ
289 2813 325 2857 εἷ
356 2810 660 2874 ἐστράτευνται
679 2808 786 2874 ὑπὲρ
810 2813 887 2866 τῆς
906 2808 1108 2873 πατρίδος
1126 2845 1140 2870 ,
1159 2808 1232 2855 καὶ
1250 2811 1286 2856 εἰ
1308 2809 1480 2870 τίμημα

194 2882 308 2930 ἔστιν
334 2883 491 2935 αὐτοῖς.
517 2881 752 2947 Ἐπηρώτα
779 2881 823 2927 δὲ
849 2884 875 2938 ἡ
904 2879 1126 2945 βουλὴ,”
1097 2901 1265 2942 ωμνυον
1293 2880 1336 2927 δὲ
1366 2874 1479 2929 οῦτοι

194 2974 315 3030 προς
319 2958 371 3018 τῇ
399 2953 604 3020 βασιλείῳ
624 2961 730 3018 στοᾷ
749 2974 776 3010 η
798 2954 869 3000 ἐπὶ
889 2958 961 3000 τοῦ
986 2953 1103 3001 λίθου
1140 2955 1152 3014 (
1174 2956 1232 3000 cf.
1255 2956 1313 3002 fr.
1358 2956 1412 3000 13
1435 2953 1478 3017 )‚

171 3030 264 3096 μίκρ’
283 3031 319 3094 ᾡ
335 3027 389 3074 τὰ
406 3030 582 3088 ταμιεῖα
609 3026 698 3089 (sic
716 3028 823 3072 cod.
849 3029 1050 3073 schotti·
1040 3028 1273 3087 ‚reliqui
1255 3028 1319 3090 ezp'
1336 3029 1371 3091 ᾡ
1341 3018 1479 3089 τε),

194 3074 484 3164 συμςρυλάξειν
524 3097 620 3151 τους
658 3097 835 3159 νόμους,
873 3098 948 3145 καὶ
974 3097 1050 3175 ’.μὴ
1086 3072 1409 3161 δωροδοκήσέιν,
1451 3097 1478 3155 ἢ

194 3176 378 3236 χρυσοῦν
416 3170 647 3235 ἀνδριάντα
689 3170 914 3217 ἀποτῖσαι·
957 3164 1051 3217 εἶτα
1089 3171 1279 3217 εντεῦθεν
1306 3172 1364 3223 εἷς
1401 3169 1478 3227 τὴν

195 3242 426 3306 ἀκρόπολιν
447 3240 742 3295 ἀνελθόντες”
712 3261 880 3304 ωμνυον
911 3242 1065 3292 ταύτά.
1099 3248 1150 3290 V.
1178 3245 1401 3288 Dinarch.
1425 3246 1476 3290 C.

194 3317 395 3376 Aristog.
427 3316 454 3375 ξ
498 3330 570 3371 17.
605 3341 666 3351 -—·
704 3335 723 3355 «
759 3318 850 3361 Pro
880 3315 963 3360 ὑπὸ
996 3315 1149 3377 βουλῆς
1183 3317 1331 3360 codex
1364 3319 1476 3360 Lex.

244 3523 555 3575 Thesmothetae,
581 3522 875 3562 Atheniensium
901 3522 1170 3572 magistratus,
1184 3532 1352 3561 numero
1369 3523 1482 3561 erant

193 3597 286 3636 sex,
306 3597 355 3625 ex
367 3597 510 3626 novem
526 3585 805 3635 archontibus,
822 3597 922 3636 quos
940 3581 1095 3625 dieunt.
1114 3588 1267 3625 Nomen
1289 3585 1378 3624 inde
1394 3597 1479 3624 sor-

193 3650 256 3703 titi
268 3652 383 3700 sunt,
400 3650 505 3701 quod
522 3652 655 3701 legum
668 3661 804 3690 curam
817 3650 1039 3699 habebant;
1056 3660 1147 3688 nam
1161 3649 1294 3700 θεσμοί
1307 3679 1319 3699 ,
1334 3651 1378 3688 ut
1392 3650 1483 3688 ante

191 3714 391 3766 diximus,
418 3716 717 3766 appellabantur
738 3716 858 3765 leges.
901 3715 950 3755 Hi
973 3714 1188 3765 quotannis
1214 3715 1320 3763 leges
1345 3724 1480 3753 emen-

191 3777 361 3826 dabant,
384 3781 430 3819 ut
445 3779 579 3819 docuit
599 3778 802 3819 AEschines
819 3779 860 3818 in
876 3778 1053 3818 oratione
1076 3777 1168 3816 adv.
1184 3777 1482 3828 Ctesiphontem

194 3843 236 3881 et
250 3842 543 3892 Theophrastus
558 3843 597 3882 in
608 3843 709 3883 libro
723 3843 841 3882 tertio
859 3841 909 3881 de
925 3841 1106 3891 Legibus.
1118 3840 1253 3881 Munia
1268 3851 1405 3880 eorum
1424 3852 1483 3880 re-

191 3907 328 3962 censet
348 3905 576 3946 Aristoteles
594 3906 635 3946 in
652 3909 747 3956 Rep.
766 3904 1075 3946 Atheniensium.

241 4038 472 4078 secundum
485 4039 734 4079 Aristotelem
750 4039 1044 4078 Thesmothetae
1060 4048 1109 4077 ex
1126 4032 1269 4076 novem
1286 4032 1481 4075 archonti-

196 4100 274 4151 bus
284 4106 395 4143 erant
409 4115 480 4144 sex
500 4115 668 4144 numero
686 4105 788 4152 (non
803 4104 1066 4142 annumerato
1082 4101 1252 4151 scriba).
1278 4101 1353 4148 Qui
1374 4103 1482 4140 sorte

194 4167 320 4206 «creati
335 4177 360 4206 a
377 4168 515 4207 senatu
533 4167 839 4217 quingentorum
861 4167 903 4205 et
928 4177 952 4205 a
967 4164 1176 4204 dieasterio
1193 4174 1360 4203 examen
1377 4164 1481 4202 subi-

198 4227 318 4280 bant,
344 4241 426 4279 quo
448 4229 802 4280 interrogabantur,
819 4229 983 4279 quinam
1010 4238 1149 4267 eorum
1179 4229 1331 4276 patres,
1353 4226 1482 4275 cujus—

1513 2565 1526 4265 ·——————c—-——-———-—-—qr—-——————a—-—————-u——--

2744 322 2831 377 115

1550 425 1687 468 Rhet.
1707 421 1811 487 ὑπὲρ
1831 426 1874 486 β.
1898 452 1960 457 --
1984 427 2135 469 Verba
2153 423 2270 480 πλὴν
2289 429 2361 471 τοῦ
2385 427 2672 490 γραμματέως
2696 446 2834 474 revo-

1549 495 1696 538 canda
1715 495 1933 539 videntur
1952 505 2058 554 post
2080 494 2199 539 αὖτοὶ
2225 494 2268 549 ἓξ
2284 494 2397 548 ὄντες
2419 513 2429 544 :
2450 515 2543 557 quo
2569 503 2690 544 enim
2708 518 2833 546 nunc

1549 567 1765 625 leguntur
1801 567 1907 610 loco
1925 601 1937 622 ,
1982 568 2172 610 turbant
2216 571 2509 624 sententiam3
2549 580 2833 628 postremum

1548 646 1654 696 post
1687 636 1831 682 πάντα
1873 629 1945 683 οῦν
1981 638 2216 682 desideres
2244 641 2399 683 ταῦτα.
2427 642 2529 684 Jam
2568 658 2679 685 vcro
2704 644 2835 701 quod

1549 710 1675 768 apud
1710 711 1998 754 Dinarchum
2018 719 2084 753 cst
2099 744 2111 765 ‚
2139 709 2176 754 εἰ
2205 706 2259 754 τὰ
2279 708 2373 772 ἱερὰ
2393 713 2572 773 πατρῷα
2600 710 2711 757 ἔστιν
2727 749 2738 769 ,
2758 730 2836 758 ex-

1547 783 1846 840 plicationem
1869 782 2103 840 accipiunt
2126 782 2183 824 ab
2203 784 2282 838 iis,
2303 798 2404 841 quae
2421 783 2495 826 hie
2516 788 2836 842 grammaticus

1549 862 1594 897 et
1616 855 1783 897 Pollux
1806 854 1980 898 habent
2007 870 2018 897 ε
2044 854 2080 898 εἷ
2105 851 2325 899 Ἀπόλλων
2348 851 2461 898 ἔστιν
2480 854 2618 906 αὐτοῖς
2641 858 2837 919 πατρῷος

1548 922 1623 969 καὶ
1651 925 1702 970 Ζ.
1728 922 1788 980 ἑ’.;
1815 934 1978 968 contra
2014 940 2067 969 ea
2089 925 2291 969 Pollucis
2314 924 2351 969 εἷ
2371 922 2419 968 τὸ
2438 922 2610 984 τίμημα
2632 924 2743 971 ἔστιν
2763 927 2836 971 αὖ·

1547 1001 1647 1051 τοῖς,
1665 998 1911 1056 explicatio
1935 1004 2001 1040 est
2024 995 2146 1054 ejus,
2169 998 2218 1039 in
2235 1012 2331 1055 quo
2357 1012 2463 1040 cum
2482 998 2572 1041 hoc
2596 999 2744 1042 lexico
2760 1001 2839 1043 Di-

1548 1070 1744 1113 narchus
1761 1070 2015 1128 conspirat,
2040 1068 2075 1112 εἰ
2093 1064 2146 1112 τὰ
2160 1066 2262 1124 τέλη
2284 1067 2423 1125 τελεῖς
2450 1068 2650 1128 denique
2672 1072 2838 1114 Dinar-

1549 1139 1621 1183 chi
1641 1138 1763 1192 εἷ’τὰς
1778 1138 2000 1201 στρατείας
2019 1136 2127 1202 ὑπὲρ
2145 1141 2219 1194 τ’ἧς
2232 1137 2396 1191 πόλεως
2419 1138 2720 1202 ἐστράτευνται
2733 1177 2746 1202 ,
2759 1157 2840 1186 ve-

1548 1213 1643 1256 rius
1654 1212 1838 1256 videtur
1851 1227 1989 1270 quam
2003 1220 2080 1255 aut
2093 1213 2294 1256 Pollucis
2306 1211 2342 1256 εἷ
2359 1210 2661 1274 ἐστρατεύοντο
2674 1212 2842 1275 [ἐστρά-

1548 1298 1717 1327 τευνται
1742 1283 1872 1327 dedit
1892 1281 2118 1343 Bekken]
2138 1278 2243 1344 ὑπὲρ
2264 1284 2339 1338 τῆς
2362 1281 2588 1345 πατρίδος,
2608 1293 2686 1328 aut
2709 1285 2842 1342 hujus

1548 1357 1834 1416 grammatici
1858 1351 1934 1406 τὰς
1954 1351 2058 1417 ὑπὲρ
2090 1353 2292 1416 πατρίδος
2310 1372 2405 1418 στρ.
2434 1353 2783 1417 ἐστρατεύσαντο.
2817 1378 2835 1396 n

1548 1429 1621 1473 M.
1654 1430 1718 1473 H.
1758 1428 1927 1474 Meier.
1967 1428 2151 1486 Fragm.
2187 1427 2276 1471 lex.
2314 1427 2454 1471 Rhet.
2497 1426 2598 1472 llal.
2641 1427 2775 1482 1844.

2158 1551 2234 1600 31.

1619 1661 1975 1723 Harpocration.
1993 1679 2037 1708 v,
2057 1661 2394 1726 Δωροξενία;
2445 1663 2529 1711 Koa
2556 1664 2843 1729 Ἀριστοτέλης

1551 1733 1588 1779 δ’
1610 1734 1652 1779 ἐν
1664 1737 1718 1797 τῇ
1746 1732 1982 1790 Αθηναίων
2004 1734 2199 1779 πολιτεία
2214 1754 2312 1799 περι
2326 1738 2409 1781 τῶν
2427 1739 2691 1797 θεσμοθετων
2707 1736 2843 1799 λέγων

1554 1804 1707 1869 γράφει
1728 1804 1867 1852 τουτί·
1905 1828 1924 1845 «ι
1957 1805 2055 1853 Εἰσὶ
2084 1805 2127 1852 δὲ
2159 1806 2232 1853 καὶ
2258 1806 2420 1873 γραφαὶ
2450 1807 2556 1873 πρὸς
2587 1827 2760 1869 αυτους,
2783 1813 2842 1856 ὧν

1551 1875 2023 1941 παράστασιςτίθεται,
2042 1876 2176 1931 ξενίας
2197 1878 2555 1942 καὶδωροξενίας,
2579 1879 2629 1925 ἄν
2643 1899 2703 1933 τις
2727 1882 2842 1945 δωρα

1553 1946 1646 1999 δοὺς
1671 1946 1870 2011 ἀποφύγῃ
1891 1947 1970 2005 τὴν
1991 1948 2277 2013 συκοφαντίαν
2301 1951 2413 2011 (scr.
2436 1950 2513 2007 τὴν
2535 1949 2713 2013 ξενίαν).
2745 1973 2762 1993 υ

1619 2022 1752 2066 Idem
1781 2037 1827 2065 v.
1858 2020 2141 2083 Παράστασις
2181 2024 2326 2068 verba
2370 2025 2628 2068 Aristotelis
2663 2027 2844 2084 plenius

1553 2094 1742 2138 exhibet
1764 2095 1823 2137 ita
1860 2110 1870 2137 :
1903 2115 1923 2132 «
1948 2091 2049 2140 Εἰσὶ
2074 2092 2118 2138 δὲ
2147 2093 2312 2158 γραφαὶ
2343 2093 2447 2158 πρὸς
2470 2093 2645 2153 αὐτοὺς,
2671 2088 2728 2141 ῶν
2757 2115 2844 2142 πα-

1555 2163 1760 2227 ράστασις
1784 2163 1975 2221 τίθεται,
2004 2163 2138 2219 ξενίας
2164 2165 2238 2212 καὶ
2259 2165 2507 2230 δωροξενίας
2523 2202 2534 2223 ,
2566 2165 2617 2212 ἄν
2643 2186 2703 2219 τις
2725 2167 2840 2232 δῶρα

1555 2234 1650 2288 δοὺς
1672 2234 1874 2300 ἀποφύγῃ
1911 2234 1987 2292 τὴν
2021 2235 2172 2295 ξενίαν,
2198 2235 2271 2282 καὶ
2292 2237 2615 2302 ψευδεγγραφῆς
2644 2238 2719 2285 καὶ
2743 2242 2843 2303 ψευ-

1555 2306 1782 2363 δοκλητίας
1798 2307 1871 2354 καὶ
1889 2307 2149 2371 βουλεύσεως
2160 2308 2233 2354 καὶ
2246 2308 2454 2373 ἀγραφίου
2467 2309 2680 2373 (ἀργυρίου
2699 2314 2840 2356 codd.

1553 2381 1761 2439 plurimi,
1780 2379 1961 2444 γραφίας
1981 2381 2160 2441 Suidas)
2195 2379 2269 2426 καὶ
2291 2380 2498 2444 μοιχείας.
2517 2402 2536 2421 ι»
2554 2383 2725 2427 Eadem
2744 2387 2844 2429 Sui·

1556 2453 1636 2496 das
1657 2469 1702 2496 v.
1733 2450 2027 2505 Κατάστασις.
2054 2455 2157 2498 Alia
2181 2456 2455 2513 supplentur
2476 2470 2500 2498 e
2524 2455 2710 2502 Photio.

1619 2527 1734 2569 Lex.
1756 2526 1950 2570 Rhetor.
1967 2524 2050 2586 (ad
2064 2526 2236 2569 calcem
2259 2527 2412 2569 Photu
2431 2528 2544 2570 Lex
2552 2525 2630 2586 )p.
2651 2527 2709 2569 6
2686 2533 2764 2583 74,
2780 2528 2840 2572 8:

1556 2593 1711 2648 Ξενίας
1731 2593 1874 2660 γραφὴ
1896 2595 1972 2642 καὶ
2006 2594 2253 2660 δωροξενίας
2275 2595 2480 2661 διαφέρει.
2553 2596 2844 2660 Ἀριστοτέλης

1555 2670 1597 2714 ἐν
1626 2670 1679 2732 τῇ
1709 2667 1941 2725 Ἀθηναίων
1968 2667 2161 2732 πολιτείᾳ
2182 2667 2311 2732 φησὶ,
2339 2667 2437 2733 περὶ
2460 2671 2546 2715 τῶν
2570 2672 2841 2731 θεσμοθετῶν

1555 2738 1876 2802 διαλεγόμενος·
1898 2761 1918 2780 «
1955 2738 2056 2786 Εἰσὶ
2089 2739 2232 2786 δὲκαὶ
2262 2740 2445 2830 γραφαὶ
2450 2739 2555 2804 πρὸς
2587 2742 2760 2801 αὐτους,
2783 2747 2843 2789 ὡν

1555 2810 1828 2875 παράστασις
1852 2809 2086 2870 τίθεται,’
2067 2810 2202 2865 ςενίας
2218 2811 2292 2858 καὶ
2313 2812 2585 2877 δωροξενίας
2604 2811 2742 2868 ξενίας
2764 2814 2841 2875 μὲν

1555 2882 1630 2930 ἐάν
1654 2902 1716 2936 τις
1733 2901 2027 2948 κατηῑορηται
2060 2882 2171 2938 ξένος
2202 2888 2323 2942 εἶναι,
2349 2884 2595 2948 δωροξενίας
2622 2884 2703 2931 δὲ
2686 2885 2758 2933 εάν
2784 2907 2846 2941 τις

1556 2956 1670 3019 δωρα
1690 2954 1866 3008 διδους’
1844 2955 2042 3020 αποφύγῃ
2068 2975 2146 3013 την
2171 2955 2363 3010 ξενίαν.»

1627 3026 1751 3120 11..pr
1765 3027 1929 3086 αὐτοὺς,
1949 3032 2009 3074 ὡν
2033 3027 2329 3092 παράστασις]
2348 3032 2723 3087 Meie1.,codex:
2749 3037 2845 3095 περὶ

1557 3101 1697 3153 αυτοῖς
1719 3104 1778 3146 ὧν
1803 3099 2088 3163 περιστάσεις.
2110 3100 2305 3147 Verba*
2287 3101 2420 3155 ςενίας
2445 3101 2555 3164 μὲν..
2567 3103 2845 3167 ,δωροξενίας

1555 3170 1599 3218 δὲ
1632 3173 1757 3232 apud
1789 3175 2209 3232 Harpocrationem
2253 3175 2467 3218 lihraxius
2505 3177 2686 3229 omisit,
2712 3186 2842 3235 patet

1555 3261 1760 3304 quonam
1781 3247 1953 3289 erroris
1973 3261 2158 3305 genere.
2195 3248 2287 3290 Pro
2321 3244 2455 3298 διδοὺς
2490 3262 2545 3290 ex
2579 3250 2845 3306 Harpocra-

1555 3319 1683 3361 tione
1702 3318 2028 3376 reponendum
2049 3315 2143 3368 δοὺς
2160 3326 2314 3362 censet
2334 3320 2547 3365 Meierus.
2569 3319 2699 3363 Idem
2720 3335 2730 3362 ε
2760 3341 2777 3357 «
2796 3318 2844 3363 Si

1556 3461 1647 3489 nam
1661 3451 1766 3490 demi
1783 3453 1936 3500 essent,
1953 3462 2050 3489 num
2069 3451 2206 3500 Apollo
2225 3451 2316 3500 ipsis
2330 3453 2432 3490 esset
2450 3452 2642 3492 Patricius
2658 3454 2697 3491 et
2714 3453 2843 3503 Juppi-

1556 3514 1618 3553 ter
1633 3516 1828 3562 Hei-cem,
1841 3525 1938 3553 num
1954 3516 2135 3564 parentes
2147 3525 2238 3553 suos
2255 3514 2355 3553 bene
2371 3515 2564 3554 haberent
2574 3545 2586 3564 ‚
2602 3523 2843 3565 censumque

1556 3578 1778 3627 solverent,
1798 3580 1838 3617 et
1858 3589 1930 3628 pro
1945 3578 2071 3628 patria
2101 3578 2350 3632 militassent.
2373 3582 2468 3618 Haec
2487 3579 2619 3617 omnia
2648 3579 2842 3629 ἀνάκρισιν

1557 3642 1904 3692 (inquisitionem)
1921 3641 2064 3681 merito
2080 3641 2352 3680 nominabant.

2173 3709 2244 3749 31.

1608 3778 1839 3818 Aristoteles
1851 3777 1891 3817 in
1905 3781 1998 3827 Rep.
2020 3776 2319 3817 Atheniensium
2339 3775 2388 3815 de
2404 3775 2694 3816 Thesmothetis
2708 3775 2842 3814 dicens

1556 3841 1692 3881 scribit
1715 3842 1802 3881 haec
1830 3857 1840 3880 :
1864 3857 1883 3874 «
1913 3841 2097 3881 Actiones
2124 3839 2230 3890 apud
2253 3850 2321 3878 eos
2343 3839 2604 3878 intenduntur
2628 3838 2666 3876 in
2697 3839 2842 3887 quibus

1559 3904 1770 3945 Parastasis
1781 3905 1863 3945 sive
1875 3907 2123 3946 sacramenta
2131 3904 2447 3953 deponebantur,
2467 3902 2763 3952 peregrinitatis,
2779 3914 2840 3951 pe-

1558 3969 1794 4018 regrinitatis
1809 3969 1915 4008 dono
1929 3970 2092 4008 tentatae
2107 3968 2169 4018 (et
2183 3967 2289 4005 illius
2308 3967 2495 4017 quidem,
2513 3965 2543 4003 si
2558 3964 2648 4013 quis
2669 3966 2839 4013 peregri-

1556 4044 1632 4072 nus
1647 4045 1730 4074 esse
1745 4036 1973 4083 accusatur,
1993 4033 2110 4082 hujus
2126 4042 2242 4079 vero,
2276 4032 2306 4069 si
2339 4031 2427 4079 quis
2461 4029 2563 4068 dona
2578 4028 2708 4067 dando
2740 4029 2840 4067 lia-nc

1558 4097 1843 4148 peregrinitatis
1866 4098 2063 4137 actionem
2081 4097 2256 4135 devitare
2286 4094 2454 4142 studet),
2485 4093 2592 4131 falsae
2619 4093 2838 4141 relationis,

1556 4163 1758 4202 ementitae
1797 4162 2018 4208 citationis,
2048 4160 2277 4199 insidiarum
2290 4190 2300 4207 ,
2332 4158 2448 4196 deleti
2475 4157 2644 4195 nominis
2666 4158 2704 4194 ot
2734 4157 2838 4196 adul-

1558 4226 1665 4264 terii.
1699 4243 1715 4258 »

2594 4302 2628 4328 ὅ.
