3016 4628
9 467 28 561 i

352 316 864 374 CORINTHIORUM,
913 310 1395 372 MEGARENfflUM,

127 419 217 498 Ἰν,
244 451 315 492 12,
347 449 401 479 ιο
426 447 437 479 2
459 430 536 478 Ἐν
562 425 776 489 Μεγάροις
800 425 848 470 ἐκ
871 424 954 468 τῶν
977 416 1350 482 συγκατελθόντιιΝ

74 508 149 557 καὶ
175 500 578 569 συμμαχεσαμένων
602 496 706 560 πρὸς
736 495 806 542 τὸν
833 495 968 554 δ’ἧμον
996 494 1090 554 (sc.
1116 489 1190 540 τὰς
1216 487 1353 552 ἀρχὰς

73 583 324 628 καθιστᾶσιν
346 575 406 640 ).]
427 579 495 621 De
513 575 583 617 his
607 570 820 616 omnibus
843 583 886 613 v.
931 565 1109 610 Miiller.
1143 566 1247 607 Dor.
1279 563 1343 615 ΙΙ,

74 668 124 714 p.
153 652 241 698 166
266 666 366 710 sqq.

500 730 925 800 (ΧΑΛΚΙΔΕΩΝ.)

658 846 765 892 105.

146 969 311 1017 Strabo
334 969 397 1023 X,
422 981 470 1025 p.
489 967 599 1018 445,
626 962 683 1007 de
702 962 877 1006 Euboea
900 977 911 1005 ι
941 959 1007 1006 Οὐ
1033 956 1159 1020 μόνον
1186 956 1229 1003 δὲ
1256 955 1355 1004 Μά-

80 1061 171 1110 κρις
205 1039 363 1095 ἐκλήθη
399 1040 426 1093 ἡ
463 1038 608 1091 νῆσος,
649 1033 762 1079 ἀλλὰ
787 1053 789 1055 ’
810 1035 883 1079 καὶ
908 1030 1114 1083 Ἀὸαντίς.
1159 1029 1281 1086 Φησὶ
1323 1028 1358 1074 δ’

78 1109 368 1177 Ἀριστοτέλης
400 1106 441 1161 ἐξ
476 1104 608 1158 Ἄδας
642 1107 717 1162 τ’ἧς
755 1105 962 1157 Φωχιχῆς
992 1103 1173 1167 Θρᾷκας
1214 1105 1356 1165 ὁρμη,

78 1184 221 1236 θέντας
261 1183 489 1237 ἐποικῆσαι
536 1176 613 1234 τὴν
658 1180 805 1255 νῆσον,
853 1174 926 1221 καὶ
975 1173 1240 1235 ἐπονομάσαι
1285 1172 1358 1220 Ἄ-

75 1256 238 1308 ’ὅαντας
272 1252 368 1304 τοὺς
411 1251 586 1314 ἔχοντας
610 1247 764 1305 αὐτήν·
796 1249 833 1294 οἱ
871 1245 915 1292 δὲ
943 1246 1027 1293 ἀπὸ
1052 1244 1190 1310 ἥρωός
1222 1263 1355 1311 φασι,

42 1353 51 1359 ·
78 1326 271 1390 καθάπερ
293 1323 366 1371 καὶ
396 1320 591 1370 Εὔὸοιαν
616 1319 701 1366 ἀπὸ
732 1317 934 1382 ἡρωίνης.
970 1321 1060 1364 Res
1089 1328 1216 1362 nota.
1245 1318 1359 1362 Loci

79 1401 224 1447 nostri
242 1398 450 1443 meminit
466 1394 651 1440 Miiller.
673 1395 796 1438 Min.
811 1408 861 1451 p.
882 1391 988 1438 386.
1012 1392 1226 1436 Ceterum
1249 1406 1361 1433 num

84 1475 181 1518 haec
216 1473 265 1516 in
294 1468 687 1521 Chalcidensium,
723 1474 802 1510 aut
837 1466 887 1508 in
923 1465 1057 1517 ‚alius
1099 1463 1227 1506 urbis
1266 1464 1360 1505 Eu-

31 1562 34 1563 ’
83 1546 243 1590 boeicae
269 1541 527 1600 Republica
553 1539 724 1582 dixerit
750 1537 1032 1591 Aristoteles,
1053 1543 1131 1578 aut
1156 1549 1362 1578 seorsum

56 3604 59 3611 ›

42 3467 130 3547 τ’

81 1615 364 1675 singularum
381 1612 570 1655 urbium
590 1610 795 1667 Rebusp.
815 1608 1089 1667 praemiserit
1103 1641 1116 1666 ,
1136 1607 1185 1649 in
1201 1605 1358 1650 medio

81 1683 455 1744 relinquendum.

675 1774 692 1801 1
703 1758 777 1802 06.

147 1849 311 1896 Strabo
330 1848 394 1903 X,
419 1862 468 1906 p.
498 1851 587 1902 447
617 1861 627 1888 z
654 1845 708 1890 Αἱ
729 1835 800 1888 οῦν
829 1839 974 1893 πόλεις
1010 1831 1137 1886 αῦται
1165 1841 1178 1902 (
1200 1857 1263 1888 sc.
1284 1842 1361 1897 τῆς

20 1970 24 1975 ,
85 1914 580 1981 Εὗὸοίας)διαφερόντως
604 1913 850 1972 αὐξηθεῖσαι
873 1911 945 1958 καὶ
961 1911 1158 1966 ἀποικίας
1171 1910 1365 1958 ἔστειλαν

43 2030 46 2031 ⁷
81 1988 328 2051 ’ἀξιολόγους
351 1990 407 2040 εἷς
428 1984 719 2034 Μακεδονίαν.

43 2087 45 2089 ’
85 2080 178 2110 κισε
201 2059 275 2114 τὰς
304 2059 401 2124 περὶ
434 2057 669 2115 Παλλήνην
701 2055 776 2103 καὶ
809 2056 880 2103 τὸν
918 2054 1032 2103 Ἄθω
1059 2053 1230 2109 πόλεις·
1258 2060 1285 2113 ἡ
1323 2055 1366 2103 δὲ

25 2151 59 2196 „g
85 2132 251 2186 Χαλκὶς
273 2133 348 2185 τὰς
372 2129 452 2178 ὑπὸ
475 2128 696 2193 Ὀλύνθῳ,
719 2129 768 2182 ἃς
795 2127 1019 2181 Φίλιππος
1041 2127 1333 2191 διελυμήνατο
1353 2165 1365 2185 ,

26 2193 34 2232 s
52 2199 54 2202 ’
75 2204 161 2265 ’,καὶ
183 2209 256 2262 τῆς
277 2201 465 2255 Ἰταλίας
480 2221 526 2248 τε
550 2201 623 2248 καὶ
649 2199 849 2254 Σικελίας
873 2199 1014 2247 πολλὰ
1036 2200 1178 2264 χωρία
1199 2202 1370 2248 Χαλκι-

52 2275 193 2324 ”κ·δέων
222 2274 352 2322 ἐστίν.

51 2378 54 2379 ⁷
88 2367 168 2411 περ
196 2346 361 2411 εἴρηκεν
393 2343 715 2410 Ἀριστοτέλης,
759 2343 888 2399 ἡνίκα
928 2347 956 2401 ἡ
992 2347 1075 2390 τῶν
1101 2343 1370 2391 Ἱπποὸοτῶν

88 2418 333 2482 καλουμένη
360 2417 584 2482 ἐπεκράτει
603 2414 819 2463 πολιτεία·
844 2415 1114 2479 προέστησαν
1139 2414 1222 2479 γὰρ
1242 2417 1374 2473 αὐτῆς

38 2505 81 2548 -ῥὶ
91 2491 179 2540 ἀπὸ
197 2489 456 2552 τιμημάτων
476 2488 624 2552 ἄνδρες
646 2489 1008 2552 ἀριστοκρατικῶς
1029 2487 1246 2551 ἄρχοντες.

42 2558 71 2598 ³-
113 2584 116 2586 ·
156 2560 408 2610 Ἱπποὸόται
423 2558 645 2607 ἐκαλέοντο
662 2561 699 2605 οἳ
716 2556 876 2622 παχέες
894 2561 979 2605 τῶν
992 2557 1261 2617 Χαλκιδέων,
1281 2563 1370 2605 He-

55 2683 59 2686 ,
91 2637 248 2682 rodot.
274 2636 336 2691 V,
378 2649 462 2691 773
496 2629 667 2694 πλούτῳ
696 2629 770 2676 καὶ
796 2628 893 2693 δόξῃ
927 2628 1221 2695 διαφέροντες,
1258 2633 1373 2677 Plu—

50 2713 65 2740 ἴ·
87 2709 238 2756 tarch.
260 2708 425 2752 Pericl.
455 2721 495 2749 e.
539 2705 617 2749 23.
647 2704 714 2749 Cf.
749 2703 808 2747 fr.
842 2719 946 2764 109.
980 2705 1236 2748 Hermann.
1271 2706 1374 2748 An—

791 1983 991 2049 Ἐρέτρια
1018 1982 1093 2046 μὲν
1114 1983 1197 2048 γὰρ
1222 1983 1366 2049 συνῴ-

421 2272 697 2330 Ἐστάλησαν
720 2270 764 2318 δὲ
784 2274 828 2318 αἱ
849 2271 1042 2318 ἀποικίαι
1074 2265 1217 2330 αῦται,
1235 2273 1371 2320 καθά-

144 2842 332 2894 [Megaris
357 2851 409 2880 ex
436 2841 483 2880 iis
511 2840 580 2890 qui
610 2849 690 2878 una
715 2839 765 2878 ab
793 2838 913 2878 exilio
943 2839 1193 2878 reverterunt
1215 2850 1377 2888 unaque

52 2900 54 2902 ’
71 2885 74 2887 Δ
93 2905 278 2947 adversus
292 2905 483 2956 populum
499 2903 752 2942 decertarunt
769 2903 1041 2954 (magistratus
1058 2902 1342 2950 constituunt).
1360 2903 1375 2954 ]

445 2999 1022 3064 (CHALCIDENSIUM.)

687 3118 786 3158 105.

90 3238 100 3245 ,
149 3195 299 3236 Euboea
320 3194 446 3234 insula
468 3205 550 3233 non
564 3194 683 3233 modo
699 3193 843 3233 Macris
861 3193 1153 3244 appellabatur,
1170 3193 1239 3232 sed
1258 3193 1377 3232 etiam

59 3252 275 3311 {Abantis
298 3259 525 3299 Aristoteles
538 3258 635 3298 dicit
650 3269 702 3298 ex
717 3256 802 3298 Aba
815 3259 985 3298 Phocica
1000 3259 1197 3309 profectos
1210 3259 1383 3297 Thraces

10 3339 12 3345 ¹
55 3310 368 3381 fjsfrequentasse
396 3324 562 3365 insulam
576 3354 587 3374 ,
609 3323 714 3363 unde
745 3324 887 3363 incolae
909 3324 992 3373 ejus
1022 3324 1194 3364 Abantes
1224 3334 1381 3362 nuncu-

55 3381 65 3394 ⁴

72 3382 182 3441 'ipati
199 3389 291 3428 sint.

69 3426 99 3477 :it
690 3455 791 3495 106,

66 3527 227 3588 {Thiae
252 3529 368 3568 urbes
401 3529 591 3586 majorem
623 3528 663 3566 in
693 3528 857 3567 modum
886 3530 1015 3567 auctae
1052 3528 1230 3568 colonias
1263 3530 1384 3568 etiam

71 3576 272 3644 tffiignes
286 3594 326 3632 in
342 3593 610 3632 Macedoniam
627 3593 834 3637 miserunt,
858 3595 958 3632 Nam
979 3594 1134 3631 Eretria
1149 3593 1267 3632 urbes
1281 3593 1386 3631 circa

74 3651 304 3707 ,vullenam
319 3658 358 3695 et
378 3652 481 3696 Atho
496 3656 692 3705 condidit;
722 3657 875 3696 Chalcis
894 3657 1068 3706 Olyntho
1091 3656 1262 3706 vicinas,
1287 3666 1387 3705 quas

75 3706 308 3781 {fibilippus
329 3719 489 3759 delevit.
514 3720 619 3766 Quin
650 3722 689 3758 et
722 3721 761 3758 in
794 3719 909 3759 ltalia
938 3721 978 3758 et
1010 3719 1050 3758 in
1081 3719 1213 3758 Sicilia
1245 3720 1383 3757 multae

27 3792 29 3795 ·
78 3783 200 3832 ‘fluunt
216 3782 529 3823 Chalcidensium
541 3783 706 3823 coloniae
717 3813 728 3832 ‚
745 3793 845 3833 quas
860 3782 1049 3822 deductas
1061 3793 1144 3822 esse
1162 3782 1388 3822 Aristoteles

66 3845 225 3898 fludicit,
244 3858 324 3897 quo
351 3849 528 3897 tempore
563 3846 816 3896 Hippobotae,
848 3846 917 3896 qui
940 3846 1190 3894 dicebantur,
1225 3855 1386 3894 rempu-

66 3902 253 3967 ἵζωίιιιιιῃ
269 3911 483 3950 tenebant:
513 3911 551 3949 hi
570 3911 674 3949 enim
698 3910 883 3950 Chalcide
913 3921 1033 3950 censu
1064 3910 1157 3948 lecti
1184 3910 1386 3948 aristocra-

79 3966 187 4026 ³35oe
198 3971 286 4015 *eam
300 3975 638 4015 administrabant.

79 4046 136 4127 ἓ
699 4043 796 4082 107.

71 4095 134 4165 ἶῂ
160 4115 366 4164 magi-ante
380 4115 482 4155 inter
504 4114 779 4155 Chalcidenses
794 4116 834 4154 et
856 4116 1102 4155 Eretrienses
1125 4114 1253 4162 bello,
1272 4113 1385 4152 Chal-

75 4165 332 4225 {citiensibus
351 4176 498 4217 auxilio
519 4181 681 4218 venerat
710 4190 803 4218 cum
829 4179 1105 4218 Thessalorum
1133 4177 1254 4227 copiis
1276 4177 1388 4216 Cleo-

48 4263 53 4291 ;
70 4242 288 4292 “v-machus.
322 4242 566 4283 Videbantur
597 4245 730 4304 autem
766 4243 1044 4284 Chalcidenses
1081 4241 1260 4293 peditatu
1298 4241 1391 4280 satis

650 4338 667 4361 ἱ

1430 308 1937 358 CHALCIDENSIUM
1987 309 2412 359 RESPUBLlCAE.
2615 317 2698 360 141

1429 417 1638 474 tiqq.Gr.
1659 416 1685 474 S
1705 415 1762 472 57
1786 425 1830 458 et
1851 416 1904 458 81
1919 450 1928 457 .
1950 443 2011 450 —-
2036 436 2052 454 «
2072 418 2285 460 Ceterum
2302 420 2439 476 ipsius
2455 421 2712 464 Aristotelis

1427 497 1573 531 mater
1597 503 1653 531 ex
1677 503 1842 531 eorum
1873 487 1959 530 suit
1989 489 2155 546 stirpe,
2192 491 2273 547 qui
2306 506 2330 534 e
2366 492 2580 534 Chalcide
2608 491 2712 536 Sta-

1428 562 1526 618 gira
1566 561 1799 604 coloniam
1829 559 2079 603 duxerunt.
2125 559 2317 619 Dionys.
2348 564 2449 606 Hal.
2476 565 2615 621 Epist.
2651 548 2737 608 ad·

1429 635 1683 676 Ammaeum
1706 631 1732 690 §
1761 630 1806 676 5.
1834 650 1852 671 υ
1881 632 2137 675 Νεαηιαηη.

2023 726 2128 767 107.

1496 781 1727 842 Plutarch.
1768 798 1936 841 Erotio.
1971 813 2020 856 p.
2062 796 2155 852 760
2172 830 2184 852 ,
2214 796 2248 840 F
2279 812 2288 839 :
2333 786 2469 841 1Ἧκεν
2504 795 2721 860 ἐπίκουρος

1434 867 1527 932 (sc.
1557 866 1814 931 Κλεόμαχος
1835 870 1856 913 ὃ
1883 867 2164 931 Φαρσάλιος)
2191 867 2458 913 Χαλκιδεῦσι
2482 867 2631 930 [μετὰ]
2650 874 2720 915 τοῦ

1432 940 1724 999 Θεσσαλικοῦ,
1753 937 1943 1001 πολέμου
1962 939 2064 1004 πρὸς
2088 938 2324 1002 Ἐρετριεῖς
2341 937 2602 998 ἀκμάζοντος
2617 957 2626 966 ·
2651 939 2724 985 καὶ

1432 1010 1576 1072 τὸμὲν
1607 1012 1730 1066 πεζὸν
1759 1011 1895 1058 ἐδόκει
1921 1018 2005 1064 τοῖς
2041 1012 2328 1059 Χαλκιδεῦσιν
2363 1012 2599 1073 ἐρρῶσθαι,
2631 1009 2725 1062 τοὺς

1435 1087 1470 1131 δ’
1489 1083 1646 1137 ἱππέας
1673 1082 1783 1146 μέγα
1805 1083 1926 1147 ἔργον
1943 1077 1994 1142 ἦν
2011 1083 2207 1130 ὤσασθαι
2223 1086 2307 1129 τῶν
2327 1082 2567 1143 πολεμίων·
2593 1102 2725 1146 παρε-

1435 1154 1594 1202 κάλουν
1631 1155 1681 1212 δὴ
1716 1155 1787 1202 τὸν
1825 1154 2081 1218 Κλεόμαχον
2119 1154 2252 1216 ἄνδρα
2281 1154 2480 1215 λαμπρὸν
2517 1154 2616 1200 ὄντα
2651 1153 2727 1210 τὴν

1434 1227 1576 1293 ψυχὴν
1595 1230 1631 1274 οἳ
1657 1227 1900 1291 σύμμαχοι,
1921 1231 2088 1291 πρῶτον
2111 1226 2347 1287 ἐμὸάλλειν
2366 1227 2425 1279 εἷς
2440 1225 2535 1279 τοὺς
2553 1224 2727 1278 ἱππέας·

1435 1304 1456 1347 ὁ
1476 1299 1519 1346 δὲ
1543 1299 1741 1362 ἠρώτησε
1760 1299 1954 1364 παρόντα
1975 1298 2045 1345 τὸν
2067 1298 2294 1363 ἐρώμενον,
2321 1301 2355 1344 εἷ
2379 1298 2527 1360 μέλλει
2556 1302 2730 1344 θεᾶσθαι

1436 1371 1505 1418 τὸν
1536 1374 1679 1431 ἀγῶνα
1698 1390 1707 1399 ·
1734 1370 1947 1435 φήσαντος
1972 1370 2015 1416 δὲ
2040 1375 2113 1417 τοῦ
2149 1370 2371 1416 νεανίσκου
2390 1407 2402 1430 ,
2429 1370 2502 1416 καὶ
2528 1369 2730 1434 φιλοφρό-

1440 1464 1521 1497 νως
1542 1444 1670 1490 αὐτὸν
1699 1443 2010 1504 ἀσπασαμένου
2037 1443 2178 1490 καὶτὸ
2206 1444 2358 1507 κράνος
2383 1443 2617 1501 ἐπιθέντος,
2638 1447 2731 1489 ἐπι-

1436 1514 1668 1580 γαυρωθεὶς
1689 1517 1710 1561 ὃ
1733 1515 1991 1579 Κλεόμαχος
2007 1515 2080 1562 καὶ
2110 1514 2205 1569 τοὺς
2231 1515 2427 1580 ἀρίστους
2450 1518 2536 1562 τῶν
2560 1518 2733 1563 Θεσσα-

1437 1590 1523 1635 λῶν
1541 1587 1899 1653 συναγαγὼνπερὶ
1920 1588 2062 1645 αὑτὸν,
2079 1587 2258 1645 ἐξήλασε
2277 1590 2488 1652 λαμπρῶς
2507 1587 2579 1634 καὶ
2597 1607 2729 1651 προσ·

1439 1659 1563 1706 έπεσε
1589 1661 1674 1713 τοῖς
1694 1660 1940 1721 πολεμίοις,
1978 1659 2090 1707 ὥστε
2115 1660 2372 1726 συνταράξαι
2390 1662 2463 1709 καὶ
2499 1661 2735 1727 τρέψασθαι

1439 1733 1487 1778 τὸ
1521 1731 1697 1779 ἱππικόν
1714 1751 1723 1761 ·
1754 1734 1802 1778 ἐκ
1826 1731 1870 1778 δὲ
1901 1731 2052 1780 τούτου
2077 1734 2150 1780 καὶ
2171 1738 2255 1781 τῶν
2284 1736 2469 1780 ὁπλιτῶν
2503 1734 2735 1799 φυγόντων,

1441 1803 1642 1861 ἐνίκησαν
1672 1803 1784 1851 κατὰ
1812 1804 1968 1869 κράτος
1993 1807 2031 1852 οἱ
2055 1807 2310 1859 Χαλκιδεῖς·
2331 1805 2402 1852 τὸν
2425 1805 2569 1867 μέντοι
2597 1806 2737 1853 Κλεό-

1442 1895 1584 1940 μαχον
1602 1878 1831 1923 ἀποθανεῖν
1857 1876 2062 1940 συνέτυχε
2077 1897 2086 1906 ·
2104 1877 2237 1942 τάφον
2263 1879 2300 1924 δ’
2326 1880 2454 1925 αὐτοῦ
2474 1879 2736 1926 δεικνύουσιν

1444 1950 1486 1994 ἐν
1512 1948 1648 2014 ἀγορᾷ
1673 1950 1904 2002 Χαλκιδεῖς
1919 1986 1931 2007 ,
1951 1949 2014 2013 ἐφ’
2031 1942 2078 1996 οῦ
2100 1949 2228 2014 μέχρι
2246 1954 2318 1996 νῦν
2339 1953 2360 1996 ὁ
2378 1949 2510 2013 μέγας
2530 1951 2738 2016 ἐφέστηκε

1442 2020 1545 2068 κίων
1563 2037 1573 2047 ·
1599 2019 1674 2067 καὶ
1701 2021 1750 2067 τὸ
1774 2023 2078 2086 παιδεραστεῖν
2106 2021 2312 2087 πρότερον
2351 2024 2394 2069 ἐν
2427 2022 2547 2087 ψόγῳ
2571 2022 2737 2085 τιθέμε·

1443 2112 1528 2151 νοι,
1576 2093 1673 2139 τότε
1716 2095 1879 2155 μᾶλλον
1913 2093 2069 2159 ἑτέρων
2100 2094 2335 2157 ἠγάπησαν
2398 2095 2472 2141 καὶ
2511 2094 2736 2157 ἐτίμησαν.

1444 2165 1740 2230 Ἀριστοτέλης
1771 2164 1815 2212 δὲ
1839 2165 1910 2212 τὸν
1941 2166 2017 2227 μὲν
2054 2166 2312 2230 Κλεόμαχον
2344 2165 2485 2220 ἄλλως
2512 2167 2739 2213 ἀποθανεῖν

1448 2256 1576 2301 φησι,
1591 2238 1870 2301 κρατήσαντα
1888 2241 1971 2284 τῶν
1994 2238 2246 2303 Ἐρετριέων
2264 2242 2315 2302 τῇ
2336 2238 2456 2302 μάχῃ
2470 2254 2480 2265 ·
2499 2239 2571 2286 τὸν
2592 2239 2634 2285 δὲ
2653 2239 2736 2286 ὑπὸ

1448 2314 1520 2355 τοῦ
1547 2307 1760 2371 ἐρωμένου
1782 2308 2012 2373 φιληθέντα
2029 2346 2040 2366 ,
2066 2313 2147 2355 τῶν
2171 2308 2256 2355 ἀπὸ
2275 2308 2454 2375 Θρᾴκης
2479 2309 2734 2357 Χαλκιδέων

1448 2372 1670 2435 γενέσθαι,
1694 2373 1944 2438 πεμφθέντα
1973 2382 2060 2428 τοῖς
2084 2377 2126 2420 ἐν
2149 2373 2314 2439 Εῶὅοίᾳ
2336 2376 2620 2422 Χαλκιδεῦσιν
2642 2374 2739 2421 ἐπί·

1448 2465 1596 2509 κουρον
1611 2464 1621 2475 ·
1643 2445 1735 2492 ὅθεν
1757 2446 1932 2511 ᾄδεσθαι
1951 2445 2070 2511 παρὰ
2094 2453 2180 2500 τοῖς
2202 2448 2509 2506 Χαλκιδεῦσιν,

1500 2546 1555 2585 Ὠ
1573 2547 1703 2591 παῖδες
1717 2575 1728 2594 ,
1746 2548 1781 2585 οἳ
1798 2547 1968 2599 χαρίτων
1985 2561 2026 2586 τε
2054 2548 2121 2585 καὶ
2147 2547 2321 2598 πατέρων
2343 2548 2474 2598 λάχετ’
2501 2548 2661 2595 ἐσθλῶν,

1501 2604 1553 2653 μὴ
1571 2604 1729 2653 φθονεῖθ’
1757 2605 1856 2654 ὥρας
1868 2605 2084 2654 ’ἀγαθοῖσιν
2100 2604 2253 2654 ὁμιλίαν
2267 2616 2276 2623 ·

1501 2662 1568 2698 σὺν
1585 2661 1656 2711 γὰρ
1674 2661 1825 2712 ἀνδρείᾳ
1852 2664 1917 2700 καὶ
1939 2663 1959 2700 ὁ
1980 2663 2189 2711 λυσιμελὴς
2219 2662 2344 2712 Ἔρως

1502 2719 1563 2757 ἐπὶ
1588 2720 1812 2758 Χαλκιδέων
1831 2719 1954 2758 θάλλει
1982 2720 2151 2759 πόλεσιν.

1455 2840 1609 2891 valere,
1634 2841 1704 2880 sed
1726 2842 1880 2891 equites
1908 2842 2083 2881 hostium
2109 2842 2255 2891 pellere
2277 2842 2408 2891 magni
2438 2843 2523 2881 erat
2552 2842 2745 2892 arduique

1457 2914 1518 2942 res
1532 2904 1677 2943 laboris
1704 2919 1713 2943 ε
1736 2905 1872 2954 itaque
1888 2905 2170 2944 Cleomachum
2190 2905 2285 2944 socii
2300 2905 2577 2955 hortabantur,
2602 2917 2745 2956 magno

1455 2967 1585 3006 virum
1609 2969 1765 3018 animo,
1790 2970 1836 3007 ut
1857 2969 2010 3019 primus
2027 2969 2249 3019 equitatum
2274 2970 2458 3009 hostilem
2473 2971 2689 3010 invaderet.
2711 2975 2746 3011 Is

1456 3041 1506 3069 ex
1536 3032 1684 3073 amasio
1705 3033 1772 3081 qui
1791 3044 1871 3070 una
1893 3033 2030 3072 aderat
2048 3034 2254 3083 quaesivit,
2277 3036 2525 3083 spectatorne
2553 3045 2635 3074 esse
2658 3046 2744 3074 ccr-

1454 3094 1616 3133 taminis
1636 3096 1753 3135 vellet
1780 3111 1789 3135 e
1818 3107 2023 3146 quumque
2046 3096 2287 3136 ,affirmasset
2311 3090 2490 3147 jfi'venis,
2522 3097 2747 3148 blandeque

1456 3159 1711 3198 exosculatus
1733 3161 1886 3209 galeam
1903 3159 1939 3199 ei
1957 3159 2228 3210 imposuisset,
2250 3161 2354 3199 elato
2379 3161 2461 3210 Jam
2477 3162 2609 3200 animo
2626 3162 2744 3201 Cleo-

1455 3223 1642 3272 machus,
1661 3223 1937 3262 Thessalorum
1954 3224 2112 3274 optimis
2128 3223 2179 3263 ad
2198 3235 2240 3263 se
2265 3224 2462 3274 collectis,
2495 3225 2678 3264 alacriter
2705 3226 2746 3264 in

1458 3286 1611 3325 hostem
1642 3286 1777 3336 irruit,
1803 3287 1858 3326 ita
1874 3289 1920 3326 ut
1938 3287 2160 3337 equitatum
2189 3298 2327 3326 eorum
2345 3289 2600 3327 conturbaret
2627 3291 2748 3338 atque

1456 3349 1655 3399 disjiceret
1674 3366 1682 3389 ε
1708 3350 1876 3400 fugaque
1897 3351 2038 3390 exinde
2064 3351 2183 3390 etiam
2200 3353 2330 3401 gravis
2347 3354 2557 3390 armaturae
2574 3353 2746 3391 militum

1459 3415 1560 3452 iacta
1574 3442 1586 3461 ‚
1614 3413 1653 3452 vi
1675 3413 1953 3453 Chalcidenses
1977 3415 2183 3454 victoriam
2203 3415 2483 3464 obtinuerunt,
2509 3416 2746 3455 Cleomacho

1457 3479 1592 3517 tamen
1610 3477 1651 3516 in
1671 3488 1802 3528 pugna
1828 3478 2050 3518 interfecto.
2075 3480 2170 3529 EJ'us
2189 3480 2444 3530 sepulchrum
2466 3481 2506 3518 in
2528 3481 2614 3519 foro
2634 3491 2748 3518 mon-

1458 3543 1584 3581 strant
1597 3542 1872 3581 Chalcidenses
1883 3573 1893 3591 ,
1911 3543 1974 3581 cui
1989 3543 2205 3582 etiamnum
2222 3555 2362 3594 magna
2379 3544 2522 3583 insistit
2538 3545 2743 3591 columna;

1458 3617 1665 3656 quumque
1702 3609 1818 3645 antea
1853 3607 2072 3646 masculum
2110 3618 2287 3646 amorem
2320 3609 2627 3658 vituperassent‚
2656 3610 2744 3647 tum

1459 3670 1544 3708 aliis
1579 3670 1702 3719 magis
1733 3670 1907 3720 amplexi
1944 3672 2037 3709 sunt
2067 3672 2187 3720 atque
2218 3672 2527 3710 honoraverunt.
2563 3672 2746 3720 Alioquin

1460 3732 1688 3772 Aristoteles
1720 3734 2004 3774 Cleomachum
2036 3734 2193 3784 quidem
2228 3746 2311 3774 esse
2352 3737 2553 3773 mortuum
2587 3733 2744 3780 scribit,

1460 3807 1586 3845 quum
1610 3807 1740 3846 pugna
1755 3796 1914 3836 vicisset
1935 3797 2178 3836 Eretrienses
2197 3813 2206 3836 ε
2231 3809 2322 3836 eum
2339 3809 2433 3836 vero
2448 3826 2457 3843 ,
2482 3797 2545 3834 cui
2565 3796 2745 3834 osculum

1461 3861 1631 3900 amasius
1651 3860 1825 3909 dederit,
1854 3861 1972 3899 fnisse
1991 3861 2040 3899 de
2065 3861 2387 3899 Chalcidensibus
2403 3872 2424 3898 e
2443 3860 2630 3907 Thracia,
2655 3860 2744 3896 mis-

1461 3937 1549 3964 sum
1562 3926 1710 3964 auxilio
1728 3925 2053 3965 Chalcidensibus
2069 3926 2368 3974 Euboeensibus3
2386 3927 2519 3973 itaque
2535 3922 2621 3961 cani
2638 3922 2743 3972 apud

1464 3987 1739 4028 Chalcidenses
1760 4003 1769 4026 :

1551 4077 1584 4111 Ο
1601 4076 1719 4119 gratia
1736 4076 1971 4121 patribusque
1987 4074 2147 4110 fortibus
2163 4075 2294 4118 quibus
2316 4074 2446 4117 obtigit
2469 4073 2604 4111 nitere,

1551 4135 1714 4168 vestrum
1730 4134 1847 4168 nolite
1863 4134 1970 4167 honis
1986 4142 2119 4175 negare
2138 4132 2262 4166 liorem
2279 4145 2287 4165 ε

1549 4198 1636 4223 nam
1648 4197 1734 4223 cum
1749 4189 1886 4227 virtute
1902 4189 2009 4222 simul
2026 4188 2239 4230 Cythereius

1552 4245 1714 4282 celebrat
1726 4255 1816 4291 puer
1832 4245 1940 4281 urbes
1956 4245 2178 4280 Chalcidicas

2087 4315 2105 4326 η
