3016 4628
312 258 402 298 352

301 419 443 467 ἔπεισε
491 419 854 483 Λακεδαιμονίους
894 418 1128 477 Ἀθηναίοις
1163 420 1392 468 Δεκέλειαν
1427 421 1583 466 ἐπιτει-

298 490 433 555 χίσαι.
452 492 469 556 ]

362 568 505 611 Uncis
528 568 701 612 inclusa
723 568 887 612 absunt
908 583 930 610 a
955 565 1118 611 codice
1138 568 1422 610 Ravennate.
1450 566 1584 609 Clin-

298 640 396 683 toni
420 639 498 700 (F.
513 641 575 686 H.
596 639 656 685 ad
676 655 749 686 an.
775 646 866 697 407
886 649 930 684 et
946 638 1060 694 406,
1082 638 1163 682 ubi
1185 637 1316 698 vide)
1339 638 1585 682 scholiasta

296 712 520 756 archonte
550 713 778 773 Antigene
817 711 1103 757 Alcibiadem
1128 725 1362 755 reversum
1395 724 1489 753 esse
1521 708 1587 752 di-

299 797 406 827 cens
429 783 701 829 Andronem
722 785 877 844 potius
900 799 1039 842 quam
1063 782 1426 841 Xenophontem
1453 780 1527 842 (Ι,
1556 778 1582 823 5

297 863 344 900 et
365 855 418 916 6)
442 856 623 900 secutus
645 871 738 901 esse
762 856 962 900 videtur.

491 970 775 1017 EHlTOMH
814 967 939 1015 ΤΩΝ
975 965 1385 1015 ΣΥΓΓΕΝΕΙΩΝι

907 1069 978 1117 15.

363 1174 518 1220 Schol.
540 1173 759 1233 Apollon.
788 1172 879 1216 Rh.
907 1173 928 1214 I
943 1204 955 1225 ,
982 1169 1041 1222 46
1063 1167 1133 1229 (et
1152 1167 1360 1212 Eudocia
1376 1183 1425 1227 p.
1450 1164 1578 1224 34):

297 1245 583 1304 Pherecydes
601 1243 684 1303 (fr.
710 1241 798 1304 59)
818 1252 1010 1286 matrem
1036 1242 1211 1286 Iasonis
1234 1240 1348 1284 dicit
1375 1240 1581 1285 Alcime-

298 1318 410 1375 den,
433 1318 616 1376 Phylaci
642 1316 674 1359 f.
692 1350 703 1371 ,
720 1315 994 1359 Herodorus
1014 1313 1095 1374 (fr.
1120 1311 1207 1374 36)
1234 1312 1578 1373 Polyphemon,

297 1390 514 1448 Autolyci
537 1388 569 1432 f.
615 1405 624 1432 ε
651 1383 837 1449 Ἄνδρων
864 1383 907 1431 δὲ
938 1387 980 1432 ἐν
1004 1388 1057 1448 τῇ
1076 1384 1294 1447 Ἐπιτομῇ
1318 1386 1402 1430 τῶν
1425 1402 1580 1446 συγγε-

297 1461 415 1505 νειῶν
443 1458 689 1522 Θεογνήτην
706 1456 782 1514 τὴν
802 1456 1013 1521 θυγατέρα
1038 1455 1277 1514 Λαοδίκου,
1301 1453 1581 1520 μητέραἸά-

296 1550 413 1584 σονος
429 1529 644 1592 γεγονέναι
661 1530 804 1595 φησίν.
823 1532 912 1576 Alii
931 1532 1077 1576 aliter.
1098 1533 1154 1575 V.
1171 1531 1328 1575 Schol.
1355 1530 1444 1576 Od.
1462 1530 1576 1585 XII,

298 1620 384 1664 το,
406 1606 599 1650 Diodor.
633 1607 715 1660 IV,
742 1603 830 1663 503
859 1605 1007 1648 Tzetz.
1036 1606 1146 1662 Lyc.
1175 1602 1291 1660 872,
1315 1603 1433 1648 Chil.
1464 1601 1579 1661 VII,

294 1677 403 1737 890.
432 1680 579 1736 Heyn.
602 1677 660 1721 ad
685 1676 908 1736 Apollod.
933 1678 980 1732 Ι,
1009 1692 1063 1736 9,
1090 1676 1163 1723 16.

428 1792 575 1839 ΠΕΡΙ
610 1791 842 1840 ΘΥΣΙΩΝ
885 1791 1056 1839 ΠΡΟΣ
1093 1792 1434 1839 ΦΙΛΙΠΠΟΝ.

650 1909 686 1955 Ε
721 1909 904 1954 LIBRo
947 1909 1213 1972 QUARTO.

898 2018 968 2063 16.

356 2106 632 2165 Apollonius
653 2106 771 2152 Hist.
796 2106 902 2151 Μὶν.
928 2121 968 2150 c.
997 2106 1025 2151 8
1052 2121 1061 2149 :
1083 2101 1270 2168 Ἄνδρων
1297 2104 1340 2150 ἐν
1361 2105 1414 2168 τῇ
1439 2101 1475 2149 δ’
1493 2105 1579 2149 τῶν

293 2175 393 2241 πρὸς
416 2174 640 2224 Φίλιππον
664 2178 839 2223 θυσιῶν·
864 2175 1030 2242 κορώνη
1057 2177 1099 2223 ἐν
1120 2179 1174 2240 τῇ
1204 2175 1377 2239 Ἀττικῇ
1414 2178 1472 2230 εἷς
1501 2175 1579 2233 τὴν

293 2247 518 2313 ἀκρόπολιν
537 2247 715 2311 οὐδεμία
731 2246 917 2313 ἑώραται
934 2247 1214 2314 εἷσερχομένη
1232 2286 1244 2311 ,
1264 2249 1461 2314 καθάπερ
1480 2247 1576 2296 οὐδὲ

290 2398 409 2437 quam
430 2390 550 2428 Ranae
565 2387 790 2439 ederentur,
816 2400 927 2439 mox,
948 2400 1073 2440 quum
1096 2389 1291 2429 Antiocho
1325 2389 1579 2440 gubernatori

291 2453 454 2493 classem
470 2454 725 2494 commisisset
740 2456 779 2494 et
795 2465 817 2494 a
832 2455 1034 2505 Lysandro
1048 2455 1179 2495 victus
1193 2456 1319 2506 esset,
1336 2455 1439 2494 iram
1457 2455 1580 2495 Athe-

293 2518 484 2558 niensium
506 2519 635 2559 denuo
650 2519 829 2559 incurrit.
848 2522 1033 2560 Ceterum
1051 2520 1214 2561 Andron
1250 2524 1309 2561 De
1326 2521 1458 2561 reditu
1475 2521 1580 2561 Alci·

294 2581 414 2622 biadis
426 2582 603 2623 dissentit
618 2583 669 2623 ab
683 2584 960 2635 Xenophonte.

538 2675 818 2724 EPITOME
855 2677 1019 2726 COGN
1027 2678 1332 2727 ATIONUM.

899 2797 966 2837 15.

350 2878 507 2918 Andron
539 2880 579 2919 in
608 2882 788 2931 Epitome
806 2884 1097 2934 cognationum
1129 2886 1385 2936 Theogneten
1420 2884 1580 2925 Laodici

300 2943 417 2982 filiam
430 2974 441 2993 ,
455 2946 620 2984 matrem
644 2948 789 2987 Iasonis
807 2948 925 2990 fuisse
936 2949 1046 2990 dicit.

429 3045 508 3102 DE
552 3046 913 3098 SACRIFICIIS
949 3051 1033 3099 AD
1069 3052 1438 3101 PHILIPPUM.

655 3162 692 3208 E
738 3163 921 3214 Lumo
951 3166 1224 3225 QUARTO.

898 3285 966 3324 16.

356 3356 513 3396 Andron
530 3358 630 3398 libro
645 3365 785 3411 quarto
804 3366 859 3404 De
879 3367 1077 3408 sacrificiis
1099 3369 1148 3408 ad
1172 3370 1422 3421 Philippum,
1445 3372 1581 3409 narrat

304 3421 544 3461 coturnicem
557 3434 757 3474 nunquam
774 3428 812 3466 in
825 3431 1036 3480 acropolim
1054 3434 1217 3473 Atticam
1234 3434 1479 3474 involantem
1492 3444 1582 3473 con·

304 3482 420 3534 spici,
442 3486 555 3527 sicuti
577 3499 703 3539 neque
731 3502 903 3533 muscam
924 3495 962 3534 in
983 3499 1114 3548 Papho
1130 3500 1179 3539 ad
1196 3501 1332 3540 valvas
1353 3499 1491 3550 templi
1505 3502 1583 3541 Ve-

306 3549 421 3590 neris

1241 247 1503 297 ANDRON
1539 246 2057 297 ALEXANDRINUS.

301 367 429 413 φησι,
473 348 565 394 καθ’
603 347 647 394 ὃν
684 345 877 395 ἐκπεσὼν
925 348 968 394 ἐν
1015 346 1308 411 Λακεδαίμονι
1352 346 1581 413 διατρίὸων
1661 348 1703 394 ἐν
1725 346 1867 412 Πάφω
1889 366 1987 411 περι
2011 344 2064 392 τὰ
2098 343 2336 410 θυρώματα
2368 342 2422 391 τὰ
2454 364 2531 402 της
2565 344 2815 412 Ἀφροδίτης
2847 318 2960 410 μὐἴζ
3009 343 3011 356 2

1651 2801 1736 2851 jam
1752 2801 1958 2843 defecisset
1980 2803 2182 2854 encyclica
2209 2802 2379 2843 eruditio
2398 2805 2562 2854 propter
2577 2802 2790 2844 continuos
2803 2804 2940 2845 motus

1660 419 1948 485 ἐφιπταμένη.
1973 420 2039 467 Cf.
2059 420 2284 479 Antigon.
2303 418 2599 478 Caryst.Mi1-.
2619 436 2662 466 c.
2684 422 2958 531 123AElian.

1660 496 1720 538 Η
1745 498 1834 539 An.
1862 496 1926 549 V,
1955 491 2008 548 83
2031 491 2281 536 PliniusH.
2291 491 2365 556 N.
2394 491 2466 548 X,
2503 508 2577 536 12.
2934 531 2935 534 ,
3010 495 3011 499 ’

1917 627 2172 674 ANDRON
2208 627 2706 678 ALEXANDRINUS.

2950 563 2961 583 a*

2924 623 2925 626 ,
2948 623 2960 651 ¹}
3000 624 3011 648 ἲ,

2951 658 2964 741 1
3000 668 3007 679 r

2914 843 2962 905 ἑ
3000 880 3003 884 -

2293 912 2333 943 1.
2824 905 2865 934 ‘1-
2901 893 2911 903 ’
2955 901 2963 923 ·”
3000 914 3004 929 -2

2155 765 2460 814 XPONIKA.

1723 1012 1968 1057 Athenaeus
1992 1012 2136 1070 IV,p.
2166 1011 2283 1071 184,
2298 1012 2337 1058 Β
2360 1027 2372 1056 2
2395 1011 2462 1059 Οὔ
2478 1009 2561 1077 γὰρ
2579 1003 2696 1066 οἶδας
2711 1002 2881 1078 ἱστοροῢ
2920 1045 2933 1063 a
2959 1030 2965 1070 ἴ
3000 1043 3003 1045 >

1660 1082 1917 1143 Μενεκλέα,
1943 1080 2014 1128 τὸν
2035 1081 2254 1147 Βαρκαῖον
2281 1082 2556 1150 συγγραφέα,
2577 1081 2640 1131 ἔτι
2663 1103 2712 1132 τε
2733 1079 2839 1135 Ἄνδ
2888 1115 2890 1123 1
2918 1094 2922 1099 ⁴
2963 1122 2965 1130 .

1659 1157 1702 1202 ἐν
1741 1158 1828 1209 τοῖς
1851 1157 2102 1221 Χρονικοῖς,
2122 1154 2196 1202 τὸν
2226 1154 2534 1247 Ἀλεξανδρέα,
2567 1157 2634 1204 ὅτι
2666 1155 2898 1214 Ἀλεξανδ’ι
2916 1155 2942 1206 ἕ

1659 1226 1765 1275 εἰσιν
1789 1229 1829 1274 οἳ
1853 1225 2164 1280 παιδεύσαντες
2186 1224 2351 1283 πάντας
2381 1227 2479 1283 τοὺς
2498 1227 2722 1288 (Ἐλληνας
2754 1229 2830 1279 καὶ
2896 1227 2961 1296 ω’,

1659 1299 1927 1366 βαρὸάρους,
1967 1296 2249 1358 ἐκλειπούσης
2282 1299 2368 1359 ἤδη
2392 1304 2468 1359 τῆς
2493 1301 2720 1363 ἐγκυκλίου
2757 1303 2936 1352 παιδεῖ
2946 1362 2961 1372 ..

1658 1371 1728 1420 διὰ
1747 1371 1824 1426 τὰς
1856 1370 2088 1436 γενομένας
2120 1377 2311 1437 συνεχεῖς
2331 1371 2519 1431 κινήσεις
2538 1376 2582 1422 ἐν
2600 1393 2690 1429 τοις
2720 1376 2836 1423 κατὰ

1656 1443 1934 1512 Ἀλεξάνδρου
1957 1442 2181 1536 διαδόχους
2203 1443 2385 1510 χρόνοις.
2407 1445 2609 1510 Ἐγένετο
2632 1439 2706 1496 οὗν
2726 1449 2832 1496 ἀναν
2863 1472 2882 1489 2>
2900 1477 2908 1489 ·
3000 1447 3001 1450 ¹

1654 1517 1787 1566 πάλιν
1830 1516 2028 1572 παιδείας
2070 1516 2246 1576 ἁπάσης
2279 1517 2393 1566 κατὰ
2421 1518 2493 1567 τὸν
2532 1517 2716 1584 ἕὸδομον
2754 1523 2858 1588 βασι
2895 1504 2956 1561 w!

1657 1611 1794 1640 σαντα
1816 1590 2038 1655 Αἰγύπτου
2067 1590 2249 1655 βασιλέα
2271 1593 2570 1653 Πτολεμαιον,
2593 1592 2668 1641 τὸν
2692 1612 2747 1642 κυ
2777 1592 2850 1649 ίως

1655 1667 1740 1711 τῶν
1760 1662 2069 1728 Ἀλεξανδρέων
2086 1662 2354 1726 καλούμενον
2374 1663 2737 1730 Κακεργέτην.0
2695 1613 2839 1722 ogra:
2855 1665 2941 1734 γὰρ

1655 1736 1842 1791 πολλους
1869 1756 1954 1784 των
1975 1737 2071 1784 Ἀλε
2054 1735 2332 1803 ετξανδρέων’
2307 1737 2588 1804 αποσφάξας,
2606 1740 2686 1787 οὐκ
2707 1738 2878 1804 ὀλίγους

1657 1810 1732 1858 καὶ
1765 1809 2038 1876 φυγαδεύσας
2069 1812 2152 1858 τῶν
2173 1809 2287 1858 κατὰ
2319 1810 2391 1859 τὸν
2414 1810 2596 1877 ἀδελφὸν
2628 1813 2760 1861 αὐτοῦ
2783 1810 2928 1879 ἐφηὸη

1658 1882 1854 1947 σάντων,
1895 1882 2070 1942 ἐποίησε
2099 1881 2279 1949 πλήρεις
2317 1883 2395 1938 τάς
2430 1903 2478 1932 τε
2510 1883 2666 1943 νήσους
2702 1883 2778 1933 καὶ
2814 1885 2878 1934 πό
2914 1890 2916 1892 ’
2949 1917 2953 1922 ·

1658 1957 1825 2018 ἀνδρῶν
1847 1974 2192 2022 γραμματικων,
2227 1955 2500 2022 φιλοσόφων,
2540 1975 2822 2023 γεωμετρων,
2898 1985 2905 1996 ·
2932 2015 2939 2017 „

1657 2048 1814 2088 σικων,
1847 2029 2112 2094 ζωγράφων,
2150 2029 2443 2094 παιδοτριὸῶν
2479 2049 2527 2078 τε
2565 2029 2694 2079 καὶ’
2681 2033 2839 2098 ιατρῶν
2880 2037 2955 2095 κᾷ

1658 2100 1802 2149 ἄλλων
1820 2103 1992 2149 πολλῶν
2012 2105 2245 2166 τεχνιτῶν,
2268 2101 2333 2163 οἳ,
2354 2101 2424 2150 διὰ
2444 2123 2493 2151 το
2509 2102 2714 2152 πένεσθαι
2732 2102 2936 2153 διδάσκον

1657 2194 1723 2229 τες
1749 2174 1777 2222 ἃ
1806 2173 2074 2238 ἠπίσταντο,
2098 2174 2282 2230 πολλους
2301 2175 2629 2224 κατεσκεύασαν
2654 2175 2813 2245 ἄνδρας
2923 2178 2942 2189 ¹

1656 2247 1823 2312 γίμΟυς.

2138 2390 2480 2440 CHRONICA.

2294 2510 2335 2552 1.

1707 2608 1843 2648 Nescis
1868 2609 1975 2648 enim
2006 2608 2150 2648 docere
2179 2583 2400 2648 Meneclem
2431 2579 2667 2660 Barnaeum,
2703 2608 2809 2649 histo
2852 2629 2855 2643 2
2899 2580 2965 2643 „fi

1655 2672 1889 2723 scriptorem
1901 2703 1912 2722 ,
1929 2675 1970 2713 et
1985 2672 2216 2713 Andronem
2243 2672 2557 2713 Alexandrinum
2591 2673 2634 2712 in
2651 2672 2884 2729 Chronicis,
2903 2662 2956 2713 ab

1657 2736 1933 2779 Alexandrinis
1944 2737 2120 2777 eruditos
2133 2748 2217 2778 esse
2234 2738 2394 2776 Graecos
2405 2747 2546 2777 omnes
2556 2737 2596 2776 et
2610 2737 2817 2787 barbaros,
2829 2746 2914 2788 qun
2927 2753 2931 2771 ⁴
2942 2753 2946 2771 ¹

1655 2868 1725 2918 qui
1741 2869 1988 2920 temporibus
2002 2880 2276 2910 successorum
2292 2869 2509 2911 Alexandri
2528 2868 2802 2909 obtinuerant.
2817 2867 2934 2910 Exsti

1655 2932 1705 2971 tit
1720 2932 1839 2982 igitur
1851 2933 2059 2973 renovatio
2075 2944 2212 2974 rursus
2224 2934 2422 2974 universae
2438 2931 2668 2972 eruditionis
2680 2962 2694 2983 ,
2713 2934 2903 2983 regnante
2916 2931 2926 2970 i

1657 2996 1825 3047 AEgypto
1845 2997 2062 3037 Ptolemaeo
2073 2999 2147 3037 Vll
2161 3028 2173 3047 ,
2195 2997 2263 3049 qui
2276 2997 2435 3048 proprio
2448 2997 2691 3047 peraptoque
2702 2996 2862 3036 nomine
2877 2997 2940 3036 Κα

1656 3061 1856 3112 κεργέτης,“
1868 3059 2106 3111 Μαῖργῑοιιε,
2127 3061 2178 3100 ab
2195 3059 2470 3116 Alexandrinis
2483 3060 2666 3100 vocatur.
2686 3059 2759 3100 Hic
2769 3057 2877 3100 enirn
2895 3058 2942 3110 ju

1656 3123 1798 3173 gulatis
1809 3124 1946 3164 multis
1962 3123 2212 3164 Alexandriae
2228 3122 2396 3174 civibus,
2411 3127 2450 3164 et
2466 3123 2576 3164 haud
2585 3123 2722 3174 paucis
2733 3133 2873 3167 eorum
2884 3121 2952 3175 συ·

1658 3199 1750 3227 cum
1767 3189 1889 3240 ipsius
1906 3190 2027 3230 fratre
2042 3189 2322 3239 adoleverant,
2338 3190 2381 3229 in
2408 3189 2575 3230 exilium
2606 3189 2728 3240 actiS,
2744 3187 2895 3229 insulas
2913 3198 2951 3228 e

1657 3253 1801 3304 oppida
1816 3255 1984 3305 replevit
2005 3255 2100 3295 viris
2123 3255 2413 3307 grammaticis,
2432 3253 2678 3306 philosophis
2690 3283 2703 3305 ‚
2721 3250 2929 3304 geometris

1657 3320 1840 3370 musicis,
1858 3321 2100 3371 pictoribus,
2121 3332 2338 3372 puerorum
2366 3321 2585 3372 magistris,
2601 3320 2766 3361 medicis
2789 3318 2927 3370 aliisqu

1657 3384 1794 3424 multis
1825 3384 2069 3435 artificibus3
2101 3386 2171 3437 qui
2193 3397 2320 3437 quum
2350 3385 2403 3426 ob
2428 3384 2604 3436 inopiam
2629 3382 2861 3425 docerent

1657 3447 1803 3498 quibus
1819 3448 2033 3500 valebant,
2043 3451 2203 3491 'multos
2219 3450 2397 3491 eruditos
2412 3450 2620 3500 clarosque
2637 3449 2746 3488 viros
2756 3444 2885 3507 prod·
2923 3462 2925 3466 ⁴

1657 3514 1765 3553 runt.
1937 3525 1941 3529 ’
