3016 4628
0 2198 5 2310 l

0 2366 6 2400 l

25 0 30 19 1
54 0 139 78 pv!

25 23 29 52 i
71 50 94 66 ’u'

44 115 46 119 ,
60 80 85 111 '²⁴'

44 122 71 153 s.

148 315 167 330 .
1228 278 1635 326 FRAGMENTA.

39 432 63 467 j
119 379 433 469 συνεγράψατο,
459 399 501 453 ὃς
521 398 593 446 καὶ
617 396 770 450 ἄλλους
786 395 842 444 H
851 394 998 460 ραγλ
984 414 1016 444 ις
1041 395 1200 457 ἱστορεῖ
1219 395 1399 456 γεγενῆ-

38 470 83 527 k
117 473 215 516 σθαι
235 473 362 516 ἑπτά.
390 468 560 512 Fadem
582 465 818 511 Cedrenus
834 479 882 522 p.
918 462 991 516 18‚
1018 461 1068 505 C.
1099 486 1161 495 ·-
1185 461 1401 504 Ceterum

57 580 70 602 u.
114 543 210 614 baec
228 558 253 586 a
278 549 435 585 nostro
459 541 556 583 Her
558 536 709 581 odoro
734 536 880 578 aliena
900 548 992 577 esse
1009 532 1162 575 nullus
1175 530 1357 575 dubito.

53 636 78 679 κ’
715 647 793 694 25.

181 769 316 814 501101
361 766 420 810 3(1
441 764 662 825 Apollon.
689 761 847 806 Rhod.
875 763 943 815 ΙΙ,
980 760 1112 813 3541
1138 758 1271 821 Ἄκρα
1290 756 1403 803 κατὰ

79 883 81 886 .
113 838 190 898 τὴν
206 837 480 902 Ἡράκλειαν,
502 834 555 892 ἣν
581 831 847 897 Ἀχερούσιον
868 831 1070 876 καλοῦσιν
1093 831 1131 876 οἱ
1157 828 1398 892 ἐπιχώριοι.

37 906 78 974 ,9,
114 908 355 977 Ἡρόδωρος
379 906 422 954 δὲ
443 926 516 954 και
553 906 772 970 Εὐφορίων
801 906 842 950 ἐν
868 903 992 967 τῶ-
955 934 1017 948 .....
1001 901 1097 966 ςνίῳ
1122 902 1262 964 ἐκείνῃ
1298 899 1402 964 φασὶ

111 1003 183 1031 τον
206 980 420 1071 Κέρὸερον
443 981 663 1043 ἀνῆχθαιε
649 976 729 1022 υπὸ
750 995 822 1023 του
844 973 1137 1038 (Ηρακλέους,
1155 973 1229 1019 καὶ
1251 971 1405 1034 ἐμέσαι

33 1055 68 1123 *ᾗ
110 1053 305 1120 χολήνε
287 1052 326 1099 5⁹³·
311 1056 393 1109 ἧς
413 1054 570 1117 φυῆναι
590 1048 638 1095 τὸ
658 1048 920 1109 καλούμενον
940 1046 1133 1092 ἀκόνιτον
1159 1043 1404 1109 φάρμακον.

110 1124 340 1189 Ἄνδρων
317 1123 360 1170 οὲ
386 1134 473 1169 etc.
505 1122 573 1187 (v.
602 1123 658 1166 fi.
687 1119 962 1182 Andronis).

114 1198 119 1206 ⁸
177 1199 246 1245 Cf.
274 1198 430 1243 Schol.
469 1194 691 1240 Nicandr.
727 1193 939 1252 Alexiph.
966 1207 1012 1234 v.
1047 1190 1142 1234 13:
1169 1186 1234 1236 Τὸ
1260 1185 1409 1233 ἀκόνι-

50 1301 57 1308 .
111 1267 183 1316 τόν
205 1287 332 1333 φασιν
351 1269 400 1314 ἐκ
420 1285 491 1312 του
518 1263 669 1326 ἐμέτου
686 1282 761 1309 του
791 1264 852 1310 Ka
835 1260 933 1326 ‘93³'
914 1281 1009 1324 ρου
1035 1264 1206 1325 φυῆναι·
1224 1261 1407 1322 ἱστορεῖ-

111 1360 183 1388 ται
205 1339 287 1404 γὰρ
303 1358 374 1386 τον
403 1336 655 1402 Κέρὸερονε
639 1334 681 1389 ἐξ
702 1334 803 1400 ᾅδου
822 1331 1098 1397 ἀνενεχθέντα
1119 1331 1179 1394 μὴ
1202 1330 1408 1377 δύνασθαι

47 1438 51 1443 ⁴
112 1415 340 1475 ὑπομεῖναι
371 1411 446 1464 τὰς
470 1408 604 1472 αὐγὰς
625 1427 697 1454 του
724 1405 847 1463 ἡλίου
874 1405 948 1452 καὶ
976 1407 1052 1466 ἔμε
1056 1423 1130 1450 σαι
1157 1423 1230 1450 και
1256 1405 1303 1449 ἐκ
1334 1421 1405 1448 του

38 781 82 906 ζιςιτψὶιζ
64 759 69 766 .
56 727 58 729 .

13 1501 15 1511 ⁴
56 1481 58 1485 ¹
113 1483 264 1546 ἐμέτου
298 1481 494 1545 γενέσθαι
522 1479 601 1538 τὴν
629 1478 828 1543 βοτάνην.
863 1476 1048 1542 Ἀχέρων
1075 1475 1119 1522 δὲ
1146 1493 1340 1536 ποταμος
1365 1477 1408 1521 ἐν

112 1555 351 1621 Ἡρακλείᾳ
375 1558 428 1618 τῇ
453 1555 661 1615 Ποντικῇ,
690 1551 786 1597 ἔνθα
811 1549 882 1596 τὸν
903 1554 974 1596 τοῦ
995 1548 1132 1618 ςᾈδου
1158 1549 1264 1594 κύνα
1285 1550 1306 1592 ὃ
1328 1544 1406 1593 H-

113 1629 272 1693 ρακλῆ·ς
299 1625 503 1690 ἐξήγαγε,
527 1626 602 1671 καὶ
627 1627 649 1670 ὁ
671 1622 796 1687 λόφος
822 1620 1032 1674 Ἀκόνιτος
1056 1619 1103 1666 λέ
1085 1616 1240 1682 εγετᾶι.

178 1702 354 1747 Collem
389 1694 738 1748 15111111Ἀκόνας
767 1697 880 1740 dicit
918 1698 1167 1740 Promotus
1199 1695 1286 1738 Ms.
1328 1708 1404 1752 ap.

83 1773 387 1818 -Schneider.
426 1771 486 1814 ad
510 1769 734 1815 Nicandri
773 1769 906 1814 Alex.
946 1784 995 1827 p.
1035 1767 1147 1810 623.
1192 1767 1332 1820 Α1115,
1357 1775 1410 1810 ut

117 1847 351 1906 Stephano
375 1846 498 1904 Byz.‚
523 1843 636 1886 urbs
661 1842 831 1886 dicitur
856 1838 1026 1886 Ἀκόναι
1068 1842 1138 1884 De
1156 1839 1342 1882 aconito
1361 1853 1406 1883 v.

114 1919 241 1963 locos
262 1926 374 1962 vett.
400 1918 450 1959 in
486 1915 646 1974 Steph.
682 1915 816 1959 Thes.
858 1929 891 1957 5.
917 1929 963 1956 v.
1004 1915 1075 1957 De
1107 1912 1312 1956 Cerbero
1351 1911 1439 1955 ad‘

115 1986 385 2037 Heracleam
405 1996 647 2048 protracto
672 1986 731 2032 cf.
756 1986 940 2030 Diodor
958 1986 1086 2040 XIV,
1111 1983 1190 2048 31,
1211 1983 1421 2042 Dionys.'

114 2059 169 2107 P.
195 2060 502 2119 788,'ibique
521 2059 731 2104 Eustath.
757 2066 802 2102 ct
831 2056 1130 2115 Bernhardy,
1157 2056 1405 2114 Spanhem.

114 2133 175 2179 ad
186 2134 365 2179 Gallim.
388 2134 492 2177 Del.
515 2147 627 2191 291,
644 2131 890 2176 Salmasius
902 2130 1022 2173 Plin.
1044 2131 1209 2172 Exere.
1226 2143 1275 2186 p.
1296 2127 1406 2171 620.

58 2236 62 2239 »
96 2207 317 2250 ‘Numum
339 2206 598 2259 Heracleae,
620 2205 670 2246 in
693 2217 788 2262 quo
822 2202 1048 2246 Hercules
1070 2200 1328 2245 Cerberum
1352 2199 1412 2242 ad

114 2279 294 2324 Cereris
315 2287 511 2322 statuam
533 2276 729 2321 afferens
746 2275 970 2329 cernitur,
988 2273 1133 2318 habes
1152 2287 1228 2332 ap,
1257 2273 1411 2316 Mion·

115 2361 207 2395 net.
229 2353 286 2397 N.
319 2350 425 2394 160.
451 2349 631 2393 Eodem
653 2349 856 2407 pertinet
879 2347 1107 2391 Cerberus
1130 2346 1413 2389 Heracleen—

0 2429 4 2487 .
42 2411 68 2483 ’,ζ
98 2425 234 2468 ’5111111
251 2423 498 2467 donarium
509 2421 734 2480 Olympiae
747 2435 822 2479 ap.
839 2421 1034 2463 Pausan.
1057 2420 1112 2473 V,
1139 2417 1276 2472 26,2.
1297 2417 1412 2462 Vide

103 2497 301 2558 muller.
321 2496 436 2539 Dor.
459 2496 524 2549 ΙΙ,
545 2509 596 2552 p.
617 2491 728 2546 465.
743 2493 851 2535 coll.
869 2493 911 2546 Ι,
931 2506 983 2549 p.
1003 2489 1280 2544 410‚ubide
1296 2490 1412 2533 inte·

118 2570 244 2612 riore
258 2568 418 2612 1311111110
428 2567 608 2610 ratione
625 2565 903 2624 disputatur.
920 2565 989 2607 Ex
1002 2562 1122 2606 fama
1134 2561 1192 2605 de
1205 2561 1415 2606 faucibus

40 2682 51 2710 ,ἦ
116 2651 226 2693 Her.
256 2645 559 2692 infernalibus
581 2654 728 2689 totam
759 2645 886 2687 illam
915 2643 1156 2702 regionem
1179 2641 1414 2685 subterra-

117 2721 214 2764 neis
231 2720 413 2780 ignibus
427 2719 540 2762 olim
559 2718 818 2776 expositam
839 2716 973 2759 fuisse
997 2713 1186 2771 conjicit
1205 2713 1407 2757 Meinek.

115 2792 179 2837 ad
202 2789 412 2852 Euphor.
446 2791 610 2850 fragm.
641 2789 701 2833 28
735 2787 815 2848 (ex
839 2789 1021 2842 Kenio,
1048 2788 1096 2830 in
1128 2801 1236 2844 quo
1250 2786 1412 2830 Thesei

119 2872 165 2907 ct
198 2863 393 2908 Pirithoi
429 2863 489 2907 ad
523 2863 695 2906 inferos
730 2861 1000 2905 descensum
1033 2872 1240 2903 narlassc
1273 2867 1412 2916 poeta

117 2935 352 2997 videtur).
379 2935 447 2981 Cf.
473 2935 697 2994 Nymphis
718 2940 771 2978 11.
796 2950 841 2977 2.

731 3040 806 3085 26.

79 3147 88 3151 i
107 3168 111 3172 ·
185 3154 344 3199 501101.
363 3155 591 3214 Sophocl.
612 3154 829 3200 Trachin.
856 3151 947 3196 253
969 3168 981 3196 :
1003 3150 1187 3216 Πραθεὶς
1205 3149 1411 3214 Ὀμφάλῃ

65 3286 79 3295 .
117 3224 308 3271 ἐνιαυτὸν
330 3222 586 3287 ἐξέπλησεν]
611 3224 662 3272 Ὁ
689 3223 733 3270 δὲ
757 3222 1002 3287 Ἡρόδωρος
1022 3223 1146 3284 (libri
1165 3222 1409 3287 Ἡρόδοτος)

54 3305 61 3318 ⁴
118 3297 218 3363 τρία
242 3295 316 3355 ἔτη
339 3296 453 3361 λέγει
479 3297 573 3359 (τὸν
608 3295 797 3343 ἐνιαυτόν
821 3297 1084 3344 addit'cod.
1109 3297 1189 3358 R.)
1206 3333 1218 3344 .
1254 3299 1414 3340 Trium

42 3374 71 3436 ,iz
117 3385 350 3415 annorum
366 3368 555 3415 ἐνιαυτὸν
569 3371 775 3430 intellige
791 3378 996 3413 veterem
1009 3369 1295 3413 trieteridem
1308 3371 1413 3413 Bac-

53 3435 322 3511 ffssfficam,
338 3459 439 3503 quae
465 3444 647 3486 tertiam
666 3450 847 3502 partem
871 3441 1108 3485 constituit
1125 3440 1315 3503 majoris
1338 3456 1416 3499 cy-

59 3513 359 3579 ss·‘³cli‚‚ante'
379 3523 558 3564 ceteros
591 3514 786 3559 ἐνιαυτοῦ
819 3514 1010 3557 nomine
1040 3513 1090 3554 in
1114 3512 1282 3555 sabulis
1307 3521 1413 3556 vett.

121 3587 424 3635 occurrentis.
448 3613 513 3618 —
527 3588 725 3645 Tempus
740 3587 809 3629 rei
832 3582 1058 3645 significat
1079 3583 1412 3642 Apollodorus.

719 3723 793 3764 25.

172 3815 493 3854 promontorium
519 3816 580 3853 est
602 3824 724 3864 prope
753 3814 984 3853 Heracleam
1014 3811 1125 3862 quod
1153 3811 1411 3852 Acherusium

62 3931 63 3934 Ἴ
119 3875 274 3918 dicunt.
297 3878 526 3918 Herodorus
543 3881 583 3918 et
606 3879 835 3929 Euphorion
858 3879 899 3917 in
927 3877 1053 3917 Xenio
1075 3876 1212 3915 dicunt
1235 3877 1288 3915 ibi
1317 3878 1406 3915 Cer·

64 3947 66 3950 '
110 3939 266 3981 ‘bornum
297 3941 348 3981 ab
371 3943 542 3981 Hercule
565 3953 615 3981 ex
638 3942 772 3982 inseris
802 3941 994 3981 eductum
1024 3952 1107 3980 esse
1130 3951 1177 3979 30
1200 3939 1321 3979 bilem
1345 3950 1414 3978 vo-

67 4040 74 4058 ..
115 4004 290 4054 muisse,
309 4015 360 4044 ex
374 4015 454 4056 qua
474 4005 693 4056 aconitum,
715 4017 806 4056 quae
827 4007 992 4044 vocatur
1009 4005 1165 4055 planta,
1190 4005 1283 4043 nata
1301 4004 1365 4043 sit.

724 4096 796 4136 26.

178 4181 365 4222 Hercules
394 4183 577 4224 venditus
607 4184 814 4233 Omphalae
842 4183 976 4223 serviit
998 4194 1069 4233 per
1095 4183 1218 4222 trium
1249 4182 1419 4232 spatium

124 4251 336 4285 annorum.

2081 401 2159 441 27.

1544 491 1825 551 Apollodor.
1863 489 1912 545 1,
1950 508 2004 550 9,
2049 506 2130 549 19,
2171 491 2195 534 5
2234 507 2243 534 t
2283 490 2525 554 ’Ἡρόδωρος
2560 491 2603 537 δὲ
2641 491 2767 538 αὐτὸν

1477 560 1735 626 (Ἡρακλέα)
1759 561 1854 608 οὐδὲ
1872 559 1949 618 τὴν
1965 560 2102 624 ἀρχήν
2117 579 2220 625 φησι
2238 562 2424 606 πλεῖσαι
2440 561 2534 607 τότε
2554 564 2639 623 (sc.
2660 565 2770 624 μετὰ
2822 577 2827 582 ·

1477 638 1561 681 τῶν
1598 634 1912 751 Ἀργοναυτωνῧ)
1930 670 1942 691 ,
1982 632 2093 679 αλλὰ
2145 634 2250 696 παρ’
2289 631 2468 719 Ομςράλ
2461 653 2497 695 ῃ
2544 635 2769 684 δουλεύειν.

1545 708 1678 752 Idem
1702 710 1769 763 ΙΙ,
1804 708 1857 763 6,
2037 705 2200 752 τΚαο’
2234 703 2279 749 ὃν
2317 701 2361 749 δὲ
2386 704 2536 765 γρόνον
2574 704 2772 769 ἐλάτρευε

1482 778 1583 842 παρ’
1601 743 1828 844 Ὀμφάλη,
1845 777 1894 824 λέ
1876 775 2101 840 γεταιτὸν
2124 795 2195 822 επι
2210 774 2403 838 Κολχους
2416 776 2548 821 πλοῦν
2562 776 2772 837 γενέσθαι,

1480 851 1555 898 καὶ
1587 849 1664 908 τὴν
1700 855 1773 896 τοῦ
1812 847 2092 898 Καλυδωνίου
2120 848 2288 908 κάπρου
2327 845 2478 910 θήραν,
2513 847 2587 894 καὶ
2621 849 2773 905 Θησέα

1481 922 1829 986 παραγενόμενον
1865 924 1914 968 ἐκ
1934 923 2165 986 Τροιζῆνος
2193 922 2250 973 εἰς
2276 919 2446 980 Ἰσθμὸν
2482 922 2683 983 καθᾶραι,
2713 949 2777 955 —-

1482 998 1550 1042 Cf.
1575 998 1629 1041 fr.
1657 997 1733 1043 38.

1546 1067 1733 1114 Servitii
1759 1078 1970 1127 tempore
1994 1076 2184 1127 peracto
2199 1101 2211 1122 ‚
2235 1066 2427 1123 'l'rojam
2453 1067 2673 1109 Hercules
2694 1082 2777 1109 ex-

1481 1151 1680 1202 pugnat3
1698 1141 1870 1185 deinde
1890 1142 1956 1186 Co
1972 1141 2119 1184 insula
2137 1140 2390 1193 devastata,
2416 1139 2780 1197 Gigantibus-que

1483 1213 1746 1269 debellatis,
1772 1212 2121 1272 expeditionem
2145 1212 2332 1270 suscipit
2357 1220 2519 1253 eontra
2549 1213 2749 1269 Auge-arn
2765 1245 2777 1265 ,

1483 1286 1557 1329 0111
1579 1286 1862 1329 auxiliantur
1882 1284 2168 1329 Molionidae.

2098 1391 2174 1437 28.

1551 1500 1797 1543 Athenaeus
1821 1500 1891 1554 ΙΙ,
1915 1514 1966 1558 p.
1987 1497 2067 1555 57,
2086 1500 2151 1543 F.
2171 1497 2266 1545 Οὐκ
2285 1515 2330 1542 ευ
2355 1494 2399 1541 δὲ
2421 1497 2614 1552 Νεοκλῆς
2637 1499 2659 1543 ὁ
2664 1498 2783 1569 Κρο-

1483 1569 1694 1627 τωνιάτης
1715 1568 1819 1635 ἔφη,
1842 1567 1929 1616 ἀπὸ
1949 1589 2024 1628 της
2042 1568 2223 1627 σελήνης
2235 1571 2381 1615 πεσεῖν
2400 1569 2448 1614 τὸ
2467 1567 2690 1632 (Ξ1ὸν,ἕξοῦ
2705 1569 2783 1624 τὴν

1483 1640 1591 1690 ἹΞλέ
1573 1661 1668 1698 ενην
1689 1645 1960 1704 γεννηθῆναι·
1986 1641 2062 1695 τὰς
2085 1640 2169 1704 γὰρ
2195 1640 2462 1699 σεληνίτιδας
2479 1640 2721 1705 γυναῖκας
2702 1640 2783 1685 ibo-

1483 1720 1639 1772 τοκεῖν,
1661 1713 1735 1760 καὶ
1758 1713 1854 1768 τοὺς
1871 1716 1960 1761 ἐκεῖ
1982 1712 2273 1776 γεννωμένους
2297 1712 2786 1759 πεντεκαιδεκαπλασίο-

1483 1805 1558 1840 νας
1578 1789 1701 1846 ἧμῶν
1727 1778 1859 1844 εἶναι,
1884 1789 1940 1839 ὡς
1965 1785 2209 1851 ἹΙρόδωρος
2232 1790 2253 1833 ὃ
2279 1785 2584 1850 Ἡρακλεώτης
2603 1788 2780 1847 ἱστορεῖ.

1482 1856 1522 1907 Ἴ
1531 1858 1658 1912 6υκος
1680 1856 1723 1905 δὲ
1750 1861 1792 1906 ἐν
1816 1858 2005 1924 πέμπτῳ
2031 1860 2173 1922 μελῶν
2195 1858 2295 1923 περὶ
2325 1858 2594 1906 Μολιονιδῶν
2617 1876 2734 1923 φησι·

1585 1960 1698 2014 Τούς
1714 1980 1760 2007 τε
1780 1959 2041 2015 λευκίππους
2066 1960 2242 2026 κούρους

1583 2032 1712 2080 τέκνα
1733 2032 1949 2087 Μολιόνας
1972 2031 2127 2079 κτάνον

1588 2106 1764 2164 ἅλικας,
1787 2105 2093 2170 ἰσοκεφάλους,
2113 2104 2337 2168 ἑνιγυίους.

1587 2177 1851 2243 ἀμφοτέρους
1872 2181 2097 2241 γεγαῶτας
2119 2179 2161 2224 ἐν
2186 2177 2281 2242 ὠέῳ
2304 2175 2516 2242 ἀργυρέῳ.

1487 2291 1668 2333 Locum
1699 2289 1939 2334 Herodori
1969 2304 2025 2333 ex
2047 2287 2417 2332 Molionidarum
2437 2287 2630 2330 historia
2663 2288 2789 2346 peti-

1487 2370 1586 2406 tum
1607 2377 1701 2406 esse
1728 2377 1911 2406 censeo.
1937 2361 2183 2417 Mulierem
2207 2356 2453 2414 σεληνίτιδα
2480 2358 2595 2401 dixit
2618 2359 2789 2402 Molio-

1486 2450 1618 2490 nem,
1641 2436 1673 2478 i.
1699 2448 1746 2492 q.
1775 2430 1974 2489 σελήνην,
1994 2449 2019 2477 a
2037 2432 2185 2476 verbo
2208 2430 2372 2490 μολεῖν,
2398 2439 2452 2474 ut
2474 2426 2555 2475 Ἰω
2574 2430 2633 2473 ab
2660 2426 2784 2474 ἰέναι.

1486 2506 1756 2551 Molionidae
1795 2506 2066 2565 quindecies
2101 2504 2301 2562 majores
2338 2503 2527 2547 suerunt
2560 2503 2787 2557 Hercule,

1487 2580 1622 2624 sicuti
1644 2579 1990 2640 τετραπηχυαῒος
2020 2578 2247 2621 Hercules
2274 2591 2381 2619 cum
2401 2578 2563 2619 Antaeo
2589 2590 2788 2633 compo-

1487 2653 1613 2696 nitur
1632 2648 2065 2713 ἑξακονταπηχυαίῳ.
2090 2650 2270 2707 Quibus
2286 2648 2490 2691 numeris
2508 2647 2653 2690 alludi
2672 2656 2789 2706 puto

1488 2724 1548 2768 ad
1568 2724 1772 2768 rationes
1797 2738 1898 2782 quae
1924 2723 2063 2781 cyclis
2086 2729 2310 2780 quattuor
2325 2734 2556 2763 annorum
2580 2719 2783 2762 interce-

1489 2796 1663 2840 debant
1697 2811 1804 2839 cum
1834 2796 1973 2854 cyclis
2009 2809 2243 2837 annorum
2274 2793 2526 2852 sexaginta.
2568 2793 2636 2835 Ac
2670 2791 2790 2834 bene

1487 2867 1748 2911 notandum
1769 2877 1859 2922 est,
1883 2867 1955 2910 his
1978 2867 2086 2926 ipsis
2101 2862 2373 2909 Molionidis
2399 2863 2591 2907 devictis
2611 2879 2789 2906 πενταε-

1487 2937 1640 3001 τηρίδα
1662 2939 1952 2998 Olympicam
1973 2939 2031 2981 ab
2049 2938 2251 2982 Hercule
2270 2937 2464 2979 institui.
2490 2935 2566 2979 Ad
2583 2935 2790 2978 chrono—

1488 3013 1684 3072 logicam
1711 3011 1877 3055 sahulae
1896 3009 2283 3070 significationem
2308 3016 2515 3068 spectant
2532 3008 2669 3051 etiam
2696 3016 2789 3051 tre-

1489 3086 1612 3128 centi
1640 3093 1684 3128 et
1703 3085 1941 3143 sexaginta
1965 3084 2053 3126 viri
2073 3083 2298 3135 Cleonaei,
2336 3082 2416 3139 qui
2439 3081 2631 3124 Herculi
2660 3082 2790 3122 auxi·

1488 3158 1650 3202 liantes
1675 3173 1697 3200 a
1724 3157 1995 3203 Molionidis
2018 3155 2249 3199 interfecti
2274 3163 2319 3198 et
2347 3155 2530 3198 Nemeae
2554 3152 2637 3210 (de
2662 3152 2791 3209 cujus

1490 3224 1620 3266 cultu
1644 3229 1700 3266 cf.
1721 3227 1775 3268 fr.
1818 3223 1892 3280 10¹)
1917 3222 2101 3266 divinos
2130 3221 2335 3265 honores
2356 3218 2513 3277 adepti
2532 3226 2653 3261 sunt.
2676 3217 2792 3262 Vide

1490 3292 1653 3338 AElian.
1682 3296 1736 3338 V.
1766 3296 1827 3338 ll.
1855 3296 1934 3349 IV,
1968 3292 1993 3337 5
2011 3327 2022 3348 ,
2042 3293 2190 3336 501101.
2215 3291 2351 3335 Pind.
2380 3291 2454 3336 Ol.
2481 3291 2580 3344 XI,
2616 3306 2693 3349 29.
2718 3292 2789 3334 De

1489 3367 1667 3426 vulgari
1707 3367 2074 3410 Molionidarum
2109 3365 2302 3408 historia
2337 3380 2382 3407 v.
2424 3365 2698 3422 interpretes
2731 3362 2789 3406 ad

1492 3439 1771 3496 Apollodor.
1801 3441 1871 3493 ΙΙ,
1901 3455 1945 3495 7,
1976 3453 2020 3482 2.
2054 3436 2309 3495 Pherecyd.
2344 3436 2401 3479 fr.
2439 3435 2497 3479 36
2523 3443 2568 3479 et
2592 3450 2694 3493 quae
2733 3435 2792 3477 ad

1490 3510 1539 3552 h.
1554 3511 1585 3552 1.
1600 3511 1826 3569 congessit
1843 3511 1991 3554 SturZ.
2005 3525 2053 3568 p.
2078 3526 2092 3552 l
2106 3508 2446 3565 78.lVelckero
2467 3508 2526 3551 ad
2542 3505 2787 3551 Schwenk.

1494 3583 1699 3641 Etymol.
1735 3583 1934 3625 Andcut.
1971 3597 2020 3640 p.
2065 3581 2154 3637 307
2196 3596 2264 3639 sq.
2308 3579 2675 3624 Molionidarum
2719 3577 2790 3619 sa-

2095 3720 2167 3760 27.

1544 3789 1757 3828 Herculem
1775 3787 2005 3827 Herodorus
2021 3788 2183 3826 omnino
2200 3798 2279 3826 non
2306 3797 2399 3825 cum
2422 3785 2655 3834 Argonautis
2682 3783 2788 3822 navi-

1490 3863 1613 3902 gasse,
1636 3852 1706 3891 sed
1725 3863 1772 3892 eo
1785 3854 1965 3902 tempore
1985 3851 2090 3901 apud
2116 3851 2337 3901 Omphalen
2358 3850 2590 3888 servitutem
2610 3847 2788 3886 serviisse

1491 3915 1679 3955 affirmat.

2093 3983 2166 4022 28.

1547 4053 1736 4102 Imperite
1751 4052 1916 4092 Neocles
1931 4051 2163 4090 Crotoniata
2181 4049 2275 4088 dicit
2291 4059 2313 4087 e
2330 4049 2421 4086 luna
2437 4044 2625 4084 decidisse
2640 4053 2760 4081 ovum
2773 4073 2785 4091 ‚

1493 4127 1516 4156 e
1540 4129 1625 4167 ,quo
1654 4119 1747 4156 nata
1769 4118 1914 4156 Helena
1941 4117 2014 4165 sit3
2040 4116 2197 4154 lunares
2219 4118 2324 4153 enlm
2357 4111 2519 4151 seminas
2550 4120 2625 4147 ova
2648 4119 2786 4158 parere

1495 4182 1536 4220 et
1558 4192 1651 4230 quae
1682 4181 1735 4220 ibi
1762 4182 2000 4231 generentur
2034 4177 2298 4228 quindeeuplo
2330 4174 2499 4223 maJores
2528 4183 2611 4211 esse
2643 4172 2783 4222 nobis,

1493 4247 1593 4285 leste
1617 4239 1817 4285 lleroiloro
1839 4244 2106 4283 lleracleense.

2579 4313 2611 4339 ιι.
