3002 4646
801 294 1128 343 EXCERPTA
1164 296 1246 342 EX
1283 296 1586 344 HISTORIA
1622 296 1890 344 DIODORI
1927 297 2147 344 SICULI.

163 396 282 464 τριὸε
306 399 340 444 δ’
361 389 479 451 οὗτος
504 399 545 443 ἐν
568 393 749 459 ,Σμύρνῃ
774 393 1149 455 διαὸεὸαιούμενος
1169 394 1317 441 ἑαυτὸν
1343 394 1436 442 Ἀν-

162 470 307 534 τιόχου
348 473 420 516 τοῦ
464 466 669 533 βασιλέως
703 465 792 512 υἱὸν
826 458 959 524 εἶναι,
1001 466 1075 512 καὶ
1113 465 1233 530 παρὰ
1270 467 1442 519 πολλοῖς

162 541 462 603 πιστευόμενος
492 539 560 585 διὰ
581 535 937 598 τὴνὸμοιότητα.
1011 537 1090 590 Ὡς
1115 537 1159 584 δὲ
1184 537 1441 601 παρεγένετο

163 616 221 667 εἷς
247 613 497 676 Πέργαμον,
525 608 761 671 ἐκόσμησεν
795 607 848 673 (4)
878 607 1004 655 αὐτὸν
1032 608 1265 670 διαδήματι
1291 610 1363 655 καὶ
1387 613 1439 672 τῇ

161 688 289 748 λοιπῇ
323 681 595 748 προσηκούσῃ
642 679 850 745 βασιλέως
894 684 1125 744 περικοπῇ.
1207 682 1297 729 Καὶ
1339 680 1444 745 πρός

163 777 257 804 τινα
282 759 364 803 τῶν
386 754 575 803 Κιλίκων
601 752 790 818 ἔπεμψεν
804 753 1116 814 ὀνομαζόμενον
1142 754 1191 815 (5)
1224 752 1440 818 Ὀφοίνην.

162 824 298 882 Οὗτος
326 826 369 874 δὲ
408 824 456 873 ἔκ
482 845 590 879 τινος
616 825 755 878 αἰτίας
785 824 1034 889 προσκόψας
1077 823 1154 886 μὲν
1198 828 1257 888 τῷ
1286 829 1441 886 Δημη-

162 900 282 966 τρίῳ,
323 897 645 962 συνεπιληιρθεὶς
675 899 725 960 (6)
761 896 804 943 δὲ
839 896 881 943 ἔν
914 916 1000 943 τισι
1033 896 1444 961 στενοχωρουμένοις

162 977 322 1036 καιροῖς
341 972 412 1016 ὑπ’
441 968 658 1031 Εὐμένους
695 972 768 1015 τοῦ
792 967 886 1015 τότε
925 967 1156 1033 βασιλέως,
1182 967 1295 1016 κατὰ
1319 968 1442 1032 λόγον

160 1043 265 1108 πρὸς
301 1041 346 1090 ὃν
379 1040 456 1104 μὲν
501 1040 732 1103 ἀλλοτρίως
768 1039 972 1099 διέκειτο,
997 1040 1103 1104 πρὸς
1141 1040 1184 1087 ὃν
1211 1041 1255 1088 δὲ
1293 1043 1440 1106 φιλαν-

159 1114 358 1182 Θρώπως·
398 1115 456 1168 εἷς
489 1112 532 1159 δὲ
567 1111 724 1176 χωρίον
758 1115 834 1169 τῆς
877 1112 1076 1166 Κιλικίας
1108 1112 1333 1175 δεξάμενος
1369 1113 1442 1160 τὸν

161 1185 454 1250 μειρακίσκον,
481 1184 660 1231 διεδίδου
681 1182 828 1247 λόγους
853 1185 911 1238 εἷς
943 1183 1020 1242 τὴν
1050 1184 1228 1250 Συρίαν,
1252 1187 1309 1238 ὥς
1335 1183 1444 1246 μέλ-

160 1259 304 1312 λοντος
328 1256 398 1305 ἐπὶ
421 1259 498 1315 τὴν
523 1255 727 1322 πατρῴαν
754 1254 891 1321 ἀρχὴν
920 1258 1112 1303 κατιέναι
1135 1261 1208 1303 τοῦ
1241 1256 1440 1320 μειρακί-

161 1349 266 1378 σκου
284 1329 359 1377 σὺν
379 1328 471 1393 ἰδίῳ
494 1331 643 1393 καιρῷ.
667 1330 724 1376 Οἳ
742 1327 785 1374 δὲ
806 1328 918 1375 κατὰ
942 1328 1017 1385 τὴν
1035 1327 1196 1396 Συρίαν
1217 1327 1442 1391 ὅχλοιταῒς

161 1401 231 1449 ἐπὶ
255 1405 337 1449 τῶν
372 1399 586 1466 προτέρων
633 1400 844 1464 βασιλέων
879 1399 1191 1465 φιλανθρώποις
1234 1398 1442 1454 ἐντεύξεσι

163 1472 327 1538 βαρέως
345 1472 489 1537 ἔφερον
511 1477 583 1519 τοῦ
604 1473 854 1537 Δημητρίου
867 1470 944 1529 τὴν
968 1471 1203 1537 αὐστηρίαν
1227 1472 1276 1534 (7)
1300 1472 1373 1518 καὶ
1395 1471 1443 1518 τὸ

161 1548 245 1591 τῶν
270 1543 479 1592 ἐπιὸολῶν
502 1543 746 1609 δραστικόν.
788 1543 948 1607 Διόπερ
983 1546 1129 1591 οἷκεῒοι
1155 1547 1230 1601 τῆς
1254 1543 1441 1606 μεταδο-

157 1618 233 1674 λῆς
251 1615 380 1674 ὄντες,
399 1614 602 1680 μετέωροι
617 1615 709 1667 ταῖς
731 1615 1105 1679 προσδοκωμέναις
1128 1616 1292 1663 ἐλπίσιν
1315 1610 1443 1678 ἦσαν,

158 1690 214 1740 ὡς
230 1686 381 1734 αὐτίκα
409 1687 528 1748 μάλα
554 1685 932 1750 μεταπεσουμένης
948 1691 1023 1745 τῆς
1052 1686 1241 1743 ἐξουσίας
1265 1690 1322 1743 εἷς
1344 1688 1436 1736 ἕτε-

158 1778 228 1824 ρον
250 1758 554 1824 ἐπιεικέστερον
585 1758 780 1825 βασιλέα.

221 1831 320 1879 XV.
329 1826 434 1878 ‘'O-et
447 1833 484 1877 οἱ
498 1830 757 1895 Ὀροφέρνου
769 1830 1028 1895 πρεσὸευταὶ
1040 1830 1125 1878 ἀπὸ
1136 1830 1311 1893 Ῥώμης
1322 1834 1441 1896 ἀνερ-

156 1900 348 1966 χόμενοι,
365 1901 438 1949 καὶ
450 1901 562 1949 κατὰ
575 1902 646 1949 τὸν
656 1904 789 1950 πλοῦν
803 1902 1182 1956 ἕπιὸουλεύσαντες
1192 1903 1444 1968 Ἀριαράθην

154 1973 252 2039 περὶ
272 1973 512 2039 Κόρκυραν,
537 1974 653 2022 αὖτοὶ
671 1975 1051 2040 προσανῃρέθησαν
1069 1975 1151 2022 ὑπὸ
1164 1975 1440 2040 Ἀριαράθου.

156 2045 348 2108 ςΟμοίως
367 2046 410 2093 δὲ
431 2046 504 2093 καὶ
520 2046 619 2111 περὶ
645 2047 849 2113 Κόρινθον
860 2046 1094 2105 ε’πιὸουλὴν
1104 2050 1201 2095 κατ’
1221 2049 1351 2093 αὐτοῦ
1369 2067 1442 2095 συ·-

2689 315 2789 348 xttt

1520 402 1610 451 nis)
1635 413 1718 442 esse
1744 402 1971 452 dictitabat,
1994 414 2066 442 nec
2086 404 2220 453 paucis
2249 405 2284 442 id
2319 408 2474 454 propter
2513 407 2805 447 similitudinem

1516 492 1623 531 illam
1640 493 1914 542 persuadebat.
1970 497 2086 534 Hunc
2111 495 2243 543 igitur,
2273 495 2339 532 ubi
2373 498 2603 544 Pergamum
2625 505 2804 550 venerat,

1516 579 1737 618 diademate
1768 581 1924 619 ornavit
1960 583 1998 620 et
2033 581 2184 630 reliquo
2214 584 2403 631 apparatu
2435 584 2540 632 regio
2569 586 2804 626 instructum

1517 668 1622 707 misit
1643 669 1682 707 in
1711 669 1888 709 Ciliciam
1926 671 1974 709 ad
2011 671 2217 720 Ophanem
2249 671 2468 721 quendam3
2504 674 2573 722 qui
2603 685 2727 724 quum
2758 675 2808 714 de

1517 768 1633 797 causa
1664 759 1795 798 nescio
1819 770 1897 809 qua
1921 759 2166 800 simultatem
2186 761 2374 800 adversus
2402 763 2647 801 Demetrium
2679 775 2809 803 susee-

1517 847 1656 898 pisset,
1678 851 1815 887 contra
1838 860 1931 887 vero
1951 849 1991 888 in
2007 851 2231 900 temporum
2249 851 2436 900 angustiis
2454 851 2689 901 quibusdam
2711 853 2805 892 olim

1516 937 1566 976 ab
1582 941 1770 986 Eumene,
1786 939 1855 989 qui
1874 941 1970 978 tunc
1983 940 2183 989 regnabat,
2202 940 2429 980 sublevatus
2445 943 2560 990 esset,
2579 944 2622 980 ut
2642 953 2809 981 consen·

1517 1029 1677 1066 taneum
1697 1030 1755 1068 est
1767 1039 1790 1067 a
1806 1029 2005 1068 Demetrio
2021 1030 2192 1078 alienus,
2207 1030 2248 1069 in
2268 1031 2440 1070 Attalum
2458 1042 2672 1081 propensus
2687 1034 2726 1071 et
2739 1032 2808 1071 be·-

1517 1120 1682 1159 nevolus
1697 1121 1794 1159 erat.
1816 1122 1854 1159 Is
1872 1119 2004 1170 igitur,
2030 1132 2151 1171 puero
2174 1120 2214 1160 in
2235 1122 2438 1161 castellum
2463 1122 2610 1161 Ciliciae
2631 1125 2808 1172 recepto,

1517 1220 1696 1249 rumores
1721 1221 1790 1259 per
1815 1210 1966 1259 Syriam
1989 1211 2217 1260 spargebat,
2243 1210 2429 1260 juvenem
2449 1211 2561 1250 illum
2590 1212 2629 1250 in
2648 1223 2809 1261 regnum

1516 1300 1726 1349 paternum
1751 1300 1972 1339 rediturum
2010 1311 2096 1339 esse
2128 1302 2306 1349 tempore
2340 1302 2575 1350 opportuno.
2617 1304 2661 1340 ln
2700 1302 2811 1351 Syria

1516 1391 1650 1429 autem
1666 1389 1882 1429 multitudo
1902 1392 2061 1440 propter
2077 1390 2251 1440 priorum
2266 1401 2399 1440 regum
2413 1391 2683 1430 affabilitatem
2699 1394 2811 1431 tanto

1517 1480 1660 1530 aegrius
1673 1482 1769 1520 tunc
1787 1481 1934 1520 ferebat
1951 1481 2221 1521 austeritatem
2238 1480 2437 1520 Demetrii.
2455 1483 2702 1531 Quapropter
2722 1493 2811 1521 mu-

1516 1574 1676 1613 tationis
1703 1574 1836 1624 cupidi
1858 1576 1898 1613 et
1917 1575 2208 1624 exspectatione
2227 1575 2283 1614 rei
2308 1575 2455 1624 optatae
2474 1574 2650 1624 suspensi
2671 1578 2783 1614 erant
2799 1605 2809 1623 ,

1517 1654 1627 1712 quasi
1649 1650 1814 1713 jamjam
1841 1663 1945 1714 regia
1970 1664 2143 1714 potestas
2169 1664 2209 1703 in
2239 1675 2382 1704 manus
2414 1664 2686 1705 mansuetioris
2713 1666 2813 1714 regis

1515 1748 1729 1787 transitura
1748 1751 1864 1788 esset.

1568 1837 1654 1875 XV.
1687 1835 1928 1885 Orophernis
1956 1834 2072 1885 legati
2099 1836 2225 1874 Roma
2244 1829 2452 1874 redeuntes
2477 1841 2600 1885 quum
2620 1835 2722 1875 inter
2747 1849 2814 1876 na·

1523 1906 1762 1956 vigationem
1795 1918 1917 1957 prope
1954 1909 2167 1957 Corcyram
2202 1907 2370 1946 insulam
2403 1901 2562 1946 insidias
2595 1909 2812 1948 Ariarathae

1520 1979 1775 2028 struxissent,
1797 1990 1865 2029 spe
1883 1978 2024 2029 dejecti
2050 1979 2090 2018 et
2114 1975 2187 2029 ipsi
2213 1977 2376 2029 insuper
2398 1979 2447 2018 ab
2471 1980 2674 2020 Ariarathe
2695 1982 2813 2021 occisi

1519 2055 1625 2092 sunt.
1681 2050 1867 2091 Similiter
1893 2051 1943 2090 ad
1977 2052 2214 2091 Corinthum
2248 2048 2396 2091 insidiis
2430 2052 2538 2102 jussu
2572 2054 2812 2103 Orophernis

157 2116 436 2179 στησαμένων
446 2121 529 2165 τῶν
554 2118 1170 2184 τοῦὈροφέρνουμαὶταύτην
1190 2118 1440 2184 παραδόξως
1517 2124 1688 2175 paratis,
1716 2124 1788 2163 has
1806 2135 1964 2174 quoque
1986 2124 2210 2164 Ariarathes
2237 2126 2382 2174 praeter
2402 2126 2731 2174 exspectationem
2755 2127 2811 2165 ef·

156 2187 390 2254 διεκφυγὼν
416 2189 593 2247 διεσώθη
615 2189 719 2255 πρὸς
732 2191 802 2238 τὸν
816 2189 1022 2239 Ἄτταλον
1042 2192 1101 2244 εἷς
1126 2190 1171 2238 τὸ
1186 2191 1432 2256 Πέργαμον.

220 2264 346 2311 XVI.
385 2260 490 2310 e'Ort
525 2265 586 2327 τῷ
621 2262 859 2328 Δημητρίῳ
897 2263 1027 2311 πάλιν
1068 2265 1132 2310 ’ἐκ
1161 2266 1245 2309 τῶν
1294 2264 1435 2326 ὄχλων

1518 2197 1615 2246 fugit
1634 2207 1681 2235 ac
1696 2197 1828 2235 salvus
1856 2199 2089 2246 Pergamum
2103 2196 2153 2235 ad
2172 2197 2347 2235 Attalum
2362 2197 2553 2246 pervenit.

1571 2271 1679 2308 XVl.
1710 2270 1860 2308 lterum
1887 2279 1932 2307 ex
1965 2268 2074 2318 vulgi
2102 2268 2194 2307 odio
2223 2267 2332 2317 regni
2361 2268 2565 2308 amittendi
2592 2270 2811 2319 periculum

156 2411 192 2451 p.
212 2405 302 2441 624.
321 2423 372 2430 ——
386 2403 454 2449 τὴν
466 2404 574 2449 ἡλικ
586 2403 683 2453 ίαν]
701 2404 893 2443 Eusebius
905 2409 1012 2444 Arm.
1027 2416 1065 2454 p.
1088 2408 1155 2444 187
1178 2419 1186 2442 :
1207 2403 1435 2453 Epiphane
1451 2403 1650 2441 Antiocho
1664 2402 1808 2442 adhuc
1822 2403 2066 2450 superstite,
2087 2411 2265 2449 reanum
2282 2401 2566 2450 adibatstlius
2580 2401 2812 2442 duodennis

158 2460 387 2500 Antiochus
407 2464 672 2510 coynomento
690 2465 903 2511 Eupator,
929 2465 1003 2513 qui
1017 2473 1131 2501 anno
1147 2472 1232 2501 uno
1249 2461 1463 2512 mensibus
1481 2470 1556 2498 seoe
1570 2470 1665 2498 cum
1688 2461 1814 2508 patre
1830 2457 2009 2496 vivebat.
2037 2456 2158 2506 Igitur
2178 2459 2335 2496 mortuo
2352 2461 2399 2497 A.
2422 2458 2636 2507 Epiphane,
2654 2469 2718 2496 an.
2741 2465 2811 2498 104

80 2523 82 2525 ’
155 2527 306 2556 annum
321 2518 466 2557 iniisset
478 2518 676 2558 decimum
692 2521 894 2569 quartum,
913 2531 960 2560 ac
977 2520 1146 2559 moriens
1161 2531 1222 2559 an.
1243 2524 1310 2559 161
1335 2519 1505 2558 exeunte
1519 2518 1582 2556 vel
1604 2522 1672 2556 160
1691 2516 1774 2555 init.
1793 2525 1917 2555 annos
1932 2514 2209 2564 septemdecim
2224 2546 2235 2564 ,
2253 2527 2316 2555 an.
2344 2521 2412 2556 158
2433 2516 2675 2566 undeviginti
2692 2519 2809 2555 natus

158 2573 308 2615 fuisset.
334 2578 518 2623 Ceterum
539 2577 588 2615 ab
610 2577 779 2616 Eusebio
805 2577 937 2617 differt
956 2579 1157 2628 Appianus
1177 2581 1261 2628 Syr.
1279 2581 1344 2626 46,
1362 2587 1440 2615 sec.
1462 2586 1580 2625 quem
1598 2574 1813 2614 Antiochus
1839 2572 2080 2618 ἐτελεύτησεν
2097 2573 2261 2617 ἐνναετὲς
2277 2573 2427 2612 παιδίον
2449 2573 2661 2612 ἀπολιπών.
2687 2573 2810 2623 quue
2884 2598 2888 2601 ,

157 2632 298 2671 melius
316 2633 484 2682 quadrat
496 2644 589 2673 cum
606 2634 736 2674 verbis
764 2635 924 2674 Diodori
941 2636 1188 2686 μειρακίσκον
1222 2635 1320 2673 τινά.
1348 2634 1513 2674 Juvenis
1544 2627 1609 2671 hic
1624 2634 1682 2671 est
1703 2625 1952 2671 Alexander
1976 2630 2102 2670 Bala.
2124 2633 2223 2677 Quae
2241 2631 2317 2669 hoc
2336 2631 2420 2669 loco
2436 2631 2484 2670 de
2513 2641 2559 2669 eo
2588 2634 2812 2679 narrantur,

155 2689 312 2730 aliunde
334 2692 464 2730 minus
483 2694 577 2731 nota
596 2693 702 2731 sunt.
727 2692 936 2737 Quomodo
957 2695 1090 2742 postea
1112 2693 1337 2731 Heraclides
1357 2692 1553 2740 effecerit,
1575 2691 1620 2728 ut
1639 2701 1708 2730 rex
1734 2690 1858 2739 Syriae
1874 2687 2094 2727 Alexander
2113 2699 2136 2727 a
2158 2691 2294 2729 senatu
2318 2691 2495 2728 Romano
2516 2691 2730 2737 crearetur,
2748 2691 2811 2729 fu·

154 2748 234 2788 sius
248 2750 381 2788 narrat
399 2750 583 2799 Polybius
597 2752 762 2790 ΧΧΧΙΙΙ
776 2780 787 2799 ,
804 2756 864 2797 16,
882 2750 1018 2799 paucis
1034 2761 1116 2789 rem
1128 2752 1295 2800 tangunt
1312 2750 1394 2789 Liv.
1412 2750 1514 2799 Epit.
1538 2755 1608 2796 523
1627 2748 1793 2798 Appian.
1809 2751 1899 2797 Syr.
1915 2750 1961 2786 67
1968 2760 1979 2796 ;
1994 2747 2206 2787 Athenaeus
2217 2759 2256 2797 p.
2274 2753 2340 2786 211
2353 2778 2363 2796 ,
2382 2751 2428 2786 A.
2452 2750 2474 2786 J
2480 2747 2631 2786 ustinus
2647 2750 2808 2797 XXXV,

159 2812 175 2846 1
202 2807 258 2846 ita
273 2805 415 2846 habet:
438 2806 589 2858 Itaque
611 2808 919 2858 adjuvantibus
944 2811 984 2847 et
998 2809 1226 2848 Ptolemoeo
1245 2819 1341 2857 rcqe
1359 2810 1533 2856 AEqyptz·
1549 2807 1743 2847 etAttalo
1761 2806 1865 2853 (non
1879 2815 1975 2843 vero
1992 2807 2166 2844 Eumene
2179 2807 2191 2851 )
2206 2807 2244 2843 et
2262 2804 2493 2845 Ariarathe
2509 2804 2809 2854 Cappadocae,

156 2874 184 2903 a
207 2866 415 2904 Demetrio
443 2865 649 2913 lacessiti,
667 2866 906 2905 subornant
925 2866 1082 2905 Batam
1110 2865 1348 2916 quendam,
1372 2868 1499 2904 sortis
1524 2867 1727 2904 extrema>
1741 2863 1961 2912 juvenem,
1985 2867 2058 2915 qui
2080 2866 2216 2914 Syriae
2247 2874 2425 2913 reynum
2449 2863 2563 2902 velut
2584 2865 2810 2911 paternum

156 2924 288 2959 armis
304 2918 526 2970 repeteret,
547 2924 588 2960 et
606 2932 656 2961 ne
677 2922 782 2973 quid
801 2922 1069 2961 contumeliae
1087 2922 1258 2970 deesset,
1279 2932 1426 2960 nomen
1441 2924 1477 2960 ei
1497 2922 1741 2961 Alexander
1757 2921 1945 2969 inditur,
1966 2925 2220 2972 yenitusque
2237 2922 2290 2961 ab
2308 2922 2507 2961 Antiocho
2524 2931 2618 2970 reqe
2631 2921 2807 2962 dicitur.

154 2997 204 3006 -
219 2979 255 3016 4.
283 2976 569 3029 ἐκόσμησεν]
592 2976 794 3030 ἐκόσμισεν
819 2979 904 3018 cod.
925 2984 1013 3019 -5.
1036 2980 1165 3029 ὀνομ.
1185 2978 1200 3030 ]
1220 2978 1413 3030 ὀνομάζειν
1445 2980 1480 3020 ὀ,
1508 2980 1618 3024 αὐτὸς
1649 2979 1734 3018 cod.
1758 3004 1809 3012 —-
1825 2986 1863 3019 6.
1885 2982 2159 3030 συνεπιληφ
2173 2982 2191 3019 θ
2205 2981 2299 3031 εὶς]
2319 2979 2616 3029 συναποληφθεὶς
2644 2980 2732 3018 cod.
2758 3006 2810 3014 -

154 3037 191 3073 7.
211 3034 441 3085 αὐστηρίαν]
467 3038 522 3076 De
540 3036 614 3076 ista
634 3049 730 3085 regis
745 3037 875 3076 indole
895 3038 1008 3086 plura
1028 3037 1118 3077 vide
1138 3048 1202 3088 ap.
1224 3037 1454 3086 Joseplium.
1473 3040 1562 3074 Ant.
1579 3039 1599 3074 J
1606 3035 1671 3074 ud.
1691 3038 1803 3085 Xlll,
1826 3042 1863 3084 2,
1883 3041 1917 3074 1.

204 3093 290 3130 XV.
311 3093 394 3137 Fet.
416 3097 503 3142 181,
517 3099 566 3133 26
581 3106 618 3134 v.
633 3099 775 3143 -182,
797 3100 811 3133 1
829 3105 866 3133 r.
885 3095 1032 3134 Eodem
1047 3095 1127 3135 fere
1141 3098 1319 3144 tempore
1342 3105 1423 3144 quo
1441 3093 1663 3132 Ariarathes
1678 3095 1841 3133 Romam
1858 3094 2057 3142 profectus
2079 3095 2137 3131 est
2154 3093 2219 3142 (v.
2239 3103 2358 3142 supra
2371 3093 2402 3142 ),
2421 3093 2539 3132 etiam
2559 3094 2809 3143 Orophernes

155 3148 302 3198 legatos
313 3149 488 3197 miserat,
505 3151 756 3192 Timotheum
772 3152 906 3202 (hujus
920 3152 1112 3193 Diodorus
1127 3164 1288 3203 quoque
1303 3151 1484 3192 meminit
1500 3154 1642 3197 ΧΧΧΙ,
1659 3152 1734 3202 32)
1752 3154 1791 3190 et
1804 3151 2036 3201 Diogenem,
2052 3151 2119 3201 qui
2132 3152 2245 3190 donis
2257 3153 2421 3202 gratiam
2436 3155 2593 3192 senatus
2606 3156 2810 3202 captarent

155 3207 196 3245 et
213 3205 262 3244 ad
279 3206 565 3247 accusationem
590 3209 807 3248 Ariaratliae
828 3220 991 3258 regnum
1013 3211 1224 3260 repetentis
1243 3209 1535 3260 responderent.
1558 3212 1608 3248 V.
1627 3210 1766 3259 Polyb.
1787 3212 1935 3249 XXXll
1948 3239 1959 3257 ,
1979 3215 2027 3249 20
2045 3212 2057 3258 (
2077 3213 2145 3248 157
2169 3221 2205 3248 a.
2227 3212 2271 3249 C.
2289 3211 2315 3259 ).
2338 3213 2553 3250 Decretum
2569 3213 2727 3250 senatus
2749 3212 2808 3250 af·

155 3264 229 3303 fert
242 3263 437 3313 Appianus
456 3267 544 3314 Syr.
563 3269 610 3306 47
628 3281 638 3305 :
657 3266 862 3317 Ῥωμαίοις
879 3268 1000 3306 ἐδόκει
1019 3269 1086 3319 μὲν
1105 3271 1156 3314 ὡς
1169 3269 1349 3319 ἀδελφοὺς
1362 3267 1580 3318 Ἀριαράθην
1595 3269 1660 3306 καὶ
1677 3267 1902 3317 Ὀλοερέρνην
1919 3267 2133 3317 βασιλεύειν
2153 3269 2265 3317 ὁμοῦ.
2287 3270 2375 3312 Quo
2393 3279 2579 3317 responso
2594 3268 2696 3306 haud
2713 3279 2806 3308 con·

154 3321 251 3360 tenti
272 3320 384 3371 legati
411 3321 570 3362 insidias
588 3324 668 3374 regi
689 3327 945 3377 struxerunt,
974 3337 1142 3376 quarum
1170 3329 1305 3366 nostro
1329 3328 1417 3366 loco
1443 3325 1590 3364 mentio
1611 3324 1669 3364 fit.
1699 3327 1979 3375 Fragmentum
1998 3325 2073 3363 hoc
2097 3335 2190 3363 cum
2209 3325 2465 3364 antecedente
2485 3324 2611 3363 insere
2631 3328 2717 3372 post
2738 3326 2804 3364 lib.

154 3379 283 3418 XXXI
295 3408 306 3427 ‚
320 3389 342 3417 c
374 3382 438 3418 32.

206 3437 304 3474 XVI.
337 3436 426 3475 Fol.
463 3440 558 3485 182,
590 3443 602 3475 1
627 3449 664 3478 r.
687 3459 738 3468 --
764 3443 832 3478 182
846 3470 856 3489 ,
876 3445 923 3480 25
946 3451 983 3479 v.
1000 3444 1031 3480 F.
1050 3441 1185 3491 primis
1201 3441 1407 3492 fragmenti
1425 3439 1554 3479 verbis
1572 3440 1700 3488 patet,
1721 3439 1924 3489 sequentia
1939 3450 2018 3478 non
2042 3450 2089 3478 eo
2107 3439 2215 3487 loco,
2235 3438 2298 3477 ubi
2317 3439 2365 3477 de
2387 3437 2491 3478 hello
2506 3440 2643 3478 eontra
2663 3440 2806 3478 Andri-

156 3503 264 3533 scum
285 3503 308 3532 a
329 3495 513 3538 Romanis
530 3498 637 3543 gesto
657 3497 860 3547 agebatur,
878 3498 943 3538 sed
965 3499 1006 3537 in
1026 3501 1212 3540 Demetrii
1227 3500 1373 3540 Soteris
1387 3497 1549 3538 historia
1561 3507 1643 3536 esse
1661 3501 1831 3536 narrata.
1855 3498 2049 3536 Ultimum
2066 3497 2115 3536 de
2129 3508 2246 3545 regno
2262 3497 2481 3546 periculum
2494 3527 2504 3544 ,
2521 3496 2624 3546 quod
2648 3500 2807 3547 propter

158 3549 293 3590 Odium
315 3549 564 3590 subditorum
585 3553 701 3592 fatale
718 3555 917 3594 Demetrio
939 3556 1014 3595 fuit
1039 3557 1052 3605 (
1065 3558 1225 3607 Joseph.
1246 3560 1338 3597 Xlll
1353 3587 1363 3605 ,
1382 3562 1403 3596 2
1417 3584 1427 3603 ‚
1450 3559 1461 3593 l
1482 3556 1516 3602 ),
1538 3555 1588 3593 ab
1609 3554 1831 3594 Alexandro
1854 3555 1949 3593 Bala
1969 3555 2098 3603 venit,
2117 3555 2180 3593 cui
2202 3552 2241 3592 in
2257 3554 2410 3603 Syriam
2427 3553 2651 3592 ascendenti
2676 3555 2804 3594 Ptole-

158 3606 324 3647 maidem
339 3607 479 3647 incolae
497 3609 763 3658 prodiderunt.
785 3613 827 3653 ld
845 3624 937 3652 vero
957 3614 1095 3654 incidit
1110 3615 1150 3653 in
1166 3615 1341 3654 medium
1361 3623 1510 3653 annum
1536 3617 1603 3651 160
1619 3622 1688 3652 aer.
1715 3613 1866 3652 Seleuc.
1883 3642 1894 3660 ,
1915 3612 1995 3650 sive
2014 3612 2052 3650 in
2066 3623 2130 3651 an.
2156 3617 2226 3651 152
2244 3623 2280 3650 a.
2304 3614 2351 3651 C.
2372 3611 2571 3659 (Maccab.
2594 3613 2633 3660 1,
2652 3617 2696 3651 10
2710 3643 2720 3660 ,
2740 3618 2800 3651 21.

157 3667 208 3704 V.
222 3664 394 3705 Clinton.
409 3668 454 3706 F.
473 3669 524 3706 H.
540 3669 612 3716 111,
624 3679 665 3718 p.
684 3670 798 3719 325).
818 3673 918 3717 Quae
930 3673 1066 3710 nostro
1078 3673 1166 3711 loco
1178 3671 1390 3710 traduntur
1405 3671 1454 3710 ad
1468 3669 1642 3720 ejusdem
1656 3671 1747 3709 anni
1762 3672 1824 3710 vel
1838 3670 1887 3709 ad
1904 3670 2168 3709 antecedentis
2185 3674 2246 3708 res
2261 3669 2455 3718 pertinere
2471 3668 2698 3718 intelligitur
2710 3680 2731 3707 e
2746 3670 2803 3708 Li·

159 3721 212 3760 vii
230 3722 332 3772 Epit.
348 3725 412 3771 47,
426 3723 493 3763 ubi
506 3724 592 3764 haec
611 3742 620 3765 :
638 3727 887 3777 Andriscus,
902 3731 1035 3779 quise
1052 3732 1192 3769 Persei
1198 3729 1361 3778 fitium,
1380 3730 1489 3778 reqis
1506 3728 1722 3778 quondam
1736 3727 2011 3769 Macedoniae,
2028 3730 2189 3777 inqenti
2202 3729 2514 3766 asseveratione
2533 3729 2800 3770 mentiretur,

161 3781 333 3819 Romam
349 3782 513 3820 missus.
527 3784 615 3821 Non
628 3784 743 3823 affert
751 3785 931 3835 Epitome
939 3786 1118 3826 consules
1132 3786 1222 3825 anni
1237 3791 1326 3836 152,
1337 3785 1498 3833 ade02ut
1506 3784 1670 3825 dubium
1683 3786 1733 3825 sit
1749 3797 1844 3825 num
1859 3796 1919 3824 res
1931 3785 1981 3825 ad
2000 3791 2066 3825 153
2081 3797 2131 3824 an
2158 3785 2207 3823 ad
2225 3789 2293 3824 152
2308 3785 2512 3834 pertineat.
2529 3784 2661 3823 Malim
2671 3786 2803 3823 tamen

161 3835 322 3877 referrre
337 3836 385 3876 ad
400 3849 463 3877 an.
489 3844 575 3879 153.
594 3843 692 3880 Nam
707 3844 1015 3883 consentaneum
1031 3846 1090 3883 est
1104 3846 1349 3883 Demetrium
1362 3842 1595 3882 Andriscum
1609 3843 1721 3881 illum
1741 3843 1882 3888 (sicuti
1896 3844 2014 3882 etiam
2027 3843 2151 3882 filium
2164 3853 2294 3881 suum.
2316 3842 2451 3891 Polyb.
2473 3844 2539 3880 XX
2549 3843 2657 3886 Xlll,
2682 3846 2739 3888 16,
2757 3844 2776 3879 4
2792 3871 2801 3886 ,

161 3895 327 3933 Romam
346 3896 494 3935 misisse
512 3899 723 3947 antequam
746 3901 904 3939 senatus
920 3901 1144 3939 Alexandro
1166 3901 1270 3940 Balae
1290 3911 1453 3951 regnum
1471 3903 1594 3949 Syriae
1610 3899 1822 3939 addixisset
1838 3902 2033 3949 (exeunte
2050 3911 2154 3939 anno
2180 3905 2262 3938 153.
2290 3901 2335 3937 V.
2364 3898 2498 3947 Polyb.
2520 3899 2684 3935 XXXlIl
2699 3927 2709 3944 ,
2741 3902 2800 3935 1-4.

166 3951 254 3999 10).
271 3954 402 3991 Insere
417 3952 677 4003 fragmentum
695 3959 782 4006 post
796 3957 956 3996 Diodor.
971 3958 1038 3996 lib.
1060 3961 1200 4007 XXXI,
1219 3970 1254 3997 c.
1276 3962 1339 3998 40.
1357 3980 1409 3986 —-
1424 3957 1614 3997 Fabulam
1629 3968 1750 4006 quam
1768 3957 1817 3996 de
1833 3958 2030 3996 natalibus
2044 3957 2125 3995 suis
2140 3957 2352 3995 Andriscus
2370 3956 2550 4001 tinxerat,
2567 3955 2701 4002 paucis
2720 3957 2802 3992 tan-

162 4009 259 4055 gunt
272 4008 443 4058 Vellejus
459 4012 475 4048 l
490 4040 500 4056 ‚
526 4018 566 4050 11
586 4026 596 4059 ;
615 4013 754 4052 Florus
769 4016 820 4062 ΙΙ,
840 4017 883 4052 14
901 4028 911 4063 ;
931 4016 1094 4065 Eutrop.
1121 4018 1190 4063 lV,
1211 4019 1281 4065 13;
1299 4015 1436 4054 Victor
1453 4017 1536 4055 Vir.
1558 4015 1700 4055 illustr.
1719 4019 1760 4054 61
1780 4029 1791 4063 ;
1813 4019 2007 4055 Ammian.
2031 4018 2137 4065 XlV,
2161 4022 2219 4055 11.
2242 4017 2301 4055 Cf.
2316 4015 2451 4063 Polyb.
2475 4014 2681 4059 xxxvn,
2707 4019 2739 4058 1,
2758 4013 2800 4050 ct.

162 4063 300 4102 Fusius
311 4064 360 4104 de
374 4075 419 4104 ea
435 4066 534 4106 Livii
548 4068 725 4117 Epitome
737 4071 808 4118 49,
826 4069 895 4118 qui
907 4081 1030 4119 quum
1047 4081 1095 4109 ex
1111 4071 1247 4110 eodem
1266 4082 1356 4110 cum
1375 4072 1546 4111 Diodoro
1567 4074 1694 4123 fonte,
1712 4085 1733 4112 e
1755 4074 1916 4124 Polybio
1935 4077 2052 4124 puta,
2066 4075 2263 4122 hauserit,
2281 4073 2477 4120 simulque
2497 4070 2685 4109 nonnulla
2702 4081 2796 4119 sup·

163 4119 308 4168 peditet
330 4132 421 4171 quae
440 4123 480 4161 in
503 4128 636 4163 nostra
657 4126 880 4166 narratione
898 4127 948 4165 ab
965 4129 1195 4176 excerptore
1210 4130 1390 4167 truncata
1405 4129 1692 4181 desiderantur,
1706 4132 1836 4170 locum
1852 4131 2044 4180 Epitomae
2057 4132 2237 4170 exscribo
2260 4147 2268 4169 z
2295 4130 2525 4168 Andriscus
2543 4127 2722 4176 quidam
2739 4128 2803 4166 ue-

168 4178 282 4216 timoe
302 4182 424 4218 sortis
440 4180 579 4230 homo,
600 4186 741 4223 Persei
759 4187 867 4234 reqis
882 4185 1261 4235 sefitiumferens,
1278 4188 1318 4224 et
1332 4191 1496 4227 mutato
1518 4191 1683 4227 nomine
1704 4189 1925 4238 Philippus
1947 4192 2139 4232 vocalem,
2159 4199 2287 4238 quum
2307 4187 2358 4225 ab
2379 4184 2481 4224 urbe
2500 4187 2702 4227 Romana,
2721 4195 2803 4234 quo

166 4233 291 4275 tlt-um
307 4239 559 4289 DemetriuS,
575 4244 708 4290 Syrioe
726 4252 816 4287 rex,
838 4242 887 4282 ob
908 4243 982 4282 hoc
997 4246 1135 4294 ipsum
1153 4245 1420 4285 mendacium
1439 4250 1630 4295 miserat,
1648 4247 1757 4285 ctam
1777 4245 2049 4296 profuqtsset,
2070 4246 2211 4284 nzziltis
2231 4243 2289 4282 ad
2295 4243 2463 4290 falsam
2478 4241 2800 4290 ejussabulam,
