3016 4628
283 301 368 342 154

272 400 471 462 Ῥηγῖνος
492 397 720 460 νομοθέτης
739 399 1034 461 Χαλκιδεῦσι,
1055 399 1142 452 τοῖς
1166 398 1239 446 ἐπι
1259 392 1438 464 Θράκης
1451 435 1466 461 ,
1503 401 1552 445 οὓ

271 472 370 536 περί
403 491 446 518 τε
470 469 524 518 τὰ
555 471 709 536 φονικὰ
733 491 808 519 και
833 471 910 524 τὰς
930 470 1232 536 ἐπικλήρους’
1214 471 1354 518 εστίν·
1390 472 1437 518 οὗ
1472 467 1556 531 μὴν
1635 487 1704 521 τες
1723 463 1988 531 φωραθέντες
2009 461 2210 517 ε’ξέπεσον
2236 461 2308 509 διὰ
2332 462 2496 529 μάχης.
2513 465 2532 529 ]

273 543 366 590 ἀλλ’
403 543 510 591 ἴδιόν
533 563 582 607 γε
601 544 719 592 οὐδὲν
741 546 871 592 αὐτου
892 544 990 608 λέγε
995 563 1031 590 ιν
1053 543 1146 607 ἔχοι
1171 562 1233 596 τις
1254 542 1322 590 ἄν.
1342 539 1361 608 ]

652 653 699 716 [Α
709 649 1160 718 ΜΦΙΠΟΑΙἸῺΝ.]

841 761 990 824 [160.]

337 867 450 936 [Ar.
467 871 567 915 Pol.
582 872 637 926 V,
655 869 700 924 5,
724 871 752 915 6
773 870 1070 929 :Oligarchiae
1087 862 1552 916 conversionesfiunt,

269 946 304 988 si
327 945 406 1003 qui
427 959 482 988 ex
501 944 745 1003 oligarchis
768 944 860 986 vita
891 942 1125 985 luxuriosa
1144 937 1424 998 patrimonia
1439 949 1556 979 con—

269 1017 561 1075 sumpserint.
589 1017 705 1059 Tum
736 1015 858 1059 enim
877 1014 1007 1057 novis
1030 1012 1169 1056 rebus
1188 1009 1387 1053 student.
1412 1008 1485 1052 Sic
1510 1005 1553 1050 ἓν

270 1085 524 1151 Ἀμφιπόλει
542 1089 578 1151 ᾧ
598 1085 731 1147 ὄνομα
751 1089 802 1142 ἠν
829 1083 1094 1144 Κλεότιμος,
1118 1100 1216 1133 τους
1237 1078 1432 1131 ἐποίκους
1455 1096 1550 1130 τους

270 1155 525 1205 Χαλκιδέων
555 1156 718 1219 ἤγαγε,
754 1174 826 1202 και
852 1153 1055 1202 ἐλθόντων
1083 1149 1379 1199 διεστασίασεν
1400 1144 1552 1201 αὐτους

269 1228 374 1293 πρὸς
393 1227 490 1282 τοὺς
514 1228 732 1292 εὐπόρους.

334 1306 395 1357 V,
417 1318 468 1357 2,
494 1319 544 1346 11
575 1319 585 1346 :
610 1300 910 1363 Αμριπολιται
928 1296 993 1351 δε
975 1296 1145 1357 άμενοι
1164 1292 1457 1343 Χαλκιδέων’
1434 1290 1552 1339 αποί-

267 1375 407 1426 κουςέ
412 1371 583 1427 πζέεσον
605 1371 687 1418 ὑπὸ
711 1370 869 1418 τούτων
897 1370 1145 1416 οἱπλεῖστοι
1171 1368 1330 1413 αὐτῶν.
1348 1371 1362 1422 ]
1393 1367 1550 1411 Simile

267 1446 381 1504 quid
401 1462 474 1506 ap.
495 1446 703 1505 Thucyd.
731 1447 815 1501 IV,
845 1459 951 1487 102.

823 1528 989 1591 [ιω]

333 1610 588 1671 [Subjungo
603 1626 702 1668 quae
716 1608 773 1652 de
785 1609 988 1652 Tln‘aciae
1000 1607 1184 1666 regibus
1197 1606 1416 1664 leguntur
1427 1603 1544 1648 ibid.

263 1683 301 1725 V
317 1716 329 1737 ,
347 1682 374 1726 8
389 1716 401 1737 ,
424 1698 438 1726 ι
452 1698 476 1725 2
500 1698 510 1725 :
538 1679 721 1744 Πάρρων
740 1677 782 1724 δὲ
800 1677 874 1724 καὶ
891 1676 1175 1742 Ἡρακλείδης
1190 1678 1228 1722 οἱ
1246 1673 1386 1722 Αἴνιοι
1404 1673 1547 1723 Κότυν

261 1750 500 1816 διέφθειραν
510 1755 568 1814 τῷ
579 1750 709 1812 πατρὶ
721 1753 1015 1815 τιμωροῦντες.
1030 1747 1216 1810 Ἀδάμας
1231 1749 1266 1793 δ’
1278 1747 1446 1804 ἀπέστη
1465 1746 1550 1795 Κό-

260 1843 355 1876 τυος
365 1823 434 1870 διὰ
446 1823 492 1870 τὸ
504 1826 762 1884 ἐκτμηθῆναι
776 1823 875 1874 παῖς
887 1819 944 1867 ὢν
961 1823 1032 1867 ὑπ’
1048 1822 1192 1879 αὐτοῦ,
1205 1823 1260 1873 ὡς
1277 1818 1545 1884 ὑδρισμένος.

327 1900 478 1943 Codd.
522 1896 731 1960 Πάρρων,
777 1893 938 1957 Πάρων
952 1930 963 1950 ,
999 1896 1161 1938 vitiose
1176 1929 1187 1950 ‚
1225 1895 1295 1938 uti
1329 1894 1542 1950 videtur3

263 1967 417 2016 Πύθων
438 1971 567 2015 audit
583 1986 652 2029 ap.
669 1969 968 2014 Demosthen.
985 1984 1031 2026 p.
1055 1965 1174 2027 659,
1199 1982 1280 2023 27.
1309 1966 1403 2024 674
1420 2001 1432 2022 ,
1461 1983 1544 2027 21,

259 2045 397 2102 Diog.
422 2046 475 2087 L.
505 2045 595 2098 III,
623 2042 697 2098 46,
725 2041 956 2086 Plutarch.
976 2043 1119 2086 Praec.
1142 2041 1278 2099 polit.
1300 2056 1341 2084 c.
1373 2055 1428 2083 21
1450 2073 1462 2095 ,
1493 2056 1544 2097 7,

258 2131 305 2173 p.
322 2115 414 2174 996
430 2115 503 2159 ed.
525 2115 686 2160 Didot.
710 2122 755 2157 et
768 2113 886 2158 Adv.
910 2113 1062 2157 Colot.
1084 2128 1126 2156 c.
1150 2112 1207 2157 32
1226 2147 1238 2170 ,
1261 2112 1308 2169 6,
1325 2127 1377 2172 p.
1400 2111 1542 2170 1377,

257 2189 327 2230 De
346 2187 600 2231 Adamante
619 2202 716 2230 non
738 2194 928 2229 constat.

323 2259 394 2302 Id.
422 2260 486 2305 ib.
511 2261 573 2314 V,
595 2259 645 2314 8,
676 2257 730 2302 15
753 2275 763 2301 :
792 2255 958 2313 Σεύθης
976 2258 997 2302 ὃ
1018 2254 1141 2322 Θρᾲξ
1163 2255 1391 2322 Ἀμαδόκῳ
1410 2274 1544 2321 στρα-

254 2329 380 2390 τηγὸς
406 2327 463 2375 ὢν
488 2328 794 2391 (ἐπιτίθεται).
818 2332 874 2377 V.
897 2331 1166 2376 Schneider.
1183 2331 1243 2376 ad
1261 2333 1385 2376 Xen.
1415 2331 1540 2376 Hell.

256 2405 338 2457 IV,
364 2403 416 2459 8,
443 2402 552 2465 56.]

678 2496 1109 2559 [BYZANTIQN]

809 2596 829 2659 [
846 2597 979 2660 162.]

318 2694 541 2757 [Aristot.
565 2696 664 2740 Pol.
683 2698 745 2742 IV
760 2730 772 2752 ,
797 2702 822 2750 4
843 2731 854 2752 ,
881 2712 899 2739 1
933 2710 943 2742 :
966 2694 1046 2743 'Ev
1070 2693 1266 2759 Τάραντι
1284 2694 1359 2743 καὶ
1380 2696 1540 2750 Βυζαν-

253 2765 330 2830 τίῳ
353 2769 438 2829 (sc,
460 2766 507 2813 τὸ
531 2766 765 2814 ἁλιευτικὸν
789 2767 1027 2831 πολύοχλόν
1046 2770 1158 2815 ἐστιν
1172 2767 1205 2834 ).

256 2905 358 2953 leges
388 2903 589 2953 condidit,
606 2903 729 2943 veluti
752 2903 801 2944 de
827 2903 1003 2944 caedibus
1025 2906 1065 2945 et
1087 2905 1138 2945 de
1169 2905 1312 2956 puellis
1338 2905 1468 2956 orbis,
1490 2905 1543 2944 ad

254 2978 353 3017 quas
372 2967 478 3006 venit
493 2967 620 3006 omnis
634 2969 796 3017 paterna
815 2967 1039 3009 haereditas.
1055 2970 1160 3010 Nihil
1175 2971 1310 3010 tamen
1327 2969 1539 3032 quisquam

254 3032 339 3081 ejus
358 3031 559 3104 proprium
577 3032 720 3071 referre
738 3033 872 3082 possit.
886 3031 900 3084 ]

577 3127 775 3195 [AMPH
784 3132 1220 3197 1POL1TARUM.]

828 3238 965 3290 [160.]

307 3333 313 3382 Ι
331 3332 561 3382 Oligarchiac
578 3334 850 3374 conversiones
866 3334 987 3384 fiunt,
1012 3337 1127 3387 siqui
1149 3348 1199 3376 ex
1223 3337 1434 3387 oligarchis
1456 3336 1539 3376 vita

257 3396 461 3436 luxuriosa
492 3395 771 3446 patrimonium
798 3401 1130 3450 consumpserint.
1157 3404 1259 3440 Tum
1284 3401 1391 3441 enim
1426 3401 1541 3441 novis

258 3462 376 3501 rebus
394 3461 558 3500 student
578 3477 586 3500 :
605 3462 660 3500 sic
677 3462 898 3513 Amphipoli
915 3464 947 3503 is
965 3466 1028 3504 cui
1048 3477 1193 3505 nomen
1209 3469 1293 3506 erat
1314 3467 1512 3508 Cleotimo
1527 3497 1538 3517 ,

253 3526 571 3567 Chalcidensium
591 3527 751 3566 colonos
770 3527 808 3566 in
830 3529 967 3569 urbem
983 3530 1175 3581 adduxit,
1197 3543 1345 3582 eosque
1364 3533 1404 3571 in
1426 3533 1539 3572 locu·

254 3592 380 3643 pletes
400 3591 595 3630 incitavit.

306 3654 606 3706 Annphipoiitoe,
643 3655 956 3698 Chalcidensium
984 3660 1134 3701 colonis
1165 3661 1355 3712 receptis,
1391 3662 1442 3702 ab
1478 3662 1538 3702 his

252 3720 367 3770 ejecti
386 3721 479 3759 sunt
499 3718 716 3770 plerique.]

825 3806 963 3866 [161]

303 3913 317 3963 [
336 3884 500 3962 Pithon
518 3912 561 3951 et
590 3910 815 3952 Heraclides
831 3912 932 3951 AEnii
950 3915 1077 3963 Cotyn
1095 3915 1399 3966 interemerunt,
1418 3918 1538 3968 patris

253 3977 434 4026 injuriam
464 3975 710 4015 ulciscentes.
742 3974 911 4014 Adamas
938 3979 1072 4016 autem
1099 3990 1122 4017 a
1144 3980 1245 4029 Coty
1267 3980 1431 4030 defecit,
1452 3983 1538 4021 tan·

254 4052 375 4091 «quiam
414 4038 654 4079 wntmnclia
688 4039 850 4089 accepta
870 4068 880 4087 ,
920 4040 1028 4089 quod
1058 4052 1155 4091 puer
1188 4043 1238 4082 ab
1279 4055 1326 4084 eo
1356 4047 1540 4085 exsectus

252 4105 399 4143 suismet.

306 4168 470 4207 Seuthes
485 4168 616 4208 Thrax
633 4178 755 4218 quum
769 4169 869 4208 esset
888 4167 1113 4219 imperator,
1132 4170 1170 4208 in
1193 4171 1433 4212 Amadocum
1451 4172 1537 4213 bel-

254 4234 335 4272 lam
354 4232 458 4273 facit.
478 4232 490 4282 ]

1226 288 1640 340 ARISTOTELIS
1679 285 2090 346 FRAGMENTA.

1705 400 1772 453 V,
1797 412 1848 452 2,
1880 407 1970 439 10:
1994 390 2082 439 Καὶ
2104 389 2355 445 Βυζαντίοις
2375 389 2463 439 οῖ’
2439 410 2604 440 εποικοι
2628 387 2975 444 ε’πιὸουλεύον·’ῚῚ

1720 587 2256 654 [ΑΠΟΛΛΩΝιΑιΩΝ
2293 587 2427 635 ΤΩΝ
2464 588 2546 636 ΕΝ
2584 589 2856 658 noum]

2186 693 2343 764 [1634
2446 737 2452 747 .
2922 679 2977 770 {⁸

1703 805 1926 867 [Aristot.
1950 806 2054 850 Pol.
2080 808 2145 862 V,
2171 821 2226 862 2,
2260 823 2311 851 11
2346 823 2357 850 :
2385 804 2728 854 Ἀπολλωνιᾶται
2750 811 2790 857 οἱ
2808 812 2852 859 ἐν

1638 875 1827 941 Εὐξείνῳ
1864 874 2011 941 πόντῳ
2047 875 2244 931 ἐποίκους
2286 877 2608 963 ἐπαγαγόμενοι
2643 876 2953 934 ἐστασίασαν.’“

1631 950 1763 995 Idem
1794 952 1858 1006 V,
1893 948 1920 994 5
1939 983 1952 1006 ‚
1983 965 2060 1007 7·
2086 952 2144 994 In
2179 951 2445 1012 oligarchiis
2482 953 2518 997 ii
2553 955 2635 1014 qui
2656 956 2753 1001 vim
2788 957 2971 1016 luxus-

1629 1025 1752 1068 riosa
1770 1023 2109 1082 patrimonium
2122 1023 2443 1083 perdiderint,
2466 1022 2535 1071 ὁτὲ
2556 1023 2682 1087 μέν’
2662 1032 2913 1095 επιχειροΐ

1628 1111 1670 1140 τι
1701 1100 1861 1151 κινεῖν,
1892 1092 1961 1139 ὁτὲ
1986 1092 2031 1140 δὲ
2056 1095 2291 1142 κλέπτουσι
2313 1093 2369 1142 τὰ
2403 1095 2551 1143 κοινά·
2585 1095 2680 1144 ὅθεν
2712 1098 2820 1164 πρὸς
2843 1101 2892 1148 α’
2912 1101 2946 1134 2

1627 1164 1724 1218 τους
1756 1164 2061 1221 στασιάζουσιν
2084 1165 2113 1224 ἢ
2136 1171 2253 1215 οὖτοι
2268 1165 2326 1226 ,ἢ
2350 1167 2456 1234 πρὸς
2481 1168 2655 1224 τούτους
2683 1170 2946 1237 μαχόμενα

1627 1237 1978 1302 κλέπτοντας,
1952 1258 2058 1304 οπερ
2103 1241 2148 1286 ἐν
2183 1238 2455 1288 Ἀπολλωνία
2490 1241 2650 1301 συνέὸη
2691 1246 2746 1307 τῇ
2785 1245 2829 1291 ἐν
2863 1246 2925 1293 τ’
2932 1257 2949 1307 ζ

1629 1309 1804 1377 Πόντω.
1810 1311 1829 1375 ]

1843 1425 2129 1488 [ΙΣΤΡΙΩΝ
2159 1425 2291 1475 ΤΩΝ
2332 1427 2409 1476 ΕΝ
2439 1427 2714 1498 ΠΟΝΤῼ.]

1693 1548 1884 1594 Aristot.
1920 1548 2022 1594 Pol.
2054 1548 2120 1603 V,
2161 1545 2208 1609 5,
2244 1562 2291 1595 2.
2329 1549 2386 1594 V.
2425 1548 2568 1609 Resp.
2591 1546 2951 1625 Ἡρακλεωτῶν..ἑ

2069 1679 2097 1690 ⁴
2141 1667 2395 1717 ΔΗΛΙΩΝ.
2943 1631 2951 1638 α

2223 1789 2328 1843 164.

1689 1895 1866 1940 Plinius
1884 1897 1946 1940 H.
1970 1897 2028 1940 N.
2053 1896 2140 1952 lV,
2171 1910 2228 1940 12
2255 1897 2450 1951 :Delam
2488 1885 2636 1956 quam>
2653 1888 2955 1946 Aristotelen*

1624 1971 1692 2011 ita
1719 1969 2009 2028 qppellatatn
2037 1969 2269 2028 prodidit,
2301 1972 2518 2028 quoniam
2547 1979 2735 2030 repente
2755 1966 2953 2031 *appa-s

1622 2045 1767 2085 ruerit
1786 2051 1944 2085 enata.
1972 2041 2043 2089 Cf.
2061 2043 2217 2100 Etym.
2246 2042 2313 2086 M.
2339 2041 2424 2085 uhi>
2440 2043 2608 2087 Delum
2633 2010 2955 2124 nominatam-[l

1622 2113 1753 2171 dicit,
1780 2110 1846 2159 ὅτι
1865 2111 1908 2167 ἐξ
1933 2111 2131 2169 ἀδήλου
2151 2111 2321 2175 βάσεως
2338 2110 2544 2176 ἐρριζώθη
2567 2115 2644 2161 vel
2663 2111 2954 2182 ὅτικρυπτανζὲ

1622 2203 1677 2248 με
1659 2183 1755 2243 ’νην
1771 2185 1814 2232 ἐν
1826 2205 1879 2248 τῃ
1898 2185 2096 2250 θαλάσσῃ
2115 2187 2136 2231 ὁ
2153 2183 2301 2238 Ζευς’
2278 2204 2351 2231 ανε
2339 2183 2464 2231 ’δωκε
2481 2183 2556 2232 καὶ
2576 2182 2710 2242 δήλην
2727 2185 2957 2245 ἐποίησε

1693 2259 1986 2305 «Fabricius
2002 2260 2095 2304 hoc
2128 2260 2268 2304 Plinii
2297 2260 2406 2303 loco
2434 2267 2696 2304 commotus
2729 2261 2887 2307 male
2873 2276 2957 2314 m·

1620 2333 1885 2394 catalogum
1917 2333 2149 2378 librorum
2177 2332 2478 2393 perditorum
2507 2333 2769 2378 Aristotelis
2802 2349 2856 2379 o
2896 2363 2909 2373 ›.
2934 2293 2959 2397 3

1620 2405 1732 2470 Περὶ
1751 2404 1895 2463 νησων
1917 2407 2126 2452 intulit.
2125 2403 2418 2451 ΜΝΕὈΜΑΝΝ
2920 2400 2922 2402 ’

2218 2513 2324 2561 165.

1689 2625 1935 2671 Athenaeus
1952 2625 2078 2680 VIII,
2098 2639 2150 2684 p.
2171 2622 2282 2683 296,
2299 2623 2358 2668 C:
2379 2602 2675 2686 Ἀριστοτέλης
2693 2623 2736 2669 ἓν
2745 2608 2960 2686 Anziw.

1617 2694 1836 2760 πολιτείᾳ,
1859 2697 1902 2741 ἐν
1927 2693 2060 2758 Δήλῳ
2079 2692 2404 2751 κατοικήσαντα
2436 2695 2548 2756 μετὰ
2569 2696 2656 2742 τῶν
2683 2689 2919 2760 Νηρηΐδων
2942 2687 2956 2691 ⁷

1621 2768 1819 2816 Γλαῦκον
1841 2774 1928 2821 τοῖς
1953 2766 2126 2814 θέλουσι
2147 2766 2451 2829 μαντεύεσθαι.

1996 2904 2531 2967 [Hannonem]

2203 3007 2342 3060 [162]

1663 3097 1823 3150 [Magna
1840 3097 1961 3138 turba
1975 3098 2036 3138 est
2051 3097 2296 3148 piscatorum
2311 3097 2473 3138 Tarenti
2487 3097 2528 3137 et
2543 3095 2735 3147 Byzantii.

1664 3165 1800 3210 Quum
1821 3161 2002 3214 Byzantii
2023 3162 2199 3203 advenas
2217 3162 2397 3214 receptos
2415 3162 2490 3202 sibi
2505 3161 2682 3202 insidiari
2697 3161 2914 3212 comperio—

1611 3229 1715 3278 sent,
1744 3238 1813 3268 eos
1826 3227 1968 3278 proelio
1983 3227 2194 3267 commisso
2209 3227 2417 3285 superatos
2431 3223 2786 3278 exterminatum]
2872 3221 2874 3226 ’

1696 3297 2314 3377 [ΑΡοιιοΝῖΑΤΑΒυΜ
2359 3316 2823 3375 Pon'ncoaum

2190 3419 2332 3474 [163]

1665 3511 1946 3564 [Apolloniatae
1955 3542 1968 3563 ,
1982 3511 2052 3563 qui
2063 3511 2106 3551 in
2118 3511 2246 3552 Ponto
2259 3509 2416 3551 Euxino
2430 3508 2614 3550 habitant
2622 3539 2636 3560 ,
2651 3518 2782 3561 quum
2791 3507 2911 3550 adve-

1611 3589 1685 3618 nas
1707 3576 1905 3628 quosdam
1920 3574 2179 3626 invitassent,
2200 3572 2437 3615 seditionem
2453 3572 2559 3613 inter
2574 3583 2618 3613 se
2641 3571 2904 3621 concinunt.

1665 3645 1713 3683 ln
1724 3641 1951 3693 oligarchiis
1965 3641 1992 3681 ii
2009 3639 2079 3692 qui
2095 3640 2179 3679 vita
2196 3638 2406 3679 luxuriosa
2423 3636 2708 3688 patrimonium
2721 3635 2888 3688 perdide

1612 3708 1720 3757 runt,
1750 3704 1951 3746 interdum
1965 3703 2113 3755 aliquid
2139 3713 2289 3743 novare
2310 3702 2521 3750 conantur,
2552 3700 2754 3742 interdum
2783 3709 2887 3753 peon

1611 3771 1720 3811 niam
1736 3769 1951 3820 publicam
1959 3768 2160 3818 furantur,
2175 3777 2227 3806 ex
2241 3776 2324 3817 quo
2351 3766 2423 3805 aut
2445 3765 2488 3805 hi
2506 3764 2610 3807 inter
2630 3775 2680 3805 se
2696 3763 2886 3810 dissident

1611 3836 1683 3874 ant
1720 3833 1790 3884 qui
1817 3832 1879 3872 his
1911 3830 2200 3883 rempublicam
2237 3828 2569 3880 depeculantibus
2601 3828 2899 3898 adversantur

1612 3898 1746 3950 quod
1736 3909 1775 3939 m
1800 3895 2009 3949 Apouonin
2031 3893 2196 3936 Pontica
2211 3892 2369 3934 accidit.
2380 3891 2395 3944 ]

2081 3986 2434 4065 DELIORUM.

2211 4091 2309 4134 165.

1664 4170 1912 4213 Aristoteles
1905 4181 1943 4210 in
1957 4169 2160 4210 Deliorum
2174 4177 2255 4218 ifflep
2276 4166 2501 4207 Glaucum
2491 4176 2530 4206 in
2548 4166 2646 4206 Delo
2660 4163 2865 4206 habitan

1613 4248 1704 4277 cum
1721 4234 1952 4278 Nereidibus
1971 4231 2176 4276 vaticinari
2192 4230 2416 4272 volentibus
2430 4229 2498 4270 ait.
