3008 4542
203 215 220 253 1

252 301 344 343 532

251 489 312 518 m.
337 476 482 523 2242.
870 510 874 513 .

316 543 640 602 Comparanda
665 543 857 587 cum'his
877 550 984 586 sunt
1004 557 1106 600 quae
1136 540 1195 584 de
1219 538 1544 584 Chaldaeorum

250 615 542 674 temporibus
564 614 690 658 idem
727 613 1002 659 Panodorus
1022 611 1229 656 tradidit.
1260 635 1325 643 —-
1356 611 1544 654 Constat

249 689 473 732 Berosum
504 687 691 746 regibus
709 687 1038 732 'Chaldaeorum
1070 683 1426 728 antediluvianis
1447 683 1543 725 'tri-

249 759 400 803 buisse
419 758 671 818 periodum
689 774 903 803 sarorum
935 772 1047 816 120,
1067 757 1160 799 sive
1181 769 1410 798 annorum
1432 755 1545 798 sola-

250 832 374 875 rium
400 831 627 888 432,(100.
664 830 938 876 Panodorus
971 843 1084 872 vero
1112 835 1158 871 et
1179 826 1419 870 Annianus
1445 825 1542 885 (ap.

251 904 452 962 Syncell.
473 919 520 963 p.
553 901 668 965 32),
697 911 749 946 01
771 903 869 946 haec
895 900 955 945 ad
983 914 1159 944 sacram
1189 897 1545 957 chronologiam

250 975 691 1032 accommodarent,
726 974 856 1019 annis
878 974 973 1016 istis
997 971 1189 1024 432000
1229 968 1426 1013 totidem
1448 977 1543 1019 sta-e

250 1057 443 1093 tuerunt
462 1048 659 1093 indicari
681 1048 799 1102 dies,
835 1046 915 1104 qui
939 1045 1111 1088 solares
1134 1057 1280 1087 annos
1307 1039 1546 1085 efficerent

256 1137 274 1164 1
289 1120 377 1166 183
401 1130 445 1166 et
462 1136 638 1165 menses
655 1120 683 1164 6
696 1128 765 1172 ⁵l5.
793 1121 913 1164 Ante
927 1118 1095 1161 horum
1116 1116 1324 1169 initium,
1341 1115 1415 1158 vel
1434 1113 1545 1158 inde

248 1195 307 1238 ab
320 1195 501 1239 Adamo
518 1208 664 1252 usque
673 1192 732 1237 ad
741 1190 990 1236 adventum
1002 1191 1351 1249 Egregororum
1367 1188 1545 1246 elapsos

248 1282 342 1311 esse
367 1282 514 1311 annos
541 1272 698 1322 1057,
732 1279 849 1323 quos
879 1263 915 1306 si
947 1261 1183 1306 addideris
1220 1262 1351 1305 annis
1379 1275 1542 1320 regum

249 1340 573 1385 Chaldaeorum
588 1373 600 1395 ,
627 1337 804 1396 expleri
829 1335 1051 1394 temporis
1070 1334 1291 1393 spatium,
1315 1333 1447 1391 quod
1471 1333 1542 1376 la-

253 1411 384 1456 bitur
409 1413 466 1456 ab
491 1412 672 1457 Adamo
694 1409 753 1454 ad
777 1408 1004 1452 diluvium
1024 1403 1124 1466 (an.
1151 1405 1323 1466 2242).

314 1486 463 1545 Igitur
488 1493 541 1529 ,et
578 1482 907 1543 AEgyptiorum
946 1489 990 1524 et
1033 1479 1358 1524 Chaldaeorum
1396 1493 1542 1538 regno

247 1558 594 1602 antediluviano
624 1556 896 1600 tribuuntur
932 1553 1042 1597 anni
1089 1551 1212 1598 1183
1233 1559 1300 1607 ¹l2,
1339 1550 1543 1608 ideoque

247 1632 443 1675 Berosus
463 1638 508 1675 et
530 1629 777 1684 Manetho,
804 1628 840 1672 si
871 1625 1109 1672 Panodori
1134 1625 1330 1684 ineptias
1358 1623 1539 1678 audias,

246 1704 305 1748 ab
342 1703 510 1748 eodem
551 1701 780 1762 temporis
813 1709 990 1760 puncto
1023 1698 1228 1758 profecti
1263 1704 1383 1743 sunt.
1420 1697 1542 1740 Hinc

245 1777 547 1837 explicandus
563 1776 804 1835 Syncellus
821 1790 870 1834 p.
905 1790 923 1817 1
937 1790 982 1832 7,
1006 1775 1045 1817 A
1059 1806 1071 1829 ‚
1094 1773 1442 1832 ubi'postquam
1463 1771 1544 1814 Be-

244 1852 341 1894 rosi
377 1865 509 1910 reges
553 1848 922 1892 antediluvianos
968 1860 1226 1904 eorumque
1260 1858 1386 1888 saros
1430 1858 1447 1886 1
1460 1857 1540 1897 20,

245 1912 418 1967 deinde
436 1938 546 1967 vero
571 1921 863 1966 Manethonis
886 1918 1151 1963 Panodorei
1172 1917 1398 1977 dynastias
1423 1910 1541 1960 divi-

244 2010 325 2039 nas
374 2002 695 2050 recensuerat,
743 1984 875 2037 addit
910 1993 1005 2035 haec
1053 2005 1065 2037 t
1112 1986 1408 2040 Ἔπίπλαστός
1450 1988 1538 2033 ἐστι

245 2070 272 2122 ἡ
299 2065 462 2112 τούτων
502 2064 670 2111 ἐπίνοια
711 2062 984 2129 ἀμφοτέρων,
1023 2065 1097 2108 τοῦ
1128 2079 1174 2107 τε
1203 2058 1440 2125 Βηρώσσου
1466 2057 1540 2105 καὶ

244 2142 317 2184 τοῦ
358 2140 569 2197 Μανεθῶ,
600 2136 652 2183 ’τὸ
691 2135 798 2183 ἴδιον
837 2134 952 2189 ἔθνος
988 2132 1194 2182 θελόντων
1236 2131 1434 2191 δοξάσαι,
1466 2136 1539 2179 τοῦ

246 2210 323 2266 μὲν
365 2209 413 2257 τὸ
448 2213 533 2256 τῶν
582 2208 834 2266 Χαλδαίων,
870 2211 943 2254 τοῦ
985 2206 1029 2253 δὲ
1063 2205 1112 2253 τὸ
1146 2208 1231 2252 τῶν
1270 2203 1539 2268 Αἰγυπτίων.

243 2281 522 2344 (θαυμαζέτω
543 2281 586 2328 δὲ
600 2284 691 2335 πῶς
711 2278 788 2328 οὒκ
801 2279 1082 2344 ᾐσχύνθησαν
1101 2277 1184 2344 ἀφ’
1202 2277 1313 2331 ἑνὸς
1337 2295 1363 2323 κ
1376 2275 1427 2323 αὶ
1446 2280 1540 2323 τοῦ

245 2359 400 2403 αὐτοῦ
431 2355 588 2408 ἔτους
611 2353 786 2419 ἀρχὴν
810 2352 998 2401 θέσθαι
1017 2352 1139 2406 ταῖς
1158 2348 1539 2416 τερατώδεσιν

245 2449 271 2474 α
284 2431 306 2474 f,
319 2431 415 2475 τῶν
443 2447 573 2492 συγγ
588 2447 646 2492 ρα
660 2447 687 2491 φ
700 2430 754 2473 αῖ
767 2447 786 2481 ς
798 2465 808 2475 .
836 2431 947 2487 Quae
961 2428 1174 2473 scribens
1190 2426 1541 2486 Syncellusnon

243 2505 476 2563 reputavit
506 2518 553 2547 se
578 2503 726 2562 ipsum
754 2501 1080 2546 Panodoream
1106 2509 1319 2558 tempora
1344 2513 1539 2557 compu-

243 2576 373 2620 tandi
388 2577 635 2631 rationem,
661 2590 752 2634 qua
766 2574 921 2617 omnia
936 2574 1033 2616 hacc
1051 2573 1281 2631 nituntur,
1307 2580 1542 2629 tamquam

241 2663 508 2707 perversam
526 2646 893 2707 reprehendisse.
921 2648 974 2691 V.
999 2644 1191 2688 Boeckh.
1230 2644 1261 2689 1.
1286 2644 1319 2688 l.
1340 2658 1392 2702 p.
1431 2659 1448 2686 1
1465 2659 1480 2686 1
1498 2658 1538 2688 1.

310 2722 525 2766 Ceterum
543 2729 671 2779 patet
694 2718 994 2763 Panodorum
1011 2718 1061 2761 in
1079 2717 1238 2762 Berosi
1258 2731 1456 2760 numero
1477 2716 1543 2759 ni-

243 2794 309 2838 hil
328 2803 541 2848 mutasse,
557 2809 663 2836 nam
682 2793 916 2851 ingentem
931 2790 1164 2849 quandam
1179 2789 1430 2848 periodum
1449 2804 1467 2832 1
1479 2803 1539 2832 20

244 2867 354 2910 saris
372 2866 547 2910 absolvi
564 2866 668 2908 satis
684 2865 845 2922 liquet.
863 2864 1013 2922 Igitur
1026 2878 1051 2906 a
1067 2862 1389 2907 Chaldaeorum
1404 2862 1539 2905 chro-

245 2938 434 2997 nologia
449 2935 747 2995 proficiscens
768 2950 873 2978 suos
895 2935 1133 2993 exputavit
1149 2949 1293 2977 annos
1312 2933 1431 2977 1183
1454 2939 1466 2957 ¹
1473 2936 1491 2990 l
1499 2951 1538 2995 ³;

246 3010 416 3054 deinde
435 3024 544 3053 vero
559 3044 571 3068 ,
586 3018 637 3052 01
652 3008 876 3066 temporis
898 3008 1096 3066 spatium
1110 3041 1121 3062 ‚
1139 3005 1268 3064 quod
1285 3005 1343 3049 ab
1358 3006 1538 3050 Adamo

245 3099 391 3142 usque
429 3083 487 3127 ad
532 3082 760 3126 diluvium
798 3095 891 3124 esse
931 3079 1209 3134 credebant,
1253 3079 1536 3136 expleretur,

246 3159 595 3216 Egregororum
629 3154 880 3198 adventum
914 3168 938 3196 e
973 3167 1054 3195 suo
1093 3151 1266 3210 placito
1299 3151 1542 3210 assignavit

246 3244 369 3273 anno
409 3227 555 3285 10573
579 3242 719 3285 quem
743 3225 934 3284 quidem
956 3239 1202 3268 numerum
1226 3238 1378 3282 neque
1405 3239 1541 3268 sacrae

247 3302 498 3362 Scripturae
520 3298 881 3358 suppeditabant
895 3331 906 3353 ,
927 3311 1079 3355 neque
1094 3295 1280 3339 aliunde
1297 3303 1460 3339 auctor
1476 3312 1541 3341 as·

247 3375 508 3433 sumpserit.
530 3373 611 3416 His
630 3372 691 3415 ita
714 3371 988 3428 constitutis,
1009 3369 1337 3429 AEgyptiorum
1351 3382 1541 3428 quoque

248 3457 460 3506 tempora
474 3444 676 3503 mythica
688 3442 746 3486 ad
761 3442 882 3486 idem
893 3443 1090 3501 spatium
1104 3456 1335 3485 annorum
1354 3456 1371 3483 1
1387 3457 1403 3484 1
1415 3439 1472 3485 83
1483 3441 1492 3456 ¹
1501 3444 1539 3502 s²

247 3533 468 3564 revocare
486 3516 678 3563 studuit.
696 3515 836 3573 Quod
850 3531 941 3574 qua
956 3516 1137 3559 ratione
1154 3514 1374 3570 effecerit,
1394 3514 1539 3558 modo

247 3592 462 3637 vidimus.
499 3589 671 3634 Mirum
702 3602 813 3631 vero
837 3587 975 3644 foret,
1001 3588 1037 3630 si
1072 3587 1244 3644 absque
1265 3595 1366 3638 *arte
1403 3596 1541 3645 atque

248 3663 361 3708 dolo
386 3662 437 3706 id
464 3659 648 3706 efficere
673 3660 913 3719 potuisset.
940 3657 1370 3717 Impudentissimus
1395 3659 1539 3703 homo

248 3734 474 3780 dicendus
501 3741 641 3791 esset,
673 3732 710 3775 si
732 3730 1025 3775 Manethonis
1057 3730 1375 3774 recensionem
1414 3745 1538 3786 eam,

249 3822 390 3866 quam
409 3820 465 3851 ex
482 3804 683 3850 Eusebio
695 3803 935 3857 novimus,
954 3802 1155 3845 calculos
1177 3816 1281 3844 suos
1304 3802 1542 3845 instituens

180 3868 187 3875 ι
248 3888 354 3924 ante
375 3879 537 3923 000105
558 3876 807 3921 habuisset.
829 3876 1002 3918 Verum
1024 3874 1114 3916 hoc
1138 3882 1191 3916 ut
1209 3881 1462 3917 statuamus
1477 3874 1544 3916 ni-

248 3952 315 3994 hil
352 3952 502 4010 cogit,
539 3964 625 3994 nec
653 3948 848 4012 omnino
879 3946 1126 3990 verisimile
1162 3952 1244 3991 est.
1273 3946 1376 3989 Imo
1419 3946 1541 3989 inter

248 4024 396 4067 varias
419 4021 739 4075 Manethonis,
767 4034 869 4078 quae
905 4016 1366 4074 circumferebantur,
1403 4018 1541 4060 chro-

249 4095 459 4154 nologias
481 4108 555 4138 eas
589 4093 676 4137 sibi
711 4091 948 4151 selegerit,
975 4104 1078 4148 quae
1103 4087 1296 4133 consilio
1331 4103 1415 4132 suo
1443 4103 1541 4147 prae

251 4167 414 4210 ceteris
445 4173 632 4224 possent
664 4164 901 4211 inservire.
937 4163 1130 4221 Reperit
1155 4162 1311 4221 igitur,
1351 4162 1539 4220 opinor,

253 4238 510 4281 chronicon
535 4236 663 4296 quod
682 4251 755 4279 cas
775 4234 1024 4294 dynasfias,
1047 4249 1148 4292 quae
1164 4232 1474 4278 semidcorum
1498 4239 1542 4275 et

1145 280 1560 335 MANETHONIS
1599 283 1993 336 SERENNYTAE

251 408 424 460 guntur
449 400 556 443 anni
597 403 718 451 2241
744 404 808 448 'l,-.
847 396 1088 441 Diluvium
1121 410 1234 439 vero
1270 395 1434 439 incidit
1464 410 1540 441 an.
1575 407 1588 426 '
1618 397 1824 440 Manium
1850 412 1926 457 ap.
1950 396 2192 443 Eusebium
2226 397 2463 454 dicuntur,
2490 409 2588 444 no'n
2609 402 2904 461 agnoscebat.

1598 2058 1801 2118 bantur,
1816 2068 1982 2105 auctor
1995 2060 2258 2107 mutaverit.
2285 2060 2577 2119 Quamquam
2591 2074 2813 2104 numerus
2827 2060 2911 2105 iste

1617 470 1780 526 Neque
1799 468 1849 512 id
1868 469 2089 526 offendit,
2109 485 2254 528 quum
2275 470 2545 516 Herodotus
2560 487 2750 532 quoque
2770 483 2816 518 et
2832 475 2911 519 Di·
2980 460 2988 533 ὃ

1619 541 1848 604 0303101105
1871 542 2022 586 statim
2045 551 2150 602 post
2171 542 2283 586 deos
2302 544 2571 593 mortalium
2593 559 2737 604 reg-na
2754 560 2912 590 recen·
2984 539 2993 562 '‘

1617 620 1731 657 sent.
1755 612 1928 657 Contra
1951 628 2051 669 eos,
2072 628 2188 672 quos
2208 614 2426 658 Manetho
2447 615 2636 659 Eusebii
2655 612 2763 660 deos
2778 616 2908 673 dicit,

1619 698 1917 744 quorumque
1946 694 2122 745 septem
2153 685 2350 749 majores
2373 701 2399 730 a
2431 687 2623 746 reliquis
2651 688 2912 734 minoribus

1619 754 1970 816 distinguendos
1988 773 2081 802 esse
2100 773 2239 817 supra
2260 748 2548 815 monuimus,
2572 759 2811 805 Pan'odori
2830 775 2912 806 au·
2982 750 2986 794 f

1619 834 1721 870 ctor
1755 829 1818 873 ita
1854 829 2092 886 distinuit,
2121 839 2175 874 ut
2202 829 2401 888 majores
2439 840 2618 890 septem
2656 833 2913 892 appellaret

1617 900 1744 954 deos,
1769 902 1977 960 reliquos
1996 904 2223 959 minores,
2250 915 2454 961 quorum
2472 913 2571 948 octo
2579 938 2589 959 ,
2619 905 2752 949 sicuti
2775 907 2913 951 Vetus

1618 959 2186 1032 Chronicon,recensuisse
2196 964 2400 1031 videtur,
2410 990 2504 1019 sem
2509 976 2708 1020 ideorum
2721 977 2911 1021 nomine

1617 1042 1954 1091 introduceret.
1979 1046 2163 1090 Eodem
2184 1046 2330 1091 modo
2348 1037 2579 1093 Barbarus
2604 1059 2800 1107 quoque
2817 1049 2911 1108 Ty·
2952 1052 2963 1056 ’

1616 1114 1786 1172 phonis
1811 1124 1857 1159 et
1885 1118 2004 1160 Hori
2038 1132 2319 1162 successores
2354 1126 2491 1164 vocat
2529 1119 2772 1164 semideos.
2807 1122 2912 1165 Nu-

1617 1202 1770 1231 merus
1790 1202 2019 1232 annorum
2041 1189 2299 1234 secundum
2317 1190 2621 1235 Panodorum
2645 1200 2711 1235 est
2737 1190 2909 1245 12843.

1617 1260 1840 1304 Eusebius
1877 1262 2013 1320 ponit
2057 1260 2230 1321 13900.
2271 1262 2547 1308 Differentia
2581 1272 2647 1308 est
2680 1278 2911 1309 annorum
2969 1319 2974 1321 -

1623 1331 1760 1389 1057.
1780 1334 1902 1377 Miro
1921 1349 2027 1378 casu
2041 1333 2224 1390 accidit,
2239 1342 2291 1378 ut
2306 1334 2503 1379 totidem
2524 1335 2634 1380 anni
2653 1335 2712 1380 ab
2729 1336 2910 1382 Adamo

1617 1405 1677 1449 ad
1710 1407 1973 1467 Egregoros
2009 1422 2035 1451 a
2070 1407 2325 1451 Panodoro
2349 1417 2671 1452 numerentur.
2705 1409 2786 1454 Sin
2819 1425 2912 1470 pro

1623 1477 1776 1537 13900
1806 1480 2025 1537 ponimus
2051 1478 2236 1538 13879,
2262 1489 2380 1538 quot
2412 1480 2635 1539 ponenda
2660 1495 2753 1525 0550
2771 1495 2909 1539 supra

1618 1548 1838 1607 dicimus,
1884 1552 2023 1595 etiam
2063 1552 2220 1595 minor
2265 1551 2530 1597 differentia
2573 1560 2641 1596 est
2679 1567 2912 1596 annorum

1623 1621 1762 1674 1034.
1786 1625 1908 1667 Num
1929 1639 1982 1668 ea
1998 1623 2197 1668 debetur
2215 1623 2491 1685 Panodoro,
2511 1639 2570 1669 30
2585 1625 2767 1669 auctori
2787 1623 2914 1682 ejus?
2976 1612 2977 1615 Ἰ

1617 1693 1890 1751 Panodoro,
1930 1705 2064 1755 puto.
2118 1697 2255 1740 Hunc
2303 1697 2427 1740 enim
2454 1705 2659 1748 mutasse
2698 1696 2911 1756 quaedam
2976 1696 2982 1708 ²

1616 1778 1773 1827 aperte
1784 1769 1880 1827 jam
1894 1770 2004 1814 inde
2018 1770 2307 1830 intelligitur,
2324 1770 2456 1828 quod
2471 1772 2655 1815 Horum
2671 1769 2871 1831 (quippe
2884 1786 2910 1816 a
2978 1779 2981 1784 ’

1617 1856 1711 1900 quo
1724 1843 1978 1887 secundum
1993 1839 2128 1905 ὥρους
2144 1844 2253 1887 anni
2270 1844 2625 1904 computentur)
2653 1858 2710 1887 ex
2731 1843 2820 1887 diis
2837 1858 2912 1888 re·
2971 1855 2975 1862 ²

1615 1923 1795 1958 motum
1810 1915 1918 1959 fecit
1933 1914 2204 1959 semideum.
2225 1916 2331 1960 Una
2357 1931 2463 1958 cum
2487 1915 2594 1959 loco
2614 1924 2769 1959 autem
2791 1916 2912 1959 Hori
2986 1955 2997 1964 ,⁴

1618 1988 1757 2031 etiam
1778 2002 2028 2032 numerum
2051 2002 2306 2043 annorum,
2333 1988 2414 2046 qui
2436 2002 2584 2047 regno
2608 1986 2706 2045 ejus
2729 1987 2910 2032 tribue-

1618 2139 1770 2177 tantus
1786 2147 1879 2176 esse
1898 2147 1996 2176 non
2017 2132 2198 2191 potuit,
2215 2139 2269 2175 ut
2291 2132 2503 2175 lacunam
2527 2132 2726 2191 expleat.
2754 2133 2909 2190 Quare
2972 2147 2999 2179 ῃ

1617 2205 1756 2249 etiam
1768 2205 1819 2248 in
1827 2205 2017 2263 reliquis
2027 2213 2226 2248 mutasse
2237 2203 2450 2262 quaedam
2464 2203 2738 2248 Panodorus
2750 2202 2904 2250 debet.
3006 2254 3008 2258 ,

1615 2278 1683 2322 Αο
1710 2278 1867 2322 nescio
1892 2293 1953 2322 an
1974 2278 2101 2321 mille
2126 2289 2358 2320 annorum
2393 2275 2706 2320 differentiam
2732 2275 2910 2321 indicet
2975 2263 2979 2317 ᾗ

1614 2351 1755 2395 Vetus
1770 2350 2072 2404 Chronicum‚
2089 2348 2221 2409 quod
2237 2357 2405 2409 praeter
2417 2348 2647 2408 myriades
2665 2347 2910 2408 Hephaesto

1615 2423 1884 2482 assignatas,
1937 2423 2227 2481 reliquorum
2279 2421 2479 2465 deorum
2515 2429 2724 2465 recenset
2765 2435 2912 2466 annos
2947 2423 2950 2425 ’

1620 2492 1764 2553 3984.
1782 2495 1867 2538 -His
1879 2494 2007 2554 apud
2020 2493 2324 2538 Panodorum
2337 2492 2622 2552 respondent
2633 2493 2743 2536 anni
2756 2489 2881 2552 2985
2893 2509 2908 2550 ;
3004 2483 3005 2490 ¹

1616 2566 1697 2624 qui
1721 2580 1942 2610 numerus
1961 2567 2093 2610 alteri
2112 2567 2179 2609 illi
2205 2566 2463 2609 simillimus
2482 2573 2570 2620 est,
2598 2563 2742 2608 modo
2766 2563 2912 2609 addas
2963 2611 2967 2621 ,-

1615 2653 1760 2683 3111105
1780 2639 1937 2694 mille,
1976 2654 2094 2697 quos
2115 2636 2334 2682 Manetho
2358 2635 2566 2697 flagitare
2590 2636 2678 2681 sibi
2703 2635 2908 2680 videtur.
2964 2647 2966 2649 ’

1613 2735 1679 2744 -
1702 2711 1794 2768 Qui
1818 2708 2322 2769 praetereadesiderari
2345 2708 2564 2752 videntur
2589 2708 2698 2750 anni
2723 2705 2807 2764 34,
2831 2721 2911 2752 005

1614 2782 1804 2827 fortasse
1828 2773 2026 2842 dempsit
2044 2782 2357 2827 semideorum
2369 2781 2544 2840 regniS.
2559 2780 2640 2824 Uti
2663 2794 2787 2823 nunc
2809 2794 2910 2823 nu-

1614 2857 1731 2899 meri
1749 2857 1880 2911 sunt,
1898 2864 2083 2899 remoto
2098 2857 2249 2910 Horo,
2264 2861 2565 2898 recensentur
2581 2852 2690 2895 anni
2714 2849 2823 2907 758.
2846 2874 2911 2886 —-

1613 2929 1853 2987 Dynastias
1884 2927 1998 2971 duas
2019 2927 2333 2971 semideorum
2360 2927 2424 2969 ita
2449 2923 2794 2983 distinguendas
2817 2937 2911 2967 esse

1615 3016 1802 3056 censeo,
1822 3009 1876 3043 ut
1898 3000 2051 3059 prima
2070 3000 2128 3042 sit
2144 3013 2308 3058 regum
2329 2998 2539 3056 quinque
2558 3010 2790 3039 annorum
2816 3000 2910 3048 440

1618 3074 1707 3130 (vel
1735 3072 1856 3116 forte
1883 3071 2030 3131 441),
2067 3070 2337 3129 desinatque
2366 3071 2416 3113 in
2439 3071 2740 3123 Ammonem;
2767 3068 2911 3112 altera

1613 3160 1777 3206 regum
1812 3145 1979 3203 trium,
2005 3128 2239 3187 annorum
2275 3141 2393 3197 316,
2424 3155 2628 3199 quorum
2647 3147 2911 3200 postremus

1614 3219 1730 3261 Zeus
1745 3217 1818 3261 vel
1833 3217 2016 3275 Jupiter
2039 3214 2117 3276 (⁴¹).
2133 3216 2199 3259 Ut
2221 3215 2283 3258 ita
2298 3222 2494 3258 statuam
2509 3219 2703 3256 movent
2718 3226 2793 3255 me
2811 3220 2910 3255 tum

1614 3304 1919 3334 numerorum
1941 3289 2281 3346 nominumque
2313 3285 2514 3340 indicia,
2541 3293 2641 3327 tum
2662 3298 2776 3328 vero
2803 3284 2907 3327 Tu·-

1667 3432 1717 3482 (*)
1735 3434 1905 3471 Bunsen.
1924 3433 1962 3478 I,
1979 3440 2020 3480 p.
2041 3433 2115 3470 559
2132 3428 2182 3468 de
2198 3427 2433 3468 Manethone
2454 3423 2648 3466 Panodori
2669 3422 2778 3474 ponit
2795 3422 2879 3464 hoec
2897 3438 2907 3463 t

1616 3506 1634 3524 «
1653 3489 1872 3530 Wirsahen
1888 3488 1977 3528 dass
1987 3487 2051 3527 die
2067 3491 2230 3528 Summe
2244 3486 2314 3525 der
2330 3486 2482 3524 Goetter
2496 3495 2536 3522 11.
2551 3481 2911 3532 Heroenregierung

1616 3558 1689 3586 aus
1712 3547 1801 3586 dem
1818 3545 2196 3586 Hundssternbuche
2216 3547 2339 3585 11982
2358 3542 2477 3582 Jahre
2499 3542 2565 3590 (at
2580 3541 2621 3579 hi
2648 3539 2802 3579 nonnisi
2818 3538 2908 3579 deo·

1613 3617 1701 3644 rum
1726 3607 1843 3653 sunt)
1867 3605 2045 3653 betraegt.
2079 3603 2263 3642 Rechnen
2294 3600 2370 3640 wir
2390 3599 2490 3638 dazu
2520 3598 2614 3646 (0111·
2635 3597 2823 3647 quaesoi’)
2847 3595 2911 3636 die

1613 3664 1707 3704 zahl
1728 3663 1797 3702 des
1817 3662 1979 3701 wahren
2000 3660 2206 3708 Manetho,
2227 3654 2378 3698 welche
2397 3655 2499 3695 nach
2529 3653 2717 3694 Eusebius
2738 3652 2803 3693 die
2829 3655 2909 3694 Re-

1613 3722 1826 3772 gierungen
1848 3719 1918 3758 der
1951 3719 2120 3768 Goetter,
2157 3715 2328 3765 Helden,
2362 3726 2404 3755 u.
2443 3715 2584 3752 Manen
2605 3711 2790 3759 umfasst‚
2825 3710 2909 3750 also

1616 3783 1741 3820 24925
1750 3781 1789 3819 J.
1798 3809 1809 3828 ,
1823 3789 1867 3817 so
1879 3777 2086 3828 gewinnen
2101 3775 2176 3815 wir
2190 3779 2316 3814 36910
2327 3775 2349 3812 J
2357 3802 2383 3822 .,
2393 3772 2476 3811 also
2491 3782 2566 3810 nur
2578 3772 2652 3810 385
2664 3769 2784 3809 Jahre
2795 3767 2908 3809 mehr

1613 3837 1672 3877 als
1686 3837 1749 3877 die
1770 3839 1896 3876 36525
1918 3835 2062 3883 Jahre,
2083 3833 2232 3872 welche
2251 3831 2328 3871 den
2344 3839 2501 3880 grossen
2523 3827 2634 3867 Kreis
2650 3826 2721 3866 der
2746 3826 2904 3868 111111115-
2927 3848 2930 3851 v

1614 3891 1898 3946 stern-periode
1920 3891 2197 3939 ausdrucken,
2229 3900 2271 3928 11.
2305 3887 2368 3927 die
2397 3886 2467 3926 der
2496 3887 2685 3934 Betrtiger
2705 3883 2919 3924 erreichen'

1617 3953 1766 3992 wollte.
1788 3955 1839 3992 Es
1854 3951 1905 3990 ist
1924 3950 2016 3990 also
2034 3949 2135 3996 klar,
2160 3947 2249 3987 dass
2275 3946 2400 3986 dieser
2415 3944 2479 3983 die
2500 3942 2695 3993 cyclisehe
2723 3943 2848 3982 matur
2890 3955 2909 4001 ¹¹2

1615 4011 1678 4050 die
1708 4010 1924 4058 Rechnung
1954 4005 2297 4056 hincingehracht,
2329 4000 2534 4043 woehrend
2555 4000 2612 4040 sie
2629 4000 2721 4040 dem
2742 3998 2891 4038 wahren
2914 4011 2921 4015 ”
2995 4023 2997 4026 <

1617 4067 1804 4106 Manetho
1820 4064 2019 4104 durchaus
2034 4062 2160 4102 fremd
2175 4062 2238 4101 ist.
2266 4077 2285 4095 »υ
2314 4063 2408 4100 Hoec
2424 4057 2624 4109 quomodo
2651 4057 2754 4095 inter
2775 4065 2816 4095 se
2837 4065 2883 4094 co

1616 4125 1792 4164 haereant
1814 4133 1894 4162 non
1911 4120 2115 4172 perspicia
2135 4119 2314 4167 Nolenti‚
2331 4120 2450 4169 puto,
2477 4115 2710 4156 exciderunt
2736 4113 2821 4152 viro
2840 4123 2876 4152 c·
2993 4143 2997 4145 -

1617 4182 1836 4223 tenerrimo.
1855 4202 1906 4209 -
1931 4179 2040 4219 ldem
2071 4178 2112 4218 in
2144 4174 2484 4218 Urhundenbuch
2512 4171 2706 4214 Panodori
2740 4174 2917 4221 compa-1
2992 4174 2997 4226 J

1615 4243 1702 4281 tum
1722 4251 1801 4280 non
1817 4237 2025 4279 intellexit.
