3016 4628
38 400 79 439 Γ
121 415 271 467 στόλου
288 411 567 478 παρεγένετο,
584 408 657 457 καὶ
678 406 839 461 ἀναὸὰς
855 407 926 455 ἐπὶ
942 406 1012 454 τὸν
1031 406 1172 455 Λύκον
1190 409 1403 468 ποταμὸν,

43 444 62 464 'k

34 456 93 548 ἓ
120 491 196 547 τῆς
212 484 377 538 πόλεως
395 483 553 542 ταύτης
576 479 816 547 ἐκυρίευσε·
834 479 907 526 καὶ
927 478 1102 536 νικήσας
1120 477 1218 533 τους
1239 479 1404 542 βαρὸά-

81 578 240 626 ρους,
267 557 337 624 ἀφ’
359 558 510 603 ἑαυτοῦ
533 551 865 620 προσωνόμασεν
891 550 1038 609 αὐτὴν,
1063 549 1215 613 νόμους
1243 554 1404 616 Κρητι-

41 629 74 675 ’ῗ’;’
118 630 219 685 κους
238 629 320 684 θεὶς
343 627 500 682 αὐτοῖς.

521 734 673 784 XXX.
714 731 992 782 ΛΟΚΡΩΝ.

185 869 217 901 1.
252 850 451 917 Ἐγένετο
478 848 641 914 Λοκρὸς
667 845 952 911 Ξενόκριτος,
977 846 1132 912 τυφλὸς
1156 846 1205 893 ἐκ
1231 847 1406 909 γενετῆς

47 926 55 932 “
117 923 320 982 ποιητὴς,
348 922 422 970 καὶ
445 921 730 986 Ἐράσιππος.

182 1011 219 1044 2.
257 993 372 1059 Παρ’
403 994 544 1047 αὐτοῖς
564 990 790 1057 ὀδύρεσθαι
812 991 890 1037 οὐκ
912 989 1026 1037 ἔστιν
1052 988 1123 1037 ἐπὶ
1146 989 1233 1043 τοῖς
1255 991 1403 1036 τελευ-

31 1075 37 1114 ’ζ
115 1065 314 1129 τήσασιν,
341 1065 437 1113 ἀλλ’
461 1064 632 1112 ἐπειδὰν
660 1062 961 1126 ἐκκομίσωσιν,
988 1063 1268 1126 εὐωχοῦνται.
1304 1065 1405 1111 Κα-

33 1138 37 1192 f
114 1140 290 1197 πηλεῐον
311 1140 388 1186 οὒκ
405 1137 494 1186 ἔστι
512 1135 797 1201 μεταὸολικὸν
816 1137 857 1184 ἐν
876 1136 1043 1198 αὐτοῖς,
1062 1137 1159 1182 ἀλλ’
1180 1138 1202 1182 ὃ
1220 1134 1406 1200 γεωργὸς

32 1203 40 1261 J
113 1212 250 1258 πωλεῖ
273 1208 326 1257 τὰ
345 1209 448 1260 ἴδια.

29 1274 35 1285 ζ
114 1280 121 1282 “
140 1291 142 1294 ’
178 1297 216 1330 3.
256 1281 361 1330 Ἐὰν
383 1283 473 1347 ἁλῷ
491 1300 554 1336 τις
572 1279 810 1345 [κλέπτων]
824 1318 837 1340 ,
859 1278 956 1333 τοὺς
974 1278 1217 1344 ὀφθαλμοὺς
1237 1277 1405 1345 ἐξορύτ-

112 1372 249 1403 τεται.
288 1353 510 1403 Ζαλεύκου
546 1352 631 1406 υἱὸς
668 1351 808 1411 ἑάλω,
842 1351 1027 1399 καὶτῶν
1073 1354 1251 1415 Λοκρῶν
1279 1350 1404 1398 αὐτὸν

15 1427 17 1430 ⁴
115 1426 342 1492 ἀφιέντων,
377 1429 459 1492 οὐχ
490 1425 728 1490 ὑπέμεινεν,
759 1426 889 1471 αὑτοῦ
923 1417 967 1471 δὲ
1006 1422 1080 1470 ἕνα
1104 1423 1176 1470 καὶ
1213 1427 1287 1471 τοῦ
1314 1425 1405 1470 υἱοῦ

113 1496 188 1545 ἕνα
213 1499 382 1554 ἐξεῖλεν.

177 1588 213 1619 4.
253 1570 540 1636 Πολέμαρχος
593 1568 852 1635 ἐπιορκήσας
905 1567 978 1616 τὸν
1031 1570 1115 1615 τῶν
1168 1567 1405 1632 Κορινθίων

115 1643 307 1709 ἀπέφυγε
337 1643 504 1692 στόλον.
540 1643 628 1692 Καὶ
657 1643 980 1705 μυθολογοῦσιν,
1003 1640 1074 1687 ὅτε
1099 1640 1296 1688 καθεύδοι
1334 1640 1398 1687 νύ·

111 1783 314 1835 Μακαρίαν
342 1782 594 1823 scribendum
615 1792 698 1821 esse
727 1780 948 1831 suspicatur
978 1779 1158 1819 Dindorf.
1189 1780 1232 1819 in
1265 1781 1401 1830 Steph.

58 1867 60 1870 v
110 1840 225 1881 Thes.
237 1852 268 1880 s.
283 1852 322 1880 v.
334 1839 617 1892 -παρεγένετο
629 1853 667 1878 κ.
684 1838 841 1889 ἀναὸὰς]
857 1841 886 1878 Α
898 1841 946 1887 0,·
957 1839 1196 1892 παραγέγονε
1204 1852 1243 1877 κ.
1256 1839 1313 1878 ἀν.
1325 1838 1404 1884 bd;

111 1900 409 1950 παραγεγονέναι
425 1900 490 1938 καὶ
507 1899 651 1943 ἀναὸὰς
667 1897 832 1947 reliqui;
848 1897 1148 1948 παραγεγονέναι
1166 1897 1308 1941 ἀναὸὰς
1333 1899 1404 1937 Co-

110 1967 202 2007 ray3
226 1957 545 2008 παραγεγονέναι,
574 1956 800 2007 παρεγένετο
823 1956 889 1994 καὶ
916 1955 956 1993 ἀ.
989 1954 1333 2003 Schneidewinus;
1365 1956 1406 1994 at

50 2019 51 2022 ’
110 2013 210 2054 illud
226 2015 319 2066 μετὰ
335 2014 472 2054 στόλου
487 2013 643 2053 nonnisi
664 2014 704 2052 in
723 2013 895 2053 Minoem
915 2011 1106 2062 quadram
1123 2011 1229 2052 idem
1249 2012 1405 2052 Schnei-

39 2095 44 2097 -
110 2070 290 2114 (lewinus
307 2074 348 2110 in
364 2069 668 2111 Commentariis
683 2069 870 2120 proponit
887 2069 1115 2120 παρεγένετο
1132 2070 1197 2107 καὶ
1211 2069 1324 2115 αὐτὸς
1340 2070 1405 2108 καὶ

111 2129 254 2174 ἆναὸὰς
273 2131 356 2169 κτλ.
382 2131 517 2179 Neque
535 2128 614 2167 hoc
632 2139 732 2178 opus
750 2128 822 2168 est.
846 2128 1035 2167 Ceterum
1053 2127 1103 2166 de
1129 2126 1271 2166 Minois
1286 2137 1405 2176 expe-

101 2185 258 2239 ditione
273 2186 406 2227 Sicula
423 2197 464 2226 v.
484 2185 675 2227 Herodot.
697 2188 796 2236 Vll,
817 2189 889 2225 170
901 2198 912 2234 ;
930 2186 1129 2225 Diodorus
1146 2187 1260 2235 XVI,
1285 2189 1350 2235 82,
1366 2191 1404 2235 3;

52 2294 53 2297 Ἴ
110 2245 311 2284 Plutarch.
333 2245 478 2285 Timol.
496 2256 533 2286 c.
552 2247 600 2284 34
615 2274 627 2293 ,
648 2245 723 2284 etc.
742 2265 796 2273 —-
810 2243 955 2294 Λύκον]
975 2243 1092 2282 κύκον
1109 2244 1142 2282 Α
1164 2243 1204 2282 et
1222 2253 1325 2282 corr.
1348 2245 1402 2287 G,

28 2354 31 2358 ⁵
110 2303 249 2342 κύκνον
265 2314 325 2354 pr.
350 2305 382 2343 C'
391 2315 407 2348 ;
430 2304 591 2343 Ἄλυκον
609 2302 859 2352 wesseling„
880 2303 1043 2351 Koeler.,
1065 2302 1255 2350 Corayus.
1275 2300 1405 2340 Sinte-

32 2359 39 2365 '
55 2401 59 2409 ,
110 2360 173 2399 nis
187 2371 251 2410 ap.
265 2360 554 2401 Schneidewin.
573 2376 583 2400 ε
604 2375 624 2394 «
636 2361 796 2400 Ἄλυκον
809 2358 1114 2399 incertissimum
1130 2368 1213 2397 esse
1224 2360 1407 2397 constans

110 2419 307 2457 monstrat
321 2418 515 2458 librorum
538 2429 620 2457 non
635 2418 764 2457 solum
784 2416 989 2456 Plutarchi
1011 2415 1156 2456 Timol.
1173 2418 1247 2465 34⁶,
1267 2426 1406 2454 verum

33 2456 76 2531 :3327
111 2474 231 2514 etiam
256 2475 420 2515 Diodori
438 2477 555 2526 XVI,
585 2479 632 2515 82
649 2475 690 2514 in
716 2475 844 2520 Λύκος
871 2483 1097 2513 consensus.
1119 2474 1220 2513 Novi
1246 2473 1406 2523 quidem

42 2518 66 2585 ’ἶῗ
109 2531 220 2572 locos
231 2533 376 2583 quibus
392 2533 549 2578 Ἅλυκος
569 2532 710 2572 dicitur
728 2532 888 2582 fluvius,
906 2533 1028 2572 Excc.
1045 2530 1239 2571 Hoeschel.
1269 2536 1316 2570 23
1329 2560 1341 2580 ,
1365 2537 1404 2580 93

33 2580 57 2630 ''f-⁴
112 2592 160 2628 24
175 2619 186 2639 ‚
213 2595 247 2640 1,
271 2590 472 2640 ipsiusque
487 2589 651 2628 Diodori
673 2587 758 2637 XV,
777 2592 839 2637 17,
860 2598 951 2627 cum
976 2587 1173 2627 annotatis
1190 2587 1402 2627 Wesselin-

7 2664 9 2667 v
111 2647 187 2697 gii,
211 2647 279 2691 sed
296 2658 340 2686 ea
356 2651 436 2686 non
452 2648 630 2687 evertere
646 2646 819 2695 intelligo
835 2646 958 2684 trium
974 2645 1211 2695 scriptorum
1227 2644 1266 2683 in
1283 2645 1406 2685 altera

48 2707 61 2742 i
113 2705 242 2745 forma
254 2714 503 2755 consensum,
519 2699 828 2755 haudquaquam
841 2704 951 2743 casui
966 2703 1220 2754 probabiliter
1231 2703 1405 2743 tribuen-

0 2769 2 2811 j
50 2767 52 2771 ’
112 2761 224 2802 dum.
243 2762 395 2803 »Addit
413 2762 736 2803 Schneidewinus
753 2778 761 2801 ε
784 2777 803 2796 α
820 2764 884 2802 Me
899 2763 1043 2811 praeter
1063 2761 1340 2801 auctoritatem
1356 2762 1406 2801 li-

0 2838 3 2846 ·
54 2831 69 2849 ··
112 2819 274 2861 brorum
294 2820 345 2860 ad
361 2820 568 2860 tutandam
584 2820 752 2860 formam
773 2820 902 2860 Λύκον
929 2820 1152 2870 permovit,
1178 2819 1405 2869 quodidem

113 2878 280 2917 aliorum
299 2880 358 2920 est
380 2878 593 2918 fluviorum
619 2889 766 2918 nomen
786 2880 826 2918 et
853 2878 960 2928 quod
985 2878 1027 2918 in
1053 2877 1189 2918 multis
1214 2877 1407 2918 similibus

113 2935 338 2975 nominibus
363 2950 390 2975 α
411 2935 557 2976 mobile
576 2946 660 2976 esse
672 2936 840 2975 constat.
859 2950 879 2969 »
901 2936 1129 2984 Sequuntur
1146 2934 1338 2984 exempla.
1355 2956 1407 2964 —

32 3021 64 3043 ·.
113 2994 301 3046 ποταμὸν]
312 2996 405 3034 ποτὲ
421 2997 499 3035 AG.
520 3017 572 3023 —
591 2993 736 3044 αὐτοῖς]
753 2992 872 3042 Acri,
864 3007 874 3017 ·
894 2994 990 3044 αὐτῇ
1007 2993 1163 3043 reliqui.

164 3054 288 3092 XXX.
316 3052 553 3104 Ξενόκριτος]
571 3063 608 3092 v.
632 3052 772 3092 Glauci
799 3051 966 3101 Rhegini
1000 3052 1048 3091 fr.
1078 3054 1116 3091 4.
1145 3053 1201 3091 De
1219 3051 1406 3102 Erasippo

115 3108 271 3150 aliunde
286 3121 367 3150 non
380 3111 547 3150 constat.
564 3128 617 3139 -—·
633 3115 671 3150 2.
690 3111 793 3161 ὀδυρ.
812 3110 883 3150 οὐκ
902 3109 998 3160 ἔστι]
1016 3110 1077 3150 Cf.
1095 3110 1144 3149 fr.
1171 3113 1209 3149 9.
1227 3134 1279 3143 -
1295 3123 1406 3160 μετα-

108 3167 198 3207 ὅολ.
201 3167 216 3219 ]
235 3170 483 3219 μεταμελικὸν
498 3170 580 3209 Ac.
599 3190 652 3198 -
664 3172 687 3208 3
706 3167 894 3219 κλέπτων]
911 3169 1013 3207 lianc
1031 3178 1172 3207 vocem
1188 3178 1269 3207 om.
1294 3170 1348 3212 0,
1367 3169 1408 3207 et

31 3260 34 3269 ,
45 3218 74 3270 ..ἐς
116 3236 211 3266 sane
217 3225 327 3266 aliud
341 3226 506 3266 verbum
515 3226 756 3266 desideratur
767 3226 951 3278 (μοιχός),
962 3237 1087 3276 quum
1099 3226 1164 3266 lex
1173 3237 1253 3266 non
1263 3225 1312 3265 de
1321 3226 1407 3266 fure

43 3271 90 3354 ἑ
101 3284 191 3334 sit,
219 3283 289 3324 sed
309 3284 359 3324 de
383 3285 554 3324 moecho.
578 3287 630 3324 V.
658 3285 803 3326 AElian.
833 3288 885 3325 V.
916 3287 966 3325 H.
995 3287 1111 3334 XllI,
1141 3289 1188 3325 24
1216 3286 1256 3325 et
1273 3285 1405 3325 Valer.

30 3355 83 3413 νέξ.
115 3342 224 3382 Max.
241 3343 312 3391 VI,
332 3347 368 3392 5,
387 3347 424 3382 3.
442 3344 640 3382 Lacunam
653 3343 807 3382 notavit
820 3342 1104 3383 Schneidewin
1105 3346 1197 3384 ——4.
1211 3345 1407 3394 ΙΙολέμαρ·

26 3371 1409 3508 evastata2¹33.titi3:52⁶‘3223'5'331'&taglsslvfflssctttlt

41 3517 94 3591 *φρ
93 3507 105 3537 ‘³
118 3513 266 3555 demin.
275 3515 371 3565 ,qui
387 3515 497 3570 signa
515 3515 667 3555 lacunae
683 3515 826 3566 posuit.
844 3519 979 3566 «EgO,
993 3516 1068 3567 ait,
1078 3517 1121 3556 in
1135 3517 1197 3556 his
1212 3517 1406 3568 tenebris,

66 3562 209 3622 ’‘’lquae
227 3565 560 3613 narratiunculam
579 3575 788 3624 premunt,
815 3575 892 3614 hoc
908 3574 1115 3625 pervideo,
1140 3575 1334 3625 quidquid
1360 3576 1409 3616 de

118 3628 374 3670 Polemarcho
386 3631 591 3670 narratum
603 3631 739 3670 fuit—
753 3642 846 3671 nam
858 3642 1003 3671 nomen
1015 3631 1218 3682 proprium
1233 3632 1410 3682 accipere

54 3688 70 3726 ’ᾳ
121 3687 337 3727 consultius
351 3689 432 3738 est,
458 3688 550 3739 quia
569 3689 664 3729 alias
682 3703 736 3734 τις
756 3689 935 3729 additum
954 3691 1158 3739 exspectes
1178 3711 1252 3738 —,
1271 3700 1408 3740 perpe-

8 3741 9 3745 ’
39 3750 66 3786 ῒ“·.
87 3752 205 3784 *ram
223 3746 475 3786 Locrensium
494 3746 843 3797 Epizephyriorum
863 3746 1014 3786 civitati
1030 3747 1118 3785 haec
1135 3746 1177 3786 in
1201 3747 1310 3786 libris
1324 3748 1409 3787 vul·

50 3796 72 3857 ᾖ»,
102 3801 278 3852 gai-ibus
301 3804 540 3854 agglutinata
555 3814 655 3844 esse.
675 3803 832 3844 Etenim
853 3806 940 3855 post
955 3806 1285 3844 commemoratas
1307 3805 1410 3854 leges

41 3850 71 3916 ‚it
123 3859 299 3910 Zaleuci,
321 3861 390 3911 qui
407 3861 519 3902 locus
539 3861 704 3901 ultimus
730 3862 831 3901 solet
848 3862 890 3901 in
906 3861 966 3901 his
984 3860 1210 3902 civitatibus
1224 3873 1307 3901 esse
1319 3892 1329 3909 ,
1347 3863 1408 3901 hi-

28 3919 30 3924 '
46 3909 79 3967 ’,ἢ
122 3917 292 3958 atoriolae
303 3928 436 3969 serum
452 3917 547 3968 fuit,
537 3932 546 3942 ·
560 3930 634 3959 nec
643 3919 740 3970 quid
754 3919 805 3958 ad
819 3921 1034 3959 Locrenses
1051 3920 1171 3958 homo
1186 3920 1409 3961 Corinthius

21 3965 33 3980 ⁵
46 3967 87 4018 {2⁹:ss
118 3965 328 4025 pertineat,
342 3977 520 4026 exputes.
537 3979 687 4026 Nempe
703 3977 807 4016 male
819 3977 906 4016 haec
918 3987 942 4016 a
958 3976 1274 4016 Chalcidensium
1292 3978 1410 4018 rebus

39 4022 260 4078 ἕζαινιιΙεε.
276 4033 389 4082 sunt,
409 4043 500 4084 quae
523 4033 564 4073 in
581 4035 805 4074 narratione
821 4034 871 4074 de
890 4034 1049 4074 condita
1067 4033 1199 4084 aliqua
1215 4034 1313 4073 urbe
1329 4035 1404 4073 Co-

24 4065 106 4167 4'
119 4086 357 4129 tinthiorum
373 4090 740 4132 Chalcidensiumve
755 4092 868 4130 erant
886 4091 1026 4140 allata,
1050 4092 1095 4130 ut
1114 4090 1256 4129 similia
1275 4091 1409 4130 statim

47 4169 93 4207 3
119 4143 175 4184 de
195 4145 351 4186 Cleonis
372 4147 509 4187 Athois
524 4149 899 4188 commemorantur.
919 4148 1232 4188 Firmamentum
1251 4149 1408 4188 senten-

0 4243 1 4247 ,
78 4256 79 4259 Ἴ
88 4200 193 4241 tiae
218 4212 318 4242 meae
339 4205 493 4253 repetas
522 4205 642 4244 etiam
669 4205 782 4256 inde,
814 4205 919 4255 quod
947 4207 1120 4255 primum
1139 4205 1181 4243 in
1210 4205 1410 4245 codicibus

0 4248 3 4322 fl
55 4268 68 4289 1
128 4258 308 4299 omnibus
322 4259 584 4302 desideratum
605 4262 749 4303 lemma
767 4263 988 4304 Χαλκιδέων
1005 4273 1027 4303 a
1056 4261 1223 4304 Camillo
1238 4264 1409 4303 Perusco

1096 299 1179 346 DE
1220 298 1421 348 REBUS
1474 300 1768 351 PUBLICIS.

2674 318 2760 358 221

1481 417 1603 456 classe
1619 417 1780 457 advenit
1796 418 1836 458 et
1851 418 2063 458 ascendens
2078 431 2147 470 per
2165 423 2314 470 Lycum
2342 423 2583 474 (Halycum)
2600 424 2767 466 nuvium

1482 488 1580 527 urbe
1610 489 1685 527 hac
1718 490 1867 539 potitus
1895 491 1968 529 est.
2001 491 2124 530 Victis
2153 492 2287 542 itaque
2313 494 2511 545 barbaris,
2535 497 2584 537 de
2606 508 2649 537 se
2681 498 2768 537 urbi

1480 570 1625 600 nomen
1641 560 1852 612 imposuit,
1870 561 2052 611 legesque
2073 562 2247 602 Creticas
2266 564 2320 602 ibi
2336 565 2519 606 instituit.

1847 734 1998 782 XXX.
2037 734 2402 783 LOCRORUM.

1535 854 1646 894 Locri
1673 854 1834 894 fuerunt
1872 854 2110 894 Xenocritus
2142 855 2281 905 poeta,
2316 856 2386 906 qui
2408 866 2540 897 caecus
2569 856 2610 897 in
2642 858 2772 898 lucem

1480 925 1610 965 editus
1628 926 1708 975 est,
1731 927 1772 966 et
1786 926 2012 976 Erasippus.

1533 1003 1570 1038 2.
1600 997 1715 1048 Apud
1741 1008 1808 1038 eos
1833 998 1955 1038 moris
1979 1009 2060 1038 non
2086 999 2145 1038 est
2174 998 2309 1049 lugere
2334 1000 2533 1050 mortuos,
2560 1000 2626 1040 sed
2645 1012 2771 1051 quum

1481 1070 1653 1110 efferunt
1682 1081 1770 1119 eos,
1803 1070 1887 1110 laeti
1912 1070 2140 1110 convivium
2167 1071 2329 1121 agitant.
2353 1072 2543 1112 Tabernae
2569 1072 2773 1114 institoriae

1481 1142 1587 1193 apud
1614 1153 1681 1182 eos
1699 1153 1780 1182 non
1801 1144 1916 1193 sunt,
1933 1142 2003 1182 sed
2018 1143 2156 1183 rustici
2173 1153 2246 1182 sua
2270 1143 2306 1182 ei
2328 1143 2464 1183 statim
2478 1144 2681 1195 vendunt,
2703 1145 2773 1196 qui

1480 1214 1558 1254 illis
1573 1213 1732 1264 indiget.

1534 1291 1570 1327 3.
1599 1287 1640 1327 Si
1668 1288 1758 1338 quis
1786 1287 1828 1327 in
1861 1286 2081 1326 adulterio
2112 1286 2432 1338 deprehenditur,
2465 1286 2708 1327 effodiuntur
2740 1289 2777 1329 ei

1482 1359 1602 1399 oculi.
1623 1358 1796 1409 Contigit
1815 1360 1950 1398 autem
1966 1359 2010 1397 ut
2026 1358 2184 1398 Zaleuci
2196 1358 2302 1398 filius
2317 1358 2688 1409 deprehenderetur.
2704 1360 2777 1400 cui

1483 1442 1605 1482 quum
1627 1431 1741 1471 Locri
1756 1441 1915 1482 poenam
1934 1430 2138 1470 remittere
2156 1430 2324 1480 vellent,
2339 1441 2423 1469 non
2442 1430 2536 1470 tulit
2556 1430 2611 1482 (id
2626 1431 2752 1482 pater)
2762 1445 2775 1482 ;

1483 1502 1555 1543 sed
1570 1503 1645 1543 sibi
1661 1514 1789 1542 unum
1801 1533 1812 1554 ,
1830 1503 2001 1542 alterum
2020 1502 2103 1542 filio
2123 1502 2285 1542 oculum
2302 1502 2421 1542 eruit.

1534 1579 1573 1616 4.
1603 1575 1886 1616 Polemarchus
1904 1575 2087 1626 perJ‘urus
2102 1585 2126 1614 a
2141 1574 2440 1622 Corinthiorum
2456 1575 2579 1615 classe
2598 1575 2773 1626 aufugit;

1482 1658 1603 1698 quem
1624 1647 1852 1687 fabulantur
1867 1647 2015 1687 idcirco
2029 1647 2152 1687 noctu
2167 1646 2448 1687 dormitantem
2464 1658 2488 1687 a
2503 1648 2682 1688 mustelis
2694 1659 2779 1687 cor-

1480 1781 1744 1831 inopportune
1766 1780 1993 1830 suppletum
2020 1780 2101 1829 est;
2119 1779 2260 1818 deinde
2282 1779 2449 1830 scriptor
2466 1780 2519 1818 ita
2535 1780 2658 1830 pergit
2676 1792 2685 1818 :
2704 1794 2776 1819 κα·
2811 1809 2814 1813 .

1481 1840 1652 1890 τῴκισαν
1665 1840 1705 1878 δὲ
1720 1840 1786 1878 καὶ
1803 1839 1983 1884 Κλεωνὰς
1995 1839 2213 1887 Χαλκιδεῖς,
2227 1839 2273 1878 ut
2286 1837 2335 1878 de
2347 1838 2422 1877 alia
2438 1838 2592 1877 colonia
2607 1838 2778 1879 deducta

1480 1907 1610 1936 sermo
1641 1898 1760 1937 fuisse
1782 1899 1897 1937 antea
1926 1899 2122 1946 oporteat.
2155 1896 2282 1945 Quid,
2314 1898 2361 1935 ut
2391 1896 2633 1945 conjecturae
2652 1898 2778 1937 aleam

1483 1956 1658 1996 modeste
1676 1956 1867 2005 jaciamus
1878 1984 1890 2006 ,
1906 1955 2000 1996 side
2016 1956 2114 1995 urbe
2133 1956 2264 2005 aliqua
2280 1958 2511 1995 narraverat
2528 1956 2776 2008 Aristoteles,

1481 2025 1571 2063 quae
1591 2014 1632 2053 in
1648 2014 1878 2053 memoriam
1894 2014 2041 2064 perJuri
2058 2014 2228 2053 hominis
2242 2024 2388 2052 nomen
2411 2023 2435 2051 a
2448 2015 2583 2062 γαλαῖς
2608 2014 2690 2054 istis
2710 2025 2778 2054 ac-

1481 2073 1643 2121 ceptum
1668 2072 1812 2111 habere
1831 2071 2042 2119 diceretur,
2067 2071 2191 2111 veluti
2210 2071 2250 2110 in
2270 2071 2397 2111 Pieria
2422 2071 2663 2111 Macedoniae
2691 2074 2777 2112 erat

1483 2130 1681 2181 Γαλάόρα,
1700 2130 1741 2168 in
1769 2130 2198 2170 Thracia·Thasiorum
2219 2129 2374 2168 colonia
2393 2129 2595 2180 Γαληψόςῐ>
2612 2130 2687 2168 Sed
2704 2131 2779 2170 hoc

1481 2186 1675 2237 quidquid
1690 2188 1772 2235 est,
1796 2187 1999 2226 communi
2016 2186 2176 2226 vinculo
2200 2190 2275 2225 τῶν
2292 2187 2420 2235 γαλῶν
2437 2188 2476 2226 et
2495 2190 2601 2236 μυῶν
2629 2189 2778 2226 utram·

1481 2255 1560 2293 que
1575 2245 1912 2284 narratiunculam
1931 2255 2075 2283 nexam
2092 2244 2211 2283 tuisse
2230 2245 2429 2283 neminem
2449 2245 2581 2294 fugiet.
2603 2260 2622 2279 »
2639 2246 2779 2285 Varias

1480 2303 1666 2352 rationes,
1683 2303 1825 2352 quibus
1838 2302 2082 2342 Polemarchi
2098 2302 2184 2342 haec
2198 2302 2402 2341 historiola
2416 2312 2507 2341 cum
2524 2304 2778 2343 Locrensium

1482 2361 1600 2400 rebus
1612 2361 1824 2410 conjuncta
1840 2360 1955 2399 fuisse
1967 2355 2156 2410 potuerit,
2176 2360 2215 2399 in
2231 2359 2405 2399 medium
2423 2360 2571 2410 profert
2582 2362 2775 2402 Koelerus.

1481 2418 1653 2466 cogitari
1666 2429 1778 2468 posse
1791 2420 1904 2468 putat
1917 2418 1967 2457 de
1980 2418 2237 2458 Polemarcho
2248 2419 2439 2467 Spartano
2453 2419 2519 2468 qui
2535 2419 2777 2468 Polydorum

1481 2476 1870 2515 Lacedaemoniorum
1893 2486 2024 2525 regem
2048 2476 2243 2515 interfecit
2268 2476 2316 2515 iis
2335 2477 2598 2526 temporibus,
2632 2477 2778 2527 quibus

1481 2533 1767 2572 Lacedaemonii
1786 2534 1959 2572 colonias
1976 2535 2186 2573 Crotonem
2203 2535 2244 2573 et
2263 2536 2409 2573 Locros
2427 2534 2620 2574 miserunt
2636 2534 2652 2583 (
2669 2538 2776 2574 Pau-

1481 2601 1566 2630 san.
1594 2593 1671 2640 ΙΙΙ,
1691 2597 1735 2640 3,
1759 2596 1775 2630 1
1794 2592 1823 2641 ).
1849 2589 1959 2629 Idem
1976 2590 2084 2630 addit
2103 2591 2190 2630 haec
2209 2606 2219 2630 z
2242 2605 2260 2624 «
2284 2590 2491 2631 societatis
2511 2593 2703 2632 rationem
2717 2593 2778 2632 in-

1479 2648 1541 2687 ter
1567 2649 1783 2697 utrumque
1814 2647 2007 2696 populum
2029 2648 2203 2697 (Locros
2229 2648 2270 2687 et
2294 2648 2540 2699 Corinthios)
2561 2650 2685 2698 possis
2705 2650 2775 2690 de-

1480 2705 1723 2755 prehendere
1738 2706 1779 2744 in
1799 2705 2032 2753 cognatione
2051 2707 2351 2754 Corcyraeorum
2367 2707 2407 2744 et
2432 2708 2646 2745 Locrorum
2667 2708 2774 2757 (Co-

1480 2774 1574 2803 non.
1594 2766 1709 2804 Narr.
1731 2764 1804 2814 3),
1822 2774 1993 2815 quorum
2008 2763 2066 2802 illi
2087 2774 2111 2802 a
2134 2763 2326 2803 Corintho
2345 2764 2504 2802 oriundi
2526 2767 2654 2803 erant.
2676 2765 2776 2805 Hinc

1482 2823 1613 2862 forsan
1635 2823 1785 2862 factum
1796 2853 1808 2873 ,
1824 2824 1872 2863 ut
1886 2822 2047 2862 Archias
2067 2822 2132 2861 ille
2148 2822 2302 2861 celeber
2317 2825 2530 2871 Syracusas
2546 2822 2777 2863 conditurus

1481 2882 1626 2920 Locros
1641 2880 1863 2921 deverteret
1873 2911 1885 2930 ,
1904 2891 2026 2930 quern
2042 2883 2188 2930 Dores‚
2208 2880 2276 2930 qui
2294 2890 2407 2918 oram
2423 2881 2658 2920 Locrensem
2673 2881 2777 2922 inse·

1481 2938 1641 2987 derant,
1660 2949 1796 2978 secum
1818 2938 1977 2978 duxisse
1999 2937 2122 2977 tradit
2147 2940 2344 2987 Scymnus
2368 2938 2491 2978 Chius
2514 2942 2602 2979 277.
2624 2942 2776 2979 Verum

1481 3007 1606 3046 quum
1621 2997 1708 3035 haec
1723 2996 1920 3047 expeditio
1932 2995 2083 3035 navalis
2101 2995 2208 3045 prior
2219 2995 2270 3035 sit
2284 2995 2352 3034 illa
2365 2995 2551 3046 Polydori
2567 3007 2664 3037 nece
2674 3026 2686 3046 ,
2706 3000 2777 3037 Po·

1481 3054 1704 3093 lemarchus
1718 3054 1783 3094 hic
1801 3055 1980 3094 diversus
1994 3054 2046 3093 sit
2071 3054 2228 3103 oportet
2246 3063 2270 3093 a
2293 3053 2394 3103 regis
2409 3055 2591 3103 Spartani
2615 3065 2776 3105 percus-

1481 3123 1582 3152 sore.
1602 3113 1836 3152 Proximum
1851 3112 1926 3163 sit,
1942 3113 1988 3152 ut
2003 3111 2053 3151 ad
2069 3111 2328 3151 Timoleontis
2343 3122 2405 3151 res
2420 3111 2606 3151 decurras
2617 3142 2628 3162 ,
2651 3112 2776 3152 sedin

1482 3169 1528 3209 iis
1539 3170 1661 3209 ullam
1672 3181 1765 3209 cum
1780 3170 1914 3210 Locris
1925 3169 2244 3209 communionem
2261 3170 2407 3210 frustra
2421 3180 2589 3219 quaeras,
2601 3170 2672 3209 etsi
2683 3182 2775 3210 eum

1482 3238 1562 3266 orae
1573 3229 1735 3268 Graeciae
1744 3229 1905 3279 maj0ris
1913 3229 2077 3268 classem
2085 3228 2279 3278 appulisse
2287 3229 2327 3267 et
2339 3228 2459 3277 Rhegi
2463 3228 2473 3266 i
2483 3228 2775 3278 Metapontique

1482 3285 1599 3325 fuisse
1618 3287 1786 3326 constat.
1811 3303 1830 3322 ‚2
1852 3287 2093 3337 Argumenta
2107 3286 2251 3336 quibus
2267 3285 2588 3326 Schneidewinus
2603 3286 2689 3324 haec
2710 3296 2775 3329 se-

1482 3343 1655 3393 paranda
1668 3355 1691 3383 a
1703 3344 1957 3384 Locrensium
1971 3344 2106 3394 politia
2119 3346 2265 3393 censet,
2281 3354 2422 3394 parum
2435 3343 2618 3393 ponderis
2631 3343 2772 3383 hahere

1483 3400 1579 3439 mihi
1595 3401 1805 3451 videntur3
1822 3412 1869 3440 ac
1885 3401 1935 3441 de
1950 3402 2138 3441 Locrensi
2149 3401 2308 3440 homine
2326 3410 2549 3440 sermonem
2564 3410 2648 3440 aese
2661 3410 2711 3439 ex
2726 3400 2773 3440 iis

1481 3457 1659 3496 nascitur
1677 3458 1848 3508 suspicio
1859 3488 1871 3508 ,
1889 3469 1980 3508 quae
1992 3458 2099 3508 apud
2117 3458 2316 3498 AElianum
2327 3461 2422 3497 Var.
2442 3457 2540 3496 Hist.
2558 3458 2663 3506 XIV,
2678 3459 2701 3495 4
2714 3467 2771 3496 re·

1483 3515 1591 3565 perio
1608 3531 1617 3554 ε
1637 3516 1726 3555 ΓὈτι
1742 3516 1965 3567 Ἀριστείδης
1980 3518 2001 3555 ὁ
2019 3516 2202 3567 Λοκρὸς
2228 3517 2317 3555 ὑπὸ
2337 3514 2606 3565 Ταρτησίας
2628 3515 2771 3564 γαλῆς

1485 3571 1678 3623 δηχθεὶς
1699 3575 1763 3612 καὶ
1782 3575 2035 3620 ἀποθνήσκων
2059 3574 2176 3613 εἶπεν·
2204 3573 2262 3613 ὅτι
2278 3573 2375 3612 πολὺ
2398 3574 2444 3612 ἂν
2470 3573 2574 3618 ἥδιον
2595 3571 2642 3620 ἦν
2667 3572 2771 3621 αὐτῷ

1483 3630 1654 3680 δηχθέντι
1674 3632 1748 3670 ὑπὸ
1764 3630 1912 3676 λέοντος
1929 3633 1952 3678 ἢ
1969 3631 2190 3682 παρδάλεως
2204 3631 2421 3678 ἀποθανεῖν,
2440 3630 2543 3680 εἴπερ
2555 3629 2620 3668 οὗν
2632 3630 2704 3668 ἔδει
2714 3642 2769 3667 τι-

1482 3689 1544 3732 νὸς
1558 3691 1615 3738 τῷ
1627 3689 1777 3738 θανάτῳ
1793 3689 2033 3739 προφάσεως,
2048 3690 2071 3736 ἢ
2085 3690 2160 3728 ὑπὸ
2178 3688 2307 3740 θηρίου
2321 3687 2507 3727 τοιούτου·
2523 3689 2590 3733 τήν
2603 3686 2766 3733 ἀδοξίαν,

1484 3748 1567 3798 ἐμοὶ
1581 3749 1719 3795 δοκεῖν,
1734 3748 1873 3792 ἐκεῖνος
1885 3752 1953 3787 τοῦ
1969 3749 2160 3798 δήγματος
2171 3749 2302 3796 πολλῷ
2320 3746 2521 3797 βαρύτερον
2533 3745 2652 3795 φέρων
2668 3745 2691 3790 ἢ
2704 3743 2767 3782 τὸν

1484 3803 1644 3843 θάνατον
1665 3804 1791 3846 αὐτόν,
1814 3806 1916 3844 Sane
1934 3805 2095 3855 quidem
2114 3804 2217 3854 apud
2238 3802 2481 3844 Heraclidem
2501 3812 2580 3839 non
2601 3801 2767 3839 mustela

1483 3860 1682 3900 hominem
1695 3890 1706 3909 ‚
1724 3861 1791 3901 sed
1806 3861 1925 3901 homo
1947 3862 2029 3911 ipse
2040 3872 2082 3901 se
2095 3862 2256 3912 propter
2271 3859 2455 3899 mustelas
2473 3857 2682 3906 interfecit,
2697 3856 2766 3895 sed

1483 3929 1600 3957 nemo
1623 3919 1769 3965 nescit,
1787 3921 1983 3969 quantum
2003 3918 2194 3969 ejusmodi
2213 3917 2425 3957 historiolae
2442 3915 2579 3953 variari
2600 3914 2763 3960 soleant,

1483 3975 1581 4014 adeo
1600 3977 1646 4015 ut
1672 3976 1786 4015 facile
1811 3976 1895 4016 fieri
1914 3977 2059 4027 possit,
2077 3978 2122 4015 ut
2148 3975 2325 4015 AElianus
2345 3975 2384 4013 et
2401 3973 2538 4013 Noster
2559 3972 2608 4009 de
2627 3970 2765 4009 eodem

1483 4034 1569 4072 viro
1595 4034 1716 4073 verba
1741 4034 1900 4074 faciant.
1929 4033 2054 4084 Igitur
2068 4034 2307 4083 πολέμαρχος
2333 4041 2411 4069 non
2430 4029 2524 4071 viri,
2545 4027 2613 4066 sed
2638 4028 2764 4077 digni-

1482 4091 1574 4130 tatis
1591 4102 1735 4130 nomen
1751 4102 1834 4131 esse
1849 4102 1941 4130 cum
1956 4092 2107 4141 Heynio
2125 4091 2299 4140 (opusc.
2320 4086 2357 4126 ἸΙ
2370 4116 2381 4136 ,
2395 4098 2434 4136 p.
2457 4085 2526 4133 52)
2548 4085 2763 4125 statuerim.

1483 4148 1695 4188 Aristidem
1724 4151 1980 4197 Locrensem,
2001 4148 2173 4188 Platonis
2201 4146 2393 4191 amicum,
2414 4143 2483 4191 qui
2508 4141 2628 4180 filiam
2652 4153 2764 4182 suam

1483 4206 1669 4255 Dionysio
1685 4206 1828 4246 seniori
1843 4206 1885 4244 in
1911 4205 2207 4244 matrimonium
2227 4200 2436 4251 postulanti
2457 4199 2671 4246 recusavit,
2690 4210 2763 4238 cu·

1482 4262 1623 4313 jusque
1635 4263 1778 4305 liberos
1790 4263 1923 4313 postea
1935 4264 2126 4313 tyrannus
2138 4258 2344 4306 interfecit,
2359 4256 2539 4296 novimus
2551 4267 2599 4295 ex
2614 4256 2763 4296 Plutar-
