3016 4628
126 3304 130 3308 ·
208 3297 367 3345 taretin,
390 3299 474 3337 Non
497 3309 607 3348 posse
636 3310 747 3341 suaV.
777 3303 855 3342 vivi
886 3316 964 3344 sec.
1001 3308 1104 3357 Epic.
1139 3320 1174 3349 c.
1213 3316 1258 3350 10
1279 3341 1290 3360 ,
1309 3322 1351 3362 p.
1389 3316 1487 3353 1093

985 255 2037 387 ΑΒΙὸΤΟΤΕΙιΕΞ.

1281 537 1750 568 ψ’-

254 717 434 777 Scripta
452 715 732 770 Aristotelis,
756 712 924 772 quibus
948 715 1217 769 argumenta
1246 701 1465 746 historica
1541 695 1650 741 λεων
1685 691 1910 738 ἰδιωτικῶν
1952 683 2101 749 (ἰδίως
2134 685 2398 748 τυραννικῶν
2424 685 2548 746 conj.
2577 684 2833 752 Fabricius)

191 798 444 838 tractantur
468 804 480 832 :
1542 765 1615 818 καὶ
1636 763 1966 831 δημοκρατικῶν
1991 757 2066 808 καὶ
2087 758 2378 822 ὀλιγαρχικῶν
2401 757 2510 823 ρνη’.

263 880 302 909 ¹·
334 861 637 908 llohretaz.
659 860 736 904 Fr.
766 842 969 908 14241.
1609 837 1877 901 [Ammonii
1900 851 1936 882 s.
1972 830 2256 894 Philoponi]
2281 832 2375 878 Vit.
2402 830 2544 878 Arist.
2569 848 2620 893 p.
2664 839 2754 888 401
2792 835 2843 880 in

258 950 304 979 2,
331 930 549 991 Νόαιμα
573 925 895 993 βαρὸαριχά.
921 927 997 971 Pr.
1028 919 1300 974 242-253.
1543 913 1688 974 Βιογρ.
1733 911 1981 956 Westerm.
2026 920 2038 952 ε
2079 901 2254 966 Ἀμέλει
2296 901 2371 950 καὶ
2418 901 2683 951 συνώδευσεν
2722 906 2843 974 αὐτῷ

321 979 554 1065 Ῥωμαίων
576 1000 757 1047 &uum-
783 1002 858 1045 FP·
887 992 1158 1049 242—245·
1544 978 1863 1046 (Ἀριστοτέλης
1887 974 2178 1041 Ἀλεξάνδρῳ)
2221 972 2353 1040 μέχρι
2376 973 2450 1021 καὶ.
2475 972 2562 1022 ἔσω
2595 977 2680 1023 τῶν
2698 979 2849 1048 Βραχ-

322 1076 558 1140 Τυρρηνῶν
574 1044 753 1135 νόίιιίια.
781 1074 859 1117 Fr.
882 1069 991 1122 246.
1551 1052 1723 1115 μάνων,
1762 1050 1846 1099 ἔνθ’
1880 1048 2035 1106 ἔστησε
2062 1046 2161 1111 (sic)
2180 1044 2258 1100 τὰς
2273 1043 2358 1093 σνε’
2378 1045 2612 1102 πολιτείαςρ

261 1150 305 1195 3.
330 1145 679 1208 Δικαιώματα
712 1142 910 1188 πόλεων
958 1138 1013 1201 β’.
1052 1138 1126 1189 Fr.
1173 1134 1262 1187 254
1278 1168 1289 1189 ,
1323 1130 1433 1177 255.
1608 1125 1827 1186 Ejusdem
1848 1126 1964 1170 Vitae
2000 1125 2256 1181 Interpret.
2293 1122 2438 1190 latina
2470 1122 2548 1166 ed.
2586 1124 2848 1169 Nunnesius

261 1219 423 1286 [Περὶ
467 1221 566 1264 τῶν
611 1215 852 1266 Σόλωνος
894 1209 1087 1264 ἀξόνων
1138 1206 1183 1254 ε’.
1231 1210 1466 1264 Anonym.
1542 1217 1590 1261 p.
1641 1205 1698 1253 14
1746 1196 2047 1259 (Helmstadii
2085 1194 2227 1249 1664.
2254 1191 2310 1256 4)
2347 1195 2726 1263 ειῙιιυεηεμαίειη
2742 1201 2849 1248 ‚exi-

193 1290 435 1354 Menagfi]
462 1292 530 1338 Cf·
555 1292 612 1335 fr·
646 1307 662 1334 1
675 1305 718 1335 2,
1541 1282 1684 1318 scente
1698 1271 1974 1316 Alexandro
1995 1279 2041 1314 et
2059 1270 2289 1313 militante
2310 1276 2471 1312 contra
2487 1269 2668 1324 Persas,
2694 1271 2846 1315 eundo

262 1372 305 1419 4.
332 1362 660 1425 Ἀλέξανδρος
680 1360 708 1418 ἢ
733 1357 858 1420 ὑπὲρ
885 1355 1159 1402 ἀποικιῶν.
1181 1353 1325 1411 Diog.·
1346 1352 1399 1394 L.
1416 1351 1469 1403 V,
1504 1369 1511 1431 Ι
1545 1362 1644 1390 cum
1671 1361 1726 1390 eo
1764 1359 1848 1388 nec
1890 1353 1983 1388 tum
2008 1342 2235 1390 abstinuit
2249 1338 2580 1405 philosophari
2609 1343 2837 1390 Aristote-

195 1454 273 1485 αα,
295 1442 528 1483 Anonvm.
551 1438 730 1494 Mcnag.
760 1432 883 1477 Nihil
901 1436 1125 1488 superstes
1148 1425 1219 1487 (Ἴ.
1488 1463 1491 1466 ,
1545 1422 1636 1474 les;
1682 1429 1786 1462 tanc
1822 1421 1947 1462 enim
1978 1417 2227 1475 composuit
2267 1406 2507 1458 historiam
2538 1411 2841 1463 ducentarum

262 1509 308 1555 5.
339 1485 713 1571 [Eup-rigarem]
741 1509 817 1551 Fr.
847 1499 1120 1547 256—260.
1544 1503 1593 1536 et
1618 1493 1961 1551 quinquaginta
1978 1489 2269 1549 politiarum.
2595 1544 2598 1547 Δ
2631 1532 2634 1535 ,
2680 1527 2686 1536 ,

261 1582 307 1627 6.
338 1579 766 1640 Ὀλυμπιονῖκαι,
792 1579 867 1622 Fr.
901 1573 1173 1624 261—264.
1610 1564 1857 1609 Herbelot.
1901 1562 1953 1604 in
1986 1557 2318 1618 Bibliotheque
2348 1558 2586 1604 Orientale
2624 1575 2671 1627 p.
2707 1576 2800 1622 971
2831 1576 2844 1606 ε

264 1669 307 1709 7,
343 1654 665 1699 Πυθιονῖκαι,
695 1653 771 1695 Fr,
803 1648 910 1694 265,
1553 1657 1572 1678 «
1599 1640 1762 1682 Knun
1801 1649 1983 1681 snssxr
2019 1646 2268 1687 amonim,
2301 1632 2412 1676 titre
2431 1631 2497 1676 du
2526 1632 2644 1678 livre
2668 1632 2750 1701 (les
2770 1634 2850 1678 re-
2910 1636 2913 1638 ’

261 1725 307 1769 8,
342 1725 498 1770 Νῖκαι
526 1719 898 1771 Διονυσιαχαί,
922 1724 997 1768 Fr,
1026 1718 1136 1763 266,
1545 1711 1796 1770 publiques
1835 1707 2093 1752 d’Aristote
2122 1704 2300 1750 traduit
2324 1719 2386 1749 en
2419 1705 2584 1762 arabe,
2629 1705 2744 1751 dans
2776 1706 2850 1751 le-

261 1813 307 1856 9.
333 1794 701 1843 Διδασκαλίαι.
724 1797 801 1839 Fr.
829 1794 1100 1851 267—272.
1548 1783 1672 1842 quel,
1695 1782 1877 1826 suivant
1892 1777 2263 1839 Hagi-Khalfah,
2281 1777 2316 1820 il
2328 1778 2407 1822 fait
2428 1778 2642 1838 mention
2664 1777 2724 1823 de
2743 1787 2852 1824 cent

235 1885 304 1913 10.
332 1869 462 1931 Περὶ
491 1868 722 1924 ποιητῶν
746 1864 878 1928 βιὸλ.
903 1864 959 1926 γ’.
988 1868 1065 1911 Fr.
1096 1859 1367 1919 573-a280.
1549 1853 1875 1914 quatre-vingt
1918 1866 2033 1895 onze
2077 1850 2212 1895 villes
2251 1864 2316 1893 ou
2363 1850 2668 1910 republiques
2714 1849 2852 1895 diffe-

235 1958 250 1985 ι
268 1957 305 1987 1,
333 1940 648 2003 Παροιμίαι,
678 1937 823 2003 βιςλ,
851 1937 1004 1985 oe'..Fr.
1032 1936 1141 1983 281,
1550 1934 1702 1978 rentes
1725 1923 1853 1973 etde
1875 1924 1980 1971 leur
1999 1923 2092 1971 ctat
2112 1921 2483 1982 demae-ratique.
2513 1941 2534 1962 »

236 2029 308 2059 12.
340 2012 583 2074 [Πέπλος.]
609 2015 685 2059 Fr.
714 2011 987 2057 282—288,
1616 1998 1781 2043 Cicero
1812 1998 1884 2041 De
1903 1996 2008 2042 Fin.
2033 1995 2100 2051 V,
2133 2011 2187 2039 11
2220 2011 2246 2038 :¹
2268 1995 2344 2039 Ab
2373 1994 2623 2039 ArI'stotele
2646 1998 2851 2040 omnium

1537 2070 1649 2130 sere
1675 2074 1907 2114 civitatum
1925 2083 2018 2112 non
2053 2068 2251 2112 Groeeioe
2268 2069 2415 2112 solum
2431 2101 2447 2123 ,
2466 2067 2552 2111 sed
2570 2070 2714 2111 etiam
2746 2068 2852 2111 bar-

749 2160 983 2181 σῦκ’-
1491 2166 1495 2169 <
1552 2145 1700 2189 ὑανίας
1716 2157 1882 2197 mores,
1908 2144 2138 2196 instituta,
2166 2141 2456 2200 disczple'nas,
2483 2134 2515 2183 a
2540 2138 2855 2200 Theophrasto

1551 2220 1693 2260 etiam
1712 2218 1836 2274 leges
1850 2218 2156 2275 cognovimus,

586 2270 643 2333 Π
651 2269 801 2333 ΟΛῙ
811 2270 866 2334 T
878 2270 962 2333 El
967 2272 1020 2333 A
1030 2271 1078 2335 I.
1136 2326 1139 2329 ,
1618 2290 1643 2334 J
1646 2304 1722 2335 am
1742 2286 1874 2348 quod
1889 2301 2140 2335 numerum
2155 2285 2430 2334 Politiarum
2450 2284 2642 2342 attinet,
2659 2292 2714 2333 ut
2729 2300 2856 2337 nune

1552 2370 1600 2405 se
1625 2369 1698 2400 res
1712 2349 1869 2410 habet,
1889 2350 2279 2412 acquiescendum
2299 2360 2367 2396 est
2380 2351 2431 2394 in
2458 2350 2723 2394 testimonio
2739 2347 2857 2400 Dio-

635 2434 1019 2481 TESTIMONIA,
1552 2428 1682 2488 genis
1709 2435 1756 2471 et
1787 2425 2025 2486 Anonymi
2051 2425 2270 2484 Menagii.
2309 2424 2367 2467 In
2390 2423 2497 2468 Vita
2530 2423 2772 2468 Ammonii
2808 2431 2857 2490 qt

861 2529 864 2532 ·
1552 2500 1777 2545 Nunnesii
1798 2513 2021 2543 numerus
2046 2494 2138 2542 255
2169 2497 2246 2541 vel
2269 2493 2364 2540 250
2386 2504 2638 2555 corruptus
2660 2509 2757 2540 esse
2778 2496 2855 2540 vi-

259 2570 454 2627 Diogen.
472 2570 525 2612 L.
553 2570 616 2624 V,
643 2584 699 2625 27
737 2571 787 2612 in
811 2571 1068 2615 Aristotelis
1091 2572 1374 2631 scriptorum
1398 2588 1479 2618 ca-
1555 2573 1694 2618 detur
1714 2587 1773 2617 ex
1814 2569 1902 2616 155
1938 2572 2015 2615 vel
2055 2568 2165 2615 150.
2206 2568 2333 2627 Quid
2365 2567 2426 2613 de
2458 2568 2626 2613 Arabis
2656 2582 2856 2614 numero

200 2642 352 2699 talogo
392 2655 402 2682 ε
441 2638 661 2685 Πολιτεῖαι
697 2640 863 2686 πόλεων
896 2641 1007 2687 δυοῖν
1045 2640 1238 2688 δεούσαιν
1272 2640 1479 2699 ἑξήκοντα
1561 2661 1646 2706 191
1671 2644 1971 2690 statuendum
1994 2644 2077 2700 sit,
2103 2644 2155 2687 in
2179 2641 2339 2686 medio
2369 2641 2705 2700 relinquamus.
2731 2641 2857 2686 For-

201 2782 398 2846 κρατικαὶ
420 2782 489 2828 καὶ
512 2783 774 2845 τυραννικαί.
1554 2798 1655 2834 tuta
1688 2791 1739 2833 in
1775 2785 1991 2848 Νομίμοις
2015 2784 2308 2850 Βαρὸαρικοῖς
2337 2794 2503 2829 auctor
2536 2795 2854 2832 recensuerat.

267 2859 534 2922 Anonymus
559 2858 758 2917 Menagii
786 2855 861 2922 (p.
892 2865 982 2913 404
1023 2862 1073 2904 in
1098 2862 1244 2924 Βιογρ.
1269 2865 1482 2908 VVester-
1555 2863 1774 2907 Ceterum
1817 2876 1964 2920 quum
2010 2859 2276 2919 Simplicius
2318 2858 2368 2902 in
2402 2858 2622 2917 Prolegg.
2663 2857 2724 2902 ad
2767 2857 2858 2903 Ca—

202 2926 383 2985 manni)
422 2929 539 2971 inter
565 2930 732 2987 scripta
760 2932 840 2974 Ar.
868 2942 1074 2977 recenset
1101 2949 1111 2977 :
1146 2933 1376 2989 Πολιτείας
1400 2934 1480 2981 πό·
1555 2927 1679 2997 tegg.
1701 2932 1752 2996 Γ)
1784 2935 1849 2978 ita
1864 2934 2154 2977 mentionem
2174 2930 2415 2977 Πολιτειῶν
2434 2928 2638 2988 injiciat,
2664 2937 2718 2974 ut
2735 2931 2859 2975 inter

1554 3012 1780 3067 genuinas
1815 3015 1862 3050 et
1890 2992 2071 3066 sfiurIas
2101 3001 2483 3064 distinguendum
2516 3002 2594 3058 sit,
2632 3003 2708 3046 vel
2747 3002 2858 3048 hinc

1555 3090 1686 3142 patet
1723 3080 1837 3124 alios
1878 3079 2021 3123 alium
2061 3077 2338 3122 Politiarum
2373 3089 2624 3119 numerum
2665 3075 2858 3122 laudare

1555 3154 1779 3214 potuisse.
1800 3176 1864 3185 ——
1880 3153 1940 3196 In
1957 3150 2225 3211 fragmentis
2243 3148 2413 3192 nostris
2431 3147 2749 3192 recensuimus
2763 3149 2859 3193 Po-

1557 3227 1677 3271 litias
1712 3227 1969 3283 nonaginta
1991 3227 2205 3284 quinque.
2231 3222 2361 3265 Inter
2392 3235 2466 3264 eas
2489 3221 2718 3279 expressis
2749 3235 2855 3266 ver·

1557 3299 1629 3342 bis
1652 3298 1854 3342 citantur
1890 3296 2206 3356 quadraginta
2228 3297 2456 3354 quinque;
2487 3307 2550 3353 en
2579 3295 2861 3352 argumentis

1559 3371 1932 3431 fragmentorum
1947 3402 1960 3424 ,
1983 3368 2155 3427 quibus
2186 3366 2299 3410 libri
2322 3366 2492 3411 notitia
2523 3379 2624 3408 non
2646 3363 2858 3428 additur,

1561 3444 1764 3488 eruimus
1784 3442 1895 3486 alias
1916 3441 2104 3485 Politias
2120 3440 2319 3484 sedecim
2329 3452 2345 3493 ;
2375 3437 2580 3496 denique
2603 3437 2728 3483 inter
2746 3437 2859 3481 civi·

1562 3523 1701 3570 tates,
1729 3514 1969 3574 octoginta
1991 3512 2089 3557 fere
2109 3526 2334 3571 numero,
2359 3524 2462 3568 quae
2482 3508 2862 3554 in⁴Politicorum

1561 3587 1692 3631 libris
1726 3593 2174 3640 commemorantur,
2208 3586 2399 3642 triginta
2433 3590 2650 3641 quattuor
2694 3595 2861 3625 occur·-

1562 3669 1673 3704 runt
1687 3693 1699 3716 ,
1727 3673 1925 3718 quarum
1955 3658 2006 3702 in
2025 3656 2298 3717 fragmentis
2321 3654 2490 3699 nostris
2507 3653 2636 3697 nulla
2655 3650 2708 3696 fit
2725 3667 2862 3698 men-

1564 3733 1630 3776 tio
1643 3766 1656 3788 ,
1681 3746 1828 3791 quum
1847 3739 2003 3776 tamen
2019 3729 2172 3773 omitti
2191 3729 2314 3772 inter
2337 3722 2567 3777 Πολιτείας
2586 3725 2664 3770 vix
2685 3733 2848 3785 potue·

1563 3805 1658 3849 rint
1673 3838 1687 3863 ,
1714 3804 1860 3847 immo
1895 3801 2130 3848 Πολιτειῶν
2157 3813 2277 3860 opus
2313 3798 2444 3858 quasi
2481 3797 2864 3857 promptuarium

1566 3891 1729 3920 eorum
1755 3876 1990 3931 omnium,
2017 3872 2192 3933 quibus
2212 3878 2447 3931 praecepta
2480 3871 2532 3915 in
2563 3869 2768 3916 Politicis
2799 3869 2864 3914 il-

264 3067 314 3115 (·)
340 3068 397 3106 De
411 3067 629 3120 Aristotelis
644 3079 761 3118 opere
777 3072 891 3122 Περὶ
906 3072 1214 3127 Ἀλεξάνδρου
1226 3106 1237 3125 ,
1257 3077 1366 3127 quod
1378 3089 1484 3117 nun-

206 3136 328 3174 quam
366 3124 438 3164 suit
451 3155 462 3174 ,
503 3126 591 3164 vide
626 3127 961 3170 introductionem
999 3132 1039 3171 in
1074 3135 1405 3176 Pseudocallisth.
1442 3149 1467 3188 p

207 3184 377 3228 xxvii,
397 3185 437 3221 ct
458 3185 612 3223 Prasat.
637 3184 677 3222 in
693 3187 879 3236 scriptor,
907 3191 996 3229 Rer.
1019 3192 1131 3232 Alex.
1152 3204 1190 3243 p.
1213 3206 1253 3234 v.
1281 3219 1332 3230 --
1357 3197 1486 3246 Vulgo

207 3240 326 3278 etiam
344 3241 536 3285 Κτίσεις
557 3240 655 3280 inter
675 3243 894 3284 Aristotelis
912 3258 1028 3297 opera
1053 3254 1305 3292 recensentur
1327 3264 1380 3293 ex
1396 3255 1485 3294 Plu-

211 3356 275 3405 (p.
311 3355 492 3424 133'57'ed.
519 3356 658 3424 pidet)
695 3375 703 3397 :
730 3360 851 3399 Ὅταν
883 3364 922 3401 δὲ
954 3366 1066 3415 μηδὲν
1095 3367 1240 3418 ἔχουσα
1263 3370 1430 3422 λυπηρὸν
1461 3373 1485 3419 ἢ

211 3412 393 3462 βλαὸερον
412 3426 559 3464 ιστορια
575 3417 639 3453 καὶ
658 3416 828 3466 διήγησις
849 3420 910 3459 ἐπὶ
929 3423 1085 3472 πράξεσι
1108 3427 1242 3472 καλαῖς
1268 3429 1333 3467 καὶ
1366 3429 1486 3479 μεγά-

209 3471 523 3536 λαιςιπροσλάὸις,
552 3472 664 3522 λόγον
693 3475 829 3525 ἔχοντα
859 3479 1014 3529 δύναμιν
1042 3483 1106 3521 καὶ
1134 3484 1269 3535 χάριν,
1299 3489 1400 3531 ὡς...
1419 3493 1488 3538 γῆς

208 3528 403 3595 περιοόουις
420 3529 577 3574 Εὔδοξος
615 3533 638 3577 ἢ
655 3533 838 3580 κτίσεις
859 3539 936 3575 καὶ
954 3541 1205 3587 πολιτείας
1226 3544 1489 3595 Ἀριστοτέ-

140 3631 151 3643 σ
210 3587 264 3630 λη
275 3599 298 3654 ς’
310 3588 334 3633 ἢ
353 3587 461 3636 βίους
479 3587 621 3637 ἀνδρῶν
638 3589 670 3627 Ἀ
678 3592 883 3641 ριστὸξενος
902 3595 1060 3646 ἔγραψεν
1074 3628 1084 3646 ,
1109 3600 1154 3639 οὐ
1172 3602 1284 3651 μόνον
1306 3604 1404 3653 μέγα
1423 3607 1488 3644 καὶ

210 3644 308 3683 πολυ
323 3645 367 3683 τὸ
385 3644 580 3694 εὐφραῖνον
592 3675 603 3693 ,
625 3647 718 3687 ἀλλὰ
736 3652 800 3688 καὶ
819 3654 981 3703 καθαρὸν
995 3657 1059 3693 καὶ
1071 3656 1355 3709 ἀμεταμέλητόν
1373 3662 1488 3702 ἐστιν.

211 3702 262 3741 At
276 3701 413 3763 procul
430 3701 550 3741 dubio
567 3704 707 3750 κτίσεις
725 3718 802 3746 non
815 3712 907 3748 sunt
926 3710 1210 3762 distinguendae
1223 3727 1246 3755 a
1261 3720 1466 3766 πολιτείαις

212 3758 252 3797 in
269 3757 414 3808 qulbus
431 3758 550 3798 etiam
577 3759 626 3798 de
648 3763 859 3811 originibus
876 3767 1079 3810 civitatum
1104 3783 1325 3815 sermonem
1341 3753 1492 3819 sacrun}

214 3815 431 3881 fragmenta
460 3815 603 3856 docent
631 3819 952 3864 luculentissime.
979 3847 1031 3877 3—
1054 3829 1166 3869 Mitto
1196 3832 1365 3884 denique
1394 3848 1494 3887 opus

214 3873 431 3912 Aristotelis
448 3875 558 3924 Περὶ
588 3878 824 3929 Ποταμῶν
837 3910 847 3929 ,
866 3882 979 3931 cujus
995 3884 1138 3926 librum
1159 3892 1341 3937 quartum
1361 3892 1494 3935 laudat

216 3929 417 3969 Plutarch.
442 3933 498 3970 De
528 3931 660 3972 fluviis
689 3938 858 3977 extrem.
893 3942 1009 3979 Certe
1029 3943 1133 3992 quod
1157 3946 1390 3989 Plutarchus
1417 3951 1443 3990 1.
1465 3952 1491 3992 l.

215 3989 354 4054 refert,
383 3999 406 4026 a
427 3992 562 4029 nostro
582 3992 811 4045 philosopho
838 3997 1026 4039 alienum.
1052 4022 1104 4032 —·-
1131 4005 1239 4053 Opus
1260 4008 1350 4056 Περὶ
1367 4009 1494 4056 νήσων

215 4056 237 4083 e
259 4046 382 4085 Plinio
399 4049 473 4095 IV,
503 4053 546 4087 12
574 4050 727 4092 effinxit
746 4054 947 4094 Fabricius
964 4057 1062 4097 Bibl.
1080 4070 1137 4106 gr.
1161 4064 1218 4111 ΙΙ,
1237 4073 1275 4112 p.
1304 4068 1388 4105 194.

1565 3949 1834 4004 lustrantur,
1868 3947 2004 3993 fuisse
2027 3946 2086 3991 sit
2108 3942 2409 3990 censendum.
2438 3943 2558 3986 Ecce
2582 3942 2775 3986 nomina
2797 3941 2863 3994 ci-

268 4105 503 4171 Aristotelis
547 4110 741 4160 Rerump.
779 4113 998 4164 Reliquias
1026 4118 1193 4168 cocteqic
1230 4123 1272 4160 G.
1305 4125 1354 4164 F.
1386 4128 1495 4166 Neu-

216 4170 360 4201 mann.
394 4163 639 4216 Heidelberg.
662 4173 772 4211 1827.
801 4172 877 4217 Qui
901 4173 1061 4223 quidem
1089 4176 1244 4217 libellus
1262 4181 1407 4222 nullius
1427 4196 1492 4223 no-

218 4216 277 4256 bis
294 4229 387 4258 usus
403 4229 484 4258 esse
500 4222 645 4271 potuit.
677 4227 775 4267 Tam
799 4229 942 4280 supina
961 4233 1019 4271 est
1049 4234 1220 4275 auctoris
1248 4238 1493 4289 negligentia.
1622 4187 1674 4237 (⁹¹)
1703 4188 1733 4227 l·
1755 4188 1786 4228 ι’
1812 4198 1854 4240 p·
1877 4193 1898 4227 2
1924 4185 2176 4229 :Arismtens
2191 4184 2398 4237 pePSPicua
2417 4183 2566 4235 serim&
2596 4184 2691 4224 sunt
2726 4183 2777 4223 τὰ
2794 4197 2864 4235 με-

1572 4244 1721 4297 τέωρα,
1743 4246 1791 4285 τὰ
1807 4246 1955 4287 τοπικὰ
1973 4246 2039 4285 καὶ
2058 4247 2107 4285 αἱ
2127 4243 2328 4292 γνήσιαι
2347 4242 2495 4282 αὐτοῦ
2516 4241 2787 4284 πολιτεῖαι.

200 2708 545 2770 καὶέκατὸν,καὶ
562 2709 645 2774 ἰδίᾳ
660 2711 1481 2779 δημοκρατικαὶ,ὀλιγαρχικαὶ,ἀριστο-
1554 2727 1672 2762 tasse
1696 2732 1753 2762 eo
1776 2715 2246 2775 comprehenduntur
2268 2713 2462 2773 populi,
2499 2728 2705 2772 quorum
2725 2714 2856 2758 insti·

2963 3980 2971 4003 ,-
2989 3980 2998 3997 4

1565 4020 1760 4067 vitatum
1780 4029 1919 4079 atque
1938 4017 2155 4064 ordinem
2170 4029 2267 4075 quo
2290 4015 2340 4059 in
2350 4013 2618 4075 fragmentis
2633 4013 2803 4059 nostris
2818 4028 2864 4058 sc
2916 4055 2917 4058 ,

1568 4092 1822 4151 excipiunt.
1844 4091 2031 4138 Scilicet
2055 4103 2202 4149 quum
2225 4087 2366 4148 ipsius
2390 4086 2650 4132 Aristotelis
2671 4084 2867 4133 adorna-
2906 4084 2922 4090 ”
2971 4071 2998 4129 ..²¹
