3016 4628
238 276 329 323 2:³0

232 399 322 442 pro
345 385 416 428 his
439 379 593 443 posuit
614 381 711 436 Βίος
734 379 958 441 Ἑλλάδος,
983 386 1187 430 Marxius
1216 387 1385 431 deinde
1411 390 1518 436 reli-

234 458 406 515 quique
438 458 508 501 ita.
531 457 862 514 distinxerunt,
907 467 958 502 ut
994 460 1198 504 metricis
1231 460 1525 521 praefigerent

235 531 419 573 titulum
455 546 463 573 :
491 526 736 593 Ἀναγραφὴ
767 531 844 586 τῆς
872 526 1098 588 Ἑλλάδος,
1126 531 1380 592 fragmenta
1410 548 1522 577 vcro

231 603 440 660 prosaica
457 603 785 648 inscriberent:
803 600 901 653 Βίος
914 599 1134 654 Ἑλλάδος.
1152 630 1210 636 -—
1226 603 1358 648 Patet
1370 605 1524 662 itaque

232 676 486 719 Dicaearchi
518 677 663 720 nostri
703 673 802 721 Βίον
835 672 1046 728 Ἑλλάδος
1076 678 1257 720 nonnisi
1286 678 1524 735 opinioni-

195 805 198 808 Δ
230 750 317 793 bus
335 751 608 809 quibusdam
625 752 832 795 viroruin
848 744 1096 795 doctorum
1111 752 1169 795 ad
1179 751 1430 811 fragmenta
1449 752 1521 794 illa

235 824 502 867 translatum
525 839 635 869 esse.
667 826 722 867 In
747 824 909 868 codice
934 825 1044 866 nihil
1071 825 1153 867 nisi
1178 825 1391 867 carminis
1415 825 1524 866 titu-

234 896 325 951 lus,
343 893 609 958 Δικαιάρχου
634 893 858 958 ἀναγραφὴ
887 897 959 950 τ’ῆς
984 893 1192 946 Ἑλλάδος
1209 929 1220 950 ,
1244 905 1381 953 atque
1401 895 1523 938 istud

234 965 519 1029 ἀναγραφὴ
549 985 592 1013 τ.
620 965 691 1014 Ἓ.
717 969 893 1026 optime
918 968 1042 1011 cadit
1082 968 1129 1008 in
1160 967 1395 1010 trimetros
1418 966 1523 1009 illos

235 1049 416 1083 tenuem
439 1041 682 1083 nominum
703 1041 1097 1083 enumerationem
1119 1038 1405 1093 exhibentes,
1425 1053 1522 1080 non

234 1113 339 1154 item
360 1113 407 1155 in
431 1113 639 1170 prosaica
655 1111 923 1172 fragmenta.
948 1113 1095 1154 Nemo
1121 1124 1233 1152 vero
1250 1118 1518 1167 propterea,

233 1183 363 1240 quod
388 1185 588 1227 metricis
610 1186 818 1242 prosaica
836 1184 1014 1243 generis
1034 1181 1323 1225 diversissimi
1350 1182 1520 1224 intexta

232 1264 362 1309 sunt,
404 1264 602 1314 utraque
641 1255 846 1312 ejusdem
890 1270 981 1298 esse
1022 1254 1224 1297 auctoris
1271 1253 1519 1311 putaverit.

232 1327 373 1383 Quod
400 1343 481 1370 *nc
518 1328 714 1371 scribam
768 1326 953 1385 quidem
996 1326 1198 1369 statuisse
1238 1324 1522 1368 contendere

235 1400 367 1442 liceat
399 1416 408 1442 ε
435 1415 538 1443 nam
562 1398 658 1443 fieri
682 1400 833 1459 potuit
850 1407 901 1442 ut
921 1399 1078 1441 titulus
1097 1397 1348 1452 exciderit,
1376 1398 1521 1441 inter-

233 1473 493 1515 calarentur
506 1488 616 1516 vero
632 1473 726 1514 haec
743 1472 970 1530 prosaica,
991 1486 1047 1514 ex
1068 1471 1222 1514 nescio
1244 1470 1519 1529 quibusnam

232 1545 402 1603 eclogis
428 1554 607 1603 arrepta
623 1579 633 1598 ,
668 1545 741 1588 vel
764 1544 922 1586 scribae
955 1544 1232 1603 negligentia
1259 1552 1304 1588 et
1328 1559 1489 1588 errore
1506 1577 1517 1596 ,

233 1617 303 1658 vel
340 1618 473 1659 ctiam
500 1618 689 1660 consilio
706 1650 717 1670 ,
744 1625 793 1658 ut
824 1617 996 1659 scilicet
1023 1631 1125 1674 quae
1156 1616 1214 1660 ad
1242 1616 1424 1660 easdem
1445 1632 1519 1660 re-

230 1690 388 1746 giones
410 1690 693 1749 pertinerent
716 1689 880 1732 eodem
907 1689 1013 1731 loco
1038 1688 1384 1732 exhiberentur.

297 1764 394 1804 Jam
432 1777 543 1804 vero
574 1761 753 1804 dudum
786 1761 1026 1804 constabat
1058 1761 1405 1816 Dicaearchum,
1445 1763 1517 1805 cui

231 1835 311 1877 ista
345 1831 551 1884 Ἰζλλάδος
591 1829 816 1895 ἀναγραφὴ
844 1834 1110 1888 asciibitui,
1126 1849 1224 1876 non
1254 1848 1387 1892 posse
1422 1836 1519 1878 No—

230 1914 372 1949 strum
398 1922 489 1950 esse
507 1907 867 1961 Aristotelicum,
887 1921 939 1949 ac
972 1921 1124 1964 nupet
1146 1906 1348 1965 denique
1374 1907 1519 1950 Lehr·

227 1980 318 2022 sius
363 1979 694 2022 demonstravit
736 1986 976 2022 auctorem
1022 1977 1119 2036 ejus
1162 1993 1256 2023 esse
1294 1976 1515 2024 Διονύσιον

231 2050 557 2113 Καλλιφῶντος,
598 2050 729 2109 quod
752 2066 925 2095 nomen
947 2052 1108 2110 primae
1138 2052 1281 2095 literae
1301 2052 1516 2110 priorum

226 2139 435 2166 versuum
459 2124 515 2166 2¹5
531 2157 542 2178 ,
569 2124 738 2182 quibus
752 2123 960 2183 praefatio
983 2125 1266 2180 continetur,
1286 2124 1512 2169 indicant.

226 2195 475 2252 Quomodo
500 2196 641 2255 igitur
667 2193 719 2238 fit
742 2204 794 2239 ut
812 2211 903 2255 pro
924 2197 1151 2255 Dionysio
1185 2197 1407 2241 afferatur
1430 2199 1514 2242 Di-

225 2269 479 2312 raearchus?
503 2269 649 2313 Variis
666 2268 819 2312 modis
840 2269 1088 2313 efformare
1103 2285 1201 2313 rem
1225 2270 1345 2313 licet.
1369 2271 1514 2325 Statui

226 2349 374 2399 potest
405 2342 595 2384 metrica
620 2355 712 2384 esse
749 2342 989 2400 Dionysii,
1032 2343 1243 2401 prosaica
1289 2357 1400 2386 vero
1437 2345 1513 2387 Di·

225 2413 437 2467 ‹·aearchi;
476 2413 672 2456 scribam
697 2422 850 2457 autem
883 2413 1063 2458 diversa
1085 2414 1183 2458 haec
1208 2416 1257 2457 in
1285 2415 1421 2458 titulo
1450 2416 1514 2460 ita

225 2486 556 2544 ‹·0nglutinasse
598 2495 650 2529 ut
685 2487 942 2530 Dicaearchi
971 2502 1145 2531 nomen
1169 2487 1387 2548 jungeret
1424 2504 1514 2532 no-

227 2555 336 2597 mini
371 2558 547 2615 operis,
591 2558 721 2616 quod
766 2568 864 2603 erat
904 2559 1130 2618 Dionysii.
1171 2560 1299 2604 Alius
1328 2561 1515 2618 putabit

224 2642 394 2670 nomen
416 2630 625 2688 Dionysii
647 2631 696 2673 in
729 2630 857 2675 fonte
883 2631 1059 2675 codicis
1079 2632 1225 2675 nostri
1248 2633 1367 2676 male
1398 2648 1514 2678 exa-

223 2707 374 2741 ratum
412 2702 483 2743 vel
519 2712 792 2762 corruptum
817 2703 978 2759 fuisse;
1005 2704 1203 2748 scribam
1227 2720 1340 2748 vero
1365 2720 1511 2763 quum

224 2770 584 2829 Theophrastum
617 2775 749 2817 initio
782 2776 996 2819 carminis
1027 2778 1278 2820 memorari
1307 2777 1508 2834 videret,

228 2859 311 2886 nec
328 2843 386 2886 de
410 2845 499 2887 alio
525 2855 661 2904 atquc
687 2849 1242 2892 notissimo-Aristotelico
1260 2851 1508 2909 cogitaret,

225 2916 343 2958 inter
356 2918 390 2959 A
401 2917 668 2962 ristotelicos
682 2929 834 2963 autem
849 2920 1079 2964 celebrem
1089 2922 1409 2981 geographum
1428 2923 1511 2966 Di—

225 2987 477 3030 caearchum
504 2991 728 3047 novisset,
754 2993 980 3051 Dionysio
1002 2993 1283 3038 substituisse
1307 2995 1511 3038 Dicaear-

227 3057 382 3100 chum.
408 3061 555 3103 Porro
577 3060 672 3105 fieri
695 3065 850 3121 potuit
879 3073 932 3107 ut
955 3066 1052 3124 ipse
1084 3066 1358 3125 Dionysius,
1378 3075 1510 3125 post—

225 3145 364 3186 quam
385 3131 579 3176 artificio
600 3150 770 3178 nomen
789 3153 922 3180 suum
942 3137 1205 3196 praefationi
1226 3139 1507 3194 intexuisset,

223 3202 269 3243 in
291 3203 425 3247 titulo
446 3205 697 3250 Dicaearehi
721 3224 893 3252 nomen
912 3212 1203 3265 mentiretur,
1223 3212 1272 3267 in
1292 3211 1513 3255 eundem-

223 3290 313 3331 que
337 3274 475 3319 finem
501 3279 635 3322 etiam
658 3281 1027 3340 Theophrastum
1051 3284 1397 3328 Aristotelicum
1423 3285 1510 3328 sibi

223 3348 422 3390 amicum
437 3348 700 3409 affingeret.>
722 3354 1025 3413 (Quamquam
1042 3372 1156 3400 num
1175 3371 1344 3400 revera.
1357 3357 1509 3400 Theo-

220 3421 433 3477 phrastus
463 3422 713 3465 Dicaearchi
748 3427 920 3470 amicus
950 3427 1112 3482 fuerit,
1141 3436 1338 3486 propter
1372 3443 1517 3487 supra»

219 3492 353 3535 allata
378 3493 482 3535 licet
498 3492 726 3538 dubitare.
744 3497 756 3555 )

285 3567 453 3607 Verum
478 3566 713 3609 enimvero
736 3569 1066 3628 quodcumque
1087 3572 1257 3615 horum
1281 3573 1506 3616 verisimi-

222 3637 307 3678 lius
329 3636 539 3691 duxeris,
567 3638 613 3679 in
631 3653 778 3682 meras
806 3641 1094 3698 conjecturas
1113 3659 1242 3702 aeque
1256 3646 1412 3688 omnia
1435 3660 1510 3688 rc-

222 3716 342 3751 trusa
367 3718 486 3752 sunt.
509 3710 601 3752 Nec
625 3711 769 3753 ullum
791 3713 894 3755 satis
914 3723 1089 3757 certum
1116 3717 1162 3758 in
1188 3716 1352 3760 codice
1368 3725 1512 3760 exstat

221 3780 468 3835 indicium,
499 3795 593 3839 quo
614 3780 720 3825 fisus
745 3783 994 3843 fragmenta
1018 3788 1226 3844 prosaica
1255 3789 1510 3832 Dicaearchi

219 3868 328 3907 csse,
353 3854 500 3896 multo
526 3854 677 3898 minus
698 3855 835 3899 etiam
866 3871 919 3899 ea
944 3871 967 3899 e
998 3860 1098 3901 Vita
1117 3860 1304 3903 Graeciae
1328 3858 1510 3905 fluxisse

219 3925 503 3970 contendere
519 3927 676 3985 possis.
699 3927 790 3971 Sed
812 3928 1059 3987 largiamur
1086 3940 1209 3974 recte
1226 3932 1285 3975 ad
1308 3933 1512 3976 Dicaear-

219 3999 354 4041 rhum
378 3998 556 4043 referri.
581 4001 702 4043 ¹Num
727 4009 832 4059 apte
850 4008 947 4043 tum
968 3998 1058 4062 Βίῳ
1076 3999 1282 4053 Ἱίλλάδος
1296 4004 1509 4049 vindica-

218 4071 487 4115 rent111·i‘De
505 4087 599 4130 quo
617 4072 1149 4131 antequamjudicemus,
1169 4090 1340 4119 novum
1359 4078 1511 4136 hosp-i·

221 4149 309 4184 tem
355 4142 720 4188 introducamus.
758 4143 984 4187 Videlicet
1019 4144 1203 4188 duobus
1246 4146 1511 4204 fragmentis

220 4214 391 4256 codicis
416 4215 524 4257 olim
550 4215 771 4259 pithoeani
793 4214 923 4274 jungi
953 4217 1063 4259 solet
1090 4218 1273 4259 tertium
1299 4204 1356 4262 (le
1382 4221 1509 4263 Pelio

1347 276 1772 327 DtCAEARCflUs

1557 1027 1564 1092 Ι
1596 1054 1681 1079 ναι.
1711 1038 1831 1081 Hinc
1858 1038 2002 1097 igitur
2023 1036 2271 1080 discimus'
2259 1052 2309 1079 m
2327 1037 2709 1083 antecedentibus
2731 1040 2902 1085 Deme·
2956 1039 2972 1085 :⁹-

1544 2370 1547 2371 ⁷
1589 2348 1692 2383 ctor
1732 2342 1928 2399 exponit
1968 2356 2052 2385 cur
2092 2335 2367 2384 Thessaliam
2408 2340 2457 2383 in
2493 2340 2680 2385 Graeciae
2718 2340 2890 2385 descri-

1596 399 1779 444 monte‚
1806 389 1935 448 quod
1963 389 2199 450 Fabricius
2223 385 2371 431 edidit
2395 403 2420 431 e
2455 386 2618 431 codice
2645 387 2898 446 Gudian05

1598 461 1801 519 itemque
1823 460 2011 504 exhibet
2031 459 2430 504 codexParisinus
2445 458 2596 515 N0.-57
2609 474 2625 502 1
2637 493 2649 515 ,
2668 460 2751 504 fol.
2769 460 2890 517 430,

1597 533 1677 576 ubi
1698 533 1867 591 legitur
1886 541 1992 590 post
2015 531 2257 575 Stathmosv
2273 529 2465 586 Isidori,
2489 531 2569 589 qui
2588 531 2727 575 etiam
2747 532 2796 576 in
2812 534 2888 576 Pi-
2954 531 2978 577 Γ

1598 606 1784 648 thoeano
1795 604 1917 648 libro
1931 603 2120 661 reliquis
2133 602 2318 645 duobus
2326 601 2591 662 fragmentis
2601 604 2894 664 praeminum-2
2967 656 2970 660 ,

1599 685 1685 719 tur.
1703 678 1739 719 T
1743 675 2063 734 ituloquidem
2079 682 2204 717 caret
2217 672 2524 742 fragmentum
2536 709 2549 730 ,
2567 674 2764 721 dubium
2778 687 2899 721 vero}
2958 679 2967 739 ’1

1598 764 1694 791 non
1711 756 1776 791 est
1795 749 1911 806 quin
1928 747 2080 791 eidem
2093 746 2274 790 auctori
2289 745 2536 805 eidemque
2557 748 2689 806 operi
2700 749 2808 804 ,cui
2823 764 2892 794 re-

1597 821 1723 878 liqua
1743 820 1865 875 duo,
1892 820 1948 862 sit
1969 818 2338 862 attribuendum.
2370 819 2553 863 Etenim
2577 829 2684 879 post
2702 821 2890 866 absolu·

1598 900 1687 934 tam
1710 893 1823 935 Pelii
1838 892 2008 935 montis
2024 890 2387 949 descriptionem
2403 893 2604 951 scriptor
2619 894 2713 937 ait:
2729 891 2792 940 Τὸ
2813 891 2898 955 μὲν
2956 883 2967 891 ”

1596 965 1669 1007 οὖν
1685 961 1802 1019 Πήλ.
1791 981 1856 1009 ον
1879 961 1953 1008 καὶ
1975 960 2262 1026 Δημητριάδα
2295 960 2572 1024 συμὸέοηκεν
2603 962 2807 1022 τοιαύτην
2830 957 2894 1012 εἶ-
2919 991 2922 993 ·

1597 1109 1794 1153 triadem
1815 1110 1982 1154 urbem
2009 1110 2138 1168 (quae
2163 1110 2301 1152 etiam
2324 1109 2459 1152 initio
2484 1108 2732 1170 fragmenti
2751 1114 2892 1171 com-‘-
2957 1117 2979 1169 f.

1595 1181 1914 1242 memoratur)
1958 1182 2237 1241 descriptam
2280 1195 2399 1237 esse,
2439 1197 2526 1225 nec
2560 1182 2620 1226 de
2656 1184 2896 1230 montibus
2960 1182 2974 1240 J

1594 1253 1745 1296 solum
1776 1254 1825 1296 in
1858 1254 2041 1313 integro
2067 1268 2209 1312 opere
2239 1268 2502 1297 sermonem
2534 1254 2685 1299 fuisse.
2710 1257 2901 1302 Deinde
2956 1308 2963 1319 ⁴

1594 1323 1837 1381 subjicitur
1856 1326 1970 1369 alius
1988 1325 2234 1386 fragmenti
2255 1327 2439 1369 initium
2463 1327 2611 1371 hocce
2635 1343 2646 1371 :
2671 1323 2778 1374 (Ότι
2795 1326 2840 1374 δὲ
2863 1331 2891 1386 ἡ
2950 1358 2954 1361 ,
3011 1371 3015 1375 .

1596 1393 1756 1449 Ἑλλὰς
1777 1396 1863 1441 ἀπὸ
1891 1396 2226 1453 Πελοποννήσου
2253 1395 2331 1452 τὴν
2353 1394 2492 1460 ἀρχὴν
2521 1395 2737 1458 λαμὸάνει
2762 1396 2893 1463 μέχρι

1595 1472 1667 1513 τοῦ
1687 1467 1936 1531 Μαγνήτων
1950 1468 2160 1533 ἀφορίζων
2179 1467 2381 1531 στάμπου
2397 1468 2487 1514 ***.
2508 1471 2566 1514 Id
2578 1487 2691 1515 vero
2704 1473 2898 1518 ¹initium
2956 1491 2965 1514 r

1595 1551 1661 1585 est
1677 1542 1922 1603 fragmenti
1934 1542 2126 1587 secundi
2140 1543 2317 1588 codicis
2328 1544 2555 1588 Pithoeani
2566 1580 2576 1599 ,
2589 1544 2671 1588 ubi
2687 1545 2751 1589 sic
2770 1561 2782 1589 :
2797 1542 2896 1601 Τὴν

1595 1611 1674 1673 μὲν
1697 1606 1768 1659 οὖν
1787 1612 1999 1667 Ἑλλάδος
2016 1614 2102 1660 ἀπὸ
2129 1612 2460 1671 Πελοποννήσου
2480 1613 2562 1671 τὴν
2583 1613 2722 1679 ἀρχὴν
2744 1615 2899 1663 kasam

1595 1686 1725 1750 μέχρι
1757 1690 1830 1732 τοῦ
1869 1685 2124 1749 Μαγνήτων
2160 1687 2371 1752 ἀφορίζων
2394 1686 2596 1749 στάμπου
2631 1689 2728 1734 κτλ.
2762 1692 2895 1736 Patet

1592 1758 1701 1803 hinc
1735 1760 1994 1820 fragmenta
2013 1770 2171 1804 nostra
2191 1762 2278 1805 tria
2301 1776 2358 1806 ex
2380 1760 2543 1805 iisdem
2561 1759 2744 1806 fluxisse
2759 1763 2896 1808 eclo-

1593 1832 1681 1890 gis3
1710 1832 1825 1876 illud
1851 1833 1910 1877 de
1934 1834 2062 1877 Pelio
2079 1842 2240 1878 monte
2257 1833 2468 1878 medium
2487 1835 2612 1878 inter
2627 1835 2772 1879 altera
2791 1834 2890 1879 duo

1594 1905 1749 1948 locum
1789 1921 2040 1965 occupasse
2056 1940 2068 1961 ,
2094 1906 2298 1965 ideoque
2329 1921 2386 1950 ex
2407 1906 2573 1951 eodem
2600 1922 2742 1966 opere
2771 1909 2898 1967 peti-

1593 1985 1691 2020 tum
1715 1993 1825 2022 esse.
1852 1980 1968 2036 Quae
1991 1978 2182 2037 quidem
2206 1975 2456 2026 adornatio
2475 1981 2615 2024 etiam
2649 1981 2699 2024 in
2725 1981 2889 2024 seriem

1590 2051 1950 2111 geographicam
1968 2052 2143 2110 optime
2157 2051 2305 2107 cadit3
2324 2067 2431 2095 nam
2443 2051 2650 2110 primum
2662 2051 2897 2112 fragmen-

1593 2130 1692 2164 tum
1725 2132 1793 2167 est
1828 2123 1887 2167 de
1910 2125 2093 2178 Attica,
2137 2125 2344 2179 Boeotia,
2366 2123 2568 2178 Euboea3
2595 2124 2792 2168 alterum
2830 2124 2899 2169 de

1590 2194 2156 2239 ThessaliaeDemetriade
2185 2196 2303 2238 urbe
2339 2203 2385 2238 et
2406 2195 2535 2238 Pelio
2565 2204 2755 2251 monte3
2786 2204 2890 2239 ter·-

1589 2266 1679 2321 tio,
1707 2267 1839 2325 quod
1880 2283 1938 2311 ex
1967 2266 2059 2311 fine
2099 2269 2260 2327 operis·
2284 2268 2482 2326 petitum
2496 2276 2591 2323 est,
2615 2283 2772 2312 causas
2801 2283 2899 2312 au-

1586 2413 1748 2470 ptione
1775 2413 2211 2472 comprehenderit.'

1654 2486 1755 2529 Jam
1783 2485 1918 2544 quod
1956 2485 2166 2529 indolem
2189 2486 2361 2532 horum
2388 2484 2787 2544 fragmentorum(
2805 2482 2891 2530 58-
2935 2541 2946 2551 ,

1590 2554 1668 2616 59.
1690 2557 1752 2600 60
1776 2559 1788 2612 l
1817 2558 2007 2612 attinet,
2046 2557 2097 2601 id
2134 2557 2266 2616 quod
2296 2557 2355 2600 de
2380 2557 2578 2606 Athenis
2617 2566 2666 2602 et
2695 2559 2889 2603 Boeotiae
2936 2581 2958 2617 ᾗ

1586 2630 1794 2674 urbibus.
1832 2638 1898 2674 est
1941 2628 1953 2692 (
1995 2629 2054 2673 sp,
2089 2628 2150 2673 58
2176 2629 2222 2690 ),
2269 2622 2426 2673 iocum
2466 2629 2678 2674 habuisse
2710 2631 2760 2674 in
2797 2627 2888 2694 Βίῳ

1588 2699 1799 2753 Ἑλλάδος
1836 2711 2090 2760 propterea
2122 2702 2327 2761 potuisse
2349 2701 2579 2757 videatur,
2608 2702 2740 2760 quod
2766 2705 2893 2748 mul·

1588 2784 1683 2818 tum
1707 2783 1873 2836 auctor
1895 2774 1955 2818 ad
1980 2789 2134 2817 mores
2150 2782 2195 2817 et
2222 2774 2537 2818 characterem
2561 2773 2784 2834 cujusque
2802 2791 2882 2820 ur-

1586 2847 1656 2890 bis
1680 2847 1940 2889 incolarum
1964 2845 2174 2889 attendit.
2199 2844 2339 2902 Quod
2364 2859 2478 2888 vero
2507 2844 2768 2904 fragmento
2784 2854 2890 2890 ter-

1587 2920 1652 2962 tio
1670 2919 1826 2962 multis
1857 2918 2085 2962 docemur
2106 2917 2324 2961 Hellenes
2349 2931 2374 2960 e
2397 2917 2623 2960 Thessalia
2660 2917 2889 2962 oriundos

1587 3007 1679 3035 esse
1699 3001 1746 3035 et
1765 2990 2008 3044 Helladem
2027 2989 2264 3048 principio
2285 2988 2400 3031 nihil
2419 2988 2506 3031 nisi
2536 2987 2704 3032 urbem
2738 2989 2884 3033 Thes—

1585 3065 1703 3108 saliae
1729 3063 1877 3118 fuisse,
1902 3062 1951 3105 id
1969 3063 2006 3105 si
2025 3070 2190 3106 auctor
2209 3061 2262 3105 in
2280 3061 2470 3119 epilogo
2495 3054 2685 3103 demun‘l
2713 3058 2774 3103 ad
2790 3061 2881 3104 sin·

1586 3137 1799 3196 gularum
1818 3135 2008 3179 urbium
2024 3133 2409 3192 descriptionem,
2426 3147 2525 3175 non
2542 3147 2658 3175 vero
2672 3131 2722 3175 in
2733 3133 2891 3191 prima

1586 3206 1689 3255 Βίου
1711 3217 1843 3268 parte
1863 3208 2084 3252 historica
2099 3206 2402 3266 exposuisset,
2424 3219 2592 3249 vereor
2611 3219 2670 3248 ne
2685 3199 2880 3264 perine-'-

1584 3291 1691 3341 ptus
1727 3282 1872 3325 homo
1919 3295 2012 3324 esse
2045 3288 2337 3323 censeretur..
2375 3279 2487 3322 Haec
2527 3277 2670 3336 igitur
2706 3276 2883 3337 vulgari

1586 3354 1795 3413 opinioni
1814 3352 2047 3397 contraria
2060 3359 2181 3395 sunt.
2195 3350 2346 3394 Multo
2369 3349 2512 3409 magis
2523 3347 2722 3392 offendit
2732 3349 2892 3408 ampla

1586 3427 1664 3470 illa
1688 3425 1940 3484 descriptio
1967 3424 2084 3469 Pelii
2117 3424 2313 3477 montis,
2338 3423 2600 3482 plantarum
2627 3421 2678 3463 in
2706 3435 2761 3464 ea
2780 3416 2882 3464 ob·

1586 3499 1686 3544 viar
1689 3514 1794 3551 um,
1838 3511 2091 3556 earumque
2139 3484 2497 3556 proprietatum.
2528 3493 2704 3550 Neque
2753 3488 2890 3537 latult

1586 3572 1814 3616 Fuhrium
1850 3579 1896 3614 et
1921 3572 2182 3624 Osannum‚
2206 3566 2375 3627 quodsi
2408 3566 2545 3610 simili
2577 3564 2790 3608 ubertate
2823 3562 2884 3609 de

1586 3645 1766 3703 reliqua
1802 3643 1978 3688 Graecia
2012 3639 2304 3687 Dicaearchus
2343 3638 2512 3697 egerit,
2549 3634 2651 3680 fieri
2689 3635 2891 3680 omniuo

1586 3732 1684 3760 non
1706 3716 1912 3775 potuisse
1946 3723 1998 3758 ut
2031 3711 2343 3774 geographica
2384 3710 2481 3754 haec
2513 3708 2630 3752 nihil
2659 3707 2747 3752 nisi
2778 3719 2881 3767 par·

1586 3798 1679 3833 tem
1702 3789 1839 3832 unius
1866 3786 1974 3830 libri
2006 3785 2055 3829 in
2077 3786 2181 3829 Vita
2204 3782 2389 3829 Graeciae
2411 3780 2666 3826 effecerint.
2699 3779 2783 3824 cut
2817 3778 2894 3827 in-

1586 3858 1837 3904 commodo
1857 3859 1916 3902 ita
1935 3856 2112 3910 mederi
2129 3864 2374 3910 conantur,
2391 3862 2446 3898 ut
2461 3852 2768 3911 fragmentum
2789 3850 2852 3894 h'o
2864 3869 2878 3890 ι

1585 3947 1641 3976 ex
1665 3933 1756 3976 alio
1779 3946 1920 3990 opere
1939 3929 2137 3988 petitum
2160 3942 2254 3972 esse
2274 3926 2447 3970 dicant.
2474 3924 2703 3970 Nimirum
2733 3919 2829 3982 quu
2876 3939 2893 3975 2.

1585 4012 1763 4047 constet
1795 4000 2114 4066 Dicaearchum
2156 4007 2339 4043 montes
2377 3998 2498 4042 inter
2533 4010 2706 4054 eosque
2740 3991 2830 4038 etia
2888 4028 2890 4030 -

1587 4077 1762 4120 Pelium
1798 4087 2034 4118 emensum
2059 4086 2177 4126 esse,
2209 4071 2318 4116 huic
2344 4064 2722 4130 Καταμετρησεων
2746 4080 2861 4124 ope

1585 4149 1893 4207 fragmentum
1918 4144 2186 4197 vindicant,
2210 4144 2421 4186 incusant
2441 4148 2715 4198 excerptori
2718 4153 2762 4180 ιιι
2798 4152 2826 4194 q
2845 4134 2882 4194 „f

1586 4236 1686 4279 qua*
1708 4219 1763 4263 ad
1790 4217 2067 4277 geometrica
2089 4215 2422 4274 pertinuerint,
2438 4211 2659 4264 omiserit,
2675 4210 2822 4253 Dicaea
2844 4238 2847 4243 >
2882 4210 2889 4280 ’-
