3002 4646
330 356 385 389 lv
1306 336 1657 384 PRAEFATIO.

334 452 436 528 qui
474 471 541 507 ex
583 451 771 529 prisca
816 450 1182 507 beatitudine
1219 449 1555 526 Hesperiam
1600 466 1827 502 servare
1865 446 2166 503 somniant.
2213 448 2539 508 immensos
2583 464 2641 509 et

334 550 714 608 inexhaustos
767 572 1081 628 graecarum
1134 551 1437 606 literarum
1487 548 1824 613 thesauros,
1889 563 2040 621 quos
2082 545 2268 602 turbae
2309 547 2638 620 intestinae‚

331 652 662 728 ignorantia
683 665 740 708 et
765 652 1011 723 invidia,
1037 653 1252 728 triceps
1281 649 1599 718 CerberuS,
1626 668 1658 703 a
1682 647 1814 703 luce
1838 645 2200 724 prohibeant
2229 670 2240 703 :
2265 648 2432 707 haud
2452 671 2637 728 pauca

334 766 527 809 tamen
565 773 633 808 ex
672 752 883 809 ultimo
919 752 1035 809 hoc
1081 771 1309 807 recessu
1351 747 1617 827 protrahi
1655 756 1910 823 possunt
1942 757 2070 801 tum
2110 767 2263 803 nova
2309 760 2438 804 tum
2476 750 2636 806 notis

333 854 590 911 meliora.
638 856 905 923 Quorum
956 854 1015 908 in
1068 871 1317 907 numero
1370 848 1555 904 codex
1599 847 1822 903 eminet
1873 846 2160 904 mausolei
2213 850 2638 921 ScorialensiS,

332 955 499 1032 cujus
536 955 719 1012 libros
769 954 1200 1030 manuscriptos
1233 964 1299 1006 ut
1337 970 1461 1006 non
1517 947 1704 1005 oculis
1741 960 1974 1004 tantum
2003 970 2288 1028 usurpare
2323 950 2423 1007 sed
2466 971 2642 1029 quos-

331 1075 585 1133 cumque
612 1054 894 1111 vellemus
924 1052 1255 1109 describere
1284 1051 1460 1106 etiam
1485 1049 1742 1121 daretur,
1771 1070 2004 1107 summa
2034 1050 2229 1108 effecit
2256 1055 2639 1122 Qussvssnoms

330 1168 387 1211 et
412 1160 755 1226 SANanzu,
792 1153 1167 1210 bibliothecae
1202 1151 1647 1229 praefectorum,
1686 1150 1747 1204 in
1775 1170 1888 1206 nos
1925 1149 2262 1208 humanitas
2292 1165 2350 1227 et
2374 1153 2636 1210 benevo-

331 1257 525 1313 lentia.
546 1257 786 1333 Agimus
810 1256 949 1311 viris
968 1255 1027 1310 in
1052 1254 1254 1331 paucis
1281 1251 1642 1309 doctissimis
1669 1271 1737 1339 ex
1761 1251 1962 1308 animo
1983 1254 2213 1328 gratias.
2238 1257 2423 1330 Igitur
2448 1253 2631 1330 code-x

331 1358 448 1428 ille,
494 1357 660 1433 cujus
713 1357 1081 1412 mentionem
1134 1353 1337 1430 injeci,
1382 1353 1731 1409 chartaceus
1769 1364 1858 1407 est
1897 1352 2114 1424 in-fol.,
2154 1373 2267 1409 sec.
2306 1358 2469 1426 XVI,
2509 1375 2632 1410 non

328 1458 531 1514 eadem
559 1470 716 1514 totus
744 1477 921 1512 manu
965 1468 1248 1512 exaratus,
1280 1454 1564 1510 Continet
1585 1473 1724 1510 vero
1755 1466 1892 1531 post
1923 1454 2137 1510 AEliani
2169 1454 2489 1534 Historiam
2530 1458 2638 1511 Va-

327 1561 469 1615 riam
508 1581 518 1614 :
558 1561 672 1636 Περὶ
716 1557 985 1614 ἐπιδουλῶν
1031 1558 1159 1612 κατὰ
1202 1559 1442 1628 βασιλέων
1488 1566 1747 1633 γεγονυιῶν
1798 1558 2006 1633 ἐκλογάς
2051 1555 2181 1632 (fol.
2236 1557 2366 1634 74),
2415 1555 2638 1634 quibus

327 1661 679 1717 exhibentur
708 1672 976 1737 excerpta
1028 1661 1284 1717 Νικολάου
1336 1660 1699 1735 Δαμασκηνοῦ,
1730 1655 1937 1713 Ῐωοίννου
1980 1657 2260 1736 Ᾱντιοχέως
2305 1657 2434 1734 (fol.
2472 1677 2576 1736 107
2594 1658 2635 1735 )‚

327 1766 565 1840 Γεωργίου
597 1773 811 1839 μοναχοῢ
849 1760 978 1837 (fol.
1038 1761 1212 1840 169),
1237 1756 1482 1838 Διοδώρου
1505 1764 1804 1815 Σικελιώτου
1842 1758 1973 1835 (fol.
2009 1759 2172 1838 176),
2213 1762 2471 1816 Διονυσίου
2514 1758 2640 1816 Ᾱλι-

327 1868 632 1939 καρνασσέως
667 1862 794 1938 (fol.
853 1863 1009 1936 188).
1056 1862 1349 1939 Deinceps
1397 1860 1509 1917 alia
1555 1873 1887 1939 sequuntur
1930 1861 2247 1939 opuscula,
2298 1882 2427 1940 quae
2472 1881 2637 1919 nunc

328 1964 482 2020 nihil
502 1985 789 2021 curamus.
815 1968 1096 2042 Excerpta
1123 1963 1281 2020 tituli
1307 1960 1786 2020 Constantiniani
1812 1981 1843 2017 e
1870 1960 2074 2018 codice
2096 1961 2396 2018 fluxerunt
2425 1962 2487 2018 in
2513 1982 2636 2040 quo

327 2063 478 2120 ordo
522 2063 797 2120 foliorum
831 2063 1138 2139 (similiter
1185 2075 1362 2141 atque
1413 2061 1474 2116 in
1518 2062 1845 2119 Turinense
1885 2061 2018 2119 cod.
2062 2052 2226 2120 tituli¹
2263 2066 2380 2142 Περὶ
2420 2063 2635 2142 ἀρετ-ῆς)

327 2162 583 2219 subinde
608 2162 986 2240 perturbatus
1009 2175 1148 2220 erat.
1175 2162 1353 2232 Quod
1375 2183 1500 2220 non
1516 2162 1992 2220 animadvertens
2014 2163 2232 2235 scriba,
2259 2165 2444 2221 homo
2457 2164 2636 2242 plane

325 2264 524 2336 rudiS‚
566 2265 627 2319 in
666 2263 932 2328 medium
972 2265 1240 2341 Dionysii
1287 2264 1685 2343 fragmentum
1721 2264 1924 2322 locum
1975 2264 2204 2343 Polybii
2261 2265 2635 2344 peramplum

323 2364 566 2421 infarsit.
601 2366 840 2442 Egregio
862 2365 978 2423 hoc
1002 2365 1226 2422 librarii
1256 2379 1498 2445 stupore
1531 2352 1829 2423 docemur
1871 2365 2143 2443 codicem
2178 2387 2247 2422 ex
2278 2387 2399 2445 quo
2436 2378 2637 2423 nostra

324 2466 499 2522 ducta
545 2479 710 2538 sunt,
743 2467 917 2523 etiam
959 2467 1191 2546 Polybii
1220 2481 1278 2525 et
1321 2468 1564 2525 fortasse
1598 2466 1852 2524 aliorum
1881 2467 2305 2525 historicorum
2347 2471 2636 2545 Excerpta

326 2567 693 2624 continuisse
731 2568 821 2624 vel
860 2581 1066 2647 postea
1104 2590 1137 2625 a
1183 2569 1489 2627 volumine
1533 2569 1759 2642 avulsa,
1803 2569 1896 2626 vel
1940 2569 2013 2626 de
2049 2569 2343 2626 industria
2375 2591 2408 2626 a
2440 2570 2634 2628 scriba

327 2668 559 2724 omissa.
602 2670 743 2737 Quze
778 2668 1023 2746 quidem
1058 2668 1285 2746 jactura
1321 2682 1487 2728 tanto
1528 2672 1713 2749 magis
1754 2671 2012 2728 dolenda
2047 2684 2157 2742 est,
2197 2671 2361 2749 quod
2397 2671 2637 2748 Eclogas

329 2767 454 2824 illas
500 2770 559 2824 in
600 2770 825 2826 intimis
863 2769 1122 2827 historiae
1155 2770 1563 2849 penetralibus
1602 2772 1820 2827 versari
1859 2782 1985 2826 tum
2025 2791 2094 2827 ex
2132 2771 2263 2848 ipso
2306 2769 2480 2826 titulo
2517 2771 2634 2847 Περὶ

326 2868 599 2925 ἐπιὲουλῶν
635 2870 978 2947 conjicitur,
1023 2884 1149 2928 tum
1193 2885 1357 2950 parte
1393 2871 1712 2951 ¹superstite
1742 2871 2075 2928 luculenter
2113 2871 2442 2928 admodum
2479 2892 2625 2928 con-

328 2969 610 3026 firmatur.
648 2975 923 3028 Ceterum
959 2973 1097 3030 libri
1129 2973 1511 3031 Scorialensis
1536 2973 1655 3030 hoc
1686 2967 1819 3029 loco
1847 2985 2163 3050 propterea
2187 2972 2440 3028 maxime
2464 2992 2631 3028 men-

328 3071 550 3126 tionem
601 3070 868 3144 fecimus,
910 3073 1074 3151 quod
1115 3073 1439 3152 fragmenta
1469 3094 1501 3129 e
1545 3077 1822 3131 Dionono
1866 3087 1924 3130 et
1963 3079 2222 3134 POLYmo
2276 3073 2631 3152 deprompta

331 3158 624 3248 tamquam
660 3173 1141 3250 supplementum
1170 3176 1244 3232 ad
1276 3175 1624 3233 Didotianas
1657 3176 1876 3232 horum
1913 3177 2272 3254 scriptorum
2309 3174 2634 3245 editioneS‚

329 3271 652 3348 praefationi
676 3286 888 3330 nostrae
918 3276 1228 3333 subtexere
1264 3277 1503 3356 placuit.
1535 3277 1898 3334 Addidimus
1916 3279 2089 3334 etiam
2117 3281 2464 3354 Fragmenta
2491 3280 2632 3334 Dio-

330 3392 506 3444 NYSll,
533 3393 668 3429 cum
693 3374 807 3430 illis
824 3375 1155 3453 jungenda,
1177 3398 1306 3456 quae
1333 3399 1524 3457 nuper
1548 3399 1579 3436 e
1606 3379 1780 3436 titulo
1803 3382 1917 3458 Περὶ
1945 3382 2379 3458 στρατηγημάτων
2416 3379 2487 3435 ad
2522 3378 2633 3436 cal-

329 3494 456 3529 cem
489 3475 726 3551 Josephi
754 3476 983 3534 edenda
1008 3481 1360 3537 curavimus.
1386 3481 1554 3553 Vale,
1582 3480 1784 3553 lector,
1821 3481 2090 3559 faveque.>

460 3619 638 3667 Parisiis
653 3655 663 3675 ‚
685 3636 836 3666 mense
861 3626 1027 3668 martio
1054 3642 1376 3672 mncccxwm.

1527 3781 1858 3836 CAROLUS
1902 3778 2348 3834 MUELLERUS.
