<?xml version="1.0" encoding="UTF-8"?>
<!DOCTYPE html PUBLIC "-//W3C//DTD XHTML 1.0 Transitional//EN"
    "http://www.w3.org/TR/xhtml1/DTD/xhtml1-transitional.dtd">
<html xmlns="http://www.w3.org/1999/xhtml" xml:lang="en" lang="en">
 <head>
  <title>
</title>
<meta http-equiv="Content-Type" content="text/html;charset=utf-8" />
  <meta name='ocr-system' content='tesseract 3.04.00' />
  <meta name='ocr-capabilities' content='ocr_page ocr_carea ocr_par ocr_line ocrx_word'/>
</head>
<body>
  <div class='ocr_page' id='page_1' title='image "./fragmentahistori02mueluoft/fragmentahistori02mueluoft_0673.png"; bbox 0 0 3008 4542; ppageno 0'>
   <div class='ocr_carea' id='block_1_1' title="bbox 0 394 172 2740">
    <p class='ocr_par' dir='ltr' id='par_1_1' title="bbox 0 394 172 2740">
     <span class='ocr_line' id='line_1_1' title="bbox 0 394 165 514; baseline 0 0"><span class='ocrx_word' id='word_1_1' title='bbox 0 394 165 514; x_wconf 95' lang='lat' dir='ltr'><strong>  </strong></span> 
     </span>
     <span class='ocr_line' id='line_1_2' title="bbox 0 514 172 2740; baseline 0 -2103"><span class='ocrx_word' id='word_1_2' title='bbox 0 514 172 2740; x_wconf 95' lang='lat' dir='ltr'><strong>   </strong></span> 
     </span>
    </p>
   </div>
   <div class='ocr_carea' id='block_1_2' title="bbox 0 0 200 394">
    <p class='ocr_par' dir='ltr' id='par_1_2' title="bbox 0 0 200 394">
     <span class='ocr_line' id='line_1_3' title="bbox 0 0 200 394; baseline 0 0"><span class='ocrx_word' id='word_1_3' title='bbox 0 0 200 394; x_wconf 95' lang='lat' dir='ltr'><strong>   </strong></span> 
     </span>
    </p>
   </div>
   <div class='ocr_carea' id='block_1_3' title="bbox 1295 171 1701 221">
    <p class='ocr_par' dir='ltr' id='par_1_3' title="bbox 1295 171 1701 221">
     <span class='ocr_line' id='line_1_4' title="bbox 1295 171 1701 221; baseline -0.003 0"><span class='ocrx_word' id='word_1_4' title='bbox 1295 171 1701 221; x_wconf 80' lang='lat' dir='ltr'><strong>FRAGMENTA.</strong></span> 
     </span>
    </p>
   </div>
   <div class='ocr_carea' id='block_1_4' title="bbox 146 277 2809 355">
    <p class='ocr_par' dir='ltr' id='par_1_4' title="bbox 146 277 2809 355">
     <span class='ocr_line' id='line_1_5' title="bbox 146 277 2809 355; baseline 0.013 -56.013"><span class='ocrx_word' id='word_1_5' title='bbox 147 296 150 299; x_wconf 88' lang='grc'>.</span> <span class='ocrx_word' id='word_1_6' title='bbox 146 281 240 334; x_wconf 26' lang='lat' dir='ltr'><strong>{ab</strong></span> <span class='ocrx_word' id='word_1_7' title='bbox 266 277 468 337; x_wconf 70' lang='lat' dir='ltr'><strong>Aristide</strong></span> <span class='ocrx_word' id='word_1_8' title='bbox 518 281 767 324; x_wconf 82' lang='lat' dir='ltr'><strong>commenti</strong></span> <span class='ocrx_word' id='word_1_9' title='bbox 816 278 955 343; x_wconf 88' lang='lat' dir='ltr'><strong>(nam</strong></span> <span class='ocrx_word' id='word_1_10' title='bbox 999 291 1311 327; x_wconf 81' lang='lat' dir='ltr'><strong>commentum</strong></span> <span class='ocrx_word' id='word_1_11' title='bbox 1358 298 1453 327; x_wconf 89' lang='lat' dir='ltr'><strong>esse</strong></span> <span class='ocrx_word' id='word_1_12' title='bbox 1528 298 1587 326; x_wconf 87' lang='grc' dir='ltr'><strong>νει</strong></span> <span class='ocrx_word' id='word_1_13' title='bbox 1605 280 1916 340; x_wconf 70' lang='grc' dir='ltr'>Δημοσθένης</span> <span class='ocrx_word' id='word_1_14' title='bbox 1898 301 1939 327; x_wconf 87' lang='grc' dir='ltr'><strong>εν</strong></span> <span class='ocrx_word' id='word_1_15' title='bbox 1957 302 2017 346; x_wconf 86' lang='grc' dir='ltr'>τῳ</span> <span class='ocrx_word' id='word_1_16' title='bbox 2041 283 2162 331; x_wconf 83' lang='grc' dir='ltr'>Κατὰ</span> <span class='ocrx_word' id='word_1_17' title='bbox 2184 285 2371 350; x_wconf 79' lang='grc' dir='ltr'>Νεαίρας</span> <span class='ocrx_word' id='word_1_18' title='bbox 2395 288 2639 344; x_wconf 73' lang='grc' dir='ltr'>Πλαταιέας</span> <span class='ocrx_word' id='word_1_19' title='bbox 2655 292 2809 355; x_wconf 72' lang='grc' dir='ltr'>γεγρά.</span> 
     </span>
    </p>
   </div>
   <div class='ocr_carea' id='block_1_5' title="bbox 2717 191 2803 232">
    <p class='ocr_par' dir='ltr' id='par_1_5' title="bbox 2717 191 2803 232">
     <span class='ocr_line' id='line_1_6' title="bbox 2717 191 2803 232; baseline 0.012 -1"><span class='ocrx_word' id='word_1_20' title='bbox 2717 191 2803 232; x_wconf 78' lang='lat'><strong>(321</strong></span> 
     </span>
    </p>
   </div>
   <div class='ocr_carea' id='block_1_6' title="bbox 127 343 2810 423">
    <p class='ocr_par' dir='ltr' id='par_1_6' title="bbox 127 343 2810 423">
     <span class='ocr_line' id='line_1_7' title="bbox 127 343 2810 423; baseline 0.004 -24"><span class='ocrx_word' id='word_1_21' title='bbox 127 357 316 419; x_wconf 65' lang='grc' dir='ltr'>-,ᾏῬηῑεῖ)</span> <span class='ocrx_word' id='word_1_22' title='bbox 359 354 575 412; x_wconf 76' lang='lat' dir='ltr'><strong>inquisivi</strong></span> <span class='ocrx_word' id='word_1_23' title='bbox 613 354 662 396; x_wconf 89' lang='lat' dir='ltr'><strong>in</strong></span> <span class='ocrx_word' id='word_1_24' title='bbox 702 353 892 397; x_wconf 88' lang='lat' dir='ltr'><strong>Dissert.</strong></span> <span class='ocrx_word' id='word_1_25' title='bbox 930 343 989 396; x_wconf 83' lang='lat' dir='ltr'><strong>de</strong></span> <span class='ocrx_word' id='word_1_26' title='bbox 1026 353 1231 413; x_wconf 87' lang='lat' dir='ltr'><strong>AEschyli</strong></span> <span class='ocrx_word' id='word_1_27' title='bbox 1269 356 1455 414; x_wconf 86' lang='lat' dir='ltr'><strong>Septem</strong></span> <span class='ocrx_word' id='word_1_28' title='bbox 1528 354 1672 415; x_wconf 76' lang='grc' dir='ltr'>φθαι’</span> <span class='ocrx_word' id='word_1_29' title='bbox 1655 370 1696 398; x_wconf 90' lang='grc' dir='ltr'><strong>εν</strong></span> <span class='ocrx_word' id='word_1_30' title='bbox 1714 355 1766 415; x_wconf 81' lang='grc' dir='ltr'>τῇ</span> <span class='ocrx_word' id='word_1_31' title='bbox 1790 353 1972 415; x_wconf 82' lang='grc' dir='ltr'>Ποικίλῃ</span> <span class='ocrx_word' id='word_1_32' title='bbox 1992 362 2119 419; x_wconf 78' lang='grc' dir='ltr'>στοᾷ·</span> <span class='ocrx_word' id='word_1_33' title='bbox 2139 357 2271 411; x_wconf 78' lang='grc' dir='ltr'>οὐδεὶς</span> <span class='ocrx_word' id='word_1_34' title='bbox 2291 357 2371 419; x_wconf 83' lang='grc' dir='ltr'><strong>γὰρ</strong></span> <span class='ocrx_word' id='word_1_35' title='bbox 2394 363 2515 406; x_wconf 76' lang='grc' dir='ltr'>τοῦτο</span> <span class='ocrx_word' id='word_1_36' title='bbox 2532 360 2695 423; x_wconf 82' lang='grc' dir='ltr'>εἴρηκεν</span> <span class='ocrx_word' id='word_1_37' title='bbox 2716 364 2810 411; x_wconf 75' lang='grc' dir='ltr'>οὐδὲ</span> 
     </span>
    </p>
   </div>
   <div class='ocr_carea' id='block_1_7' title="bbox 127 423 1057 484">
    <p class='ocr_par' dir='ltr' id='par_1_7' title="bbox 127 423 1057 484">
     <span class='ocr_line' id='line_1_8' title="bbox 127 423 1057 484; baseline -0.005 -10"><span class='ocrx_word' id='word_1_38' title='bbox 127 451 155 474; x_wconf 70' lang='grc'>;</span> <span class='ocrx_word' id='word_1_39' title='bbox 165 441 208 476; x_wconf 77' lang='lat' dir='ltr'><strong>e.</strong></span> <span class='ocrx_word' id='word_1_40' title='bbox 238 426 382 472; x_wconf 85' lang='lat' dir='ltr'><strong>Theb.</strong></span> <span class='ocrx_word' id='word_1_41' title='bbox 401 426 617 484; x_wconf 85' lang='lat' dir='ltr'><strong>Goetting.</strong></span> <span class='ocrx_word' id='word_1_42' title='bbox 651 423 793 484; x_wconf 79' lang='lat'><strong>1837,</strong></span> <span class='ocrx_word' id='word_1_43' title='bbox 818 440 869 483; x_wconf 85' lang='lat' dir='ltr'><strong>p.</strong></span> <span class='ocrx_word' id='word_1_44' title='bbox 902 423 960 468; x_wconf 82' lang='lat'><strong>32</strong></span> <span class='ocrx_word' id='word_1_45' title='bbox 989 440 1057 484; x_wconf 92' lang='lat' dir='ltr'><strong>sq.</strong></span> 
     </span>
    </p>
   </div>
   <div class='ocr_carea' id='block_1_8' title="bbox 111 527 1458 1095">
    <p class='ocr_par' dir='ltr' id='par_1_8' title="bbox 99 527 1458 1095">
     <span class='ocr_line' id='line_1_9' title="bbox 792 527 834 566; baseline 0 -11"><span class='ocrx_word' id='word_1_46' title='bbox 792 527 834 566; x_wconf 91' lang='lat'><strong>7.</strong></span> 
     </span>
     <span class='ocr_line' id='line_1_10' title="bbox 130 588 1455 663; baseline 0.001 -19"><span class='ocrx_word' id='word_1_47' title='bbox 130 588 465 663; x_wconf 55' lang='lat' dir='ltr'><strong>{⁴⁷²”&#39;Plutarch.</strong></span> <span class='ocrx_word' id='word_1_48' title='bbox 487 598 667 643; x_wconf 90' lang='lat' dir='ltr'><strong>Cimon.</strong></span> <span class='ocrx_word' id='word_1_49' title='bbox 688 613 729 642; x_wconf 92' lang='lat' dir='ltr'><strong>c.</strong></span> <span class='ocrx_word' id='word_1_50' title='bbox 768 612 821 640; x_wconf 85' lang='lat'><strong>12</strong></span> <span class='ocrx_word' id='word_1_51' title='bbox 836 631 848 652; x_wconf 90' lang='lat'>‚</span> <span class='ocrx_word' id='word_1_52' title='bbox 876 595 921 653; x_wconf 82' lang='lat'><strong>5,</strong></span> <span class='ocrx_word' id='word_1_53' title='bbox 955 598 1013 642; x_wconf 94' lang='lat' dir='ltr'><strong>de</strong></span> <span class='ocrx_word' id='word_1_54' title='bbox 1037 600 1235 644; x_wconf 87' lang='lat' dir='ltr'><strong>victoria</strong></span> <span class='ocrx_word' id='word_1_55' title='bbox 1253 601 1455 645; x_wconf 85' lang='lat' dir='ltr'><strong>Cimonis</strong></span> 
     </span>
     <span class='ocr_line' id='line_1_11' title="bbox 126 668 1456 734; baseline -0.002 -15.009"><span class='ocrx_word' id='word_1_56' title='bbox 126 694 137 732; x_wconf 66' lang='grc'><strong>;</strong></span> <span class='ocrx_word' id='word_1_57' title='bbox 146 670 227 719; x_wconf 80' lang='lat' dir='ltr'><strong>ad</strong></span> <span class='ocrx_word' id='word_1_58' title='bbox 245 669 642 730; x_wconf 80' lang='lat' dir='ltr'><strong>Eurymedontem</strong></span> <span class='ocrx_word' id='word_1_59' title='bbox 662 677 932 728; x_wconf 89' lang='lat' dir='ltr'><strong>reportata:</strong></span> <span class='ocrx_word' id='word_1_60' title='bbox 954 669 1095 715; x_wconf 82' lang='grc' dir='ltr'>Ἰουτο</span> <span class='ocrx_word' id='word_1_61' title='bbox 1114 668 1161 715; x_wconf 84' lang='grc' dir='ltr'>τὸ</span> <span class='ocrx_word' id='word_1_62' title='bbox 1186 668 1305 734; x_wconf 87' lang='grc' dir='ltr'>ἔργον</span> <span class='ocrx_word' id='word_1_63' title='bbox 1326 669 1456 724; x_wconf 83' lang='grc' dir='ltr'>οὕτως</span> 
     </span>
     <span class='ocr_line' id='line_1_12' title="bbox 152 737 1456 803; baseline -0.001 -14.02"><span class='ocrx_word' id='word_1_64' title='bbox 152 740 427 793; x_wconf 64' lang='grc' dir='ltr'>ἓταπείποσε</span> <span class='ocrx_word' id='word_1_65' title='bbox 453 737 528 796; x_wconf 85' lang='grc' dir='ltr'><strong>τὴν</strong></span> <span class='ocrx_word' id='word_1_66' title='bbox 548 739 725 802; x_wconf 85' lang='grc' dir='ltr'>γνώμην</span> <span class='ocrx_word' id='word_1_67' title='bbox 747 758 821 786; x_wconf 92' lang='grc' dir='ltr'><strong>του</strong></span> <span class='ocrx_word' id='word_1_68' title='bbox 844 737 1127 803; x_wconf 64' lang='grc' dir='ltr'>βασιλέως,“’</span> <span class='ocrx_word' id='word_1_69' title='bbox 1097 759 1209 787; x_wconf 90' lang='grc' dir='ltr'>ωστε</span> <span class='ocrx_word' id='word_1_70' title='bbox 1232 741 1456 789; x_wconf 82' lang='grc' dir='ltr'>συνθέσθαι</span> 
     </span>
     <span class='ocr_line' id='line_1_13' title="bbox 160 809 1456 877; baseline -0.002 -15.051"><span class='ocrx_word' id='word_1_71' title='bbox 126 812 244 874; x_wconf 78' lang='grc' dir='ltr'>’τὴν</span> <span class='ocrx_word' id='word_1_72' title='bbox 267 811 523 876; x_wconf 74' lang='grc' dir='ltr'>περιὸόητον</span> <span class='ocrx_word' id='word_1_73' title='bbox 548 810 719 874; x_wconf 91' lang='grc' dir='ltr'>εἷρήνην</span> <span class='ocrx_word' id='word_1_74' title='bbox 745 810 932 874; x_wconf 80' lang='grc' dir='ltr'>ἐκείνην,</span> <span class='ocrx_word' id='word_1_75' title='bbox 948 809 1083 859; x_wconf 77' lang='grc' dir='ltr'>ἵππου</span> <span class='ocrx_word' id='word_1_76' title='bbox 1108 811 1185 874; x_wconf 84' lang='grc' dir='ltr'><strong>μὲν</strong></span> <span class='ocrx_word' id='word_1_77' title='bbox 1212 812 1365 877; x_wconf 87' lang='grc' dir='ltr'>δρόμον</span> <span class='ocrx_word' id='word_1_78' title='bbox 1391 815 1456 860; x_wconf 81' lang='grc' dir='ltr'><strong>ἀεὶ</strong></span> 
     </span>
     <span class='ocr_line' id='line_1_14' title="bbox 111 883 1458 972; baseline -0.001 -39"><span class='ocrx_word' id='word_1_79' title='bbox 111 885 250 946; x_wconf 45' lang='grc' dir='ltr'><strong>,π’-’τῆς</strong></span> <span class='ocrx_word' id='word_1_80' title='bbox 261 884 520 943; x_wconf 83' lang='grc' dir='ltr'>Ἑλληνικῆς</span> <span class='ocrx_word' id='word_1_81' title='bbox 542 883 720 948; x_wconf 82' lang='grc' dir='ltr'>ἀπέχειν</span> <span class='ocrx_word' id='word_1_82' title='bbox 755 883 996 972; x_wconf 74' lang='grc' dir='ltr'>θαλάρσης,</span> <span class='ocrx_word' id='word_1_83' title='bbox 1029 883 1146 932; x_wconf 85' lang='grc' dir='ltr'>ἔνδον</span> <span class='ocrx_word' id='word_1_84' title='bbox 1171 884 1215 932; x_wconf 80' lang='grc' dir='ltr'><strong>δὲ</strong></span> <span class='ocrx_word' id='word_1_85' title='bbox 1253 885 1458 934; x_wconf 83' lang='grc' dir='ltr'>Κυανέων</span> 
     </span>
     <span class='ocr_line' id='line_1_15' title="bbox 131 954 1455 1022; baseline -0.001 -18.021"><span class='ocrx_word' id='word_1_86' title='bbox 102 975 142 1017; x_wconf 89' lang='grc'><strong>·,·</strong></span> <span class='ocrx_word' id='word_1_87' title='bbox 166 957 240 1009; x_wconf 75' lang='grc' dir='ltr'><strong>καὶ</strong></span> <span class='ocrx_word' id='word_1_88' title='bbox 265 956 524 1007; x_wconf 87' lang='grc' dir='ltr'>Χελιδονίων</span> <span class='ocrx_word' id='word_1_89' title='bbox 547 963 695 1022; x_wconf 78' lang='grc' dir='ltr'>μακρᾷ</span> <span class='ocrx_word' id='word_1_90' title='bbox 719 954 790 1014; x_wconf 82' lang='grc' dir='ltr'>νηὶ</span> <span class='ocrx_word' id='word_1_91' title='bbox 810 975 884 1002; x_wconf 85' lang='grc' dir='ltr'><strong>και</strong></span> <span class='ocrx_word' id='word_1_92' title='bbox 904 955 1198 1022; x_wconf 75' lang='grc' dir='ltr'>χαλκεμὸόλῳ</span> <span class='ocrx_word' id='word_1_93' title='bbox 1217 957 1277 1020; x_wconf 80' lang='grc' dir='ltr'>μὴ</span> <span class='ocrx_word' id='word_1_94' title='bbox 1300 957 1455 1005; x_wconf 87' lang='grc' dir='ltr'>πλέειν.</span> 
     </span>
     <span class='ocr_line' id='line_1_16' title="bbox 155 1027 1458 1095; baseline -0.001 -17.082"><span class='ocrx_word' id='word_1_95' title='bbox 155 1027 324 1081; x_wconf 70' lang='grc' dir='ltr'><strong>4Καίτοι</strong></span> <span class='ocrx_word' id='word_1_96' title='bbox 343 1028 639 1088; x_wconf 86' lang='grc' dir='ltr'>Καλλισθένης</span> <span class='ocrx_word' id='word_1_97' title='bbox 658 1028 706 1074; x_wconf 85' lang='grc' dir='ltr'><strong>οὔ</strong></span> <span class='ocrx_word' id='word_1_98' title='bbox 725 1047 830 1094; x_wconf 86' lang='grc' dir='ltr'>φησι</span> <span class='ocrx_word' id='word_1_99' title='bbox 849 1033 985 1075; x_wconf 79' lang='grc' dir='ltr'>ταῦτα</span> <span class='ocrx_word' id='word_1_100' title='bbox 1003 1028 1227 1076; x_wconf 84' lang='grc' dir='ltr'>συνθέσθαι</span> <span class='ocrx_word' id='word_1_101' title='bbox 1250 1030 1320 1076; x_wconf 82' lang='grc' dir='ltr'><strong>τὸν</strong></span> <span class='ocrx_word' id='word_1_102' title='bbox 1347 1030 1458 1095; x_wconf 85' lang='grc' dir='ltr'>βάρ-</span> 
     </span>
    </p>
   </div>
   <div class='ocr_carea' id='block_1_9' title="bbox 74 1099 1458 1240">
    <p class='ocr_par' dir='ltr' id='par_1_9' title="bbox 69 1098 1458 1240">
     <span class='ocr_line' id='line_1_17' title="bbox 170 1099 1458 1168; baseline -0.002 -15.218"><span class='ocrx_word' id='word_1_103' title='bbox 170 1102 315 1168; x_wconf 75' lang='grc' dir='ltr'>ὅαρον,</span> <span class='ocrx_word' id='word_1_104' title='bbox 337 1100 450 1167; x_wconf 86' lang='grc' dir='ltr'>ἔργῳ</span> <span class='ocrx_word' id='word_1_105' title='bbox 471 1100 516 1148; x_wconf 84' lang='grc' dir='ltr'><strong>δὲ</strong></span> <span class='ocrx_word' id='word_1_106' title='bbox 538 1101 673 1148; x_wconf 84' lang='grc' dir='ltr'>ποιεῖν</span> <span class='ocrx_word' id='word_1_107' title='bbox 703 1099 773 1148; x_wconf 81' lang='grc' dir='ltr'>διὰ</span> <span class='ocrx_word' id='word_1_108' title='bbox 803 1099 933 1164; x_wconf 76' lang='grc' dir='ltr'>φόὸον</span> <span class='ocrx_word' id='word_1_109' title='bbox 953 1105 1030 1158; x_wconf 79' lang='grc' dir='ltr'><strong>τῆς</strong></span> <span class='ocrx_word' id='word_1_110' title='bbox 1049 1101 1180 1160; x_wconf 81' lang='grc' dir='ltr'>ἥττης</span> <span class='ocrx_word' id='word_1_111' title='bbox 1203 1102 1364 1160; x_wconf 79' lang='grc' dir='ltr'>ἐκείνης</span> <span class='ocrx_word' id='word_1_112' title='bbox 1385 1104 1458 1150; x_wconf 84' lang='grc' dir='ltr'><strong>καὶ</strong></span> 
     </span>
     <span class='ocr_line' id='line_1_18' title="bbox 74 1172 1456 1240; baseline 0.001 -18"><span class='ocrx_word' id='word_1_113' title='bbox 74 1176 75 1180; x_wconf 63' lang='grc'>’</span> <span class='ocrx_word' id='word_1_114' title='bbox 115 1186 117 1190; x_wconf 89' lang='grc'><strong>“</strong></span> <span class='ocrx_word' id='word_1_115' title='bbox 155 1174 338 1240; x_wconf 45' lang='grc' dir='ltr'>*μακρὰν</span> <span class='ocrx_word' id='word_1_116' title='bbox 362 1174 495 1228; x_wconf 78' lang='grc' dir='ltr'>οὕτως</span> <span class='ocrx_word' id='word_1_117' title='bbox 519 1176 760 1231; x_wconf 72' lang='grc' dir='ltr'>ἀποστῆναι</span> <span class='ocrx_word' id='word_1_118' title='bbox 783 1176 860 1230; x_wconf 71' lang='grc' dir='ltr'><strong>τῆς</strong></span> <span class='ocrx_word' id='word_1_119' title='bbox 899 1172 1101 1228; x_wconf 85' lang='grc' dir='ltr'>Ἑλλάδος</span> <span class='ocrx_word' id='word_1_120' title='bbox 1117 1211 1128 1233; x_wconf 94' lang='grc'>,</span> <span class='ocrx_word' id='word_1_121' title='bbox 1165 1174 1275 1222; x_wconf 81' lang='grc' dir='ltr'>ὥστε</span> <span class='ocrx_word' id='word_1_122' title='bbox 1300 1176 1456 1234; x_wconf 82' lang='grc' dir='ltr'>πεντή-</span> 
     </span>
    </p>
   </div>
   <div class='ocr_carea' id='block_1_10' title="bbox 163 1245 1457 1312">
    <p class='ocr_par' dir='ltr' id='par_1_10' title="bbox 89 1240 1457 1312">
     <span class='ocr_line' id='line_1_19' title="bbox 163 1245 1457 1312; baseline 0.001 -18.89"><span class='ocrx_word' id='word_1_123' title='bbox 163 1265 296 1299; x_wconf 71' lang='grc' dir='ltr'>κοντα</span> <span class='ocrx_word' id='word_1_124' title='bbox 319 1249 443 1296; x_wconf 80' lang='grc' dir='ltr'>ναυσὶ</span> <span class='ocrx_word' id='word_1_125' title='bbox 468 1245 686 1312; x_wconf 82' lang='grc' dir='ltr'>Περικλέα</span> <span class='ocrx_word' id='word_1_126' title='bbox 707 1246 780 1294; x_wconf 86' lang='grc' dir='ltr'><strong>καὶ</strong></span> <span class='ocrx_word' id='word_1_127' title='bbox 797 1245 1025 1310; x_wconf 80' lang='grc' dir='ltr'>τριάκοντα</span> <span class='ocrx_word' id='word_1_128' title='bbox 1052 1246 1201 1308; x_wconf 84' lang='grc' dir='ltr'>μόναις</span> <span class='ocrx_word' id='word_1_129' title='bbox 1222 1247 1457 1312; x_wconf 79' lang='grc' dir='ltr'>Ἐφιάλτην</span> 
     </span>
    </p>
   </div>
   <div class='ocr_carea' id='block_1_11' title="bbox 33 1318 1461 1814">
    <p class='ocr_par' dir='ltr' id='par_1_11' title="bbox 28 1318 1461 1750">
     <span class='ocr_line' id='line_1_20' title="bbox 38 1318 1458 1382; baseline -0.001 -13"><span class='ocrx_word' id='word_1_130' title='bbox 38 1324 53 1369; x_wconf 65' lang='grc' dir='ltr'>Ϊ</span> <span class='ocrx_word' id='word_1_131' title='bbox 169 1320 365 1370; x_wconf 76' lang='grc' dir='ltr'>ἐπέκεινα</span> <span class='ocrx_word' id='word_1_132' title='bbox 389 1322 574 1367; x_wconf 78' lang='grc' dir='ltr'>πλεῦσαι</span> <span class='ocrx_word' id='word_1_133' title='bbox 601 1319 859 1369; x_wconf 86' lang='grc' dir='ltr'>Χελιδονίων</span> <span class='ocrx_word' id='word_1_134' title='bbox 894 1318 968 1366; x_wconf 82' lang='grc' dir='ltr'><strong>καὶ</strong></span> <span class='ocrx_word' id='word_1_135' title='bbox 994 1319 1125 1382; x_wconf 81' lang='grc' dir='ltr'>μηδὲν</span> <span class='ocrx_word' id='word_1_136' title='bbox 1144 1322 1285 1374; x_wconf 84' lang='grc' dir='ltr'>αὐτοῖς</span> <span class='ocrx_word' id='word_1_137' title='bbox 1309 1340 1458 1368; x_wconf 91' lang='grc' dir='ltr'>ναυτι-</span> 
     </span>
     <span class='ocr_line' id='line_1_21' title="bbox 167 1391 1461 1458; baseline -0.003 -14.373"><span class='ocrx_word' id='word_1_138' title='bbox 167 1393 242 1442; x_wconf 74' lang='grc' dir='ltr'><strong>κὸν</strong></span> <span class='ocrx_word' id='word_1_139' title='bbox 259 1395 504 1450; x_wconf 76' lang='grc' dir='ltr'>ἀπαντῆσαι</span> <span class='ocrx_word' id='word_1_140' title='bbox 524 1391 644 1458; x_wconf 87' lang='grc' dir='ltr'>παρὰ</span> <span class='ocrx_word' id='word_1_141' title='bbox 666 1395 749 1439; x_wconf 92' lang='grc' dir='ltr'><strong>τῶν</strong></span> <span class='ocrx_word' id='word_1_142' title='bbox 771 1391 1019 1458; x_wconf 73' lang='grc' dir='ltr'>βαρὸάρων.</span> <span class='ocrx_word' id='word_1_143' title='bbox 1046 1391 1122 1440; x_wconf 84' lang='grc' dir='ltr'>Ἔν</span> <span class='ocrx_word' id='word_1_144' title='bbox 1137 1392 1180 1439; x_wconf 82' lang='grc' dir='ltr'><strong>δὲ</strong></span> <span class='ocrx_word' id='word_1_145' title='bbox 1199 1400 1284 1447; x_wconf 88' lang='grc' dir='ltr'>τοῖς</span> <span class='ocrx_word' id='word_1_146' title='bbox 1305 1393 1461 1458; x_wconf 84' lang='grc' dir='ltr'>Ψηφί-</span> 
     </span>
     <span class='ocr_line' id='line_1_22' title="bbox 34 1461 1458 1532; baseline -0.004 -15"><span class='ocrx_word' id='word_1_147' title='bbox 34 1461 51 1517; x_wconf 65' lang='grc'><strong>.4</strong></span> <span class='ocrx_word' id='word_1_148' title='bbox 93 1485 116 1532; x_wconf 64' lang='grc' dir='ltr'><em>ζ</em></span> <span class='ocrx_word' id='word_1_149' title='bbox 166 1485 358 1531; x_wconf 50' lang='grc' dir='ltr'>’σμασι-ιν,</span> <span class='ocrx_word' id='word_1_150' title='bbox 383 1465 410 1513; x_wconf 81' lang='grc' dir='ltr'>ἃ</span> <span class='ocrx_word' id='word_1_151' title='bbox 443 1465 657 1529; x_wconf 80' lang='grc' dir='ltr'>συνήγαγε</span> <span class='ocrx_word' id='word_1_152' title='bbox 691 1465 934 1530; x_wconf 78' lang='grc' dir='ltr'>Κράτερος,</span> <span class='ocrx_word' id='word_1_153' title='bbox 970 1463 1207 1530; x_wconf 82' lang='grc' dir='ltr'>ἀντίγραφα</span> <span class='ocrx_word' id='word_1_154' title='bbox 1239 1470 1458 1524; x_wconf 81' lang='grc' dir='ltr'>συνθηκῶν</span> 
     </span>
     <span class='ocr_line' id='line_1_23' title="bbox 33 1534 1459 1603; baseline -0.003 -15"><span class='ocrx_word' id='word_1_155' title='bbox 33 1578 55 1590; x_wconf 84' lang='grc'><strong>.</strong></span> <span class='ocrx_word' id='word_1_156' title='bbox 78 1576 81 1583; x_wconf 40' lang='grc' dir='ltr'>ι</span> <span class='ocrx_word' id='word_1_157' title='bbox 109 1534 139 1572; x_wconf 35' lang='lat'><strong>⁴·</strong></span> <span class='ocrx_word' id='word_1_158' title='bbox 169 1542 226 1594; x_wconf 81' lang='grc' dir='ltr'>ὡς</span> <span class='ocrx_word' id='word_1_159' title='bbox 247 1537 484 1603; x_wconf 84' lang='grc' dir='ltr'>γενομένων</span> <span class='ocrx_word' id='word_1_160' title='bbox 524 1536 859 1586; x_wconf 84' lang='grc' dir='ltr'>κατατέτακται.</span> <span class='ocrx_word' id='word_1_161' title='bbox 887 1535 1010 1586; x_wconf 87' lang='grc' dir='ltr'>Φασὶ</span> <span class='ocrx_word' id='word_1_162' title='bbox 1043 1535 1086 1583; x_wconf 78' lang='grc' dir='ltr'><strong>δὲ</strong></span> <span class='ocrx_word' id='word_1_163' title='bbox 1111 1536 1185 1584; x_wconf 75' lang='grc' dir='ltr'><strong>καὶ</strong></span> <span class='ocrx_word' id='word_1_164' title='bbox 1219 1537 1363 1601; x_wconf 82' lang='grc' dir='ltr'>βωμὸν</span> <span class='ocrx_word' id='word_1_165' title='bbox 1388 1540 1459 1586; x_wconf 83' lang='grc' dir='ltr'><strong>Εἷ-</strong></span> 
     </span>
     <span class='ocr_line' id='line_1_24' title="bbox 79 1607 1457 1676; baseline -0.001 -20.035"><span class='ocrx_word' id='word_1_166' title='bbox 29 1623 97 1667; x_wconf 55' lang='lat'><strong>..1³²3</strong></span> <span class='ocrx_word' id='word_1_167' title='bbox 170 1609 299 1676; x_wconf 88' lang='grc' dir='ltr'>ρήνης</span> <span class='ocrx_word' id='word_1_168' title='bbox 318 1609 388 1657; x_wconf 80' lang='grc' dir='ltr'>διὰ</span> <span class='ocrx_word' id='word_1_169' title='bbox 409 1614 549 1658; x_wconf 76' lang='grc' dir='ltr'>ταῦτα</span> <span class='ocrx_word' id='word_1_170' title='bbox 573 1607 670 1663; x_wconf 76' lang='grc' dir='ltr'>τοὺς</span> <span class='ocrx_word' id='word_1_171' title='bbox 692 1608 936 1666; x_wconf 87' lang='grc' dir='ltr'>Ἀθηναίους</span> <span class='ocrx_word' id='word_1_172' title='bbox 955 1607 1210 1672; x_wconf 79' lang='grc' dir='ltr'>ἱδρύσασθαι</span> <span class='ocrx_word' id='word_1_173' title='bbox 1232 1608 1306 1654; x_wconf 84' lang='grc' dir='ltr'><strong>καὶ</strong></span> <span class='ocrx_word' id='word_1_174' title='bbox 1335 1610 1457 1668; x_wconf 82' lang='grc' dir='ltr'>Καλ-</span> 
     </span>
     <span class='ocr_line' id='line_1_25' title="bbox 71 1680 1232 1750; baseline -0.004 -16.179"><span class='ocrx_word' id='word_1_175' title='bbox 71 1686 99 1750; x_wconf 44' lang='lat'><strong>,⁵</strong></span> <span class='ocrx_word' id='word_1_176' title='bbox 168 1682 262 1731; x_wconf 84' lang='grc' dir='ltr'>λίαν</span> <span class='ocrx_word' id='word_1_177' title='bbox 282 1683 352 1730; x_wconf 82' lang='grc' dir='ltr'><strong>τὸν</strong></span> <span class='ocrx_word' id='word_1_178' title='bbox 376 1680 707 1746; x_wconf 73' lang='grc' dir='ltr'>πρεσὸεύσαντα</span> <span class='ocrx_word' id='word_1_179' title='bbox 728 1685 913 1743; x_wconf 71' lang='grc' dir='ltr'>τιμῆσαι</span> <span class='ocrx_word' id='word_1_180' title='bbox 936 1681 1232 1745; x_wconf 82' lang='grc' dir='ltr'>διαφερόντως.</span> 
     </span>
    </p>

    <p class='ocr_par' dir='ltr' id='par_1_12' title="bbox 26 1738 1461 1814">
     <span class='ocr_line' id='line_1_26' title="bbox 51 1738 1461 1814; baseline -0.001 -13.017"><span class='ocrx_word' id='word_1_181' title='bbox 51 1738 82 1795; x_wconf 51' lang='lat'><strong>‘²-</strong></span> <span class='ocrx_word' id='word_1_182' title='bbox 155 1790 162 1795; x_wconf 79' lang='grc'>.</span> <span class='ocrx_word' id='word_1_183' title='bbox 233 1757 363 1801; x_wconf 81' lang='lat' dir='ltr'><strong>Pacis</strong></span> <span class='ocrx_word' id='word_1_184' title='bbox 393 1755 532 1814; x_wconf 86' lang='lat' dir='ltr'><strong>hujus</strong></span> <span class='ocrx_word' id='word_1_185' title='bbox 557 1755 848 1799; x_wconf 89' lang='lat' dir='ltr'><strong>conditiones</strong></span> <span class='ocrx_word' id='word_1_186' title='bbox 872 1755 1031 1814; x_wconf 89' lang='lat' dir='ltr'><strong>paullo</strong></span> <span class='ocrx_word' id='word_1_187' title='bbox 1065 1755 1247 1813; x_wconf 87' lang='lat' dir='ltr'><strong>plenius</strong></span> <span class='ocrx_word' id='word_1_188' title='bbox 1272 1756 1461 1800; x_wconf 84' lang='lat' dir='ltr'><strong>exhibet</strong></span> 
     </span>
    </p>
   </div>
   <div class='ocr_carea' id='block_1_12' title="bbox 43 1825 1459 1960">
    <p class='ocr_par' dir='ltr' id='par_1_13' title="bbox 33 1799 1459 1960">
     <span class='ocr_line' id='line_1_27' title="bbox 169 1825 1456 1888; baseline -0.001 -16.096"><span class='ocrx_word' id='word_1_189' title='bbox 169 1827 406 1873; x_wconf 88' lang='lat' dir='ltr'><strong>Diodorus</strong></span> <span class='ocrx_word' id='word_1_190' title='bbox 420 1828 532 1882; x_wconf 86' lang='lat' dir='ltr'>XII,</span> <span class='ocrx_word' id='word_1_191' title='bbox 555 1833 600 1882; x_wconf 82' lang='grc'>4,</span> <span class='ocrx_word' id='word_1_192' title='bbox 628 1825 672 1883; x_wconf 84' lang='grc'>5,</span> <span class='ocrx_word' id='word_1_193' title='bbox 691 1827 752 1871; x_wconf 90' lang='lat' dir='ltr'><strong>cf.</strong></span> <span class='ocrx_word' id='word_1_194' title='bbox 776 1829 886 1883; x_wconf 88' lang='lat' dir='ltr'>XII,</span> <span class='ocrx_word' id='word_1_195' title='bbox 916 1843 962 1888; x_wconf 73' lang='grc' dir='ltr'><strong>α,</strong></span> <span class='ocrx_word' id='word_1_196' title='bbox 988 1826 1066 1874; x_wconf 89' lang='grc'><strong>36.</strong></span> <span class='ocrx_word' id='word_1_197' title='bbox 1094 1827 1310 1872; x_wconf 87' lang='lat' dir='ltr'><strong>Ceterum</strong></span> <span class='ocrx_word' id='word_1_198' title='bbox 1331 1836 1384 1871; x_wconf 91' lang='lat' dir='ltr'><strong>ut</strong></span> <span class='ocrx_word' id='word_1_199' title='bbox 1406 1844 1456 1872; x_wconf 87' lang='lat' dir='ltr'><strong>ea</strong></span> 
     </span>
     <span class='ocr_line' id='line_1_28' title="bbox 43 1898 1459 1960; baseline 0.001 -17"><span class='ocrx_word' id='word_1_200' title='bbox 43 1907 54 1918; x_wconf 55' lang='lat'>³</span> <span class='ocrx_word' id='word_1_201' title='bbox 158 1914 273 1959; x_wconf 83' lang='lat' dir='ltr'><strong>·quae</strong></span> <span class='ocrx_word' id='word_1_202' title='bbox 297 1899 355 1944; x_wconf 88' lang='lat' dir='ltr'><strong>de</strong></span> <span class='ocrx_word' id='word_1_203' title='bbox 378 1899 581 1945; x_wconf 84' lang='lat' dir='ltr'><strong>Aristide</strong></span> <span class='ocrx_word' id='word_1_204' title='bbox 597 1899 652 1943; x_wconf 87' lang='lat' dir='ltr'><strong>fr.</strong></span> <span class='ocrx_word' id='word_1_205' title='bbox 671 1899 700 1943; x_wconf 91' lang='lat'>6</span> <span class='ocrx_word' id='word_1_206' title='bbox 725 1900 935 1960; x_wconf 85' lang='lat' dir='ltr'><strong>legimus,</strong></span> <span class='ocrx_word' id='word_1_207' title='bbox 961 1898 1071 1944; x_wconf 87' lang='lat' dir='ltr'><strong>falsa</strong></span> <span class='ocrx_word' id='word_1_208' title='bbox 1095 1909 1216 1955; x_wconf 90' lang='lat' dir='ltr'><strong>sunt,</strong></span> <span class='ocrx_word' id='word_1_209' title='bbox 1238 1901 1302 1944; x_wconf 91' lang='lat' dir='ltr'><strong>sic</strong></span> <span class='ocrx_word' id='word_1_210' title='bbox 1323 1902 1459 1945; x_wconf 91' lang='lat' dir='ltr'><strong>etiam</strong></span> 
     </span>
    </p>
   </div>
   <div class='ocr_carea' id='block_1_13' title="bbox 45 1969 1460 2105">
    <p class='ocr_par' dir='ltr' id='par_1_14' title="bbox 38 1969 1460 2105">
     <span class='ocr_line' id='line_1_29' title="bbox 78 1969 1460 2033; baseline 0.001 -16.944"><span class='ocrx_word' id='word_1_211' title='bbox 78 1987 94 2014; x_wconf 48' lang='lat' dir='ltr'><em>f</em></span> <span class='ocrx_word' id='word_1_212' title='bbox 158 1969 324 2017; x_wconf 81' lang='lat' dir='ltr'><strong>-tictam</strong></span> <span class='ocrx_word' id='word_1_213' title='bbox 343 1987 432 2016; x_wconf 86' lang='lat' dir='ltr'><strong>esse</strong></span> <span class='ocrx_word' id='word_1_214' title='bbox 458 1987 623 2031; x_wconf 82' lang='lat' dir='ltr'><strong>pacem</strong></span> <span class='ocrx_word' id='word_1_215' title='bbox 645 1972 762 2016; x_wconf 91' lang='lat' dir='ltr'><strong>hanc</strong></span> <span class='ocrx_word' id='word_1_216' title='bbox 783 1972 1036 2016; x_wconf 88' lang='lat' dir='ltr'><strong>Cimoniam</strong></span> <span class='ocrx_word' id='word_1_217' title='bbox 1056 2006 1068 2029; x_wconf 89' lang='lat'>‚</span> <span class='ocrx_word' id='word_1_218' title='bbox 1093 1987 1232 2033; x_wconf 82' lang='lat' dir='ltr'><strong>quani</strong></span> <span class='ocrx_word' id='word_1_219' title='bbox 1251 1973 1460 2018; x_wconf 85' lang='lat' dir='ltr'><strong>rhetores</strong></span> 
     </span>
     <span class='ocr_line' id='line_1_30' title="bbox 45 2038 1460 2105; baseline 0.001 -16"><span class='ocrx_word' id='word_1_220' title='bbox 45 2038 74 2068; x_wconf 41' lang='grc' dir='ltr'><strong>Ψ·</strong></span> <span class='ocrx_word' id='word_1_221' title='bbox 103 2068 110 2072; x_wconf 84' lang='lat'><strong>·</strong></span> <span class='ocrx_word' id='word_1_222' title='bbox 171 2044 429 2099; x_wconf 88' lang='lat' dir='ltr'><strong>celebrant,</strong></span> <span class='ocrx_word' id='word_1_223' title='bbox 455 2044 750 2105; x_wconf 79' lang='lat' dir='ltr'><strong>Thucydides</strong></span> <span class='ocrx_word' id='word_1_224' title='bbox 783 2059 896 2089; x_wconf 86' lang='lat' dir='ltr'><strong>vero</strong></span> <span class='ocrx_word' id='word_1_225' title='bbox 928 2046 1135 2105; x_wconf 86' lang='lat' dir='ltr'><strong>ignorat,</strong></span> <span class='ocrx_word' id='word_1_226' title='bbox 1166 2046 1460 2090; x_wconf 89' lang='lat' dir='ltr'><strong>Callisthenes</strong></span> 
     </span>
    </p>
   </div>
   <div class='ocr_carea' id='block_1_14' title="bbox 156 2113 1461 2827">
    <p class='ocr_par' dir='ltr' id='par_1_15' title="bbox 156 2113 1461 2827">
     <span class='ocr_line' id='line_1_31' title="bbox 173 2113 1460 2179; baseline 0.001 -19"><span class='ocrx_word' id='word_1_227' title='bbox 173 2115 247 2176; x_wconf 78' lang='lat' dir='ltr'><strong>(fr.</strong></span> <span class='ocrx_word' id='word_1_228' title='bbox 273 2116 425 2177; x_wconf 87' lang='lat' dir='ltr'><strong>1)··non</strong></span> <span class='ocrx_word' id='word_1_229' title='bbox 443 2118 650 2177; x_wconf 86' lang='lat' dir='ltr'><strong>agnoscit</strong></span> <span class='ocrx_word' id='word_1_230' title='bbox 663 2151 676 2172; x_wconf 94' lang='lat'><strong>,</strong></span> <span class='ocrx_word' id='word_1_231' title='bbox 692 2116 822 2174; x_wconf 90' lang='lat' dir='ltr'><strong>cujus</strong></span> <span class='ocrx_word' id='word_1_232' title='bbox 838 2113 1075 2179; x_wconf 85' lang='grc' dir='ltr'>ἀντίγραφα</span> <span class='ocrx_word' id='word_1_233' title='bbox 1092 2118 1142 2160; x_wconf 91' lang='lat' dir='ltr'><strong>in</strong></span> <span class='ocrx_word' id='word_1_234' title='bbox 1156 2118 1279 2161; x_wconf 87' lang='lat' dir='ltr'><strong>stelis</strong></span> <span class='ocrx_word' id='word_1_235' title='bbox 1299 2119 1460 2177; x_wconf 85' lang='lat' dir='ltr'><strong>Atticis</strong></span> 
     </span>
     <span class='ocr_line' id='line_1_32' title="bbox 170 2188 1458 2251; baseline 0.002 -18"><span class='ocrx_word' id='word_1_236' title='bbox 170 2204 274 2234; x_wconf 90' lang='lat' dir='ltr'><strong>sero</strong></span> <span class='ocrx_word' id='word_1_237' title='bbox 310 2190 500 2234; x_wconf 90' lang='lat' dir='ltr'><strong>demum</strong></span> <span class='ocrx_word' id='word_1_238' title='bbox 523 2190 747 2234; x_wconf 89' lang='lat' dir='ltr'><strong>fabricata</strong></span> <span class='ocrx_word' id='word_1_239' title='bbox 766 2204 861 2233; x_wconf 91' lang='lat' dir='ltr'><strong>esse</strong></span> <span class='ocrx_word' id='word_1_240' title='bbox 882 2189 1211 2250; x_wconf 90' lang='lat' dir='ltr'><strong>Theopompus</strong></span> <span class='ocrx_word' id='word_1_241' title='bbox 1234 2188 1318 2250; x_wconf 87' lang='lat' dir='ltr'><strong>(fr.</strong></span> <span class='ocrx_word' id='word_1_242' title='bbox 1346 2190 1458 2251; x_wconf 89' lang='lat'>168)</span> 
     </span>
     <span class='ocr_line' id='line_1_33' title="bbox 170 2257 1455 2323; baseline -0.001 -17"><span class='ocrx_word' id='word_1_243' title='bbox 170 2262 295 2321; x_wconf 88' lang='lat' dir='ltr'><strong>apud</strong></span> <span class='ocrx_word' id='word_1_244' title='bbox 326 2265 603 2322; x_wconf 88' lang='lat' dir='ltr'><strong>Harpocrat.</strong></span> <span class='ocrx_word' id='word_1_245' title='bbox 627 2278 675 2311; x_wconf 85' lang='lat' dir='ltr'><strong>v.</strong></span> <span class='ocrx_word' id='word_1_246' title='bbox 709 2258 911 2312; x_wconf 80' lang='grc' dir='ltr'>Ἀττικοῖς</span> <span class='ocrx_word' id='word_1_247' title='bbox 941 2257 1170 2323; x_wconf 87' lang='grc' dir='ltr'>γράμμασι</span> <span class='ocrx_word' id='word_1_248' title='bbox 1204 2272 1455 2318; x_wconf 79' lang='lat' dir='ltr'><strong>asseverat,</strong></span> 
     </span>
     <span class='ocr_line' id='line_1_34' title="bbox 170 2333 1459 2401; baseline 0.001 -23"><span class='ocrx_word' id='word_1_249' title='bbox 170 2335 327 2379; x_wconf 89' lang='lat' dir='ltr'><strong>multis</strong></span> <span class='ocrx_word' id='word_1_250' title='bbox 369 2335 652 2401; x_wconf 83' lang='lat' dir='ltr'><strong>argumentis</strong></span> <span class='ocrx_word' id='word_1_251' title='bbox 697 2333 960 2392; x_wconf 88' lang='lat' dir='ltr'><strong>probarunt</strong></span> <span class='ocrx_word' id='word_1_252' title='bbox 1006 2334 1096 2377; x_wconf 90' lang='lat' dir='ltr'><strong>viri</strong></span> <span class='ocrx_word' id='word_1_253' title='bbox 1141 2333 1287 2381; x_wconf 82' lang='lat' dir='ltr'><strong>docti,</strong></span> <span class='ocrx_word' id='word_1_254' title='bbox 1344 2336 1459 2380; x_wconf 90' lang='lat' dir='ltr'><strong>Vide</strong></span> 
     </span>
     <span class='ocr_line' id='line_1_35' title="bbox 170 2399 1457 2466; baseline 0 -15"><span class='ocrx_word' id='word_1_255' title='bbox 170 2407 446 2454; x_wconf 85' lang='lat' dir='ltr'><strong>Dahlmann.</strong></span> <span class='ocrx_word' id='word_1_256' title='bbox 474 2399 739 2466; x_wconf 80' lang='lat' dir='ltr'><strong>Forschung</strong></span> <span class='ocrx_word' id='word_1_257' title='bbox 711 2420 794 2449; x_wconf 73' lang='lat' dir='ltr'><strong>‹ren</strong></span> <span class='ocrx_word' id='word_1_258' title='bbox 818 2404 915 2462; x_wconf 83' lang='lat' dir='ltr'><strong>auf</strong></span> <span class='ocrx_word' id='word_1_259' title='bbox 930 2406 1032 2450; x_wconf 83' lang='lat' dir='ltr'><strong>dem</strong></span> <span class='ocrx_word' id='word_1_260' title='bbox 1061 2407 1218 2450; x_wconf 79' lang='lat' dir='ltr'><strong>Gebiet</strong></span> <span class='ocrx_word' id='word_1_261' title='bbox 1251 2408 1336 2450; x_wconf 81' lang='lat' dir='ltr'><strong>der</strong></span> <span class='ocrx_word' id='word_1_262' title='bbox 1372 2409 1457 2452; x_wconf 88' lang='lat' dir='ltr'><strong>Ge-</strong></span> 
     </span>
     <span class='ocr_line' id='line_1_36' title="bbox 156 2477 1458 2540; baseline 0 -17"><span class='ocrx_word' id='word_1_263' title='bbox 156 2479 370 2523; x_wconf 60' lang='lat' dir='ltr'><strong>schiffte</strong></span> <span class='ocrx_word' id='word_1_264' title='bbox 386 2488 499 2525; x_wconf 90' lang='lat' dir='ltr'><strong>tom.</strong></span> <span class='ocrx_word' id='word_1_265' title='bbox 515 2481 554 2535; x_wconf 97' lang='lat' dir='ltr'><strong>I,</strong></span> <span class='ocrx_word' id='word_1_266' title='bbox 572 2495 621 2538; x_wconf 89' lang='lat' dir='ltr'><strong>p.</strong></span> <span class='ocrx_word' id='word_1_267' title='bbox 645 2495 737 2523; x_wconf 82' lang='grc'><strong>1-</strong></span> <span class='ocrx_word' id='word_1_268' title='bbox 759 2477 1458 2540; x_wconf 76' lang='lat' dir='ltr'><strong>150;M1··111er.D0r.1,p.186;</strong></span> 
     </span>
     <span class='ocr_line' id='line_1_37' title="bbox 170 2551 1454 2612; baseline 0.002 -18"><span class='ocrx_word' id='word_1_269' title='bbox 170 2552 333 2598; x_wconf 90' lang='lat' dir='ltr'><strong>Meier.</strong></span> <span class='ocrx_word' id='word_1_270' title='bbox 370 2553 440 2595; x_wconf 87' lang='lat' dir='ltr'><strong>De</strong></span> <span class='ocrx_word' id='word_1_271' title='bbox 474 2551 611 2595; x_wconf 83' lang='lat' dir='ltr'><strong>bonis</strong></span> <span class='ocrx_word' id='word_1_272' title='bbox 647 2552 848 2597; x_wconf 82' lang='lat' dir='ltr'><strong>damnat.</strong></span> <span class='ocrx_word' id='word_1_273' title='bbox 874 2566 925 2610; x_wconf 92' lang='lat' dir='ltr'><strong>p.</strong></span> <span class='ocrx_word' id='word_1_274' title='bbox 975 2566 1060 2607; x_wconf 95' lang='lat'><strong>117</strong></span> <span class='ocrx_word' id='word_1_275' title='bbox 1097 2566 1182 2610; x_wconf 89' lang='lat' dir='ltr'><strong>sqq</strong></span> <span class='ocrx_word' id='word_1_276' title='bbox 1194 2568 1206 2606; x_wconf 86' lang='lat'>3</span> <span class='ocrx_word' id='word_1_277' title='bbox 1251 2554 1454 2612; x_wconf 84' lang='lat' dir='ltr'><strong>Kriiger.</strong></span> 
     </span>
     <span class='ocr_line' id='line_1_38' title="bbox 170 2623 1460 2683; baseline 0.002 -18"><span class='ocrx_word' id='word_1_278' title='bbox 170 2624 337 2668; x_wconf 78' lang='lat' dir='ltr'><strong>Histor.</strong></span> <span class='ocrx_word' id='word_1_279' title='bbox 372 2623 536 2682; x_wconf 78' lang='lat' dir='ltr'><strong>philol.</strong></span> <span class='ocrx_word' id='word_1_280' title='bbox 568 2624 756 2667; x_wconf 82' lang='lat' dir='ltr'><strong>Studien</strong></span> <span class='ocrx_word' id='word_1_281' title='bbox 794 2639 844 2683; x_wconf 89' lang='lat' dir='ltr'><strong>p.</strong></span> <span class='ocrx_word' id='word_1_282' title='bbox 892 2623 1142 2680; x_wconf 74' lang='lat'><strong>74—143,</strong></span> <span class='ocrx_word' id='word_1_283' title='bbox 1178 2625 1284 2670; x_wconf 88' lang='lat' dir='ltr'><strong>coll.</strong></span> <span class='ocrx_word' id='word_1_284' title='bbox 1328 2626 1460 2668; x_wconf 84' lang='lat' dir='ltr'><strong>Plass.</strong></span> 
     </span>
     <span class='ocr_line' id='line_1_39' title="bbox 176 2694 1461 2756; baseline 0.002 -17"><span class='ocrx_word' id='word_1_285' title='bbox 176 2696 339 2740; x_wconf 77' lang='lat' dir='ltr'><strong>Gesch.</strong></span> <span class='ocrx_word' id='word_1_286' title='bbox 391 2695 750 2740; x_wconf 65' lang='lat' dir='ltr'><strong>Griechenlands</strong></span> <span class='ocrx_word' id='word_1_287' title='bbox 778 2698 875 2752; x_wconf 87' lang='lat'><strong>111,</strong></span> <span class='ocrx_word' id='word_1_288' title='bbox 914 2711 964 2756; x_wconf 90' lang='lat' dir='ltr'><strong>p.</strong></span> <span class='ocrx_word' id='word_1_289' title='bbox 1010 2694 1096 2739; x_wconf 88' lang='lat'><strong>152</strong></span> <span class='ocrx_word' id='word_1_290' title='bbox 1135 2712 1259 2755; x_wconf 65' lang='lat' dir='ltr'><strong>sqq„</strong></span> <span class='ocrx_word' id='word_1_291' title='bbox 1302 2698 1461 2742; x_wconf 88' lang='lat' dir='ltr'><strong>Manso</strong></span> 
     </span>
     <span class='ocr_line' id='line_1_40' title="bbox 171 2767 640 2827; baseline 0.009 -16"><span class='ocrx_word' id='word_1_292' title='bbox 171 2768 342 2827; x_wconf 83' lang='lat' dir='ltr'><strong>Sparta</strong></span> <span class='ocrx_word' id='word_1_293' title='bbox 365 2769 428 2825; x_wconf 93' lang='lat' dir='ltr'><strong>II,</strong></span> <span class='ocrx_word' id='word_1_294' title='bbox 453 2783 502 2827; x_wconf 92' lang='lat' dir='ltr'><strong>p.</strong></span> <span class='ocrx_word' id='word_1_295' title='bbox 531 2767 640 2827; x_wconf 75' lang='lat'><strong>469.</strong></span> 
     </span>
    </p>
   </div>
   <div class='ocr_carea' id='block_1_15' title="bbox 174 2923 1466 3177">
    <p class='ocr_par' dir='ltr' id='par_1_16' title="bbox 174 2923 1466 3177">
     <span class='ocr_line' id='line_1_41' title="bbox 239 2923 1460 2989; baseline -0.002 -17"><span class='ocrx_word' id='word_1_296' title='bbox 239 2928 585 2987; x_wconf 84' lang='lat' dir='ltr'><strong>Harpocration</strong></span> <span class='ocrx_word' id='word_1_297' title='bbox 602 2943 652 2987; x_wconf 88' lang='lat' dir='ltr'><strong>p.</strong></span> <span class='ocrx_word' id='word_1_298' title='bbox 686 2927 801 2984; x_wconf 79' lang='grc'>136,</span> <span class='ocrx_word' id='word_1_299' title='bbox 831 2927 859 2970; x_wconf 90' lang='lat'>6</span> <span class='ocrx_word' id='word_1_300' title='bbox 883 2927 1028 2971; x_wconf 86' lang='lat' dir='ltr'><strong>Bekk.</strong></span> <span class='ocrx_word' id='word_1_301' title='bbox 1057 2942 1068 2973; x_wconf 91' lang='lat'>:</span> <span class='ocrx_word' id='word_1_302' title='bbox 1093 2923 1198 2973; x_wconf 72' lang='lat' dir='ltr'><strong>“Oti</strong></span> <span class='ocrx_word' id='word_1_303' title='bbox 1220 2925 1460 2989; x_wconf 85' lang='grc' dir='ltr'>διαμαρτά-</span> 
     </span>
     <span class='ocr_line' id='line_1_42' title="bbox 174 3064 1466 3115; baseline 0.001 -13"><span class='ocrx_word' id='word_1_304' title='bbox 174 3064 374 3113; x_wconf 86' lang='lat' dir='ltr'><strong>ret&#39;erunt,</strong></span> <span class='ocrx_word' id='word_1_305' title='bbox 405 3064 474 3103; x_wconf 88' lang='lat' dir='ltr'><strong>sed</strong></span> <span class='ocrx_word' id='word_1_306' title='bbox 507 3065 655 3114; x_wconf 86' lang='lat' dir='ltr'><strong>relato,</strong></span> <span class='ocrx_word' id='word_1_307' title='bbox 687 3065 914 3115; x_wconf 87' lang='lat' dir='ltr'><strong>hujusmodi</strong></span> <span class='ocrx_word' id='word_1_308' title='bbox 943 3065 1288 3110; x_wconf 65' lang='lat' dir='ltr'><strong>vcondemnationis</strong></span> <span class='ocrx_word' id='word_1_309' title='bbox 1320 3064 1466 3104; x_wconf 89' lang='lat' dir='ltr'><strong>nullius</strong></span> 
     </span>
     <span class='ocr_line' id='line_1_43' title="bbox 175 3128 639 3177; baseline 0.004 -12"><span class='ocrx_word' id='word_1_310' title='bbox 175 3137 343 3177; x_wconf 85' lang='lat' dir='ltr'><strong>usquam</strong></span> <span class='ocrx_word' id='word_1_311' title='bbox 360 3128 639 3167; x_wconf 90' lang='lat' dir='ltr'><strong>meminerunt.</strong></span> 
     </span>
    </p>
   </div>
   <div class='ocr_carea' id='block_1_16' title="bbox 800 3199 843 3236">
    <p class='ocr_par' dir='ltr' id='par_1_17' title="bbox 800 3199 843 3236">
     <span class='ocr_line' id='line_1_44' title="bbox 800 3199 843 3236; baseline 0 0"><span class='ocrx_word' id='word_1_312' title='bbox 800 3199 843 3236; x_wconf 91' lang='lat'><strong>7.</strong></span> 
     </span>
    </p>
   </div>
   <div class='ocr_carea' id='block_1_17' title="bbox 162 3263 1468 4078">
    <p class='ocr_par' dir='ltr' id='par_1_18' title="bbox 162 3263 1468 4078">
     <span class='ocr_line' id='line_1_45' title="bbox 225 3263 1467 3314; baseline 0.002 -12"><span class='ocrx_word' id='word_1_313' title='bbox 225 3263 271 3302; x_wconf 91' lang='lat' dir='ltr'><strong>Id</strong></span> <span class='ocrx_word' id='word_1_314' title='bbox 295 3263 444 3303; x_wconf 79' lang='lat' dir='ltr'><strong>sactum</strong></span> <span class='ocrx_word' id='word_1_315' title='bbox 473 3264 573 3314; x_wconf 89' lang='lat' dir='ltr'><strong>regis</strong></span> <span class='ocrx_word' id='word_1_316' title='bbox 605 3265 783 3304; x_wconf 88' lang='lat' dir='ltr'><strong>animum</strong></span> <span class='ocrx_word' id='word_1_317' title='bbox 814 3266 868 3304; x_wconf 90' lang='lat' dir='ltr'><strong>ita</strong></span> <span class='ocrx_word' id='word_1_318' title='bbox 898 3265 1061 3314; x_wconf 86' lang='lat' dir='ltr'><strong>dejecit,</strong></span> <span class='ocrx_word' id='word_1_319' title='bbox 1090 3267 1136 3305; x_wconf 94' lang='lat' dir='ltr'><strong>ut</strong></span> <span class='ocrx_word' id='word_1_320' title='bbox 1165 3265 1338 3305; x_wconf 90' lang='lat' dir='ltr'><strong>nobilem</strong></span> <span class='ocrx_word' id='word_1_321' title='bbox 1359 3266 1467 3305; x_wconf 88' lang='lat' dir='ltr'><strong>illam</strong></span> 
     </span>
     <span class='ocr_line' id='line_1_46' title="bbox 174 3326 1468 3379; baseline 0.002 -14"><span class='ocrx_word' id='word_1_322' title='bbox 174 3326 282 3376; x_wconf 85' lang='lat' dir='ltr'><strong>pacis</strong></span> <span class='ocrx_word' id='word_1_323' title='bbox 311 3326 578 3367; x_wconf 87' lang='lat' dir='ltr'><strong>conditionem</strong></span> <span class='ocrx_word' id='word_1_324' title='bbox 603 3328 821 3378; x_wconf 88' lang='lat' dir='ltr'><strong>acceperit,</strong></span> <span class='ocrx_word' id='word_1_325' title='bbox 841 3329 900 3368; x_wconf 91' lang='lat' dir='ltr'><strong>uti</strong></span> <span class='ocrx_word' id='word_1_326' title='bbox 933 3339 1087 3379; x_wconf 86' lang='lat' dir='ltr'><strong>semper</strong></span> <span class='ocrx_word' id='word_1_327' title='bbox 1105 3330 1197 3379; x_wconf 89' lang='lat' dir='ltr'><strong>equi</strong></span> <span class='ocrx_word' id='word_1_328' title='bbox 1219 3329 1415 3368; x_wconf 86' lang='lat' dir='ltr'><strong>curriculo</strong></span> <span class='ocrx_word' id='word_1_329' title='bbox 1444 3339 1468 3368; x_wconf 90' lang='lat' dir='ltr'><strong>a</strong></span> 
     </span>
     <span class='ocr_line' id='line_1_47' title="bbox 176 3389 1468 3442; baseline 0.002 -13"><span class='ocrx_word' id='word_1_330' title='bbox 176 3393 315 3430; x_wconf 85' lang='lat' dir='ltr'><strong>Graeco</strong></span> <span class='ocrx_word' id='word_1_331' title='bbox 330 3389 430 3429; x_wconf 88' lang='lat' dir='ltr'><strong>mari</strong></span> <span class='ocrx_word' id='word_1_332' title='bbox 442 3390 678 3441; x_wconf 83' lang='lat' dir='ltr'><strong>abstineret,</strong></span> <span class='ocrx_word' id='word_1_333' title='bbox 692 3391 796 3431; x_wconf 86' lang='lat' dir='ltr'><strong>intra</strong></span> <span class='ocrx_word' id='word_1_334' title='bbox 811 3393 989 3442; x_wconf 88' lang='lat' dir='ltr'><strong>Cyaneas</strong></span> <span class='ocrx_word' id='word_1_335' title='bbox 1004 3395 1043 3432; x_wconf 88' lang='lat' dir='ltr'><strong>et</strong></span> <span class='ocrx_word' id='word_1_336' title='bbox 1059 3393 1307 3433; x_wconf 83' lang='lat' dir='ltr'><strong>Chelidonias</strong></span> <span class='ocrx_word' id='word_1_337' title='bbox 1321 3392 1468 3433; x_wconf 89' lang='lat' dir='ltr'><strong>insulas</strong></span> 
     </span>
     <span class='ocr_line' id='line_1_48' title="bbox 174 3453 1466 3507; baseline 0.002 -15"><span class='ocrx_word' id='word_1_338' title='bbox 174 3453 268 3493; x_wconf 87' lang='lat' dir='ltr'><strong>navi</strong></span> <span class='ocrx_word' id='word_1_339' title='bbox 285 3453 401 3503; x_wconf 89' lang='lat' dir='ltr'><strong>longa</strong></span> <span class='ocrx_word' id='word_1_340' title='bbox 420 3455 460 3493; x_wconf 89' lang='lat' dir='ltr'><strong>et</strong></span> <span class='ocrx_word' id='word_1_341' title='bbox 479 3455 602 3494; x_wconf 79' lang='lat' dir='ltr'><strong>aerata</strong></span> <span class='ocrx_word' id='word_1_342' title='bbox 620 3466 670 3494; x_wconf 86' lang='lat' dir='ltr'><strong>ne</strong></span> <span class='ocrx_word' id='word_1_343' title='bbox 696 3455 910 3506; x_wconf 83' lang='lat' dir='ltr'><strong>navigaret.</strong></span> <span class='ocrx_word' id='word_1_344' title='bbox 930 3456 1188 3496; x_wconf 84' lang='lat' dir='ltr'><strong>Callisthenes</strong></span> <span class='ocrx_word' id='word_1_345' title='bbox 1210 3456 1369 3507; x_wconf 88' lang='lat' dir='ltr'><strong>quidem</strong></span> <span class='ocrx_word' id='word_1_346' title='bbox 1387 3467 1466 3494; x_wconf 88' lang='lat' dir='ltr'><strong>non</strong></span> 
     </span>
     <span class='ocr_line' id='line_1_49' title="bbox 170 3517 1464 3570; baseline 0.001 -14"><span class='ocrx_word' id='word_1_347' title='bbox 170 3519 335 3567; x_wconf 82' lang='lat' dir='ltr'><strong>pactum</strong></span> <span class='ocrx_word' id='word_1_348' title='bbox 355 3517 430 3556; x_wconf 87' lang='lat' dir='ltr'><strong>hoc</strong></span> <span class='ocrx_word' id='word_1_349' title='bbox 450 3528 534 3557; x_wconf 84' lang='lat' dir='ltr'><strong>esse</strong></span> <span class='ocrx_word' id='word_1_350' title='bbox 556 3529 686 3568; x_wconf 88' lang='lat' dir='ltr'><strong>regem</strong></span> <span class='ocrx_word' id='word_1_351' title='bbox 705 3519 862 3568; x_wconf 86' lang='lat' dir='ltr'><strong>scribit,</strong></span> <span class='ocrx_word' id='word_1_352' title='bbox 886 3519 955 3559; x_wconf 87' lang='lat' dir='ltr'><strong>sed</strong></span> <span class='ocrx_word' id='word_1_353' title='bbox 975 3520 1032 3559; x_wconf 80' lang='lat' dir='ltr'><strong>ita</strong></span> <span class='ocrx_word' id='word_1_354' title='bbox 1060 3520 1170 3560; x_wconf 89' lang='lat' dir='ltr'><strong>clade</strong></span> <span class='ocrx_word' id='word_1_355' title='bbox 1197 3520 1357 3570; x_wconf 87' lang='lat' dir='ltr'><strong>accepta</strong></span> <span class='ocrx_word' id='word_1_356' title='bbox 1375 3531 1464 3570; x_wconf 90' lang='lat' dir='ltr'><strong>per-</strong></span> 
     </span>
     <span class='ocr_line' id='line_1_50' title="bbox 173 3580 1465 3634; baseline 0.002 -15"><span class='ocrx_word' id='word_1_357' title='bbox 173 3580 355 3620; x_wconf 73' lang='lat' dir='ltr'><strong>territum</strong></span> <span class='ocrx_word' id='word_1_358' title='bbox 384 3580 523 3631; x_wconf 80' lang='lat' dir='ltr'><strong>fuisse,</strong></span> <span class='ocrx_word' id='word_1_359' title='bbox 548 3583 593 3620; x_wconf 90' lang='lat' dir='ltr'><strong>ut</strong></span> <span class='ocrx_word' id='word_1_360' title='bbox 619 3582 696 3621; x_wconf 88' lang='lat' dir='ltr'><strong>hoe</strong></span> <span class='ocrx_word' id='word_1_361' title='bbox 718 3583 865 3623; x_wconf 84' lang='lat' dir='ltr'><strong>faceret</strong></span> <span class='ocrx_word' id='word_1_362' title='bbox 888 3599 897 3623; x_wconf 77' lang='lat' dir='ltr'>z</span> <span class='ocrx_word' id='word_1_363' title='bbox 919 3583 1097 3634; x_wconf 85' lang='lat' dir='ltr'><strong>adeoque</strong></span> <span class='ocrx_word' id='word_1_364' title='bbox 1117 3583 1255 3634; x_wconf 88' lang='lat' dir='ltr'><strong>procul</strong></span> <span class='ocrx_word' id='word_1_365' title='bbox 1275 3594 1299 3622; x_wconf 91' lang='lat' dir='ltr'><strong>a</strong></span> <span class='ocrx_word' id='word_1_366' title='bbox 1315 3583 1465 3624; x_wconf 81' lang='lat' dir='ltr'><strong>Graecia</strong></span> 
     </span>
     <span class='ocr_line' id='line_1_51' title="bbox 173 3645 1464 3697; baseline 0.002 -14"><span class='ocrx_word' id='word_1_367' title='bbox 173 3654 216 3683; x_wconf 86' lang='lat' dir='ltr'><strong>se</strong></span> <span class='ocrx_word' id='word_1_368' title='bbox 241 3645 504 3695; x_wconf 84' lang='lat' dir='ltr'><strong>continuisse,</strong></span> <span class='ocrx_word' id='word_1_369' title='bbox 533 3647 579 3684; x_wconf 93' lang='lat' dir='ltr'><strong>ut</strong></span> <span class='ocrx_word' id='word_1_370' title='bbox 605 3646 889 3697; x_wconf 78' lang='lat' dir='ltr'><strong>quinquaginta</strong></span> <span class='ocrx_word' id='word_1_371' title='bbox 908 3647 1076 3687; x_wconf 88' lang='lat' dir='ltr'><strong>navibus</strong></span> <span class='ocrx_word' id='word_1_372' title='bbox 1096 3647 1284 3694; x_wconf 86' lang='lat' dir='ltr'><strong>Pericles,</strong></span> <span class='ocrx_word' id='word_1_373' title='bbox 1307 3647 1464 3696; x_wconf 87' lang='lat' dir='ltr'><strong>triginta</strong></span> 
     </span>
     <span class='ocr_line' id='line_1_52' title="bbox 175 3707 1463 3761; baseline 0.002 -15"><span class='ocrx_word' id='word_1_374' title='bbox 175 3707 374 3756; x_wconf 85' lang='lat' dir='ltr'><strong>Ephialtes</strong></span> <span class='ocrx_word' id='word_1_375' title='bbox 405 3708 511 3748; x_wconf 87' lang='lat' dir='ltr'><strong>ultra</strong></span> <span class='ocrx_word' id='word_1_376' title='bbox 545 3709 796 3750; x_wconf 84' lang='lat' dir='ltr'><strong>Chelidonias</strong></span> <span class='ocrx_word' id='word_1_377' title='bbox 821 3711 1021 3761; x_wconf 87' lang='lat' dir='ltr'><strong>provecti,</strong></span> <span class='ocrx_word' id='word_1_378' title='bbox 1042 3711 1193 3751; x_wconf 92' lang='lat' dir='ltr'><strong>nullam</strong></span> <span class='ocrx_word' id='word_1_379' title='bbox 1215 3711 1288 3750; x_wconf 90' lang='lat' dir='ltr'><strong>sibi</strong></span> <span class='ocrx_word' id='word_1_380' title='bbox 1306 3710 1463 3750; x_wconf 87' lang='lat' dir='ltr'><strong>obviam</strong></span> 
     </span>
     <span class='ocr_line' id='line_1_53' title="bbox 174 3770 1463 3825; baseline 0.004 -17"><span class='ocrx_word' id='word_1_381' title='bbox 174 3770 338 3809; x_wconf 87' lang='lat' dir='ltr'><strong>classem</strong></span> <span class='ocrx_word' id='word_1_382' title='bbox 353 3770 600 3811; x_wconf 78' lang='lat' dir='ltr'><strong>barbaricam</strong></span> <span class='ocrx_word' id='word_1_383' title='bbox 621 3772 844 3813; x_wconf 86' lang='lat' dir='ltr'><strong>habuerint.</strong></span> <span class='ocrx_word' id='word_1_384' title='bbox 862 3776 908 3813; x_wconf 89' lang='lat' dir='ltr'><strong>In</strong></span> <span class='ocrx_word' id='word_1_385' title='bbox 926 3773 1094 3814; x_wconf 83' lang='lat' dir='ltr'><strong>decretis</strong></span> <span class='ocrx_word' id='word_1_386' title='bbox 1111 3777 1245 3814; x_wconf 85' lang='lat' dir='ltr'><strong>tamen</strong></span> <span class='ocrx_word' id='word_1_387' title='bbox 1259 3785 1350 3825; x_wconf 80' lang='lat' dir='ltr'><strong>quae</strong></span> <span class='ocrx_word' id='word_1_388' title='bbox 1371 3777 1463 3814; x_wconf 85' lang='lat' dir='ltr'><strong>Cra·</strong></span> 
     </span>
     <span class='ocr_line' id='line_1_54' title="bbox 162 3835 1465 3890; baseline 0.005 -18"><span class='ocrx_word' id='word_1_389' title='bbox 162 3835 283 3873; x_wconf 77' lang='lat' dir='ltr'><strong>:tertis</strong></span> <span class='ocrx_word' id='word_1_390' title='bbox 293 3837 499 3886; x_wconf 80' lang='lat' dir='ltr'><strong>congessit,</strong></span> <span class='ocrx_word' id='word_1_391' title='bbox 514 3837 706 3877; x_wconf 80' lang='lat' dir='ltr'><strong>foederum</strong></span> <span class='ocrx_word' id='word_1_392' title='bbox 719 3840 958 3889; x_wconf 87' lang='lat' dir='ltr'><strong>exemplaria</strong></span> <span class='ocrx_word' id='word_1_393' title='bbox 974 3841 1019 3879; x_wconf 91' lang='lat' dir='ltr'><strong>ut</strong></span> <span class='ocrx_word' id='word_1_394' title='bbox 1033 3850 1167 3890; x_wconf 86' lang='lat' dir='ltr'><strong>reapse</strong></span> <span class='ocrx_word' id='word_1_395' title='bbox 1179 3841 1465 3879; x_wconf 87' lang='lat' dir='ltr'><strong>conventorum</strong></span> 
     </span>
     <span class='ocr_line' id='line_1_55' title="bbox 173 3897 1464 3953; baseline 0.005 -17"><span class='ocrx_word' id='word_1_396' title='bbox 173 3897 299 3947; x_wconf 85' lang='lat' dir='ltr'><strong>posita</strong></span> <span class='ocrx_word' id='word_1_397' title='bbox 323 3898 534 3940; x_wconf 74' lang='lat' dir='ltr'><strong>habentur.</strong></span> <span class='ocrx_word' id='word_1_398' title='bbox 564 3903 715 3941; x_wconf 85' lang='lat' dir='ltr'><strong>Ferunt</strong></span> <span class='ocrx_word' id='word_1_399' title='bbox 744 3904 862 3942; x_wconf 88' lang='lat' dir='ltr'><strong>etiam</strong></span> <span class='ocrx_word' id='word_1_400' title='bbox 898 3904 1008 3943; x_wconf 86' lang='lat' dir='ltr'><strong>Pacis</strong></span> <span class='ocrx_word' id='word_1_401' title='bbox 1042 3914 1151 3943; x_wconf 86' lang='lat' dir='ltr'><strong>aram</strong></span> <span class='ocrx_word' id='word_1_402' title='bbox 1182 3905 1386 3953; x_wconf 85' lang='lat' dir='ltr'><strong>propterea</strong></span> <span class='ocrx_word' id='word_1_403' title='bbox 1415 3904 1464 3943; x_wconf 86' lang='lat' dir='ltr'><strong>ab</strong></span> 
     </span>
     <span class='ocr_line' id='line_1_56' title="bbox 172 3961 1465 4018; baseline 0.006 -19"><span class='ocrx_word' id='word_1_404' title='bbox 172 3961 476 4003; x_wconf 84' lang='lat' dir='ltr'><strong>Atheniensibus</strong></span> <span class='ocrx_word' id='word_1_405' title='bbox 513 3965 701 4016; x_wconf 83' lang='lat' dir='ltr'><strong>positam,</strong></span> <span class='ocrx_word' id='word_1_406' title='bbox 731 3977 988 4018; x_wconf 86' lang='lat' dir='ltr'><strong>summosque</strong></span> <span class='ocrx_word' id='word_1_407' title='bbox 1022 3968 1183 4016; x_wconf 80' lang='lat' dir='ltr'><strong>Calliae,</strong></span> <span class='ocrx_word' id='word_1_408' title='bbox 1216 3968 1284 4018; x_wconf 90' lang='lat' dir='ltr'><strong>qui</strong></span> <span class='ocrx_word' id='word_1_409' title='bbox 1315 3967 1465 4018; x_wconf 87' lang='lat' dir='ltr'><strong>legatus</strong></span> 
     </span>
     <span class='ocr_line' id='line_1_57' title="bbox 170 4025 1010 4078; baseline 0.01 -15"><span class='ocrx_word' id='word_1_410' title='bbox 170 4025 434 4076; x_wconf 82' lang='lat' dir='ltr'><strong>pacificationi</strong></span> <span class='ocrx_word' id='word_1_411' title='bbox 453 4029 632 4078; x_wconf 78' lang='lat' dir='ltr'><strong>praefuit,</strong></span> <span class='ocrx_word' id='word_1_412' title='bbox 655 4030 823 4071; x_wconf 89' lang='lat' dir='ltr'><strong>honores</strong></span> <span class='ocrx_word' id='word_1_413' title='bbox 842 4031 1010 4071; x_wconf 88' lang='lat' dir='ltr'><strong>habitos.</strong></span> 
     </span>
    </p>
   </div>
   <div class='ocr_carea' id='block_1_18' title="bbox 222 4100 1462 4228">
    <p class='ocr_par' dir='ltr' id='par_1_19' title="bbox 222 4100 1462 4228">
     <span class='ocr_line' id='line_1_58' title="bbox 796 4100 838 4139; baseline -0.024 0"><span class='ocrx_word' id='word_1_414' title='bbox 796 4100 838 4139; x_wconf 88' lang='lat'><strong>8.</strong></span> 
     </span>
     <span class='ocr_line' id='line_1_59' title="bbox 222 4161 1462 4228; baseline 0.006 -29"><span class='ocrx_word' id='word_1_415' title='bbox 222 4161 507 4202; x_wconf 87' lang='lat' dir='ltr'><strong>Demosthenes</strong></span> <span class='ocrx_word' id='word_1_416' title='bbox 535 4163 713 4204; x_wconf 89' lang='lat' dir='ltr'><strong>oratione</strong></span> <span class='ocrx_word' id='word_1_417' title='bbox 740 4165 781 4204; x_wconf 90' lang='lat' dir='ltr'><strong>in</strong></span> <span class='ocrx_word' id='word_1_418' title='bbox 811 4168 990 4206; x_wconf 64' lang='lat' dir='ltr'><strong>Neaeram</strong></span> <span class='ocrx_word' id='word_1_419' title='bbox 1022 4167 1190 4228; x_wconf 78' lang='lat' dir='ltr'><strong>testatur</strong></span> <span class='ocrx_word' id='word_1_420' title='bbox 1227 4167 1462 4206; x_wconf 80' lang='lat' dir='ltr'><strong>Platoeenses</strong></span> 
     </span>
    </p>
   </div>
   <div class='ocr_carea' id='block_1_19' title="bbox 1533 424 2813 495">
    <p class='ocr_par' dir='ltr' id='par_1_20' title="bbox 1533 424 2813 495">
     <span class='ocr_line' id='line_1_60' title="bbox 1533 424 2813 495; baseline 0.008 -25"><span class='ocrx_word' id='word_1_421' title='bbox 1533 425 1569 470; x_wconf 86' lang='lat' dir='ltr'><em>K</em></span> <span class='ocrx_word' id='word_1_422' title='bbox 1578 440 1749 487; x_wconf 70' lang='grc' dir='ltr'>ρατερος</span> <span class='ocrx_word' id='word_1_423' title='bbox 1775 424 1819 469; x_wconf 82' lang='grc' dir='ltr'>ἐν</span> <span class='ocrx_word' id='word_1_424' title='bbox 1846 443 1899 488; x_wconf 83' lang='grc' dir='ltr'>τη</span> <span class='ocrx_word' id='word_1_425' title='bbox 1939 428 2022 471; x_wconf 88' lang='grc' dir='ltr'><strong>τῶν</strong></span> <span class='ocrx_word' id='word_1_426' title='bbox 2045 429 2266 492; x_wconf 82' lang='grc' dir='ltr'>Ψηφισμά</span> <span class='ocrx_word' id='word_1_427' title='bbox 2277 449 2351 476; x_wconf 82' lang='grc' dir='ltr'><strong>των</strong></span> <span class='ocrx_word' id='word_1_428' title='bbox 2377 435 2613 495; x_wconf 78' lang='grc' dir='ltr'>συναγωγῆ.</span> <span class='ocrx_word' id='word_1_429' title='bbox 2639 438 2813 483; x_wconf 84' lang='lat' dir='ltr'><strong>Demo-</strong></span> 
     </span>
    </p>
   </div>
   <div class='ocr_carea' id='block_1_20' title="bbox 1527 504 2809 710">
    <p class='ocr_par' dir='ltr' id='par_1_21' title="bbox 1527 504 2809 703">
     <span class='ocr_line' id='line_1_61' title="bbox 1527 504 2809 569; baseline 0.009 -23"><span class='ocrx_word' id='word_1_430' title='bbox 1527 504 1707 547; x_wconf 89' lang='lat' dir='ltr'><strong>sthenes</strong></span> <span class='ocrx_word' id='word_1_431' title='bbox 1727 504 1780 546; x_wconf 90' lang='lat' dir='ltr'><strong>In</strong></span> <span class='ocrx_word' id='word_1_432' title='bbox 1798 505 1944 551; x_wconf 87' lang='lat' dir='ltr'><strong>Neaer.</strong></span> <span class='ocrx_word' id='word_1_433' title='bbox 1963 504 2088 564; x_wconf 58' lang='grc'>994,</span> <span class='ocrx_word' id='word_1_434' title='bbox 2111 522 2160 565; x_wconf 93' lang='lat' dir='ltr'><strong>p.</strong></span> <span class='ocrx_word' id='word_1_435' title='bbox 2191 508 2307 565; x_wconf 71' lang='lat'><strong>137‘-</strong></span> <span class='ocrx_word' id='word_1_436' title='bbox 2291 545 2302 565; x_wconf 69' lang='grc'>,</span> <span class='ocrx_word' id='word_1_437' title='bbox 2327 542 2340 565; x_wconf 85' lang='lat'><strong>,</strong></span> <span class='ocrx_word' id='word_1_438' title='bbox 2360 524 2422 569; x_wconf 87' lang='lat'><strong>9:</strong></span> <span class='ocrx_word' id='word_1_439' title='bbox 2453 509 2584 556; x_wconf 66' lang='lat' dir='ltr'><strong>Kal*</strong></span> <span class='ocrx_word' id='word_1_440' title='bbox 2561 529 2622 556; x_wconf 84' lang='grc' dir='ltr'><strong>ετι</strong></span> <span class='ocrx_word' id='word_1_441' title='bbox 2640 511 2712 558; x_wconf 82' lang='grc' dir='ltr'><strong>καὶ</strong></span> <span class='ocrx_word' id='word_1_442' title='bbox 2737 516 2809 559; x_wconf 78' lang='grc' dir='ltr'><strong>νῦν</strong></span> 
     </span>
     <span class='ocr_line' id='line_1_62' title="bbox 1532 573 2809 647; baseline 0.008 -29"><span class='ocrx_word' id='word_1_443' title='bbox 1532 577 1609 631; x_wconf 80' lang='grc' dir='ltr'><strong>τῆς</strong></span> <span class='ocrx_word' id='word_1_444' title='bbox 1647 573 1928 637; x_wconf 82' lang='grc' dir='ltr'>ἀνδραγαθίας</span> <span class='ocrx_word' id='word_1_445' title='bbox 1965 577 2102 622; x_wconf 81' lang='grc' dir='ltr'>αὐτῶν</span> <span class='ocrx_word' id='word_1_446' title='bbox 2137 579 2423 640; x_wconf 82' lang='grc' dir='ltr'>υπομνήματα</span> <span class='ocrx_word' id='word_1_447' title='bbox 2461 584 2502 629; x_wconf 83' lang='grc' dir='ltr'>ἐν</span> <span class='ocrx_word' id='word_1_448' title='bbox 2541 586 2593 644; x_wconf 80' lang='grc' dir='ltr'>τῇ</span> <span class='ocrx_word' id='word_1_449' title='bbox 2627 584 2809 647; x_wconf 82' lang='grc' dir='ltr'>Ποικίλῃ</span> 
     </span>
     <span class='ocr_line' id='line_1_63' title="bbox 1531 644 2809 710; baseline 0.01 -20"><span class='ocrx_word' id='word_1_450' title='bbox 1531 652 1635 710; x_wconf 77' lang='grc' dir='ltr'>στοᾷ</span> <span class='ocrx_word' id='word_1_451' title='bbox 1667 644 1918 702; x_wconf 83' lang='grc' dir='ltr'>δεδήλωκεν.</span> <span class='ocrx_word' id='word_1_452' title='bbox 1944 650 2184 694; x_wconf 87' lang='lat' dir='ltr'><strong>Pausanias</strong></span> <span class='ocrx_word' id='word_1_453' title='bbox 2208 652 2251 706; x_wconf 94' lang='lat' dir='ltr'><strong>I,</strong></span> <span class='ocrx_word' id='word_1_454' title='bbox 2288 651 2369 708; x_wconf 85' lang='lat'><strong>15,</strong></span> <span class='ocrx_word' id='word_1_455' title='bbox 2399 654 2461 698; x_wconf 93' lang='lat'><strong>3:</strong></span> <span class='ocrx_word' id='word_1_456' title='bbox 2489 654 2738 702; x_wconf 85' lang='grc' dir='ltr'>Ίελευταῗοι</span> <span class='ocrx_word' id='word_1_457' title='bbox 2765 655 2809 703; x_wconf 82' lang='grc' dir='ltr'><strong>δὲ</strong></span> 
     </span>
    </p>
   </div>
   <div class='ocr_carea' id='block_1_21' title="bbox 1529 720 2817 1873">
    <p class='ocr_par' dir='ltr' id='par_1_22' title="bbox 1529 720 2812 908">
     <span class='ocr_line' id='line_1_64' title="bbox 1531 720 2810 786; baseline 0.01 -24"><span class='ocrx_word' id='word_1_458' title='bbox 1531 736 1606 774; x_wconf 85' lang='grc' dir='ltr'><strong>της</strong></span> <span class='ocrx_word' id='word_1_459' title='bbox 1629 736 1796 781; x_wconf 88' lang='grc' dir='ltr'>γραφης</span> <span class='ocrx_word' id='word_1_460' title='bbox 1827 720 1930 764; x_wconf 88' lang='grc' dir='ltr'>εἰσιν</span> <span class='ocrx_word' id='word_1_461' title='bbox 1958 720 1996 764; x_wconf 81' lang='grc' dir='ltr'><strong>οἱ</strong></span> <span class='ocrx_word' id='word_1_462' title='bbox 2022 720 2315 782; x_wconf 77' lang='grc' dir='ltr'>μαχεσάμενοι</span> <span class='ocrx_word' id='word_1_463' title='bbox 2336 724 2592 786; x_wconf 85' lang='grc' dir='ltr'>Μαραθῶνι,</span> <span class='ocrx_word' id='word_1_464' title='bbox 2615 729 2810 774; x_wconf 84' lang='grc' dir='ltr'>Βοιωτῶν</span> 
     </span>
     <span class='ocr_line' id='line_1_65' title="bbox 1533 787 2812 860; baseline 0.009 -26"><span class='ocrx_word' id='word_1_465' title='bbox 1533 788 1577 834; x_wconf 88' lang='grc' dir='ltr'><strong>δὲ</strong></span> <span class='ocrx_word' id='word_1_466' title='bbox 1602 791 1640 835; x_wconf 80' lang='grc' dir='ltr'><strong>οἱ</strong></span> <span class='ocrx_word' id='word_1_467' title='bbox 1659 787 1935 836; x_wconf 86' lang='grc' dir='ltr'>Πλάταιαν”</span> <span class='ocrx_word' id='word_1_468' title='bbox 1912 807 2095 853; x_wconf 84' lang='grc' dir='ltr'>εχοντες.</span> <span class='ocrx_word' id='word_1_469' title='bbox 2121 792 2295 840; x_wconf 88' lang='lat' dir='ltr'><strong>Crateri</strong></span> <span class='ocrx_word' id='word_1_470' title='bbox 2314 796 2544 841; x_wconf 91' lang='lat' dir='ltr'><strong>silentium</strong></span> <span class='ocrx_word' id='word_1_471' title='bbox 2571 799 2683 843; x_wconf 84' lang='lat' dir='ltr'><strong>nihil</strong></span> <span class='ocrx_word' id='word_1_472' title='bbox 2703 816 2812 860; x_wconf 86' lang='lat' dir='ltr'><strong>pro·</strong></span> 
     </span>
     <span class='ocr_line' id='line_1_66' title="bbox 1529 861 1624 908; baseline 0.032 -4"><span class='ocrx_word' id='word_1_473' title='bbox 1529 861 1624 908; x_wconf 91' lang='lat' dir='ltr'><strong>bat.</strong></span> 
     </span>
    </p>

    <p class='ocr_par' dir='ltr' id='par_1_23' title="bbox 1569 949 2196 993">
     <span class='ocr_line' id='line_1_67' title="bbox 1569 949 2196 993; baseline 0.003 -41"><span class='ocrx_word' id='word_1_474' title='bbox 1569 949 1572 952; x_wconf 82' lang='grc'>,</span> <span class='ocrx_word' id='word_1_475' title='bbox 2154 950 2196 993; x_wconf 73' lang='grc'><strong>9,</strong></span> 
     </span>
    </p>

    <p class='ocr_par' dir='ltr' id='par_1_24' title="bbox 1532 1020 2817 1873">
     <span class='ocr_line' id='line_1_68' title="bbox 1596 1020 2810 1085; baseline 0.008 -22"><span class='ocrx_word' id='word_1_476' title='bbox 1596 1020 2289 1080; x_wconf 73' lang='lat' dir='ltr'><strong>Schol.Aristoph.AV.1o7&#39;3:</strong></span> <span class='ocrx_word' id='word_1_477' title='bbox 2308 1020 2677 1085; x_wconf 85' lang='grc' dir='ltr'>Διαγόραντὸν</span> <span class='ocrx_word' id='word_1_478' title='bbox 2703 1026 2810 1082; x_wconf 79' lang='grc' dir='ltr'><strong>Μή·</strong></span> 
     </span>
     <span class='ocr_line' id='line_1_69' title="bbox 1534 1090 2812 1178; baseline 0.006 -43"><span class='ocrx_word' id='word_1_479' title='bbox 1534 1090 1669 1152; x_wconf 90' lang='grc' dir='ltr'>λιον]</span> <span class='ocrx_word' id='word_1_480' title='bbox 1696 1092 1791 1137; x_wconf 87' lang='grc' dir='ltr'><strong>Γ</strong></span> <span class='ocrx_word' id='word_1_481' title='bbox 1740 1109 1848 1136; x_wconf 90' lang='grc' dir='ltr'>αυτα</span> <span class='ocrx_word' id='word_1_482' title='bbox 1872 1092 1920 1136; x_wconf 85' lang='grc' dir='ltr'>ἐκ</span> <span class='ocrx_word' id='word_1_483' title='bbox 1944 1109 2016 1136; x_wconf 88' lang='grc' dir='ltr'><strong>του</strong></span> <span class='ocrx_word' id='word_1_484' title='bbox 2027 1091 2383 1178; x_wconf 66' lang='grc' dir='ltr'><strong>ωψηφίσματοςι</strong></span> <span class='ocrx_word' id='word_1_485' title='bbox 2349 1091 2535 1157; x_wconf 79' lang='grc' dir='ltr'>εἴληφεν.</span> <span class='ocrx_word' id='word_1_486' title='bbox 2562 1094 2709 1149; x_wconf 78' lang='grc' dir='ltr'>Οὕτως</span> <span class='ocrx_word' id='word_1_487' title='bbox 2731 1097 2812 1162; x_wconf 76' lang='grc' dir='ltr'><strong>γὰρ</strong></span> 
     </span>
     <span class='ocr_line' id='line_1_70' title="bbox 1534 1161 2812 1232; baseline 0.005 -24"><span class='ocrx_word' id='word_1_488' title='bbox 1534 1161 1740 1226; x_wconf 83' lang='grc' dir='ltr'>εκήρυξαν</span> <span class='ocrx_word' id='word_1_489' title='bbox 1775 1162 1889 1226; x_wconf 84' lang='grc' dir='ltr'>[κατ’</span> <span class='ocrx_word' id='word_1_490' title='bbox 1924 1164 2053 1208; x_wconf 79' lang='grc' dir='ltr'>αὐτοῦ</span> <span class='ocrx_word' id='word_1_491' title='bbox 2086 1163 2296 1221; x_wconf 88' lang='grc' dir='ltr'>Ἀθηναιοι</span> <span class='ocrx_word' id='word_1_492' title='bbox 2333 1164 2475 1212; x_wconf 86' lang='grc' dir='ltr'>καὶέν</span> <span class='ocrx_word' id='word_1_493' title='bbox 2508 1168 2653 1230; x_wconf 79' lang='grc' dir='ltr'>χαλκῇ</span> <span class='ocrx_word' id='word_1_494' title='bbox 2678 1169 2812 1232; x_wconf 74' lang='grc' dir='ltr'>στήὶῃ</span> 
     </span>
     <span class='ocr_line' id='line_1_71' title="bbox 1535 1232 2813 1298; baseline 0.005 -19"><span class='ocrx_word' id='word_1_495' title='bbox 1535 1232 1724 1297; x_wconf 76' lang='grc' dir='ltr'>ἔγραψαν</span> <span class='ocrx_word' id='word_1_496' title='bbox 1763 1236 1894 1280; x_wconf 85' lang='lat' dir='ltr'><strong>addit</strong></span> <span class='ocrx_word' id='word_1_497' title='bbox 1932 1235 2110 1298; x_wconf 88' lang='lat' dir='ltr'><strong>Suid.]‚</strong></span> <span class='ocrx_word' id='word_1_498' title='bbox 2147 1237 2207 1280; x_wconf 88' lang='grc' dir='ltr'>τῶ</span> <span class='ocrx_word' id='word_1_499' title='bbox 2243 1234 2319 1296; x_wconf 86' lang='grc' dir='ltr'><strong>μὲν</strong></span> <span class='ocrx_word' id='word_1_500' title='bbox 2358 1236 2652 1284; x_wconf 84' lang='grc' dir='ltr'>ἀποκτείναντι</span> <span class='ocrx_word' id='word_1_501' title='bbox 2690 1239 2813 1285; x_wconf 75' lang='grc' dir='ltr'>αὐτὸν</span> 
     </span>
     <span class='ocr_line' id='line_1_72' title="bbox 1532 1304 2813 1371; baseline 0.004 -20"><span class='ocrx_word' id='word_1_502' title='bbox 1532 1307 1740 1352; x_wconf 85' lang='grc' dir='ltr'>τάλαντον</span> <span class='ocrx_word' id='word_1_503' title='bbox 1764 1304 2017 1366; x_wconf 76' lang='grc' dir='ltr'>λαμὸάνειν,</span> <span class='ocrx_word' id='word_1_504' title='bbox 2048 1325 2109 1369; x_wconf 87' lang='grc' dir='ltr'>τῳ</span> <span class='ocrx_word' id='word_1_505' title='bbox 2141 1305 2237 1352; x_wconf 77' lang='grc' dir='ltr'><strong>δὲ”</strong></span> <span class='ocrx_word' id='word_1_506' title='bbox 2211 1325 2354 1368; x_wconf 88' lang='grc' dir='ltr'>αγοντι</span> <span class='ocrx_word' id='word_1_507' title='bbox 2379 1306 2467 1356; x_wconf 79' lang='grc' dir='ltr'>δύο.</span> <span class='ocrx_word' id='word_1_508' title='bbox 2497 1307 2744 1371; x_wconf 69' lang='grc' dir='ltr'>Ἐκηρύχθη</span> <span class='ocrx_word' id='word_1_509' title='bbox 2770 1308 2813 1356; x_wconf 82' lang='grc' dir='ltr'><strong>δὲ</strong></span> 
     </span>
     <span class='ocr_line' id='line_1_73' title="bbox 1534 1375 2816 1443; baseline 0.003 -20"><span class='ocrx_word' id='word_1_510' title='bbox 1534 1381 1658 1424; x_wconf 73' lang='grc' dir='ltr'>τοῦτο</span> <span class='ocrx_word' id='word_1_511' title='bbox 1688 1377 1757 1423; x_wconf 89' lang='grc' dir='ltr'>διὰ</span> <span class='ocrx_word' id='word_1_512' title='bbox 1790 1377 1838 1424; x_wconf 83' lang='grc' dir='ltr'>τὸ</span> <span class='ocrx_word' id='word_1_513' title='bbox 1867 1375 2018 1430; x_wconf 57' lang='lat' dir='ltr'><strong>&amp;eset-3</strong></span> <span class='ocrx_word' id='word_1_514' title='bbox 2053 1379 2207 1435; x_wconf 79' lang='grc' dir='ltr'>αὐτοῦ,</span> <span class='ocrx_word' id='word_1_515' title='bbox 2244 1377 2336 1424; x_wconf 82' lang='grc' dir='ltr'>ἐπεὶ</span> <span class='ocrx_word' id='word_1_516' title='bbox 2366 1378 2419 1425; x_wconf 80' lang='grc' dir='ltr'>τὰ</span> <span class='ocrx_word' id='word_1_517' title='bbox 2462 1379 2676 1443; x_wconf 82' lang='grc' dir='ltr'>μυστήρια</span> <span class='ocrx_word' id='word_1_518' title='bbox 2710 1388 2816 1427; x_wconf 82' lang='grc' dir='ltr'>πᾶσι</span> 
     </span>
     <span class='ocr_line' id='line_1_74' title="bbox 1534 1448 2817 1514; baseline 0.003 -19"><span class='ocrx_word' id='word_1_519' title='bbox 1534 1449 1720 1511; x_wconf 87' lang='grc' dir='ltr'>διηγεῖτο</span> <span class='ocrx_word' id='word_1_520' title='bbox 1754 1452 2004 1496; x_wconf 86' lang='grc' dir='ltr'>κοινοποιῶν</span> <span class='ocrx_word' id='word_1_521' title='bbox 2043 1448 2154 1495; x_wconf 81' lang='grc' dir='ltr'>αὐτὰ</span> <span class='ocrx_word' id='word_1_522' title='bbox 2186 1450 2259 1495; x_wconf 80' lang='grc' dir='ltr'><strong>καὶ</strong></span> <span class='ocrx_word' id='word_1_523' title='bbox 2294 1449 2425 1514; x_wconf 81' lang='grc' dir='ltr'>μικρὰ</span> <span class='ocrx_word' id='word_1_524' title='bbox 2460 1454 2591 1498; x_wconf 84' lang='grc' dir='ltr'>ποιῶν</span> <span class='ocrx_word' id='word_1_525' title='bbox 2621 1451 2693 1497; x_wconf 85' lang='grc' dir='ltr'><strong>καὶ</strong></span> <span class='ocrx_word' id='word_1_526' title='bbox 2722 1452 2817 1506; x_wconf 79' lang='grc' dir='ltr'>τοὺς</span> 
     </span>
     <span class='ocr_line' id='line_1_75' title="bbox 1537 1520 2816 1590; baseline 0.002 -23"><span class='ocrx_word' id='word_1_527' title='bbox 1537 1520 1819 1584; x_wconf 85' lang='grc' dir='ltr'>βουλομένους</span> <span class='ocrx_word' id='word_1_528' title='bbox 1843 1524 2040 1590; x_wconf 85' lang='grc' dir='ltr'>μυεῖσθαι</span> <span class='ocrx_word' id='word_1_529' title='bbox 2069 1520 2342 1585; x_wconf 87' lang='grc' dir='ltr'>ἀποτρέπων,</span> <span class='ocrx_word' id='word_1_530' title='bbox 2370 1522 2563 1587; x_wconf 87' lang='grc' dir='ltr'>καθάπερ</span> <span class='ocrx_word' id='word_1_531' title='bbox 2599 1523 2816 1588; x_wconf 78' lang='grc' dir='ltr'>Κράτερός</span> 
     </span>
     <span class='ocr_line' id='line_1_76' title="bbox 1532 1594 2817 1659; baseline 0.002 -19"><span class='ocrx_word' id='word_1_532' title='bbox 1532 1594 1708 1659; x_wconf 79' lang='grc' dir='ltr'>ἱστορεῖ.</span> <span class='ocrx_word' id='word_1_533' title='bbox 1744 1595 1920 1639; x_wconf 89' lang='lat' dir='ltr'><strong>Eadem</strong></span> <span class='ocrx_word' id='word_1_534' title='bbox 1946 1595 2089 1640; x_wconf 90' lang='lat' dir='ltr'><strong>schol.</strong></span> <span class='ocrx_word' id='word_1_535' title='bbox 2126 1595 2242 1640; x_wconf 83' lang='lat' dir='ltr'><strong>Bau.</strong></span> <span class='ocrx_word' id='word_1_536' title='bbox 2280 1595 2371 1639; x_wconf 78' lang='lat'><strong>320</strong></span> <span class='ocrx_word' id='word_1_537' title='bbox 2408 1594 2508 1659; x_wconf 89' lang='lat' dir='ltr'><strong>(ubi</strong></span> <span class='ocrx_word' id='word_1_538' title='bbox 2543 1606 2647 1656; x_wconf 87' lang='lat' dir='ltr'><strong>post</strong></span> <span class='ocrx_word' id='word_1_539' title='bbox 2675 1595 2817 1656; x_wconf 81' lang='grc' dir='ltr'>ἄγοντι</span> 
     </span>
     <span class='ocr_line' id='line_1_77' title="bbox 1533 1664 2813 1730; baseline 0.002 -18"><span class='ocrx_word' id='word_1_540' title='bbox 1533 1668 1768 1712; x_wconf 91' lang='lat' dir='ltr'><strong>adduntur</strong></span> <span class='ocrx_word' id='word_1_541' title='bbox 1788 1684 1797 1711; x_wconf 93' lang='lat'><strong>:</strong></span> <span class='ocrx_word' id='word_1_542' title='bbox 1824 1664 1986 1712; x_wconf 83' lang='grc' dir='ltr'>ἔπειθον</span> <span class='ocrx_word' id='word_1_543' title='bbox 2002 1664 2045 1711; x_wconf 86' lang='grc' dir='ltr'><strong>δὲ</strong></span> <span class='ocrx_word' id='word_1_544' title='bbox 2061 1665 2135 1711; x_wconf 81' lang='grc' dir='ltr'><strong>καὶ</strong></span> <span class='ocrx_word' id='word_1_545' title='bbox 2153 1664 2249 1719; x_wconf 79' lang='grc' dir='ltr'>τοὺς</span> <span class='ocrx_word' id='word_1_546' title='bbox 2262 1664 2414 1718; x_wconf 85' lang='grc' dir='ltr'>ἄλλους</span> <span class='ocrx_word' id='word_1_547' title='bbox 2431 1667 2813 1730; x_wconf 84' lang='grc' dir='ltr'>Πελοποννησίους)</span> 
     </span>
     <span class='ocr_line' id='line_1_78' title="bbox 1536 1738 2814 1805; baseline 0.002 -20"><span class='ocrx_word' id='word_1_548' title='bbox 1536 1750 1582 1785; x_wconf 90' lang='lat' dir='ltr'><strong>et</strong></span> <span class='ocrx_word' id='word_1_549' title='bbox 1611 1740 1799 1795; x_wconf 87' lang='lat' dir='ltr'><strong>Suidas,</strong></span> <span class='ocrx_word' id='word_1_550' title='bbox 1826 1740 1990 1783; x_wconf 87' lang='lat' dir='ltr'><strong>omissa</strong></span> <span class='ocrx_word' id='word_1_551' title='bbox 2014 1738 2188 1783; x_wconf 90' lang='lat' dir='ltr'><strong>Crateri</strong></span> <span class='ocrx_word' id='word_1_552' title='bbox 2218 1740 2474 1796; x_wconf 89' lang='lat' dir='ltr'><strong>mentione,</strong></span> <span class='ocrx_word' id='word_1_553' title='bbox 2509 1756 2552 1783; x_wconf 90' lang='lat' dir='ltr'><strong>v.</strong></span> <span class='ocrx_word' id='word_1_554' title='bbox 2588 1738 2814 1805; x_wconf 88' lang='grc' dir='ltr'>Διαγόρας.</span> 
     </span>
     <span class='ocr_line' id='line_1_79' title="bbox 1533 1811 2813 1873; baseline 0.002 -17"><span class='ocrx_word' id='word_1_555' title='bbox 1533 1813 1793 1871; x_wconf 89' lang='lat' dir='ltr'><strong>Psephisma</strong></span> <span class='ocrx_word' id='word_1_556' title='bbox 1826 1811 1915 1855; x_wconf 90' lang='lat' dir='ltr'><strong>hoc</strong></span> <span class='ocrx_word' id='word_1_557' title='bbox 1942 1811 2178 1855; x_wconf 85' lang='lat' dir='ltr'><strong>Diodorus</strong></span> <span class='ocrx_word' id='word_1_558' title='bbox 2214 1820 2437 1857; x_wconf 86' lang='lat' dir='ltr'><strong>memorat</strong></span> <span class='ocrx_word' id='word_1_559' title='bbox 2467 1811 2527 1857; x_wconf 90' lang='lat' dir='ltr'><strong>ad</strong></span> <span class='ocrx_word' id='word_1_560' title='bbox 2561 1813 2631 1860; x_wconf 87' lang='lat'><strong>01.</strong></span> <span class='ocrx_word' id='word_1_561' title='bbox 2659 1829 2741 1873; x_wconf 80' lang='lat'><strong>91,</strong></span> <span class='ocrx_word' id='word_1_562' title='bbox 2768 1828 2813 1858; x_wconf 84' lang='lat'><strong>2.</strong></span> 
     </span>
    </p>
   </div>
   <div class='ocr_carea' id='block_1_22' title="bbox 1537 1883 2405 2043">
    <p class='ocr_par' dir='ltr' id='par_1_25' title="bbox 1537 1883 2405 2043">
     <span class='ocr_line' id='line_1_80' title="bbox 1537 1883 1767 1938; baseline -0.013 -9"><span class='ocrx_word' id='word_1_563' title='bbox 1537 1883 1627 1938; x_wconf 73' lang='lat'><strong>415</strong></span> <span class='ocrx_word' id='word_1_564' title='bbox 1650 1900 1692 1930; x_wconf 87' lang='lat' dir='ltr'><strong>a.</strong></span> <span class='ocrx_word' id='word_1_565' title='bbox 1719 1885 1767 1929; x_wconf 90' lang='lat' dir='ltr'><strong>C.</strong></span> 
     </span>
     <span class='ocr_line' id='line_1_81' title="bbox 1935 1994 2405 2043; baseline 0.006 -8"><span class='ocrx_word' id='word_1_566' title='bbox 1935 1995 1971 2036; x_wconf 87' lang='lat' dir='ltr'>E</span> <span class='ocrx_word' id='word_1_567' title='bbox 2006 1994 2190 2043; x_wconf 87' lang='lat' dir='ltr'>LIBRO</span> <span class='ocrx_word' id='word_1_568' title='bbox 2225 1994 2405 2039; x_wconf 89' lang='lat' dir='ltr'><strong>NONO.</strong></span> 
     </span>
    </p>
   </div>
   <div class='ocr_carea' id='block_1_23' title="bbox 1533 2102 2818 2667">
    <p class='ocr_par' dir='ltr' id='par_1_26' title="bbox 1533 2102 2818 2667">
     <span class='ocr_line' id='line_1_82' title="bbox 2143 2102 2215 2130; baseline -0.014 0"><span class='ocrx_word' id='word_1_569' title='bbox 2143 2102 2215 2130; x_wconf 79' lang='lat' dir='ltr'><strong>io.</strong></span> 
     </span>
     <span class='ocr_line' id='line_1_83' title="bbox 1601 2168 2818 2235; baseline -0.002 -16"><span class='ocrx_word' id='word_1_570' title='bbox 1601 2175 1941 2234; x_wconf 80' lang='lat' dir='ltr'><strong>Harpocration</strong></span> <span class='ocrx_word' id='word_1_571' title='bbox 1961 2186 1971 2218; x_wconf 71' lang='grc' dir='ltr'>ε</span> <span class='ocrx_word' id='word_1_572' title='bbox 1996 2168 2200 2234; x_wconf 81' lang='grc' dir='ltr'>Ἄνδρων.</span> <span class='ocrx_word' id='word_1_573' title='bbox 2231 2170 2431 2235; x_wconf 76' lang='grc' dir='ltr'>Ἀντιφῶν</span> <span class='ocrx_word' id='word_1_574' title='bbox 2452 2172 2497 2216; x_wconf 83' lang='grc' dir='ltr'>ἐν</span> <span class='ocrx_word' id='word_1_575' title='bbox 2521 2173 2581 2234; x_wconf 84' lang='grc' dir='ltr'>τῷ</span> <span class='ocrx_word' id='word_1_576' title='bbox 2606 2171 2719 2235; x_wconf 87' lang='grc' dir='ltr'>Πρὸς</span> <span class='ocrx_word' id='word_1_577' title='bbox 2742 2171 2818 2228; x_wconf 73' lang='grc' dir='ltr'><strong>τὴν</strong></span> 
     </span>
     <span class='ocr_line' id='line_1_84' title="bbox 1534 2239 2817 2312; baseline -0.002 -16"><span class='ocrx_word' id='word_1_578' title='bbox 1534 2247 1829 2311; x_wconf 88' lang='grc' dir='ltr'>Δημοσθένους</span> <span class='ocrx_word' id='word_1_579' title='bbox 1860 2247 2140 2312; x_wconf 85' lang='grc' dir='ltr'>ἀντιγραφήν.</span> <span class='ocrx_word' id='word_1_580' title='bbox 2174 2246 2395 2312; x_wconf 87' lang='grc' dir='ltr'>Ἄνδρωνά</span> <span class='ocrx_word' id='word_1_581' title='bbox 2418 2266 2542 2312; x_wconf 85' lang='grc' dir='ltr'>φησιν</span> <span class='ocrx_word' id='word_1_582' title='bbox 2566 2239 2672 2294; x_wconf 70' lang='grc' dir='ltr'>εἶναι</span> <span class='ocrx_word' id='word_1_583' title='bbox 2700 2247 2817 2312; x_wconf 83' lang='grc' dir='ltr'>Κρά·</span> 
     </span>
     <span class='ocr_line' id='line_1_85' title="bbox 1533 2319 2815 2409; baseline -0.002 -41"><span class='ocrx_word' id='word_1_584' title='bbox 1533 2339 1650 2386; x_wconf 87' lang='grc' dir='ltr'>τερος</span> <span class='ocrx_word' id='word_1_585' title='bbox 1671 2323 1714 2367; x_wconf 81' lang='grc' dir='ltr'>ἐν</span> <span class='ocrx_word' id='word_1_586' title='bbox 1733 2319 1766 2366; x_wconf 85' lang='grc' dir='ltr'>θ’</span> <span class='ocrx_word' id='word_1_587' title='bbox 1788 2323 1870 2366; x_wconf 89' lang='grc' dir='ltr'><strong>τῶν</strong></span> <span class='ocrx_word' id='word_1_588' title='bbox 1892 2319 2203 2384; x_wconf 86' lang='grc' dir='ltr'>Ψηφισμάτων</span> <span class='ocrx_word' id='word_1_589' title='bbox 2221 2319 2290 2366; x_wconf 82' lang='grc' dir='ltr'><strong>τὸν</strong></span> <span class='ocrx_word' id='word_1_590' title='bbox 2307 2319 2530 2409; x_wconf 45' lang='grc' dir='ltr'>γράψαντα</span> <span class='ocrx_word' id='word_1_591' title='bbox 2547 2338 2595 2366; x_wconf 92' lang='grc' dir='ltr'>το</span> <span class='ocrx_word' id='word_1_592' title='bbox 2615 2319 2815 2384; x_wconf 77' lang='grc' dir='ltr'>ψήφισμα</span> 
     </span>
     <span class='ocr_line' id='line_1_86' title="bbox 1533 2383 2816 2456; baseline -0.001 -18"><span class='ocrx_word' id='word_1_593' title='bbox 1533 2391 1581 2438; x_wconf 82' lang='grc' dir='ltr'>τὸ</span> <span class='ocrx_word' id='word_1_594' title='bbox 1615 2411 1712 2455; x_wconf 87' lang='grc' dir='ltr'>περι</span> <span class='ocrx_word' id='word_1_595' title='bbox 1754 2391 2027 2455; x_wconf 87' lang='grc' dir='ltr'>Ἀντιφωντος</span> <span class='ocrx_word' id='word_1_596' title='bbox 2050 2395 2122 2438; x_wconf 77' lang='grc' dir='ltr'>τοῦ</span> <span class='ocrx_word' id='word_1_597' title='bbox 2161 2390 2347 2456; x_wconf 78' lang='grc' dir='ltr'>ῥήτορος.</span> <span class='ocrx_word' id='word_1_598' title='bbox 2390 2383 2477 2438; x_wconf 62' lang='grc' dir='ltr'>’Ἦν</span> <span class='ocrx_word' id='word_1_599' title='bbox 2506 2389 2549 2436; x_wconf 84' lang='grc' dir='ltr'><strong>δὲ</strong></span> <span class='ocrx_word' id='word_1_600' title='bbox 2581 2384 2638 2444; x_wconf 74' lang='grc' dir='ltr'><strong>εἷς</strong></span> <span class='ocrx_word' id='word_1_601' title='bbox 2667 2394 2751 2438; x_wconf 88' lang='grc' dir='ltr'><strong>τῶν</strong></span> <span class='ocrx_word' id='word_1_602' title='bbox 2778 2390 2816 2437; x_wconf 91' lang='grc' dir='ltr'>υ’</span> 
     </span>
     <span class='ocr_line' id='line_1_87' title="bbox 1535 2462 2816 2527; baseline -0.002 -16"><span class='ocrx_word' id='word_1_603' title='bbox 1535 2467 1556 2511; x_wconf 86' lang='grc' dir='ltr'><strong><em>ὃ</em></strong></span> <span class='ocrx_word' id='word_1_604' title='bbox 1598 2462 1803 2527; x_wconf 85' lang='grc' dir='ltr'>Ἄνδρων.</span> <span class='ocrx_word' id='word_1_605' title='bbox 1849 2466 2089 2524; x_wconf 90' lang='lat' dir='ltr'><strong>Antiphon</strong></span> <span class='ocrx_word' id='word_1_606' title='bbox 2127 2467 2260 2509; x_wconf 89' lang='lat' dir='ltr'><strong>sicuti</strong></span> <span class='ocrx_word' id='word_1_607' title='bbox 2287 2465 2570 2523; x_wconf 76' lang='lat' dir='ltr'><strong>Phrynichus</strong></span> <span class='ocrx_word' id='word_1_608' title='bbox 2610 2465 2695 2525; x_wconf 86' lang='lat' dir='ltr'><strong>(fr.</strong></span> <span class='ocrx_word' id='word_1_609' title='bbox 2739 2481 2754 2508; x_wconf 90' lang='lat'>1</span> <span class='ocrx_word' id='word_1_610' title='bbox 2772 2466 2816 2523; x_wconf 85' lang='grc' dir='ltr'>ι)</span> 
     </span>
     <span class='ocr_line' id='line_1_88' title="bbox 1535 2514 2817 2596; baseline -0.002 -14"><span class='ocrx_word' id='word_1_611' title='bbox 1535 2538 1827 2582; x_wconf 88' lang='lat' dir='ltr'><strong>condemnati</strong></span> <span class='ocrx_word' id='word_1_612' title='bbox 1847 2538 1920 2582; x_wconf 91' lang='lat'><strong>01.</strong></span> <span class='ocrx_word' id='word_1_613' title='bbox 1946 2552 2031 2596; x_wconf 82' lang='lat'><strong>92,</strong></span> <span class='ocrx_word' id='word_1_614' title='bbox 2055 2552 2099 2582; x_wconf 84' lang='lat'><strong>2.</strong></span> <span class='ocrx_word' id='word_1_615' title='bbox 2124 2543 2177 2589; x_wconf 75' lang='lat'><strong>41</strong></span> <span class='ocrx_word' id='word_1_616' title='bbox 2193 2553 2210 2579; x_wconf 94' lang='lat'>1</span> <span class='ocrx_word' id='word_1_617' title='bbox 2236 2551 2279 2582; x_wconf 90' lang='lat' dir='ltr'><strong>a.</strong></span> <span class='ocrx_word' id='word_1_618' title='bbox 2304 2537 2354 2580; x_wconf 91' lang='lat' dir='ltr'><strong>C.</strong></span> <span class='ocrx_word' id='word_1_619' title='bbox 2379 2514 2634 2595; x_wconf 80' lang='lat' dir='ltr'><strong>Psephisma</strong></span> <span class='ocrx_word' id='word_1_620' title='bbox 2653 2551 2708 2580; x_wconf 88' lang='lat' dir='ltr'><strong>ex</strong></span> <span class='ocrx_word' id='word_1_621' title='bbox 2725 2538 2817 2581; x_wconf 81' lang='lat' dir='ltr'><strong>Cae·</strong></span> 
     </span>
     <span class='ocr_line' id='line_1_89' title="bbox 1535 2606 2671 2667; baseline -0.004 -13"><span class='ocrx_word' id='word_1_622' title='bbox 1535 2611 1642 2654; x_wconf 91' lang='lat' dir='ltr'><strong>cilio</strong></span> <span class='ocrx_word' id='word_1_623' title='bbox 1660 2610 1855 2654; x_wconf 88' lang='lat' dir='ltr'><strong>servavit</strong></span> <span class='ocrx_word' id='word_1_624' title='bbox 1870 2609 2141 2653; x_wconf 80' lang='lat' dir='ltr'><strong>Plutarchus</strong></span> <span class='ocrx_word' id='word_1_625' title='bbox 2156 2610 2246 2653; x_wconf 87' lang='lat' dir='ltr'><strong>vit.</strong></span> <span class='ocrx_word' id='word_1_626' title='bbox 2277 2609 2323 2652; x_wconf 91' lang='lat' dir='ltr'>X</span> <span class='ocrx_word' id='word_1_627' title='bbox 2345 2609 2426 2652; x_wconf 91' lang='lat' dir='ltr'><strong>Or.</strong></span> <span class='ocrx_word' id='word_1_628' title='bbox 2467 2623 2516 2667; x_wconf 91' lang='lat' dir='ltr'><strong>p.</strong></span> <span class='ocrx_word' id='word_1_629' title='bbox 2562 2606 2671 2651; x_wconf 87' lang='lat'><strong>833.</strong></span> 
     </span>
    </p>
   </div>
   <div class='ocr_carea' id='block_1_24' title="bbox 2143 2717 2215 2745">
    <p class='ocr_par' dir='ltr' id='par_1_27' title="bbox 2143 2717 2215 2745">
     <span class='ocr_line' id='line_1_90' title="bbox 2143 2717 2215 2745; baseline -0.014 0"><span class='ocrx_word' id='word_1_630' title='bbox 2143 2717 2215 2745; x_wconf 95' lang='lat'><strong>11.</strong></span> 
     </span>
    </p>
   </div>
   <div class='ocr_carea' id='block_1_25' title="bbox 1537 2777 2821 2990">
    <p class='ocr_par' dir='ltr' id='par_1_28' title="bbox 1537 2777 2821 2990">
     <span class='ocr_line' id='line_1_91' title="bbox 1555 2777 2819 2849; baseline -0.004 -21"><span class='ocrx_word' id='word_1_631' title='bbox 1555 2840 1563 2849; x_wconf 86' lang='lat'><strong>.</strong></span> <span class='ocrx_word' id='word_1_632' title='bbox 1600 2783 1754 2828; x_wconf 86' lang='lat' dir='ltr'><strong>Schol.</strong></span> <span class='ocrx_word' id='word_1_633' title='bbox 1780 2783 1915 2828; x_wconf 90' lang='lat' dir='ltr'><strong>Arist.</strong></span> <span class='ocrx_word' id='word_1_634' title='bbox 1939 2783 2120 2841; x_wconf 84' lang='lat' dir='ltr'><strong>Lysistr.</strong></span> <span class='ocrx_word' id='word_1_635' title='bbox 2142 2780 2231 2826; x_wconf 81' lang='lat'><strong>313</strong></span> <span class='ocrx_word' id='word_1_636' title='bbox 2251 2796 2261 2824; x_wconf 72' lang='grc' dir='ltr'><strong>ε</strong></span> <span class='ocrx_word' id='word_1_637' title='bbox 2282 2780 2384 2825; x_wconf 88' lang='grc' dir='ltr'><strong>τῶν</strong></span> <span class='ocrx_word' id='word_1_638' title='bbox 2401 2780 2450 2826; x_wconf 87' lang='grc' dir='ltr'>ἐν</span> <span class='ocrx_word' id='word_1_639' title='bbox 2468 2777 2635 2842; x_wconf 83' lang='grc' dir='ltr'>Σάμῳ</span> <span class='ocrx_word' id='word_1_640' title='bbox 2658 2796 2819 2841; x_wconf 83' lang='grc' dir='ltr'>στρα-</span> 
     </span>
     <span class='ocr_line' id='line_1_92' title="bbox 1538 2849 2821 2916; baseline -0.003 -17"><span class='ocrx_word' id='word_1_641' title='bbox 1538 2859 1641 2916; x_wconf 82' lang='grc' dir='ltr'>τη’γ</span> <span class='ocrx_word' id='word_1_642' title='bbox 1654 2854 1689 2899; x_wconf 89' lang='grc' dir='ltr'>ῶ</span> <span class='ocrx_word' id='word_1_643' title='bbox 1701 2854 1743 2916; x_wconf 87' lang='grc' dir='ltr'>ν]</span> <span class='ocrx_word' id='word_1_644' title='bbox 1762 2851 1947 2914; x_wconf 85' lang='grc' dir='ltr'>Δίδυμος</span> <span class='ocrx_word' id='word_1_645' title='bbox 1963 2851 2036 2898; x_wconf 83' lang='grc' dir='ltr'><strong>καὶ</strong></span> <span class='ocrx_word' id='word_1_646' title='bbox 2055 2849 2268 2916; x_wconf 85' lang='grc' dir='ltr'>Κράτερός</span> <span class='ocrx_word' id='word_1_647' title='bbox 2289 2869 2394 2915; x_wconf 85' lang='grc' dir='ltr'>φασι</span> <span class='ocrx_word' id='word_1_648' title='bbox 2411 2855 2545 2898; x_wconf 77' lang='grc' dir='ltr'>ταῦτα</span> <span class='ocrx_word' id='word_1_649' title='bbox 2567 2849 2821 2897; x_wconf 84' lang='grc' dir='ltr'>αἰνίττεσθαι</span> 
     </span>
     <span class='ocr_line' id='line_1_93' title="bbox 1537 2920 2820 2990; baseline -0.004 -18"><span class='ocrx_word' id='word_1_650' title='bbox 1537 2927 1593 2979; x_wconf 89' lang='grc' dir='ltr'><strong>εἷς</strong></span> <span class='ocrx_word' id='word_1_651' title='bbox 1629 2925 1851 2990; x_wconf 83' lang='grc' dir='ltr'>Φρύνιχον</span> <span class='ocrx_word' id='word_1_652' title='bbox 1884 2925 1956 2971; x_wconf 84' lang='grc' dir='ltr'><strong>τὸν</strong></span> <span class='ocrx_word' id='word_1_653' title='bbox 1987 2922 2300 2988; x_wconf 87' lang='grc' dir='ltr'>Στρατωνίδου.</span> <span class='ocrx_word' id='word_1_654' title='bbox 2334 2921 2707 2980; x_wconf 82' lang='grc' dir='ltr'>Ἐκακοηθεύσατο</span> <span class='ocrx_word' id='word_1_655' title='bbox 2738 2920 2820 2985; x_wconf 82' lang='grc' dir='ltr'><strong>γὰρ</strong></span> 
     </span>
    </p>
   </div>
   <div class='ocr_carea' id='block_1_26' title="bbox 1539 3059 2822 3178">
    <p class='ocr_par' dir='ltr' id='par_1_29' title="bbox 1539 3059 2822 3178">
     <span class='ocr_line' id='line_1_94' title="bbox 1540 3059 2822 3114; baseline -0.004 -11"><span class='ocrx_word' id='word_1_656' title='bbox 1540 3064 1664 3114; x_wconf 86' lang='lat' dir='ltr'><strong>pictos</strong></span> <span class='ocrx_word' id='word_1_657' title='bbox 1681 3074 1763 3104; x_wconf 87' lang='lat' dir='ltr'><strong>esse</strong></span> <span class='ocrx_word' id='word_1_658' title='bbox 1779 3063 1819 3102; x_wconf 90' lang='lat' dir='ltr'><strong>in</strong></span> <span class='ocrx_word' id='word_1_659' title='bbox 1835 3065 1930 3103; x_wconf 88' lang='lat' dir='ltr'><strong>Stoa</strong></span> <span class='ocrx_word' id='word_1_660' title='bbox 1946 3074 2066 3112; x_wconf 89' lang='lat' dir='ltr'><strong>quam</strong></span> <span class='ocrx_word' id='word_1_661' title='bbox 2098 3061 2266 3101; x_wconf 85' lang='lat' dir='ltr'><strong>Poeeilen</strong></span> <span class='ocrx_word' id='word_1_662' title='bbox 2283 3063 2439 3100; x_wconf 81' lang='lat' dir='ltr'><strong>vocant.</strong></span> <span class='ocrx_word' id='word_1_663' title='bbox 2460 3063 2582 3100; x_wconf 87' lang='lat' dir='ltr'><strong>Nemo</strong></span> <span class='ocrx_word' id='word_1_664' title='bbox 2600 3062 2730 3099; x_wconf 88' lang='lat' dir='ltr'><strong>tamen</strong></span> <span class='ocrx_word' id='word_1_665' title='bbox 2747 3059 2822 3098; x_wconf 89' lang='lat' dir='ltr'><strong>hoc</strong></span> 
     </span>
     <span class='ocr_line' id='line_1_95' title="bbox 1539 3125 2820 3178; baseline -0.004 -10"><span class='ocrx_word' id='word_1_666' title='bbox 1539 3130 1716 3168; x_wconf 84' lang='lat' dir='ltr'><strong>narravit</strong></span> <span class='ocrx_word' id='word_1_667' title='bbox 1738 3139 1868 3178; x_wconf 90' lang='lat' dir='ltr'><strong>neque</strong></span> <span class='ocrx_word' id='word_1_668' title='bbox 1890 3128 1990 3167; x_wconf 91' lang='lat' dir='ltr'><strong>alius</strong></span> <span class='ocrx_word' id='word_1_669' title='bbox 2006 3138 2133 3177; x_wconf 87' lang='lat' dir='ltr'><strong>neque</strong></span> <span class='ocrx_word' id='word_1_670' title='bbox 2154 3129 2342 3167; x_wconf 86' lang='lat' dir='ltr'><strong>Craterus</strong></span> <span class='ocrx_word' id='word_1_671' title='bbox 2358 3126 2398 3165; x_wconf 88' lang='lat' dir='ltr'><strong>in</strong></span> <span class='ocrx_word' id='word_1_672' title='bbox 2414 3126 2722 3175; x_wconf 85' lang='lat' dir='ltr'><strong>Psephismatum</strong></span> <span class='ocrx_word' id='word_1_673' title='bbox 2738 3125 2820 3163; x_wconf 88' lang='lat' dir='ltr'><strong>col-</strong></span> 
     </span>
    </p>
   </div>
   <div class='ocr_carea' id='block_1_27' title="bbox 1539 3195 2183 3288">
    <p class='ocr_par' dir='ltr' id='par_1_30' title="bbox 1539 3195 2183 3288">
     <span class='ocr_line' id='line_1_96' title="bbox 1539 3195 2183 3288; baseline 0.006 -54"><span class='ocrx_word' id='word_1_674' title='bbox 1539 3195 1721 3235; x_wconf 88' lang='lat' dir='ltr'><strong>lectione.</strong></span> <span class='ocrx_word' id='word_1_675' title='bbox 2155 3249 2183 3288; x_wconf 74' lang='grc'><strong>9</strong></span> 
     </span>
    </p>
   </div>
   <div class='ocr_carea' id='block_1_28' title="bbox 1536 3310 2822 4206">
    <p class='ocr_par' dir='ltr' id='par_1_31' title="bbox 1537 3310 2822 3746">
     <span class='ocr_line' id='line_1_97' title="bbox 1590 3310 2821 3364; baseline -0.006 -10"><span class='ocrx_word' id='word_1_676' title='bbox 1590 3315 1845 3355; x_wconf 85' lang='lat' dir='ltr'><strong>Athenienses</strong></span> <span class='ocrx_word' id='word_1_677' title='bbox 1858 3313 2051 3364; x_wconf 81' lang='lat' dir='ltr'><strong>praeconis</strong></span> <span class='ocrx_word' id='word_1_678' title='bbox 2074 3323 2170 3353; x_wconf 85' lang='lat' dir='ltr'><strong>voce</strong></span> <span class='ocrx_word' id='word_1_679' title='bbox 2184 3313 2427 3363; x_wconf 88' lang='lat' dir='ltr'><strong>pronuntiari</strong></span> <span class='ocrx_word' id='word_1_680' title='bbox 2445 3313 2483 3351; x_wconf 85' lang='lat' dir='ltr'><strong>et</strong></span> <span class='ocrx_word' id='word_1_681' title='bbox 2501 3321 2614 3351; x_wconf 80' lang='lat' dir='ltr'><strong>aereae</strong></span> <span class='ocrx_word' id='word_1_682' title='bbox 2631 3310 2821 3350; x_wconf 73' lang='lat' dir='ltr'><strong>columnae</strong></span> 
     </span>
     <span class='ocr_line' id='line_1_98' title="bbox 1539 3374 2819 3427; baseline -0.005 -10"><span class='ocrx_word' id='word_1_683' title='bbox 1539 3378 1695 3418; x_wconf 86' lang='lat' dir='ltr'><strong>inscribi</strong></span> <span class='ocrx_word' id='word_1_684' title='bbox 1717 3378 1941 3427; x_wconf 87' lang='lat' dir='ltr'><strong>jusserunt,</strong></span> <span class='ocrx_word' id='word_1_685' title='bbox 1966 3377 1997 3416; x_wconf 90' lang='lat' dir='ltr'><strong>si</strong></span> <span class='ocrx_word' id='word_1_686' title='bbox 2022 3377 2110 3427; x_wconf 92' lang='lat' dir='ltr'><strong>quis</strong></span> <span class='ocrx_word' id='word_1_687' title='bbox 2130 3377 2338 3427; x_wconf 84' lang='lat' dir='ltr'><strong>Diagoram</strong></span> <span class='ocrx_word' id='word_1_688' title='bbox 2365 3375 2587 3423; x_wconf 87' lang='lat' dir='ltr'><strong>occidisset,</strong></span> <span class='ocrx_word' id='word_1_689' title='bbox 2605 3374 2792 3412; x_wconf 84' lang='lat' dir='ltr'><strong>talentum</strong></span> <span class='ocrx_word' id='word_1_690' title='bbox 2808 3403 2819 3420; x_wconf 89' lang='lat'><strong>,</strong></span> 
     </span>
     <span class='ocr_line' id='line_1_99' title="bbox 1538 3440 2822 3491; baseline -0.005 -10"><span class='ocrx_word' id='word_1_691' title='bbox 1538 3442 1570 3481; x_wconf 83' lang='lat' dir='ltr'><strong>si</strong></span> <span class='ocrx_word' id='word_1_692' title='bbox 1586 3442 1676 3491; x_wconf 88' lang='lat' dir='ltr'><strong>quis</strong></span> <span class='ocrx_word' id='word_1_693' title='bbox 1691 3442 1828 3480; x_wconf 84' lang='lat' dir='ltr'><strong>vivum</strong></span> <span class='ocrx_word' id='word_1_694' title='bbox 1844 3441 2089 3490; x_wconf 80' lang='lat' dir='ltr'><strong>adduxisset,</strong></span> <span class='ocrx_word' id='word_1_695' title='bbox 2104 3441 2184 3480; x_wconf 91' lang='lat' dir='ltr'><strong>duo</strong></span> <span class='ocrx_word' id='word_1_696' title='bbox 2204 3441 2351 3480; x_wconf 87' lang='lat' dir='ltr'><strong>talenta</strong></span> <span class='ocrx_word' id='word_1_697' title='bbox 2362 3442 2611 3489; x_wconf 86' lang='lat' dir='ltr'><strong>accepturum</strong></span> <span class='ocrx_word' id='word_1_698' title='bbox 2624 3449 2719 3477; x_wconf 87' lang='lat' dir='ltr'><strong>esse.</strong></span> <span class='ocrx_word' id='word_1_699' title='bbox 2740 3440 2822 3476; x_wconf 81' lang='lat' dir='ltr'><strong>Hoc</strong></span> 
     </span>
     <span class='ocr_line' id='line_1_100' title="bbox 1537 3501 2819 3556; baseline -0.005 -10"><span class='ocrx_word' id='word_1_700' title='bbox 1537 3508 1670 3546; x_wconf 89' lang='lat' dir='ltr'><strong>autem</strong></span> <span class='ocrx_word' id='word_1_701' title='bbox 1688 3507 1940 3546; x_wconf 86' lang='lat' dir='ltr'><strong>Athenienses</strong></span> <span class='ocrx_word' id='word_1_702' title='bbox 1964 3507 2141 3546; x_wconf 82' lang='lat' dir='ltr'><strong>fecerunt</strong></span> <span class='ocrx_word' id='word_1_703' title='bbox 2158 3508 2315 3556; x_wconf 88' lang='lat' dir='ltr'><strong>propter</strong></span> <span class='ocrx_word' id='word_1_704' title='bbox 2339 3506 2422 3554; x_wconf 90' lang='lat' dir='ltr'><strong>ejus</strong></span> <span class='ocrx_word' id='word_1_705' title='bbox 2440 3505 2675 3554; x_wconf 87' lang='lat' dir='ltr'><strong>impietatem</strong></span> <span class='ocrx_word' id='word_1_706' title='bbox 2687 3532 2699 3551; x_wconf 91' lang='lat'><strong>,</strong></span> <span class='ocrx_word' id='word_1_707' title='bbox 2716 3501 2819 3552; x_wconf 87' lang='lat' dir='ltr'><strong>quod</strong></span> 
     </span>
     <span class='ocr_line' id='line_1_101' title="bbox 1538 3565 2819 3620; baseline -0.005 -11"><span class='ocrx_word' id='word_1_708' title='bbox 1538 3570 1722 3620; x_wconf 81' lang='lat' dir='ltr'><strong>mysteria</strong></span> <span class='ocrx_word' id='word_1_709' title='bbox 1738 3570 1921 3609; x_wconf 89' lang='lat' dir='ltr'><strong>omnibus</strong></span> <span class='ocrx_word' id='word_1_710' title='bbox 1936 3570 2182 3619; x_wconf 88' lang='lat' dir='ltr'><strong>enuntiaret,</strong></span> <span class='ocrx_word' id='word_1_711' title='bbox 2201 3580 2324 3619; x_wconf 90' lang='lat' dir='ltr'><strong>eaque</strong></span> <span class='ocrx_word' id='word_1_712' title='bbox 2343 3569 2526 3616; x_wconf 83' lang='lat' dir='ltr'><strong>evulgans</strong></span> <span class='ocrx_word' id='word_1_713' title='bbox 2545 3568 2583 3605; x_wconf 86' lang='lat' dir='ltr'><strong>et</strong></span> <span class='ocrx_word' id='word_1_714' title='bbox 2602 3565 2819 3615; x_wconf 78' lang='lat' dir='ltr'><strong>despiciens</strong></span> 
     </span>
     <span class='ocr_line' id='line_1_102' title="bbox 1537 3627 2819 3683; baseline -0.005 -12"><span class='ocrx_word' id='word_1_715' title='bbox 1537 3633 1646 3682; x_wconf 88' lang='lat' dir='ltr'><strong>illos,</strong></span> <span class='ocrx_word' id='word_1_716' title='bbox 1664 3633 1731 3683; x_wconf 90' lang='lat' dir='ltr'><strong>qui</strong></span> <span class='ocrx_word' id='word_1_717' title='bbox 1749 3633 1869 3672; x_wconf 85' lang='lat' dir='ltr'><strong>sacris</strong></span> <span class='ocrx_word' id='word_1_718' title='bbox 1888 3633 2031 3672; x_wconf 87' lang='lat' dir='ltr'><strong>initiari</strong></span> <span class='ocrx_word' id='word_1_719' title='bbox 2062 3633 2269 3680; x_wconf 89' lang='lat' dir='ltr'><strong>volebant,</strong></span> <span class='ocrx_word' id='word_1_720' title='bbox 2286 3642 2309 3670; x_wconf 92' lang='lat' dir='ltr'><strong>a</strong></span> <span class='ocrx_word' id='word_1_721' title='bbox 2328 3630 2524 3680; x_wconf 82' lang='lat' dir='ltr'><strong>proposito</strong></span> <span class='ocrx_word' id='word_1_722' title='bbox 2542 3629 2616 3668; x_wconf 90' lang='lat' dir='ltr'><strong>isto</strong></span> <span class='ocrx_word' id='word_1_723' title='bbox 2641 3627 2819 3666; x_wconf 76' lang='lat' dir='ltr'><strong>dehorta-</strong></span> 
     </span>
     <span class='ocr_line' id='line_1_103' title="bbox 1537 3698 2116 3746; baseline -0.002 -9"><span class='ocrx_word' id='word_1_724' title='bbox 1537 3699 1661 3746; x_wconf 87' lang='lat' dir='ltr'><strong>retur,</strong></span> <span class='ocrx_word' id='word_1_725' title='bbox 1681 3698 1739 3737; x_wconf 88' lang='lat' dir='ltr'><strong>uti</strong></span> <span class='ocrx_word' id='word_1_726' title='bbox 1763 3699 1948 3738; x_wconf 85' lang='lat' dir='ltr'><strong>Craterus</strong></span> <span class='ocrx_word' id='word_1_727' title='bbox 1970 3700 2116 3737; x_wconf 87' lang='lat' dir='ltr'><strong>narrat.</strong></span> 
     </span>
    </p>

    <p class='ocr_par' dir='ltr' id='par_1_32' title="bbox 2144 3768 2211 3807">
     <span class='ocr_line' id='line_1_104' title="bbox 2144 3768 2211 3807; baseline 0 -1"><span class='ocrx_word' id='word_1_728' title='bbox 2144 3768 2211 3807; x_wconf 91' lang='lat'><strong>10.</strong></span> 
     </span>
    </p>

    <p class='ocr_par' dir='ltr' id='par_1_33' title="bbox 1536 3820 2818 4014">
     <span class='ocr_line' id='line_1_105' title="bbox 1588 3820 2818 3874; baseline -0.008 -1"><span class='ocrx_word' id='word_1_729' title='bbox 1588 3820 1776 3874; x_wconf 76' lang='lat' dir='ltr'><strong>&#39;craterus</strong></span> <span class='ocrx_word' id='word_1_730' title='bbox 1799 3834 1900 3873; x_wconf 86' lang='lat' dir='ltr'><strong>libro</strong></span> <span class='ocrx_word' id='word_1_731' title='bbox 1926 3844 2031 3872; x_wconf 91' lang='lat' dir='ltr'><strong>nono</strong></span> <span class='ocrx_word' id='word_1_732' title='bbox 2062 3834 2317 3873; x_wconf 85' lang='lat' dir='ltr'><strong>Decretorum</strong></span> <span class='ocrx_word' id='word_1_733' title='bbox 2344 3831 2397 3868; x_wconf 88' lang='lat' dir='ltr'><strong>ait</strong></span> <span class='ocrx_word' id='word_1_734' title='bbox 2418 3828 2638 3868; x_wconf 84' lang='lat' dir='ltr'><strong>Andronem</strong></span> <span class='ocrx_word' id='word_1_735' title='bbox 2654 3856 2667 3874; x_wconf 88' lang='lat'><strong>,</strong></span> <span class='ocrx_word' id='word_1_736' title='bbox 2695 3836 2818 3864; x_wconf 88' lang='lat' dir='ltr'><strong>unum</strong></span> 
     </span>
     <span class='ocr_line' id='line_1_106' title="bbox 1536 3890 2818 3950; baseline -0.008 -12"><span class='ocrx_word' id='word_1_737' title='bbox 1536 3911 1588 3939; x_wconf 83' lang='lat' dir='ltr'><strong>ex</strong></span> <span class='ocrx_word' id='word_1_738' title='bbox 1610 3899 1905 3950; x_wconf 87' lang='lat' dir='ltr'><strong>quadringentis</strong></span> <span class='ocrx_word' id='word_1_739' title='bbox 1927 3900 2034 3948; x_wconf 84' lang='lat' dir='ltr'><strong>viris,</strong></span> <span class='ocrx_word' id='word_1_740' title='bbox 2056 3898 2257 3938; x_wconf 82' lang='lat' dir='ltr'><strong>decretum</strong></span> <span class='ocrx_word' id='word_1_741' title='bbox 2276 3897 2412 3935; x_wconf 88' lang='lat' dir='ltr'><strong>contra</strong></span> <span class='ocrx_word' id='word_1_742' title='bbox 2432 3893 2705 3942; x_wconf 84' lang='lat' dir='ltr'><strong>Antiphontem</strong></span> <span class='ocrx_word' id='word_1_743' title='bbox 2721 3890 2818 3929; x_wconf 84' lang='lat' dir='ltr'><strong>scri·</strong></span> 
     </span>
     <span class='ocr_line' id='line_1_107' title="bbox 1537 3965 1671 4014; baseline -0.007 -10"><span class='ocrx_word' id='word_1_744' title='bbox 1537 3965 1671 4014; x_wconf 87' lang='lat' dir='ltr'><strong>psisse.</strong></span> 
     </span>
    </p>

    <p class='ocr_par' dir='ltr' id='par_1_34' title="bbox 2149 4032 2215 4070">
     <span class='ocr_line' id='line_1_108' title="bbox 2149 4032 2215 4070; baseline 0 0"><span class='ocrx_word' id='word_1_745' title='bbox 2149 4033 2161 4070; x_wconf 92' lang='grc'>1</span> <span class='ocrx_word' id='word_1_746' title='bbox 2178 4032 2215 4070; x_wconf 89' lang='lat'>1</span> 
     </span>
    </p>

    <p class='ocr_par' dir='ltr' id='par_1_35' title="bbox 1590 4089 2816 4152">
     <span class='ocr_line' id='line_1_109' title="bbox 1590 4089 2816 4152; baseline -0.012 -11"><span class='ocrx_word' id='word_1_747' title='bbox 1590 4102 1782 4152; x_wconf 86' lang='lat' dir='ltr'><strong>Didymus</strong></span> <span class='ocrx_word' id='word_1_748' title='bbox 1797 4104 1837 4141; x_wconf 86' lang='lat' dir='ltr'><strong>ct</strong></span> <span class='ocrx_word' id='word_1_749' title='bbox 1857 4103 2043 4141; x_wconf 64' lang='lat' dir='ltr'><strong>cratonis</strong></span> <span class='ocrx_word' id='word_1_750' title='bbox 2060 4100 2194 4137; x_wconf 86' lang='lat' dir='ltr'><strong>dicunt</strong></span> <span class='ocrx_word' id='word_1_751' title='bbox 2219 4095 2482 4144; x_wconf 85' lang='lat' dir='ltr'><strong>Aristophanis</strong></span> <span class='ocrx_word' id='word_1_752' title='bbox 2499 4092 2627 4131; x_wconf 67' lang='lat' dir='ltr'><strong>xerbis</strong></span> <span class='ocrx_word' id='word_1_753' title='bbox 2653 4089 2816 4139; x_wconf 78' lang='lat' dir='ltr'><strong>Phryni-</strong></span> 
     </span>
    </p>

    <p class='ocr_par' dir='ltr' id='par_1_36' title="bbox 1539 4153 2816 4206">
     <span class='ocr_line' id='line_1_110' title="bbox 1539 4153 2816 4206; baseline -0.011 -1"><span class='ocrx_word' id='word_1_754' title='bbox 1539 4167 1658 4205; x_wconf 81' lang='lat' dir='ltr'><strong>chum</strong></span> <span class='ocrx_word' id='word_1_755' title='bbox 1685 4166 1919 4206; x_wconf 65' lang='lat' dir='ltr'><strong>Stratonida·</strong></span> <span class='ocrx_word' id='word_1_756' title='bbox 1943 4166 2065 4203; x_wconf 85' lang='lat' dir='ltr'><strong>tilium</strong></span> <span class='ocrx_word' id='word_1_757' title='bbox 2083 4161 2331 4201; x_wconf 79' lang='lat' dir='ltr'><strong>subindicari</strong></span> <span class='ocrx_word' id='word_1_758' title='bbox 2353 4163 2388 4199; x_wconf 84' lang='lat' dir='ltr'><strong>ls</strong></span> <span class='ocrx_word' id='word_1_759' title='bbox 2402 4159 2506 4198; x_wconf 84' lang='lat' dir='ltr'><strong>enim</strong></span> <span class='ocrx_word' id='word_1_760' title='bbox 2525 4158 2561 4196; x_wconf 91' lang='lat' dir='ltr'><strong>in</strong></span> <span class='ocrx_word' id='word_1_761' title='bbox 2580 4159 2694 4196; x_wconf 89' lang='lat' dir='ltr'><strong>Samo</strong></span> <span class='ocrx_word' id='word_1_762' title='bbox 2713 4153 2816 4193; x_wconf 88' lang='lat' dir='ltr'><strong>mili·</strong></span> 
     </span>
    </p>
   </div>
  </div>
 </body>
</html>
