3016 4628
290 257 378 299 186

845 363 1003 426 [27⁴]

347 459 585 515 Plutarch.-
599 459 689 503 vit.
719 457 857 503 Hom.
885 473 925 503 c.
954 456 1004 514 3,
996 473 1071 541 p.
1104 472 1159 501 21
1188 457 1237 500 in
1263 457 1410 517 Βιογρ.
1443 455 1573 499 Wes-

284 541 419 576 term.
445 526 803 615 εἈριστοτέληςυ
818 527 862 575 δὲ
899 530 942 575 ἐν
966 530 1028 575 τῶ
1065 526 1196 594 τρίτῳ
1222 524 1332 591 Περι
1351 542 1575 582 ποιητικης

284 603 300 664 (
328 599 488 688 πρώτῳ
513 600 624 666 Περὶ
641 603 829 671 ποιητῶν
854 599 933 664 Ρ)
915 614 956 648 ἐν
977 598 1059 665 Ἴῳ
1086 599 1192 666 φησὶ
1220 602 1273 663 τῇ
1308 597 1449 661 νήσῳ,
1478 594 1572 642 καθ’

283 672 330 720 ὃν
354 673 504 739 καιρὸν
539 671 711 732 Νηλευς
748 667 771 720 ὃ
810 673 983 739 Κόδρου
1029 676 1104 730 τῆς
1141 673 1333 727 Ἰωνικης
1375 667 1574 720 ἀποικίας

283 749 455 806 ἠγεῖτο,
486 744 641 831 κόρην
638 744 735 792 τινὰ
759 748 843 792 τῶν
871 744 1112 810 ἐπιχωρίων
1136 741 1367 832 γενομένην
1400 739 1483 786 ὑπό
1510 758 1572 784 τι-

282 837 349 871 νος
366 817 566 880 δαίμονος
585 821 669 865 τῶν
695 820 993 884 συγχορευτῶν
1020 815 1217 868 Μούσαις
1242 812 1482 877 ἐγκύμονα,
1501 811 1572 855 αἷ-

284 891 502 937 δεσθεῖσαν
521 889 570 937 τὸ
593 889 764 978 συμὸὂιν
784 889 852 937 διὰ
877 910 948 937 τον
974 888 1100 951 ὄγκον
1116 891 1192 943 τ’ῆς
1218 901 1401 947 γαστρος
1436 883 1571 927 ἐλθεῖν

285 961 342 1016 εἷς
374 981 416 1010 τι
440 961 598 1027 χωρίον
617 962 667 1009 τὸ
698 962 960 1024 καλούμενον
982 960 1190 1022 Αιγιναν·
1222 958 1279 1009 εἷς
1303 955 1325 1002 ὃ
1353 954 1573 1016 καταδρα-

286 1034 445 1098 μόντας
468 1034 629 1100 λῃστὰς
657 1034 966 1109 ἀνδραποδίσαι
1011 1031 1088 1088 τὴν
1130 1027 1464 1094 προειρημένη)
1498 1024 1572 1071 καὶ

285 1107 526 1171 ἀγαγόντας
561 1110 620 1161 εἷς
655 1107 858 1170 Σμύρναν
883 1110 1013 1153 οὖσαν
1051 1103 1133 1150 ὑπὸ
1160 1102 1368 1154 Λυδοῖςτ
1343 1098 1468 1160 τότε,
1509 1118 1572 1163 τῳ

287 1182 456 1244 βασιλεῖ
480 1182 564 1227 τῶν
590 1178 789 1228 Λυδῶν”
765 1198 854 1225 οντι
896 1177 1006 1243 φίλῳ
1026 1172 1214 1236 τοῦνομα
1240 1170 1401 1220 Μαίονι
1443 1169 1571 1234 χαρί-

290 1258 470 1299 σασθαι
498 1252 570 1299 τὸν
592 1250 636 1299 δὲ
662 1250 949 1313 ἀγαπησαντα
973 1247 1051 1306 τὴν
1071 1245 1201 1310 κόρην
1181 1243 1296 1291 νδιὰ
1321 1243 1369 1290 τὸ
1393 1241 1570 1301 κάλλος,
1627 1274 1631 1279 -

285 1329 447 1388 γῆμαι·
468 1325 522 1383 ἣν
544 1324 842 1390 διατρίβουσαν
860 1341 979 1387 παρα
1001 1324 1062 1368 τῶ
1101 1318 1298 1376 Μέλητι,
1322 1335 1395 1363 και
1421 1333 1574 1379 συσχε-

288 1402 432 1444 θεῖσαν
461 1398 541 1445 ὑπὸ
576 1400 650 1454 τῆς
672 1397 842 1454 ὠδῖνος,
871 1393 1019 1457 ἔτυχεν
1049 1395 1296 1449 ἀποκυῆσαι
1334 1408 1405 1436 τον
1429 1386 1566 1449 ”Ομη

289 1489 359 1534 ρον
395 1469 464 1516 ἐπὶ
493 1490 553 1516 τω
577 1488 776 1532 ποταμιο.)
802 1466 886 1516 Ον
909 1464 1136 1513 ἀναλαὸὼν
1159 1467 1181 1511 ὃ
1207 1461 1363 1511 Μαίων
1392 1464 1447 1515 ὡς
1467 1460 1573 1508 ἴδιον

287 1541 459 1606 ἔτρεφε,
487 1562 561 1598 της
590 1516 811 1607 Κριθηίδος
837 1538 947 1601 μετὰ
969 1538 1046 1595 τὴν
1074 1537 1227 1594 κύησιν
1253 1533 1407 1588 εὐθέως
1427 1535 1574 1580 τελευ-

286 1614 497 1671 τησάσης.
530 1614 694 1679 Χρόνου
729 1612 771 1659 δὲ
807 1615 853 1660 ού
876 1614 1033 1659 πολλου
1068 1608 1301 1662 διελθόντος
1330 1607 1405 1655 καὶ
1449 1606 1575 1661 αὐτὸς

288 1685 555 1743 ἐτελεύτησε.
584 1689 683 1735 Ἰῶν
710 1684 752 1732 δὲ
776 1686 925 1733 Λυδῶν
951 1681 1336 1744 καταπονουμένων
1378 1679 1461 1727 υπὸ
1488 1682 1573 1727 τῶν

287 1758 496 1817 Αἰολέων,
520 1758 592 1805 καὶ
613 1758 846 1823 κρινάντων
872 1758 1126 1804 καταλιπεῖν
1145 1753 1222 1812 τὴν
1247 1752 1470 1817 Σμύρναν,
1500 1753 1575 1799 καὶ

287 1831 558 1895 κηρυξάντων
583 1851 665 1877 των
703 1829 920 1894 ἡγεμόνων
944 1828 1015 1875 τὸν
1043 1826 1299 1892 βουλόμενον
1329 1827 1574 1873 ἀκολουθεῖν

286 1903 438 1957 ἐξιέναι
462 1909 536 1962 τῆς
565 1903 749 1962 πόλεως,
775 1903 835 1950 ἔτι
863 1902 1010 1960 νήπιος
1043 1920 1102 1947 ων
1124 1902 1324 1965 εΌμηρος
1355 1918 1576 1965 προσηγο-

288 1976 430 2037 ρεύθη.

352 2048 582 2111 1ενόμενος
624 2051 661 2096 δ’
694 2051 736 2095 ἐν
778 2047 950 2113 ἡλικίᾳ,
985 2048 1059 2094 καὶ
1103 2046 1226 2102 δόξαν
1270 2045 1341 2094 ἐπι
1371 2048 1575 2109 ποιητικῇ

286 2121 541 2182 κεκτημένος
563 2121 670 2179 ἤδη,
710 2119 911 2185 ἐπηρώτα
935 2119 1007 2168 τὸν
1031 2120 1147 2180 θεὸν,
1173 2120 1298 2168 τίνων
1329 2120 1366 2166 τ’
1399 2118 1463 2178 εἴη
1505 2137 1577 2181 γο-

285 2192 390 2240 νέων
415 2195 486 2240 καὶ
500 2194 650 2241 πόθεν·
669 2198 691 2241 ὁ
717 2193 759 2240 δὲ
785 2196 948 2240 ἀνεῖλεν
970 2192 1104 2247 οὕτως
1119 2209 1130 2221 ·

386 2288 518 2329 Ἔστιν
534 2288 607 2332 Ἴος
622 2293 735 2336 νῆσος
753 2289 891 2339 μητρὸς
910 2289 1059 2339 πατρὶς,
1077 2288 1101 2334 ἦ
1123 2301 1167 2326 σε
1181 2287 1341 2326 θανόντα

384 2348 546 2392 δέξεται·
562 2348 658 2386 ἀλλὰ
669 2348 764 2386 νέων
782 2347 925 2397 ἀνδρῶν
943 2346 1103 2397 αἴνιγμα
1118 2346 1293 2397 φύλαξαι.

285 2419 476 2484 Φέρεται
495 2420 568 2467 καὶ
593 2419 730 2486 ἔτερος
753 2420 951 2485 χρησμὸς
971 2424 1181 2473 τοιοῦτος·

386 2508 518 2547 Ὀλὸιε
537 2510 600 2547 καὶ
618 2508 827 2557 δύσδαιμον
840 2519 848 2527 ·
865 2507 950 2556 ἔφυς
965 2507 1039 2558 γὰρ
1059 2507 1120 2546 ἐπ’
1131 2507 1379 2557 ἀμφοτέροισι
1397 2517 1404 2524 ·

386 2567 550 2617 πατρίδα
569 2566 691 2613 δίζηαι
706 2576 715 2586 ·
740 2566 880 2616 μητρὸς
893 2567 933 2605 δέ
949 2579 1023 2613 τοι,
1037 2566 1082 2604 οὐ
1094 2565 1236 2617 πατρός
1256 2566 1338 2607 ἐστι

1194 243 1607 296 ARISTOTELIS
1643 238 2074 292 FRAGMENTA..

1753 349 1980 399 μητρόπολις
1993 347 2031 384 ἐν
2049 345 2155 395 νήσῳ
2173 344 2249 382 ἀπὸ
2271 344 2418 395 Κρήτης
2437 344 2600 396 εὐρείης,
2629 349 2634 355 ”

1752 408 1902 450 Μίνωος
1918 405 2029 455 γαίης
2050 403 2136 441 οὔτε
2154 403 2294 452 σχεδὸν
2307 404 2387 442 οὔτ’
2406 403 2482 443 ἀπὸ
2499 405 2631 449 τηλοῦ.

1753 465 1819 503 Ἐν
1831 468 1883 514 τῇ
1903 464 1952 508 σή
1966 460 2067 531 μοῖρ’
2079 460 2163 503 ἐστὶ
2174 461 2397 507 τελευτῆσαι
2418 459 2583 510 βιότοιο,
2703 497 2706 500 ,

1751 521 1828 560 εὖτ
1843 522 1888 559 ἀν
1905 520 1982 558 ἀπὸ
2001 517 2172 567 γλώττης
2189 517 2339 556 παίδων
2353 518 2406 567 μὴ
2423 519 2550 569 γνῷς’
2534 519 2757 563 ἐπακούσας

1752 579 1973 623 δυσξύνετον
1998 576 2191 615 σκολιοῖσι
2207 575 2334 623 λόγοις
2354 576 2594 626 εἰρημένον”
2571 590 2707 628 υμνον.

1750 631 1866 672 Δοιὰς
1882 629 1956 678 γὰρ
1969 630 2067 674 ζωῆς
2083 626 2219 677 μοίρας
2239 626 2370 677 λάχες,
2395 627 2441 673 ἣν
2458 627 2527 677 μὲν
2539 628 2714 679 ἀμαυρὰν

1751 686 1908 733 ἠελίδων
1924 685 2077 724 ὄσσων·
2093 685 2139 731 ἢν
2155 685 2190 723 δ
2209 684 2409 730 ἀθανάτοις
2422 684 2636 736 ἰσόμοιρον,

1749 747 1814 784 καὶ
1832 748 1905 791 ζῶ)
1917 745 1983 783 και
1996 743 2172 795 φθίμενος
2183 742 2385 794 ·φθίμενος
2401 743 2434 784 δ’
2447 745 2515 786 ἔτι,
2522 745 2666 785 πολλὸν
2685 745 2854 796 ἀγήρως.

1649 835 1758 883 Μετ’
1783 836 1831 882 οὖ
1851 832 2007 910 *11:07thm
2009 832 2071 882 δὲ
2069 835 2223 900 χρόνον
2246 835 2390 884 πλέων
2411 838 2470 900 εἷς
2486 837 2645 896 Θηὸας
2664 837 2736 886 ἐπι
2746 832 2812 884 τὰ
2832 835 2948 902 Κρό·

1649 926 1717 954 νια
1737 906 1878 971 (ἀγὼν
1901 907 1946 955 δὲ
1958 911 2078 962 ουτος
2095 909 2246 998 ἄγεται
2261 913 2367 975 παρ’
2385 901 2539 966 αὐτοῖς
2545 910 2798 975 μουσικός),
2816 903 2954 968 ηλθεν
2998 929 3003 937 ³

1649 981 1706 1028 εἷς
1729 974 1845 1026 ”·1ον
1871 978 1971 1026 ἔνθα
1999 980 2072 1028 ἐπὶ
2095 979 2257 1046 πέτρας
2275 986 2379 1030 καθε
2363 982 2559 1045 εζόμενος
2581 984 2790 1043 ἐθεάσατο
2813 980 2950 1039 ’ἃλιεις

1649 1051 1999 1116 προσπλέοντας,
2030 1044 2089 1100 ῶν
2115 1053 2374 1102 ἐπυνθάνετο
2398 1054 2438 1102 εἴ
2454 1075 2495 1102 τι
2516 1054 2671 1120 ἔχοιεν.
2694 1058 2752 1104 Οἱ
2778 1054 2845 1114 δὲ,
2874 1053 2958 1102 inf

1648 1143 1709 1188 τῳ
1738 1128 1957 1189 θηρᾶσαι
1949 1125 2026 1172 μὲν
2068 1125 2218 1188 μηδὲν,
2250 1127 2538 1197 φθειρίζεσθαι
2558 1127 2604 1176 δὲ
2629 1128 2700 1177 διὰ
2733 1126 2812 1187 τὴν
2837 1129 2957 1188 dito-j

1650 1197 1743 1261 ρίαν
1768 1202 1844 1256 τῆς
1863 1197 1995 1263 θήρας
2017 1197 2152 1254 οὕτως
2177 1200 2483 1266 ἀπεκρίναντο·

1749 1303 1867 1343 ”Οσσ’
1882 1306 2028 1357 ἐλομεν,
2042 1306 2244 1358 λιπόμεσθ’
2256 1321 2265 1330 ’
2289 1307 2365 1347 ὅσα
2385 1306 2418 1347 δ’
2435 1308 2510 1359 οὐχ
2521 1308 2680 1359 ἕλομεν,
2704 1307 2923 1360 φερόμεσθα
2949 1315 2958 1325 ·

1649 1397 1941 1461 αἰνισσόμενοι
1979 1403 2035 1455 ὡς
2076 1399 2160 1465 ἄρα
2198 1399 2269 1455 οὒς
2312 1399 2391 1462 μὲν
2425 1399 2583 1449 ἔλαὸον
2619 1402 2704 1448 τῶν
2741 1403 2957 1468 φθειρῶν

1649 1471 1974 1528 ἀποκτείναντες
2011 1474 2265 1522 κατέλιπον·
2300 1473 2371 1529 οὒς
2407 1475 2444 1522 δ’
2486 1477 2562 1522 οὐκ
2597 1473 2769 1533 ἔλαὸον,
2806 1475 2850 1522 ἐν
2890 1473 2950 1539 τῇ

1649 1545 1796 1603 ἐσθῆτι
1821 1545 2000 1611 φέροιεν.
2019 1545 2166 1612 εὈπερ
2186 1550 2234 1595 οὗ
2258 1546 2451 1606 δυνηθεὶς
2463 1543 2705 1611 συμὸαλεῖν
2725 1545 2947 1613 ΫΟμηρος,

1649 1615 1721 1663 διὰ
1753 1617 1832 1677 τὴν
1872 1619 2059 1680 ἀθυμίαν
2101 1620 2380 1684 ἐτελεύτησε,
2413 1620 2625 1686 θάψαντες
2667 1618 2714 1685 δὲ
2748 1620 2876 1668 αὐτὸν
2907 1622 2950 1668 οἱ

1651 1690 1791 1749 Ἰῆται
1841 1695 2183 1758 μεγαλοπρεπῶς
2221 1693 2384 1743 τοιόνδε
2419 1693 2671 1760 ἐπέγραψαν
2709 1694 2840 1743 αὐτοῦ
2883 1696 2948 1760 τῷ

1649 1763 1796 1830 τάφῳ·

1756 1865 1912 1906 Ἐνθοὶδε
1930 1868 2000 1914 τήν
2018 1868 2124 1919 ἱερὰν
2136 1869 2304 1919 κεφαλὴν
2323 1869 2425 1908 κατὰ
2437 1870 2532 1917 γαῖα
2550 1867 2747 1907 καλύπτει.»

1754 1924 1899 1976 ἀνδρῶν
1912 1926 2048 1976 ἡρώων
2075 1927 2300 1978 κοσμήτορα
2316 1927 2416 1968 θεῖον
2436 1927 2628 1977 “Ομηρον.

1718 2045 1761 2090 ἐν
1795 2043 1858 2106 τῷ
1888 2042 2052 2108 τρίτῳ]
2079 2046 2126 2090 Si
2166 2054 2293 2090 recte
2325 2054 2534 2090 statuunt
2568 2045 2670 2090 haec
2710 2061 2769 2090 ex
2803 2060 2952 2105 opere

1654 2115 1765 2181 Περὶ
1789 2117 1978 2172 ποιητῶν
1995 2127 2178 2176 sumpla
2195 2133 2288 2162 esse
2304 2151 2316 2172 ,
2332 2118 2585 2178 legendum
2601 2118 2728 2162 haud
2744 2117 2948 2168 dubie&

1652 2209 1714 2254 τῳ
1735 2186 1910 2253 πρώτῳ.
1934 2190 2015 2234 Sin
2034 2192 2210 2246 minus,
2228 2189 2386 2234 videas
2409 2205 2468 2234 ne
2491 2191 2762 2247 Aristoteles
2786 2192 2870 2236 iste
2891 2191 2952 2241 sit

1653 2266 1920 2324 Cyrenaeus,
1945 2279 2086 2322 quem
2119 2280 2216 2326 περι
2250 2263 2477 2319 ποιητικῆς
2507 2265 2736 2324 sclipsisse
2758 2271 2951 2319 testatur

1653 2339 1886 2397 Diogenes
1909 2338 1966 2391 V,
1986 2334 2062 2382 35.

1721 2409 1791 2455 Cf.
1817 2409 1909 2454 Vit.
1937 2409 2134 2452 Homeri
2157 2407 2235 2454 ed.
2257 2409 2414 2456 Iriart.
2446 2424 2495 2468 p.
2521 2408 2615 2453 233
2651 2405 2919 2472 τΤιμόμαχ

1656 2478 1795 2526 δὲκαὶ
1822 2478 2120 2543 Ἀριστοτέλης
2155 2476 2197 2532 ἐξ
2217 2476 2312 2526 Ἴου
2343 2482 2418 2536 τῆς
2441 2479 2572 2536 νήσου
2607 2479 2706 2542 (τὸν
2743 2478 2917 2541 (Όμηω
2936 2486 2962 2505 ’“

1657 2570 1760 2615 φασι
1779 2551 1998 2614 γεγονέναι
2020 2551 2084 2614 )...
2111 2553 2339 2598 ἀποθανεῖν
2365 2551 2410 2598 δὲ
2435 2551 2564 2600 αὐτόν
2590 2570 2720 2616 φασιν
2736 2555 2780 2600 ἐν
2801 2550 2880 2616 Ἴῳ

747 2706 830 2753 DE
867 2706 1105 2752 POETIS.

876 2808 977 2848 274,

342 2896 566 2935 Aristoteles
595 2896 694 2935 libro
730 2897 845 2936 tertio
874 2898 1086 2947 (primast)
1122 2899 1180 2936 De
1206 2898 1292 2936 arte
1315 2897 1468 2947 poetica
1491 2897 1580 2946 (De

290 2962 424 3010 poetis
436 2962 471 3010 Ρ)
490 2960 617 3010 prodit
631 2960 668 2999 in
682 2960 806 3000 insula
822 2964 877 3010 lo,
895 2973 975 3011 quo
988 2964 1166 3012 tempore
1181 2961 1337 3001 Codrus
1354 2961 1458 3000 Nelei
1476 2961 1580 3000 filius
1634 2982 1639 2986 ›-

292 3024 458 3063 coloniae
477 3025 516 3062 in
540 3024 689 3062 Ioniam
709 3024 901 3064 ducendae
915 3026 1094 3076 praefuit,
1117 3026 1289 3076 puellam
1305 3037 1329 3064 a
1344 3026 1458 3075 genio
1477 3036 1577 3075 quo-

291 3090 384 3127 dam
405 3099 454 3126 ex
489 3099 626 3127 eorum
656 3099 843 3138 numero,
868 3091 936 3139 qui
968 3101 1058 3129 cum
1077 3090 1198 3130 Musis
1229 3090 1371 3129 choros
1404 3089 1578 3139 ducunt,

292 3163 556 3202 compressam
568 3183 579 3201 ,
603 3163 728 3201 quum
757 3153 849 3191 sacti
865 3165 952 3193 eam
966 3157 1127 3205 propter
1142 3155 1474 3193 intumescentem
1489 3156 1579 3193 ute—

294 3228 382 3255 rum
407 3215 593 3266 puderet,
633 3216 867 3255 concessisse
897 3219 934 3255 iu
963 3219 1159 3268 regionem
1187 3218 1390 3268 quandam
1419 3218 1580 3258 nomine

295 3281 490 3330 Aiginam.
516 3280 571 3319 lbi
588 3291 611 3318 a
630 3280 901 3329 praedonibus,
923 3283 990 3332 qui
1008 3295 1053 3322 eo
1074 3285 1349 3323 excursionem
1377 3283 1578 3333 fecissent,

295 3347 452 3394 captam
469 3343 709 3393 ductamque
732 3345 770 3382 in
788 3348 994 3395 Smyrnam
1018 3348 1156 3386 urbem
1176 3348 1244 3387 illo
1261 3349 1440 3398 tempore
1465 3347 1581 3398 Lydis

294 3407 512 3457 subiectam
527 3436 537 3455 ,
562 3407 759 3456 Lydorum
779 3409 856 3457 regi
876 3410 1017 3448 Maeoni
1031 3441 1042 3459 ,
1057 3411 1163 3449 socio
1187 3422 1280 3460 suo,
1300 3411 1406 3450 dono
1423 3411 1555 3450 datam
1569 3441 1580 3460 ,

294 3471 345 3509 ab
361 3481 486 3520 eoque
500 3470 803 3519 pulchritudinis
820 3482 935 3510 causa
951 3473 989 3510 in
1010 3474 1306 3513 matrimonium
1321 3477 1578 3524 assumptam.

299 3538 385 3573 Mox
413 3545 537 3584 quum
562 3533 613 3572 ad
635 3534 814 3572 Meletem
845 3535 1010 3574 fluvium
1040 3537 1183 3586 degens
1212 3540 1348 3587 partus
1378 3538 1582 3577 doloribus

295 3597 665 3645 circumveniretur,
692 3597 876 3637 accidisse
904 3601 946 3637 ut
975 3603 1190 3640 Homerum
1207 3602 1323 3651 juxta
1351 3601 1481 3652 ipsum
1502 3602 1580 3641 ssu-

296 3662 405 3701 rium
436 3663 603 3711 pareret.
642 3661 839 3700 Critlieide
867 3662 1055 3702 continuo
1086 3676 1137 3703 ex
1157 3668 1271 3715 partu
1303 3668 1483 3716 mortua,
1517 3666 1580 3705 in-

297 3728 444 3766 fantem
466 3727 692 3775 susceptum
713 3728 752 3764 et
770 3728 813 3764 ut
843 3737 957 3764 suum
975 3729 1192 3767 enutritum
1213 3740 1236 3768 a
1258 3732 1410 3769 Maeone
1431 3746 1440 3769 :
1459 3742 1582 3781 quem

293 3791 423 3840 ipsum
440 3789 559 3829 etiam
577 3789 680 3827 haud
699 3790 822 3828 mullo
840 3792 925 3839 post
952 3789 1106 3830 obiisse.
1129 3795 1248 3830 Porro
1274 3794 1371 3843 Lydi
1389 3795 1439 3834 ab
1459 3795 1582 3834 AEoli-

296 3856 369 3894 lius
390 3854 493 3894 bello
518 3854 636 3904 pressi
657 3866 782 3904 quum
806 3858 1015 3905 Smyrnam
1040 3857 1260 3906 relinquere
1292 3858 1579 3910 decrevissent,

295 3930 511 3970 eorumque
531 3919 724 3970 principes
752 3931 819 3970 per
840 3932 1062 3970 pru-eonem
1082 3921 1316 3972 edixissent,
1339 3927 1381 3963 ut
1408 3926 1581 3975 quicun-

295 3996 374 4036 que
388 3984 492 4035 ipsos
503 3983 615 4033 sequi
631 3983 777 4023 vellent
794 3984 890 4023 urbe
902 3985 1192 4033 egrederentur,
1209 3988 1423 4027 Homerum
1442 4001 1582 4039 pueru-

298 4050 379 4088 lum
407 4047 624 4087 etiamnum
648 4046 818 4098 dixisse,
841 4060 881 4087 se
900 4060 1060 4099 quoque
1074 4050 1173 4088 velle
1195 4051 1369 4101 ὁμηρεῖν,
1389 4053 1424 4091 id
1446 4056 1503 4093 est
1519 4065 1582 4094 sc-

297 4116 369 4166 qui
393 4127 406 4153 .·
425 4112 514 4153 inde
531 4124 603 4164 pro
620 4112 849 4163 Melesigeue
868 4116 1080 4153 Homerum
1112 4116 1364 4164 appellantium

350 4176 518 4218 Adultus
542 4177 622 4227 jam
640 4179 676 4217 et
703 4177 853 4227 poetica
881 4179 965 4216 arte
994 4189 1134 4216 uolneu
1166 4183 1399 4218 conset-utus
1415 4211 1424 4228 ,
1448 4181 1495 4219 de
1513 4193 1580 4231 pu-

1655 2668 1836 2730 rentibus
1855 2692 1894 2730 et
1924 2691 2054 2741 patria
2088 2689 2207 2730 deum
2228 2690 2428 2730 consuluit
2455 2706 2464 2730 :
2497 2691 2611 2741 isque
2641 2690 2698 2731 sic
2721 2690 2949 2741 respondit,

1741 2767 1863 2801 Insula
1885 2769 1943 2802 Ios
1959 2766 2086 2802 matris
2101 2767 2218 2811 patria
2233 2770 2306 2805 est,
2324 2766 2400 2801 vita
2419 2766 2502 2802 haec
2514 2775 2664 2812 quoque
2680 2766 2855 2803 functum

1747 2825 1904 2870 accipiet
1921 2838 1931 2859 ε
1956 2824 2019 2860 sed
2039 2827 2078 2860 tu
2092 2824 2258 2868 Juvenile
2274 2825 2430 2869 aenigma
2445 2827 2589 2861 caveto.

1655 2898 1835 2938 Alterum
1852 2908 2012 2948 quoque
2028 2898 2237 2936 oraculum
2251 2897 2332 2936 tale
2353 2897 2480 2936 fertur
2499 2913 2509 2936 ε

1744 2977 1844 3013 Felix
1855 2980 1892 3012 et
1908 2978 2031 3017 miser,
2055 2976 2102 3012 ad
2126 2979 2264 3011 sortem
2280 2975 2366 3020 quia
2383 2977 2492 3011 natus
2508 2978 2709 3021 utramque

1740 3036 1922 3081 perquiris
1937 3036 2095 3081 patriam
2112 3047 2122 3069 ι
2137 3035 2264 3070 matris
2280 3034 2347 3069 tihi
2359 3060 2368 3076 ,
2387 3043 2466 3070 non
2483 3034 2597 3078 patris
2613 3037 2734 3070 exstat

1746 3092 1883 3136 pau-ia,
1898 3093 1938 3127 in
1950 3092 2096 3127 undoso
2109 3092 2209 3135 jacet
2221 3091 2301 3126 haec
2313 3094 2436 3126 Ponto
2453 3091 2583 3130 insula,
2601 3093 2721 3127 cretae

1731 3158 1827 3184 anon
1846 3149 1938 3184 adeo
1953 3149 2075 3184 vicina
2091 3151 2129 3184 ct
2141 3157 2219 3183 non
2235 3148 2345 3192 longe
2361 3156 2476 3192 usque
2501 3150 2655 3184 remota.

1744 3208 1817 3242 Hic
1834 3209 1869 3242 te
1886 3205 1958 3241 fata
1975 3209 2038 3242 tua
2059 3208 2194 3250 cogent
2209 3205 2388 3241 decedere
2405 3204 2482 3239 vita
2493 3229 2504 3245 ,

1744 3273 1860 3308 quum
1873 3263 1978 3307 pueri
1994 3263 2129 3307 ignotis
2143 3263 2342 3297 obscurum
2360 3261 2573 3306 ambagibus
2587 3261 2677 3299 olim

1740 3329 1949 3355 sermonem
1969 3319 2178 3356 involvent,
2200 3321 2309 3364 teque
2331 3318 2434 3354 hunc
2449 3319 2622 3355 evolvere
2636 3321 2806 3365 poscent:

1743 3377 1879 3422 quippe
1894 3377 2030 3421 duplex
2045 3377 2130 3412 vitfe
2151 3375 2268 3411 fatum
2287 3375 2351 3411 tihi
2366 3376 2536 3420 contigit,
2553 3377 2687 3411 orbum

1742 3435 1961 3475 luminibus;
1978 3435 2120 3480 superis
2136 3437 2236 3470 Musa
2254 3433 2524 3469 immortalibus
2545 3437 2663 3478 aequat
2683 3446 2694 3468 ι

1744 3485 1832 3538 post
1847 3496 2006 3540 mortem
2024 3494 2059 3527 te
2075 3491 2150 3526 vita
2163 3492 2289 3525 manet
2307 3498 2436 3525 secura
2455 3493 2625 3534 senectae.

1655 3569 1742 3607 Non
1765 3565 1893 3604 multo
1913 3565 2002 3614 post
2024 3565 2205 3614 tempore
2223 3562 2381 3602 Thebas
2406 3558 2599 3610 navigans
2621 3560 2672 3600 ad
2701 3562 2921 3603 saturnalia

1654 3629 1826 3681 quodibi
1844 3630 2044 3668 certamen
2060 3627 2256 3666 musicum
2273 3625 2510 3674 celebratur,
2532 3626 2620 3663 lum
2633 3624 2754 3664 venit.
2778 3624 2835 3665 lbi
2851 3637 2918 3667 sax

1654 3693 1828 3734 insidens
1839 3723 1850 3742 ‚
1866 3692 2079 3743 piscatores
2094 3689 2190 3729 vidit
2201 3688 2505 3738 adnavigantes,
2519 3699 2663 3738 eosque
2671 3688 2913 3740 interrogavi

1655 3769 1752 3798 uum
1772 3757 1870 3808 quid
1892 3756 2096 3796 haberent.
2119 3754 2179 3793 llli
2193 3752 2301 3804 quod
2325 3752 2424 3792 nihil
2442 3752 2663 3802 cepissent,
2680 3752 2748 3793 sed
2770 3755 2912 3815 captur¹

1656 3822 1822 3874 penuria
1833 3822 1873 3860 et
1891 3821 1972 3860 otio
1990 3818 2191 3870 pediculos
2213 3817 2418 3867 legissent,
2438 3816 2490 3856 ita
2506 3816 2829 3867 responderunt.
2909 3819 2925 3839 ³·

1745 3908 1828 3941 Non
1845 3906 1951 3950 capta
1968 3902 2180 3943 atterimus,
2206 3901 2356 3937 ruerant
2371 3910 2454 3946 quae
2467 3903 2574 3946 capta
2590 3901 2748 3943 relictis,

1655 3986 1865 4036 aenigmate
1891 3983 2180 4034 significantes,
2208 3991 2250 4021 se
2279 3992 2379 4032 quos
2404 3981 2598 4031 cepissent
2629 3980 2854 4031 pediculos,
2891 3996 2893 4000 v
2914 3970 2928 3980 ”“

1656 4050 1807 4089 occisos
1825 4047 2027 4098 reliquisse
2040 4076 2051 4095 ,
2073 4056 2174 4096 quos
2194 4055 2289 4084 vero
2310 4056 2389 4084 non
2410 4045 2602 4096 cepissent
2618 4055 2685 4084 eos
2699 4055 2742 4084 se
2764 4044 2805 4083 in
2824 4055 2894 4083 va

1656 4117 1731 4157 bus
1749 4116 1831 4157 suis
1844 4125 1976 4155 secum
1995 4115 2109 4153 ferre.
2132 4112 2250 4159 Quod
2263 4123 2387 4163 quum
2403 4114 2599 4151 Homerus
2613 4101 2916 4162 conjectando

1656 4182 1768 4232 sequi
1793 4191 1872 4221 non
1896 4181 2049 4231 posset,
2075 4189 2157 4229 prm
2188 4178 2309 4217 animi
2336 4177 2472 4217 dolore
2501 4177 2684 4216 mortuus
2713 4175 2786 4214 est.
2819 4176 2858 4214 le
2884 4181 2895 4230 j
