<?xml version="1.0" encoding="UTF-8"?>
<!DOCTYPE html PUBLIC "-//W3C//DTD XHTML 1.0 Transitional//EN"
    "http://www.w3.org/TR/xhtml1/DTD/xhtml1-transitional.dtd">
<html xmlns="http://www.w3.org/1999/xhtml" xml:lang="en" lang="en">
 <head>
  <title>
</title>
<meta http-equiv="Content-Type" content="text/html;charset=utf-8" />
  <meta name='ocr-system' content='tesseract 3.04.00' />
  <meta name='ocr-capabilities' content='ocr_page ocr_carea ocr_par ocr_line ocrx_word'/>
</head>
<body>
  <div class='ocr_page' id='page_1' title='image "./fragmentahistori02mueluoft_0237.png"; bbox 0 0 3016 4628; ppageno 0'>
   <div class='ocr_carea' id='block_1_1' title="bbox 742 284 2003 349">
    <p class='ocr_par' dir='ltr' id='par_1_1' title="bbox 742 284 2003 349">
     <span class='ocr_line' id='line_1_1' title="bbox 742 284 2003 349; baseline -0.01 0"><span class='ocrx_word' id='word_1_1' title='bbox 742 284 1162 349; x_wconf 79' lang='lat' dir='ltr'><strong>PY‘rffloNICAE.</strong></span> <span class='ocrx_word' id='word_1_2' title='bbox 1200 293 1607 344; x_wconf 72' lang='lat' dir='ltr'><strong>mnASCALiAE.</strong></span> <span class='ocrx_word' id='word_1_3' title='bbox 1649 294 1727 341; x_wconf 69' lang='lat' dir='ltr'><strong>ni:</strong></span> <span class='ocrx_word' id='word_1_4' title='bbox 1769 292 2003 341; x_wconf 67' lang='lat' dir='ltr'><strong>vom-is.</strong></span> 
     </span>
    </p>
   </div>
   <div class='ocr_carea' id='block_1_2' title="bbox 610 415 718 459">
    <p class='ocr_par' dir='ltr' id='par_1_2' title="bbox 610 415 718 459">
     <span class='ocr_line' id='line_1_2' title="bbox 610 415 718 459; baseline -0.009 0"><span class='ocrx_word' id='word_1_5' title='bbox 610 415 718 459; x_wconf 77' lang='lat'><strong>268.</strong></span> 
     </span>
    </p>
   </div>
   <div class='ocr_carea' id='block_1_3' title="bbox 8 486 1321 940">
    <p class='ocr_par' dir='ltr' id='par_1_3' title="bbox 8 486 1321 940">
     <span class='ocr_line' id='line_1_3' title="bbox 8 486 1310 576; baseline -0.016 -4"><span class='ocrx_word' id='word_1_6' title='bbox 8 486 65 563; x_wconf 50' lang='grc' dir='ltr'><strong>ξ’</strong></span> <span class='ocrx_word' id='word_1_7' title='bbox 93 525 247 572; x_wconf 87' lang='lat' dir='ltr'><strong>Schol.</strong></span> <span class='ocrx_word' id='word_1_8' title='bbox 268 523 316 566; x_wconf 88' lang='grc'><strong>111</strong></span> <span class='ocrx_word' id='word_1_9' title='bbox 331 521 511 566; x_wconf 90' lang='lat' dir='ltr'><strong>Platon.</strong></span> <span class='ocrx_word' id='word_1_10' title='bbox 532 516 735 576; x_wconf 84' lang='lat' dir='ltr'><strong>Apolog.</strong></span> <span class='ocrx_word' id='word_1_11' title='bbox 758 528 808 573; x_wconf 90' lang='lat' dir='ltr'><strong>p.</strong></span> <span class='ocrx_word' id='word_1_12' title='bbox 840 511 932 556; x_wconf 80' lang='lat'><strong>330</strong></span> <span class='ocrx_word' id='word_1_13' title='bbox 959 511 1034 557; x_wconf 86' lang='lat' dir='ltr'><strong>ed.</strong></span> <span class='ocrx_word' id='word_1_14' title='bbox 1062 508 1259 555; x_wconf 85' lang='lat' dir='ltr'><strong>Bekker.</strong></span> <span class='ocrx_word' id='word_1_15' title='bbox 1300 523 1310 551; x_wconf 69' lang='grc' dir='ltr'><strong><em>ε</em></strong></span> 
     </span>
     <span class='ocr_line' id='line_1_4' title="bbox 8 572 1313 656; baseline -0.016 -10.854"><span class='ocrx_word' id='word_1_16' title='bbox 8 576 226 652; x_wconf 8' lang='grc' dir='ltr'><strong>ν’μΙΙέληίὌις</strong></span> <span class='ocrx_word' id='word_1_17' title='bbox 250 591 294 640; x_wconf 83' lang='grc' dir='ltr'><strong>δὲ</strong></span> <span class='ocrx_word' id='word_1_18' title='bbox 313 587 553 656; x_wconf 79' lang='grc' dir='ltr'>τραγῳδίας</span> <span class='ocrx_word' id='word_1_19' title='bbox 588 585 746 652; x_wconf 71' lang='grc' dir='ltr'>φαῦλος</span> <span class='ocrx_word' id='word_1_20' title='bbox 777 572 983 640; x_wconf 84' lang='grc' dir='ltr'>ποιητὴς,</span> <span class='ocrx_word' id='word_1_21' title='bbox 1012 578 1139 645; x_wconf 78' lang='grc' dir='ltr'>Θρᾷξ</span> <span class='ocrx_word' id='word_1_22' title='bbox 1175 578 1313 642; x_wconf 88' lang='grc' dir='ltr'>γένος,</span> 
     </span>
     <span class='ocr_line' id='line_1_5' title="bbox 20 650 1318 756; baseline -0.016 -41"><span class='ocrx_word' id='word_1_23' title='bbox 20 664 101 723; x_wconf 57' lang='grc' dir='ltr'><strong>’ὣς</strong></span> <span class='ocrx_word' id='word_1_24' title='bbox 100 663 409 756; x_wconf 62' lang='grc' dir='ltr'>ῙΑρισι-οφοὶνης</span> <span class='ocrx_word' id='word_1_25' title='bbox 391 657 683 724; x_wconf 77' lang='grc' dir='ltr'>ςΒατράχοις</span> <span class='ocrx_word' id='word_1_26' title='bbox 728 650 1029 716; x_wconf 57' lang='grc'><strong>(101309),</strong></span> <span class='ocrx_word' id='word_1_27' title='bbox 1079 651 1318 738; x_wconf 85' lang='grc' dir='ltr'>Πελαργοῖς</span> 
     </span>
     <span class='ocr_line' id='line_1_6' title="bbox 30 717 1318 794; baseline -0.016 -7"><span class='ocrx_word' id='word_1_28' title='bbox 30 733 165 790; x_wconf 81' lang='grc' dir='ltr'>Δαιου</span> <span class='ocrx_word' id='word_1_29' title='bbox 190 736 281 783; x_wconf 83' lang='grc' dir='ltr'>υἱὸν</span> <span class='ocrx_word' id='word_1_30' title='bbox 306 733 434 782; x_wconf 82' lang='grc' dir='ltr'>αὐτὸν</span> <span class='ocrx_word' id='word_1_31' title='bbox 461 730 614 794; x_wconf 79' lang='grc' dir='ltr'>λέγων,</span> <span class='ocrx_word' id='word_1_32' title='bbox 639 726 732 776; x_wconf 75' lang='grc' dir='ltr'>ἐπεὶ</span> <span class='ocrx_word' id='word_1_33' title='bbox 755 717 839 791; x_wconf 73' lang='grc' dir='ltr'><strong>ᾧ”</strong></span> <span class='ocrx_word' id='word_1_34' title='bbox 815 744 901 772; x_wconf 84' lang='grc' dir='ltr'>ετει</span> <span class='ocrx_word' id='word_1_35' title='bbox 927 727 964 771; x_wconf 81' lang='grc' dir='ltr'>οἱ</span> <span class='ocrx_word' id='word_1_36' title='bbox 990 723 1248 786; x_wconf 83' lang='grc' dir='ltr'>Πελαργοὶ</span> <span class='ocrx_word' id='word_1_37' title='bbox 1231 723 1318 768; x_wconf 83' lang='grc' dir='ltr'>εδι-</span> 
     </span>
     <span class='ocr_line' id='line_1_7' title="bbox 29 794 1321 867; baseline -0.015 -9"><span class='ocrx_word' id='word_1_38' title='bbox 29 810 260 867; x_wconf 73' lang='grc' dir='ltr'>δᾶσκοντο,</span> <span class='ocrx_word' id='word_1_39' title='bbox 283 805 357 854; x_wconf 76' lang='grc' dir='ltr'><strong>καὶ</strong></span> <span class='ocrx_word' id='word_1_40' title='bbox 379 809 401 852; x_wconf 85' lang='grc' dir='ltr'>ὁ</span> <span class='ocrx_word' id='word_1_41' title='bbox 431 802 632 860; x_wconf 79' lang='grc' dir='ltr'><strong>Μέλητος</strong></span> <span class='ocrx_word' id='word_1_42' title='bbox 659 796 936 848; x_wconf 81' lang='grc' dir='ltr'>Οἶδιπόδειαν</span> <span class='ocrx_word' id='word_1_43' title='bbox 962 795 1112 853; x_wconf 83' lang='grc' dir='ltr'>ἔθηκεν</span> <span class='ocrx_word' id='word_1_44' title='bbox 1149 794 1162 858; x_wconf 96' lang='grc'>(</span> <span class='ocrx_word' id='word_1_45' title='bbox 1185 797 1321 851; x_wconf 72' lang='grc' dir='ltr'>καθῆ-</span> 
     </span>
     <span class='ocr_line' id='line_1_8' title="bbox 30 868 1320 940; baseline -0.014 -10"><span class='ocrx_word' id='word_1_46' title='bbox 30 901 102 932; x_wconf 68' lang='grc' dir='ltr'><strong>κεν</strong></span> <span class='ocrx_word' id='word_1_47' title='bbox 117 881 319 928; x_wconf 81' lang='lat' dir='ltr'><strong>Meinek.</strong></span> <span class='ocrx_word' id='word_1_48' title='bbox 343 879 384 940; x_wconf 92' lang='lat'><strong>),</strong></span> <span class='ocrx_word' id='word_1_49' title='bbox 403 880 460 930; x_wconf 81' lang='grc' dir='ltr'><strong>ὡς</strong></span> <span class='ocrx_word' id='word_1_50' title='bbox 477 871 773 939; x_wconf 79' lang='grc' dir='ltr'>Ἀριστοτέλης</span> <span class='ocrx_word' id='word_1_51' title='bbox 785 868 1108 920; x_wconf 78' lang='grc' dir='ltr'>Διδασκαλίαις.</span> <span class='ocrx_word' id='word_1_52' title='bbox 1130 872 1184 915; x_wconf 94' lang='lat' dir='ltr'><strong>V.</strong></span> <span class='ocrx_word' id='word_1_53' title='bbox 1208 870 1320 913; x_wconf 92' lang='lat' dir='ltr'><strong>Mei-</strong></span> 
     </span>
    </p>
   </div>
   <div class='ocr_carea' id='block_1_4' title="bbox 29 939 1374 1008">
    <p class='ocr_par' dir='ltr' id='par_1_4' title="bbox 29 939 1374 1008">
     <span class='ocr_line' id='line_1_9' title="bbox 29 939 1374 1008; baseline -0.013 -7"><span class='ocrx_word' id='word_1_54' title='bbox 29 950 140 1006; x_wconf 77' lang='lat' dir='ltr'><strong>nek.</strong></span> <span class='ocrx_word' id='word_1_55' title='bbox 162 954 274 998; x_wconf 85' lang='lat' dir='ltr'><strong>Hist.</strong></span> <span class='ocrx_word' id='word_1_56' title='bbox 299 966 420 996; x_wconf 88' lang='lat' dir='ltr'><strong>com.</strong></span> <span class='ocrx_word' id='word_1_57' title='bbox 442 952 490 1006; x_wconf 84' lang='lat'><strong>1,</strong></span> <span class='ocrx_word' id='word_1_58' title='bbox 511 949 561 1008; x_wconf 80' lang='lat' dir='ltr'><strong>p.</strong></span> <span class='ocrx_word' id='word_1_59' title='bbox 613 960 723 1003; x_wconf 91' lang='lat'><strong>177;</strong></span> <span class='ocrx_word' id='word_1_60' title='bbox 760 946 967 1004; x_wconf 85' lang='lat' dir='ltr'>Wagner</span> <span class='ocrx_word' id='word_1_61' title='bbox 1001 943 1167 1003; x_wconf 82' lang='lat' dir='ltr'><strong>fragm.</strong></span> <span class='ocrx_word' id='word_1_62' title='bbox 1193 949 1320 1001; x_wconf 87' lang='lat' dir='ltr'><strong>poet.</strong></span> <span class='ocrx_word' id='word_1_63' title='bbox 1368 939 1374 945; x_wconf 78' lang='lat'><em>&#39;</em></span> 
     </span>
    </p>
   </div>
   <div class='ocr_carea' id='block_1_5' title="bbox 33 1015 727 1158">
    <p class='ocr_par' dir='ltr' id='par_1_5' title="bbox 33 1015 727 1158">
     <span class='ocr_line' id='line_1_10' title="bbox 33 1015 350 1080; baseline -0.009 -18"><span class='ocrx_word' id='word_1_64' title='bbox 33 1027 172 1080; x_wconf 74' lang='lat' dir='ltr'><strong>tragg.</strong></span> <span class='ocrx_word' id='word_1_65' title='bbox 197 1032 248 1077; x_wconf 87' lang='lat' dir='ltr'><strong>p.</strong></span> <span class='ocrx_word' id='word_1_66' title='bbox 274 1015 350 1074; x_wconf 83' lang='lat'><strong>73.</strong></span> 
     </span>
     <span class='ocr_line' id='line_1_11' title="bbox 619 1098 727 1158; baseline 0 -17"><span class='ocrx_word' id='word_1_67' title='bbox 619 1098 727 1158; x_wconf 75' lang='lat'><strong>269.</strong></span> 
     </span>
    </p>
   </div>
   <div class='ocr_carea' id='block_1_6' title="bbox 47 1185 1322 1258">
    <p class='ocr_par' dir='ltr' id='par_1_6' title="bbox 47 1185 1322 1258">
     <span class='ocr_line' id='line_1_12' title="bbox 47 1185 1322 1258; baseline -0.012 -14.408"><span class='ocrx_word' id='word_1_68' title='bbox 47 1201 367 1258; x_wconf 80' lang='lat' dir='ltr'><strong>Argument.</strong></span> <span class='ocrx_word' id='word_1_69' title='bbox 403 1188 521 1239; x_wconf 76' lang='lat' dir='ltr'><strong>Eur.</strong></span> <span class='ocrx_word' id='word_1_70' title='bbox 554 1192 767 1238; x_wconf 85' lang='lat' dir='ltr'><strong>Medeae:</strong></span> <span class='ocrx_word' id='word_1_71' title='bbox 802 1186 868 1236; x_wconf 84' lang='grc' dir='ltr'><strong>Τὸ</strong></span> <span class='ocrx_word' id='word_1_72' title='bbox 908 1187 1054 1251; x_wconf 75' lang='grc' dir='ltr'>δρᾶμα</span> <span class='ocrx_word' id='word_1_73' title='bbox 1081 1185 1197 1232; x_wconf 84' lang='grc' dir='ltr'>δοκεῖ</span> <span class='ocrx_word' id='word_1_74' title='bbox 1221 1187 1322 1231; x_wconf 77' lang='grc' dir='ltr'>ὑπο·</span> 
     </span>
    </p>
   </div>
   <div class='ocr_carea' id='block_1_7' title="bbox 0 1247 1350 1549">
    <p class='ocr_par' dir='ltr' id='par_1_7' title="bbox 0 1247 1350 1549">
     <span class='ocr_line' id='line_1_13' title="bbox 0 1247 1350 1336; baseline -0.012 -12"><span class='ocrx_word' id='word_1_75' title='bbox 0 1268 19 1330; x_wconf 67' lang='lat' dir='ltr'><strong>l</strong></span> <span class='ocrx_word' id='word_1_76' title='bbox 31 1274 235 1324; x_wconf 69' lang='grc' dir='ltr'>Εαλέσθαι</span> <span class='ocrx_word' id='word_1_77' title='bbox 259 1271 379 1336; x_wconf 80' lang='grc' dir='ltr'><strong>παρὰ</strong></span> <span class='ocrx_word' id='word_1_78' title='bbox 397 1247 633 1334; x_wconf 67' lang='grc' dir='ltr'>Νεόφρονος</span> <span class='ocrx_word' id='word_1_79' title='bbox 658 1266 962 1328; x_wconf 81' lang='grc' dir='ltr'>διασκευάσας,</span> <span class='ocrx_word' id='word_1_80' title='bbox 989 1269 1045 1319; x_wconf 84' lang='grc' dir='ltr'><strong>ὡς</strong></span> <span class='ocrx_word' id='word_1_81' title='bbox 1062 1262 1350 1328; x_wconf 78' lang='grc' dir='ltr'>Δικαίαρχός</span> 
     </span>
     <span class='ocr_line' id='line_1_14' title="bbox 0 1335 1326 1416; baseline -0.013 -18.663"><span class='ocrx_word' id='word_1_82' title='bbox 0 1359 77 1416; x_wconf 59' lang='grc' dir='ltr'><strong>ᾗζῖε</strong></span> <span class='ocrx_word' id='word_1_83' title='bbox 114 1347 220 1413; x_wconf 79' lang='grc' dir='ltr'>Περὶ</span> <span class='ocrx_word' id='word_1_84' title='bbox 243 1350 316 1393; x_wconf 82' lang='grc' dir='ltr'><strong>τοῦ</strong></span> <span class='ocrx_word' id='word_1_85' title='bbox 348 1342 557 1396; x_wconf 78' lang='grc' dir='ltr'>Ἑλλάδος</span> <span class='ocrx_word' id='word_1_86' title='bbox 592 1341 685 1407; x_wconf 88' lang='grc' dir='ltr'>βίου</span> <span class='ocrx_word' id='word_1_87' title='bbox 705 1341 779 1388; x_wconf 81' lang='grc' dir='ltr'><strong>καὶ</strong></span> <span class='ocrx_word' id='word_1_88' title='bbox 806 1338 1142 1403; x_wconf 81' lang='grc' dir='ltr'>Ἀριστοτέλης’</span> <span class='ocrx_word' id='word_1_89' title='bbox 1125 1357 1167 1384; x_wconf 86' lang='grc' dir='ltr'>εν</span> <span class='ocrx_word' id='word_1_90' title='bbox 1194 1335 1326 1384; x_wconf 86' lang='grc' dir='ltr'>Ὑπο-</span> 
     </span>
     <span class='ocr_line' id='line_1_15' title="bbox 20 1409 1321 1483; baseline -0.011 -16.892"><span class='ocrx_word' id='word_1_91' title='bbox 20 1418 247 1483; x_wconf 78' lang='grc' dir='ltr'><strong>μνήμασι.</strong></span> <span class='ocrx_word' id='word_1_92' title='bbox 276 1415 602 1479; x_wconf 82' lang='grc' dir='ltr'>Ὑπομνήματα</span> <span class='ocrx_word' id='word_1_93' title='bbox 619 1417 667 1462; x_wconf 85' lang='lat' dir='ltr'><strong>h..</strong></span> <span class='ocrx_word' id='word_1_94' title='bbox 693 1416 725 1462; x_wconf 94' lang='grc'><strong>1.</strong></span> <span class='ocrx_word' id='word_1_95' title='bbox 745 1430 771 1460; x_wconf 90' lang='lat' dir='ltr'><strong>a</strong></span> <span class='ocrx_word' id='word_1_96' title='bbox 793 1414 1062 1459; x_wconf 87' lang='lat' dir='ltr'><strong>Didascaliis</strong></span> <span class='ocrx_word' id='word_1_97' title='bbox 1085 1411 1202 1455; x_wconf 89' lang='lat' dir='ltr'>nihil</span> <span class='ocrx_word' id='word_1_98' title='bbox 1227 1409 1321 1454; x_wconf 84' lang='lat' dir='ltr'><strong>dif-</strong></span> 
     </span>
     <span class='ocr_line' id='line_1_16' title="bbox 30 1488 989 1549; baseline -0.011 -11"><span class='ocrx_word' id='word_1_99' title='bbox 30 1492 198 1539; x_wconf 80' lang='lat' dir='ltr'><strong>ferunt.</strong></span> <span class='ocrx_word' id='word_1_100' title='bbox 219 1495 289 1536; x_wconf 92' lang='lat' dir='ltr'><strong>De</strong></span> <span class='ocrx_word' id='word_1_101' title='bbox 313 1506 364 1536; x_wconf 89' lang='lat' dir='ltr'><strong>re</strong></span> <span class='ocrx_word' id='word_1_102' title='bbox 391 1507 437 1534; x_wconf 87' lang='lat' dir='ltr'><strong>v.</strong></span> <span class='ocrx_word' id='word_1_103' title='bbox 470 1491 689 1549; x_wconf 63' lang='lat' dir='ltr'><strong>WVagner.</strong></span> <span class='ocrx_word' id='word_1_104' title='bbox 716 1489 749 1531; x_wconf 93' lang='grc'><strong>1.</strong></span> <span class='ocrx_word' id='word_1_105' title='bbox 776 1488 805 1531; x_wconf 92' lang='grc'><strong>1.</strong></span> <span class='ocrx_word' id='word_1_106' title='bbox 835 1502 881 1546; x_wconf 92' lang='lat' dir='ltr'><strong>p</strong></span> <span class='ocrx_word' id='word_1_107' title='bbox 909 1501 989 1530; x_wconf 83' lang='lat'><strong>20.</strong></span> 
     </span>
    </p>
   </div>
   <div class='ocr_carea' id='block_1_8' title="bbox 619 1609 728 1651">
    <p class='ocr_par' dir='ltr' id='par_1_8' title="bbox 619 1609 728 1651">
     <span class='ocr_line' id='line_1_17' title="bbox 619 1609 728 1651; baseline 0.028 -14"><span class='ocrx_word' id='word_1_108' title='bbox 619 1609 728 1651; x_wconf 79' lang='lat'><strong>270.</strong></span> 
     </span>
    </p>
   </div>
   <div class='ocr_carea' id='block_1_9' title="bbox 25 1686 1322 2043">
    <p class='ocr_par' dir='ltr' id='par_1_9' title="bbox 25 1686 1322 2043">
     <span class='ocr_line' id='line_1_18' title="bbox 94 1686 1322 1753; baseline -0.008 -11"><span class='ocrx_word' id='word_1_109' title='bbox 94 1695 256 1742; x_wconf 90' lang='lat' dir='ltr'><strong>Suidas</strong></span> <span class='ocrx_word' id='word_1_110' title='bbox 278 1711 323 1741; x_wconf 78' lang='grc' dir='ltr'><strong>ν.</strong></span> <span class='ocrx_word' id='word_1_111' title='bbox 345 1690 482 1740; x_wconf 88' lang='grc' dir='ltr'>Ὄνου</span> <span class='ocrx_word' id='word_1_112' title='bbox 499 1686 601 1738; x_wconf 60' lang='grc' dir='ltr'>σκιά</span> <span class='ocrx_word' id='word_1_113' title='bbox 627 1708 637 1735; x_wconf 91' lang='lat'>:</span> <span class='ocrx_word' id='word_1_114' title='bbox 665 1687 960 1753; x_wconf 82' lang='grc' dir='ltr'>Ἀριστοτέλης</span> <span class='ocrx_word' id='word_1_115' title='bbox 982 1688 1018 1734; x_wconf 86' lang='grc' dir='ltr'><strong>δ’</strong></span> <span class='ocrx_word' id='word_1_116' title='bbox 1037 1690 1078 1733; x_wconf 82' lang='grc' dir='ltr'>ἐν</span> <span class='ocrx_word' id='word_1_117' title='bbox 1102 1688 1322 1734; x_wconf 73' lang='grc' dir='ltr'><strong>Διδασκα-</strong></span> 
     </span>
     <span class='ocr_line' id='line_1_19' title="bbox 29 1756 1320 1829; baseline -0.007 -17"><span class='ocrx_word' id='word_1_118' title='bbox 29 1764 143 1819; x_wconf 70' lang='grc' dir='ltr'>λῖαις</span> <span class='ocrx_word' id='word_1_119' title='bbox 177 1764 250 1811; x_wconf 87' lang='grc' dir='ltr'><strong>καὶ</strong></span> <span class='ocrx_word' id='word_1_120' title='bbox 277 1761 493 1829; x_wconf 81' lang='grc' dir='ltr'>δράματός</span> <span class='ocrx_word' id='word_1_121' title='bbox 529 1780 639 1814; x_wconf 84' lang='grc' dir='ltr'>τινος</span> <span class='ocrx_word' id='word_1_122' title='bbox 681 1760 797 1826; x_wconf 82' lang='grc' dir='ltr'>φέρει</span> <span class='ocrx_word' id='word_1_123' title='bbox 841 1759 1106 1824; x_wconf 70' lang='grc' dir='ltr'>ἐπιγραφήν·</span> <span class='ocrx_word' id='word_1_124' title='bbox 1153 1756 1320 1807; x_wconf 79' lang='grc' dir='ltr'>Ὄνου</span> 
     </span>
     <span class='ocr_line' id='line_1_20' title="bbox 32 1834 1320 1896; baseline -0.006 -11"><span class='ocrx_word' id='word_1_125' title='bbox 32 1835 183 1885; x_wconf 60' lang='grc' dir='ltr'>ἅκιᾶν</span> <span class='ocrx_word' id='word_1_126' title='bbox 219 1853 285 1884; x_wconf 91' lang='lat' dir='ltr'><strong>sc.</strong></span> <span class='ocrx_word' id='word_1_127' title='bbox 327 1837 555 1896; x_wconf 84' lang='lat' dir='ltr'><strong>Archippi</strong></span> <span class='ocrx_word' id='word_1_128' title='bbox 592 1836 774 1879; x_wconf 90' lang='lat' dir='ltr'><strong>comici.</strong></span> <span class='ocrx_word' id='word_1_129' title='bbox 818 1837 867 1880; x_wconf 92' lang='lat' dir='ltr'><strong>V.</strong></span> <span class='ocrx_word' id='word_1_130' title='bbox 896 1834 1074 1878; x_wconf 90' lang='lat' dir='ltr'><strong>Zenob.</strong></span> <span class='ocrx_word' id='word_1_131' title='bbox 1101 1836 1189 1890; x_wconf 89' lang='lat' dir='ltr'><strong>VI,</strong></span> <span class='ocrx_word' id='word_1_132' title='bbox 1234 1834 1320 1890; x_wconf 78' lang='lat'><strong>283</strong></span> 
     </span>
     <span class='ocr_line' id='line_1_21' title="bbox 30 1907 1318 1966; baseline -0.005 -9"><span class='ocrx_word' id='word_1_133' title='bbox 30 1911 175 1958; x_wconf 64' lang='lat' dir='ltr'><strong>schol.</strong></span> <span class='ocrx_word' id='word_1_134' title='bbox 195 1910 349 1956; x_wconf 85' lang='lat' dir='ltr'><strong>Aldin.</strong></span> <span class='ocrx_word' id='word_1_135' title='bbox 375 1909 435 1954; x_wconf 91' lang='lat' dir='ltr'><strong>ad</strong></span> <span class='ocrx_word' id='word_1_136' title='bbox 462 1909 600 1954; x_wconf 86' lang='lat' dir='ltr'><strong>Arist.</strong></span> <span class='ocrx_word' id='word_1_137' title='bbox 638 1910 773 1966; x_wconf 91' lang='lat' dir='ltr'><strong>Vesp.</strong></span> <span class='ocrx_word' id='word_1_138' title='bbox 811 1922 894 1966; x_wconf 89' lang='lat'><strong>191</strong></span> <span class='ocrx_word' id='word_1_139' title='bbox 917 1923 929 1962; x_wconf 90' lang='lat'>;</span> <span class='ocrx_word' id='word_1_140' title='bbox 968 1908 1181 1966; x_wconf 87' lang='lat' dir='ltr'><strong>Apostol.</strong></span> <span class='ocrx_word' id='word_1_141' title='bbox 1204 1907 1318 1962; x_wconf 87' lang='lat' dir='ltr'><strong>XX,</strong></span> 
     </span>
     <span class='ocr_line' id='line_1_22' title="bbox 25 1970 1056 2043; baseline -0.008 -14"><span class='ocrx_word' id='word_1_142' title='bbox 25 1970 347 2043; x_wconf 58' lang='lat' dir='ltr'><strong>‘45Meinekius</strong></span> <span class='ocrx_word' id='word_1_143' title='bbox 361 1981 422 2026; x_wconf 88' lang='lat' dir='ltr'><strong>ad</strong></span> <span class='ocrx_word' id='word_1_144' title='bbox 445 1979 686 2025; x_wconf 78' lang='lat' dir='ltr'><strong>Menandri</strong></span> <span class='ocrx_word' id='word_1_145' title='bbox 709 1979 878 2038; x_wconf 90' lang='lat' dir='ltr'><strong>reliqq.</strong></span> <span class='ocrx_word' id='word_1_146' title='bbox 908 1995 954 2038; x_wconf 89' lang='lat' dir='ltr'><strong>p.</strong></span> <span class='ocrx_word' id='word_1_147' title='bbox 980 1977 1056 2036; x_wconf 84' lang='grc'><strong>57.</strong></span> 
     </span>
    </p>
   </div>
   <div class='ocr_carea' id='block_1_10' title="bbox 615 2096 728 2137">
    <p class='ocr_par' dir='ltr' id='par_1_10' title="bbox 615 2096 728 2137">
     <span class='ocr_line' id='line_1_23' title="bbox 615 2096 728 2137; baseline 0.018 -14"><span class='ocrx_word' id='word_1_148' title='bbox 615 2096 728 2137; x_wconf 80' lang='lat'><strong>271.</strong></span> 
     </span>
    </p>
   </div>
   <div class='ocr_carea' id='block_1_11' title="bbox 47 2154 1337 2242">
    <p class='ocr_par' dir='ltr' id='par_1_11' title="bbox 47 2154 1337 2242">
     <span class='ocr_line' id='line_1_24' title="bbox 47 2154 1337 2242; baseline -0.002 -15"><span class='ocrx_word' id='word_1_149' title='bbox 47 2192 51 2200; x_wconf 76' lang='lat'><strong>¹</strong></span> <span class='ocrx_word' id='word_1_150' title='bbox 96 2179 253 2227; x_wconf 85' lang='lat' dir='ltr'><strong>Schol.</strong></span> <span class='ocrx_word' id='word_1_151' title='bbox 270 2181 570 2240; x_wconf 85' lang='lat' dir='ltr'><strong>Aristophan.</strong></span> <span class='ocrx_word' id='word_1_152' title='bbox 595 2182 682 2224; x_wconf 86' lang='lat' dir='ltr'><strong>Av.</strong></span> <span class='ocrx_word' id='word_1_153' title='bbox 706 2180 828 2238; x_wconf 77' lang='lat'><strong>1379</strong></span> <span class='ocrx_word' id='word_1_154' title='bbox 853 2196 863 2222; x_wconf 91' lang='lat'>:</span> <span class='ocrx_word' id='word_1_155' title='bbox 892 2176 944 2225; x_wconf 85' lang='grc' dir='ltr'><strong>Ὁ</strong></span> <span class='ocrx_word' id='word_1_156' title='bbox 967 2176 1011 2224; x_wconf 83' lang='grc' dir='ltr'><strong>δὲ</strong></span> <span class='ocrx_word' id='word_1_157' title='bbox 1030 2154 1337 2242; x_wconf 81' lang='grc' dir='ltr'><strong>ἈριστοτέληςΙ</strong></span> 
     </span>
    </p>
   </div>
   <div class='ocr_carea' id='block_1_12' title="bbox 34 2247 1320 2406">
    <p class='ocr_par' dir='ltr' id='par_1_12' title="bbox 34 2247 1320 2406">
     <span class='ocr_line' id='line_1_25' title="bbox 34 2247 1320 2314; baseline -0.003 -14"><span class='ocrx_word' id='word_1_158' title='bbox 34 2247 78 2300; x_wconf 59' lang='grc' dir='ltr'>ὃ</span> <span class='ocrx_word' id='word_1_159' title='bbox 100 2252 192 2306; x_wconf 73' lang='grc' dir='ltr'>’ταῖς</span> <span class='ocrx_word' id='word_1_160' title='bbox 215 2250 525 2304; x_wconf 82' lang='grc' dir='ltr'>Διδασκαλίαις</span> <span class='ocrx_word' id='word_1_161' title='bbox 551 2249 624 2297; x_wconf 87' lang='grc' dir='ltr'>δύο</span> <span class='ocrx_word' id='word_1_162' title='bbox 640 2250 744 2314; x_wconf 80' lang='grc' dir='ltr'>φησὶ</span> <span class='ocrx_word' id='word_1_163' title='bbox 768 2249 987 2312; x_wconf 83' lang='grc' dir='ltr'>γεγονέναι</span> <span class='ocrx_word' id='word_1_164' title='bbox 1023 2268 1087 2296; x_wconf 90' lang='lat' dir='ltr'><strong>sc.</strong></span> <span class='ocrx_word' id='word_1_165' title='bbox 1107 2253 1320 2297; x_wconf 89' lang='lat' dir='ltr'><strong>Cinesias.</strong></span> 
     </span>
     <span class='ocr_line' id='line_1_26' title="bbox 614 2364 728 2406; baseline 0.009 -13"><span class='ocrx_word' id='word_1_166' title='bbox 614 2364 728 2406; x_wconf 77' lang='lat'><strong>272.</strong></span> 
     </span>
    </p>
   </div>
   <div class='ocr_carea' id='block_1_13' title="bbox 11 2440 1333 3151">
    <p class='ocr_par' dir='ltr' id='par_1_13' title="bbox 11 2440 1333 3151">
     <span class='ocr_line' id='line_1_27' title="bbox 47 2440 1324 2506; baseline 0 -18"><span class='ocrx_word' id='word_1_167' title='bbox 47 2481 59 2506; x_wconf 66' lang='lat'><strong>,-·</strong></span> <span class='ocrx_word' id='word_1_168' title='bbox 97 2443 256 2489; x_wconf 86' lang='lat' dir='ltr'><strong>Schol.</strong></span> <span class='ocrx_word' id='word_1_169' title='bbox 301 2443 601 2501; x_wconf 85' lang='lat' dir='ltr'><strong>Aristophan.</strong></span> <span class='ocrx_word' id='word_1_170' title='bbox 636 2443 754 2489; x_wconf 84' lang='lat' dir='ltr'><strong>Ran.</strong></span> <span class='ocrx_word' id='word_1_171' title='bbox 782 2446 874 2494; x_wconf 89' lang='grc'><strong>404</strong></span> <span class='ocrx_word' id='word_1_172' title='bbox 913 2458 923 2485; x_wconf 77' lang='lat' dir='ltr'><strong>t</strong></span> <span class='ocrx_word' id='word_1_173' title='bbox 959 2440 1066 2488; x_wconf 84' lang='grc' dir='ltr'><strong>Ἐπὶ</strong></span> <span class='ocrx_word' id='word_1_174' title='bbox 1105 2444 1206 2502; x_wconf 78' lang='grc' dir='ltr'>γοῦν</span> <span class='ocrx_word' id='word_1_175' title='bbox 1250 2445 1324 2488; x_wconf 75' lang='grc' dir='ltr'><strong>τοῦ</strong></span> 
     </span>
     <span class='ocr_line' id='line_1_28' title="bbox 38 2509 1323 2573; baseline -0.002 -11"><span class='ocrx_word' id='word_1_176' title='bbox 38 2509 227 2573; x_wconf 58' lang='grc' dir='ltr'>Καλλίου</span> <span class='ocrx_word' id='word_1_177' title='bbox 261 2512 409 2560; x_wconf 82' lang='grc' dir='ltr'>τούτου</span> <span class='ocrx_word' id='word_1_178' title='bbox 451 2515 554 2570; x_wconf 88' lang='lat' dir='ltr'><strong>(Ol.</strong></span> <span class='ocrx_word' id='word_1_179' title='bbox 598 2513 653 2557; x_wconf 85' lang='lat'><strong>81</strong></span> <span class='ocrx_word' id='word_1_180' title='bbox 674 2530 764 2572; x_wconf 84' lang='lat'><strong>,1,</strong></span> <span class='ocrx_word' id='word_1_181' title='bbox 792 2529 886 2572; x_wconf 89' lang='lat' dir='ltr'><strong>quo</strong></span> <span class='ocrx_word' id='word_1_182' title='bbox 911 2529 1035 2558; x_wconf 90' lang='lat' dir='ltr'><strong>anno</strong></span> <span class='ocrx_word' id='word_1_183' title='bbox 1070 2517 1189 2561; x_wconf 85' lang='lat' dir='ltr'><strong>Ran.</strong></span> <span class='ocrx_word' id='word_1_184' title='bbox 1230 2515 1323 2560; x_wconf 87' lang='lat' dir='ltr'><strong>fab.</strong></span> 
     </span>
     <span class='ocr_line' id='line_1_29' title="bbox 36 2581 1326 2650; baseline -0.002 -16"><span class='ocrx_word' id='word_1_185' title='bbox 36 2584 200 2645; x_wconf 69' lang='lat' dir='ltr'><strong>docta)</strong></span> <span class='ocrx_word' id='word_1_186' title='bbox 225 2604 351 2650; x_wconf 84' lang='grc' dir='ltr'>φησιν</span> <span class='ocrx_word' id='word_1_187' title='bbox 385 2583 680 2646; x_wconf 78' lang='grc' dir='ltr'>Ἀριστοτέλης</span> <span class='ocrx_word' id='word_1_188' title='bbox 717 2581 782 2629; x_wconf 75' lang='grc' dir='ltr'><strong>ὅτι</strong></span> <span class='ocrx_word' id='word_1_189' title='bbox 806 2582 959 2629; x_wconf 74' lang='grc' dir='ltr'>σύνδυο</span> <span class='ocrx_word' id='word_1_190' title='bbox 985 2582 1098 2637; x_wconf 76' lang='grc' dir='ltr'>ἔδοξε</span> <span class='ocrx_word' id='word_1_191' title='bbox 1126 2589 1326 2648; x_wconf 78' lang='grc' dir='ltr'>χορηγεῖν</span> 
     </span>
     <span class='ocr_line' id='line_1_30' title="bbox 35 2656 1329 2721; baseline -0.002 -14"><span class='ocrx_word' id='word_1_192' title='bbox 35 2658 89 2708; x_wconf 69' lang='grc' dir='ltr'>τὰ</span> <span class='ocrx_word' id='word_1_193' title='bbox 107 2657 309 2707; x_wconf 76' lang='grc' dir='ltr'>Διονύσιοι</span> <span class='ocrx_word' id='word_1_194' title='bbox 329 2663 415 2710; x_wconf 84' lang='grc' dir='ltr'>τοῖς</span> <span class='ocrx_word' id='word_1_195' title='bbox 431 2657 662 2721; x_wconf 78' lang='grc' dir='ltr'>τραγωδοῖς</span> <span class='ocrx_word' id='word_1_196' title='bbox 681 2675 755 2702; x_wconf 85' lang='grc' dir='ltr'><strong>και</strong></span> <span class='ocrx_word' id='word_1_197' title='bbox 776 2657 1015 2719; x_wconf 83' lang='grc' dir='ltr'>κωμῳδοῖς·</span> <span class='ocrx_word' id='word_1_198' title='bbox 1038 2656 1148 2703; x_wconf 84' lang='grc' dir='ltr'>ὥστε</span> <span class='ocrx_word' id='word_1_199' title='bbox 1164 2659 1266 2712; x_wconf 81' lang='grc' dir='ltr'>ἴσως</span> <span class='ocrx_word' id='word_1_200' title='bbox 1278 2663 1329 2716; x_wconf 84' lang='grc' dir='ltr'>ἠν</span> 
     </span>
     <span class='ocr_line' id='line_1_31' title="bbox 37 2727 1142 2795; baseline 0 -19"><span class='ocrx_word' id='word_1_201' title='bbox 37 2747 100 2784; x_wconf 71' lang='grc' dir='ltr'>τις</span> <span class='ocrx_word' id='word_1_202' title='bbox 141 2731 213 2777; x_wconf 75' lang='grc' dir='ltr'><strong>καὶ</strong></span> <span class='ocrx_word' id='word_1_203' title='bbox 249 2749 347 2795; x_wconf 89' lang='grc' dir='ltr'>περι</span> <span class='ocrx_word' id='word_1_204' title='bbox 381 2729 453 2775; x_wconf 84' lang='grc' dir='ltr'><strong>τὸν</strong></span> <span class='ocrx_word' id='word_1_205' title='bbox 499 2727 717 2787; x_wconf 83' lang='grc' dir='ltr'>Ληναϊκὸν</span> <span class='ocrx_word' id='word_1_206' title='bbox 752 2731 897 2791; x_wconf 80' lang='grc' dir='ltr'>ἀγῶνα</span> <span class='ocrx_word' id='word_1_207' title='bbox 933 2729 1142 2786; x_wconf 84' lang='grc' dir='ltr'>συστολὴ,</span> 
     </span>
     <span class='ocr_line' id='line_1_32' title="bbox 39 2799 1330 2867; baseline -0.002 -16"><span class='ocrx_word' id='word_1_208' title='bbox 39 2801 117 2851; x_wconf 70' lang='grc' dir='ltr'><strong>δ”’</strong></span> <span class='ocrx_word' id='word_1_209' title='bbox 95 2821 268 2867; x_wconf 87' lang='grc' dir='ltr'>υστερον</span> <span class='ocrx_word' id='word_1_210' title='bbox 285 2804 333 2848; x_wconf 80' lang='grc' dir='ltr'>οὗ</span> <span class='ocrx_word' id='word_1_211' title='bbox 353 2802 496 2865; x_wconf 86' lang='grc' dir='ltr'>πολλῳ</span> <span class='ocrx_word' id='word_1_212' title='bbox 512 2819 594 2846; x_wconf 86' lang='grc' dir='ltr'>τινι</span> <span class='ocrx_word' id='word_1_213' title='bbox 611 2799 681 2846; x_wconf 73' lang='lat' dir='ltr'><strong>&gt;toti</strong></span> <span class='ocrx_word' id='word_1_214' title='bbox 702 2799 902 2855; x_wconf 70' lang='grc' dir='ltr'><strong>καθάπαξ</strong></span> <span class='ocrx_word' id='word_1_215' title='bbox 919 2804 1104 2866; x_wconf 80' lang='grc' dir='ltr'>περιεῖλε</span> <span class='ocrx_word' id='word_1_216' title='bbox 1121 2804 1330 2861; x_wconf 83' lang='grc' dir='ltr'><strong>Κινησίας</strong></span> 
     </span>
     <span class='ocr_line' id='line_1_33' title="bbox 11 2872 1332 2940; baseline 0.001 -20"><span class='ocrx_word' id='word_1_217' title='bbox 11 2872 380 2939; x_wconf 58' lang='grc' dir='ltr'><strong>ι·ῑ’ἁς),ορηγίοις·</strong></span> <span class='ocrx_word' id='word_1_218' title='bbox 425 2873 467 2927; x_wconf 81' lang='grc' dir='ltr'><strong>ἐξ</strong></span> <span class='ocrx_word' id='word_1_219' title='bbox 506 2876 553 2919; x_wconf 92' lang='grc' dir='ltr'>ου</span> <span class='ocrx_word' id='word_1_220' title='bbox 591 2891 663 2918; x_wconf 88' lang='grc' dir='ltr'><strong>και</strong></span> <span class='ocrx_word' id='word_1_221' title='bbox 697 2872 952 2936; x_wconf 81' lang='grc' dir='ltr'>Στραττις’</span> <span class='ocrx_word' id='word_1_222' title='bbox 934 2892 976 2919; x_wconf 85' lang='grc' dir='ltr'>εν</span> <span class='ocrx_word' id='word_1_223' title='bbox 1014 2893 1076 2940; x_wconf 85' lang='grc' dir='ltr'>τῳ</span> <span class='ocrx_word' id='word_1_224' title='bbox 1113 2878 1170 2928; x_wconf 86' lang='grc' dir='ltr'><strong>εἰς</strong></span> <span class='ocrx_word' id='word_1_225' title='bbox 1206 2877 1332 2923; x_wconf 76' lang='grc' dir='ltr'>αὐτὸν</span> 
     </span>
     <span class='ocr_line' id='line_1_34' title="bbox 42 2943 1225 3013; baseline 0.001 -20"><span class='ocrx_word' id='word_1_226' title='bbox 42 2945 228 3013; x_wconf 78' lang='grc' dir='ltr'>δράματι</span> <span class='ocrx_word' id='word_1_227' title='bbox 250 2949 330 3011; x_wconf 68' lang='grc' dir='ltr'><strong>ἐερῆ</strong></span> <span class='ocrx_word' id='word_1_228' title='bbox 353 2949 489 3003; x_wconf 77' lang='grc' dir='ltr'>σκηνῆ</span> <span class='ocrx_word' id='word_1_229' title='bbox 515 2943 567 3006; x_wconf 86' lang='grc' dir='ltr'><strong>μὲ</strong></span> <span class='ocrx_word' id='word_1_230' title='bbox 571 2964 592 2991; x_wconf 89' lang='grc' dir='ltr'>ν</span> <span class='ocrx_word' id='word_1_231' title='bbox 614 2949 688 2991; x_wconf 82' lang='grc' dir='ltr'><strong>τοῦ</strong></span> <span class='ocrx_word' id='word_1_232' title='bbox 714 2963 792 3009; x_wconf 74' lang='grc' dir='ltr'>γορ</span> <span class='ocrx_word' id='word_1_233' title='bbox 773 2945 972 3008; x_wconf 85' lang='grc' dir='ltr'>οκτόνου</span> <span class='ocrx_word' id='word_1_234' title='bbox 999 2946 1225 3003; x_wconf 85' lang='grc' dir='ltr'>Κινησίου.</span> 
     </span>
     <span class='ocr_line' id='line_1_35' title="bbox 41 3015 1331 3086; baseline 0.001 -20"><span class='ocrx_word' id='word_1_235' title='bbox 41 3043 46 3046; x_wconf 57' lang='grc'>’</span> <span class='ocrx_word' id='word_1_236' title='bbox 109 3021 190 3085; x_wconf 73' lang='grc' dir='ltr'><strong>ἐφῆ</strong></span> <span class='ocrx_word' id='word_1_237' title='bbox 217 3015 388 3086; x_wconf 76' lang='grc' dir='ltr'>σκηνῆ]</span> <span class='ocrx_word' id='word_1_238' title='bbox 413 3020 688 3079; x_wconf 87' lang='lat' dir='ltr'><strong>Requiritur</strong></span> <span class='ocrx_word' id='word_1_239' title='bbox 712 3018 929 3079; x_wconf 85' lang='grc' dir='ltr'>μέμνηται</span> <span class='ocrx_word' id='word_1_240' title='bbox 967 3022 1039 3065; x_wconf 92' lang='lat' dir='ltr'><strong>vel</strong></span> <span class='ocrx_word' id='word_1_241' title='bbox 1072 3022 1161 3065; x_wconf 87' lang='lat' dir='ltr'><strong>tale</strong></span> <span class='ocrx_word' id='word_1_242' title='bbox 1199 3022 1331 3080; x_wconf 89' lang='lat' dir='ltr'><strong>quid.</strong></span> 
     </span>
     <span class='ocr_line' id='line_1_36' title="bbox 43 3091 1333 3151; baseline 0.001 -15"><span class='ocrx_word' id='word_1_243' title='bbox 43 3091 205 3147; x_wconf 69' lang='lat' dir='ltr'><strong>Dindf.</strong></span> <span class='ocrx_word' id='word_1_244' title='bbox 219 3094 287 3136; x_wconf 89' lang='lat' dir='ltr'><strong>De</strong></span> <span class='ocrx_word' id='word_1_245' title='bbox 299 3092 479 3151; x_wconf 85' lang='lat' dir='ltr'><strong>reliqua</strong></span> <span class='ocrx_word' id='word_1_246' title='bbox 494 3093 562 3136; x_wconf 92' lang='lat' dir='ltr'><strong>lec</strong></span> <span class='ocrx_word' id='word_1_247' title='bbox 569 3093 705 3136; x_wconf 89' lang='lat' dir='ltr'><strong>tionis</strong></span> <span class='ocrx_word' id='word_1_248' title='bbox 718 3094 939 3136; x_wconf 82' lang='lat' dir='ltr'><strong>varietate</strong></span> <span class='ocrx_word' id='word_1_249' title='bbox 950 3093 1026 3137; x_wconf 91' lang='lat' dir='ltr'><strong>adi</strong></span> <span class='ocrx_word' id='word_1_250' title='bbox 1039 3094 1333 3137; x_wconf 84' lang='lat' dir='ltr'><strong>Diibnerum.</strong></span> 
     </span>
    </p>
   </div>
   <div class='ocr_carea' id='block_1_14' title="bbox 45 3164 1337 3295">
    <p class='ocr_par' dir='ltr' id='par_1_14' title="bbox 45 3164 1337 3295">
     <span class='ocr_line' id='line_1_37' title="bbox 45 3164 1336 3225; baseline 0 -15"><span class='ocrx_word' id='word_1_251' title='bbox 45 3164 312 3210; x_wconf 77' lang='lat' dir='ltr'><strong>Didascaliis</strong></span> <span class='ocrx_word' id='word_1_252' title='bbox 337 3164 502 3225; x_wconf 82' lang='lat' dir='ltr'><strong>fragm.</strong></span> <span class='ocrx_word' id='word_1_253' title='bbox 529 3164 626 3222; x_wconf 88' lang='lat' dir='ltr'><strong>jam</strong></span> <span class='ocrx_word' id='word_1_254' title='bbox 664 3166 961 3210; x_wconf 89' lang='lat' dir='ltr'><strong>Casaubonus</strong></span> <span class='ocrx_word' id='word_1_255' title='bbox 978 3166 1235 3210; x_wconf 82' lang='lat' dir='ltr'>vindicavit</span> <span class='ocrx_word' id='word_1_256' title='bbox 1278 3166 1336 3210; x_wconf 88' lang='lat' dir='ltr'><strong>ad</strong></span> 
     </span>
     <span class='ocr_line' id='line_1_38' title="bbox 45 3235 1337 3295; baseline 0 -14"><span class='ocrx_word' id='word_1_257' title='bbox 45 3236 216 3281; x_wconf 81' lang='lat' dir='ltr'><strong>Athen.</strong></span> <span class='ocrx_word' id='word_1_258' title='bbox 240 3237 319 3290; x_wconf 86' lang='lat' dir='ltr'><strong>VI,</strong></span> <span class='ocrx_word' id='word_1_259' title='bbox 353 3252 403 3295; x_wconf 90' lang='lat' dir='ltr'><strong>p.</strong></span> <span class='ocrx_word' id='word_1_260' title='bbox 444 3235 567 3291; x_wconf 84' lang='lat'><strong>235,</strong></span> <span class='ocrx_word' id='word_1_261' title='bbox 594 3239 650 3283; x_wconf 86' lang='lat' dir='ltr'><strong>E.</strong></span> <span class='ocrx_word' id='word_1_262' title='bbox 684 3235 757 3284; x_wconf 88' lang='lat' dir='ltr'><strong>Cf.</strong></span> <span class='ocrx_word' id='word_1_263' title='bbox 784 3239 928 3283; x_wconf 90' lang='lat' dir='ltr'><strong>schol.</strong></span> <span class='ocrx_word' id='word_1_264' title='bbox 964 3238 1023 3282; x_wconf 88' lang='lat' dir='ltr'><strong>ad</strong></span> <span class='ocrx_word' id='word_1_265' title='bbox 1046 3254 1164 3282; x_wconf 63' lang='grc'><strong>11015.</strong></span> <span class='ocrx_word' id='word_1_266' title='bbox 1210 3237 1337 3281; x_wconf 83' lang='lat'><strong>151:</strong></span> 
     </span>
    </p>
   </div>
   <div class='ocr_carea' id='block_1_15' title="bbox 1189 2730 1390 2795">
    <p class='ocr_par' dir='ltr' id='par_1_15' title="bbox 1189 2730 1390 2795">
     <span class='ocr_line' id='line_1_39' title="bbox 1189 2730 1390 2795; baseline 0 -18"><span class='ocrx_word' id='word_1_267' title='bbox 1189 2730 1330 2795; x_wconf 76' lang='grc' dir='ltr'>χρόνῳ</span> <span class='ocrx_word' id='word_1_268' title='bbox 1377 2739 1390 2747; x_wconf 77' lang='grc'>”</span> 
     </span>
    </p>
   </div>
   <div class='ocr_carea' id='block_1_16' title="bbox 2590 300 2674 339">
    <p class='ocr_par' dir='ltr' id='par_1_16' title="bbox 2590 300 2674 339">
     <span class='ocr_line' id='line_1_40' title="bbox 2590 300 2674 339; baseline 0 -1"><span class='ocrx_word' id='word_1_269' title='bbox 2590 300 2674 339; x_wconf 82' lang='grc'><strong>185</strong></span> 
     </span>
    </p>
   </div>
   <div class='ocr_carea' id='block_1_17' title="bbox 1390 395 2683 820">
    <p class='ocr_par' dir='ltr' id='par_1_17' title="bbox 1390 395 2683 820">
     <span class='ocr_line' id='line_1_41' title="bbox 1455 395 2675 452; baseline -0.001 -13"><span class='ocrx_word' id='word_1_270' title='bbox 1455 395 1529 439; x_wconf 83' lang='lat' dir='ltr'><strong>Ad</strong></span> <span class='ocrx_word' id='word_1_271' title='bbox 1548 395 1803 439; x_wconf 90' lang='lat' dir='ltr'><strong>Aristotelis</strong></span> <span class='ocrx_word' id='word_1_272' title='bbox 1822 395 2099 438; x_wconf 85' lang='lat' dir='ltr'><strong>Didascalias</strong></span> <span class='ocrx_word' id='word_1_273' title='bbox 2120 398 2368 452; x_wconf 73' lang='lat' dir='ltr'><strong>respexerit</strong></span> <span class='ocrx_word' id='word_1_274' title='bbox 2382 397 2516 439; x_wconf 81' lang='lat' dir='ltr'><strong>etiam</strong></span> <span class='ocrx_word' id='word_1_275' title='bbox 2530 396 2675 440; x_wconf 77' lang='lat' dir='ltr'><strong>schol.</strong></span> 
     </span>
     <span class='ocr_line' id='line_1_42' title="bbox 1390 462 2680 526; baseline 0.001 -15"><span class='ocrx_word' id='word_1_276' title='bbox 1390 467 1528 513; x_wconf 81' lang='lat' dir='ltr'><strong>Arist.</strong></span> <span class='ocrx_word' id='word_1_277' title='bbox 1558 465 1682 510; x_wconf 87' lang='lat' dir='ltr'><strong>Plut.</strong></span> <span class='ocrx_word' id='word_1_278' title='bbox 1709 463 1799 508; x_wconf 79' lang='grc'><strong>385</strong></span> <span class='ocrx_word' id='word_1_279' title='bbox 1825 466 1938 510; x_wconf 79' lang='grc' dir='ltr'>;τῶν</span> <span class='ocrx_word' id='word_1_280' title='bbox 1954 462 2207 526; x_wconf 62' lang='grc' dir='ltr'>Παμφίλου]</span> <span class='ocrx_word' id='word_1_281' title='bbox 2226 462 2295 510; x_wconf 81' lang='grc' dir='ltr'><strong>Τὰ</strong></span> <span class='ocrx_word' id='word_1_282' title='bbox 2309 465 2351 509; x_wconf 76' lang='grc' dir='ltr'><strong>δὲ</strong></span> <span class='ocrx_word' id='word_1_283' title='bbox 2365 464 2460 510; x_wconf 84' lang='grc' dir='ltr'>λιάν</span> <span class='ocrx_word' id='word_1_284' title='bbox 2486 468 2680 521; x_wconf 80' lang='grc' dir='ltr'>ἐπιτετη-</span> 
     </span>
     <span class='ocr_line' id='line_1_43' title="bbox 1393 533 2681 601; baseline -0.001 -17"><span class='ocrx_word' id='word_1_285' title='bbox 1393 537 1574 600; x_wconf 85' lang='grc' dir='ltr'>δευμένα</span> <span class='ocrx_word' id='word_1_286' title='bbox 1616 533 1942 596; x_wconf 82' lang='grc' dir='ltr'>Ὑπομνήματα</span> <span class='ocrx_word' id='word_1_287' title='bbox 1998 533 2211 589; x_wconf 83' lang='grc' dir='ltr'>διστοίζει,</span> <span class='ocrx_word' id='word_1_288' title='bbox 2253 534 2431 599; x_wconf 86' lang='grc' dir='ltr'>πότερον</span> <span class='ocrx_word' id='word_1_289' title='bbox 2480 539 2681 601; x_wconf 72' lang='grc' dir='ltr'>τραγικὸς</span> 
     </span>
     <span class='ocr_line' id='line_1_44' title="bbox 1392 604 2681 672; baseline 0.002 -18"><span class='ocrx_word' id='word_1_290' title='bbox 1392 606 1623 668; x_wconf 78' lang='grc' dir='ltr'>ποιητὴςῆ</span> <span class='ocrx_word' id='word_1_291' title='bbox 1656 607 1901 670; x_wconf 79' lang='grc' dir='ltr'>ζωγράφος,</span> <span class='ocrx_word' id='word_1_292' title='bbox 1928 604 1973 651; x_wconf 90' lang='grc' dir='ltr'>ὃν</span> <span class='ocrx_word' id='word_1_293' title='bbox 2006 604 2336 665; x_wconf 82' lang='grc' dir='ltr'><strong>καθηγήσασθαί</strong></span> <span class='ocrx_word' id='word_1_294' title='bbox 2371 627 2497 672; x_wconf 72' lang='grc' dir='ltr'>φασιν</span> <span class='ocrx_word' id='word_1_295' title='bbox 2527 609 2681 656; x_wconf 77' lang='grc' dir='ltr'>Ἀπελ-</span> 
     </span>
     <span class='ocr_line' id='line_1_45' title="bbox 1393 677 2683 743; baseline -0.001 -15"><span class='ocrx_word' id='word_1_296' title='bbox 1393 683 1492 728; x_wconf 76' lang='grc' dir='ltr'>λοῦ·</span> <span class='ocrx_word' id='word_1_297' title='bbox 1534 684 1576 729; x_wconf 81' lang='grc' dir='ltr'>ἐν</span> <span class='ocrx_word' id='word_1_298' title='bbox 1621 680 1764 743; x_wconf 89' lang='grc' dir='ltr'>μέντοι</span> <span class='ocrx_word' id='word_1_299' title='bbox 1803 685 1898 730; x_wconf 81' lang='grc' dir='ltr'>ταῖς</span> <span class='ocrx_word' id='word_1_300' title='bbox 1939 677 2250 730; x_wconf 83' lang='grc' dir='ltr'>Διδασκαλίαις</span> <span class='ocrx_word' id='word_1_301' title='bbox 2284 678 2367 741; x_wconf 79' lang='grc' dir='ltr'><strong>πρὸ</strong></span> <span class='ocrx_word' id='word_1_302' title='bbox 2398 681 2557 726; x_wconf 83' lang='grc' dir='ltr'>τούτων</span> <span class='ocrx_word' id='word_1_303' title='bbox 2601 686 2683 727; x_wconf 84' lang='grc' dir='ltr'><strong>τῶν</strong></span> 
     </span>
     <span class='ocr_line' id='line_1_46' title="bbox 1394 748 2395 820; baseline -0.002 -19"><span class='ocrx_word' id='word_1_304' title='bbox 1394 752 1559 820; x_wconf 84' lang='grc' dir='ltr'>χρόνων</span> <span class='ocrx_word' id='word_1_305' title='bbox 1582 753 1810 815; x_wconf 77' lang='grc' dir='ltr'>Πάμφιλος</span> <span class='ocrx_word' id='word_1_306' title='bbox 1829 749 1963 803; x_wconf 77' lang='grc' dir='ltr'>οὐδεὶς</span> <span class='ocrx_word' id='word_1_307' title='bbox 1982 748 2158 815; x_wconf 70' lang='grc' dir='ltr'>φέρεται</span> <span class='ocrx_word' id='word_1_308' title='bbox 2181 750 2395 814; x_wconf 83' lang='grc' dir='ltr'>τραγικός.</span> 
     </span>
    </p>
   </div>
   <div class='ocr_carea' id='block_1_18' title="bbox 1800 894 2286 943">
    <p class='ocr_par' dir='ltr' id='par_1_18' title="bbox 1800 894 2286 943">
     <span class='ocr_line' id='line_1_47' title="bbox 1800 894 2286 943; baseline -0.008 0"><span class='ocrx_word' id='word_1_309' title='bbox 1800 896 1949 943; x_wconf 82' lang='grc' dir='ltr'>ΠΕΡΙ</span> <span class='ocrx_word' id='word_1_310' title='bbox 1987 894 2286 943; x_wconf 60' lang='lat' dir='ltr'><strong>nonium.</strong></span> 
     </span>
    </p>
   </div>
   <div class='ocr_carea' id='block_1_19' title="bbox 1399 1004 2697 1356">
    <p class='ocr_par' dir='ltr' id='par_1_19' title="bbox 1399 1004 2697 1356">
     <span class='ocr_line' id='line_1_48' title="bbox 1467 1004 2691 1068; baseline -0.001 -16"><span class='ocrx_word' id='word_1_311' title='bbox 1467 1004 1576 1068; x_wconf 82' lang='grc' dir='ltr'>Περὶ</span> <span class='ocrx_word' id='word_1_312' title='bbox 1599 1007 1788 1062; x_wconf 85' lang='grc' dir='ltr'>ποιητῶν</span> <span class='ocrx_word' id='word_1_313' title='bbox 1822 1006 1967 1049; x_wconf 89' lang='lat' dir='ltr'><strong>libros</strong></span> <span class='ocrx_word' id='word_1_314' title='bbox 1990 1014 2080 1049; x_wconf 91' lang='lat' dir='ltr'><strong>tres</strong></span> <span class='ocrx_word' id='word_1_315' title='bbox 2105 1005 2225 1048; x_wconf 87' lang='lat' dir='ltr'><strong>inter</strong></span> <span class='ocrx_word' id='word_1_316' title='bbox 2251 1006 2505 1050; x_wconf 85' lang='lat' dir='ltr'><strong>Aristotelis</strong></span> <span class='ocrx_word' id='word_1_317' title='bbox 2525 1009 2691 1066; x_wconf 86' lang='lat' dir='ltr'><strong>scripta</strong></span> 
     </span>
     <span class='ocr_line' id='line_1_49' title="bbox 1399 1076 2692 1138; baseline 0 -16"><span class='ocrx_word' id='word_1_318' title='bbox 1399 1086 1567 1138; x_wconf 88' lang='lat' dir='ltr'><strong>praeter</strong></span> <span class='ocrx_word' id='word_1_319' title='bbox 1587 1081 1847 1138; x_wconf 82' lang='lat' dir='ltr'><strong>Diogenem</strong></span> <span class='ocrx_word' id='word_1_320' title='bbox 1871 1078 2108 1122; x_wconf 88' lang='lat' dir='ltr'><strong>Laertium</strong></span> <span class='ocrx_word' id='word_1_321' title='bbox 2132 1078 2204 1137; x_wconf 73' lang='lat' dir='ltr'><strong>(V,</strong></span> <span class='ocrx_word' id='word_1_322' title='bbox 2235 1076 2322 1137; x_wconf 81' lang='lat'><strong>26)</strong></span> <span class='ocrx_word' id='word_1_323' title='bbox 2349 1088 2555 1122; x_wconf 83' lang='lat' dir='ltr'><strong>recenset</strong></span> <span class='ocrx_word' id='word_1_324' title='bbox 2568 1082 2692 1122; x_wconf 83' lang='lat' dir='ltr'><strong>Ano-</strong></span> 
     </span>
     <span class='ocr_line' id='line_1_50' title="bbox 1401 1151 2685 1210; baseline 0 -16"><span class='ocrx_word' id='word_1_325' title='bbox 1401 1167 1566 1210; x_wconf 80' lang='lat' dir='ltr'><strong>nymus</strong></span> <span class='ocrx_word' id='word_1_326' title='bbox 1589 1153 1638 1195; x_wconf 90' lang='lat' dir='ltr'><strong>in</strong></span> <span class='ocrx_word' id='word_1_327' title='bbox 1662 1153 1751 1197; x_wconf 91' lang='lat' dir='ltr'><strong>Vit.</strong></span> <span class='ocrx_word' id='word_1_328' title='bbox 1776 1151 1917 1197; x_wconf 88' lang='lat' dir='ltr'><strong>Arist.</strong></span> <span class='ocrx_word' id='word_1_329' title='bbox 1951 1166 2027 1209; x_wconf 89' lang='lat' dir='ltr'><strong>ap.</strong></span> <span class='ocrx_word' id='word_1_330' title='bbox 2054 1151 2319 1209; x_wconf 83' lang='lat' dir='ltr'><strong>Menagium</strong></span> <span class='ocrx_word' id='word_1_331' title='bbox 2338 1152 2477 1210; x_wconf 85' lang='lat' dir='ltr'><strong>Diog.</strong></span> <span class='ocrx_word' id='word_1_332' title='bbox 2505 1167 2554 1210; x_wconf 90' lang='lat' dir='ltr'><strong>p.</strong></span> <span class='ocrx_word' id='word_1_333' title='bbox 2577 1168 2685 1195; x_wconf 74' lang='lat'><strong>202.</strong></span> 
     </span>
     <span class='ocr_line' id='line_1_51' title="bbox 1400 1220 2694 1286; baseline 0.002 -19"><span class='ocrx_word' id='word_1_334' title='bbox 1400 1224 1583 1268; x_wconf 85' lang='lat' dir='ltr'><strong>Ibidem</strong></span> <span class='ocrx_word' id='word_1_335' title='bbox 1598 1224 1791 1268; x_wconf 88' lang='lat' dir='ltr'><strong>affertur</strong></span> <span class='ocrx_word' id='word_1_336' title='bbox 1813 1240 1823 1267; x_wconf 71' lang='grc' dir='ltr'>ε</span> <span class='ocrx_word' id='word_1_337' title='bbox 1845 1220 2015 1273; x_wconf 81' lang='grc' dir='ltr'>Κύκλος</span> <span class='ocrx_word' id='word_1_338' title='bbox 2035 1220 2095 1284; x_wconf 79' lang='grc' dir='ltr'><strong>[ἢ</strong></span> <span class='ocrx_word' id='word_1_339' title='bbox 2112 1224 2304 1266; x_wconf 91' lang='lat' dir='ltr'><strong>inseruit</strong></span> <span class='ocrx_word' id='word_1_340' title='bbox 2319 1223 2575 1284; x_wconf 86' lang='lat' dir='ltr'><strong>Menagius]</strong></span> <span class='ocrx_word' id='word_1_341' title='bbox 2596 1226 2694 1286; x_wconf 80' lang='grc' dir='ltr'>περὶ</span> 
     </span>
     <span class='ocr_line' id='line_1_52' title="bbox 1399 1293 2697 1356; baseline 0.001 -17"><span class='ocrx_word' id='word_1_342' title='bbox 1399 1297 1588 1350; x_wconf 88' lang='grc' dir='ltr'>ποιητῶν</span> <span class='ocrx_word' id='word_1_343' title='bbox 1615 1293 1671 1356; x_wconf 86' lang='grc' dir='ltr'><strong>γ’.</strong></span> <span class='ocrx_word' id='word_1_344' title='bbox 1692 1296 1832 1353; x_wconf 89' lang='lat' dir='ltr'><strong>Quod</strong></span> <span class='ocrx_word' id='word_1_345' title='bbox 1862 1311 1979 1354; x_wconf 89' lang='lat' dir='ltr'><strong>opus</strong></span> <span class='ocrx_word' id='word_1_346' title='bbox 1999 1295 2056 1338; x_wconf 90' lang='lat' dir='ltr'><strong>ab</strong></span> <span class='ocrx_word' id='word_1_347' title='bbox 2085 1295 2233 1339; x_wconf 89' lang='lat' dir='ltr'><strong>altero</strong></span> <span class='ocrx_word' id='word_1_348' title='bbox 2254 1310 2352 1338; x_wconf 90' lang='lat' dir='ltr'><strong>non</strong></span> <span class='ocrx_word' id='word_1_349' title='bbox 2375 1295 2607 1339; x_wconf 79' lang='lat' dir='ltr'><strong>diversum</strong></span> <span class='ocrx_word' id='word_1_350' title='bbox 2631 1308 2697 1341; x_wconf 86' lang='lat' dir='ltr'><strong>est</strong></span> 
     </span>
    </p>
   </div>
   <div class='ocr_carea' id='block_1_20' title="bbox 1402 1361 2697 1492">
    <p class='ocr_par' dir='ltr' id='par_1_20' title="bbox 1402 1361 2697 1492">
     <span class='ocr_line' id='line_1_53' title="bbox 1403 1361 2697 1429; baseline 0.001 -17"><span class='ocrx_word' id='word_1_351' title='bbox 1403 1369 1474 1426; x_wconf 91' lang='lat' dir='ltr'><strong>(V.</strong></span> <span class='ocrx_word' id='word_1_352' title='bbox 1498 1361 1735 1414; x_wconf 53' lang='lat' dir='ltr'><strong>WVelcker.</strong></span> <span class='ocrx_word' id='word_1_353' title='bbox 1776 1369 1863 1427; x_wconf 79' lang='lat' dir='ltr'><strong>Ep.</strong></span> <span class='ocrx_word' id='word_1_354' title='bbox 1892 1368 2020 1422; x_wconf 67' lang='lat' dir='ltr'><strong>Cycl.</strong></span> <span class='ocrx_word' id='word_1_355' title='bbox 2055 1383 2105 1426; x_wconf 92' lang='lat' dir='ltr'><strong>p.</strong></span> <span class='ocrx_word' id='word_1_356' title='bbox 2145 1366 2257 1427; x_wconf 90' lang='grc'><strong>48).</strong></span> <span class='ocrx_word' id='word_1_357' title='bbox 2288 1369 2379 1411; x_wconf 91' lang='lat' dir='ltr'><strong>Pro</strong></span> <span class='ocrx_word' id='word_1_358' title='bbox 2409 1364 2651 1413; x_wconf 81' lang='grc' dir='ltr'>Κύκλονπε</span> <span class='ocrx_word' id='word_1_359' title='bbox 2633 1368 2697 1429; x_wconf 84' lang='grc' dir='ltr'><strong>ρὶ</strong></span> 
     </span>
     <span class='ocr_line' id='line_1_54' title="bbox 1402 1426 2692 1492; baseline 0.001 -15"><span class='ocrx_word' id='word_1_360' title='bbox 1402 1450 1589 1488; x_wconf 87' lang='grc' dir='ltr'>ποιητων</span> <span class='ocrx_word' id='word_1_361' title='bbox 1610 1437 1883 1491; x_wconf 85' lang='lat' dir='ltr'><strong>Anon&#39;ymus</strong></span> <span class='ocrx_word' id='word_1_362' title='bbox 1898 1433 2119 1477; x_wconf 86' lang='lat' dir='ltr'><strong>Nunnesii</strong></span> <span class='ocrx_word' id='word_1_363' title='bbox 2156 1432 2261 1492; x_wconf 89' lang='lat' dir='ltr'><strong>(ap.</strong></span> <span class='ocrx_word' id='word_1_364' title='bbox 2284 1426 2518 1480; x_wconf 86' lang='lat' dir='ltr'><strong>Buhlium.</strong></span> <span class='ocrx_word' id='word_1_365' title='bbox 2553 1436 2692 1478; x_wconf 87' lang='lat' dir='ltr'><strong>Arist.</strong></span> 
     </span>
    </p>
   </div>
   <div class='ocr_carea' id='block_1_21' title="bbox 1397 1502 2707 2871">
    <p class='ocr_par' dir='ltr' id='par_1_21' title="bbox 1397 1502 2707 2871">
     <span class='ocr_line' id='line_1_55' title="bbox 1403 1502 2695 1566; baseline 0 -16"><span class='ocrx_word' id='word_1_366' title='bbox 1403 1516 1518 1552; x_wconf 91' lang='lat' dir='ltr'><strong>tom.</strong></span> <span class='ocrx_word' id='word_1_367' title='bbox 1544 1508 1582 1560; x_wconf 96' lang='grc' dir='ltr'><strong>Ι,</strong></span> <span class='ocrx_word' id='word_1_368' title='bbox 1601 1522 1700 1565; x_wconf 90' lang='lat' dir='ltr'><strong>p.</strong></span> <span class='ocrx_word' id='word_1_369' title='bbox 1674 1502 2027 1566; x_wconf 63' lang='lat' dir='ltr'><strong>5l})Dialogum</strong></span> <span class='ocrx_word' id='word_1_370' title='bbox 2053 1506 2265 1564; x_wconf 79' lang='lat' dir='ltr'><strong>depoetis</strong></span> <span class='ocrx_word' id='word_1_371' title='bbox 2286 1507 2441 1564; x_wconf 90' lang='lat' dir='ltr'><strong>ponit.</strong></span> <span class='ocrx_word' id='word_1_372' title='bbox 2465 1506 2602 1563; x_wconf 87' lang='lat' dir='ltr'><strong>Cujus</strong></span> <span class='ocrx_word' id='word_1_373' title='bbox 2626 1517 2695 1550; x_wconf 88' lang='lat' dir='ltr'><strong>te—</strong></span> 
     </span>
     <span class='ocr_line' id='line_1_56' title="bbox 1398 1579 2696 1624; baseline 0 -1"><span class='ocrx_word' id='word_1_374' title='bbox 1398 1580 1605 1623; x_wconf 89' lang='lat' dir='ltr'><strong>stimonii</strong></span> <span class='ocrx_word' id='word_1_375' title='bbox 1629 1579 1880 1623; x_wconf 82' lang='lat' dir='ltr'>auctoritas</span> <span class='ocrx_word' id='word_1_376' title='bbox 1910 1583 2003 1622; x_wconf 84' lang='lat' dir='ltr'><strong>fere</strong></span> <span class='ocrx_word' id='word_1_377' title='bbox 2026 1579 2155 1621; x_wconf 88' lang='lat' dir='ltr'><strong>nulla</strong></span> <span class='ocrx_word' id='word_1_378' title='bbox 2182 1587 2262 1622; x_wconf 92' lang='lat' dir='ltr'><strong>est.</strong></span> <span class='ocrx_word' id='word_1_379' title='bbox 2283 1579 2497 1622; x_wconf 88' lang='lat' dir='ltr'><strong>Ceterum</strong></span> <span class='ocrx_word' id='word_1_380' title='bbox 2520 1581 2696 1624; x_wconf 90' lang='lat' dir='ltr'><strong>Aristo·</strong></span> 
     </span>
     <span class='ocr_line' id='line_1_57' title="bbox 1398 1647 2694 1714; baseline 0.001 -20"><span class='ocrx_word' id='word_1_381' title='bbox 1398 1652 1509 1695; x_wconf 87' lang='lat' dir='ltr'><strong>teles</strong></span> <span class='ocrx_word' id='word_1_382' title='bbox 1534 1647 1642 1714; x_wconf 80' lang='grc' dir='ltr'>Περὶ</span> <span class='ocrx_word' id='word_1_383' title='bbox 1655 1651 1846 1706; x_wconf 81' lang='grc' dir='ltr'>ποιητῶν</span> <span class='ocrx_word' id='word_1_384' title='bbox 1870 1666 2083 1710; x_wconf 79' lang='lat' dir='ltr'><strong>expresse</strong></span> <span class='ocrx_word' id='word_1_385' title='bbox 2099 1650 2332 1706; x_wconf 83' lang='lat' dir='ltr'><strong>laudatur,</strong></span> <span class='ocrx_word' id='word_1_386' title='bbox 2359 1652 2518 1709; x_wconf 90' lang='lat' dir='ltr'><strong>quoad</strong></span> <span class='ocrx_word' id='word_1_387' title='bbox 2538 1654 2694 1707; x_wconf 86' lang='lat' dir='ltr'><strong>sciam,</strong></span> 
     </span>
     <span class='ocr_line' id='line_1_58' title="bbox 1398 1722 2693 1783; baseline 0.001 -17"><span class='ocrx_word' id='word_1_388' title='bbox 1398 1724 1511 1767; x_wconf 90' lang='lat' dir='ltr'><strong>locis</strong></span> <span class='ocrx_word' id='word_1_389' title='bbox 1534 1732 1757 1782; x_wconf 90' lang='lat' dir='ltr'><strong>quattuor</strong></span> <span class='ocrx_word' id='word_1_390' title='bbox 1802 1722 1910 1783; x_wconf 86' lang='lat' dir='ltr'><strong>(ap.</strong></span> <span class='ocrx_word' id='word_1_391' title='bbox 1940 1723 2080 1781; x_wconf 83' lang='lat' dir='ltr'><strong>Diog.</strong></span> <span class='ocrx_word' id='word_1_392' title='bbox 2108 1724 2163 1765; x_wconf 93' lang='lat' dir='ltr'><strong>L.</strong></span> <span class='ocrx_word' id='word_1_393' title='bbox 2191 1723 2286 1778; x_wconf 87' lang='grc' dir='ltr'>ΙΙΙ,</span> <span class='ocrx_word' id='word_1_394' title='bbox 2317 1722 2400 1777; x_wconf 74' lang='grc'><strong>48,</strong></span> <span class='ocrx_word' id='word_1_395' title='bbox 2429 1725 2564 1779; x_wconf 90' lang='lat' dir='ltr'><strong>V111,</strong></span> <span class='ocrx_word' id='word_1_396' title='bbox 2605 1723 2662 1782; x_wconf 84' lang='lat'><strong>57</strong></span> <span class='ocrx_word' id='word_1_397' title='bbox 2682 1760 2693 1779; x_wconf 90' lang='lat'><strong>,</strong></span> 
     </span>
     <span class='ocr_line' id='line_1_59' title="bbox 1397 1793 2696 1855; baseline 0 -16"><span class='ocrx_word' id='word_1_398' title='bbox 1397 1796 1671 1840; x_wconf 83' lang='lat' dir='ltr'><strong>Athenaeum</strong></span> <span class='ocrx_word' id='word_1_399' title='bbox 1704 1797 1792 1850; x_wconf 84' lang='lat' dir='ltr'><strong>XI,</strong></span> <span class='ocrx_word' id='word_1_400' title='bbox 1815 1812 1865 1855; x_wconf 93' lang='lat' dir='ltr'><strong>p.</strong></span> <span class='ocrx_word' id='word_1_401' title='bbox 1900 1793 2013 1854; x_wconf 86' lang='lat'><strong>505,</strong></span> <span class='ocrx_word' id='word_1_402' title='bbox 2041 1795 2103 1850; x_wconf 79' lang='lat' dir='ltr'><strong>G,</strong></span> <span class='ocrx_word' id='word_1_403' title='bbox 2151 1795 2359 1839; x_wconf 86' lang='lat' dir='ltr'><strong>Macrob.</strong></span> <span class='ocrx_word' id='word_1_404' title='bbox 2406 1794 2593 1843; x_wconf 89' lang='lat' dir='ltr'><strong>Saturn.</strong></span> <span class='ocrx_word' id='word_1_405' title='bbox 2638 1799 2696 1853; x_wconf 88' lang='lat' dir='ltr'><strong>V,</strong></span> 
     </span>
     <span class='ocr_line' id='line_1_60' title="bbox 1405 1867 2700 1929; baseline 0.002 -16"><span class='ocrx_word' id='word_1_406' title='bbox 1405 1868 1507 1929; x_wconf 89' lang='lat'><strong>18).</strong></span> <span class='ocrx_word' id='word_1_407' title='bbox 1533 1870 1710 1927; x_wconf 86' lang='lat' dir='ltr'><strong>Quibus</strong></span> <span class='ocrx_word' id='word_1_408' title='bbox 1748 1868 1954 1913; x_wconf 88' lang='lat' dir='ltr'><strong>addendi</strong></span> <span class='ocrx_word' id='word_1_409' title='bbox 1986 1867 2206 1911; x_wconf 87' lang='lat' dir='ltr'><strong>videntur</strong></span> <span class='ocrx_word' id='word_1_410' title='bbox 2230 1869 2465 1915; x_wconf 83' lang='lat' dir='ltr'><strong>Plutarch.</strong></span> <span class='ocrx_word' id='word_1_411' title='bbox 2501 1872 2571 1914; x_wconf 91' lang='lat' dir='ltr'><strong>De</strong></span> <span class='ocrx_word' id='word_1_412' title='bbox 2604 1872 2700 1914; x_wconf 89' lang='lat' dir='ltr'><strong>Ho-</strong></span> 
     </span>
     <span class='ocr_line' id='line_1_61' title="bbox 1397 1939 2701 2000; baseline 0.002 -16"><span class='ocrx_word' id='word_1_413' title='bbox 1397 1957 1528 1986; x_wconf 88' lang='lat' dir='ltr'><strong>mero</strong></span> <span class='ocrx_word' id='word_1_414' title='bbox 1565 1958 1608 1988; x_wconf 79' lang='lat' dir='ltr'><strong>C.</strong></span> <span class='ocrx_word' id='word_1_415' title='bbox 1646 1941 1671 1985; x_wconf 80' lang='lat'>3</span> <span class='ocrx_word' id='word_1_416' title='bbox 1699 1951 1744 1985; x_wconf 92' lang='lat' dir='ltr'><strong>et</strong></span> <span class='ocrx_word' id='word_1_417' title='bbox 1781 1941 1982 2000; x_wconf 86' lang='lat' dir='ltr'><strong>Diogen.</strong></span> <span class='ocrx_word' id='word_1_418' title='bbox 2012 1942 2066 1984; x_wconf 91' lang='lat' dir='ltr'><strong>L.</strong></span> <span class='ocrx_word' id='word_1_419' title='bbox 2093 1941 2155 1995; x_wconf 93' lang='grc' dir='ltr'><strong>ΙΙ,</strong></span> <span class='ocrx_word' id='word_1_420' title='bbox 2179 1939 2262 1996; x_wconf 88' lang='grc'><strong>46,</strong></span> <span class='ocrx_word' id='word_1_421' title='bbox 2302 1942 2338 1984; x_wconf 87' lang='grc'><strong>51</strong></span> <span class='ocrx_word' id='word_1_422' title='bbox 2367 1941 2555 2000; x_wconf 88' lang='lat' dir='ltr'><strong>quidem</strong></span> <span class='ocrx_word' id='word_1_423' title='bbox 2576 1953 2701 1986; x_wconf 78' lang='lat' dir='ltr'><strong>recte</strong></span> 
     </span>
     <span class='ocr_line' id='line_1_62' title="bbox 1399 2010 2698 2075; baseline 0.001 -18"><span class='ocrx_word' id='word_1_424' title='bbox 1399 2015 1481 2072; x_wconf 87' lang='lat' dir='ltr'><strong>qui</strong></span> <span class='ocrx_word' id='word_1_425' title='bbox 1526 2014 1591 2057; x_wconf 90' lang='lat' dir='ltr'><strong>ibi</strong></span> <span class='ocrx_word' id='word_1_426' title='bbox 1622 2013 1839 2058; x_wconf 89' lang='lat' dir='ltr'><strong>laudatur</strong></span> <span class='ocrx_word' id='word_1_427' title='bbox 1874 2014 2142 2058; x_wconf 88' lang='lat' dir='ltr'><strong>Aristoteles</strong></span> <span class='ocrx_word' id='word_1_428' title='bbox 2174 2010 2314 2075; x_wconf 66' lang='grc' dir='ltr'>τρίτῳ</span> <span class='ocrx_word' id='word_1_429' title='bbox 2341 2016 2580 2070; x_wconf 64' lang='grc' dir='ltr'>ποιητικῆς,</span> <span class='ocrx_word' id='word_1_430' title='bbox 2630 2018 2698 2058; x_wconf 91' lang='lat' dir='ltr'><strong>vel</strong></span> 
     </span>
     <span class='ocr_line' id='line_1_63' title="bbox 1399 2085 2698 2145; baseline 0 -16"><span class='ocrx_word' id='word_1_431' title='bbox 1399 2095 1643 2130; x_wconf 84' lang='lat' dir='ltr'><strong>auctorum</strong></span> <span class='ocrx_word' id='word_1_432' title='bbox 1665 2087 1815 2130; x_wconf 87' lang='lat' dir='ltr'><strong>errori</strong></span> <span class='ocrx_word' id='word_1_433' title='bbox 1840 2086 1914 2129; x_wconf 85' lang='lat' dir='ltr'><strong>vel</strong></span> <span class='ocrx_word' id='word_1_434' title='bbox 1940 2085 2194 2129; x_wconf 87' lang='lat' dir='ltr'><strong>scribarum</strong></span> <span class='ocrx_word' id='word_1_435' title='bbox 2223 2087 2512 2145; x_wconf 84' lang='lat' dir='ltr'><strong>negligentiae</strong></span> <span class='ocrx_word' id='word_1_436' title='bbox 2541 2087 2698 2131; x_wconf 90' lang='lat' dir='ltr'><strong>deberi</strong></span> 
     </span>
     <span class='ocr_line' id='line_1_64' title="bbox 1401 2157 2703 2218; baseline 0.001 -16"><span class='ocrx_word' id='word_1_437' title='bbox 1401 2168 1628 2202; x_wconf 89' lang='lat' dir='ltr'><strong>censetur.</strong></span> <span class='ocrx_word' id='word_1_438' title='bbox 1653 2157 1901 2202; x_wconf 83' lang='lat' dir='ltr'><strong>Difficilior</strong></span> <span class='ocrx_word' id='word_1_439' title='bbox 1918 2158 2106 2216; x_wconf 88' lang='lat' dir='ltr'><strong>quaestio</strong></span> <span class='ocrx_word' id='word_1_440' title='bbox 2120 2167 2184 2201; x_wconf 89' lang='lat' dir='ltr'><strong>est</strong></span> <span class='ocrx_word' id='word_1_441' title='bbox 2201 2173 2314 2202; x_wconf 90' lang='lat' dir='ltr'><strong>num</strong></span> <span class='ocrx_word' id='word_1_442' title='bbox 2330 2160 2583 2218; x_wconf 89' lang='lat' dir='ltr'><strong>genuinum</strong></span> <span class='ocrx_word' id='word_1_443' title='bbox 2601 2159 2703 2203; x_wconf 81' lang='lat' dir='ltr'><strong>fue-</strong></span> 
     </span>
     <span class='ocr_line' id='line_1_65' title="bbox 1401 2230 2698 2294; baseline 0.001 -20"><span class='ocrx_word' id='word_1_444' title='bbox 1401 2233 1462 2275; x_wconf 86' lang='lat' dir='ltr'><strong>rit</strong></span> <span class='ocrx_word' id='word_1_445' title='bbox 1494 2232 1616 2275; x_wconf 88' lang='lat' dir='ltr'><strong>istud</strong></span> <span class='ocrx_word' id='word_1_446' title='bbox 1652 2232 1710 2275; x_wconf 91' lang='lat' dir='ltr'><strong>de</strong></span> <span class='ocrx_word' id='word_1_447' title='bbox 1749 2232 1901 2290; x_wconf 89' lang='lat' dir='ltr'><strong>poetis</strong></span> <span class='ocrx_word' id='word_1_448' title='bbox 1929 2246 2064 2289; x_wconf 90' lang='lat' dir='ltr'><strong>opus.</strong></span> <span class='ocrx_word' id='word_1_449' title='bbox 2102 2232 2250 2290; x_wconf 86' lang='lat' dir='ltr'><strong>Negat</strong></span> <span class='ocrx_word' id='word_1_450' title='bbox 2267 2231 2517 2276; x_wconf 83' lang='lat' dir='ltr'><strong>Nitzschius</strong></span> <span class='ocrx_word' id='word_1_451' title='bbox 2559 2230 2698 2294; x_wconf 85' lang='lat' dir='ltr'><strong>(Hist.</strong></span> 
     </span>
     <span class='ocr_line' id='line_1_66' title="bbox 1401 2299 2703 2364; baseline 0 -16"><span class='ocrx_word' id='word_1_452' title='bbox 1401 2306 1543 2348; x_wconf 90' lang='lat' dir='ltr'><strong>Hom.</strong></span> <span class='ocrx_word' id='word_1_453' title='bbox 1582 2306 1645 2360; x_wconf 94' lang='grc' dir='ltr'><strong>ΙΙ,</strong></span> <span class='ocrx_word' id='word_1_454' title='bbox 1671 2320 1720 2363; x_wconf 92' lang='lat' dir='ltr'><strong>p.</strong></span> <span class='ocrx_word' id='word_1_455' title='bbox 1745 2304 1824 2362; x_wconf 77' lang='lat'><strong>37,</strong></span> <span class='ocrx_word' id='word_1_456' title='bbox 1856 2309 1914 2356; x_wconf 76' lang='lat'><strong>42</strong></span> <span class='ocrx_word' id='word_1_457' title='bbox 1935 2299 1968 2364; x_wconf 91' lang='lat'><strong>),</strong></span> <span class='ocrx_word' id='word_1_458' title='bbox 1996 2304 2075 2361; x_wconf 88' lang='lat' dir='ltr'><strong>qui</strong></span> <span class='ocrx_word' id='word_1_459' title='bbox 2092 2304 2221 2346; x_wconf 80' lang='lat' dir='ltr'><strong>scioli</strong></span> <span class='ocrx_word' id='word_1_460' title='bbox 2245 2305 2538 2362; x_wconf 80' lang='lat' dir='ltr'><strong>Peripatetici</strong></span> <span class='ocrx_word' id='word_1_461' title='bbox 2571 2306 2703 2348; x_wconf 86' lang='lat' dir='ltr'><strong>lucu-</strong></span> 
     </span>
     <span class='ocr_line' id='line_1_67' title="bbox 1403 2375 2700 2436; baseline 0.001 -16"><span class='ocrx_word' id='word_1_462' title='bbox 1403 2377 1667 2420; x_wconf 87' lang='lat' dir='ltr'><strong>brationem</strong></span> <span class='ocrx_word' id='word_1_463' title='bbox 1713 2391 1964 2436; x_wconf 83' lang='lat' dir='ltr'><strong>agnoscere</strong></span> <span class='ocrx_word' id='word_1_464' title='bbox 2003 2376 2088 2419; x_wconf 91' lang='lat' dir='ltr'><strong>sibi</strong></span> <span class='ocrx_word' id='word_1_465' title='bbox 2123 2375 2309 2419; x_wconf 91' lang='lat' dir='ltr'><strong>videtur</strong></span> <span class='ocrx_word' id='word_1_466' title='bbox 2347 2377 2395 2418; x_wconf 89' lang='grc'><strong>111</strong></span> <span class='ocrx_word' id='word_1_467' title='bbox 2428 2378 2481 2419; x_wconf 89' lang='grc'><strong>115</strong></span> <span class='ocrx_word' id='word_1_468' title='bbox 2512 2392 2613 2435; x_wconf 86' lang='lat' dir='ltr'><strong>quae</strong></span> <span class='ocrx_word' id='word_1_469' title='bbox 2642 2377 2700 2421; x_wconf 88' lang='lat' dir='ltr'><strong>dc</strong></span> 
     </span>
     <span class='ocr_line' id='line_1_68' title="bbox 1404 2446 2700 2508; baseline 0.001 -16"><span class='ocrx_word' id='word_1_470' title='bbox 1404 2449 1598 2492; x_wconf 89' lang='lat' dir='ltr'><strong>Homeri</strong></span> <span class='ocrx_word' id='word_1_471' title='bbox 1610 2450 1710 2492; x_wconf 88' lang='lat' dir='ltr'><strong>Vita</strong></span> <span class='ocrx_word' id='word_1_472' title='bbox 1731 2448 1995 2492; x_wconf 88' lang='lat' dir='ltr'><strong>traduntur.</strong></span> <span class='ocrx_word' id='word_1_473' title='bbox 2010 2446 2147 2504; x_wconf 90' lang='lat' dir='ltr'><strong>Cujus</strong></span> <span class='ocrx_word' id='word_1_474' title='bbox 2159 2446 2324 2504; x_wconf 87' lang='lat' dir='ltr'><strong>judicii</strong></span> <span class='ocrx_word' id='word_1_475' title='bbox 2337 2449 2431 2491; x_wconf 89' lang='lat' dir='ltr'><strong>vim</strong></span> <span class='ocrx_word' id='word_1_476' title='bbox 2449 2449 2700 2508; x_wconf 83' lang='lat' dir='ltr'><strong>infringere</strong></span> 
     </span>
     <span class='ocr_line' id='line_1_69' title="bbox 1403 2518 2699 2580; baseline 0 -17"><span class='ocrx_word' id='word_1_477' title='bbox 1403 2520 1557 2564; x_wconf 89' lang='lat' dir='ltr'><strong>studet</strong></span> <span class='ocrx_word' id='word_1_478' title='bbox 1587 2521 1860 2565; x_wconf 78' lang='lat' dir='ltr'><strong>VVelckcrus</strong></span> <span class='ocrx_word' id='word_1_479' title='bbox 1888 2519 1900 2579; x_wconf 97' lang='lat'>(</span> <span class='ocrx_word' id='word_1_480' title='bbox 1927 2522 1960 2566; x_wconf 92' lang='lat' dir='ltr'><strong>l.</strong></span> <span class='ocrx_word' id='word_1_481' title='bbox 2002 2521 2032 2565; x_wconf 93' lang='grc' dir='ltr'><strong>Ι.</strong></span> <span class='ocrx_word' id='word_1_482' title='bbox 2076 2535 2126 2578; x_wconf 90' lang='grc' dir='ltr'><strong>Ρ.</strong></span> <span class='ocrx_word' id='word_1_483' title='bbox 2163 2518 2250 2563; x_wconf 84' lang='lat'><strong>158</strong></span> <span class='ocrx_word' id='word_1_484' title='bbox 2269 2519 2400 2579; x_wconf 91' lang='lat' dir='ltr'><strong>not.)</strong></span> <span class='ocrx_word' id='word_1_485' title='bbox 2439 2521 2699 2580; x_wconf 85' lang='lat' dir='ltr'><strong>ablegando</strong></span> 
     </span>
     <span class='ocr_line' id='line_1_70' title="bbox 1406 2593 2703 2651; baseline 0.002 -16"><span class='ocrx_word' id='word_1_486' title='bbox 1406 2593 1623 2638; x_wconf 89' lang='lat' dir='ltr'><strong>lectorem</strong></span> <span class='ocrx_word' id='word_1_487' title='bbox 1648 2594 1707 2642; x_wconf 74' lang='lat' dir='ltr'><strong>ad</strong></span> <span class='ocrx_word' id='word_1_488' title='bbox 1729 2593 1904 2637; x_wconf 88' lang='lat' dir='ltr'><strong>fabulas</strong></span> <span class='ocrx_word' id='word_1_489' title='bbox 1925 2602 1970 2636; x_wconf 92' lang='lat' dir='ltr'><strong>et</strong></span> <span class='ocrx_word' id='word_1_490' title='bbox 1994 2594 2244 2651; x_wconf 84' lang='lat' dir='ltr'><strong>populares</strong></span> <span class='ocrx_word' id='word_1_491' title='bbox 2284 2594 2573 2646; x_wconf 86' lang='lat' dir='ltr'><strong>traditiones,</strong></span> <span class='ocrx_word' id='word_1_492' title='bbox 2602 2610 2703 2651; x_wconf 84' lang='lat' dir='ltr'><strong>quae</strong></span> 
     </span>
     <span class='ocr_line' id='line_1_71' title="bbox 1407 2665 2703 2724; baseline -0.001 -15"><span class='ocrx_word' id='word_1_493' title='bbox 1407 2681 1462 2709; x_wconf 87' lang='lat' dir='ltr'><strong>ex</strong></span> <span class='ocrx_word' id='word_1_494' title='bbox 1511 2667 1690 2711; x_wconf 88' lang='lat' dir='ltr'><strong>Politiis</strong></span> <span class='ocrx_word' id='word_1_495' title='bbox 1729 2666 1988 2710; x_wconf 86' lang='lat' dir='ltr'><strong>Aristotelis</strong></span> <span class='ocrx_word' id='word_1_496' title='bbox 2020 2666 2187 2724; x_wconf 89' lang='lat' dir='ltr'><strong>passim</strong></span> <span class='ocrx_word' id='word_1_497' title='bbox 2227 2665 2503 2710; x_wconf 80' lang='lat' dir='ltr'><strong>afferuntur.</strong></span> <span class='ocrx_word' id='word_1_498' title='bbox 2546 2668 2703 2723; x_wconf 87' lang='lat' dir='ltr'><strong>Quan-</strong></span> 
     </span>
     <span class='ocr_line' id='line_1_72' title="bbox 1408 2738 2707 2798; baseline 0 -16"><span class='ocrx_word' id='word_1_499' title='bbox 1408 2755 1547 2798; x_wconf 87' lang='lat' dir='ltr'><strong>quam</strong></span> <span class='ocrx_word' id='word_1_500' title='bbox 1574 2738 1743 2783; x_wconf 87' lang='lat' dir='ltr'><strong>horum</strong></span> <span class='ocrx_word' id='word_1_501' title='bbox 1778 2754 1967 2797; x_wconf 88' lang='lat' dir='ltr'><strong>quoque</strong></span> <span class='ocrx_word' id='word_1_502' title='bbox 1992 2738 2108 2796; x_wconf 91' lang='lat' dir='ltr'><strong>quid</strong></span> <span class='ocrx_word' id='word_1_503' title='bbox 2140 2740 2418 2798; x_wconf 86' lang='lat' dir='ltr'><strong>genuinum,</strong></span> <span class='ocrx_word' id='word_1_504' title='bbox 2454 2739 2570 2797; x_wconf 90' lang='lat' dir='ltr'><strong>quid</strong></span> <span class='ocrx_word' id='word_1_505' title='bbox 2603 2755 2707 2798; x_wconf 89' lang='lat' dir='ltr'><strong>spu-</strong></span> 
     </span>
     <span class='ocr_line' id='line_1_73' title="bbox 1408 2812 1973 2871; baseline 0 -18"><span class='ocrx_word' id='word_1_506' title='bbox 1408 2812 1529 2854; x_wconf 86' lang='lat' dir='ltr'><strong>rium</strong></span> <span class='ocrx_word' id='word_1_507' title='bbox 1548 2813 1603 2855; x_wconf 89' lang='lat' dir='ltr'><strong>sit</strong></span> <span class='ocrx_word' id='word_1_508' title='bbox 1620 2827 1786 2871; x_wconf 89' lang='lat' dir='ltr'><strong>parum</strong></span> <span class='ocrx_word' id='word_1_509' title='bbox 1812 2812 1973 2870; x_wconf 91' lang='lat' dir='ltr'><strong>liquet.</strong></span> 
     </span>
    </p>
   </div>
   <div class='ocr_carea' id='block_1_22' title="bbox 1796 2926 2317 2972">
    <p class='ocr_par' dir='ltr' id='par_1_22' title="bbox 1796 2926 2317 2972">
     <span class='ocr_line' id='line_1_74' title="bbox 1796 2926 2317 2972; baseline 0.004 -3"><span class='ocrx_word' id='word_1_510' title='bbox 1796 2928 1832 2969; x_wconf 71' lang='lat' dir='ltr'><strong>F,</strong></span> <span class='ocrx_word' id='word_1_511' title='bbox 1878 2927 2064 2972; x_wconf 89' lang='lat' dir='ltr'>LIBRO</span> <span class='ocrx_word' id='word_1_512' title='bbox 2107 2926 2317 2971; x_wconf 86' lang='lat' dir='ltr'><strong>PRIMO.</strong></span> 
     </span>
    </p>
   </div>
   <div class='ocr_carea' id='block_1_23' title="bbox 2011 3055 2121 3112">
    <p class='ocr_par' dir='ltr' id='par_1_23' title="bbox 2011 3055 2121 3112">
     <span class='ocr_line' id='line_1_75' title="bbox 2011 3055 2121 3112; baseline 0 -14"><span class='ocrx_word' id='word_1_513' title='bbox 2011 3055 2121 3112; x_wconf 79' lang='lat'><strong>273.</strong></span> 
     </span>
    </p>
   </div>
   <div class='ocr_carea' id='block_1_24' title="bbox 1416 3162 2707 3296">
    <p class='ocr_par' dir='ltr' id='par_1_24' title="bbox 1416 3162 2707 3296">
     <span class='ocr_line' id='line_1_76' title="bbox 1483 3162 2705 3223; baseline -0.001 -14"><span class='ocrx_word' id='word_1_514' title='bbox 1483 3164 1646 3209; x_wconf 88' lang='lat' dir='ltr'><strong>Cicero</strong></span> <span class='ocrx_word' id='word_1_515' title='bbox 1671 3167 1741 3209; x_wconf 91' lang='lat' dir='ltr'><strong>De</strong></span> <span class='ocrx_word' id='word_1_516' title='bbox 1760 3173 1857 3209; x_wconf 88' lang='lat' dir='ltr'><strong>nat.</strong></span> <span class='ocrx_word' id='word_1_517' title='bbox 1875 3163 2006 3208; x_wconf 90' lang='lat' dir='ltr'><strong>deor.</strong></span> <span class='ocrx_word' id='word_1_518' title='bbox 2034 3166 2080 3218; x_wconf 94' lang='lat' dir='ltr'><strong>I,</strong></span> <span class='ocrx_word' id='word_1_519' title='bbox 2114 3162 2173 3208; x_wconf 83' lang='lat'><strong>38</strong></span> <span class='ocrx_word' id='word_1_520' title='bbox 2219 3179 2229 3206; x_wconf 91' lang='lat'>:</span> <span class='ocrx_word' id='word_1_521' title='bbox 2261 3163 2490 3223; x_wconf 77' lang='lat' dir='ltr'><strong>Orpheum</strong></span> <span class='ocrx_word' id='word_1_522' title='bbox 2521 3175 2705 3223; x_wconf 80' lang='lat' dir='ltr'><strong>poetam</strong></span> 
     </span>
     <span class='ocr_line' id='line_1_77' title="bbox 1416 3234 2707 3296; baseline 0.002 -18"><span class='ocrx_word' id='word_1_523' title='bbox 1416 3237 1550 3280; x_wconf 82' lang='lat' dir='ltr'><strong>docet</strong></span> <span class='ocrx_word' id='word_1_524' title='bbox 1563 3238 1829 3282; x_wconf 65' lang='lat' dir='ltr'><strong>irivtoteles</strong></span> <span class='ocrx_word' id='word_1_525' title='bbox 1848 3252 2085 3295; x_wconf 80' lang='lat' dir='ltr'><strong>nunquam</strong></span> <span class='ocrx_word' id='word_1_526' title='bbox 2087 3234 2255 3293; x_wconf 71' lang='lat' dir='ltr'><strong>flasse,</strong></span> <span class='ocrx_word' id='word_1_527' title='bbox 2283 3246 2327 3280; x_wconf 82' lang='lat' dir='ltr'><strong>et</strong></span> <span class='ocrx_word' id='word_1_528' title='bbox 2348 3236 2433 3280; x_wconf 80' lang='lat' dir='ltr'><strong>hoc</strong></span> <span class='ocrx_word' id='word_1_529' title='bbox 2459 3237 2707 3296; x_wconf 77' lang='lat' dir='ltr'><strong>Orphicum</strong></span> 
     </span>
    </p>
   </div>
   <div class='ocr_carea' id='block_1_25' title="bbox 47 3303 2705 3371">
    <p class='ocr_par' dir='ltr' id='par_1_25' title="bbox 47 3303 2705 3371">
     <span class='ocr_line' id='line_1_78' title="bbox 47 3303 2705 3371; baseline 0 -18"><span class='ocrx_word' id='word_1_530' title='bbox 47 3304 103 3356; x_wconf 75' lang='grc' dir='ltr'><em>Ὅ</em></span> <span class='ocrx_word' id='word_1_531' title='bbox 138 3303 344 3362; x_wconf 68' lang='grc' dir='ltr'>Κινησίας</span> <span class='ocrx_word' id='word_1_532' title='bbox 369 3306 754 3371; x_wconf 80' lang='grc' dir='ltr'>ἐπραγματεύσατο</span> <span class='ocrx_word' id='word_1_533' title='bbox 785 3308 898 3354; x_wconf 82' lang='grc' dir='ltr'>κατὰ</span> <span class='ocrx_word' id='word_1_534' title='bbox 922 3327 1006 3354; x_wconf 89' lang='grc' dir='ltr'><strong>των</strong></span> <span class='ocrx_word' id='word_1_535' title='bbox 1044 3311 1263 3370; x_wconf 78' lang='grc' dir='ltr'>κωμικῶν,</span> <span class='ocrx_word' id='word_1_536' title='bbox 1286 3312 1341 3362; x_wconf 77' lang='grc' dir='ltr'><strong>ὡς</strong></span> <span class='ocrx_word' id='word_1_537' title='bbox 1418 3324 1604 3353; x_wconf 75' lang='lat' dir='ltr'><strong>carmen</strong></span> <span class='ocrx_word' id='word_1_538' title='bbox 1617 3309 1897 3367; x_wconf 69' lang='lat' dir='ltr'><strong>Pythagorei</strong></span> <span class='ocrx_word' id='word_1_539' title='bbox 1895 3307 1972 3367; x_wconf 80' lang='lat' dir='ltr'><strong>fet</strong></span> <span class='ocrx_word' id='word_1_540' title='bbox 1975 3319 2063 3352; x_wconf 79' lang='lat' dir='ltr'><strong>unt</strong></span> <span class='ocrx_word' id='word_1_541' title='bbox 2073 3311 2311 3366; x_wconf 73' lang='lat' dir='ltr'><strong>cujusdam</strong></span> <span class='ocrx_word' id='word_1_542' title='bbox 2312 3307 2466 3366; x_wconf 71' lang='lat' dir='ltr'><strong>fulsse</strong></span> <span class='ocrx_word' id='word_1_543' title='bbox 2483 3310 2705 3369; x_wconf 78' lang='lat' dir='ltr'><strong>Cecrope&#39;s.</strong></span> 
     </span>
    </p>
   </div>
   <div class='ocr_carea' id='block_1_26' title="bbox 40 3366 438 3440">
    <p class='ocr_par' dir='ltr' id='par_1_26' title="bbox 40 3366 438 3440">
     <span class='ocr_line' id='line_1_79' title="bbox 40 3366 438 3440; baseline -0.008 -15.936"><span class='ocrx_word' id='word_1_544' title='bbox 40 3366 182 3424; x_wconf 62' lang='lat' dir='ltr'><strong>flev’</strong></span> <span class='ocrx_word' id='word_1_545' title='bbox 159 3395 185 3422; x_wconf 93' lang='grc' dir='ltr'>α</span> <span class='ocrx_word' id='word_1_546' title='bbox 187 3395 438 3440; x_wconf 45' lang='grc' dir='ltr'>χορηγητοι</span> 
     </span>
    </p>
   </div>
   <div class='ocr_carea' id='block_1_27' title="bbox 1486 3381 2439 3442">
    <p class='ocr_par' dir='ltr' id='par_1_27' title="bbox 1486 3381 2439 3442">
     <span class='ocr_line' id='line_1_80' title="bbox 1486 3381 2439 3442; baseline 0 -16"><span class='ocrx_word' id='word_1_547' title='bbox 1486 3385 1555 3427; x_wconf 91' lang='lat' dir='ltr'><strong>De</strong></span> <span class='ocrx_word' id='word_1_548' title='bbox 1578 3383 1761 3426; x_wconf 91' lang='lat' dir='ltr'><strong>Pittheo</strong></span> <span class='ocrx_word' id='word_1_549' title='bbox 1777 3383 2018 3426; x_wconf 90' lang='lat' dir='ltr'><strong>Troezenio</strong></span> <span class='ocrx_word' id='word_1_550' title='bbox 2042 3382 2149 3426; x_wconf 90' lang='lat' dir='ltr'><strong>vide</strong></span> <span class='ocrx_word' id='word_1_551' title='bbox 2170 3381 2334 3442; x_wconf 87' lang='lat' dir='ltr'><strong>fragm.</strong></span> <span class='ocrx_word' id='word_1_552' title='bbox 2359 3383 2439 3441; x_wconf 85' lang='lat'><strong>96.</strong></span> 
     </span>
    </p>
   </div>
   <div class='ocr_carea' id='block_1_28' title="bbox 52 3464 2707 3485">
    <p class='ocr_par' dir='ltr' id='par_1_28' title="bbox 52 3464 2707 3485">
     <span class='ocr_line' id='line_1_81' title="bbox 52 3464 2707 3485; baseline 0 1143"><span class='ocrx_word' id='word_1_553' title='bbox 52 3464 2707 3485; x_wconf 95' lang='lat' dir='ltr'><strong> </strong></span> 
     </span>
    </p>
   </div>
   <div class='ocr_carea' id='block_1_29' title="bbox 633 3521 735 3561">
    <p class='ocr_par' dir='ltr' id='par_1_29' title="bbox 633 3521 735 3561">
     <span class='ocr_line' id='line_1_82' title="bbox 633 3521 735 3561; baseline -0.01 0"><span class='ocrx_word' id='word_1_554' title='bbox 633 3521 735 3561; x_wconf 81' lang='lat'><strong>268.</strong></span> 
     </span>
    </p>
   </div>
   <div class='ocr_carea' id='block_1_30' title="bbox 49 3605 1339 3787">
    <p class='ocr_par' dir='ltr' id='par_1_30' title="bbox 49 3605 1339 3787">
     <span class='ocr_line' id='line_1_83' title="bbox 63 3605 1333 3662; baseline 0.003 -15"><span class='ocrx_word' id='word_1_555' title='bbox 63 3605 264 3647; x_wconf 46' lang='lat' dir='ltr'><strong>,kueietus</strong></span> <span class='ocrx_word' id='word_1_556' title='bbox 292 3618 465 3658; x_wconf 76' lang='lat' dir='ltr'><strong>nequam</strong></span> <span class='ocrx_word' id='word_1_557' title='bbox 486 3609 768 3659; x_wconf 66' lang='lat' dir='ltr'><strong>tragoediarum</strong></span> <span class='ocrx_word' id='word_1_558' title='bbox 795 3612 978 3661; x_wconf 85' lang='lat' dir='ltr'><strong>scriptor,</strong></span> <span class='ocrx_word' id='word_1_559' title='bbox 1009 3612 1142 3651; x_wconf 83' lang='lat' dir='ltr'><strong>Thrax</strong></span> <span class='ocrx_word' id='word_1_560' title='bbox 1169 3622 1333 3662; x_wconf 86' lang='lat' dir='ltr'><strong>genere,</strong></span> 
     </span>
     <span class='ocr_line' id='line_1_84' title="bbox 57 3669 1339 3720; baseline 0.004 -11"><span class='ocrx_word' id='word_1_561' title='bbox 57 3669 108 3712; x_wconf 68' lang='lat' dir='ltr'><strong>ut</strong></span> <span class='ocrx_word' id='word_1_562' title='bbox 128 3670 404 3720; x_wconf 79' lang='lat' dir='ltr'><strong>Aristophanes</strong></span> <span class='ocrx_word' id='word_1_563' title='bbox 426 3671 468 3712; x_wconf 87' lang='grc'><strong>111</strong></span> <span class='ocrx_word' id='word_1_564' title='bbox 502 3673 625 3714; x_wconf 70' lang='lat' dir='ltr'><strong>Ranis</strong></span> <span class='ocrx_word' id='word_1_565' title='bbox 645 3674 685 3713; x_wconf 87' lang='lat' dir='ltr'><strong>et</strong></span> <span class='ocrx_word' id='word_1_566' title='bbox 718 3674 758 3712; x_wconf 91' lang='lat' dir='ltr'><strong>in</strong></span> <span class='ocrx_word' id='word_1_567' title='bbox 793 3674 988 3719; x_wconf 81' lang='lat' dir='ltr'><strong>ciconiis,</strong></span> <span class='ocrx_word' id='word_1_568' title='bbox 1023 3675 1091 3714; x_wconf 87' lang='lat' dir='ltr'><strong>ubi</strong></span> <span class='ocrx_word' id='word_1_569' title='bbox 1118 3685 1210 3714; x_wconf 89' lang='lat' dir='ltr'><strong>eum</strong></span> <span class='ocrx_word' id='word_1_570' title='bbox 1249 3678 1339 3715; x_wconf 64' lang='lat' dir='ltr'><strong>Laii</strong></span> 
     </span>
     <span class='ocr_line' id='line_1_85' title="bbox 49 3723 1339 3787; baseline 0.004 -16"><span class='ocrx_word' id='word_1_571' title='bbox 49 3723 189 3780; x_wconf 58' lang='lat' dir='ltr'><strong>fluum</strong></span> <span class='ocrx_word' id='word_1_572' title='bbox 213 3734 337 3785; x_wconf 85' lang='lat' dir='ltr'><strong>dicit,</strong></span> <span class='ocrx_word' id='word_1_573' title='bbox 354 3735 464 3785; x_wconf 86' lang='lat' dir='ltr'><strong>quod</strong></span> <span class='ocrx_word' id='word_1_574' title='bbox 483 3747 609 3785; x_wconf 90' lang='lat' dir='ltr'><strong>anno,</strong></span> <span class='ocrx_word' id='word_1_575' title='bbox 628 3747 707 3787; x_wconf 83' lang='lat' dir='ltr'><strong>quo</strong></span> <span class='ocrx_word' id='word_1_576' title='bbox 739 3737 912 3777; x_wconf 78' lang='lat' dir='ltr'><strong>Ciconiae</strong></span> <span class='ocrx_word' id='word_1_577' title='bbox 944 3738 1078 3776; x_wconf 88' lang='lat' dir='ltr'><strong>sabula</strong></span> <span class='ocrx_word' id='word_1_578' title='bbox 1105 3738 1339 3786; x_wconf 82' lang='lat' dir='ltr'><strong>docebatur,</strong></span> 
     </span>
    </p>
   </div>
   <div class='ocr_carea' id='block_1_31' title="bbox 56 3795 1343 3906">
    <p class='ocr_par' dir='ltr' id='par_1_31' title="bbox 56 3795 1343 3906">
     <span class='ocr_line' id='line_1_86' title="bbox 56 3795 1343 3850; baseline 0.005 -15"><span class='ocrx_word' id='word_1_579' title='bbox 56 3795 222 3836; x_wconf 61' lang='lat' dir='ltr'><strong>metus</strong></span> <span class='ocrx_word' id='word_1_580' title='bbox 237 3797 492 3848; x_wconf 86' lang='lat' dir='ltr'><strong>OEdipodiam</strong></span> <span class='ocrx_word' id='word_1_581' title='bbox 511 3810 640 3843; x_wconf 76' lang='lat' dir='ltr'><strong>scenae</strong></span> <span class='ocrx_word' id='word_1_582' title='bbox 664 3800 883 3850; x_wconf 79' lang='lat' dir='ltr'><strong>commisit,</strong></span> <span class='ocrx_word' id='word_1_583' title='bbox 903 3803 947 3840; x_wconf 88' lang='lat' dir='ltr'><strong>ut</strong></span> <span class='ocrx_word' id='word_1_584' title='bbox 967 3802 1194 3840; x_wconf 83' lang='lat' dir='ltr'><strong>Aristoteles</strong></span> <span class='ocrx_word' id='word_1_585' title='bbox 1222 3802 1343 3841; x_wconf 83' lang='lat' dir='ltr'><strong>tradit</strong></span> 
     </span>
     <span class='ocr_line' id='line_1_87' title="bbox 56 3857 350 3906; baseline 0 -5"><span class='ocrx_word' id='word_1_586' title='bbox 56 3857 99 3906; x_wconf 62' lang='grc' dir='ltr'><strong>ἰῇ</strong></span> <span class='ocrx_word' id='word_1_587' title='bbox 111 3858 350 3902; x_wconf 79' lang='lat' dir='ltr'><strong>Didascaliis.</strong></span> 
     </span>
    </p>
   </div>
   <div class='ocr_carea' id='block_1_32' title="bbox 639 3961 741 4001">
    <p class='ocr_par' dir='ltr' id='par_1_32' title="bbox 639 3961 741 4001">
     <span class='ocr_line' id='line_1_88' title="bbox 639 3961 741 4001; baseline 0.01 -1"><span class='ocrx_word' id='word_1_588' title='bbox 639 3961 741 4001; x_wconf 82' lang='lat'><strong>269.</strong></span> 
     </span>
    </p>
   </div>
   <div class='ocr_carea' id='block_1_33' title="bbox 83 4026 1344 4154">
    <p class='ocr_par' dir='ltr' id='par_1_33' title="bbox 83 4026 1344 4145">
     <span class='ocr_line' id='line_1_89' title="bbox 83 4026 1341 4092; baseline 0.002 -14"><span class='ocrx_word' id='word_1_589' title='bbox 83 4026 288 4079; x_wconf 66' lang='lat' dir='ltr'><strong>&#39;Medeam</strong></span> <span class='ocrx_word' id='word_1_590' title='bbox 302 4040 440 4080; x_wconf 86' lang='lat' dir='ltr'><strong>drama</strong></span> <span class='ocrx_word' id='word_1_591' title='bbox 459 4041 666 4092; x_wconf 84' lang='lat' dir='ltr'><strong>Euripides</strong></span> <span class='ocrx_word' id='word_1_592' title='bbox 681 4053 703 4082; x_wconf 88' lang='lat' dir='ltr'><strong>a</strong></span> <span class='ocrx_word' id='word_1_593' title='bbox 727 4042 961 4092; x_wconf 85' lang='lat' dir='ltr'><strong>Neophrone</strong></span> <span class='ocrx_word' id='word_1_594' title='bbox 987 4044 1217 4091; x_wconf 83' lang='lat' dir='ltr'><strong>mutuatus,</strong></span> <span class='ocrx_word' id='word_1_595' title='bbox 1240 4053 1341 4080; x_wconf 68' lang='lat' dir='ltr'><strong>novi</strong></span> 
     </span>
     <span class='ocr_line' id='line_1_90' title="bbox 128 4102 1344 4154; baseline 0.002 -14.073"><span class='ocrx_word' id='word_1_596' title='bbox 128 4102 395 4143; x_wconf 53' lang='lat' dir='ltr'><strong>*recensione</strong></span> <span class='ocrx_word' id='word_1_597' title='bbox 423 4103 605 4144; x_wconf 80' lang='lat' dir='ltr'><strong>instituta</strong></span> <span class='ocrx_word' id='word_1_598' title='bbox 633 4116 762 4145; x_wconf 69' lang='lat' dir='ltr'><strong>scene</strong></span> <span class='ocrx_word' id='word_1_599' title='bbox 797 4106 1040 4145; x_wconf 87' lang='lat' dir='ltr'><strong>commisisse</strong></span> <span class='ocrx_word' id='word_1_600' title='bbox 1068 4106 1243 4154; x_wconf 84' lang='lat' dir='ltr'><strong>videtur,</strong></span> <span class='ocrx_word' id='word_1_601' title='bbox 1287 4106 1344 4145; x_wconf 86' lang='lat' dir='ltr'><strong>uti</strong></span> 
     </span>
    </p>
   </div>
   <div class='ocr_carea' id='block_1_34' title="bbox 47 4163 1348 4268">
    <p class='ocr_par' dir='ltr' id='par_1_34' title="bbox 47 4163 1348 4268">
     <span class='ocr_line' id='line_1_91' title="bbox 47 4163 1348 4268; baseline 0.004 -67.063"><span class='ocrx_word' id='word_1_602' title='bbox 47 4225 150 4268; x_wconf 57' lang='grc' dir='ltr'>ω</span> <span class='ocrx_word' id='word_1_603' title='bbox 193 4163 371 4208; x_wconf 80' lang='grc'><strong>1011115111</strong></span> <span class='ocrx_word' id='word_1_604' title='bbox 387 4166 478 4206; x_wconf 82' lang='lat' dir='ltr'><strong>Vita</strong></span> <span class='ocrx_word' id='word_1_605' title='bbox 498 4167 662 4208; x_wconf 75' lang='lat' dir='ltr'><strong>Graeciae</strong></span> <span class='ocrx_word' id='word_1_606' title='bbox 679 4170 718 4208; x_wconf 90' lang='lat' dir='ltr'><strong>et</strong></span> <span class='ocrx_word' id='word_1_607' title='bbox 737 4168 996 4208; x_wconf 76' lang='lat' dir='ltr'><strong>Aristoteles</strong></span> <span class='ocrx_word' id='word_1_608' title='bbox 985 4179 1024 4207; x_wconf 88' lang='lat' dir='ltr'><strong>m</strong></span> <span class='ocrx_word' id='word_1_609' title='bbox 1047 4169 1348 4208; x_wconf 74' lang='lat' dir='ltr'><strong>Commentariis</strong></span> 
     </span>
     <span class='ocr_line' id='line_1_92' title="bbox 151 4229 237 4267; baseline 0 0"><span class='ocrx_word' id='word_1_610' title='bbox 151 4229 237 4267; x_wconf 69' lang='lat' dir='ltr'><strong>unt.</strong></span> 
     </span>
    </p>
   </div>
   <div class='ocr_carea' id='block_1_35' title="bbox 1472 3523 2706 3627">
    <p class='ocr_par' dir='ltr' id='par_1_35' title="bbox 1472 3523 2706 3627">
     <span class='ocr_line' id='line_1_93' title="bbox 1472 3523 2706 3627; baseline 0.001 -12"><span class='ocrx_word' id='word_1_611' title='bbox 1472 3577 1699 3615; x_wconf 76' lang='lat' dir='ltr'><strong>Aristoteles</strong></span> <span class='ocrx_word' id='word_1_612' title='bbox 1719 3578 1758 3615; x_wconf 90' lang='lat' dir='ltr'><strong>in</strong></span> <span class='ocrx_word' id='word_1_613' title='bbox 1781 3523 2153 3626; x_wconf 47' lang='lat' dir='ltr'><strong>Didascaliisziiiit‘er</strong></span> <span class='ocrx_word' id='word_1_614' title='bbox 2164 3577 2351 3627; x_wconf 83' lang='lat' dir='ltr'><strong>Archippi</strong></span> <span class='ocrx_word' id='word_1_615' title='bbox 2368 3577 2508 3616; x_wconf 85' lang='lat' dir='ltr'><strong>comici</strong></span> <span class='ocrx_word' id='word_1_616' title='bbox 2527 3577 2679 3616; x_wconf 82' lang='lat' dir='ltr'><strong>fabulas</strong></span> <span class='ocrx_word' id='word_1_617' title='bbox 2696 3578 2706 3624; x_wconf 84' lang='lat'><em>)</em></span> 
     </span>
    </p>
   </div>
   <div class='ocr_carea' id='block_1_36' title="bbox 1419 3640 2709 4282">
    <p class='ocr_par' dir='ltr' id='par_1_36' title="bbox 1419 3640 2570 3749">
     <span class='ocr_line' id='line_1_94' title="bbox 1419 3640 2570 3691; baseline 0.003 -14"><span class='ocrx_word' id='word_1_618' title='bbox 1419 3643 1595 3679; x_wconf 75' lang='lat' dir='ltr'><strong>recenset</strong></span> <span class='ocrx_word' id='word_1_619' title='bbox 1619 3640 1737 3680; x_wconf 81' lang='lat' dir='ltr'><strong>eliam</strong></span> <span class='ocrx_word' id='word_1_620' title='bbox 1758 3653 1880 3680; x_wconf 83' lang='lat' dir='ltr'><strong>unam</strong></span> <span class='ocrx_word' id='word_1_621' title='bbox 1908 3653 1997 3691; x_wconf 69' lang='lat' dir='ltr'><strong>quan</strong></span> <span class='ocrx_word' id='word_1_622' title='bbox 2019 3644 2134 3681; x_wconf 68' lang='lat' dir='ltr'><strong>Asini</strong></span> <span class='ocrx_word' id='word_1_623' title='bbox 2153 3642 2307 3681; x_wconf 80' lang='lat' dir='ltr'><strong>umbra</strong></span> <span class='ocrx_word' id='word_1_624' title='bbox 2331 3642 2570 3681; x_wconf 86' lang='lat' dir='ltr'><strong>inscribitur.</strong></span> 
     </span>
     <span class='ocr_line' id='line_1_95' title="bbox 2014 3710 2112 3749; baseline 0 0"><span class='ocrx_word' id='word_1_625' title='bbox 2014 3710 2112 3749; x_wconf 80' lang='lat'><strong>271.</strong></span> 
     </span>
    </p>

    <p class='ocr_par' dir='ltr' id='par_1_37' title="bbox 1473 3775 2569 3884">
     <span class='ocr_line' id='line_1_96' title="bbox 1473 3775 2569 3815; baseline -0.004 -1"><span class='ocrx_word' id='word_1_626' title='bbox 1473 3775 1698 3815; x_wconf 78' lang='lat' dir='ltr'><strong>Aristoteles</strong></span> <span class='ocrx_word' id='word_1_627' title='bbox 1716 3775 1753 3814; x_wconf 88' lang='grc'><strong>111</strong></span> <span class='ocrx_word' id='word_1_628' title='bbox 1775 3776 2000 3815; x_wconf 85' lang='lat' dir='ltr'><strong>Didascaliis</strong></span> <span class='ocrx_word' id='word_1_629' title='bbox 2016 3776 2116 3815; x_wconf 86' lang='lat' dir='ltr'><strong>duos</strong></span> <span class='ocrx_word' id='word_1_630' title='bbox 2138 3776 2312 3815; x_wconf 83' lang='lat' dir='ltr'><strong>Cinesias</strong></span> <span class='ocrx_word' id='word_1_631' title='bbox 2336 3777 2450 3815; x_wconf 85' lang='lat' dir='ltr'><strong>fuisse</strong></span> <span class='ocrx_word' id='word_1_632' title='bbox 2467 3776 2569 3814; x_wconf 73' lang='lat' dir='ltr'><strong>dicit.</strong></span> 
     </span>
     <span class='ocr_line' id='line_1_97' title="bbox 2015 3846 2115 3884; baseline -0.01 0"><span class='ocrx_word' id='word_1_633' title='bbox 2015 3846 2115 3884; x_wconf 84' lang='lat'><strong>272.</strong></span> 
     </span>
    </p>

    <p class='ocr_par' dir='ltr' id='par_1_38' title="bbox 1422 3903 2709 4282">
     <span class='ocr_line' id='line_1_98' title="bbox 1472 3903 2709 3959; baseline -0.005 -9"><span class='ocrx_word' id='word_1_634' title='bbox 1472 3910 1554 3950; x_wconf 92' lang='lat' dir='ltr'><strong>Sub</strong></span> <span class='ocrx_word' id='word_1_635' title='bbox 1584 3911 1708 3950; x_wconf 86' lang='lat' dir='ltr'><strong>Callia</strong></span> <span class='ocrx_word' id='word_1_636' title='bbox 1727 3911 1937 3959; x_wconf 84' lang='lat' dir='ltr'><strong>archonte,</strong></span> <span class='ocrx_word' id='word_1_637' title='bbox 1970 3914 2014 3949; x_wconf 89' lang='lat' dir='ltr'><strong>ut</strong></span> <span class='ocrx_word' id='word_1_638' title='bbox 2036 3903 2367 3959; x_wconf 77' lang='lat' dir='ltr'><strong>Aristotelesait,</strong></span> <span class='ocrx_word' id='word_1_639' title='bbox 2394 3910 2506 3948; x_wconf 87' lang='lat' dir='ltr'><strong>binos</strong></span> <span class='ocrx_word' id='word_1_640' title='bbox 2523 3909 2709 3956; x_wconf 72' lang='lat' dir='ltr'><strong>choi-agos</strong></span> 
     </span>
     <span class='ocr_line' id='line_1_99' title="bbox 1427 3971 2706 4024; baseline -0.005 -10"><span class='ocrx_word' id='word_1_641' title='bbox 1427 3974 1708 4024; x_wconf 87' lang='lat' dir='ltr'><strong>Dionysiorum</strong></span> <span class='ocrx_word' id='word_1_642' title='bbox 1741 3975 1848 4014; x_wconf 83' lang='lat' dir='ltr'><strong>sestis</strong></span> <span class='ocrx_word' id='word_1_643' title='bbox 1861 3978 2042 4024; x_wconf 89' lang='lat' dir='ltr'><strong>sumptus</strong></span> <span class='ocrx_word' id='word_1_644' title='bbox 2063 3975 2345 4024; x_wconf 85' lang='lat' dir='ltr'><strong>tragoediarum</strong></span> <span class='ocrx_word' id='word_1_645' title='bbox 2366 3974 2405 4011; x_wconf 90' lang='lat' dir='ltr'><strong>et</strong></span> <span class='ocrx_word' id='word_1_646' title='bbox 2425 3971 2706 4010; x_wconf 78' lang='lat' dir='ltr'><strong>comoediarum</strong></span> 
     </span>
     <span class='ocr_line' id='line_1_100' title="bbox 1422 4035 2706 4090; baseline -0.004 -12"><span class='ocrx_word' id='word_1_647' title='bbox 1422 4039 1673 4090; x_wconf 85' lang='lat' dir='ltr'><strong>suppeditare</strong></span> <span class='ocrx_word' id='word_1_648' title='bbox 1690 4040 1851 4090; x_wconf 85' lang='lat' dir='ltr'><strong>placuit.</strong></span> <span class='ocrx_word' id='word_1_649' title='bbox 1870 4043 2048 4080; x_wconf 88' lang='lat' dir='ltr'><strong>Fortasse</strong></span> <span class='ocrx_word' id='word_1_650' title='bbox 2067 4041 2184 4089; x_wconf 84' lang='lat' dir='ltr'><strong>igitur</strong></span> <span class='ocrx_word' id='word_1_651' title='bbox 2200 4040 2318 4078; x_wconf 87' lang='lat' dir='ltr'><strong>etiam</strong></span> <span class='ocrx_word' id='word_1_652' title='bbox 2338 4039 2441 4076; x_wconf 87' lang='lat' dir='ltr'><strong>circa</strong></span> <span class='ocrx_word' id='word_1_653' title='bbox 2470 4040 2632 4075; x_wconf 87' lang='lat' dir='ltr'><strong>Lenaeos</strong></span> <span class='ocrx_word' id='word_1_654' title='bbox 2646 4035 2706 4081; x_wconf 83' lang='lat' dir='ltr'><strong>lu·</strong></span> 
     </span>
     <span class='ocr_line' id='line_1_101' title="bbox 1422 4100 2708 4153; baseline -0.005 -10"><span class='ocrx_word' id='word_1_655' title='bbox 1422 4104 1494 4144; x_wconf 89' lang='lat' dir='ltr'><strong>dos</strong></span> <span class='ocrx_word' id='word_1_656' title='bbox 1517 4105 1728 4144; x_wconf 87' lang='lat' dir='ltr'><strong>diminutio</strong></span> <span class='ocrx_word' id='word_1_657' title='bbox 1748 4106 1833 4145; x_wconf 79' lang='lat' dir='ltr'><strong>suit.</strong></span> <span class='ocrx_word' id='word_1_658' title='bbox 1867 4109 1952 4146; x_wconf 85' lang='lat' dir='ltr'><strong>Non</strong></span> <span class='ocrx_word' id='word_1_659' title='bbox 1982 4107 2108 4145; x_wconf 86' lang='lat' dir='ltr'><strong>multo</strong></span> <span class='ocrx_word' id='word_1_660' title='bbox 2140 4116 2232 4143; x_wconf 77' lang='lat' dir='ltr'><strong>vero</strong></span> <span class='ocrx_word' id='word_1_661' title='bbox 2260 4106 2347 4153; x_wconf 89' lang='lat' dir='ltr'><strong>post</strong></span> <span class='ocrx_word' id='word_1_662' title='bbox 2377 4100 2552 4142; x_wconf 86' lang='lat' dir='ltr'><strong>Cinesias</strong></span> <span class='ocrx_word' id='word_1_663' title='bbox 2572 4100 2708 4139; x_wconf 75' lang='lat' dir='ltr'><strong>chore-</strong></span> 
     </span>
     <span class='ocr_line' id='line_1_102' title="bbox 1423 4165 2708 4218; baseline -0.005 -11"><span class='ocrx_word' id='word_1_664' title='bbox 1423 4168 1503 4218; x_wconf 87' lang='lat' dir='ltr'><strong>gias</strong></span> <span class='ocrx_word' id='word_1_665' title='bbox 1524 4179 1684 4218; x_wconf 86' lang='lat' dir='ltr'><strong>prorsus</strong></span> <span class='ocrx_word' id='word_1_666' title='bbox 1703 4170 1872 4209; x_wconf 88' lang='lat' dir='ltr'><strong>sustulit.</strong></span> <span class='ocrx_word' id='word_1_667' title='bbox 1897 4169 2010 4208; x_wconf 72' lang='lat' dir='ltr'><strong>Unde</strong></span> <span class='ocrx_word' id='word_1_668' title='bbox 2035 4169 2194 4207; x_wconf 76' lang='lat' dir='ltr'><strong>Sti-attis</strong></span> <span class='ocrx_word' id='word_1_669' title='bbox 2216 4168 2253 4204; x_wconf 91' lang='grc'><strong>111</strong></span> <span class='ocrx_word' id='word_1_670' title='bbox 2276 4165 2407 4204; x_wconf 81' lang='lat' dir='ltr'><strong>sabula</strong></span> <span class='ocrx_word' id='word_1_671' title='bbox 2433 4174 2552 4213; x_wconf 84' lang='lat' dir='ltr'><strong>quam</strong></span> <span class='ocrx_word' id='word_1_672' title='bbox 2571 4166 2708 4202; x_wconf 73' lang='lat' dir='ltr'><strong>contra</strong></span> 
     </span>
     <span class='ocr_line' id='line_1_103' title="bbox 1425 4227 2582 4282; baseline -0.005 -13"><span class='ocrx_word' id='word_1_673' title='bbox 1425 4243 1515 4270; x_wconf 82' lang='lat' dir='ltr'><strong>euin</strong></span> <span class='ocrx_word' id='word_1_674' title='bbox 1539 4232 1708 4282; x_wconf 80' lang='lat' dir='ltr'><strong>scripsit,</strong></span> <span class='ocrx_word' id='word_1_675' title='bbox 1733 4233 1899 4271; x_wconf 79' lang='lat' dir='ltr'><strong>Cinesiae</strong></span> <span class='ocrx_word' id='word_1_676' title='bbox 1921 4234 2109 4280; x_wconf 78' lang='lat' dir='ltr'><strong>tanquam</strong></span> <span class='ocrx_word' id='word_1_677' title='bbox 2134 4229 2363 4280; x_wconf 74' lang='grc' dir='ltr'>χοροκτόνου</span> <span class='ocrx_word' id='word_1_678' title='bbox 2391 4227 2582 4264; x_wconf 75' lang='lat' dir='ltr'><strong>meminit-</strong></span> 
     </span>
    </p>
   </div>
  </div>
 </body>
</html>
