3016 4628
269 342 692 399 EPIROTARUM,
730 337 1032 402 AMBRAC„
1058 338 1575 395 CORCYRAEORUM,
1615 338 2110 387 EPlDAMNlORUM
2149 339 2563 389 RESPUBLICAE.

542 461 959 512 ΚΕΡΚΥΡΑΙΩΝ.

715 561 820 608 138.

180 670 334 715 Schol.
358 669 513 727 Apoll.
541 667 632 713 Rh.
662 666 740 719 IV,
770 662 903 723 983.
927 659 981 708 ‘H
1002 658 1045 706 δὲ
1074 657 1272 723 Κέρκυρα
1289 658 1397 722 πρό-

117 759 236 806 τερον
259 738 343 801 μὲν
366 735 567 802 Δρεπάνη
585 734 792 790 ἐκαλεῖτο,
814 724 967 779 εἶταῗ
931 730 1111 796 ...χερία.
1142 729 1317 777 ’ίΑποδ
1279 748 1399 776 ·οωσι

118 812 163 860 δὲ
197 810 335 858 αἰτίαν
367 809 577 872 ἐΑριστοτ
566 806 658 863 ’λης
682 807 726 852 ἐν
767 808 818 868 τῇ
862 802 1140 867 Κερκυραίων
1175 801 1397 849 πολιτεία

117 883 222 950 φησὶ
258 882 340 946 γὰρ
380 879 455 937 τὴν
490 878 703 943 Δήμητρα
742 875 1014 942 φοὸουμένην
1059 873 1138 935 μὴ
1164 877 1202 922 οἱ
1239 876 1287 921 ἐκ
1322 877 1398 932 τ’ἧς

119 954 322 1019 Ἠπείρου
373 950 595 1017 ἐρχόμενοι
642 947 952 1014 (ἐπιχεόμενοι
1002 949 1163 1008 Steph.
1187 948 1200 1010 )
1259 961 1400 992 ποτα-

119 1027 192 1090 μοὶ
230 1025 404 1088 ἤπειρον
447 1021 580 1080 αὐτὴν
616 1020 857 1079 ποιήσωσι,
897 1020 1099 1077 δεηθῆναι
1133 1019 1400 1070 Ποσειδῶνος

117 1096 387 1188 ἀποστρέψαι
407 1094 461 1142 τὰ
493 1097 578 1142 τῶν
601 1095 809 1157 ποταμῶν
836 1092 1051 1159 ῥεύματα
1089 1089 1400 1155 ἐπισχεθέντων

117 1190 189 1219 ουν
204 1169 378 1225 τούτων,
397 1165 490 1213 ἀντὶ
515 1165 739 1231 Δρεπάνης
757 1164 948 1231 Σχερίαν
968 1165 1271 1226 ὄνομασθηναι.
1291 1165 1403 1226 Δρε-

117 1243 232 1300 πάνη
276 1240 321 1286 δὲ
348 1240 541 1287 ἐκαλεῖτο
567 1237 637 1286 διὰ
659 1237 707 1286 τὸ
746 1236 822 1295 τὴν
847 1237 1062 1302 Δήμητρα
1104 1234 1399 1298 αἰτησαμένην

118 1311 324 1387 δρεπανον
348 1309 452 1375 παρ’
476 1309 735 1375 Ηφαίστου,
770 1308 867 1363 τοὺς
889 1311 1079 1361 Τιτᾶνας
1101 1307 1266 1362 διδάξαι
1291 1305 1401 1372 θερί·

117 1389 234 1441 ζειν·
257 1376 347 1430 εἶτα
367 1382 469 1430 αὐτὸ
487 1382 646 1447 κρύψαι
666 1383 724 1436 εἷς
743 1380 791 1428 τὸ
810 1379 1164 1447 παραθαλάσσιον
1185 1378 1309 1444 μέρος
1329 1381 1405 1435 τῆς

118 1457 275 1514 νήσου,
301 1454 646 1520 προσκλυζούσης
672 1452 717 1500 δὲ
741 1456 815 1511 τῆς
849 1453 1068 1510 θαλάσσης
1099 1450 1406 1513 ἕξομοιωθηναι

119 1528 196 1586 τὴν
222 1526 334 1575 θέσιν
354 1545 429 1581 της
450 1544 528 1586 γης
548 1524 752 1589 δρεπάνῃ.

182 1599 396 1647 Priorem
419 1609 598 1660 partem
613 1614 759 1658 usque
779 1598 839 1643 ad
858 1613 902 1644 v.
926 1598 1216 1658 ὀνομασθῆναι
1235 1595 1408 1655 repetit

119 1675 338 1736 Stephan.
364 1674 470 1731 Byz.
489 1689 534 1716 v.
563 1668 742 1732 Σχερία.
765 1671 833 1719 Cf.
863 1672 1068 1716 Eustath.
1091 1671 1149 1715 ad
1170 1669 1403 1728 Odyss.V‚

122 1745 197 1798 34.
212 1747 404 1790 Timaeus
423 1743 480 1790 fr.
501 1748 577 1796 54.
603 1744 659 1788 G.
683 1742 736 1790 C.
760 1741 939 1788 Miiller.
963 1744 1033 1787 De
1050 1743 1404 1800 Corcyraeorum

119 1819 237 1878 Rep.
263 1833 312 1877 p.
338 1833 383 1878 9.
657 1839 663 1844 ·

712 1902 818 1963 139.

185 1991 338 2036 Schol.
364 1990 660 2050 Aristophan.
689 1988 775 2036 A'v.
804 1989 924 2042 1463
954 2004 964 2035 :
995 1986 1180 2050 Λέγεταί
1204 2005 1266 2039 τις
1291 1987 1408 2049 Κορ-

123 2059 279 2125 κυραία
304 2059 476 2123 μάστιξ.
502 2061 705 2123 Συνεχῶς
725 2057 770 2105 δὲ
789 2058 909 2123 παρὰ
931 2054 1212 2123 Κορκυραίοις
1241 2055 1411 2111 ἀταξίαι

123 2132 330 2197 γίνονται.
352 2130 436 2179 Διὰ
452 2131 500 2178 τὸ
518 2131 766 2187 στασιάζειν
792 2122 864 2178 οῧν
881 2131 1125 2177 ἐπεπόλασε
1142 2132 1246 2194 παρ’
1271 2129 1412 2183 αὐτοῖς

123 2209 150 2263 ἡ
171 2203 355 2265 μάστιξ,
381 2202 493 2250 ὥστε
517 2203 687 2257 διπλαῖς
699 2206 889 2267 χρῆσθαι
910 2202 1118 2265 μεγάλαις
1135 2202 1208 2249 καὶ
1233 2203 1412 2267 ἐλεφαν·

130 2275 389 2330 τοκώποις...
411 2275 707 2341 Ἀριστοτέλης
732 2274 775 2322 δὲ
799 2275 847 2322 τὸ
869 2278 910 2324 Κ
926 2294 976 2340 ερ
991 2295 1051 2322 κυ
1066 2294 1087 2340 ρ
1101 2274 1152 2322 αί
1167 2294 1194 2320 α
1217 2274 1284 2337 μά
1298 2273 1412 2328 στιξ

123 2350 258 2413 λέγων
283 2347 410 2413 φησὶν
434 2347 589 2401 οὕτως·
619 2371 638 2390 «ι
662 2346 741 2396 Διὸ
774 2347 849 2394 καὶ
879 2347 954 2402 τὰς
984 2346 1134 2401 κώπας
1158 2349 1295 2394 αὐτῶν
1323 2348 1412 2393 ἐλε-

128 2419 332 2485 φαντίνας
363 2418 622 2478 ἐποιήσαντο
651 2418 726 2466 καὶ
750 2419 798 2466 τὸ
824 2418 991 2482 μεγέθει
1014 2419 1230 2484 περιττάς.
1273 2417 1407 2468 ‘'Oeev

73 2513 76 2516 ’
126 2496 154 2548 ἡ
184 2491 434 2557 Κορκυραία
465 2491 710 2539 ἐπεπόλασε
753 2491 937 2554 μάστιξ,
964 2490 1039 2539 καὶ
1074 2493 1131 2544 εἷς
1171 2491 1409 2557 παροιμίαν

114 2558 244 2622 ἦλθε.
271 2586 291 2606 ι»

192 2637 366 2683 Zenob.
391 2639 479 2694 IV,
507 2644 607 2697 492
648 2629 948 2700 Κερκυραία
975 2634 1187 2698 μάστιξ·
1213 2634 1414 2699 περιττήν

53 2721 58 2724 “
127 2727 222 2754 τινα
239 2706 508 2765 κατασκευὴν
529 2712 643 2771 εἰχον
668 2710 711 2755 αἱ
734 2709 998 2772 Κερκυραῗαι
1017 2708 1242 2771 μάστιγες,
1260 2707 1323 2754 διὸ
1342 2727 1415 2753 και

129 2781 187 2832 εἷς
209 2778 445 2842 παροιμίαν
469 2781 705 2844 παρῆλθον.
732 2780 789 2828 Οἱ
818 2778 960 2826 δὲκαὶ
982 2781 1133 2832 διπλᾶς
1158 2778 1288 2832 αυτὰς
1313 2777 1416 2843 ἔφα-

129 2870 208 2898 σαν
233 2855 360 2909 εἰναι,
389 2870 504 2915 ειχον
525 2851 569 2898 δὲ
599 2850 672 2898 και
696 2851 970 2917 ἐλεφαντίνας
989 2852 1136 2906 κώπας
1161 2850 1236 2898 καὶ
1260 2871 1320 2897 τω
1340 2869 1418 2912 με-

2675 350 2761 390 14⁴.)

1474 434 1587 498 γέθει
1610 435 1806 498 περιτταὶ
1831 430 1956 493 ἦσαν.
1993 434 2319 500 (Υπερηφάνους
2340 437 2422 501 γὰρ
2448 440 2764 502 εὐπραγοῦντας

1473 505 1567 560 τοὺς
1588 505 1879 571 Κερκυραίους
1892 506 2019 569 φησὶν
2039 506 2329 569 Ἀριστοτέλης
2350 508 2561 570 γενέσθαι.
2594 513 2762 557 Ιζειιῖριιι

1472 580 1748 640 Diogenian.
1775 582 1836 635 V,
1884 578 1963 635 50,
1992 580 2212 638 Hesych.,
2239 582 2469 625 Plutarch.
2503 585 2640 629 prov.
2691 601 2763 630 12.

1483 671 1502 691 «
1532 652 1717 697 Fabulae
1738 651 1797 695 de
1816 651 1999 695 scuticis
2023 650 2289 709 duplicibus
2309 661 2355 694 et
2377 653 2590 697 eburneis
2612 670 2767 698 manu·

1476 724 1590 767 briis
1617 724 1792 768 ornatis
1826 722 2016 767 fortasse
2041 723 2270 782 originem
2295 722 2471 768 duxere
2505 740 2529 768 e
2567 726 2764 768 donario

1477 796 1830 855 Corcyraeorum
1868 794 2114 839 Dodonaeo
2149 793 2229 853 (cf.
2268 795 2476 838 Eustath.
2521 798 2569 839 in
2600 798 2760 855 Odyss.

1474 868 1610 923 xlv,
1640 866 1751 926 327,
1771 883 1820 926 p.
1843 866 1980 923 1760,
2015 866 2178 911 Suidas
2198 879 2238 911 v·
2253 864 2507 911 Δωδωναῖον
2527 868 2769 928 χαλκεῖον),

1476 954 1627 998 puero
1657 937 1840 999 flagello
1869 953 1947 982 vas
1982 953 2159 982 aeneum
2183 938 2420 996 pulsante,
2442 938 2568 982 unde
2603 940 2776 982 Strabo.

1479 1013 1589 1069 VII,
1615 1027 1662 1071 p.
1685 1011 1795 1071 329,
1819 1011 2126 1070 proverbium
2145 1009 2342 1053 derivat.
2366 1010 2512 1054 Simul
2528 1025 2640 1054 vero
2664 1027 2770 1054 scu-

1478 1086 1600 1142 ticae,
1643 1084 1812 1143 quibus
1853 1084 2083 1143 Corcyraei
2121 1084 2171 1126 in
2211 1082 2520 1126 seditionibus
2556 1084 2625 1126 usi
2668 1092 2777 1126 sunt·

1482 1154 1654 1216 (Thuc.
1680 1157 1771 1214 lv,
1799 1153 1905 1216 47),
1930 1164 1982 1199 ut
2001 1155 2266 1214 exemplum
2291 1154 2575 1199 crudelitatis
2591 1155 2638 1198 in
2658 1170 2772 1213 pro-

1478 1228 1692 1272 verbium
1713 1228 1842 1271 abire
1872 1236 2081 1287 poterat,
2101 1241 2195 1285 quo
2213 1225 2356 1270 refert
2375 1241 2450 1270 eas
2470 1226 2614 1272 schol.
2634 1228 2771 1272 Arist.

1480 1303 1565 1346 Av.
1600 1299 1739 1352 1463.
1758 1301 1888 1343 Tunc
1913 1300 2107 1343 omnino
2135 1294 2382 1360 Κερκυραία
2406 1294 2562 1358 μάστιξ
2590 1298 2768 1358 signiti—

1481 1372 1614 1415 cabat
1633 1369 1869 1431 flagellum
1889 1370 1949 1415 ad
1973 1369 2291 1430 castigandum
2314 1369 2554 1415 idoneum.
2584 1370 2782 1413 Photius-

1481 1443 1589 1487 cod.
1617 1442 1728 1498 268,
1752 1458 1801 1501 p.
1837 1447 1947 1501 4973
1974 1442 2212 1487 Plutarch.
2238 1442 2393 1487 Vit.X
2416 1442 2544 1488 Orat.
2573 1457 2622 1500 p.
2659 1441 2775 1496 842,

1484 1516 1539 1560 D.
1569 1535 1588 1556 ³>
1621 1513 1682 1562 G.
1717 1513 1931 1559 MULLER.
1959 1515 1991 1558 l.
2019 1515 2051 1557 l.
2087 1529 2138 1573 p.
2164 1517 2240 1565 24.
2278 1513 2630 1573 Corcyraeorum
2654 1510 2783 1575 &epm

1485 1585 1559 1632 καὶ
1582 1584 1774 1640 ἐξουσίαν
1792 1583 1979 1632 πλούτου
2002 1594 2133 1630 notat
2156 1586 2369 1645 Thucyd.
2396 1587 2438 1642 1,
2463 1586 2538 1630 38.
2564 1589 2777 1631 Ceterum

1483 1660 1649 1705 referri
1675 1661 1770 1704 haec
1795 1661 1931 1704 etiam
1956 1659 2015 1704 ad
2041 1674 2158 1718 opus
2182 1655 2293 1719 Περὶ
2313 1660 2555 1721 παροιμιῶν
2581 1668 2773 1719 possent.

1899 1769 2360 1833 [summulam

2057 1878 2209 1941 [140·]

1551 1986 1772 2049 [Aristot.
1799 1989 1899 2034 Pol.
1923 1989 2017 2042 III,
2047 2004 2065 2031 1
2081 2004 2097 2031 1
2117 2021 2131 2044 ,
2158 2003 2175 2031 1
2206 2003 2216 2031 ε
2242 1984 2299 2033 ‘O
2318 1985 2393 2048 μὲν
2415 1985 2498 2051 γὰρ
2519 1987 2629 2033 κατὰ
2649 1987 2778 2047 νόμον

1487 2058 1715 2122 λεγόμενος
1742 2056 1940 2122 βασιλεὺς
1976 2060 2053 2105 οὐκ
2077 2057 2191 2105 ἔστιν
2219 2050 2557 2123 εἶδος,καθάπερ
2584 2059 2775 2119 εἴπομεν,

1488 2131 1728 2184 πολιτείας·
1762 2132 1805 2177 ἐν
1826 2130 1986 2184 πάσαις
2006 2129 2089 2193 γὰρ
2114 2130 2324 2195 ὑπάρχειν
2349 2130 2567 2195 ἐνδέχεται
2587 2151 2778 2196 στρατη-

1487 2203 1585 2266 γίαν
1622 2199 1782 2260 ἀίδιον,
1828 2196 1914 2249 οἷον
1954 2203 1997 2248 ἐν
2034 2202 2303 2268 δημοκρατίᾳ
2331 2205 2404 2249 καὶ
2445 2203 2777 2268 ἀριστοκρατίᾳ,

1489 2277 1563 2323 καὶ
1588 2275 1741 2323 πολλοὶ
1757 2279 1949 2322 ποιοῦσιν
1975 2272 2048 2320 ἕνα
2070 2274 2214 2336 κύριον
2248 2278 2323 2332 τῆς
2347 2275 2572 2333 οἰκήσεως·
2601 2275 2780 2333 τοιαύτη

1489 2345 1571 2412 γὰρ
1611 2345 1722 2412 ἀρχή
1764 2350 1829 2400 τίς
1859 2349 1949 2393 ἐστι
1988 2344 2062 2393 καὶ
2103 2345 2200 2409 περὶ
2241 2345 2534 2408 Ἐπίδαμνον,
2576 2348 2649 2394 καὶ
2683 2348 2780 2411 περὶ

1490 2419 1708 2467 Ὀποῦντα
1734 2417 1777 2465 δὲ
1802 2417 1913 2464 κατά
1939 2437 1979 2464 τι
2001 2418 2127 2482 μέρος
2154 2418 2346 2466 ἔλαττον.

1554 2495 1609 2548 V,
1633 2492 1678 2548 3,
1703 2496 1726 2544 4
1755 2509 1765 2536 :
1791 2488 2014 2538 Μετέὸαλε
2038 2489 2081 2536 δὲ
2102 2489 2175 2536 καὶ
2197 2492 2239 2535 ἐν
2262 2490 2519 2555 Ἐπιδάμνῳ
2535 2494 2561 2548 ἡ
2584 2491 2788 2556 πολιτείᾳ,

1492 2563 1539 2609 ἐκ
1567 2565 1784 2624 γαμικῶν·
1826 2561 2284 2624 ὑπομνηστευσάμενος
2318 2563 2402 2626 γάρ
2437 2583 2499 2617 τις
2538 2562 2781 2627 θυγατέρα,

1491 2637 1548 2688 ὡς
1580 2633 1816 2695 ἐζημίωσεν
1853 2632 1980 2680 αὐτὸν
2007 2637 2029 2680 ὁ
2067 2638 2140 2681 τοῦ
2176 2633 2593 2696 ὑπομνηστευθέντος
2637 2635 2781 2700 πατὴρ

1491 2705 1713 2769 γενόμενος
1746 2709 1829 2752 τῶν
1870 2705 2119 2770 ἀρχόντων,
2154 2705 2300 2771 ἅτερος
2336 2706 2646 2771 συμπαρέλαὸε
2686 2706 2789 2761 τοὺς.

1492 2777 1611 2831 ἐκτὸς
1631 2776 1846 2830 πολιτείας
1867 2780 1923 2831 ὡς
1944 2778 2238 2843 ἐπηρεασθείς.

1559 2854 1614 2907 V,
1642 2867 1683 2906 1,
1706 2851 1734 2895 6
1764 2866 1775 2898 z
1804 2849 1894 2897 Καὶ
1921 2851 1964 2895 ἐν
1989 2849 2246 2915 Ἐπιδάμνῳ
2283 2849 2328 2896 δὲ
2354 2849 2587 2913 μετέὸαλεν
2611 2854 2637 2907 ἡ
2661 2852 2789 2897 πολι-ι

502 2988 1018 3038 CORCYRAEORUM.

721 3114 818 3154 138.

185 3218 357 3266 Corcyra
376 3217 596 3268 antiquitus
620 3221 802 3268 Drepane
824 3218 1119 3268 nominabatur,
1136 3218 1279 3258 deinde
1297 3218 1420 3258 Sche-

137 3279 208 3318 ria.
226 3280 394 3318 Causam
415 3281 470 3319 rei
489 3281 609 3321 tradit
632 3282 858 3322 Aristoteles
872 3282 912 3321 in
929 3285 1230 3333 Corcyraeorum
1246 3293 1329 3332 rep.
1351 3281 1421 3320 Di-

70 3354 77 3358 ·
135 3342 190 3381 cit
212 3342 318 3381 enim
347 3345 530 3383 Cererem
558 3345 799 3384 metuentem
825 3357 876 3385 ne
901 3346 1111 3385 fluviorum
1132 3346 1422 3396 Epiroticorum

135 3404 282 3444 alluvie
303 3405 431 3445 insula
446 3406 663 3446 continenti
679 3407 925 3458 jungeretur,
943 3419 965 3447 e
981 3411 1160 3459 Neptuno
1176 3409 1334 3459 petiisse
1346 3438 1356 3458 ,
1378 3410 1424 3448 ut

73 3464 76 3470 '
138 3467 352 3519 {fluviorum
371 3480 511 3510 cursus
530 3473 743 3511 averteret.
763 3472 944 3511 inhibitis
958 3472 1075 3521 igitur
1098 3473 1421 3524 (ἐπισχεθέντων)

139 3530 267 3572 fluviis
308 3535 515 3588 Drepanen
549 3535 705 3574 mutato
738 3535 898 3574 nomine
940 3535 1158 3575 Scheriam
1187 3537 1424 3586 appellatam

139 3604 236 3634 esse.
263 3597 442 3645 Drepane
471 3607 566 3636 vero
599 3597 878 3638 nominabatur
909 3601 1138 3649 propterea,
1170 3599 1279 3649 quod
1309 3587 1428 3639 Ceres

141 3659 237 3699 Falce
255 3671 280 3700 a
297 3661 477 3701 Vulcano
499 3664 621 3712 petita
639 3663 798 3703 Titanas
813 3666 963 3703 metere
992 3664 1150 3715 docuit,
1171 3664 1316 3704 deinde
1345 3675 1419 3703 an·

135 3724 223 3764 -tem
239 3753 251 3774 ,
268 3735 394 3776 quum
410 3727 551 3767 salcem
575 3727 618 3767 in
651 3729 851 3768 maritimo
866 3729 1005 3769 insulae
1025 3730 1113 3769 loco
1141 3729 1424 3779 abscondisset,

141 3788 260 3829 maris
273 3789 426 3830 affluxu
441 3791 608 3833 formam
628 3792 768 3833 insulae
782 3793 1036 3834 assimilatam
1055 3795 1147 3834 falci
1162 3805 1263 3834 esse.

729 3897 829 3938 139.

131 4007 134 4009 >
196 3983 346 4024 Dicitur
357 3987 507 4028 scutica
523 3988 708 4039 quaedam
729 3993 952 4042 Corcyraea.
975 3992 1169 4032 Nimirum
1187 4000 1312 4042 quum
1332 4002 1427 4031 con-

146 4045 269 4086 tinuae
282 4048 363 4088 fere
378 4051 483 4100 apud
503 4054 731 4102 Corcyraeos
753 4055 963 4095 seditiones
974 4057 1103 4095 essent
1123 4085 1134 4105 ‚
1153 4057 1314 4095 senticae
1334 4058 1429 4094 usus

87 4110 91 4112 ’
146 4109 250 4159 apud
265 4121 332 4151 eos
345 4111 514 4154 invaluit
528 4144 539 4163 ‚
557 4114 657 4156 adeo
671 4118 718 4156 ut
731 4116 908 4168 duplices
926 4120 967 4158 et
981 4130 1211 4169 pei-magnas
1226 4119 1428 4157 eburneis-

147 4182 227 4220 que
251 4172 462 4215 instructas
490 4179 707 4219 manubriis
733 4183 982 4230 usurparent.
1015 4182 1241 4221 Aristoteles
1264 4193 1426 4231 prover-

149 4233 249 4275 biale
271 4236 374 4277 istud
396 4241 618 4290 Corryroea
645 4245 805 4283 scatit-a
835 4255 1148 4284 commemorans
1167 4245 1220 4284 ait
1244 4261 1251 4283 :
1275 4262 1291 4277 u
1318 4248 1423 4291 Qua-

1492 2987 1651 3034 propter
1692 2985 1811 3024 etiam
1835 2984 2018 3024 eburneis
2043 2985 2262 3026 manubriis
2298 2986 2573 3026 instruxerunt
2607 2997 2673 3025 eas
2699 2987 2790 3025 exi«

1495 3048 1667 3098 miaeque
1700 3048 1879 3088 fecerunt
1913 3048 2208 3099 magnitudinis.
2241 3049 2355 3090 Unde
2389 3052 2598 3099 Corcyraea
2629 3050 2780 3089 scutica

1492 3114 1662 3154 invaluit
1673 3116 1713 3154 et
1726 3116 1764 3153 in
1775 3115 2032 3164 proverbium
2048 3115 2159 3155 abiit.
2178 3131 2195 3150 υ
2206 3137 2259 3144 -
2269 3116 2467 3166 Corcyraei
2485 3115 2536 3155 ob
2553 3116 2786 3166 prosperita-

1492 3180 1573 3218 tem
1594 3178 1893 3228 superbiebant,
1912 3180 1958 3218 ut
1973 3178 2204 3219 Aristoteles
2221 3179 2291 3219 ait.

1860 3283 2426 3346 [EPIDAMNIORUM.]

2069 3393 2209 3446 [140]

1547 3485 1662 3536 [Nam
1677 3486 1746 3535 qui
1763 3487 1910 3536 exlege
1924 3486 2090 3537 imperat
2108 3488 2149 3526 et
2162 3498 2235 3527 rex
2246 3487 2481 3538 appellatur,
2503 3488 2535 3526 is
2547 3498 2623 3525 non
2641 3486 2785 3530 eflicit,

1498 3551 1543 3588 ut
1561 3548 1757 3599 diximus,
1774 3550 1999 3599 reipublicae
2016 3550 2339 3590 administrandae
2355 3551 2592 3601 peculiarem
2612 3549 2785 3599 aliquam

1496 3613 1682 3662 speciem.
1702 3615 1747 3651 In
1771 3613 1956 3652 omnibus
1975 3613 2081 3652 enim
2098 3614 2384 3664 rebuspublicis
2401 3615 2625 3663 contingere
2641 3616 2783 3662 potest,

1498 3676 1544 3714 ut
1559 3675 1610 3715 sit
1639 3675 1851 3725 imperium
1873 3675 1966 3715 belli
1991 3679 2251 3726 perpetuum,
2274 3677 2398 3716 veluti
2418 3678 2457 3715 in
2481 3677 2721 3716 democratia
2745 3678 2784 3713 et

1498 3740 1744 3779 aristocratia
1763 3756 1772 3780 ς
1791 3744 1832 3780 et
1851 3741 1970 3781 multi
1994 3743 2063 3781 uni
2084 3742 2207 3782 totius
2222 3743 2279 3782 rei
2294 3742 2447 3782 bellicae
2467 3741 2784 3781 administranda„¹

1499 3804 1733 3852 potestatem
1746 3803 1943 3844 deserunt.
1965 3805 2059 3844 Tale
2081 3805 2187 3845 enim
2210 3805 2410 3856 quoddam
2430 3804 2640 3854 imperium
2662 3803 2784 3841 habet

1499 3866 1639 3905 civitas
1676 3866 1999 3916 Epidamniorum
2029 3870 2069 3909 et
2098 3869 2391 3920 Opuntiorum,
2419 3868 2548 3917 aliqua
2567 3869 2702 3906 tamen
2729 3877 2779 3904 ex

1499 3931 1612 3979 parte
1633 3930 1851 3979 angustius.

1554 3993 1732 4033 Mutatus
1746 3995 1804 4034 est
1822 3996 1862 4034 et
1878 3995 2085 4045 Epidamni
2107 3995 2333 4046 reipublicae
2351 3998 2476 4034 status
2491 4003 2540 4032 ex
2566 4003 2683 4030 causa
2715 4003 2780 4030 nu—

1499 4055 1623 4106 ptiali.
1633 4060 1768 4103 Quum
1781 4058 1885 4096 enim
1897 4059 2059 4108 quidam
2070 4059 2189 4097 filiam
2203 4070 2314 4097 suam
2328 4057 2483 4095 cuidam
2498 4054 2781 4104 despondisset,

1500 4121 1540 4158 et
1560 4119 1690 4168 spousi
1709 4122 1820 4169 pater
1846 4123 2119 4170 magistratum
2140 4133 2278 4170 gerens
2294 4121 2483 4158 inulctam
2501 4118 2537 4156 ei
2560 4117 2781 4166 irrogasset,

1500 4182 1566 4220 ille
1584 4183 1683 4221 alter
1706 4186 1898 4232 tanquam
1923 4184 2065 4232 inJuria
2089 4188 2128 4223 et
2148 4176 2389 4223 contumelia
2407 4182 2573 4220 affectus
2588 4210 2599 4227 ,
2618 4191 2688 4219 cos
2706 4181 2781 4218 ad·-

1501 4245 1633 4294 junxit
1649 4246 1745 4297 sibi,
1769 4248 1837 4301 qui
1864 4248 2091 4298 reipublicae
2119 4246 2459 4286 administratione
2479 4244 2628 4284 exclusi
2658 4247 2787 4286 crant.
