3016 4628
1188 256 1608 308 FRAGMENTA.

59 363 65 386 ³
92 363 170 423 τὴν
192 364 374 424 Ἰνδικὴν
397 363 745 429 ἐπιτυγχάνουσιξ
774 362 944 410 πάντων
967 363 1009 410 δὲ
1035 364 1149 427 (μὴ)
1172 366 1371 430 τελεσφο·

93 437 323 503 ρουμὲνων,
353 439 529 502 θατέρου
559 438 643 484 τῶν
672 437 851 499 καρπῶν
882 436 960 482 οὐκ
988 436 1373 499 ἀποτυγχάνουσιν.

93 509 148 572 (ο)
173 507 236 557 Οἵ
250 528 296 556 τε
317 507 666 571 αὐτοματίζοντες
683 509 838 572 καρποὶ
859 506 933 553 καὶ
955 509 999 553 αἱ
1020 506 1133 554 κατὰ
1151 506 1248 561 τοὺς
1269 506 1373 555 ἑλώ·

35 583 49 609 ’·
91 581 176 636 διις
210 581 367 634 τόπους
397 579 605 647 φυόμεναι
637 578 748 646 ῥίζαι
778 577 971 643 διάφοροι
995 582 1089 632 ταῖς
1117 578 1376 641 γλυκύτησιν

90 648 215 705 οὖσαι
247 651 410 711 πολλὴν
444 653 707 718 παρέχονται
737 657 822 704 τοῖς
855 650 1091 715 ἀνθριίιποις
1126 652 1375 717 δαψίλειαν·

91 728 233 776 πάντα
256 725 339 792 γὰρ
364 724 514 789 σχεδὸν
536 723 591 770 τὰ
621 722 734 770 κατὰ
755 723 832 780 τὴν
857 723 1005 788 χώραν
1027 726 1152 771 πεδία
1176 725 1377 787 γλυκεῖαν

36 816 37 819 ’
91 799 182 864 ἔχει
215 796 293 856 τὴν
325 797 412 844 ἀπὸ
442 797 526 842 τῶν
548 796 758 856 ποταμῶν
789 797 953 856 ἰκμάδα
977 794 1051 842 καὶ
1075 795 1152 854 τὴν
1185 796 1270 844 ἀπὸ
1291 800 1376 843 τῶν

33 883 51 896 ”
89 871 136 918 ἐν
159 873 220 935 τῷ
238 869 350 935 θέρει
365 865 635 932 [γινομένων]
657 865 752 912 κατ’
778 866 969 914 ἐνιαυτὸν
993 869 1174 933 κυκλικῇ
1195 888 1276 915 τινι
1298 888 1376 916 πε-

90 941 218 1007 ριόδῳ
231 937 480 1003 παραδόξως
497 937 704 985 εἰωθότων
722 938 910 1001 γίνεσθαι
929 939 1167 1005 δαψίλειαν,
1183 942 1376 1005 χλιαρῶν

88 1013 331 1060 πιπτόντων
355 1009 521 1056 ὑδάτων
545 1010 594 1056 ἐκ
618 1014 691 1056 τοῦ
725 1009 997 1074 περιέχοντος
1022 1010 1166 1075 ἀέρος,
1192 1012 1265 1068 καὶ
1305 1012 1379 1067 τὰς

47 1083 135 1133 εἶὲν
154 1083 240 1136 τοῖς
262 1081 377 1129 ἕλεσι
400 1080 516 1146 ῥίζας
539 1081 711 1146 ἕψοντος
730 1086 802 1129 τοῦ
824 1082 1043 1144 καύματος
1057 1120 1068 1140 ,
1093 1083 1166 1130 καὶ
1187 1083 1375 1145 μάλιστα

56 1156 174 1214 ιζτῶν
197 1154 396 1218 μεγάλων
422 1153 646 1216 καλάμων.
718 1155 791 1216 (ιο)
827 1154 1162 1216 Συμὸάλλονται
1186 1129 1230 1203 δὲ
1258 1157 1376 1222 παρὰ

47 1227 173 1288 ,Wg
203 1225 348 1280 Ἰνδοῖς
377 1225 452 1272 καὶ
486 1225 541 1272 τὰ
576 1226 739 1288 νόμιμα
765 1226 868 1290 πρὸς
891 1227 938 1274 τὸ
964 1228 1180 1287 μηδέποτε
1214 1227 1376 1276 ἔνδειαν

38 1267 247 1363 Αἷτροφης
270 1301 375 1362 παρ’
407 1299 549 1352 αὐτοῖς
582 1303 716 1344 εἰναι·
747 1298 867 1364 παρὰ
893 1298 970 1360 μὲν
997 1298 1080 1364 γὰρ
1114 1306 1200 1354 τοῖς
1236 1301 1378 1352 ἄλλοις

32 1404 34 1408 -
59 1370 323 1436 ··ένθρώποις
364 1372 403 1417 oi
451 1369 651 1433 πολέμιοι
697 1371 1047 1436 καταφθείροντες
1097 1371 1175 1428 τὴν
1229 1372 1377 1437 χώραν

61 1448 82 1507 j
147 1442 360 1507 εώργητον
378 1443 765 1498 κατασκευάζουσι·
783 1443 904 1508 παρὰ
921 1443 964 1490 δὲ
977 1444 1137 1498 τούτοις
1154 1448 1237 1491 τῶν
1251 1463 1378 1509 γεωρ-

63 1516 172 1579 Ϊ.γῶν
193 1518 318 1581 ἱερῶν
338 1515 412 1562 καὶ
434 1514 642 1561 ἀσύλων’
625 1515 842 1577 εωμένων,
870 1518 908 1563 οἱ
928 1517 1111 1574 πλησίον
1134 1519 1216 1562 τῶν
1236 1536 1374 1582 παρα-

72 1589 246 1644 τάξεων
273 1593 556 1653 γεωργοῦντες
579 1588 882 1645 ἀνεπαίσθητοι
906 1592 989 1635 τῶν
1024 1588 1227 1636 κινδύνων
1255 1590 1374 1636 εἰσίν

54 1656 338 1729 ’ῙἏμφότεροι
361 1660 443 1725 γὰρ
464 1663 502 1707 οἱ
527 1663 812 1722 πολεμουντες
837 1661 1046 1716 ἀλλήλους
1079 1661 1156 1723 μὲν
1181 1661 1378 1709 ἀποκτεί-

44 1739 224 1794 ’ἕνωσιν
243 1735 286 1780 ἐν
305 1736 396 1786 ταῖς
420 1732 582 1796 μάχαις
599 1769 612 1793 ,
631 1753 726 1786 τους
747 1731 791 1779 δὲ
811 1734 910 1796 περὶ
930 1731 1007 1790 τὴν
1027 1733 1238 1798 γεωργίαν
1255 1733 1378 1788 ὄντας

32 1830 74 1869 5·
75 1803 213 1856 ffiew
237 1805 512 1862 ἀὸλαὸεἵς,“
491 1825 548 1858 ως
571 1805 734 1859 κοινοὺς
757 1805 881 1858 ὄντας
906 1804 1108 1851 ἁπάντων
1133 1807 1226 1868 εὖερ
1231 1805 1377 1867 γε’τας,

32 1883 35 1887 ’
44 1877 161 1938 qd<
186 1897 235 1926 τε
250 1877 396 1943 χώρας
415 1881 501 1924 τῶν
529 1877 925 1940 ἀντιπολεμούντων
953 1876 1043 1924 οὔτ’
1075 1879 1376 1941 ἐμπυρίζουσιν

37 1980 43 2015 3
56 1951 184 2000 ὴὸτε
209 1951 572 2014 δενδροτομοῦσιν.

110 2024 394 2072 ἻΧΧΧῪΙΙ
431 2039 490 2071 ιι.
515 2018 647 2086 Εχει
670 2022 715 2069 δὲ
740 2022 814 2070 καὶ
847 2041 1066 2083 ποταμους
1089 2026 1116 2080 ἡ
1140 2021 1263 2086 χώρα
1291 2042 1375 2070 των

36 2148 42 2152 ,,
104 2096 233 2144 νδῶν
256 2094 438 2147 πολλοὺς
463 2114 538 2142 και
563 2095 774 2159 μεγάλους
804 2093 1021 2152 πλωτους,
1051 2093 1092 2141 οἳ
1122 2095 1198 2148 τὰς
1233 2095 1376 2158 πηγὰς

33 2170 36 2179 ’
75 2181 255 2238 Ῑοντες
279 2169 321 2214 ἐν
344 2170 431 2222 τοῖς
451 2166 568 2233 ὄρεσι
585 2169 671 2222 τοῖς
690 2168 795 2231 πρὸς
813 2166 890 2221 τὰς
911 2168 1091 2231 ἄρκτους
1113 2167 1378 2229 κεκλιμένοις

35 2233 37 2240 ’
91 2260 285 2307 ’,χρονται
302 2240 372 2288 διὰ
394 2245 471 2298 τ’ἧς
490 2241 708 2299 πεδιάδος,
728 2245 790 2288 ὢν
810 2242 886 2287 οὐκ
905 2241 1039 2327 ὀλίγοι
1063 2240 1375 2303 συμμίσγοντες

34 2326 47 2355 1.
92 2313 289 2381 *βλήλοις
315 2312 606 2375 ἐμὸάλλουσιν
638 2315 673 2360 εἰ
677 2334 695 2367 ς
730 2312 924 2374 ποταμὸν
955 2312 1030 2360 τὸν
1065 2313 1376 2376 ὀνομαζόμενον

72 2387 82 2395 ”
109 2399 112 2402 ’
135 2384 152 2403 ”
349 2384 419 2452 (12)
445 2378 583 2439 Οὗτος
613 2385 657 2432 δὲ
678 2385 727 2432 τὸ
756 2385 920 2475 πλάτονς
944 2384 1167 2448 γενόμενος
1191 2383 1375 2432 σταδίων

36 2448 37 2451 ,
86 2399 301 2449 “mv‘'

106 2457 314 2506 ιάκοντα
346 2458 521 2523 φέρεται
549 2457 626 2520 μὲν
659 2457 745 2504 ἀπὸ
772 2478 850 2515 της
880 2457 1038 2522 ἄρκτου
1061 2457 1167 2520 πρὸς
1199 2475 1374 2519 μεσημ-

28 1192 62 1288 3⁴⁴1»-
29 1017 51 1179 φωνῆς-τ
47 992 49 994 ’

91 2611 135 2648 ,3⁵
167 2596 176 2605 “
227 2596 359 2647 inopia
394 2597 546 2636 indiam
575 2597 711 2636 vexari
741 2597 1131 2651 perhibent90uum
1165 2597 1271 2635 enim
1317 2596 1377 2636 bis

152 2659 264 2701 libet
289 2671 393 2700 anno
419 2661 458 2700 in
483 2660 594 2700 india
617 2661 753 2711 pluat,
772 2661 892 2699 semel
916 2660 990 2699 sub
1008 2661 1177 2699 hiemem
1192 2689 1203 2710 ‚
1221 2660 1379 2710 quando

102 2725 224 2779 tici,
247 2726 362 2765 sicuti
378 2725 482 2776 apud
502 2726 624 2775 alios,
643 2726 689 2766 fit
708 2725 919 2775 sementis;
948 2726 1094 2765 iterum
1118 2727 1223 2765 circa
1245 2726 1376 2765 solsti-

148 2800 188 2830 ιιι
213 2789 420 2839 aestivum,
449 2789 490 2828 in
518 2756 627 2839 quod
656 2800 811 2839 oryzae,
841 2790 1022 2839 bospori,
1046 2789 1187 2829 sesami
1214 2792 1254 2829 et
1279 2789 1378 2828 milii

85 2854 186 2896 tio
213 2855 388 2895 incidit:
411 2865 462 2894 ex
489 2857 661 2905 utraque
696 2866 822 2894 messe
851 2854 1115 2905 utplurimum
1142 2855 1249 2895 Indis
1276 2856 1381 2904 larga

39 2974 47 2980 ’
107 2931 242 2973 gum
259 2922 372 2972 copia
384 2921 499 2961 redit
540 2921 691 2967 Quodsi
710 2932 789 2959 uua
807 2921 944 2960 messis
961 2931 1040 2960 non
1060 2921 1231 2971 perfecte
1249 2921 1380 2960 omnia

37 2985 117 3034 '‘„z
144 3000 190 3021 ης·
214 2987 270 3036 t,
287 2985 450 3026 alterius
465 2987 572 3024 certe
592 2985 774 3034 frugibus
787 2995 866 3024 non
883 2984 1170 3024 destituuntur.
1199 2985 1257 3035 (9)
1277 2985 1381 3031 Quin

37 3049 40 3096 ζ
77 3045 90 3094 ’ᾗ
164 3059 207 3089 m
240 3050 380 3100 sponte
411 3048 607 3099 procreati
642 3049 795 3088 fructus
825 3049 866 3088 et
910 3048 949 3087 in
975 3049 1216 3098 palustribus
1249 3050 1379 3087 enatae

38 3123 40 3125 ’
115 3166 118 3174 ’
142 3123 239 3153 ηοω
277 3112 488 3152 dulcedine
527 3112 672 3151 eximia
711 3113 861 3162 largam
899 3111 961 3152 sui
1001 3112 1157 3162 copiam
1199 3106 1378 3151 mortali-

85 3198 87 3204 ·
94 3193 158 3246 ’με
206 3177 400 3228 praebent.
453 3179 607 3215 Omnes
635 3175 743 3215 enim
770 3186 892 3226 prope
921 3176 1088 3226 regionis
1119 3175 1226 3214 illius
1252 3175 1380 3225 campi

40 3291 41 3298 ’
106 3241 194 3313 lei
215 3241 392 3301 amnium
419 3239 710 3289 imbriumque,
730 3239 798 3290 qui
815 3239 1081 3279 anniversario
1109 3250 1176 3289 per
1202 3241 1380 3279 aestatem

162 3307 259 3348 nitu
285 3307 476 3348 exsistere
501 3307 664 3357 repente
692 3305 848 3354 solent,
878 3305 1047 3344 humore
1075 3304 1380 3354 perfunduntur.

94 3329 406 3435 ΐθκωιιιιῐοιιι
431 3373 473 3412 in
497 3371 732 3423 paludibus,
762 3369 982 3420 praesertim
1001 3380 1233 3419 magnarum
1257 3380 1378 3408 arun·-

40 3472 50 3494 „
114 3437 130 3483 f-
142 3438 175 3489 31'·
186 3446 252 3487 m,
277 3439 399 3478 aestus
419 3437 515 3477 solis
538 3435 761 3488 percoquit.
796 3434 877 3485 (10)
898 3433 958 3474 Ad
986 3433 1023 3473 id
1043 3445 1161 3484 νει-ο,
1181 3445 1232 3473 ne
1255 3434 1379 3473 tames

140 3516 156 3527 ··
176 3516 182 3534 ι
212 3500 330 3542 Indos
348 3501 616 3551 ingravescat,
643 3499 858 3550 plurimum
882 3497 1002 3537 etiam
1025 3498 1129 3547 leges
1150 3497 1374 3536 conferunt

123 3580 130 3597 e
165 3583 169 3598 ι
233 3564 330 3605 alios
348 3565 454 3605 enim
469 3564 657 3605 mortales
675 3562 929 3614 populatione
953 3561 1085 3600 hostili
1106 3563 1213 3600 terra
1228 3561 1378 3600 inculta

40 3674 45 3679 ,
128 3620 282 3683 austun
298 3630 367 3684 sed
379 3630 484 3682 apud
498 3630 571 3670 hos
585 3630 765 3680 agricolae
777 3627 877 3667 sacri
893 3630 933 3667 et
945 3626 1188 3666 inviolabiles
1201 3627 1375 3674 manent,

62 3744 65 3754 ’
160 3695 208 3735 ul:
219 3705 295 3736 nec
304 3696 474 3747 proximi
494 3695 648 3735 collatis
663 3693 824 3734 aciebus
842 3694 883 3732 et
899 3691 1038 3742 pugnis
1049 3691 1199 3741 aliquid
1213 3691 1376 3741 periculi

52 3754 66 3812 J
173 3760 272 3799 nant.
298 3762 399 3800 Nam
414 3757 730 3810 belligerantium
750 3756 955 3806 utrimque
969 3755 1074 3794 aciae
1095 3754 1136 3793 in
1154 3765 1197 3794 se
1215 3754 1375 3804 quidem

94 3813 100 3818 ’
131 3812 235 3863 ¹tua
250 3822 355 3864 inter
378 3823 633 3875 pugnandum
661 3822 771 3862 caede
789 3821 1040 3872 grassantum
1060 3819 1130 3859 sed
1154 3820 1274 3859 terrae
1288 3818 1373 3858 cul·

46 3928 67 3950 ”
92 3928 96 3931 ,
120 3883 188 3953 '33ss-
217 3884 372 3928 deditos
391 3886 699 3938 haudquaquam
719 3885 895 3934 laedunt,
922 3885 1060 3934 utpote
1086 3883 1155 3933 qui
1172 3882 1375 3921 communi

132 3958 231 3990 nes
245 3947 438 3990 beneficio
450 3950 527 3990 sibi
538 3949 787 3990 devinciant
798 3948 892 3988 Ideo
904 3957 1033 3997 neque
1045 3945 1233 3986 incendiis
1248 3955 1375 3994 neque

176 4028 180 4044 ι
202 4025 227 4045 ι
297 4013 560 4054 excisionibus
579 4012 752 4052 hostium
770 4014 897 4052 terras
917 4010 1103 4050 multant.

96 4053 341 4142 f'xxxvll.
375 4082 602 4118 11.Αιιιιιω
625 4078 815 4128 praeterea
833 4076 979 4115 multos
1004 4074 1123 4115 habet
1152 4073 1263 4112 ludia
1288 4083 1374 4112 ma·

118 4158 134 4172 ν
176 4147 270 4180 ue
295 4143 336 4181 et
351 4142 514 4193 navigiis
528 4144 662 4192 aptos,
681 4141 750 4192 qui
774 4141 815 4180 iu
837 4139 1064 4180 Borealibus
1078 4137 1154 4177 orti
1175 4137 1376 4176 montibus

154 4205 413 4258 campestria
431 4205 670 4255 decurrunt,
692 4204 890 4254 multique
913 4201 1051 4243 eorum
1071 4202 1172 4241 inter
1198 4211 1239 4240 se
1263 4211 1371 4239 com·

39 3531 43 3551 l
95 3550 99 3556 ’
111 3539 116 3545 ιι

2628 286 2720 324 403

1453 366 1597 431 δρίαν,
1618 367 1931 457 ἐξερεύγετῆαι
1910 371 1954 418 οὲ
1988 373 2043 425 εις
2071 373 2139 420 τὸν
2174 375 2390 435 Ωκεανὸν,
2410 380 2731 442 ἀπολαμῗάνων

1452 439 1510 491 εἷς
1525 438 1573 485 τὸ
1589 439 1691 503 πρὸς
1710 439 1767 485 ἕω
1785 440 1907 506 μέρος
1923 442 1970 488 τὸ
1984 443 2095 496 ἔθνος
2111 445 2157 490 τὸ
2178 449 2258 491 τῶν
2287 451 2319 495 Ι
2323 451 2527 512 ανδαριδι-
2521 473 2554 498 1ν
2578 456 2589 515 (
2611 456 2643 500 Ι
2646 474 2727 514 αγ·

1452 512 1716 574 γαριδωνΡ),
1751 513 1975 566 πλείστους
2003 513 2055 577 ἔχ
2057 534 2100 560 ον
2129 535 2200 562 και
2230 522 2449 579 μεγίστους
2477 524 2544 569 ἑλέ
2526 543 2722 587 εφαντας.

1456 583 1526 643 (13)
1553 582 1630 629 Διὸ
1654 582 1727 628 καὶ
1750 587 1825 640 τ’ἧς
1847 584 1990 648 χώρας
2014 585 2170 642 ταύτης
2188 590 2320 642 οὐδεις
2343 610 2513 639 πωποτε
2538 598 2701 656 βασι)
2669 616 2734 650 ευς

1454 651 1655 710 ἔπηλυς’
1637 654 1872 744 εκράτησε,
1898 656 2072 703 πάντων
2094 677 2178 704 των
2210 662 2442 709 ἀλλοεθνῶν
2465 666 2546 729 (ροιο
2549 685 2698 714 ουαενι
2699 690 2734 714 1ν

1452 723 1500 771 τὸ
1521 726 1681 782 πληθος
1702 727 1775 773 καὶ
1798 726 1875 783 τὴν
1898 726 2033 784 ἀλκὴν
2011 732 2140 774 ντῶν
2166 730 2337 793 θηρίων.
2410 737 2495 782 Καὶ
2514 756 2596 802 γαρ
2618 739 2734 787 Ἀλέ.

1455 795 1624 861 ξανδρος
1646 800 1668 844 ὁ
1695 798 1954 846 Μακεδὼν(
1931 799 2104 858 απάσης
2132 805 2207 857 τῆς
2236 802 2375 858 Ἀσίας
2410 809 2627 869 κρατήσας
2655 813 2733 870 μό·

1422 913 1427 918 ,
1455 887 1549 922 νους
1568 867 1665 924 τους
1690 870 1955 935 Ιανδαρίδας
1977 872 2055 918 οὐκ
2087 873 2213 919 ἐπολέ
2195 893 2348 934 εμησε·
2374 879 2638 936 καταντησας
2656 882 2737 946 γὰρ

1453 939 1524 986 ἐπι
1550 940 1622 988 τὸν
1653 941 1827 1005 Γάγγην
1858 943 2052 1005 ποταμὸν
2088 945 2198 1006 μετὰ
2233 945 2374 1003 πάσης
2397 951 2472 1004 τ’ἧς
2500 950 2738 1015 δυνάμεως,

1455 1031 1529 1059 και
1567 1032 1662 1066 τους
1692 1013 1846 1067 ἄλλους
1878 1014 2036 1069 Ἰνδοὺς
2065 1019 2452 1080 καταπολεμήσας,
2484 1041 2540 1074 ως
2565 1023 2739 1072 ἐπύθετο

1452 1083 1548 1137 τοὺς
1576 1084 1841 1150 Ιανδαρίδας
1866 1085 1978 1150 ἔχειν
2004 1089 2411 1152 τετρακισχιλίους’
2392 1090 2624 1182 ελειραντας
2651 1114 2733 1142 πο-

1451 1157 1636 1216 λεμικῶς
1654 1158 2026 1220 κεκοσμημένους,
2047 1159 2221 1222 ἀπέγνω
2243 1161 2320 1218 τὴν
2343 1162 2409 1210 ἐπ’
2433 1163 2584 1217 αὐτους
2604 1184 2733 1249 στρα·

1453 1227 1587 1275 τείαν.
1659 1231 1693 1290 (1
1703 1230 1735 1291 ι)
1766 1228 1869 1277 ‘O
1847 1229 1890 1277 οὲ
1919 1231 2220 1295 παραπλήσιος
2249 1237 2310 1296 τῶ
2337 1233 2484 1299 Ιάγγῃ
2523 1238 2738 1298 ποταμὸς,

1453 1301 1870 1364 προσαγορευόμενος
1907 1302 1950 1349 δὲ
1979 1302 2132 1366 Ἰνδὸς,
2167 1304 2348 1369 ἄρχεται
2372 1305 2448 1367 μὲν
2473 1308 2627 1368 ὁμοίως
2657 1311 2741 1356 ἀπὸ

1451 1376 1535 1419 τῶν
1570 1372 1754 1435 ἄρκτων,
1792 1374 2022 1435 ἐμόάλλων
2052 1375 2096 1422 δὲ
2128 1378 2185 1429 εἷς
2209 1378 2282 1423 τὸν
2317 1377 2522 1425 Ὠκεανὸν
2552 1382 2739 1445 ἀφορίζει

1451 1445 1529 1502 τὴν
1560 1445 1767 1504 Ἰνδικήν·
1794 1447 1956 1503 πολλὴν
1982 1447 2026 1494 δὲ
2055 1447 2214 1503 διεξιὼν
2239 1451 2428 1498 πεδιάδα
2443 1451 2589 1515 χώραν
2614 1453 2738 1516 δέγε-

1451 1537 1523 1564 ται
1546 1518 1762 1580 ποταμοὺς
1781 1521 1858 1566 οὐκ
1882 1519 2045 1582 ὀλίγους
2069 1520 2288 1578 πλωτοὺς,
2321 1509 2737 1588 ἐπιφανεστάτουςιδὲ

1451 1589 1641 1637 ”Υπανιν
1665 1590 1738 1637 καὶ
1767 1590 1995 1649 εΥδοίσπην
2030 1592 2102 1638 καὶ
2128 1592 2356 1642 Ἀκεσῖνον.
2428 1598 2503 1656 (¹5)
2532 1596 2671 1659 Χωρὶς
2695 1598 2737 1643 δὲ

1460 1662 1620 1709 τούτων
1654 1663 1761 1709 ἄλλο
1794 1665 1953 1720 πλῆθος
1986 1668 2192 1727 ποταμῶν
2232 1668 2514 1714 παντοδαπῶν
2556 1670 2739 1733 διαρρεῖ,

1455 1735 1528 1781 καὶ
1555 1736 1669 1781 ποιεῖ
1699 1736 1942 1801 κατάφυτον
1977 1739 2148 1791 πολλοῖς
2178 1738 2426 1799 κηπεύμασι
2459 1740 2532 1786 καὶ
2565 1748 2740 1801 καρποῖς

1454 1810 1741 1860 παντοδαποῖς
1757 1809 1832 1865 τὴν
1854 1807 2015 1872 χώραν.
2089 1811 2163 1871 (16)
2187 1814 2278 1858 Ἰὀῧ
2297 1811 2340 1857 δὲ
2361 1812 2471 1858 κατὰ
2493 1812 2586 1866 τοὺς
2606 1832 2738 1860 ποτα-

1455 1878 1558 1941 μοὺς
1591 1880 1778 1937 πλήθους
1813 1880 1886 1926 καὶ
1921 1884 1995 1937 τῆς
2022 1884 2105 1927 τῶν
2140 1882 2304 1927 ὑδάτων
2330 1884 2565 1947 ὓπερὸολῆς
2596 1885 2734 1930 αἰτίαν

1453 1951 1647 2017 φέρουσιν
1669 1954 1708 1998 οἱ
1724 1954 1826 2015 παρ’
1846 1953 1985 2006 αὐτοῖς
2005 1953 2221 2018 φιλόσοφοι
2240 1955 2312 2000 καὶ
2330 1957 2497 2019 φυσικοὶ
2517 1957 2736 2013 τοιαύτην·

1452 2027 1528 2081 τῆς
1561 2023 1744 2082 Ἰνδικῆς
1780 2043 1884 2088 φασι
1922 2024 1997 2078 τὰς
2033 2026 2331 2090 περικειμένας
2369 2028 2539 2092 χώρας,
2578 2027 2655 2084 τήν
2689 2047 2733 2074 τε

1455 2099 1632 2145 Σκυθῶν
1666 2097 1739 2143 καὶ
1756 2100 2073 2171 ΝΒακτριανῶν,
2111 2097 2173 2143 ἔτι
2209 2098 2251 2144 δὲ
2289 2100 2362 2146 καὶ
2395 2103 2477 2145 τῶν
2519 2099 2736 2162 Ἀριανῶν,

1454 2168 1718 2233 ὑψηλοτέρας
1742 2173 1847 2215 εἰναι
1879 2173 1954 2226 τῆς
1979 2169 2179 2226 Ἰνδικῆς·
2213 2168 2322 2216 ὥστε
2360 2172 2542 2232 εὐλόγως
2573 2171 2629 2222 εἷς
2660 2170 2736 2221 τὴν

1457 2240 1737 2302 ὑποκειμένην
1768 2240 1915 2305 χώραν
1939 2243 2207 2304 πανταχόθεν
2232 2242 2487 2305 συρρεούσας
2511 2242 2586 2291 τὰς
2610 2239 2732 2286 'Aiga'-

1454 2313 1528 2366 δας
1552 2315 1599 2360 ἐκ
1626 2317 1700 2359 τοῦ
1735 2315 1830 2359 κατ’
1863 2312 2001 2375 ὀλίγον
2032 2314 2166 2359 ποιεῖν
2202 2313 2295 2367 τοὺς
2327 2314 2480 2366 τόπους
2506 2312 2736 2376 καθύγρους

1452 2385 1526 2431 καὶ
1560 2391 1709 2447 γεννᾶν
1737 2387 1942 2447 ποταμῶν
1972 2387 2145 2442 πλῆθος.
2217 2387 2290 2447 (17)
2325 2382 2456 2432 Ἴδιον
2482 2384 2528 2430 δέ
2549 2404 2588 2430 τι
2618 2403 2733 2443 συμ-

1453 2457 1592 2504 ὅαίνει
1611 2457 1709 2521 περί
1735 2477 1828 2504 τινα
1863 2460 1946 2504 τῶν
1971 2457 2082 2504 κατὰ
2107 2457 2183 2514 τὴν
2208 2456 2392 2513 Ἰνδικὴν
2427 2459 2632 2517 ποταμῶν
2662 2456 2735 2501 τὸν

1413 2603 1419 2631 1
1458 2596 1569 2635 mixti
1586 2597 1625 2635 in
1639 2596 1803 2635 fluvium
1817 2626 1827 2644 ‚
1847 2599 2006 2646 Gangen
2027 2595 2132 2634 Indis
2152 2594 2369 2634 vocitatum
2382 2623 2393 2642 ‚
2411 2605 2494 2633 sese
2509 2592 2731 2633 effundunt.

1456 2661 1536 2710 (12)
1566 2663 1601 2699 ls
1625 2660 1785 2710 triginta
1811 2659 2027 2700 stadiorum
2058 2657 2266 2698 latitudine
2291 2670 2313 2696 a
2340 2657 2459 2696 borea
2484 2657 2658 2696 defertur
2684 2654 2736 2693 ad

1456 2723 1683 2774 meridiem,
1723 2726 1763 2764 et
1796 2723 2066 2763 disterminata
2099 2732 2236 2761 versus
2262 2724 2395 2760 ortum
2422 2719 2735 2769 Gangaridarum

1458 2789 1534 2838 (V.
1571 2790 1743 2826 Lassen.
1768 2785 1998 2837 Pentapol.
2020 2785 2091 2835 16)
2119 2784 2299 2833 natione,
2325 2794 2417 2834 quae
2445 2781 2737 2833 praegrandibus

1455 2852 1629 2891 abundat
1645 2852 1860 2902 elephantis
1872 2882 1885 2901 ,
1902 2852 1942 2890 in
1954 2854 2155 2891 Oceanum
2171 2860 2254 2888 sese
2269 2851 2437 2888 eructat.
2460 2850 2538 2897 (13)
2559 2846 2735 2887 Necdum

1457 2927 1593 2966 regum
1620 2915 1862 2955 advenarum
1885 2914 2092 2965 quisquam
2115 2915 2260 2952 terram
2284 2911 2392 2951 illam
2413 2910 2590 2960 subegit,
2610 2920 2735 2960 quum

1455 2991 1594 3019 omnes
1623 2979 1851 3029 alienigenae
1870 2988 2079 3017 numerum
2105 2978 2146 3015 et
2168 2976 2287 3015 robur
2314 2975 2532 3014 belluarum
2562 2974 2734 3014 reformi-

1455 3044 1562 3084 dent.
1586 3047 1672 3093 lpse
1688 3043 1808 3082 etiam
1833 3040 2068 3089 Alexander,
2091 3039 2249 3079 redacta
2274 3038 2498 3088 subJ‘ugum
2518 3038 2606 3077 Asia
2626 3039 2707 3076 tola
2721 3066 2732 3085 ,

1455 3108 1559 3148 solos
1589 3106 1835 3147 Gandaridas
1861 3106 1965 3145 bello
1991 3105 2159 3144 intactos
2188 3102 2346 3152 reliquit
2370 3118 2378 3140 :
2401 3105 2609 3151 postquam
2626 3101 2730 3140 enim

1453 3172 1503 3211 ad
1524 3174 1685 3222 Gangen
1713 3181 1803 3210 cum
1822 3169 1929 3209 omni
1957 3167 2132 3208 exercitu
2163 3169 2350 3214 venerat,
2375 3165 2462 3204 aliis
2488 3168 2591 3204 retro
2629 3163 2735 3203 Indis

1452 3237 1533 3286 jam
1554 3237 1720 3276 devictis
1733 3266 1745 3286 ,
1773 3235 1938 3275 simulac
1956 3232 2198 3273 Gandaridas
2222 3233 2363 3282 quater
2386 3230 2492 3269 mille
2511 3229 2735 3279 elephantes

1451 3302 1506 3341 ad
1524 3302 1670 3341 bellum
1688 3301 1840 3351 egregie
1865 3300 2079 3338 instructos
2098 3297 2243 3337 babere
2257 3294 2554 3340 animadvertit,
2572 3292 2732 3343 expedi-

1454 3366 1605 3405 tionem
1639 3365 1678 3404 in
1707 3365 1796 3404 ilios
1823 3362 2082 3403 omittendam
2110 3360 2277 3400 censuit.
2333 3360 2412 3408 (14)
2439 3358 2576 3398 Affinis
2600 3358 2732 3396 aulem

1454 3435 1600 3482 Gangae
1619 3430 1785 3478 fluvius,
1806 3439 1925 3479 quem
1947 3426 2088 3466 ludum
2105 3428 2271 3474 vocant,
2300 3424 2438 3474 etipse
2452 3433 2476 3462 e
2490 3420 2732 3472 septemtrio·

1453 3496 1608 3536 nalibus
1623 3494 1665 3534 in
1682 3497 1884 3533 Oceanum
1909 3491 2142 3538 decurrens,
2161 3489 2310 3529 indiam
2332 3499 2356 3527 a
2370 3490 2500 3527 cetera
2518 3485 2606 3526 Asia
2619 3494 2730 3534 sepa-

1453 3561 1538 3608 rat,
1557 3558 1733 3607 dumque
1750 3568 1818 3607 per
1830 3556 1943 3604 longe
1956 3556 2134 3604 patentes
2144 3563 2305 3603 campos
2327 3551 2536 3597 delabitur,
2554 3547 2727 3597 oemplu-

1449 3634 1516 3662 res
1531 3625 1571 3661 et
1596 3621 1757 3671 quidem
1781 3618 2021 3668 navigabiles
2043 3617 2204 3666 fluvios,
2235 3617 2340 3655 inter
2368 3624 2468 3664 quos
2497 3611 2666 3662 Hypanis
2690 3611 2730 3648 et

1452 3686 1652 3736 Hydaspes
1662 3683 1924 3732 Aoesinusque
1933 3680 2221 3731 spectatissimi,
2231 3679 2345 3718 alveo
2357 3676 2515 3726 excipit.
2525 3677 2558 3724 (1
2569 3680 2606 3722 5)
2619 3675 2726 3713 Pre-

1452 3753 1510 3789 ter
1534 3749 1620 3789 baec
1645 3747 1772 3787 multa
1791 3756 1950 3796 quoque
1967 3745 2045 3784 alia
2064 3743 2206 3783 diversi
2222 3742 2373 3792 generis
2389 3735 2724 3787 numina,1ndiae

1451 3815 1576 3853 terras
1590 3811 1895 3860 interlabentia,
1916 3809 2064 3850 crebris
2080 3809 2203 3848 bortis
2220 3805 2514 3855 omnigenisque
2533 3800 2726 3841 fructibus

1451 3878 1592 3917 uberes
1619 3875 1803 3915 reddunt
1857 3875 1938 3924 (16)
1970 3872 2086 3920 Quod
2108 3874 2242 3911 autem
2267 3869 2373 3910 india
2397 3869 2456 3907 lot
2478 3864 2660 3904 amnibus
2685 3864 2725 3901 et

1450 3942 1561 3980 tanta
1578 3949 1770 3990 aquarum
1782 3938 1894 3988 copia
1911 3935 2124 3983 redundet,
2139 3930 2355 3985 philosophi
2371 3930 2455 3978 ejns
2476 3927 2551 3967 loci
2568 3936 2614 3965 ac
2630 3925 2725 3975 phy·

1445 4004 1518 4044 sici
1542 4003 1643 4042 banc
1666 4002 1838 4041 afferunt
1864 4010 2038 4041 causam.
2059 3998 2287 4047 adjacentes
2302 3992 2534 4042 scutrarum
2553 3989 2723 4029 Bactria·

1450 4077 1671 4118 norumque
1692 4068 1733 4106 et
1752 4067 1938 4106 Arianum
1958 4066 2083 4104 terras
2107 4061 2309 4100 editiorem
2338 4057 2480 4096 babere
2508 4054 2627 4094 situm
2652 4063 2722 4090 au·

1449 4134 1607 4174 tumant
1621 4142 1741 4183 quam
1759 4131 1921 4171 indiam.
1943 4129 2042 4168 Hinc
2054 4126 2166 4166 bonis
2182 4122 2394 4162 rationibus
2411 4118 2596 4167 mnsequi
2613 4119 2656 4155 ut
2680 4116 2718 4155 in

1449 4198 1665 4248 subiectam
1693 4195 1867 4246 undique
1899 4193 2095 4242 regionem
2127 4190 2268 4227 humor
2300 4185 2502 4224 confluens
2532 4181 2720 4233 paulatim

2493 4281 2547 4310 ’2ss-
