3016 4628
1073 294 1156 342 DE
1203 291 1404 343 REBUS
1449 290 1752 342 PUBLICIS.

8 491 15 520 γ
58 511 59 514 Ἰ
470 445 662 497 XXXV.
700 434 1028 491 ΦΩΚΑΕΩΝ.

9 519 18 550 ⁴
42 599 72 626 ς
184 566 394 618 Φώκαιαν
415 563 452 611 οἳ
477 561 553 625 μὲν
587 557 673 607 ἀπὸ
696 554 858 606 Φώκου
882 551 1091 617 ἡγεμόνος
1116 548 1396 613 ὠνομάσθαι,

45 627 53 646 ι’
121 643 159 689 ot
183 639 227 689 δὲ
247 638 311 686 ὅτι
328 635 474 702 φώκην
497 633 554 687 εἷς
576 630 624 679 τὸ
643 628 766 692 ξηρὸν
790 619 898 674 εἶδον
923 622 1220 673 ἓκὸαίνουσαν.

397 759 615 811 XXXVI.
642 753 1117 807 ΚΡΟΤΩΝῙΑΤΩΝ.

188 875 397 937 Κρότωνα
421 868 464 924 ἐξ
487 869 624 932 ἀρχῆς
649 863 827 929 Κρότων
847 861 1019 927 ᾤκισεν.

365 974 607 1025 XXXVII.
641 968 1154 1020 AKPAPANTINQN.

187 1094 507 1158 Ἀκραγαντῖνος
574 1086 775 1151 Φάλαρις
827 1082 1103 1150 ἐτυράννευσε
1155 1078 1404 1146 παρανομίᾳ

123 1163 284 1218 πάντας
313 1159 615 1225 ὓπερὸάλλων·
639 1159 687 1206 οὗ
721 1155 804 1221 γὰρ
842 1155 968 1220 μόνον
997 1153 1166 1219 ἐφόνευε
1194 1151 1403 1209 πολλοὺς,

0 1275 2 1287 .
124 1235 236 1286 ἀλλὰ
269 1233 342 1282 καὶ
375 1229 600 1295 τιμωρίαις
626 1227 891 1295 παρανόμοις
924 1226 1155 1292 ἐχρήσατο.
1191 1223 1279 1271 Καὶ
1312 1222 1408 1276 τοὺς

0 1295 20 1317 ⁵
101 1300 107 1302 I
126 1307 203 1375 μὲν
222 1309 280 1362 εἷς
298 1305 481 1363 λέόητας
499 1301 669 1359 ζέοντας
683 1338 698 1362 ,
718 1298 814 1354 τοὺς
834 1300 879 1347 δὲ
899 1301 956 1353 εἷς
977 1297 1074 1352 τοὺς
1098 1299 1314 1362 κρατῆρας
1334 1300 1406 1342 τοῦ

0 1364 1 1387 ἶ
49 1380 51 1382 ’
124 1379 255 1445 πυρὸς
274 1377 531 1434 ἀπέστελλε,
554 1372 651 1428 τοὺς
670 1371 715 1420 δὲ
741 1371 816 1420 καὶ
843 1373 901 1425 εἷς
923 1371 1114 1435 χαλκοῦν
1134 1372 1290 1433 ταῦρον
1322 1366 1409 1415 ἐνέ-

127 1451 259 1499 ὅαλλε
293 1447 368 1497 καὶΙ
405 1445 646 1495 κατέκαιεν.
671 1442 842 1509 Ὅνπερ
871 1446 893 1491 ὃ
920 1444 1052 1504 δῆμος
1082 1438 1407 1504 ἐτιμωρήσατο·

127 1523 334 1590 ἐνέπρησε
358 1519 403 1568 δὲ
427 1518 502 1568 καὶ
528 1517 605 1576 τὴν
629 1516 795 1582 μητέρα
820 1514 894 1563 καὶ
921 1513 1016 1568 τοὺς
1046 1512 1206 1578 φίλους.
1230 1513 1338 1559 Μεθ’
1364 1510 1409 1559 ὃν

127 1593 389 1658 Ἀλκαμένης
411 1590 633 1656 παρέλαὸε
663 1588 718 1636 τὰ
744 1587 1005 1654 πράγματα·
1024 1584 1098 1633 καὶ
1133 1582 1243 1647 μετὰ
1264 1588 1410 1631 τοῦτον

126 1666 384 1731 Ἄλκανδρος
416 1661 630 1728 προέστη,
664 1659 771 1725 ἀνὴρ
806 1658 1011 1716 ἐπιεικής.
1050 1657 1138 1706 Καὶ
1182 1655 1411 1715 εὐθένησαν

127 1740 259 1794 οὕτως
313 1741 370 1793 ὥς
392 1734 692 1802 περιπόρφυρα
714 1733 825 1799 ἔχειν
846 1730 1017 1795 ἱμάτια.

419 1845 692 1895 XXXVIII.
727 1839 1105 1891 ΙΘΑΚΗΣΙΩΝ.

194 1947 385 2020 Κεφάλῳ
420 1949 756 2017 μαντευσαμένῳ
786 1948 884 2014 περὶ
913 1947 1078 1995 παίδων
1106 1949 1128 1994 ὁ
1162 1945 1253 2001 θεὸς
1280 1938 1414 2009 εἶπεν,

129 2019 165 2093 ᾧ
185 2025 235 2074 ἂν
262 2025 418 2091 ἐντύχῃ
442 2024 596 2084 [θήλει]
620 2025 787 2088 πρῶτον
809 2022 1100 2086 συγγενέσθαι.
1121 2019 1209 2069 Τὸν
1231 2018 1275 2066 δὲ
1294 2038 1415 2084 περι-

129 2100 273 2162 τυχεῖν
308 2096 453 2163 ἅρκῳ,
486 2095 561 2143 καὶ
593 2094 901 2153 πλησιάσαντα
938 2096 1139 2156 γεννῆσαι
1163 2100 1186 2122 *
1206 2094 1416 2155 γυναῖκα,

130 2169 172 2225 ἐξ
197 2163 248 2228 ἧς
270 2169 341 2217 τὸν
368 2167 603 2235 Ἀρκείσιον
629 2165 889 2256 φερωνύμως
919 2167 1208 2228 ὀνομασθῆναι
1227 2163 1415 2227 λέγεται.

195 2259 234 2292 2.
269 2240 519 2307 Πορθμεὺς,
534 2239 728 2305 Πυρρίας
746 2238 899 2301 ὄνομα,
919 2237 1082 2303 λῃστὰς
1099 2237 1417 2303 διεπόρθμευσε,

130 2313 377 2380 πρεσὸύτην
398 2312 676 2378 αἰχμάλωτον
695 2310 770 2359 καὶ
799 2309 968 2358 πίτταν·
993 2310 1067 2358 καὶ
1089 2311 1417 2383 ὠνεῖταιυταῦτα

131 2385 251 2451 παρὰ
281 2389 365 2433 τῶν
399 2386 588 2449 λῃστῶν,
619 2381 838 2441 δεηθέντος
865 2386 941 2429 τοῦ
965 2381 1344 2455 πρεσὸύτου.ΝἬν
1373 2379 1418 2427 δὲ

133 2460 176 2505 ἐν
191 2461 245 2522 τῇ
261 2457 390 2521 πίττῃ
410 2454 702 2522 κεκρυμμένον
719 2453 912 2519 χρυσίον.
930 2453 1188 2511 Πλουτήσας
1204 2457 1274 2500 οὐν
1293 2457 1419 2499 θῦσαι

11 2590 13 2592 v
50 2562 86 2589 1
113 2529 305 2593 Αλέγεται
338 2531 398 2594 τῷ
446 2527 669 2593 πρεσὸύτῃ
719 2530 831 2591 βοῦν·
871 2526 935 2573 διὸ
972 2525 1045 2573 καὶ
1087 2527 1144 2579 εἷς
1183 2524 1419 2590 παροιμίαν

133 2595 276 2660 ἦλθεν,
307 2622 327 2644 σι
361 2599 516 2655 Οὐδεὶς
543 2599 718 2647 πώποτε
756 2596 953 2663 εὐεργέτῃ
990 2599 1088 2661 βοῦν
1140 2595 1284 2644 ἔθυσεν
1323 2597 1420 2655 ἀλλ’

11 2703 15 2723 ι
53 2715 85 2740 3,
135 2673 163 2732 ἢ
195 2668 405 2737 Πυρρίας.
431 2694 451 2715 »

479 2766 698 2815 XXXIX.
737 2764 1078 2813 ΑΦΥΤΑΙΩΝ.

203 2881 419 2948 Ἀφυταῖοι
448 2879 622 2934 δικαίως
655 2879 729 2941 καὶ
759 2878 987 2944 σωφρόνως
1025 2881 1164 2942 βιοῦσι
1196 2878 1269 2926 καὶ
1295 2879 1422 2925 ἀλλο-

139 2953 264 3022 τρίων
288 2955 335 3000 οὗ
367 2952 648 3017 θιγγάνουσιν,
684 2949 961 3016 ἀνεῳγμένων
996 2954 1080 2997 τῶν
1115 2953 1267 3012 θυρῶν.
1298 2949 1422 2999 Φασὶ

142 3025 187 3073 δέ
223 3043 326 3072 ποτε
358 3022 471 3080 ξένον
500 3023 733 3088 πριάμενον
763 3015 873 3070 οἶνον
906 3021 967 3085 μὴ
1008 3021 1259 3080 ἀναλαίῗεῒν,
1301 3021 1423 3069 ἐπεί-

78 3203 87 3212 ,
191 3165 348 3204 XXXV.
366 3162 623 3213 Φωκαέων]
635 3161 880 3202 Schneidew.
898 3162 1044 3201 Φώκεα
1057 3164 1261 3202 Peruscus.
1273 3184 1326 3191 —
1337 3163 1425 3202 Φώ-

83 3224 97 3250 ’-
142 3219 271 3270 καιαν]
292 3219 414 3269 ACdy
428 3245 442 3264 ‚
462 3220 628 3259 Φωκέαν
648 3219 804 3269 reliqui.
817 3240 869 3248 —
889 3219 1126 3270 ὠνομάσθαι]
1153 3222 1184 3260 G
1194 3233 1206 3269 ;
1220 3219 1426 3270 ὠνόμασαν

77 3291 104 3324 ³2·
124 3277 295 3329 reliqui.
310 3298 363 3307 —
385 3278 516 3327 φώκην
537 3287 619 3316 om.
646 3279 703 3322 A;
723 3280 889 3327 φωκεῖαν
904 3287 938 3316 c.
956 3298 1009 3306 —-
1028 3279 1086 3316 De
1104 3287 1147 3316 re
1166 3277 1214 3315 ci.
1238 3277 1426 3327 stephan.

79 3323 110 3386 ἦ]
140 3337 237 3387 ¹Byz.
257 3346 296 3375 v.
314 3335 503 3383 Φώκαια,
519 3334 680 3373 Eckhel.
697 3336 834 3374 Doctr.
856 3338 972 3375 Num.
996 3337 1037 3384 1,
1061 3340 1097 3374 2.
1124 3346 1163 3386 p.
1183 3338 1257 3376 534
1273 3337 1314 3376 et
1327 3338 1425 3375 F.G.

48 3380 128 3453 g*
145 3394 355 3444 Thisquen.
371 3391 564 3432 Phocaica
580 3392 594 3440 (
609 3393 736 3433 Bonn.
757 3392 869 3442 1842)
889 3403 927 3442 p.
954 3396 975 3432 7
993 3403 1052 3442 sq·

54 3461 75 3492 .·
84 3461 143 3527 ‘ff-
193 3452 373 3491 XXXVI.
413 3451 448 3490 K
459 3463 479 3500 ρ
490 3463 511 3488 ο
522 3463 558 3490 τ.
578 3449 594 3500 ]
624 3449 870 3490 Schneidew.
887 3449 1044 3500 Κρότων
1078 3451 1237 3489 Perusc.
1257 3451 1313 3502 De
1328 3460 1371 3489 re
1385 3461 1426 3489 v.

80 3530 86 3558 5
109 3508 275 3558 ..aym
292 3509 346 3548 M.
368 3517 408 3557 p.
428 3508 516 3554 541,
537 3510 605 3555 123
626 3505 789 3546 Diodor.
811 3509 880 3557 IV,
899 3512 969 3555 243
991 3506 1122 3547 Schol.
1140 3506 1338 3546 Theocrit.
1358 3509 1427 3556 IV,

88 3559 124 3610 v,2³1
148 3559 368 3616 123Tzetz.
385 3566 482 3614 Lyc.
504 3568 625 3614 1006;
642 3562 758 3604 ovid.
776 3566 871 3604 Met.
885 3566 974 3604 XV.
995 3569 1063 3615 ¹53
1081 3564 1243 3604 Servius
1254 3564 1306 3603 ad
1316 3565 1428 3615 Virg.

147 3624 236 3663 Δία.
250 3625 328 3671 111,
346 3627 435 3662 552.

197 3681 391 3719 xxxvu.
418 3678 712 3729 Ἀκραγαντῖνοι]
736 3681 805 3719 AC
815 3690 831 3724 ;
850 3678 1149 3730 Ἀκραγαντίνων
1166 3679 1260 3718 cett.
1281 3702 1332 3712 —-
1351 3679 1429 3718 ἐτυ·

80 3776 81 3779 ,
149 3735 339 3788 ράννευσε]
361 3739 453 3780 A0;
481 3736 705 3786 ἐτυράννησε
739 3737 896 3786 reliqui.
925 3736 1259 3788 -ὑπερὸάλλων]
1295 3736 1424 3787 Pbep.

99 3805 102 3807 ’
120 3792 122 3794 ’
150 3793 366 3844 ὑπερὸαλὼν
382 3793 512 3846 acd93
533 3794 725 3833 ἐκὸάλλων
738 3795 770 3834 Α
781 3824 793 3844 ,
814 3795 985 3834 ἐκὸαλών
1007 3797 1050 3834 C.
1067 3816 1119 3823 -
1134 3794 1310 3845 ἐφόνευσε
1328 3794 1365 3834 b.
1379 3815 1431 3824 —-

69 3887 75 3918 Α,
151 3869 203 3878 -
216 3850 474 3949 ἔξιὲἕαγρμίοὸιῗ
467 3850 726 3947 11ζαρᾶιινὸμριές
745 3853 791 3947 1}-
811 3871 864 3946 -λ-
878 3851 1152 3948 ἐπέστελέιεοΑξ
1170 3851 1367 3947 ἀέτέῖτειλε
1386 3854 1429 3891 C.

49 3964 73 3992 ε
153 3971 257 4002 22...
275 3906 428 4013 ..ffugi
444 3918 1072 4015 -Ἀῗκὲᾕέιῆςῖᾍῗῑέμξῗὲἔρω.
1091 3931 1154 4004 135
1156 3923 1433 4005 mmsis

82 4044 83 4049 =
153 4018 344 4059 Alcandro
359 4020 513 4060 aliunde
527 4031 608 4060 non
623 4023 790 4062 constat.
819 4022 935 4072 Apud
953 4022 1077 4062 schol.
1098 4022 1254 4061 Pindar.
1281 4022 1344 4061 Ol.
1373 4025 1431 4070 11,

154 4074 204 4114 ‘82
232 4076 272 4115 et
293 4078 371 4125 ΠΙ,
391 4081 439 4116 68
467 4077 682 4118 Phalaridis
699 4079 948 4128 tyrannidem
968 4079 1127 4119 sustulit
1152 4079 1431 4128 Telemachus,

86 4136 272 4188 *isquem
297 4134 496 4184 excipiunt
517 4136 765 4175 Emmenides
782 4136 918 4186 (cujus
936 4137 1025 4176 loco
1042 4136 1287 4177 Cllalcioecus
1305 4137 1432 4175 nomi-

94 4199 95 4202 *
158 4187 274 4228 natur
291 4199 353 4240 ap.
373 4190 495 4231 schol.
510 4191 573 4232 Ol.
594 4194 651 4241 11,
669 4193 765 4243 82),
790 4193 1083 4244 AEnesidamus,
1103 4194 1259 4234 Theron
1275 4195 1351 4233 etc.
1370 4194 1431 4233 CI.

2653 297 2745 337 223

1750 429 1945 478 XXXV.
1985 428 2464 478 PHOCAEENSIUM.

1521 551 1730 591 Phocaeam
1752 548 1818 587 alii
1855 558 1880 586 a
1902 547 2037 586 Phoco
2063 546 2238 597 principe
2265 551 2537 598 nuncupatum
2563 552 2748 588 censent:

1470 601 1757 692 {illitzrzzsphocffi
1784 608 1906 648 quam
1925 598 1966 636 in
1999 597 2147 636 siccum
2170 597 2431 647 egredientem
2465 600 2634 639 viderint
2656 612 2750 639 con-

1499 664 1511 692 ι
1624 680 1633 690 .

1726 747 1949 795 XXXVI.
1989 746 2552 795 CROTONIATARUM.

1526 872 1740 913 Crotonem
1756 868 1867 907 initio
1893 866 2069 907 condidit
2089 867 2254 907 Croton.

1673 963 1924 1013 XXXVII.
1964 962 2563 1011 AGRIGENTINORUM.

1530 1089 1706 1130 Phalaris
1733 1086 2007 1138 Agrigentinus
2027 1083 2282 1136 tyrannidem
2305 1093 2493 1123 exercens
2518 1082 2764 1124 immanitate

1479 1172 1618 1202 omnes
1632 1160 1846 1212 superavit.
1865 1162 1964 1200 Nam
1985 1168 2067 1197 non
2086 1157 2217 1197 solum
2233 1167 2256 1196 e
2270 1155 2400 1196 medio
2419 1156 2564 1196 multos
2586 1158 2765 1206 sustulit,

1480 1235 1549 1275 sed
1577 1233 1783 1285 exquisitis
1825 1232 1946 1272 etiam
1987 1229 2294 1280 crudelibusque
2333 1228 2533 1278 suppliciis
2573 1240 2667 1269 usus
2693 1234 2765 1270 est.

1481 1306 1684 1355 Quosdam
1703 1306 1808 1346 enim
1823 1306 1863 1344 in
1882 1303 2029 1344 lebetes
2044 1304 2261 1352 serventeS,
2276 1301 2373 1341 alios
2388 1300 2429 1340 in
2447 1302 2625 1353 (AEtnoe)
2646 1305 2769 1343 crate·

1482 1390 1547 1420 res
1571 1379 1705 1430 igneos
1730 1377 1948 1427 ablegavit,
1968 1376 2066 1415 alios
2085 1374 2256 1425 denique
2281 1374 2323 1413 in
2342 1375 2503 1414 taurum
2534 1385 2688 1414 aeneum
2708 1376 2770 1415 in-

1483 1452 1612 1491 clusos
1625 1450 1798 1491 necavit.
1815 1448 1992 1490 Tandem
2002 1458 2098 1487 vero
2112 1447 2259 1497 populo
2272 1446 2398 1497 justas
2415 1457 2548 1497 poenas
2563 1446 2686 1498 dedit,
2703 1449 2771 1499 qui

1483 1525 1652 1564 matrem
1675 1533 1836 1573 quoque
1858 1522 1943 1571 ejus
1965 1522 2004 1560 et
2027 1520 2176 1560 amicos
2198 1519 2403 1559 cremavit.
2423 1521 2515 1559 Post
2533 1531 2626 1560 eum
2643 1521 2774 1560 civita-

1483 1598 1564 1637 tem
1584 1594 1875 1635 administravit
1894 1593 2145 1643 Alcamenes,
2167 1591 2233 1631 cui
2252 1592 2439 1632 successit
2468 1592 2675 1643 Alcander‚
2713 1594 2775 1633 vir

1487 1669 1646 1719 probus.
1667 1668 1800 1717 Atque
1824 1667 1881 1706 ita
1902 1664 2114 1704 creverunt
2133 1663 2308 1714 ipsorum
2340 1674 2435 1714 opes
2457 1665 2496 1704 et
2516 1668 2713 1718 potentia,
2732 1672 2776 1708 ut

1486 1742 1613 1781 vestes
1628 1740 1776 1780 ferrent
1790 1747 1966 1789 purpura
1980 1736 2156 1787 undique
2168 1737 2392 1787 praetextas.

1749 1839 2021 1888 XXXVIII.
2060 1838 2524 1888 ITHACENSIUM.

1543 1955 1719 2006 Cephalo
1745 1954 1955 1997 oraculum
1996 1953 2047 1993 de
2080 1952 2296 1993 liberorum
2328 1954 2600 2003 procreatione
2635 1966 2779 1996 consu·

1490 2028 1587 2068 lenti
1606 2027 1703 2067 deus
1726 2027 1865 2077 jussit,
1881 2028 1927 2066 ut
1946 2026 1987 2065 in
2011 2036 2132 2076 quam
2159 2026 2334 2076 primum
2350 2025 2569 2077 incidisset,
2588 2027 2623 2066 ei
2653 2039 2694 2067 se
2709 2028 2780 2068 mi·

1490 2101 1631 2140 sceret.
1650 2099 1819 2139 Obviam
1834 2110 1931 2139 vero
1947 2099 2075 2138 factus
2086 2099 2145 2138 est
2158 2109 2285 2148 ursae,
2310 2109 2401 2148 quae
2418 2100 2506 2149 post
2521 2101 2778 2140 concubitum

1491 2173 1616 2214 evasit
1630 2173 1788 2213 mulier.
1805 2175 1839 2212 A
1861 2171 1976 2221 cujus
1997 2171 2158 2211 nomine
2185 2171 2317 2210 ferunt
2336 2172 2532 2212 Arcisium
2551 2173 2719 2214 dictum.

1546 2251 1584 2285 2.
1613 2245 1789 2286 Portitor
1804 2244 1967 2295 quidam
1985 2243 2145 2283 nomine
2161 2243 2346 2293 Pyrrhias
2360 2244 2535 2285 latrones
2546 2247 2780 2297 transvexit,

1493 2328 1707 2368 senemque
1726 2317 1930 2367 captivum
1948 2317 1988 2356 et
2008 2317 2150 2367 picem.
2178 2319 2272 2356 Haec
2293 2317 2444 2367 (senem
2462 2319 2503 2357 et
2521 2318 2665 2369 picem)
2687 2321 2783 2360 emit
2801 2339 2810 2345 η

1493 2402 1517 2430 a
1539 2390 1758 2430 latronibus
1780 2389 1967 2440 Pyrrhias
1992 2388 2095 2429 senis
2120 2389 2302 2439 precibus
2328 2389 2537 2431 adductus.
2566 2394 2664 2433 Erat
2686 2404 2782 2432 vero

1494 2463 1536 2502 in
1558 2462 1645 2512 pice
1674 2473 1819 2501 aurum
1842 2462 2102 2501 occultatum.
2128 2463 2270 2512 ltaque
2299 2473 2347 2502 eo
2369 2462 2517 2502 ditatus
2545 2464 2783 2505 sacrificasse

1495 2534 1622 2574 fertur
1637 2534 1719 2574 seni
1731 2535 1889 2573 bovem.
1905 2533 2014 2574 Unde
2026 2534 2280 2584 proverbium
2293 2536 2432 2574 natum
2448 2551 2458 2575 ε
2475 2552 2495 2570 «
2506 2538 2630 2576 Nemo
2642 2539 2785 2587 praeter

1495 2607 1702 2658 Pyrrhiam
1716 2606 1959 2646 benefactori
1977 2616 2049 2646 suo
2064 2606 2211 2646 bovem
2227 2617 2404 2658 unquam
2419 2608 2653 2650 immolavit.
2671 2625 2691 2644 n

1765 2766 1987 2815 XXXIX.
2027 2767 2508 2816 APHYTAEORUM.

1550 2886 1663 2926 suste
1682 2886 1722 2925 et
1745 2885 1924 2926 modeste
1937 2886 2081 2926 vivunt
2099 2887 2278 2938 Aphytaei
2299 2887 2359 2937 (in
2384 2888 2631 2930 Chersoneso
2657 2890 2786 2931 Thra-

1497 2959 1623 3008 cica),
1637 2967 1710 2996 nec
1725 2959 1924 3008 attingunt
1935 2958 2076 3009 aliena,
2088 2959 2161 2998 etsi
2173 2959 2296 3008 janua
2307 2960 2487 3000 omnium
2499 2963 2651 3012 aperta.
2667 2963 2788 3003 Aiunt

1497 3030 1748 3081 peregrinum
1770 3030 1972 3081 quondam
1986 3031 2126 3071 vinum
2147 3031 2255 3082 apud
2274 3032 2378 3083 ipsos
2397 3035 2575 3083 emptum
2593 3045 2674 3074 non
2693 3046 2787 3075 ave-

1507 3162 1783 3212 Hippostratus
1804 3163 1884 3213 (fr.
1906 3163 1951 3214 b)
1979 3172 2042 3214 ap.
2063 3164 2186 3204 schol.
2215 3164 2329 3204 Pind.
2360 3166 2475 3216 Pyth.
2503 3168 2582 3215 VI,
2603 3171 2639 3207 4.
2671 3169 2793 3208 Plura

1500 3220 1609 3259 dabit
1621 3224 1670 3261 Ο.
1684 3221 1839 3261 Siefert.
1857 3223 2042 3271 Acraqas
2058 3222 2151 3262 und
2165 3225 2253 3262 sein
2275 3223 2423 3263 Gebz‘et.
2443 3224 2658 3275 Hamburg.
2678 3229 2788 3266 1845.

1552 3280 1770 3319 XXXVIII.
1801 3278 2029 3330 Ἰθακησ.]
2050 3279 2212 3319 titulum
2246 3280 2384 3330 capitis
2415 3291 2494 3319 non
2518 3282 2700 3322 hocloco
2717 3295 2790 3334 po·

1500 3335 1623 3382 nunt,
1643 3334 1712 3373 sed
1727 3335 1905 3385 sequenti
1922 3335 2083 3375 demum
2096 3336 2144 3375 de
2164 3337 2326 3386 Pyrrhia
2342 3337 2553 3377 historiolae
2567 3339 2788 3389 praefigunt.

1501 3391 1675 3440 Cephalo
1694 3393 1830 3432 confer
1846 3403 1937 3443 quae
1953 3404 2071 3444 supra
2100 3393 2265 3444 legimus
2283 3395 2330 3433 sr.
2363 3399 2404 3435 17
2432 3398 2534 3434 extr.
2557 3418 2607 3425 -
2622 3398 2791 3448 Κέφαλος

1504 3450 1810 3501 μαντευσάμενος
1827 3454 1897 3491 ΑΟ
1906 3462 1922 3496 ,·
1942 3453 2090 3491 Κλέωνι
2111 3453 2407 3504 μαντευσαμένῳ
2425 3453 2488 3492 de.
2514 3475 2564 3481 -
2580 3454 2702 3504 θήλει]
2727 3456 2788 3494 in-

1502 3507 1628 3545 seruit
1645 3511 1818 3557 Corayus
1829 3518 1881 3546 ex
1892 3509 2025 3558 Etym.
2041 3511 2096 3548 M.
2118 3512 2190 3548 144
2201 3539 2213 3558 ‚
2227 3515 2290 3559 25,
2305 3510 2370 3549 ubi
2383 3511 2518 3550 eadem
2532 3511 2666 3550 iisdem
2679 3522 2789 3561 paene

1502 3563 1633 3603 verbis
1648 3566 1858 3604 narrantur
1874 3575 1925 3604 ex
1940 3566 2157 3606 Aristotelis
2175 3566 2248 3616 (fr.
2275 3568 2373 3617 129)
2393 3571 2488 3618 Rep.
2512 3569 2784 3608 lthacensium.

1502 3621 1566 3660 Cf.
1590 3622 1761 3662 Clausen
1786 3625 1947 3662 AEneas
1965 3634 2010 3663 u.
2030 3624 2072 3664 d.
2095 3627 2247 3664 Penat.
2276 3627 2337 3675 11,
2357 3636 2395 3676 p.
2419 3630 2528 3666 1138.
2553 3648 2604 3654 —
2624 3626 2786 3673 πλησιά-

1503 3692 1626 3718 σαντα
1640 3679 1834 3730 γεννῆσαι]
1853 3681 2036 3722 lacunam
2055 3682 2215 3730 notavi,
2239 3693 2356 3732 quam
2374 3694 2424 3722 ex
2440 3686 2570 3732 Etym.
2593 3685 2645 3722 M.
2661 3683 2788 3722 verbis

1503 3736 1660 3785 explere
1677 3737 1769 3776 licet
1788 3753 1797 3776 ι
1819 3738 2087 3784 πλησιάσαντα
2099 3744 2291 3789 γεννῆσαι·
2316 3739 2398 3790 [τὴν
2418 3741 2458 3778 δὲ
2473 3740 2662 3788 ἐγκύμονα
2679 3753 2785 3788 γενο-

1505 3796 1618 3845 μένην
1639 3796 1863 3845 μεταὸαλεῖν
1878 3797 1946 3844 τὴν
1967 3799 2109 3848 μορφὴν
2126 3800 2191 3836 καὶ
2209 3797 2399 3848 γενέσθαι]
2416 3801 2590 3846 γυναῖκα.
2608 3797 2786 3835 Koelerus

1504 3852 1658 3902 scripsit
1687 3868 1696 3891 :
1720 3854 2003 3900 πλησιάσαντος
2025 3856 2198 3905 γενέσθαι
2227 3860 2409 3904 γυναῖκα,
2429 3854 2616 3903 probante
2635 3855 2785 3901 Corayo

1505 3910 1544 3949 et
1571 3910 1893 3960 Selineidewino,
1910 3912 1979 3961 qui
1997 3913 2052 3951 sic
2070 3912 2144 3962 legi
2164 3914 2204 3950 in
2230 3912 2317 3950 cod.
2341 3911 2363 3950 b
2383 3912 2555 3960 putavit;
2580 3909 2686 3957 quod
2706 3920 2783 3947 non

1505 3967 1578 4005 est.
1593 3989 1647 3999 -
1660 3967 1725 4006 τὸν
1743 3966 1859 4018 Ἀρκ.]
1883 3968 2114 4014 τενακείσιος
2139 3975 2177 4008 2.
2199 3989 2252 3997 —-
2266 3967 2452 4017 Πυρρίας]
2483 3967 2537 4004 SIC
2554 3965 2786 4003 PlUfflFChUS

1505 4023 1642 4063 eadem
1667 4021 1829 4065 narrans
1839 4025 2021 4065 disertius
2036 4027 2077 4065 in
2100 4030 2176 4073 Qu.
2202 4028 2270 4064 Gr.
2293 4036 2329 4063 c..
2344 4029 2413 4071 34,
2432 4023 2497 4061 ubi
2511 4021 2620 4070 vide3
2643 4022 2783 4071 Πυρίας

1505 4082 1599 4124 AC;
1618 4081 1763 4131 Παρίας
1781 4084 1840 4131 Ρ,
1867 4082 2033 4133 Παρείας
2059 4082 2220 4132 reliqui;
2238 4082 2277 4119 in
2293 4079 2544 4129 sequentibus
2561 4078 2700 4128 Πυρίας
2717 4088 2782 4116 su-

1506 4137 1723 4187 prascripto
1740 4152 1765 4176 α
1778 4168 1789 4186 ,
1802 4141 1859 4184 Α;
1881 4139 2026 4188 Παρίας
2048 4141 2093 4179 C.

1558 4197 1733 4235 XXXIX.
1759 4196 1794 4235 'A
1807 4195 1924 4246 φυτ.]
1936 4207 2016 4236 om.
2042 4195 2188 4243 Caccly.
2210 4216 2257 4222 —
2274 4190 2473 4241 Ἀφυταῖοι]
2487 4190 2683 4241 Αοαοἀ9;
2700 4202 2780 4231 om.
