3016 4628
1014 271 1360 342 Aneot'lms
1395 290 1818 340 RESPUBLICAE.

40 403 54 411 '¹
95 408 256 477 ᾤκισε,
282 406 403 463 δόξαν
429 403 472 452 δὲ
507 400 700 492 μάλιστα
733 396 904 445 πάντων
929 397 986 449 ὥς
1017 395 1124 461 ἀνὴρ
1161 394 1300 458 λόγιος
1333 396 1376 440 ἐν

51 473 66 496 “’
95 485 181 535 τοῖς
203 480 298 528 τότε
322 477 394 527 καὶ
415 474 657 542 σοφώτατος
677 470 820 535 ἔσχεν.
842 461 929 517 Ἤν
951 469 994 516 δὲ
1015 473 1090 526 τῆς
1109 468 1259 534 σοφίας
1277 467 1380 515 ἐκεί-

95 573 170 612 νης
184 549 360 610 τοιαύτη
383 569 470 610 τις,
496 551 553 601 ως
573 544 727 600 ἔοικεν,
746 540 837 588 ἰδέα
859 540 931 587 καὶ
953 540 1155 602 δύναμις,
1176 539 1245 586 οἵα
1269 559 1377 604 χρη-

35 674 38 676 .
97 626 278 688 σάμενος
302 621 497 675 Ἡσίοδος
519 615 732 679 εὐδοκίμει
759 612 950 675 μάλιστα
984 612 1084 677 περὶ
1111 611 1231 667 τὰς
1213 631 1256 659 εν
1292 615 1380 665 τοῖς

75 693 77 697 ’
95 697 271 762 Ἔργοις
291 691 596 759 γνωμολογίας.
620 686 711 737 Καὶ
732 685 836 748 μίαν
861 703 909 748 γε
930 683 1092 732 τούτων
1125 684 1289 742 ἐκείνην
1309 683 1380 731 λέ-

94 788 218 836 γουσι
242 765 431 820 Πιτθέως
454 756 582 822 εἶναι,

197 877 340 922 Μισθὸς
365 875 398 914 δ’
426 872 528 923 ἀνδρὶ
556 869 652 922 φίλῳ
679 869 872 921 εἰρημένος
898 867 1028 919 ἄρκιος
1055 867 1170 906 ἔστω.

33 946 38 950 ⁶
93 977 234 1025 Τοῦτο
257 975 334 1037 μὲν
357 965 428 1020 ουν
451 990 526 1018 και
561 967 857 1035 Αριστοτέλης
885 969 907 1015 ὃ
945 966 1171 1032 φιλόσοφος
1194 964 1378 1031 ειρηκεν.

17 1095 20 1107 ,
93 1049 364 1095 Welckerus
391 1044 546 1107 (Cycl.
566 1059 616 1104 p.
646 1043 732 1104 49)
754 1044 880 1087 1111110
904 1043 1063 1086 10011111
1082 1056 1106 1085 0
1123 1041 1252 1084 libris
1272 1036 1381 1101 Περὶ

93 1120 281 1177 ποιητῶν
305 1117 486 1163 fluxisse
509 1125 684 1173 censet,
710 1115 842 1175 quod
859 1130 957 1159 non
978 1114 1259 1174 negaverim.

648 1230 729 1294 [96
755 1229 821 1293 ει·]

161 1355 333 1419 [Arist.
359 1356 461 1400 Pol.
484 1356 595 1411 VII,
622 1360 703 1411 14,
725 1359 793 1407 4·
782 1390 792 1400 .
825 1349 954 1400 'Ev‘'
929 1369 1046 1404 οσαις
1077 1348 1159 1414 γὰρ
1188 1351 1271 1395 τῶν
1297 1347 1382 1395 πό-

93 1427 201 1475 λεων
236 1424 570 1490 ἐπιχωριάζεται
602 1424 652 1472 τὸ
690 1443 733 1471 νε
722 1423 807 1478 ὀυς
838 1422 1113 1486 συζευγνύναι
1145 1425 1217 1468 καὶ
1256 1420 1379 1483 νέας,

93 1500 256 1553 ἀτελεῖς
281 1497 356 1546 καὶ
391 1497 538 1563 μικροὶ
569 1495 624 1544 τὰ
656 1495 841 1559 σώματά
865 1498 948 1543 εἰσ·-
952 1513 988 1544 ν.
1025 1492 1130 1542 Ἔτι
1159 1491 1248 1540 δὲ’
1229 1512 1272 1539 εν
1294 1495 1383 1546 τοῖς

91 1571 229 1625 τόκοις
266 1573 309 1618 αἱ
343 1570 435 1618 νέαι
464 1569 642 1618 πονοῦσί
678 1588 723 1616 τε
761 1569 925 1631 μᾶλλον
958 1566 1032 1613 καὶ
1072 1564 1383 1630 διαφθείρονται

91 1643 281 1697 πλείους·
311 1643 376 1690 διὸ
402 1641 476 1690 καὶ
499 1641 571 1689 τὸν
594 1641 794 1706 χρησμὸν
818 1638 1012 1704 γενέσθαι
1042 1636 1150 1691 τινές
1173 1656 1279 1702 φασι
1313 1636 1383 1684 διὰ

91 1713 292 1774 τοιαύτην
317 1713 459 1761 αἰτίαν
482 1714 568 1768 τοῖς
588 1711 875 1778 Τροιζηνίοις,
906 1715 963 1766 ὡς
990 1711 1162 1757 πολλῶν
1187 1710 1382 1774 διαφθει-

93 1785 282 1852 ρομένων
321 1785 391 1832 διὰ
428 1785 478 1832 τὸ
516 1785 808 1849 γαμίσκεσθαι
842 1784 918 1840 τὰς
951 1781 1179 1847 νεωτέρας,
1205 1783 1301 1829 ἀλλ’
1335 1783 1382 1829 οὗ

91 1857 197 1924 πρὸς
214 1855 293 1916 τὴν
318 1859 402 1904 τῶν
420 1859 598 1921 καρπῶν
617 1855 844 1920 κομιδήν.]

163 1951 183 1974 «
209 1934 264 1976 In
286 1933 495 1993 margine
539 1931 647 1976 cod.
681 1929 828 1976 Paris.
863 1930 988 1974 2023
1025 1937 1382 1989 peropportune

82 2011 320 2048 servatum
341 2004 479 2048 nobis
502 2012 568 2049 est
581 1999 675 2049 1100
698 2003 941 2048 oraculum
961 2018 972 2046 ε
996 1999 1056 2062 μὴ
1078 1999 1124 2046 τὲ
1147 1998 1263 2063 (sie)
1282 2018 1385 2061 μνε-

35 2108 42 2115 s
91 2092 187 2128 νεας
211 2074 326 2138 (sie)
351 2073 513 2133 ἄλοκα,
532 2076 564 2122 i.
589 2091 629 2124 e,
658 2072 718 2136 μὴ
739 2072 870 2135 τέμνε
881 2072 979 2126 νέας
1002 2070 1140 2119 ἄλοκα
1158 2089 1168 2117 :
1186 2074 1283 2117 noli
1298 2074 1386 2116 sul-

67 2159 192 2192 -cum
220 2153 483 2209 imprimere
508 2153 675 2211 virgini
699 2143 842 2213 (νέα),
867 2163 973 2208 quoe
985 2148 1182 2190 nondum
1205 2156 1386 2189 matura

93 2230 161 2266 est
177 2225 297 2279 viro,
324 2222 399 2266 vel
425 2237 436 2266 :
461 2218 522 2283 μὴ
547 2219 674 2283 τέμνε
697 2226 793 2273 νεᾶς
814 2218 976 2276 ἄλοκα,
997 2221 1094 2264 noli
1112 2221 1285 2262 sulcum
1301 2222 1386 2262 im-

32 2318 35 2322 ·
79 2297 289 2351 ⁴primere
319 2297 486 2339 novali.
510 2295 660 2354 Igitur
691 2292 751 2338 i‘ta
777 2293 966 2337 fortasse
989 2292 1192 2336 habebat
1216 2306 1387 2336 oracu-

98 2363 227 2409 lum:
252 2363 382 2412 Ἀλλὰ
405 2363 523 2420 νέας,
547 2364 757 2429 ’1ροίζην,
783 2362 942 2416 ἄλοκας
960 2361 1020 2424 μὴ
1045 2361 1174 2424 τέμνε
1198 2361 1386 2428 βαθείας.

97 2435 209 2488 Νέας
232 2438 375 2498 igitur
398 2439 459 2483 ad
477 2436 526 2483 τὸ
553 2436 808 2500 γαμίζεσθαι
828 2435 904 2489 τὰς
923 2434 1131 2499 νεωτέρας
1153 2438 1386 2497 pertinet3

62 2515 192 2583 νεᾶς
214 2525 328 2554 vero
351 2510 410 2555 ad
433 2507 510 2565 τὴν
528 2528 612 2556 των
627 2527 804 2573 καρπον
820 2506 1018 2569 κομιδήν,
1034 2510 1189 2567 Atque
1213 2511 1391 2553 Troeze-

52 2580 160 2643 nii
183 2583 247 2626 ita
268 2584 598 2628 intellexerunt
619 2584 884 2637 oraculum,
907 2583 1035 2640 quasi
1055 2587 1150 2633 νεᾶς
1179 2581 1387 2638 dixisset,

50 2672 243 2726 squam
266 2654 362 2708 νέας
381 2659 778 2717 pronuntiassetm
778 2657 1053 2714 ›Goettling.
1082 2656 1206 2699 adh.
1228 2656 1257 2698 l.

160 2732 231 2774 De
255 2731 470 2788 fiffycenis
493 2723 764 2774 Aristoteles
788 2728 1006 2772 laudatur
1031 2728 1159 2787 apud
1180 2727 1388 2774 Eustath.

75 2801 337 2859 ·1111.11.Δ,
363 2808 438 2859 40,
462 2818 512 2861 p
544 2801 635 2855 443
666 2803 767 2845 init.

797 2800 999 2847 ;Δοκεῖ
978 2817 1018 2844 0:
1006 2798 1221 2844 ἓνταυθα
1243 2816 1390 2859 μαντι-

100 2866 280 2938 κώτερον
297 2875 566 2937 παρακαλεῖν
588 2875 610 2918 ὃ
628 2870 810 2930 ποιητὴς
833 2870 911 2929 τὴν
937 2874 1013 2928 τῆς
1035 2869 1246 2927 Μυκήνης
1268 2869 1391 2916 ἀπώ-

99 2944 238 3004 λειαν,
257 2944 309 3003 ἣν
329 2947 377 2992 ἐκ
396 2948 478 2992 τῶν
507 2946 712 3010 ρηθεισῶν
735 2947 863 3010 τριῶν
891 2945 979 3006 (sc.
1008 2942 1172 2989 πόλεων
1187 2979 1199 3001 ,
1215 2938 1393 3004 Ἄργους

69 3012 79 3062 .’
101 3015 308 3082 Σπάρτης
325 3017 398 3064 καὶ
424 3016 655 3080 Μυκήνης)
683 3019 825 3070 κακῶς
850 3019 1074 3062 παθοῦσαν
1096 3013 1169 3061 καὶ
1195 3013 1391 3077 Ἀριστο-

101 3085 225 3147 τέλης
239 3087 458 3152 ἱστόρηκε.
491 3092 606 3150 Quae
628 3092 774 3151 petita
791 3106 884 3135 esse
898 3098 1016 3150 puto
1034 3105 1091 3134 ex
1115 3085 1389 3150 Ἀπορήμασι

75 3224 79 3227 η
103 3157 373 3224 ῘΟμηρίκοῒς.

2646 303 2736 344 137

1868 393 2318 457 (ΕΠΙΔΑΥΡΙΩΝ.)

2058 502 2138 546 97-

1519 582 1687 626 Strabo
1711 582 1847 641 VIII,
1867 596 1913 640 p.
1942 579 2032 636 374
2064 596 2074 624 z
2109 577 2165 626 ‘H
2193 578 2450 645 Ἐπίδαυρος
2484 582 2518 628 δ’
2550 583 2745 630 ἐκαλεῖτο

1454 648 1708 717 Ἔπίκαρος·
1745 650 1850 717 φησὶ
1890 649 1973 715 γὰρ
2010 650 2307 714 Ἀριστοτέλης
2342 658 2576 717 κατασχεῖν
2612 654 2745 712 αὐτὴν

1456 725 1629 787 Κᾶρας,
1668 724 1814 789 ὥσπερ
1857 722 1931 770 καὶ
1958 721 2222 786 Ἑρμιόνην·
2258 726 2342 769 τῶν
2380 724 2417 770 δ’
2457 724 2748 789 Ἡρακλειδῶν

1454 796 1772 856 κατελθόντων,
1797 793 1952 848 Ἴωνας
1990 795 2131 848 αὐτοῖς
2163 799 2439 854 συνοικῆσαι,
2465 796 2561 850 τοὺς
2595 799 2642 844 ἐκ
2676 802 2749 855 τῆς

1386 922 1390 926 ,
1455 867 1648 927 Ἀττικῆς
1667 868 1961 933 τετραπόλεως
1987 865 2298 928 συνεπομένους
2318 869 2374 921 εἷς
2394 866 2561 932 Ἄργος.
2587 872 2750 930 Sequi-

1455 950 1533 986 tur
1556 945 1763 987 narratio
1783 942 1842 987 de
1867 941 2042 1001 templo
2071 941 2341 1001 AEsculapii.

1522 1010 1788 1077 Ἐπίκαρος]
1815 1013 2000 1058 emend.
2029 1010 2322 1073 Casaubon.;
2352 1010 2611 1076 Ἔπίταυρος
2642 1014 2749 1058 libri

1457 1102 1631 1131 omnes.
1657 1088 1832 1133 Vitium
1857 1087 2128 1145 antiquum,
2173 1086 2243 1130 uti
2283 1086 2461 1145 colligis
2489 1100 2546 1129 ex
2585 1086 2744 1143 Steph.

1456 1161 1565 1219 Byz.
1588 1175 1635 1204 v,
1661 1157 1923 1221 Ἐπίδαυρος
1950 1174 1960 1202 z
1985 1157 2179 1203 ἐκαλεῖτο
2205 1155 2280 1202 καὶ
2313 1155 2536 1203 Μυλισσία
2564 1155 2636 1201 καὶ
2666 1155 2752 1203 Αἴ-

1459 1248 1639 1294 μηρα...
1677 1222 1770 1276 εἶτα
1805 1228 2065 1292 Ἐπίταυρος
2094 1227 2169 1275 καὶ
2203 1226 2480 1292 Ἐπίδαυρος.
2512 1230 2755 1289 Vulgatam

1457 1300 1715 1367 Ἐπίταυρος
1744 1304 1868 1347 tueri
1901 1303 2052 1347 voluit
2075 1301 2288 1347 Grashof.
2316 1303 2346 1347 l.
2371 1303 2403 1348 1.
2435 1318 2486 1361 p.
2524 1301 2614 1345 168
2633 1335 2645 1357 ‚
2674 1304 2755 1360 qui

1455 1372 1673 1434 Hes'ychii
1682 1376 1892 1435 glossam,
1905 1371 2054 1418 ἐπίταυ
2063 1389 2147 1435 ρος,
2158 1370 2334 1435 ἰσχυρόν
2349 1406 2363 1430 ,
2375 1373 2569 1417 asserens
2577 1374 2758 1432 putavit

1457 1448 1733 1507 Epitaurum
1751 1445 2026 1507 significasse
2048 1445 2218 1490 urbem
2239 1443 2383 1489 firmae
2407 1446 2528 1489 inter
2553 1446 2688 1490 Cares
2711 1453 2757 1489 et

1455 1522 1592 1565 Iones
1629 1521 1754 1564 initae
1783 1520 2026 1564 societatis.
2068 1520 2195 1564 Talia
2230 1519 2378 1563 aliena
2415 1527 2520 1562 sunt
2554 1534 2581 1562 a
2607 1520 2758 1578 prisca

1457 1593 1746 1651 antiquitate.
1769 1591 1913 1652 Apud
1939 1591 2223 1651 Hesychium
2249 1606 2363 1635 vero
2389 1588 2614 1651 ἐπίταυρος
2637 1591 2751 1634 falso

1432 1666 1549 1725 ¹legi
1570 1681 1660 1725 pro
1686 1662 1917 1727 ε’πίγαυρος
1935 1664 2036 1722 jam
2068 1665 2175 1708 satis
2210 1672 2402 1708 constat.
2432 1665 2502 1708 Ex
2533 1664 2759 1709 Strabone

1456 1752 1538 1781 sua
1565 1738 1708 1782 habet
1728 1737 1936 1784 Eustath.
1962 1736 2023 1781 ad
2044 1737 2102 1781 11.
2126 1737 2189 1791 B,
2219 1734 2331 1792 561,
2353 1752 2402 1795 p.
2431 1735 2523 1792 287
2544 1770 2555 1791 ‚
2582 1734 2658 1779 38.

1521 1812 1593 1855 De
1608 1818 1821 1869 tempore
1842 1824 1938 1868 quo
1962 1809 2099 1852 Iones
2123 1807 2415 1867 Epidaurum
2430 1808 2646 1852 venerint
2669 1808 2753 1850 ali-

1458 1890 1529 1925 ter
1552 1883 1709 1925 statuit
1724 1882 1968 1925 Pausanias
1987 1882 2056 1937 ΙΙ,
2075 1879 2135 1924 26
2153 1913 2165 1936 ,
2194 1895 2213 1923 1
2239 1895 2250 1924 :
2270 1876 2380 1942 Πρὶν
2398 1876 2426 1935 ἢ
2443 1876 2758 1942 παραγενέσθαι

1458 1950 1650 2016 Δωριέας
1669 1954 1708 2006 ἐς
1732 1950 2063 2010 Πελοπόννησον
2083 1950 2338 2014 βασιλεῦσαί
2361 1950 2629 2012 (Epidauri)
2654 1967 2758 2014 φασι

1462 2023 1653 2089 Πιτυρέα
1685 2022 1831 2078 Ἴωνος
1868 2022 2075 2086 ἀπόγονον
2104 2026 2180 2070 τοῦ
2206 2020 2395 2069 Ξούθου·
2433 2025 2580 2068 τοῦτον
2605 2040 2755 2085 παρα-

1461 2098 1605 2144 δοῦναι
1626 2096 1822 2160 λέγουσιν
1839 2095 2002 2160 ἀμαχεὶ
2019 2094 2096 2153 τὴν
2110 2099 2190 2158 γῆν
2204 2094 2424 2160 Δηιφόντῃ
2441 2093 2516 2140 καὶ
2534 2093 2751 2159 Ἀργείοις.

1460 2172 1602 2230 Quod
1623 2172 1814 2231 praefert
1831 2172 2018 2216 Miiller.
2046 2172 2159 2214 Dor.
2180 2171 2224 2226 Ι,
2252 2168 2332 2213 81.
2358 2185 2405 2214 n.
2433 2174 2478 2220 4.

1525 2244 1668 2303 Apud
1685 2244 1831 2288 schol.
1853 2244 2090 2287 Theocrit.
2108 2242 2197 2286 XV
2210 2275 2223 2297 ‚
2251 2240 2311 2292 64
2329 2239 2548 2284 laudatur
2570 2237 2758 2303 Ἀριστο-

1460 2313 1588 2372 τέλης
1609 2316 1652 2361 ἓν
1673 2316 1734 2379 τῷ
1762 2314 1861 2378 περὶ
1890 2311 2123 2376 Ἑρμιόνης
2142 2314 2244 2376 ἱερῷ
2280 2312 2400 2374 (sic;
2429 2313 2461 2356 l.
2500 2311 2640 2375 ἱεροῦ)
2658 2347 2671 2372 ,
2698 2329 2755 2357 ex

1462 2404 1612 2447 eoque
1635 2396 1852 2432 narratur
1870 2387 2027 2431 fabula
2047 2386 2105 2430 de
2124 2386 2225 2447 ἱερῷ
2242 2383 2371 2448 γάμῳ
2395 2385 2422 2428 J
2426 2385 2523 2428 ovis
2547 2393 2592 2428 et
2613 2386 2756 2428 Juno-

1465 2462 1551 2506 nis.
1575 2461 1735 2505 Putari
1756 2461 1902 2519 possit
1937 2459 2235 2503 Aristotelem
2252 2458 2373 2501 hanc
2409 2455 2616 2500 fabulam
2638 2472 2752 2501 nar-

1462 2547 1581 2576 rasse
1610 2533 1660 2575 in
1678 2534 1799 2591 Rep.
1824 2530 2256 2585 Hermionensium3
2277 2528 2358 2583 sed
2372 2543 2541 2587 parum
2558 2527 2650 2570 hoc
2674 2541 2758 2569 ve-

1472 2605 1686 2660 risimile3
1710 2612 1885 2647 nomen
1905 2603 2104 2646 auctoris
2131 2610 2407 2660 corruptum
2427 2614 2520 2644 esse
2544 2598 2757 2654 videtur3

1465 2692 1748 2735 quamquam
1770 2675 2008 2720 emendari
2033 2683 2162 2718 certo
2193 2674 2374 2731 nequit.
2400 2673 2496 2716 Nos
2516 2671 2754 2730 fragmen-

1464 2757 1564 2792 tum
1585 2749 1906 2792 exhibebimus
1931 2762 1986 2791 eo
2012 2747 2119 2790 loco
2133 2780 2145 2802 ‚
2166 2745 2250 2788 ubi
2274 2744 2333 2789 de
2352 2744 2498 2803 Peplo
2525 2743 2756 2788 Aristote-

1464 2820 1518 2863 lis
1541 2835 1691 2864 sermo
1714 2821 1818 2866 erit.

1926 2893 2302 2958 (ΑΣΙΝΑΙΩΝ.)

1532 3085 1699 3131 Strabo
1723 3085 1866 3140 VIII,
1898 3083 1988 3140 373
2017 3097 2029 3130 2
2059 3079 2269 3145 Δρυόπων
2303 3079 2341 3126 δ’
2378 3075 2623 3140 οἷκητήριόν
2654 3094 2758 3141 φασι

1465 3154 1539 3204 καὶ
1560 3155 1636 3213 τὴν
1658 3155 1826 3213 Ἀσίνην
1843 3174 1853 3184 ·
1873 3153 1948 3201 εἴτ’
1969 3156 2017 3201 ἐκ
2034 3156 2118 3200 τῶν
2142 3151 2241 3216 περὶ
2267 3150 2505 3215 Σπερχειὸν
2532 3149 2674 3195 τόπων
2694 3147 2764 3194 ὅν-

71 3294 238 3369 ]ςαιικίῐ,
253 3287 322 3338 §ed
336 3309 419 3349 prae
437 3299 621 3340 omnibus
641 3311 787 3340 nomen
807 3300 980 3339 obtinuit
995 3299 1102 3338 docti
1117 3310 1189 3349 pro
1205 3298 1283 3337 illis
1299 3298 1394 3336 tem-

40 3382 46 3388 ·
79 3361 266 3417 :aporibus
294 3366 333 3402 et
359 3363 633 3413 sapientissimi
651 3363 741 3402 viri.
769 3364 865 3404 Erat
894 3365 1029 3403 autem
1057 3362 1258 3413 sapientiae
1288 3361 1394 3400 illius

66 3422 98 3475 ..331
146 3423 196 3465 lis
215 3425 319 3476 sere,
339 3427 387 3465 ut
405 3425 566 3466 credere
590 3438 660 3477 par
685 3427 767 3477 est,
784 3427 933 3477 species
958 3428 998 3466 et
1016 3427 1099 3476 vis,
1124 3425 1233 3476 quali
1254 3426 1392 3464 Hesio-

161 3499 180 3529 3
193 3500 316 3540 quum
345 3491 539 3540 uteretur,
560 3491 828 3531 celebritatem
855 3491 1023 3541 adeptus
1042 3492 1102 3531 est
1124 3491 1322 3540 praecipue
1344 3501 1396 3528 ex

64 3547 307 3612 ’ῥῷ-1110111113
321 3555 503 3607 bilibre,
523 3567 643 3607 quem
661 3560 790 3607 Opera
804 3557 1042 3608 appellavit,
1063 3556 1233 3606 scriptis.
1265 3558 1393 3602 Unam

75 3614 97 3667 {i
108 3615 248 3658 harum
265 3619 408 3660 Pitthei
424 3620 557 3660 ferunt
576 3620 716 3672 fuisse,
738 3621 839 3659 hanc
854 3619 1039 3660 videlicet
1050 3650 1062 3669 ,

195 3683 358 3725 Sufficiat
373 3698 512 3726 merces
527 3699 608 3735 quae
622 3689 847 3726 decernatur
861 3690 996 3726 amico.

111 3751 241 3844 atque
271 3753 348 3793 hoc
375 3755 603 3795 Aristoteles
631 3765 793 3805 quoque
821 3755 1079 3806 philosophus
1104 3752 1281 3793 tradidit.

673 3842 830 3895 [96a.]

63 3913 68 3927 ἶ
166 3927 423 3980 [Argumento
438 3932 614 3982 estquod
638 3932 808 3982 quibus
797 3943 839 3971 111
853 3931 1080 3971 civitatibus
1095 3928 1399 3973 adolescentulis

82 3987 238 4033 nolent
251 3995 435 4044 puellulae
454 3995 624 4046 nubere,
643 3997 685 4035 in
702 3997 762 4036 his
775 3995 953 4039 homines
967 3995 1187 4045 imperfecti
1203 3995 1242 4033 et
1258 4004 1325 4032 001·
1327 4004 1398 4042 po-

70 4061 99 4084 ³³³
107 4071 126 4100 ἢ
203 4067 222 4097 s
235 4057 364 4108 exigui
385 4061 617 4099 nascuntur,
636 4060 694 4100 Ad
720 4060 837 4099 haec
828 4071 868 4098 111
886 4060 1002 4109 partu
1019 4059 1161 4109 puellae
1177 4056 1400 4096 adolescen-

60 4140 274 4234 §eanum
290 4187 503 4227 Troezeniis
523 4188 672 4228 editum
689 4200 773 4228 esse
792 4189 999 4228 oraculum
1018 4187 1178 4238 quidam
1204 4187 1398 4236 interpre-

44 4237 268 4303 {gentum
291 4251 453 4302 proinde
470 4253 581 4303 quasi
605 4254 743 4294 multae
759 4255 942 4295 mulieres
966 4254 1193 4302 interirent,
1212 4253 1304 4303 quia
1332 4252 1397 4301 Ju-

67 4351 69 4354 4
84 4350 114 4396 3,
1326 4336 1336 4366 ,

82 4477 99 4486 ι,
118 4482 123 4486 .

42 4493 56 4501 .,.
85 4488 97 4507 ³2
146 4501 150 4503 ,

49 4507 142 4628 ,ἐξ

57 4617 66 4628 ι
99 4607 140 4628 ,,..“

177 4130 211 4160 ao
225 4121 348 4171 magis
361 4122 564 4172 laborant,
591 4125 632 4164 et
658 4125 791 4173 plures
811 4124 1024 4164 intereunt.
1050 4124 1190 4172 Itaque
1212 4121 1264 4160 ob
1278 4122 1400 4160 talem

1467 3296 1598 3335 niores
1613 3294 1757 3344 nuptui
1771 3294 2037 3342 traderentur,
2058 3303 2138 3331 non
2154 3292 2314 3342 propter
2328 3290 2459 3336 fructu
2466 3300 2533 3328 um
2545 3286 2763 3338 perceptio-

1469 3371 1560 3399 nem
1577 3356 1980 3409 (intempestivam).
1997 3356 2011 3407 ]

1832 3439 2359 3504 (EPmAURIORUM.
2370 3437 2391 3503 )

2074 3547 2148 3588 97.

1520 3651 1746 3703 Epidaurus
1772 3650 1869 3690 011111
1900 3649 2181 3689 nominabatur
2211 3648 2401 3698 Epicarus
2429 3660 2439 3684 :
2471 3642 2618 3683 etenim
2643 3643 2763 3682 cares

1470 3716 1567 3755 olim
1589 3715 1729 3754 urbem
1750 3714 1924 3754 tenuisse
1939 3713 2051 3752 sicuti
2069 3713 2190 3752 etiam
2207 3709 2448 3751 Hermionen
2471 3707 2590 3746 refert
2617 3704 2761 3743 Aristo-

1470 3783 1591 3830 teles;
1618 3780 1695 3820 sub
1723 3780 1853 3819 reditu
1880 3790 1973 3818 vero
2005 3778 2302 3818 Heraclidarum
2323 3773 2567 3814 cohabitasse
2598 3780 2687 3808 011111
2715 3768 2762 3806 113

1471 3848 1607 3894 101103,
1624 3843 1693 3894 qui
1708 3854 1787 3882 una
1802 3854 1896 3882 cum
1916 3842 2133 3883 Heraclidis
2155 3852 2205 3881 ex
2223 3838 2406 3890 tetrapoli
2424 3836 2553 3877 Attica
2575 3834 2615 3872 in
2630 3836 2755 3881 Argo-

1470 3910 1591 3950 lidem
1612 3909 1826 3949 venissent.

1885 3981 2346 4048 (.AslNAE0RUM.)

2038 4098 2043 4104 ·
2078 4086 2152 4125 98.

1525 4183 1670 4223 Asinen
1705 4185 1910 4231 Dryopum
1944 4178 2218 4219 habitaculum
2244 4174 2361 4213 fuisse
2382 4169 2542 4214 dicunt,
2578 4176 2678 4215 quos
2710 4176 2758 4203 ex

1475 4250 1700 4310 regipnibus
1724 4250 1826 4288 circa
1844 4247 2084 4297 Spercheum
2102 4244 2185 4284 sitis
2216 4245 2369 4289 Dryops
2386 4234 2542 4278 Arcadis
2562 4233 2665 4271 filius
2681 4232 2760 4271 hue
