3016 4628
1223 291 1635 342 FRAGMENTA.
2685 299 2736 337 31

1453 406 1555 448 ideo
1573 408 1710 447 etiam
1720 400 1861 458 suere
1886 405 1963 459 qui
1973 411 2194 463 putarent
2214 403 2318 444 illos
2341 417 2401 444 ex
2421 405 2617 447 adverso
2641 406 2747 447 orbe

1453 477 1696 520 advolare.
2791 523 2801 529 ³

1415 568 1422 668 1
1520 547 1755 592 Plutarch.
1775 547 1866 603 Qu,
1889 547 2030 589 Rom.
2056 543 2136 603 93,
2163 559 2214 603 p.
2240 543 2351 599 286,
2374 547 2409 588 B
2432 561 2441 588 :
2464 546 2554 590 Cur
2570 550 2636 591 acl
2663 565 2750 591 au—

40 470 43 473 ,
98 417 430 485 βασιλεύσαντος
460 418 536 472 τῆς
557 412 734 477 χώρας,
760 409 787 467 ἢ
816 409 886 456 διὰ
910 407 987 465 τὴν
1013 406 1162 472 ἄφεσιν
1187 409 1271 452 τῶν
1296 406 1370 468 ἁρ-

21 481 48 521 ⁶3
97 489 283 553 μα’τωνῆ
301 494 374 536 τοῦ
385 486 565 539 λέοντος·
579 488 666 532 ἐκεῖ
680 481 762 546 γὰρ
780 484 826 528 ἐκ
837 484 912 538 τῆς
927 478 1107 536 σελήνης
1125 477 1294 543 ἀφείθη.
1313 479 1379 523 (Is.

21 555 23 560 .
94 564 326 611 Plutarch.
350 565 420 607 De
435 559 547 604 fluv.
568 575 609 603 c.
635 564 660 611 4
685 573 694 601 :
716 554 780 603 Τὸ
800 552 878 617 μὲν
895 551 1177 600 Ἀπαίσαντον
1213 552 1227 613 (
1248 567 1383 595 mons

47 656 52 660 ’
96 634 353 696 Argolidis)
389 631 581 678 ἐκαλεῖτο
615 627 817 692 πρότερον
845 627 1100 683 Σεληναῖον.
1136 621 1260 688 Ἥρα
1298 621 1381 686 γὰρ

48 750 54 756 .
94 703 200 771 παρ’
219 704 484 769 Ἧρακλέους
502 701 621 754 δίκας
647 698 884 765 βουλομένη
903 697 1053 745 λαὸεῖν
1078 694 1277 761 σύνεργον
1294 713 1380 741 πα-

99 777 254 845 pilot&
272 775 348 834 τὴν
369 774 586 832 Σελήνην·
618 777 646 830 ἡ
669 774 704 819 δ’
730 772 916 837 ἐπῳδαῖς
948 768 1207 835 χρησαμένη
1230 767 1382 830 μοίγοις

37 868 42 872 “
97 843 232 917 ᾆφροῦ
268 847 418 905 κίστην
454 846 702 908 ἐπλήρωσεν
718 882 731 904 ,
771 844 814 900 ἐξ
848 838 899 903 ἧς
934 842 1189 906 γεννηθέντα
1226 838 1381 888 λέοντα

53 919 58 923 ’
99 922 297 987 μέγιστον
315 912 422 984 Ἶρις
452 922 544 972 ταῖς
580 918 704 971 ἰδίαις
739 916 890 972 ζώναις
922 914 1211 980 ἐπισφίγξασα
1245 911 1381 969 κατή-

96 1014 244 1060 νεγκεν
270 995 328 1048 εἷς
350 993 444 1059 ὅρος
468 991 717 1058 Ὀφέλτιον·
741 994 763 1037 ὃ
787 991 831 1038 δὲ
855 987 1042 1051 ποιμένα
1077 986 1174 1035 τινὰ
1202 990 1287 1034 τῶν
1313 988 1381 1050 ἐγ-

95 1066 264 1134 χωρίων
288 1066 571 1114 Ἀπαίσαντον
593 1062 817 1128 σπαράξας
839 1063 1002 1109 ἀνεῖλεν
1016 1081 1026 1090 ·
1059 1060 1185 1108 κατὰ
1207 1059 1250 1106 δὲ
1277 1062 1382 1116 Θεῶν

97 1139 296 1206 πρόνοιαν
316 1141 338 1186 δ
353 1138 479 1192 τόπος
503 1137 782 1189 Ἀπαίσαντος
805 1137 880 1182 ἀπ’
903 1136 1034 1182 αὐτοῦ
1054 1131 1384 1196 μετωνομάσθη·

95 1211 235 1266 καθὼς
255 1214 413 1276 ἱστορεῖ
429 1211 731 1273 Δημόδοκος
751 1211 795 1256 ἐν
816 1207 856 1254 α’
879 1207 1162 1273 Ἡρακλείας.

161 1287 373 1332 Ceterum
405 1287 535 1330 locus
555 1295 714 1330 noster
737 1284 980 1343 complura
1009 1282 1068 1327 de
1098 1281 1285 1325 mundis
1310 1297 1384 1340 με·

95 1355 268 1422 τεώροις
287 1358 541 1404 disserendi
563 1373 717 1403 ansam
738 1356 917 1402 dedisse
939 1355 1144 1400 videtur.
1167 1356 1388 1414 Spectant

27 1435 29 1438 ’
93 1429 219 1476 huc:

707 1559 780 1588 10.

162 1690 431 1735 Aristoteles
460 1690 521 1733 H.
564 1690 621 1732 A.
662 1689 754 1743 VI,
784 1686 810 1731 5
849 1702 859 1730 ε
899 1683 955 1732 ‘O
988 1682 1033 1730 δὲ
1066 1681 1154 1748 γὺψ
1178 1681 1389 1729 νεοττεύει

102 1760 179 1825 μὲν
206 1759 277 1809 ἐπὶ
299 1760 476 1825 πέτραις
504 1757 818 1824 ἀπροσὸάτοις·
842 1757 907 1804 διὸ
933 1756 1111 1811 σπάνιον
1141 1757 1244 1803 ἰδεῖν
1272 1775 1387 1802 νεοτ-

101 1832 192 1880 τιὰν
219 1833 351 1897 γυπὸς
374 1831 449 1880 καὶ
473 1828 686 1884 νεοττούς·
704 1830 778 1877 καὶ
798 1828 868 1877 διὰ
893 1835 1017 1876 τοῦτο
1044 1828 1120 1904 κηαὶ
1145 1827 1393 1894 (Ηρόδωρος

100 1907 124 1953 ὃ
144 1903 373 1971 Βρύσωνος
394 1908 469 1951 τοῦ
494 1907 697 1969 σοφιστοῦ
717 1902 865 1967 πατήρ
893 1920 1021 1967 φησιν
1046 1905 1154 1948 εἶναι
1181 1903 1279 1953 τοὺς
1313 1906 1394 1965 γῦ-

99 1995 184 2032 πας
207 1975 279 2043 ἀφ’
301 1975 448 2041 ἑτέρας
469 1980 547 2041 γ’ῆς
571 1975 731 2033 ἀδήλου
755 1979 860 2037 ἡμῖν
875 2012 888 2037 ,
910 1974 1035 2021 τοῦτό
1067 1993 1112 2021 τε
1147 1973 1283 2036 λέγων
1314 1994 1391 2031 ση-

103 2057 220 2114 μεῖον
243 2049 307 2097 ὅτι
321 2049 460 2105 οὐδεὶς
477 2047 639 2116 ἑώρακε
664 2049 797 2113 γυπὸς
819 2047 1030 2106 νεοττιὰν,
1052 2047 1127 2095 καὶ
1151 2045 1216 2094 ὅτι
1240 2047 1394 2094 πολλοὶ

102 2123 297 2189 ἐξαίφνης
316 2123 538 2190 φαίνονται
562 2123 890 2175 ἀκολουθοῦντες
915 2125 1001 2176 τοῖς
1021 2120 1358 2186 στρατεύμασιν.

166 2200 304 2260 Vulg.
346 2195 577 2262 Ἡρόδοτος
608 2194 873 2260 Βρύσσωνος.
901 2195 1008 2258 (alii
1043 2194 1290 2259 Βρίσσωνος
1321 2197 1393 2240 vel

104 2268 378 2333 Ἀρίσσωνος)
406 2287 529 2318 corr.
554 2270 788 2315 Bochard.
815 2271 1002 2314 Hier-02.
1027 2272 1096 2326 II,
1131 2285 1157 2313 2
1177 2303 1189 2326 ‚
1218 2269 1296 2314 26.
1339 2272 1391 2315 V.

106 2343 377 2390 Schneider.
402 2343 463 2388 ad
477 2344 527 2388 h.
552 2344 585 2387 1.

170 2417 244 2460 Id.
267 2416 383 2460 ibid.
409 2417 505 2472 IX,
531 2431 615 2475 12,
643 2429 699 2462 2:
726 2412 868 2466 Γυπὸς
890 2411 935 2459 δὲ
959 2411 1132 2484 λέγεται
1161 2411 1245 2459 ὑπό
1269 2431 1395 2459 τινων

0 2477 4 2519 s
103 2489 162 2540 ὡς
185 2486 319 2540 οὐδεὶς
355 2487 539 2552 ἑώρακεν
571 2484 668 2533 οὔτε
699 2484 867 2532 νεοττὸν
907 2485 1011 2532 οὔτε·
1028 2485 1244 2532 νεοττιάν·
1282 2483 1396 2531 ἀλλὰ

103 2554 176 2606 διὰ
197 2563 320 2607 τοῦτο
343 2557 592 2624 Ἡρόδωρος
611 2562 634 2605 ὃ
656 2563 730 2606 τοῦ
750 2555 976 2623 Βρύσωνος
993 2563 1066 2605 τοῦ
1090 2563 1292 2621 σοφιστοῦ
1310 2578 1396 2604 πα-

0 2624 2 2693 ζ
39 2686 44 2690 q
103 2653 129 2679 τ
151 2652 187 2698 ,ρ
213 2631 299 2680 ἀπό
321 2644 432 2685 τινος
456 2630 605 2697 ἑτέρας
625 2636 737 2679 εἰναι
763 2630 979 2697 μετεώρου
1020 2635 1099 2694 γ’ἥς
1135 2632 1303 2694 ἔλεγεν,
1327 2651 1397 2678 τε·

108 2702 294 2769 κμήριον
319 2707 444 2751 τοῦτο
465 2703 601 2765 λέγων
626 2705 767 2751 καὶτὸ
793 2704 1019 2770 φαίνεσθαι
1043 2703 1155 2768 ταχὺ
1192 2703 1396 2758 πολλούς·

107 2776 200 2823 ὅθεν
228 2774 296 2835 δὲ,
318 2775 471 2839 μηδενὶ
497 2769 606 2824 εἶναι
627 2778 773 2834 δῆλον.

171 2851 343 2896 Eadem
365 2867 421 2896 ex
438 2853 684 2896 Aristotele
700 2854 986 2914 negligenter
997 2854 1229 2914 *excerpsit
1245 2854 1397 2912 Apol-

109 2923 262 2970 lonius
283 2926 399 2971 Hist.
422 2925 589 2971 mirab.
613 2941 654 2969 c.
691 2924 751 2978 48
782 2927 863 2984 (42
894 2925 968 2970 ed.
995 2926 1242 2970 &Vester-m.
1261 2924 1292 2984 ).
1325 2925 1393 2968 Cf.

110 2995 284 3042 Plinius
298 2999 360 3046 H.
379 2998 436 3043 N.
452 2998 498 3041 X
512 3031 523 3053 ‚
551 3012 575 3054 7
611 3013 622 3041 ε
638 2999 695 3059 V
691 2999 886 3041 ulturum
907 2999 1041 3042 nidos
1059 3013 1191 3041 nemo
1214 3002 1392 3056 attigit;

161 3201 311 3242 Vultur
335 3203 378 3243 in
399 3204 504 3244 saxis
526 3204 735 3243 inaccessis
762 3204 901 3244 nidum
920 3205 1056 3254 ponit;
1080 3217 1162 3256 quo
1180 3206 1224 3245 fit
1251 3207 1296 3245 ut
1314 3217 1404 3244 raro

63 3288 69 3292 «
113 3266 220 3306 visus
248 3267 298 3306 sit
318 3258 491 3307 vultu‘ris
513 3267 629 3306 nidus
659 3269 700 3307 et
723 3269 834 3318 pulli.
862 3275 919 3309 Ac
938 3272 1148 3320 propterea
1175 3270 1406 3310 Herodorus

114 3331 296 3382 Brysonis
318 3331 504 3382 sophistae
529 3333 640 3381 pater
662 3332 718 3371 ait
739 3333 921 3373 vultures
939 3334 1078 3373 venire
1101 3346 1123 3374 e
1146 3337 1255 3374 terra
1281 3336 1406 3375 altera

113 3395 243 3446 ignota
254 3397 385 3446 nobis,
400 3407 448 3436 eo
463 3399 711 3448 argumento,
725 3400 812 3438 tum
827 3399 934 3449 quod
951 3411 1069 3440 nemo
1082 3400 1253 3441 vulturis
1267 3402 1404 3441 nidum

114 3461 338 3512 conspexit,
362 3464 452 3502 tum
474 3463 582 3513 quod
600 3474 744 3514 magno
758 3475 927 3504 numero
948 3471 1110 3516 repente
1133 3469 1324 3517 apparent
1342 3479 1406 3507 se-

88 3526 96 3533 ’
114 3527 279 3575 quantes
296 3527 506 3569 exercitus.

164 3594 345 3636 Vulturis
359 3606 433 3635 nec
450 3597 607 3647 pullum
623 3608 697 3637 ncc
712 3598 854 3638 nidum
873 3610 896 3638 a
911 3611 1118 3651 quoquam
1131 3602 1263 3642 visum
1277 3602 1405 3642 aiunt.

117 3657 328 3708 Propterea
357 3661 587 3702 Herodorus
601 3691 612 3711 ,
642 3663 829 3712 Brysonis
866 3664 1053 3714 sophistae
1089 3668 1225 3716 pater,
1251 3667 1408 3707 dicebat

115 3720 218 3771 ipsos
236 3732 260 3762 e
280 3723 484 3774 superiore
505 3726 680 3776 quadam
702 3729 810 3766 terra
826 3727 1045 3769 adventare
1056 3743 1067 3778 ;
1085 3730 1152 3769 illo
1169 3731 1287 3770 etiam
1315 3743 1409 3772 usus

116 3787 348 3835 argumento
359 3817 371 3837 ,
391 3795 580 3839 apparere
595 3791 797 3841 extemplo
815 3791 966 3831 multos
978 3793 1076 3842 ;.sed
1091 3794 1238 3845 quihus
1255 3807 1277 3835 e
1295 3796 1406 3847 locis,

119 3850 295 3888 constare
311 3851 425 3892 nulli.

171 3913 328 3960 Anquia
337 3915 472 3954 avium
485 3918 667 3957 omnium
675 3918 840 3960 minime
848 3921 986 3960 vultur
998 3923 1225 3972 frequenter
1235 3926 1407 3976 conspici

119 3972 243 4012 solet?
267 3977 353 4014 Non
375 3979 481 4018 enim
505 3980 618 4020 facile
637 3981 677 4020 in
698 3982 832 4032 pullos
851 3985 1024 4025 vulturis
1045 3986 1250 4036 incideris3
1275 3989 1343 4027 sed
1360 4001 1405 4028 ex

121 4037 283 4077 remotis
297 4038 394 4078 locis
414 4042 598 4083 alicunde
616 4045 748 4085 subito
767 4047 956 4088 advolant
975 4061 984 4087 :
1008 4050 1113 4089 unde
1135 4053 1328 4102 sequitur,
1346 4064 1409 4092 eo·

121 4109 211 4139 rum
221 4104 428 4152 conspectu
445 4104 594 4156 aliquid
608 4110 804 4158 portendi.
823 4117 884 4152 An
900 4112 976 4163 liqc
991 4125 1149 4164 quoque
1170 4116 1220 4154 ab
1240 4119 1410 4158 Hercule

123 4164 371 4207 didicerunt?
389 4169 421 4208 si
439 4172 574 4210 tamen
599 4184 740 4215 verum
765 4178 824 4217 est
851 4178 960 4228 quod
978 4180 1204 4220 Herodorus
1227 4183 1408 4232 scripsit,

126 4231 332 4272 Herculem
347 4234 395 4274 ⁴in
415 4237 588 4286 auspicio
615 4241 805 4289 capiendo
828 4244 1002 4285 maxime
1027 4245 1266 4286 delectatum
1294 4249 1411 4289 fuisse

1454 624 1600 680 spicia
1613 622 1815 663 maxime
1831 621 1901 660 usi
1917 626 2025 659 sunt
2042 616 2389 661 vulturibus-Z..
2405 614 2432 670 ἢ
2455 614 2519 661 ὅτι
2535 620 2618 662 τῶν
2637 620 2746 682 ὀρνί-

1457 694 1540 738 θων
1574 689 1736 748 ἥκιστα
1771 685 1953 756 συηεχὴς
1995 685 2069 732 καὶ
2106 684 2289 742 συνήθης
2343 678 2490 743 οὗτος
2531 687 2627 734 οὐδὲ
2665 689 2748 753 γὰρ

1456 769 1624 827 νεοττιᾷ
1659 759 1791 825 γυπὸς
1824 759 2015 823 ἐντυχεῖν
2042 757 2198 824 ῥαδίως
2223 757 2363 816 ἔστιν,
2394 758 2506 805 ἀλλὰ
2532 760 2751 825 πόρρωθέν

1457 839 1584 882 ποθεν
1610 831 1810 890 ἐξαπίνης
1830 832 2101 895 καταίρουσι.
2130 829 2207 878 Διὸ
2234 829 2308 877 καὶ
2337 830 2585 892 σημειώδης
2608 837 2635 890 ἡ
2661 834 2755 899 ὄψις

1459 909 1598 954 αὐτῶν
1625 907 1755 952 ἐστιν.
1781 902 1842 951 Ἢ
1878 903 1952 951 καὶ
1981 908 2107 950 τοῦτο
2131 905 2237 966 παρ’
2263 899 2536 965 (Ηρακλέους
2570 902 2754 966 ἔμαθον;

1460 981 1496 1026 εἰ
1527 978 1644 1042 λέγει
1669 978 1837 1034 ἀληθῶς
1869 975 2139 1041 (Ηρόδωρος,
2178 976 2244 1021 ὅτι
2265 974 2439 1020 πάντων
2466 974 2656 1037 μάλιστα
2680 998 2755 1040 γυ-

1459 1051 1530 1118 ψὶν
1541 1051 1611 1098 ἐπὶ
1624 1049 1817 1114 πράξεως
1834 1050 1948 1114 ἀρχῇ
1963 1055 2153 1114 φανεῖσιν
2173 1046 2346 1112 ἔχαιρεν
2363 1047 2419 1095 ‘H
2427 1048 2606 1112 ρακλῆς,
2627 1049 2758 1111 ἡγού·

1461 1144 1584 1186 μενος
1618 1121 1887 1170 δικαιότατον
1926 1114 2036 1168 εἶναι
2074 1119 2146 1167 τὸν
2190 1125 2308 1182 γῦπα
2345 1123 2431 1166 τῶν
2471 1122 2760 1186 σαρκοφάγων

1461 1197 1686 1244 ἁπάντων·
1725 1197 1893 1259 πρῶτον
1935 1193 2013 1256 μὲν
2052 1193 2136 1259 γὰρ
2177 1192 2344 1246 οὐδενὸς
2387 1192 2568 1239 ἅπτεται
2604 1196 2758 1249 ζῶντος

1462 1271 1548 1316 οὐδ’
1576 1266 1876 1316 ἀποκτίννυσιν
1913 1266 2108 1331 ἔμψυχον
2137 1265 2283 1327 οὐδὲν,
2308 1268 2365 1316 ὡς
2394 1265 2511 1311 ἀετοὶ
2545 1266 2621 1312 καὶ
2641 1266 2756 1332 ἱέρα-

1461 1360 1531 1395 κες
1548 1340 1623 1388 καὶ
1643 1338 1698 1386 τὰ
1713 1337 1949 1400 νυκτίνομα
1965 1357 1975 1368 ·
2000 1342 2164 1404 χρῆται
2186 1337 2230 1385 δὲ
2249 1341 2335 1391 τοῖς
2359 1337 2505 1391 ἄλλοις
2520 1339 2761 1386 ἀποθανοῦ-

1464 1433 1547 1460 σιν.
1580 1410 1768 1461 Ἔπειτα
1793 1410 1867 1458 καὶ
1890 1410 2052 1458 τούτων
2076 1410 2131 1458 τὰ
2155 1410 2352 1476 ὁμόφυλα
2385 1410 2591 1475 παρίησι·
2620 1432 2763 1459 πετει-

1463 1490 1535 1531 νοῦ
1555 1483 1636 1550 γὰρ
1661 1483 1795 1537 οὐδεὶς
1815 1481 1982 1547 ἑώρακε
2002 1482 2255 1547 γευόμενον,
2280 1486 2336 1537 ὡς
2355 1483 2470 1530 ἀετοὶ
2499 1484 2574 1531 καὶ
2598 1484 2767 1548 ἱέρακες

1465 1557 1657 1619 μάλιστα
1692 1554 1747 1602 τὰ
1773 1560 1958 1620 συγγενῆ
1992 1555 2194 1603 διώκουσι
2228 1555 2303 1602 καὶ
2339 1555 2566 1605 κόπτουσι.
2614 1557 2767 1605 Καίτοι

1465 1630 1563 1677 κατ’
1588 1629 1831 1694 Αἰσχύλον,

1570 1739 1743 1790 Ὄρνιθος
1760 1739 1858 1789 ὄρνις
1871 1743 1954 1784 πῶς
1967 1739 2013 1777 ἂν
2028 1736 2181 1788 ἁγνεύοι
2198 1738 2331 1789 φαγών
2344 1751 2356 1788 3

1468 1835 1726 1900 Ἀνθρώποις
1771 1854 1834 1892 τε,
1867 1836 1925 1887 ὡς
1962 1832 2061 1887 ἔπος
2100 1835 2249 1890 εἰπεῖν,
2286 1831 2612 1887 ἀὸλαὸέστατός
2640 1835 2769 1891 ἐστιν,

1468 1907 1564 1954 οὔτε
1594 1907 1759 1973 καρπὸν
1800 1906 2029 1972 ἀφανίζων,
2064 1904 2160 1952 οὔτε
2186 1905 2349 1970 φυτὸν,
2389 1904 2484 1952 οὔτε
2521 1908 2625 1970 ζῷον
2660 1906 2771 1967 ἥμε-

1470 2000 1539 2046 ρον
1558 1983 1824 2045 κακουργῶν.
1842 1982 1895 2028 Εἰ
1918 1980 1960 2025 δὲ
1974 2017 1986 2038 ‚
2006 1981 2063 2032 ὡς
2082 1978 2312 2041 Αἰγύπτιοι
2331 1981 2643 2041 μυθολογοῦσι,
2662 1982 2771 2037 θῆλυ

1469 2061 1555 2100 πᾶν
1587 2052 1636 2100 τὸ
1669 2053 1788 2117 γένος
1827 2051 1942 2109 ἐστὶ,
1967 2051 2042 2098 καὶ
2081 2050 2334 2098 κυΐσκονται
2374 2050 2599 2115 δεχόμενοι
2635 2072 2769 2098 κατα·

1469 2123 1652 2172 πνέοντα
1673 2125 1744 2171 τὸν
1771 2122 2021 2182 ἀπηλιώτην
2036 2160 2048 2181 ,
2070 2122 2216 2190 ὥσπερ
2237 2123 2292 2171 τὰ
2314 2122 2467 2188 δένδρα
2485 2123 2555 2170 τὸν
2577 2123 2772 2189 ζέφυρον,

1470 2195 1544 2243 καὶΙ
1560 2196 1839 2243 παντάπασιν
1863 2196 2036 2251 ἀπλανῆ
2055 2193 2110 2241 τὰ
2136 2196 2296 2257 σημεῖα
2310 2194 2389 2247 ’καὶ
2405 2194 2561 2258 βέὸαια
2581 2197 2772 2259 γίνεσθαι

1470 2268 1646 2316 πιθανόν
1669 2271 1782 2315 ἐστιν
1803 2270 1880 2314 ἀπ’
1904 2269 2043 2314 αὐτῶν
2058 2284 2067 2294 ·
2095 2269 2137 2313 ἐν
2158 2267 2201 2314 δὲ
2224 2269 2309 2321 τοῖς
2335 2268 2481 2322 ἄλλοις
2509 2271 2551 2314 αἱ
2577 2269 2675 2333 περὶ
2695 2268 2771 2321 τὰς
2801 2330 2803 2333 7

1470 2341 1615 2405 ὀχείας
1637 2340 1856 2397 σοὸήσεις,
1882 2340 1942 2386 ἔτι
1967 2339 2010 2386 δὲ
2035 2340 2232 2404 ἁρπαγαὶ
2254 2340 2328 2387 καὶ
2354 2341 2485 2406 φυγαὶ
2514 2341 2588 2387 καὶ
2613 2341 2774 2396 διώξεις

1470 2412 1580 2460 πολὺ
1597 2413 1645 2460 τὸ
1662 2412 1900 2477 θορυὸῶδες
1920 2411 1994 2459 καὶ
2015 2412 2316 2459 ἀκατάστατον
2339 2412 2503 2476 ἔχουσι.
2818 2471 2821 2474 ψ

1537 2488 1741 2531 Plurima
1763 2488 1935 2531 horum
1954 2487 2123 2545 repetit
2141 2485 2193 2530 in
2212 2489 2419 2531 Romulo
2444 2503 2483 2532 c.
2508 2503 2555 2546 9.
2575 2512 2642 2519 —-
2658 2488 2774 2532 Cum

1470 2560 1716 2618 postremis
1747 2559 1911 2623 confer
1938 2574 2040 2617 quae
2069 2560 2119 2601 in
2158 2560 2370 2618 margine
2403 2559 2512 2603 cod.
2551 2561 2775 2618 Antigoni
2794 2558 2804 2564 ”

1473 2634 1590 2679 Hist.
1613 2633 1780 2678 mirab.
1805 2633 1837 2675 l.
1862 2633 1892 2678 l.
1915 2633 2136 2691 leguntur
2163 2647 2174 2675 :
2196 2628 2265 2682 οὒς
2282 2628 2369 2695 (sc.
2391 2629 2488 2683 τοὺς
2512 2628 2673 2692 γῦπας)
2704 2632 2778 2676 καὶ

1473 2702 1775 2752 ἀσυνδυάστως
1814 2700 1942 2766 φασὶν
1970 2705 2026 2755 ὡς
2059 2701 2113 2748 τὰ
2153 2701 2294 2748 πολλὰ
2319 2701 2556 2748 τίκτεσθαι.
2582 2704 2776 2747 Aristot.

1472 2779 1576 2822 Mir.
1603 2793 1726 2821 ausc.
1757 2793 1798 2821 c.
1828 2777 1890 2820 60
1917 2793 1927 2820 :
1953 2768 2088 2822 Οὗτοί
2116 2774 2180 2837 (οἱ
2205 2776 2360 2837 γῦπες)
2389 2776 2493 2821 εἰσιν
2517 2773 2678 2838 ἄγονοι.
2711 2778 2782 2820 De

1471 2851 1543 2894 his
1583 2865 1775 2909 quoque
1809 2850 1954 2893 verba
1997 2849 2155 2893 fecisse
2188 2849 2495 2893 Herodorum
2525 2859 2664 2908 atque
2684 2850 2784 2892 aliis

1473 2924 1696 2982 exemplis
1720 2938 1819 2966 rem
1837 2923 2150 2982 comprobare
2169 2922 2396 2966 studuisse
2421 2923 2594 2982 colligo
2624 2937 2679 2966 ex
2707 2937 2781 2964 se—

1472 2998 1736 3057 quentibus.

1477 3133 1705 3172 vulturibus
1721 3133 1864 3172 oblatis
1879 3162 1891 3180 ,
1909 3132 2018 3182 quod
2036 3132 2138 3170 lianc
2154 3131 2333 3170 omnium
2352 3131 2576 3170 volucrium
2596 3130 2780 3169 carnivo-

1477 3207 1612 3235 rarum
1628 3196 1890 3246 justissimam
1906 3197 2111 3236 censeret:
2129 3195 2319 3246 primum,
2337 3195 2431 3246 quia
2447 3194 2544 3234 nihil
2559 3195 2780 3232 animatum

1476 3260 1602 3310 tangit
1617 3262 1687 3300 aut
1701 3262 1838 3310 necat;
1854 3260 1895 3299 id
1909 3259 2018 3311 quod
2031 3259 2178 3309 aquilae
2199 3259 2367 3309 faciunt,
2386 3259 2594 3309 accipitres
2607 3289 2618 3307 ‚
2638 3260 2677 3296 et
2690 3270 2783 3308 quw

1477 3326 1600 3373 noctu
1625 3325 1762 3363 volant
1778 3335 1871 3364 aves
1891 3337 1904 3374 ;
1928 3323 1995 3364 sed
2024 3323 2119 3363 solis
2137 3323 2312 3362 vescitur
2329 3322 2602 3362 cadaveribus.
2631 3322 2783 3362 Deinde

1478 3390 1586 3440 quod
1613 3401 1702 3430 suae
1732 3401 1896 3440 quoque
1918 3391 2074 3428 naturae
2103 3390 2143 3428 et
2168 3388 2325 3438 generis
2349 3388 2544 3428 cadavera
2569 3387 2746 3438 praeterit
2772 3403 2780 3426 ε

1478 3465 1596 3494 nemo
1627 3455 1730 3494 enim
1759 3465 1939 3504 unquam
1970 3453 2071 3493 vidit
2096 3465 2118 3493 a
2138 3454 2300 3493 vulture
2329 3465 2446 3493 avem
2467 3453 2638 3503 gustari,
2657 3464 2781 3502 quum

1480 3519 1628 3568 aquilae
1645 3520 1685 3557 et
1700 3518 1911 3568 accipitres
1934 3518 2110 3557 maxime
2129 3518 2377 3558 insectentur
2399 3520 2440 3558 et
2455 3517 2641 3557 occidant
2655 3527 2747 3554 aves
2770 3532 2780 3554 ς

1479 3584 1520 3622 at
1538 3594 1635 3622 vero
1651 3613 1661 3633 ,
1680 3585 1726 3622 ut
1746 3585 1805 3622 est
1824 3582 1930 3633 apud
1947 3582 2179 3632 AEschylum
2192 3612 2203 3631 ,

1492 3704 1502 3715 φ
1558 3662 1711 3701 Incesta
1725 3661 1810 3700 avis
1824 3661 1874 3700 sit
1894 3662 2072 3711 oportet,
2091 3661 2124 3700 si
2140 3661 2347 3701 volucrem
2368 3662 2495 3700 voret.

1460 3782 1463 3786 ,
1481 3741 1676 3780 Praeterea
1696 3741 1783 3780 haec
1805 3740 1888 3780 avis
1899 3740 2065 3780 minime
2077 3740 2260 3779 omnium
2277 3741 2447 3779 aliarum
2465 3739 2615 3778 homini
2635 3741 2775 3783 nocet,

1479 3815 1607 3855 quum
1629 3815 1760 3854 neque
1788 3803 1920 3854 fruges
1944 3804 2106 3854 perdat,
2135 3815 2266 3854 neque
2290 3804 2467 3854 plantas,
2489 3813 2619 3852 neque
2650 3801 2778 3839 ullum

1478 3869 1733 3907 mansuetum
1763 3867 1909 3907 animal
1939 3867 2072 3907 laedat.
2099 3868 2302 3917 Denique,
2335 3868 2366 3906 si
2402 3877 2544 3906 verum
2571 3866 2631 3904 est
2666 3864 2771 3913 quod

1479 3932 1648 3983 AEgyptii
1662 3933 1883 3983 perhibent,
1900 3933 2032 3972 totum
2046 3933 2255 3972 vulturum
2271 3943 2397 3982 genus
2417 3942 2499 3970 esse
2522 3928 2776 3974 femininum,

1481 3999 1520 4036 et
1541 3998 1748 4048 concipere
1764 3997 1971 4037 subsolani
1987 3997 2086 4037 flatu
2102 4001 2285 4048 excepto,
2306 3997 2408 4036 sicut
2427 3996 2588 4034 arbores
2612 3994 2772 4032 Favonii

1479 4061 1650 4100 admisso
1686 4062 1852 4111 spiritu;
1889 4064 2052 4101 omnino
2087 4062 2292 4112 probabile
2322 4062 2382 4099 est
2417 4058 2604 4108 praesagia
2634 4057 2685 4095 ab
2727 4057 2776 4094 iis

1480 4124 1618 4174 ducta,
1648 4125 1765 4164 firma
1783 4136 1867 4164 esse
1884 4127 1923 4165 et
1940 4125 2085 4164 erroris
2113 4135 2239 4163 vacua
2259 4140 2268 4163 ε
2294 4134 2419 4172 quum
2445 4123 2484 4160 in
2504 4121 2591 4160 aliis
2613 4121 2778 4169 agitatio

1481 4188 1585 4227 circa
1603 4188 1775 4238 coitum,
1791 4190 1878 4227 tum
1895 4189 2060 4238 rapinae,
2087 4188 2188 4237 suga}
2201 4218 2211 4235 ‚
2230 4186 2583 4233 insectationesque
2603 4183 2774 4223 multum

1481 4252 1804 4291 tumultuationis
1827 4253 1866 4290 et
1890 4250 2177 4290 incertitudinis
2193 4250 2416 4287 exhibeant.
