3016 4628
170 186 186 223 t

197 301 255 340 28
1096 287 1436 335 nsseonom
1485 263 1960 337 HERACLEENSIS

192 408 434 452 historiam
464 406 835 460 immutaverint,
868 412 997 448 tanto
1024 405 1168 464 magis
1189 405 1286 463 ipse
1323 404 1412 448 sibi
1446 405 1494 446 in

195 479 400 524 Ponticis
441 480 532 524 suis
563 479 837 523 commentis
871 476 1111 521 indulsisse
1144 476 1346 519 videtur.
1389 478 1493 520 Huc

191 554 430 612 pertinent
456 553 685 598 Cerberus
719 551 779 595 ad
803 550 1077 596 Heracleam
1103 564 1161 593 ex
1185 549 1310 593 Orco
1335 558 1493 593 extra—

195 626 492 688 ctus(fr.25)
517 634 561 671 et
577 626 793 686 magister
807 624 1020 669 Herculis
1031 620 1271 681 Scythicus
1291 620 1375 682 (fr.
1397 630 1419 666 4
1438 621 1452 683 )
1479 638 1489 664 :

198 700 320 744 adde
352 700 671 744 narrationem
705 696 785 759 (fr.
831 694 910 756 16)
948 711 1040 755 qua
1068 694 1175 753 jura
1209 695 1493 738 Heracleen-

195 774 315 817 sium
333 775 383 818 in
401 774 575 818 vicinas
589 772 729 816 urbes
750 787 806 815 ex
822 770 1036 815 Herculis
1049 769 1241 812 historia
1260 766 1494 826 quodam-

193 846 338 891 modo
364 855 662 906 repetuntur.
689 843 868 889 Similia
890 851 997 886 sunt
1025 841 1195 901 quibus
1211 840 1385 899 patrias
1412 855 1492 883 re—

192 921 387 979 ligiones
441 935 549 964 cum
588 919 783 962 historia
827 918 1206 976 Argonautarum
1249 911 1493 972 conjungit

196 991 287 1051 (fr.
312 990 555 1053 57—59).
591 991 880 1035 Milesiorum
909 987 1045 1042 urbi,
1079 985 1213 1029 alteri
1243 985 1373 1042 quasi
1397 985 1493 1028 He—

191 1066 503 1110 racleotarum
542 1063 823 1122 metropoli,
859 1058 1142 1121 gratificatur
1177 1056 1235 1100 fr.
1276 1055 1363 1112 43,
1410 1057 1494 1101 ubi

190 1137 316 1182 vide.

259 1212 493 1255 Hactenus
509 1209 568 1254 de
583 1209 657 1263 vi,
681 1222 823 1266 quam
849 1205 1002 1265 patria
1025 1203 1229 1247 auctoris
1245 1202 1295 1245 in
1318 1208 1493 1246 tracta--

193 1284 371 1327 tionem
403 1282 667 1326 fabularum
705 1277 983 1323 exercuerit.
1031 1275 1172 1319 Haud
1209 1275 1404 1320 minoris
1433 1274 1494 1318 ad

192 1355 312 1399 hanc
357 1371 459 1399 rem
502 1353 729 1397 momenti
763 1351 954 1394 fuerunt
987 1364 1089 1407 quae
1122 1348 1344 1408 vigebant
1381 1355 1492 1390 tunc

194 1426 388 1470 Athenis
433 1425 585 1470 studia
621 1423 1015 1483 philosophorum
1066 1420 1490 1478 sophistarumque.

192 1505 482 1558 Anaxagorae
500 1498 723 1556 aequalem
738 1505 783 1540 et
796 1496 986 1539 fortasse
999 1493 1495 1554 discipulumyarguunt

194 1586 300 1629 quae
331 1573 477 1615 multa
498 1562 751 1630 disputavit
771 1569 829 1612 de
852 1567 1039 1612 mundis
1061 1562 1307 1628 μετεώροις.
1342 1566 1493 1610 Occa—

191 1638 367 1681 sionem
392 1639 460 1681 rei
482 1637 686 1696 praebuit
712 1636 787 1679 leo
807 1636 1044 1679 Nemeaeus
1069 1648 1093 1676 e
1113 1633 1250 1687 luna,
1275 1632 1346 1674 uti
1367 1631 1492 1675 fere-

191 1710 330 1767 bant,
351 1711 578 1770 delapsus.
605 1710 717 1766 Quae
752 1708 875 1752 fama
899 1722 1046 1766 quum
1080 1721 1138 1750 ex
1175 1705 1494 1764 antiquissima

192 1785 362 1829 Graecae
394 1784 633 1844 religionis
655 1781 886 1825 memoria
919 1778 1176 1823 derivanda
1210 1779 1284 1834 sit,
1316 1779 1495 1821 utinam

192 1858 329 1915 plura
353 1856 581 1915 ejusmodi
610 1864 788 1900 servata
806 1853 1103 1897 haberemus.
1131 1849 1193 1895 At
1218 1851 1400 1909 reliqua
1423 1850 1494 1894 di-

193 1931 311 1974 versi
335 1930 474 1989 plane
495 1929 675 1990 generis
690 1935 813 1971 sunt.
833 1927 1017 1970 Etenim
1032 1933 1230 1968 vetustas
1246 1923 1422 1967 fabulas
1447 1924 1496 1966 in

197 2004 459 2046 communis
491 2003 599 2046 vitae
621 2001 836 2045 historias
861 1999 1085 2053 detrahit,
1116 1998 1239 2041 viam
1268 1997 1492 2056 praeiens,

193 2092 334 2134 quam
371 2085 534 2135 postea
566 2075 806 2134 Ephorus,
831 2074 908 2125 alii
942 2071 1172 2116 terebant.
1207 2070 1350 2130 Legas
1392 2085 1494 2128 quae

193 2157 496 2207 exponuntur
539 2148 597 2192 de
630 2147 912 2192 Prometheo
951 2143 1035 2205 (fr.
1065 2140 1175 2206 23),
1199 2143 1258 2186 de
1290 2145 1495 2186 Laome-

194 2221 339 2265 donte
372 2221 456 2281 (fr.
491 2236 547 2279 19
571 2218 601 2281 ),
632 2220 690 2264 de
715 2221 858 2263 ariete
886 2216 1222 2277 Pelopidarum
1253 2213 1344 2276 (fr.
1366 2215 1422 2259 61
1450 2214 1492 2277 ),

193 2294 252 2337 «le
275 2292 474 2338 Hercule
498 2294 783 2353 philosopho
809 2291 894 2352 (fr.
918 2296 977 2344 24
1001 2290 1031 2351 ).
1057 2285 1235 2333 Eorum
1264 2289 1493 2333 nonnulla

193 2370 255 2410 ita
301 2377 569 2426 comparata
602 2374 709 2410 sunt
740 2374 793 2410 ut
818 2366 1084 2409 etiamnunc
1115 2362 1352 2417 dubitem,
1380 2378 1494 2405 num

194 2449 318 2484 recte
354 2439 413 2483 ad
434 2440 657 2499 Nostrum
679 2438 959 2482 referantur.
1001 2436 1174 2480 Contra
1207 2435 1398 2479 Cerberi
1430 2434 1495 2479 fa-

194 2512 352 2556 bulam
371 2513 421 2560 in
442 2512 694 2566 honorem,
720 2513 908 2571 opinor,
924 2510 1089 2570 patriae
1109 2509 1496 2567 interpretamen-

194 2586 250 2627 tis
287 2586 378 2629 suis
397 2601 497 2628 non
532 2584 814 2628 deformasse
848 2582 1052 2637 videtur,
1075 2581 1159 2624 etsi
1195 2581 1254 2625 de
1283 2581 1370 2625 hac
1400 2581 1496 2640 jam

195 2658 435 2701 Hecataeus
449 2657 679 2715 judicium
695 2673 828 2701 suum
846 2657 1203 2714 interposuerat.
1225 2656 1497 2699 —Dialecti

188 2731 367 2774 -Ionicae
387 2732 575 2791 vestigia
599 2738 777 2774 exstant
799 2731 849 2773 in
862 2729 1027 2790 fragm.
1056 2733 1111 2781 14
1134 2735 1179 2771 et
1197 2743 1289 2771 2o.·

428 2896 468 2941 Ο
506 2895 648 2942 ΚΑΘ’
690 2895 991 2942 ΗΡΑΚΛΕΑ
1041 2894 1262 2941 ΛΟΓΟΣ.

819 3052 860 3081 1.

265 3171 423 3216 Schol.
460 3169 523 3214 'ad
563 3170 789 3228 Apollon.
827 3168 987 3213 Rhod.
1015 3169 1061 3223 Ι,
1090 3173 1234 3223 747ε
1260 3163 1316 3212 ‘H
1351 3163 1500 3229 Τάφος

199 3247 326 3301 νῆσος
356 3241 446 3288 ἐστὶ
469 3240 548 3303 μία
576 3244 660 3287 τῶν
682 3238 987 3304 Ἐχινάδων,
963 3244 1014 3296 ὴν
1040 3236 1220 3303 ᾤκησαν
1252 3237 1499 3296 Τηλεῧόαι,

151 3361 154 3363 .
200 3320 238 3363 οἳ
275 3315 473 3381 πρότεροι
498 3313 575 3372 τὴν
601 3313 831 3377 Ἀκαρνίαν
867 3315 1104 3370 οἰκοῦντες,
1129 3312 1276 3376 ἄνδρες
1311 3313 1494 3376 λῃστρι-

201 3389 386 3436 κώτατοι
411 3387 482 3434 τὸν
503 3387 676 3452 τρόπον.
703 3388 791 3435 Καὶ
818 3390 875 3440 εἰς
898 3383 1051 3451 Ἄργος
1071 3384 1322 3439 ἐπελθόντες
1338 3383 1414 3439 τὰς
1427 3389 1500 3431 τοῦ

500 3544 582 3590 DE
618 3542 818 3590 REBUS
859 3542 1187 3590 HERCULIS.

832 3655 868 3694 1.

257 3745 463 3795 Taphum,
485 3743 655 3783 insulam
669 3756 720 3784 ex
737 3745 1004 3785 Echinadihus
1027 3756 1171 3795 unam,
1192 3745 1376 3785 Teleboae
1391 3744 1502 3785 inco-

206 3812 391 3859 luerunt,
416 3810 486 3861 qui
515 3811 631 3849 antea
663 3811 925 3850 Acarnaniam
949 3812 1288 3861 inhabitaverant,
1304 3810 1378 3850 viri
1399 3821 1503 3861 prae-

205 3877 356 3916 ‹lonum
375 3887 485 3916 more
506 3875 694 3914 viventes.
710 3875 758 3914 lli
776 3880 898 3924 Argos
910 3877 1076 3925 profecti
1094 3876 1215 3915 boves
1232 3875 1476 3926 Electryonis
1491 3906 1502 3926 ,

207 3943 274 3992 qui
300 3944 412 3992 pater
439 3943 524 3980 erat
551 3940 780 3988 Alcmenes,
807 3940 1049 3990 abegerunt,
1071 3943 1111 3980 et
1129 3940 1340 3980 commisso
1365 3940 1504 3991 proelio

207 4010 295 4046 tum
333 4006 515 4054 Electryo
549 4005 637 4043 tum
669 4004 737 4042 tilii
764 4003 850 4053 ejus
881 4004 1076 4044 interfecti
1108 4007 1214 4044 sunt.
1250 4006 1505 4059 Quapropter

208 4071 397 4110 Alcmene
425 4069 564 4109 relicta
599 4068 727 4120 patria
757 4068 912 4108 Thebas
945 4068 1087 4108 sedem
1124 4070 1349 4118 transtulit,
1384 4073 1505 4119 atque

209 4134 367 4184 nuptias
395 4133 576 4183 promisit
607 4132 666 4182 ei,
692 4132 761 4182 qui
790 4132 940 4171 caedem
969 4134 1174 4182 paternam
1203 4134 1359 4172 ulturus
1387 4135 1501 4173 soret.

211 4198 254 4238 ld
277 4209 402 4247 quum
431 4196 676 4247 praestitisset
700 4195 948 4246 Amphitryo,
973 4196 1088 4234 (luxit
1117 4208 1295 4236 uxorem.
1316 4198 1506 4238 Distinete

209 4264 294 4302 haee
324 4266 533 4302 nan-rantur
555 4261 657 4313 apud
683 4262 931 4302 Herodorum
954 4262 1020 4312 qui
1044 4262 1121 4302 ista.
1143 4265 1259 4302 refert
1290 4263 1341 4302 ita
1375 4281 1381 4302 2
1412 4268 1503 4304 l‘er-

1568 400 1889 466 Ἧλεκτρύωνος
1921 402 2024 466 βόας
2049 402 2280 461 ἀπήλασαν
2306 406 2381 449 τοῦ
2413 402 2582 468 πατρὸς
2597 402 2860 466 Ἀλκμήνης.

1570 475 1809 535 Γενομένης
1835 475 1878 521 δὲ
1910 474 2078 539 μάχης,
2101 475 2176 522 καὶ
2196 479 2218 522 ὃ
2243 475 2520 541 Ἠλεκτρύων
2547 475 2622 523 καὶ
2647 479 2684 524 οἳ
2713 475 2864 524 τούτου

1567 549 1718 600 παῖδες
1741 546 2027 612 ἀνῃρέθησαν.
2065 547 2143 596 Διὸ
2174 547 2394 611 Ἀλκμήνη
2420 548 2632 611 μετέστη,
2663 547 2739 596 καὶ
2768 552 2863 596 ἀνε·
2903 591 2907 594 .

1567 618 1747 682 κήρυξεν
1775 618 1848 666 τὸν
1872 622 2030 677 ἑαυτῆς
2057 619 2198 683 γάμον
2223 624 2285 685 τῷ
2320 620 2666 687 τιμωρησομένῳ
2687 620 2760 668 τὸν
2783 639 2866 668 πα·

1568 694 1704 756 τρῷον
1728 689 1870 755 φόνον.
1899 693 2274 758 Τιμωρησάμενος
2303 693 2348 741 δὲ
2382 695 2651 759 Ἀμφιτρύων
2687 693 2862 758 ἔγημεν.

1571 763 1589 826 [
1606 762 1663 809 ‘H
1688 763 1855 827 ἱστορία
1871 767 2017 830 σαφῶς
2038 767 2143 830 παρ’
2161 765 2367 833 ἹΙσιόδῳ.
2393 767 2504 832 Περὶ
2524 766 2567 814 δὲ
2583 771 2659 826 τῆς
2684 766 2832 832 μάχης
2845 767 2879 832 ],

1569 834 1816 901 ζΗρόδωρος
1827 839 2014 902 ἱστορεῖ,
2039 836 2104 884 ὅτι
2127 838 2335 903 Περσέως
2353 840 2426 888 καὶ
2451 839 2734 905 Ἀνδρομέδας
2758 838 2858 888 τέσ-

1569 926 1695 972 σαρες
1715 909 1865 962 παῖδες
1897 910 1964 971 {ys
1954 909 2115 968 ’,νοντο
2137 910 2355 974 Ἀλκαῖος,
2378 911 2610 970 Σθένελος,
2642 911 2866 999 Μηστωρ,

1567 979 1874 1045 Ηλεκτρύων,
1893 981 1966 1028 καὶ
1990 979 2184 1039 κοινὴν”
2161 1002 2286 1046 εσχον
2311 983 2390 1040 τὴν
2413 983 2636 1049 βασιλείαν
2663 982 2774 1047 μετ’θι
2791 982 2866 1032 τὸν
2933 1031 2947 1049 ,Ι

1570 1051 1771 1117 Περσέως
1791 1052 1987 1100 θάνατον.
2010 1052 2239 1119 Μήστορος
2262 1053 2306 1102 δὲ
2336 1056 2526 1120 θυγάτηρ
2553 1055 2785 1117 Ἱπποθόη,
2817 1045 2870 1115 ἧς
2943 1061 2948 1066 “

1566 1145 1641 1172 και
1654 1126 1922 1180 Ποσειδῶνος
1941 1129 2083 1191 Πτερε
2072 1126 2178 1181 ’·λας
2195 1147 2269 1174 του
2285 1127 2327 1174 ὸ
2335 1127 2598 1190 ,Τηλεὸόας
2613 1128 2688 1175 καὶ
2702 1126 2866 1194 Τάφος.

1566 1197 1680 1263 [(Ως
1708 1197 1755 1245 δέ
1771 1218 1902 1258 τινες,
1933 1198 2133 1263 Πτερέλα
2157 1205 2232 1247 τοῦ
2257 1201 2484 1258 Τηλεὸόου
2512 1201 2702 1264 ἐγένοντο
2721 1177 2870 1256 παῗδες
2945 1193 2958 1211 ⁴
2995 1203 3000 1230 ³

1567 1275 1606 1318 οἱ
1627 1271 1884 1333 καλούμενοι
1908 1270 2177 1336 Τηλεὸόαι.]
2198 1271 2421 1326 Ἔλθόντες
2446 1272 2491 1320 δὲ
2524 1273 2715 1337 ἀπῄτουν
2738 1273 2868 1322 Ἠλε-

1567 1343 1765 1410 κτρύωνα
1780 1343 1834 1390 τὰ
1849 1348 1924 1402 τῆς
1939 1344 2124 1406 μάμμης
2139 1348 2302 1391 ἑαυτῶν
2319 1349 2410 1403 [τῆς
2425 1345 2605 1410 μητρὸς]
2621 1345 2868 1404 Ἱπποθόης.

1567 1416 1858 1470 Ἀντιστάντες
1893 1415 1936 1462 δὲ
1962 1417 2107 1470 αὐτοῖς
2130 1419 2169 1463 οἱ
2193 1417 2562 1482 Ἠλεκτρυωνίδαι
2601 1417 2870 1483 ἀνῃρέθησαν

1568 1493 1640 1536 υπ’
1667 1492 1823 1549 αὐτων,
1853 1490 2054 1554 Πτερέλα
2081 1491 2230 1544 παῖδες
2254 1490 2481 1548 Τηλεὸόας
2504 1491 2579 1538 καὶ
2601 1491 2772 1556 Τάφος·
2794 1493 2867 1557 ἀφ’

1567 1564 1626 1609 ων
1651 1566 1678 1620 ἡ
1704 1566 1846 1620 νῆσος.
1884 1561 2109 1619 Γη)εὸοάι
2140 1567 2212 1609 οὐν
2258 1566 2297 1611 οι
2332 1563 2576 1629 Τάφιοι,”
2547 1583 2643 1622 ητοι
2674 1564 2740 1611 ὅτι
2765 1566 2871 1622 τῆλε

1569 1638 1779 1688 οἷκουντες
1823 1634 1909 1681 ἀπὸ
1952 1633 2129 1700 Αργους
2170 1634 2246 1688 τὰς
2291 1639 2390 1700 βους
2439 1635 2691 1695 ἀπήλασαν,
2717 1635 2745 1695 ἢ
2785 1636 2873 1685 ἀπὸ

1568 1707 1794 1765 Ἰηλεὸόου
1814 1727 1889 1755 του
1893 1709 2116 1796 ΝΠτερελα
2141 1727 2215 1754 του
2240 1707 2455 1772 βασιλέως
2479 1710 2594 1768 υἷου,
2616 1701 2667 1789 ου
2687 1708 2872 1776 ἀδελφὸς

1568 1780 1757 1847 Τάφιος·
1780 1780 1850 1847 ἀφ’
1871 1785 1918 1827 οὓ
1945 1780 2020 1828 καὶ
2044 1785 2070 1839 ἡ
2094 1798 2239 1840 νησος.

1636 1854 1731 1902 ‘H
1720 1853 1939 1920 ιστορία...
1928 1874 2026 1916 μα
2030 1874 2112 1918 χης
2129 1859 2144 1912 ]
2169 1858 2282 1901 Haec
2299 1872 2399 1900 non
2416 1865 2522 1901 sunt
2534 1858 2584 1900 in
2605 1857 2709 1901 cod.
2724 1857 2867 1902 Paris.

1570 1932 1649 1990 qui
1664 1939 1771 1990 post
1795 1927 1953 1990 ἔγημεν
1978 1931 2133 1990 pergit
2157 1946 2168 1973 :
2193 1926 2440 1993 Ἡρόδωρος
2461 1926 2508 1974 δέ
2524 1946 2650 1993 φησι.
2678 1930 2863 1975 Miiller.

1568 2005 1687 2048 Dor.
1716 2004 1782 2060 II,
1803 2018 1854 2062 p.
1885 2001 1978 2054 464
2004 2003 2233 2061 proponit
2253 2018 2270 2049 ,ε
2299 2003 2327 2058 ἡ
2357 1995 2492 2066 ἷστορ.
2533 2019 2576 2046 σ.
2601 2019 2651 2046 π.
2678 1999 2872 2064 ιΗσιόδῳ

1569 2073 1670 2138 περὶ
1682 2093 1720 2120 τ.
1744 2073 1909 2136 μάχης.
1938 2072 2182 2138 Ἡρόδωρος
2205 2070 2248 2119 δὲ
2275 2076 2360 2120 ἱστ.
2385 2075 2526 2133 Quod
2559 2090 2658 2118 non
2690 2075 2869 2134 placet3

1570 2151 1666 2193 imo
1691 2149 1740 2191 in
1762 2139 2075 2211 isto“H<5¹.0'8q›
2114 2149 2212 2207 ipse
2247 2157 2406 2192 noster
2435 2148 2697 2192 Herodorus
2735 2148 2869 2204 latet,

1568 2222 1637 2264 uti
1659 2222 1828 2281 colligo
1847 2237 1904 2265 ex
1925 2222 2077 2265 Natali
2099 2221 2232 2265 Com.
2249 2236 2301 2279 p.
2334 2219 2447 2277 677,
2475 2221 2556 2278 qui
2581 2219 2746 2267 eadem
2759 2235 2868 2264 nar-

1570 2309 1676 2338 rans
1707 2295 1772 2338 ait
1809 2309 1819 2337 :
1865 2295 2045 2337 Etenim
2085 2303 2134 2337 ut
2164 2287 2384 2352 scriptam
2411 2290 2518 2349 fuit
2550 2293 2611 2336 ab
2645 2293 2874 2337 Herodoto

1572 2366 1588 2428 (
1603 2366 1891 2428 Herodoro),
1926 2371 2005 2426 qui
2024 2368 2192 2410 bellum
2220 2367 2343 2410 istud
2371 2367 2876 2426 descrlrpsitf-quatwor

1565 2442 1663 2497 filie·
1683 2457 1744 2485 ex
1764 2441 2061 2484 Andromeda
2083 2441 2339 2499 Perseoque
2358 2443 2458 2482 nati
2469 2445 2578 2483 sunt
2598 2448 2685 2483 etc.
2703 2461 2759 2468 --
2779 2438 2873 2495 Τῆς

1573 2511 1766 2577 μητρὸς)
1790 2523 1917 2558 recte
1954 2514 2109 2558 omisit
2136 2513 2245 2557 cod.
2275 2513 2420 2557 Paris.
2437 2547 2449 2568 ,
2474 2512 2558 2556 ubi
2582 2520 2708 2556 totus
2742 2512 2874 2556 locus

1571 2588 1721 2631 multo
1747 2588 2023 2631 concinnius
2057 2587 2201 2630 habet
2223 2587 2325 2630 ita:
2351 2585 2443 2631 Τοῦ
2479 2581 2523 2629 δὲ
2545 2581 2773 2640 Τηλεοόας
2794 2583 2870 2630 καὶ

1571 2657 1734 2750 ᾩΙάφος.
1755 2657 1862 2705 Ἀπὸ
1887 2656 1965 2720 μὲν
1989 2661 2062 2704 τοῦ
2083 2656 2236 2722 Τάφου
2257 2660 2283 2714 ἡ
2298 2675 2423 2710 νησος
2445 2655 2604 2713 ἐκλήθη
2625 2654 2774 2720 Τάφος
2793 2654 2872 2719 μία

1572 2735 1680 2778 οὖσα
1699 2734 1783 2777 τῶν
1809 2730 1860 2776 'E
1863 2729 2070 2794 χινάδων,
2093 2731 2151 2782 εἷς
2175 2729 2227 2787 ἢν
2253 2727 2416 2776 ωκουν·
2442 2728 2521 2774 ἀπ’
2538 2730 2704 2793 ἀμφοτε
2695 2727 2807 2789 ’-ρων
2827 2727 2871 2779 δὲ

1521 2858 1524 2862 ,
1573 2804 1737 2868 Τάφιοι
1763 2802 1969 2865 καιΤηλε
1974 2801 2072 2848 &dou
2097 2822 2135 2848 οι
2160 2820 2462 2854 κατοικουντες
2483 2799 2562 2859 τὴν
2593 2803 2738 2858 νῆσον.
2762 2800 2872 2849 Ἓλ-

1574 2875 1715 2929 θόντες
1737 2869 1809 2922 οῧν
1826 2879 1898 2922 τοῦ
1927 2873 2146 2939 Πτερέλου
2171 2874 2322 2927 παῖδες
2345 2872 2473 2937 ᾔτουν
2497 2870 2619 2938 παρὰ
2642 2877 2720 2919 τοῦ
2741 2871 2874 2923 Ἠλε-

1554 2946 1776 3011 -κτρύονος
1799 2945 1875 2999 τὰς
1897 2950 1973 3003 τῆς
2008 2945 2193 3008 μάμμης
2215 2948 2358 2992 αὐτῶν
2377 2943 2609 3001 Ἱπποθόης
2638 2944 2866 3009 χρήματα.

1574 3021 1650 3074 Ὡς
1679 3019 1760 3067 δὲ’
1741 3018 1890 3076 ενέστη
1917 3018 2215 3083 Ἠλεκτρύων,
2243 3016 2370 3065 αυτόν
2395 3037 2440 3064 τε
2466 3019 2506 3064 οἳ
2536 3017 2762 3075 Γηλεὸόαι
2797 3035 2873 3064 και

1574 3091 1670 3147 τους
1694 3095 1798 3146 υἱεῖς
1834 3093 2017 3151 ἀνεῖλον,
2059 3111 2134 3138 και
2159 3111 2255 3144 τους
2282 3095 2382 3155 βους
2424 3093 2582 3137 ἐκεῖθεν
2619 3093 2692 3137 τοῦ
2739 3090 2870 3138 Ἠλε-

1576 3164 1774 3230 κτρύονος
1794 3164 2041 3222 ἀπήλασαν.
2066 3162 2198 3213 Ἤτοι
2221 3156 2293 3211 οὖν
2316 3163 2402 3210 ἀπὸ
2419 3162 2643 3221 Τηλεὸόου
2659 3166 2733 3210 τοῦ
2758 3164 2875 3210 Πτε-

1578 3259 1622 3302 ρε
1605 3238 1700 3286 έλου
1723 3236 1945 3297 Τηλεὸόαι
1970 3233 2288 3296 κε’λήθησαν,
2265 3256 2292 3293 η
2326 3235 2412 3282 ἀπὸ
2438 3255 2509 3282 του
2535 3237 2639 3293 τηλε
2673 3233 2750 3289 τὰς
2777 3238 2876 3298 βους

1578 3310 1798 3358 ἀπελάσαι
1817 3315 1891 3357 τοῦ
1913 3309 2238 3374 Ἠλεκτρύονος.
2264 3311 2482 3356 Ceterum
2503 3310 2562 3354 cf.
2589 3309 2873 3369 Apollodor.

1578 3389 1642 3442 ΙΙ,
1683 3391 1728 3442 4,
1765 3392 1817 3442 4,
1843 3386 1925 3430 1ὼί
1951 3385 2222 3446 genealogia
2258 3400 2268 3428 :
2308 3383 2537 3439 Mnestor‚
2574 3382 2879 3442 Hippothoe,

1579 3568 1692 3607 seus,
1732 3556 1811 3607 ait,
1857 3567 1908 3596 ex
1946 3555 2201 3596 Andromeda
2245 3555 2437 3606 quattuor
2478 3553 2707 3603 susceperat
2749 3550 2878 3600 filios,

1579 3623 1781 3671 Alcaeum,
1817 3621 2074 3669 Sthenelum,
2095 3622 2330 3670 Mestorem‚
2363 3619 2668 3668 Electryonem,
2693 3617 2762 3668 qui
2789 3621 2880 3670 post

1578 3687 1734 3726 obitum
1757 3686 1887 3736 patris
1915 3696 2080 3735 regnum
2103 3684 2296 3724 tenebant
2325 3692 2550 3723 commune.
2581 3683 2728 3722 Mestor
2755 3682 2880 3722 filiam

1580 3750 1723 3790 habuit
1741 3749 2019 3800 Hippothoen3
2045 3759 2136 3798 quae
2153 3749 2338 3798 Neptuno
2351 3747 2504 3798 peperit
2530 3746 2791 3803 [’ῑει·ε31ι111111,θ
2807 3758 2879 3799 pa-

1578 3816 1684 3854 trem
1711 3814 1894 3853 Teleboae
1921 3814 1962 3852 et
1987 3811 2128 3863 Taphi.
2154 3810 2413 3861 (secundum
2437 3810 2537 3850 alios
2556 3809 2749 3852 Teleboas
2770 3812 2882 3861 pater

1580 3881 1655 3920 suit
1675 3879 1864 3929 Pterelai,
1882 3880 2006 3928 atque
2029 3877 2149 3927 hujus
2168 3876 2239 3916 filii
2263 3876 2470 3926 Teleboae,
2499 3886 2600 3927 quos
2627 3875 2780 3915 dicunt.
2798 3875 2881 3927 >Hi

1547 3946 1700 4006 igitur
1718 3949 1841 3995 Argos
1857 3944 2060 3985 venientes
2075 3942 2178 3982 bona
2196 3940 2430 3992 Hippothoae
2444 3940 2495 3979 ab
2514 3941 2542 3978 E
2547 3940 2754 3990 lectryone
2770 3950 2878 3990 repe·

1579 4011 1752 4060 fierunt,
1771 4010 1811 4048 et
1828 4007 2053 4048 resistentes
2071 4005 2368 4056 Electryonidas
2380 4003 2576 4044 occidere.
2590 4025 2643 4032 —-
2664 4009 2694 4042 A
2712 4003 2879 4044 Pterelai
2914 4049 2922 4054 ,
2960 3999 2966 4026 3

1580 4074 1672 4114 tiliis
1697 4072 1868 4114 Teleboa
1890 4073 1931 4111 et
1946 4070 2084 4121 Tapho
2101 4070 2253 4109 colonis
2276 4069 2527 4120 frequentata
2541 4067 2706 4117 Taphus
2724 4066 2877 4115 insultu

1559 4137 1665 4187 *ejus
1690 4136 1830 4179 incolae
1857 4134 2043 4176 'seleboae
2073 4133 2227 4182 vocati,
2259 4133 2324 4173 vel
2355 4131 2465 4182 quod
2492 4131 2632 4182 procul
2658 4130 2880 4170 habitantes

1580 4201 1704 4241 boves
1715 4199 1932 4250 abegerint,
1951 4199 2011 4238 vel
2026 4210 2050 4238 a
2061 4198 2231 4237 'l'eleboa
2249 4196 2414 4237 Pterclai
2435 4195 2535 4246 regis
2554 4194 2649 4245 tilio,
2667 4193 2780 4245 cujus
2800 4195 2878 4234 fra-

1584 4268 1643 4305 ter
1658 4265 1818 4315 Taphus
1839 4274 1984 4303 nomen
2002 4261 2109 4303 <ledit
2130 4261 2283 4302 insulae.

2989 879 3000 962 ινφ-υ,
2985 527 2997 876 mwvr--v—-zmv-orf-rrwsszq-
2984 487 2994 514 ⁷1·
2984 460 2988 469 ν
2991 381 2992 386 Α
2990 313 2992 353 --ε
2990 293 2991 299 ε
2989 265 2991 279 4
2989 208 2990 212 Α
2987 111 2989 153 -.
2986 66 2988 78 Α
2986 1 2987 8 ⁴

2995 1168 3000 1189 v>
2992 1051 3003 1157 -toeyss—Jf-
2992 1033 2999 1042 η
2992 959 3001 1022 ’Ἣεί
