<?xml version="1.0" encoding="UTF-8"?>
<!DOCTYPE html PUBLIC "-//W3C//DTD XHTML 1.0 Transitional//EN"
    "http://www.w3.org/TR/xhtml1/DTD/xhtml1-transitional.dtd">
<html xmlns="http://www.w3.org/1999/xhtml" xml:lang="en" lang="en">
 <head>
  <title>
</title>
<meta http-equiv="Content-Type" content="text/html;charset=utf-8" />
  <meta name='ocr-system' content='tesseract 3.04.00' />
  <meta name='ocr-capabilities' content='ocr_page ocr_carea ocr_par ocr_line ocrx_word'/>
</head>
<body>
  <div class='ocr_page' id='page_1' title='image "./fragmentahistori02mueluoft_0552.png"; bbox 0 0 3008 4542; ppageno 0'>
   <div class='ocr_carea' id='block_1_1' title="bbox 209 320 311 366">
    <p class='ocr_par' dir='ltr' id='par_1_1' title="bbox 209 320 311 366">
     <span class='ocr_line' id='line_1_1' title="bbox 209 320 311 366; baseline -0.01 -5"><span class='ocrx_word' id='word_1_1' title='bbox 209 320 311 366; x_wconf 58' lang='lat'><strong>‚0⁹00</strong></span> 
     </span>
    </p>
   </div>
   <div class='ocr_carea' id='block_1_2' title="bbox 165 413 1520 2128">
    <p class='ocr_par' dir='ltr' id='par_1_2' title="bbox 165 413 1520 2128">
     <span class='ocr_line' id='line_1_2' title="bbox 215 413 1511 481; baseline -0.005 -18"><span class='ocrx_word' id='word_1_2' title='bbox 215 433 366 481; x_wconf 87' lang='lat' dir='ltr'><strong>graeco</strong></span> <span class='ocrx_word' id='word_1_3' title='bbox 404 430 594 475; x_wconf 86' lang='lat' dir='ltr'><strong>quoque</strong></span> <span class='ocrx_word' id='word_1_4' title='bbox 635 423 763 459; x_wconf 84' lang='lat' dir='ltr'><strong>textu</strong></span> <span class='ocrx_word' id='word_1_5' title='bbox 802 415 981 460; x_wconf 83' lang='lat' dir='ltr'><strong>visitur.</strong></span> <span class='ocrx_word' id='word_1_6' title='bbox 1019 418 1091 447; x_wconf 73' lang='grc'><strong>’--</strong></span> <span class='ocrx_word' id='word_1_7' title='bbox 1129 413 1194 476; x_wconf 78' lang='grc'><strong>(4)</strong></span> <span class='ocrx_word' id='word_1_8' title='bbox 1241 415 1402 460; x_wconf 83' lang='lat' dir='ltr'>Codex</span> <span class='ocrx_word' id='word_1_9' title='bbox 1434 415 1511 459; x_wconf 88' lang='lat' dir='ltr'><strong>hic</strong></span> 
     </span>
     <span class='ocr_line' id='line_1_3' title="bbox 212 485 1513 547; baseline -0.006 -11"><span class='ocrx_word' id='word_1_10' title='bbox 212 491 549 547; x_wconf 75' lang='lat' dir='ltr'><strong>-Amelagarus,</strong></span> <span class='ocrx_word' id='word_1_11' title='bbox 592 488 672 531; x_wconf 88' lang='lat' dir='ltr'><strong>sed</strong></span> <span class='ocrx_word' id='word_1_12' title='bbox 703 503 814 531; x_wconf 88' lang='lat' dir='ltr'><strong>mox</strong></span> <span class='ocrx_word' id='word_1_13' title='bbox 855 488 1186 545; x_wconf 78' lang='lat' dir='ltr'><strong>Amegalarus‚</strong></span> <span class='ocrx_word' id='word_1_14' title='bbox 1237 485 1370 545; x_wconf 88' lang='lat' dir='ltr'><strong>quod</strong></span> <span class='ocrx_word' id='word_1_15' title='bbox 1406 501 1513 528; x_wconf 82' lang='lat' dir='ltr'><strong>eum</strong></span> 
     </span>
     <span class='ocr_line' id='line_1_4' title="bbox 214 558 1513 623; baseline -0.005 -16"><span class='ocrx_word' id='word_1_16' title='bbox 214 577 365 623; x_wconf 75' lang='lat' dir='ltr'><strong>graeco</strong></span> <span class='ocrx_word' id='word_1_17' title='bbox 385 570 511 604; x_wconf 81' lang='lat' dir='ltr'><strong>textu</strong></span> <span class='ocrx_word' id='word_1_18' title='bbox 531 561 671 620; x_wconf 82' lang='lat' dir='ltr'><strong>magis</strong></span> <span class='ocrx_word' id='word_1_19' title='bbox 692 561 926 620; x_wconf 86' lang='lat' dir='ltr'><strong>congruit.</strong></span> <span class='ocrx_word' id='word_1_20' title='bbox 947 586 1011 591; x_wconf 90' lang='lat'><strong>-—</strong></span> <span class='ocrx_word' id='word_1_21' title='bbox 1036 558 1097 619; x_wconf 89' lang='lat'><strong>(5)</strong></span> <span class='ocrx_word' id='word_1_22' title='bbox 1118 561 1221 604; x_wconf 91' lang='lat' dir='ltr'><strong>Vox</strong></span> <span class='ocrx_word' id='word_1_23' title='bbox 1238 559 1513 603; x_wconf 85' lang='lat' dir='ltr'>Armeniaca</span> 
     </span>
     <span class='ocr_line' id='line_1_5' title="bbox 215 631 1509 693; baseline -0.004 -15"><span class='ocrx_word' id='word_1_24' title='bbox 215 638 383 693; x_wconf 73' lang='lat' dir='ltr'><strong>(quain</strong></span> <span class='ocrx_word' id='word_1_25' title='bbox 409 634 770 692; x_wconf 83' lang='lat' dir='ltr'><strong>interpretamur</strong></span> <span class='ocrx_word' id='word_1_26' title='bbox 794 642 996 676; x_wconf 78' lang='lat' dir='ltr'><strong>monstra</strong></span> <span class='ocrx_word' id='word_1_27' title='bbox 1014 631 1028 693; x_wconf 84' lang='lat'>)</span> <span class='ocrx_word' id='word_1_28' title='bbox 1045 640 1110 676; x_wconf 88' lang='lat' dir='ltr'><strong>est</strong></span> <span class='ocrx_word' id='word_1_29' title='bbox 1132 645 1483 676; x_wconf 73' lang='lat' dir='ltr'><strong>IUSGHABARIGH</strong></span> <span class='ocrx_word' id='word_1_30' title='bbox 1497 663 1509 686; x_wconf 88' lang='lat'><strong>,</strong></span> 
     </span>
     <span class='ocr_line' id='line_1_6' title="bbox 214 701 1515 765; baseline -0.007 -11"><span class='ocrx_word' id='word_1_31' title='bbox 214 722 360 765; x_wconf 79' lang='lat' dir='ltr'><strong>eaque</strong></span> <span class='ocrx_word' id='word_1_32' title='bbox 381 706 620 750; x_wconf 81' lang='lat' dir='ltr'><strong>derivatur</strong></span> <span class='ocrx_word' id='word_1_33' title='bbox 636 720 694 750; x_wconf 88' lang='lat' dir='ltr'><strong>ex</strong></span> <span class='ocrx_word' id='word_1_34' title='bbox 709 719 872 750; x_wconf 77' lang='lat' dir='ltr'><strong>1us1on</strong></span> <span class='ocrx_word' id='word_1_35' title='bbox 885 739 896 761; x_wconf 92' lang='lat'>‚</span> <span class='ocrx_word' id='word_1_36' title='bbox 922 706 1034 748; x_wconf 79' lang='lat' dir='ltr'><strong>lenis</strong></span> <span class='ocrx_word' id='word_1_37' title='bbox 1052 738 1063 759; x_wconf 94' lang='lat'>‚</span> <span class='ocrx_word' id='word_1_38' title='bbox 1085 713 1129 748; x_wconf 89' lang='lat' dir='ltr'><strong>et</strong></span> <span class='ocrx_word' id='word_1_39' title='bbox 1150 714 1355 757; x_wconf 69' lang='lat' dir='ltr'><strong>BAiuo&#39;H,</strong></span> <span class='ocrx_word' id='word_1_40' title='bbox 1383 701 1515 760; x_wconf 91' lang='lat' dir='ltr'><strong>quod</strong></span> 
     </span>
     <span class='ocr_line' id='line_1_7' title="bbox 215 775 1515 835; baseline -0.005 -12"><span class='ocrx_word' id='word_1_41' title='bbox 215 788 281 823; x_wconf 78' lang='lat' dir='ltr'><strong>‹s&#39;t</strong></span> <span class='ocrx_word' id='word_1_42' title='bbox 312 795 337 822; x_wconf 87' lang='lat' dir='ltr'><strong>a</strong></span> <span class='ocrx_word' id='word_1_43' title='bbox 367 779 513 822; x_wconf 74' lang='lat' dir='ltr'><strong>veibo</strong></span> <span class='ocrx_word' id='word_1_44' title='bbox 546 792 726 834; x_wconf 74' lang='lat' dir='ltr'><strong>BAREM,</strong></span> <span class='ocrx_word' id='word_1_45' title='bbox 751 776 941 821; x_wconf 76' lang='lat' dir='ltr'><em>choreas</em></span> <span class='ocrx_word' id='word_1_46' title='bbox 964 781 1188 835; x_wconf 76' lang='lat' dir='ltr'><strong>agitare:</strong></span> <span class='ocrx_word' id='word_1_47' title='bbox 1215 776 1345 834; x_wconf 84' lang='lat' dir='ltr'>quasi</span> <span class='ocrx_word' id='word_1_48' title='bbox 1373 775 1515 834; x_wconf 87' lang='lat' dir='ltr'><strong>igitur</strong></span> 
     </span>
     <span class='ocr_line' id='line_1_8' title="bbox 216 849 1515 896; baseline -0.005 -1"><span class='ocrx_word' id='word_1_49' title='bbox 216 852 342 896; x_wconf 88' lang='lat' dir='ltr'><strong>dicas</strong></span> <span class='ocrx_word' id='word_1_50' title='bbox 363 853 509 895; x_wconf 79' lang='lat' dir='ltr'><strong>lenem</strong></span> <span class='ocrx_word' id='word_1_51' title='bbox 545 853 827 895; x_wconf 74' lang='lat' dir='ltr'><strong>saltatorem.</strong></span> <span class='ocrx_word' id='word_1_52' title='bbox 868 851 1041 894; x_wconf 86' lang='lat' dir='ltr'>Tamen</span> <span class='ocrx_word' id='word_1_53' title='bbox 1060 849 1390 892; x_wconf 83' lang='lat' dir='ltr'><strong>Armeniorum</strong></span> <span class='ocrx_word' id='word_1_54' title='bbox 1428 861 1515 890; x_wconf 89' lang='lat' dir='ltr'><strong>an-</strong></span> 
     </span>
     <span class='ocr_line' id='line_1_9' title="bbox 216 919 1511 984; baseline -0.005 -16"><span class='ocrx_word' id='word_1_55' title='bbox 216 925 345 983; x_wconf 89' lang='lat' dir='ltr'><strong>tiqua</strong></span> <span class='ocrx_word' id='word_1_56' title='bbox 363 924 551 984; x_wconf 83' lang='lat' dir='ltr'><strong>glossai</strong></span> <span class='ocrx_word' id='word_1_57' title='bbox 543 939 584 967; x_wconf 85' lang='lat' dir='ltr'><strong>ia</strong></span> <span class='ocrx_word' id='word_1_58' title='bbox 608 924 726 967; x_wconf 87' lang='lat' dir='ltr'><strong>hanc</strong></span> <span class='ocrx_word' id='word_1_59' title='bbox 746 937 911 966; x_wconf 87' lang='lat' dir='ltr'><strong>vocem</strong></span> <span class='ocrx_word' id='word_1_60' title='bbox 937 921 1170 980; x_wconf 85' lang='lat' dir='ltr'><strong>explicant</strong></span> <span class='ocrx_word' id='word_1_61' title='bbox 1176 919 1387 978; x_wconf 87' lang='lat' dir='ltr'><strong>formam</strong></span> <span class='ocrx_word' id='word_1_62' title='bbox 1403 934 1511 978; x_wconf 81' lang='lat' dir='ltr'><strong>par·</strong></span> 
     </span>
     <span class='ocr_line' id='line_1_10' title="bbox 216 992 1516 1055; baseline -0.005 -15"><span class='ocrx_word' id='word_1_63' title='bbox 216 1001 296 1040; x_wconf 76' lang='lat' dir='ltr'><strong>tim</strong></span> <span class='ocrx_word' id='word_1_64' title='bbox 335 997 599 1040; x_wconf 81' lang='lat' dir='ltr'><strong>muliebrem</strong></span> <span class='ocrx_word' id='word_1_65' title='bbox 635 999 809 1055; x_wconf 81' lang='lat' dir='ltr'><strong>partim</strong></span> <span class='ocrx_word' id='word_1_66' title='bbox 854 996 1114 1039; x_wconf 80' lang='lat' dir='ltr'><strong>volatilem.</strong></span> <span class='ocrx_word' id='word_1_67' title='bbox 1158 993 1251 1038; x_wconf 92' lang='lat' dir='ltr'><strong>Sed</strong></span> <span class='ocrx_word' id='word_1_68' title='bbox 1291 993 1416 1036; x_wconf 90' lang='lat' dir='ltr'><strong>enim</strong></span> <span class='ocrx_word' id='word_1_69' title='bbox 1466 992 1516 1034; x_wconf 91' lang='lat' dir='ltr'><strong>in</strong></span> 
     </span>
     <span class='ocr_line' id='line_1_11' title="bbox 217 1058 1514 1122; baseline -0.005 -10"><span class='ocrx_word' id='word_1_70' title='bbox 217 1063 386 1113; x_wconf 73' lang='lat' dir='ltr'><strong>divinis</strong></span> <span class='ocrx_word' id='word_1_71' title='bbox 415 1058 574 1112; x_wconf 84' lang='lat' dir='ltr'><strong>Bibliis</strong></span> <span class='ocrx_word' id='word_1_72' title='bbox 596 1068 713 1112; x_wconf 85' lang='lat' dir='ltr'><strong>Isaia</strong></span> <span class='ocrx_word' id='word_1_73' title='bbox 739 1068 860 1112; x_wconf 89' lang='lat' dir='ltr'><strong>XIII</strong></span> <span class='ocrx_word' id='word_1_74' title='bbox 877 1101 888 1122; x_wconf 91' lang='lat'>‚</span> <span class='ocrx_word' id='word_1_75' title='bbox 926 1082 1012 1122; x_wconf 79' lang='lat'><strong>223</strong></span> <span class='ocrx_word' id='word_1_76' title='bbox 1036 1066 1259 1120; x_wconf 84' lang='lat' dir='ltr'><strong>XXXIV,</strong></span> <span class='ocrx_word' id='word_1_77' title='bbox 1301 1069 1380 1120; x_wconf 74' lang='lat'><strong>14,</strong></span> <span class='ocrx_word' id='word_1_78' title='bbox 1420 1079 1514 1122; x_wconf 92' lang='lat' dir='ltr'><strong>quo</strong></span> 
     </span>
     <span class='ocr_line' id='line_1_12' title="bbox 212 1138 1514 1203; baseline -0.005 -15"><span class='ocrx_word' id='word_1_79' title='bbox 212 1139 323 1188; x_wconf 63' lang='lat' dir='ltr'><strong>&gt;loco</strong></span> <span class='ocrx_word' id='word_1_80' title='bbox 359 1143 506 1188; x_wconf 81' lang='lat' dir='ltr'><strong>Graeci</strong></span> <span class='ocrx_word' id='word_1_81' title='bbox 542 1143 716 1186; x_wconf 87' lang='lat' dir='ltr'><strong>habent</strong></span> <span class='ocrx_word' id='word_1_82' title='bbox 751 1138 1068 1203; x_wconf 86' lang='grc' dir='ltr'>ὄνοκένταυροι,</span> <span class='ocrx_word' id='word_1_83' title='bbox 1108 1142 1384 1198; x_wconf 84' lang='lat' dir='ltr'><strong>interpretes</strong></span> <span class='ocrx_word' id='word_1_84' title='bbox 1421 1140 1514 1181; x_wconf 89' lang='lat' dir='ltr'><strong>Ar-</strong></span> 
     </span>
     <span class='ocr_line' id='line_1_13' title="bbox 216 1211 1519 1270; baseline -0.005 -11"><span class='ocrx_word' id='word_1_85' title='bbox 216 1217 359 1259; x_wconf 83' lang='lat' dir='ltr'><strong>menii</strong></span> <span class='ocrx_word' id='word_1_86' title='bbox 390 1216 599 1259; x_wconf 85' lang='lat' dir='ltr'><strong>scribunt</strong></span> <span class='ocrx_word' id='word_1_87' title='bbox 629 1228 1002 1258; x_wconf 72' lang='lat' dir='ltr'><strong>msoHABAmon.</strong></span> <span class='ocrx_word' id='word_1_88' title='bbox 1037 1212 1252 1270; x_wconf 91' lang='lat' dir='ltr'><strong>Denique</strong></span> <span class='ocrx_word' id='word_1_89' title='bbox 1275 1211 1519 1255; x_wconf 86' lang='lat' dir='ltr'><strong>Ezniehius</strong></span> 
     </span>
     <span class='ocr_line' id='line_1_14' title="bbox 218 1282 1518 1346; baseline -0.005 -15"><span class='ocrx_word' id='word_1_90' title='bbox 218 1303 322 1346; x_wconf 89' lang='lat' dir='ltr'><strong>cap.</strong></span> <span class='ocrx_word' id='word_1_91' title='bbox 359 1288 532 1343; x_wconf 79' lang='lat' dir='ltr'><strong>XXIV,</strong></span> <span class='ocrx_word' id='word_1_92' title='bbox 569 1287 631 1330; x_wconf 89' lang='lat' dir='ltr'><strong>ait</strong></span> <span class='ocrx_word' id='word_1_93' title='bbox 659 1301 669 1328; x_wconf 87' lang='lat'><strong>:</strong></span> <span class='ocrx_word' id='word_1_94' title='bbox 705 1299 1056 1329; x_wconf 75' lang='lat' dir='ltr'><strong>msoHABAmon</strong></span> <span class='ocrx_word' id='word_1_95' title='bbox 1083 1288 1130 1327; x_wconf 78' lang='lat' dir='ltr'><strong>in</strong></span> <span class='ocrx_word' id='word_1_96' title='bbox 1151 1286 1361 1326; x_wconf 79' lang='lat' dir='ltr'><strong>maceriis</strong></span> <span class='ocrx_word' id='word_1_97' title='bbox 1388 1282 1518 1325; x_wconf 77' lang='lat' dir='ltr'><strong>habi·</strong></span> 
     </span>
     <span class='ocr_line' id='line_1_15' title="bbox 221 1354 1516 1417; baseline -0.005 -13"><span class='ocrx_word' id='word_1_98' title='bbox 221 1358 569 1416; x_wconf 67' lang='lat' dir='ltr'><strong>tareseruntur,·</strong></span> <span class='ocrx_word' id='word_1_99' title='bbox 593 1356 1084 1417; x_wconf 72' lang='lat' dir='ltr'><strong>lzi&#39;groecehippotauri</strong></span> <span class='ocrx_word' id='word_1_100' title='bbox 1100 1356 1411 1415; x_wconf 80' lang='lat' dir='ltr'><strong>appellantur.</strong></span> <span class='ocrx_word' id='word_1_101' title='bbox 1437 1354 1516 1398; x_wconf 91' lang='lat' dir='ltr'><strong>Id-</strong></span> 
     </span>
     <span class='ocr_line' id='line_1_16' title="bbox 214 1429 1515 1487; baseline -0.003 -11"><span class='ocrx_word' id='word_1_102' title='bbox 214 1429 345 1476; x_wconf 77' lang='lat' dir='ltr'><strong>circo</strong></span> <span class='ocrx_word' id='word_1_103' title='bbox 364 1442 408 1476; x_wconf 91' lang='lat' dir='ltr'><strong>et</strong></span> <span class='ocrx_word' id='word_1_104' title='bbox 430 1431 775 1477; x_wconf 87' lang='lat' dir='ltr'><strong>Chorenensem</strong></span> <span class='ocrx_word' id='word_1_105' title='bbox 791 1430 995 1474; x_wconf 90' lang='lat' dir='ltr'><strong>Wistoni</strong></span> <span class='ocrx_word' id='word_1_106' title='bbox 1014 1430 1382 1487; x_wconf 85' lang='lat' dir='ltr'><strong>interpretantur</strong></span> <span class='ocrx_word' id='word_1_107' title='bbox 1402 1429 1515 1472; x_wconf 80' lang='lat' dir='ltr'><strong>Hist.</strong></span> 
     </span>
     <span class='ocr_line' id='line_1_17' title="bbox 218 1501 1517 1562; baseline -0.003 -15"><span class='ocrx_word' id='word_1_108' title='bbox 218 1502 296 1562; x_wconf 82' lang='grc' dir='ltr'><strong>Π,</strong></span> <span class='ocrx_word' id='word_1_109' title='bbox 325 1504 385 1548; x_wconf 85' lang='grc'><strong>60</strong></span> <span class='ocrx_word' id='word_1_110' title='bbox 409 1518 419 1549; x_wconf 90' lang='lat'>:</span> <span class='ocrx_word' id='word_1_111' title='bbox 453 1506 549 1547; x_wconf 74' lang='lat' dir='ltr'><strong>Aac</strong></span> <span class='ocrx_word' id='word_1_112' title='bbox 583 1501 889 1562; x_wconf 78' lang='lat' dir='ltr'><em>Lapitharum</em></span> <span class='ocrx_word' id='word_1_113' title='bbox 925 1511 974 1545; x_wconf 85' lang='lat' dir='ltr'><strong>et</strong></span> <span class='ocrx_word' id='word_1_114' title='bbox 1003 1502 1332 1546; x_wconf 80' lang='lat' dir='ltr'><em>Centaurorum</em></span> <span class='ocrx_word' id='word_1_115' title='bbox 1352 1501 1409 1544; x_wconf 84' lang='lat' dir='ltr'><strong>de</strong></span> <span class='ocrx_word' id='word_1_116' title='bbox 1431 1502 1517 1545; x_wconf 83' lang='lat' dir='ltr'><strong>Pi-</strong></span> 
     </span>
     <span class='ocr_line' id='line_1_18' title="bbox 217 1575 1516 1636; baseline -0.002 -16"><span class='ocrx_word' id='word_1_117' title='bbox 217 1575 359 1635; x_wconf 67' lang='grc' dir='ltr'><strong>νὶτίιρὶ</strong></span> <span class='ocrx_word' id='word_1_118' title='bbox 383 1580 551 1636; x_wconf 76' lang='lat' dir='ltr'><strong>nuptiis</strong></span> <span class='ocrx_word' id='word_1_119' title='bbox 573 1579 827 1619; x_wconf 80' lang='lat' dir='ltr'><strong>certamina</strong></span> <span class='ocrx_word' id='word_1_120' title='bbox 835 1591 852 1628; x_wconf 89' lang='lat'><em>;</em></span> <span class='ocrx_word' id='word_1_121' title='bbox 884 1589 979 1633; x_wconf 89' lang='lat' dir='ltr'><strong>quo</strong></span> <span class='ocrx_word' id='word_1_122' title='bbox 998 1575 1104 1618; x_wconf 88' lang='lat' dir='ltr'><strong>loco</strong></span> <span class='ocrx_word' id='word_1_123' title='bbox 1125 1582 1190 1618; x_wconf 89' lang='lat' dir='ltr'><strong>est</strong></span> <span class='ocrx_word' id='word_1_124' title='bbox 1225 1587 1516 1618; x_wconf 70' lang='lat' dir='ltr'><strong>msoHABAa-</strong></span> 
     </span>
     <span class='ocr_line' id='line_1_19' title="bbox 217 1641 1518 1713; baseline -0.002 -20"><span class='ocrx_word' id='word_1_125' title='bbox 217 1662 366 1694; x_wconf 74' lang='lat' dir='ltr'><strong>GnAz.</strong></span> <span class='ocrx_word' id='word_1_126' title='bbox 391 1644 637 1713; x_wconf 72' lang='lat' dir='ltr'><strong>[Ceterum</strong></span> <span class='ocrx_word' id='word_1_127' title='bbox 655 1662 730 1706; x_wconf 90' lang='lat' dir='ltr'><strong>ap.</strong></span> <span class='ocrx_word' id='word_1_128' title='bbox 757 1647 957 1705; x_wconf 84' lang='lat' dir='ltr'><strong>Syncell.</strong></span> <span class='ocrx_word' id='word_1_129' title='bbox 989 1654 1054 1690; x_wconf 89' lang='lat' dir='ltr'><strong>est</strong></span> <span class='ocrx_word' id='word_1_130' title='bbox 1075 1642 1334 1701; x_wconf 79' lang='grc' dir='ltr'>Ἀννήδωτον</span> <span class='ocrx_word' id='word_1_131' title='bbox 1359 1641 1518 1707; x_wconf 88' lang='grc' dir='ltr'>τέταρ-</span> 
     </span>
     <span class='ocr_line' id='line_1_20' title="bbox 221 1717 1517 1780; baseline -0.002 -16"><span class='ocrx_word' id='word_1_132' title='bbox 221 1737 294 1764; x_wconf 91' lang='grc' dir='ltr'>τον</span> <span class='ocrx_word' id='word_1_133' title='bbox 327 1732 417 1780; x_wconf 86' lang='lat' dir='ltr'><strong>pro</strong></span> <span class='ocrx_word' id='word_1_134' title='bbox 444 1722 569 1764; x_wconf 85' lang='lat' dir='ltr'><strong>bella</strong></span> <span class='ocrx_word' id='word_1_135' title='bbox 602 1717 872 1779; x_wconf 83' lang='lat' dir='ltr'><strong>quattuor.]</strong></span> <span class='ocrx_word' id='word_1_136' title='bbox 908 1742 972 1752; x_wconf 92' lang='lat'><em>-</em></span> <span class='ocrx_word' id='word_1_137' title='bbox 1007 1717 1068 1778; x_wconf 88' lang='lat'><strong>(6)</strong></span> <span class='ocrx_word' id='word_1_138' title='bbox 1104 1717 1221 1763; x_wconf 93' lang='lat' dir='ltr'><strong>Cod.</strong></span> <span class='ocrx_word' id='word_1_139' title='bbox 1260 1718 1391 1764; x_wconf 86' lang='lat' dir='ltr'><strong>Arm.</strong></span> <span class='ocrx_word' id='word_1_140' title='bbox 1419 1727 1517 1763; x_wconf 89' lang='lat' dir='ltr'><strong>tum</strong></span> 
     </span>
     <span class='ocr_line' id='line_1_21' title="bbox 165 1790 1508 1850; baseline -0.003 -13"><span class='ocrx_word' id='word_1_141' title='bbox 165 1811 174 1819; x_wconf 91' lang='lat'>·</span> <span class='ocrx_word' id='word_1_142' title='bbox 224 1794 300 1837; x_wconf 87' lang='lat' dir='ltr'><strong>hic</strong></span> <span class='ocrx_word' id='word_1_143' title='bbox 341 1803 438 1837; x_wconf 87' lang='lat' dir='ltr'><strong>tum</strong></span> <span class='ocrx_word' id='word_1_144' title='bbox 462 1792 655 1837; x_wconf 86' lang='lat' dir='ltr'><strong>inferius</strong></span> <span class='ocrx_word' id='word_1_145' title='bbox 677 1792 819 1835; x_wconf 86' lang='lat' dir='ltr'><strong>habet</strong></span> <span class='ocrx_word' id='word_1_146' title='bbox 852 1792 902 1834; x_wconf 92' lang='lat' dir='ltr'><strong>in</strong></span> <span class='ocrx_word' id='word_1_147' title='bbox 936 1800 1067 1835; x_wconf 85' lang='lat' dir='ltr'><strong>textu</strong></span> <span class='ocrx_word' id='word_1_148' title='bbox 1097 1794 1246 1835; x_wconf 83' lang='lat' dir='ltr'><strong>Amen</strong></span> <span class='ocrx_word' id='word_1_149' title='bbox 1272 1790 1508 1850; x_wconf 75' lang='lat' dir='ltr'><strong>plesinum,</strong></span> 
     </span>
     <span class='ocr_line' id='line_1_22' title="bbox 217 1862 1519 1926; baseline -0.002 -16"><span class='ocrx_word' id='word_1_150' title='bbox 217 1865 299 1910; x_wconf 78' lang='lat' dir='ltr'><strong>sed</strong></span> <span class='ocrx_word' id='word_1_151' title='bbox 330 1867 378 1910; x_wconf 88' lang='lat' dir='ltr'><strong>in</strong></span> <span class='ocrx_word' id='word_1_152' title='bbox 398 1867 606 1926; x_wconf 86' lang='lat' dir='ltr'><strong>margine</strong></span> <span class='ocrx_word' id='word_1_153' title='bbox 631 1863 1026 1926; x_wconf 78' lang='lat' dir='ltr'><strong>Amemphsinum.</strong></span> <span class='ocrx_word' id='word_1_154' title='bbox 1049 1890 1112 1897; x_wconf 91' lang='grc'>-</span> <span class='ocrx_word' id='word_1_155' title='bbox 1140 1862 1202 1924; x_wconf 90' lang='lat'><strong>(7)</strong></span> <span class='ocrx_word' id='word_1_156' title='bbox 1226 1865 1283 1908; x_wconf 89' lang='lat' dir='ltr'><strong>In</strong></span> <span class='ocrx_word' id='word_1_157' title='bbox 1311 1864 1519 1924; x_wconf 83' lang='lat' dir='ltr'><strong>margine</strong></span> 
     </span>
     <span class='ocr_line' id='line_1_23' title="bbox 219 1933 1520 1998; baseline -0.001 -18"><span class='ocrx_word' id='word_1_158' title='bbox 219 1953 335 1982; x_wconf 85' lang='lat' dir='ltr'><strong>arm.</strong></span> <span class='ocrx_word' id='word_1_159' title='bbox 380 1939 670 1994; x_wconf 60' lang='lat' dir='ltr'><strong>chaldaeum,</strong></span> <span class='ocrx_word' id='word_1_160' title='bbox 708 1938 758 1980; x_wconf 89' lang='lat' dir='ltr'><strong>in</strong></span> <span class='ocrx_word' id='word_1_161' title='bbox 798 1946 929 1981; x_wconf 82' lang='lat' dir='ltr'><strong>textu</strong></span> <span class='ocrx_word' id='word_1_162' title='bbox 962 1936 1208 1982; x_wconf 65' lang='lat' dir='ltr'><strong>chaldaeis.</strong></span> <span class='ocrx_word' id='word_1_163' title='bbox 1246 1963 1310 1970; x_wconf 92' lang='lat'><strong>—-</strong></span> <span class='ocrx_word' id='word_1_164' title='bbox 1354 1933 1414 1998; x_wconf 85' lang='lat'><strong>(8)</strong></span> <span class='ocrx_word' id='word_1_165' title='bbox 1455 1938 1520 1981; x_wconf 92' lang='lat' dir='ltr'><strong>Ut</strong></span> 
     </span>
     <span class='ocr_line' id='line_1_24' title="bbox 217 2007 1520 2070; baseline -0.001 -17"><span class='ocrx_word' id='word_1_166' title='bbox 217 2025 369 2069; x_wconf 89' lang='lat' dir='ltr'><strong>supra.</strong></span> <span class='ocrx_word' id='word_1_167' title='bbox 394 2031 412 2049; x_wconf 89' lang='lat'>»</span> <span class='ocrx_word' id='word_1_168' title='bbox 449 2011 666 2054; x_wconf 89' lang='lat' dir='ltr'><strong>Ceterum</strong></span> <span class='ocrx_word' id='word_1_169' title='bbox 687 2024 793 2053; x_wconf 89' lang='lat' dir='ltr'><strong>cum</strong></span> <span class='ocrx_word' id='word_1_170' title='bbox 811 2009 903 2053; x_wconf 91' lang='lat' dir='ltr'><strong>hoe</strong></span> <span class='ocrx_word' id='word_1_171' title='bbox 924 2008 1184 2070; x_wconf 79' lang='lat' dir='ltr'><strong>fragmento</strong></span> <span class='ocrx_word' id='word_1_172' title='bbox 1210 2008 1267 2055; x_wconf 88' lang='lat' dir='ltr'><strong>cf.</strong></span> <span class='ocrx_word' id='word_1_173' title='bbox 1303 2007 1520 2067; x_wconf 86' lang='lat' dir='ltr'><strong>Abydeni</strong></span> 
     </span>
     <span class='ocr_line' id='line_1_25' title="bbox 219 2083 352 2128; baseline 0.015 -3"><span class='ocrx_word' id='word_1_174' title='bbox 219 2083 278 2128; x_wconf 80' lang='lat' dir='ltr'><strong>fr.</strong></span> <span class='ocrx_word' id='word_1_175' title='bbox 311 2098 352 2127; x_wconf 94' lang='lat'><strong>1.</strong></span> 
     </span>
    </p>
   </div>
   <div class='ocr_carea' id='block_1_3' title="bbox 844 2183 890 2228">
    <p class='ocr_par' dir='ltr' id='par_1_3' title="bbox 844 2183 890 2228">
     <span class='ocr_line' id='line_1_26' title="bbox 844 2183 890 2228; baseline 0.065 -3"><span class='ocrx_word' id='word_1_176' title='bbox 844 2183 890 2228; x_wconf 85' lang='lat'><strong>6.</strong></span> 
     </span>
    </p>
   </div>
   <div class='ocr_carea' id='block_1_4' title="bbox 220 2301 1522 2660">
    <p class='ocr_par' dir='ltr' id='par_1_4' title="bbox 220 2301 1522 2660">
     <span class='ocr_line' id='line_1_27' title="bbox 289 2301 1521 2370; baseline 0 -20"><span class='ocrx_word' id='word_1_177' title='bbox 289 2305 488 2365; x_wconf 81' lang='lat' dir='ltr'><strong>Syncell.</strong></span> <span class='ocrx_word' id='word_1_178' title='bbox 511 2321 559 2365; x_wconf 88' lang='lat' dir='ltr'><strong>p.</strong></span> <span class='ocrx_word' id='word_1_179' title='bbox 591 2309 674 2366; x_wconf 88' lang='lat'><strong>39,</strong></span> <span class='ocrx_word' id='word_1_180' title='bbox 695 2308 764 2352; x_wconf 89' lang='lat' dir='ltr'><strong>B:</strong></span> <span class='ocrx_word' id='word_1_181' title='bbox 792 2304 908 2370; x_wconf 84' lang='grc' dir='ltr'>Πρὸς</span> <span class='ocrx_word' id='word_1_182' title='bbox 928 2302 1092 2357; x_wconf 82' lang='grc' dir='ltr'>τούτοις</span> <span class='ocrx_word' id='word_1_183' title='bbox 1109 2303 1183 2351; x_wconf 81' lang='grc' dir='ltr'>καὶ</span> <span class='ocrx_word' id='word_1_184' title='bbox 1204 2301 1521 2367; x_wconf 80' lang='grc' dir='ltr'>Ἀπολλόδωρος</span> 
     </span>
     <span class='ocr_line' id='line_1_28' title="bbox 227 2373 1518 2442; baseline -0.001 -20"><span class='ocrx_word' id='word_1_185' title='bbox 227 2379 383 2437; x_wconf 84' lang='grc' dir='ltr'>ὁμοίως</span> <span class='ocrx_word' id='word_1_186' title='bbox 408 2376 570 2430; x_wconf 85' lang='grc' dir='ltr'>τούτοις</span> <span class='ocrx_word' id='word_1_187' title='bbox 589 2374 918 2442; x_wconf 81' lang='grc' dir='ltr'>τερατευόμενος</span> <span class='ocrx_word' id='word_1_188' title='bbox 937 2375 1048 2424; x_wconf 74' lang='grc' dir='ltr'>οὕτω</span> <span class='ocrx_word' id='word_1_189' title='bbox 1070 2375 1208 2440; x_wconf 85' lang='grc' dir='ltr'>λέγει·</span> <span class='ocrx_word' id='word_1_190' title='bbox 1229 2399 1248 2418; x_wconf 82' lang='lat'>«</span> <span class='ocrx_word' id='word_1_191' title='bbox 1267 2378 1307 2424; x_wconf 85' lang='grc' dir='ltr'><strong>Γ</strong></span> <span class='ocrx_word' id='word_1_192' title='bbox 1311 2394 1421 2422; x_wconf 88' lang='grc' dir='ltr'>αυτα</span> <span class='ocrx_word' id='word_1_193' title='bbox 1442 2373 1518 2438; x_wconf 79' lang='grc' dir='ltr'>μὲν</span> 
     </span>
     <span class='ocr_line' id='line_1_29' title="bbox 225 2441 1520 2514; baseline -0.002 -18"><span class='ocrx_word' id='word_1_194' title='bbox 225 2454 246 2496; x_wconf 78' lang='grc' dir='ltr'><em>ὃ</em></span> <span class='ocrx_word' id='word_1_195' title='bbox 270 2449 531 2512; x_wconf 75' lang='grc' dir='ltr'>Βήρωσσος</span> <span class='ocrx_word' id='word_1_196' title='bbox 523 2447 739 2514; x_wconf 85' lang='grc' dir='ltr'>ιστόρησε,</span> <span class='ocrx_word' id='word_1_197' title='bbox 756 2452 926 2513; x_wconf 80' lang='grc' dir='ltr'>πρῶτον</span> <span class='ocrx_word' id='word_1_198' title='bbox 947 2447 1146 2513; x_wconf 87' lang='grc' dir='ltr'>γενέσθαι</span> <span class='ocrx_word' id='word_1_199' title='bbox 1173 2446 1356 2511; x_wconf 84' lang='grc' dir='ltr'>βασιλέα</span> <span class='ocrx_word' id='word_1_200' title='bbox 1378 2441 1520 2496; x_wconf 75' lang='grc' dir='ltr'>Ἀλω-</span> 
     </span>
     <span class='ocr_line' id='line_1_30' title="bbox 220 2519 1522 2613; baseline -0.002 -44"><span class='ocrx_word' id='word_1_201' title='bbox 220 2541 294 2587; x_wconf 82' lang='grc' dir='ltr'><strong>ρον</strong></span> <span class='ocrx_word' id='word_1_202' title='bbox 334 2524 382 2569; x_wconf 80' lang='grc' dir='ltr'><strong>ἐκ</strong></span> <span class='ocrx_word' id='word_1_203' title='bbox 420 2521 679 2576; x_wconf 70' lang='grc' dir='ltr'>Βαὸυλῶνος</span> <span class='ocrx_word' id='word_1_204' title='bbox 714 2523 959 2571; x_wconf 87' lang='grc' dir='ltr'>Χαλδαῖον·</span> <span class='ocrx_word' id='word_1_205' title='bbox 995 2523 1250 2586; x_wconf 87' lang='grc' dir='ltr'>βασιλευσαι</span> <span class='ocrx_word' id='word_1_206' title='bbox 1282 2519 1328 2568; x_wconf 86' lang='grc' dir='ltr'><strong>δὲ</strong></span> <span class='ocrx_word' id='word_1_207' title='bbox 1366 2520 1522 2613; x_wconf 76' lang='grc' dir='ltr'>σρὶρους</span> 
     </span>
     <span class='ocr_line' id='line_1_31' title="bbox 223 2593 1521 2660; baseline -0.001 -18"><span class='ocrx_word' id='word_1_208' title='bbox 223 2595 349 2654; x_wconf 82' lang='grc' dir='ltr'>δέκα,</span> <span class='ocrx_word' id='word_1_209' title='bbox 377 2615 453 2642; x_wconf 88' lang='grc' dir='ltr'>και</span> <span class='ocrx_word' id='word_1_210' title='bbox 487 2595 667 2654; x_wconf 72' lang='grc' dir='ltr'>καθεξῆς</span> <span class='ocrx_word' id='word_1_211' title='bbox 706 2595 948 2660; x_wconf 82' lang='grc' dir='ltr'>Ἀλοίπαρον</span> <span class='ocrx_word' id='word_1_212' title='bbox 988 2595 1062 2643; x_wconf 76' lang='grc' dir='ltr'>καὶ</span> <span class='ocrx_word' id='word_1_213' title='bbox 1103 2593 1334 2657; x_wconf 82' lang='grc' dir='ltr'>Ἀμήλωνα</span> <span class='ocrx_word' id='word_1_214' title='bbox 1366 2613 1438 2642; x_wconf 83' lang='grc' dir='ltr'>τον</span> <span class='ocrx_word' id='word_1_215' title='bbox 1473 2597 1521 2642; x_wconf 85' lang='grc' dir='ltr'><strong>ἐκ</strong></span> 
     </span>
    </p>
   </div>
   <div class='ocr_carea' id='block_1_5' title="bbox 223 2659 1520 2730">
    <p class='ocr_par' dir='ltr' id='par_1_5' title="bbox 223 2659 1520 2730">
     <span class='ocr_line' id='line_1_32' title="bbox 223 2659 1520 2730; baseline -0.002 -14"><span class='ocrx_word' id='word_1_216' title='bbox 223 2665 534 2716; x_wconf 76' lang='grc' dir='ltr'>Παντιὸίολων</span> <span class='ocrx_word' id='word_1_217' title='bbox 582 2667 816 2730; x_wconf 56' lang='lat' dir='ltr'><strong>(Hamae.</strong></span> <span class='ocrx_word' id='word_1_218' title='bbox 860 2670 970 2716; x_wconf 81' lang='lat' dir='ltr'><strong>cod.</strong></span> <span class='ocrx_word' id='word_1_219' title='bbox 1013 2671 1053 2716; x_wconf 88' lang='lat' dir='ltr'><strong>A</strong></span> <span class='ocrx_word' id='word_1_220' title='bbox 1094 2668 1380 2729; x_wconf 88' lang='lat' dir='ltr'><strong>Dindorfii)·</strong></span> <span class='ocrx_word' id='word_1_221' title='bbox 1427 2659 1520 2714; x_wconf 80' lang='grc' dir='ltr'>εἶτα</span> 
     </span>
    </p>
   </div>
   <div class='ocr_carea' id='block_1_6' title="bbox 127 2738 1521 2807">
    <p class='ocr_par' dir='ltr' id='par_1_6' title="bbox 127 2738 1521 2807">
     <span class='ocr_line' id='line_1_33' title="bbox 127 2738 1521 2807; baseline -0.001 -19"><span class='ocrx_word' id='word_1_222' title='bbox 127 2743 136 2753; x_wconf 82' lang='grc'><em>“</em></span> <span class='ocrx_word' id='word_1_223' title='bbox 204 2798 206 2801; x_wconf 69' lang='lat'>‚</span> <span class='ocrx_word' id='word_1_224' title='bbox 223 2739 479 2802; x_wconf 81' lang='grc' dir='ltr'>Ἀμμένωνα</span> <span class='ocrx_word' id='word_1_225' title='bbox 497 2759 568 2787; x_wconf 90' lang='grc' dir='ltr'>τον</span> <span class='ocrx_word' id='word_1_226' title='bbox 590 2742 872 2800; x_wconf 85' lang='grc' dir='ltr'>Χαλδαῖον,</span> <span class='ocrx_word' id='word_1_227' title='bbox 854 2740 919 2806; x_wconf 70' lang='lat' dir='ltr'><strong>ezp’</strong></span> <span class='ocrx_word' id='word_1_228' title='bbox 947 2745 993 2788; x_wconf 91' lang='grc' dir='ltr'><strong>ου</strong></span> <span class='ocrx_word' id='word_1_229' title='bbox 1022 2759 1126 2807; x_wconf 79' lang='grc' dir='ltr'>φησι</span> <span class='ocrx_word' id='word_1_230' title='bbox 1143 2759 1329 2805; x_wconf 82' lang='grc' dir='ltr'>ςρανηναι</span> <span class='ocrx_word' id='word_1_231' title='bbox 1347 2738 1420 2787; x_wconf 84' lang='grc' dir='ltr'>τὸν</span> <span class='ocrx_word' id='word_1_232' title='bbox 1439 2760 1521 2803; x_wconf 86' lang='grc' dir='ltr'><strong>μυ-</strong></span> 
     </span>
    </p>
   </div>
   <div class='ocr_carea' id='block_1_7' title="bbox 223 2811 1522 3023">
    <p class='ocr_par' dir='ltr' id='par_1_7' title="bbox 223 2811 1522 3023">
     <span class='ocr_line' id='line_1_34' title="bbox 223 2811 1522 2877; baseline 0.002 -19"><span class='ocrx_word' id='word_1_233' title='bbox 223 2813 355 2876; x_wconf 84' lang='grc' dir='ltr'>σαρὸν</span> <span class='ocrx_word' id='word_1_234' title='bbox 393 2811 666 2877; x_wconf 68' lang='grc' dir='ltr'>(δεύτερονῗ)</span> <span class='ocrx_word' id='word_1_235' title='bbox 709 2812 917 2877; x_wconf 77' lang='grc' dir='ltr'>Ὠάννην,</span> <span class='ocrx_word' id='word_1_236' title='bbox 954 2812 1026 2860; x_wconf 85' lang='grc' dir='ltr'>τὸν</span> <span class='ocrx_word' id='word_1_237' title='bbox 1063 2811 1382 2872; x_wconf 77' lang='grc' dir='ltr'>Ἀννήδωτον,’</span> <span class='ocrx_word' id='word_1_238' title='bbox 1363 2831 1412 2860; x_wconf 89' lang='grc' dir='ltr'>εκ</span> <span class='ocrx_word' id='word_1_239' title='bbox 1446 2832 1522 2871; x_wconf 89' lang='grc' dir='ltr'><strong>της</strong></span> 
     </span>
     <span class='ocr_line' id='line_1_35' title="bbox 224 2883 1522 2959; baseline 0 -27"><span class='ocrx_word' id='word_1_240' title='bbox 224 2883 453 2949; x_wconf 84' lang='grc' dir='ltr'>Ἐρυθρᾶς·</span> <span class='ocrx_word' id='word_1_241' title='bbox 481 2884 612 2950; x_wconf 88' lang='grc' dir='ltr'>[οπερ</span> <span class='ocrx_word' id='word_1_242' title='bbox 623 2885 894 2959; x_wconf 85' lang='grc' dir='ltr'>Ἀλέξανδρος</span> <span class='ocrx_word' id='word_1_243' title='bbox 914 2885 1146 2950; x_wconf 73' lang='grc' dir='ltr'>προλαὸὼν</span> <span class='ocrx_word' id='word_1_244' title='bbox 1169 2884 1313 2951; x_wconf 86' lang='grc' dir='ltr'>εἴρηκε</span> <span class='ocrx_word' id='word_1_245' title='bbox 1336 2889 1522 2947; x_wconf 76' lang='grc' dir='ltr'>φανῆναι</span> 
     </span>
     <span class='ocr_line' id='line_1_36' title="bbox 227 2955 1519 3023; baseline 0.002 -22"><span class='ocrx_word' id='word_1_246' title='bbox 227 2959 287 3002; x_wconf 80' lang='grc' dir='ltr'><strong>τῶ</strong></span> <span class='ocrx_word' id='word_1_247' title='bbox 307 2955 465 3021; x_wconf 81' lang='grc' dir='ltr'>πρώτῳ</span> <span class='ocrx_word' id='word_1_248' title='bbox 489 2956 587 3003; x_wconf 85' lang='grc' dir='ltr'>ἔτει·</span> <span class='ocrx_word' id='word_1_249' title='bbox 610 2961 728 3011; x_wconf 89' lang='grc' dir='ltr'>ουτος</span> <span class='ocrx_word' id='word_1_250' title='bbox 744 2957 788 3004; x_wconf 81' lang='grc' dir='ltr'><strong>δὲ</strong></span> <span class='ocrx_word' id='word_1_251' title='bbox 807 2956 918 3021; x_wconf 85' lang='grc' dir='ltr'>μετὰ</span> <span class='ocrx_word' id='word_1_252' title='bbox 941 2957 1097 3023; x_wconf 76' lang='grc' dir='ltr'>σάρους</span> <span class='ocrx_word' id='word_1_253' title='bbox 1110 2958 1434 3023; x_wconf 81' lang='grc' dir='ltr'>τεσσαράκοντα</span> <span class='ocrx_word' id='word_1_254' title='bbox 1453 2958 1519 3023; x_wconf 71' lang='grc' dir='ltr'><strong>(Ρ)-</strong></span> 
     </span>
    </p>
   </div>
   <div class='ocr_carea' id='block_1_8' title="bbox 844 3100 887 3140">
    <p class='ocr_par' dir='ltr' id='par_1_8' title="bbox 844 3100 887 3140">
     <span class='ocr_line' id='line_1_37' title="bbox 844 3100 887 3140; baseline -0.047 0"><span class='ocrx_word' id='word_1_255' title='bbox 844 3100 887 3140; x_wconf 88' lang='grc'><strong>6.</strong></span> 
     </span>
    </p>
   </div>
   <div class='ocr_carea' id='block_1_9' title="bbox 227 3199 1531 4331">
    <p class='ocr_par' dir='ltr' id='par_1_9' title="bbox 227 3199 1531 4331">
     <span class='ocr_line' id='line_1_38' title="bbox 280 3199 1529 3249; baseline 0 -9"><span class='ocrx_word' id='word_1_256' title='bbox 280 3202 474 3240; x_wconf 79' lang='lat' dir='ltr'><strong>Praeterea</strong></span> <span class='ocrx_word' id='word_1_257' title='bbox 507 3199 769 3249; x_wconf 84' lang='lat' dir='ltr'><strong>Apollodorus</strong></span> <span class='ocrx_word' id='word_1_258' title='bbox 805 3200 922 3239; x_wconf 90' lang='lat' dir='ltr'><strong>simili</strong></span> <span class='ocrx_word' id='word_1_259' title='bbox 953 3199 1072 3239; x_wconf 88' lang='lat' dir='ltr'><strong>modo</strong></span> <span class='ocrx_word' id='word_1_260' title='bbox 1108 3201 1335 3239; x_wconf 86' lang='lat' dir='ltr'><strong>monstrosa</strong></span> <span class='ocrx_word' id='word_1_261' title='bbox 1364 3211 1529 3240; x_wconf 85' lang='lat' dir='ltr'><strong>narrans</strong></span> 
     </span>
     <span class='ocr_line' id='line_1_39' title="bbox 227 3263 1527 3314; baseline 0.001 -12"><span class='ocrx_word' id='word_1_262' title='bbox 227 3264 283 3304; x_wconf 88' lang='lat' dir='ltr'><strong>ita</strong></span> <span class='ocrx_word' id='word_1_263' title='bbox 299 3264 418 3310; x_wconf 84' lang='lat' dir='ltr'><strong>habet</strong></span> <span class='ocrx_word' id='word_1_264' title='bbox 442 3281 451 3302; x_wconf 78' lang='lat'>2</span> <span class='ocrx_word' id='word_1_265' title='bbox 471 3278 491 3297; x_wconf 88' lang='lat'>«</span> <span class='ocrx_word' id='word_1_266' title='bbox 510 3265 677 3303; x_wconf 85' lang='lat' dir='ltr'><strong>Berosus</strong></span> <span class='ocrx_word' id='word_1_267' title='bbox 691 3263 854 3303; x_wconf 84' lang='lat' dir='ltr'><strong>tradidit</strong></span> <span class='ocrx_word' id='word_1_268' title='bbox 879 3263 1054 3314; x_wconf 91' lang='lat' dir='ltr'><strong>primum</strong></span> <span class='ocrx_word' id='word_1_269' title='bbox 1070 3263 1193 3304; x_wconf 80' lang='lat' dir='ltr'><strong>fuisse</strong></span> <span class='ocrx_word' id='word_1_270' title='bbox 1211 3275 1342 3314; x_wconf 83' lang='lat' dir='ltr'><strong>regem</strong></span> <span class='ocrx_word' id='word_1_271' title='bbox 1362 3265 1527 3304; x_wconf 86' lang='lat' dir='ltr'><strong>Alorum</strong></span> 
     </span>
     <span class='ocr_line' id='line_1_40' title="bbox 229 3326 1527 3377; baseline 0.001 -11"><span class='ocrx_word' id='word_1_272' title='bbox 229 3339 252 3366; x_wconf 83' lang='lat' dir='ltr'><strong>e</strong></span> <span class='ocrx_word' id='word_1_273' title='bbox 272 3326 473 3377; x_wconf 82' lang='lat' dir='ltr'><strong>Babylone</strong></span> <span class='ocrx_word' id='word_1_274' title='bbox 491 3326 737 3366; x_wconf 76' lang='lat' dir='ltr'><strong>Chaldaeum.</strong></span> <span class='ocrx_word' id='word_1_275' title='bbox 762 3327 868 3367; x_wconf 85' lang='lat' dir='ltr'><strong>Saris</strong></span> <span class='ocrx_word' id='word_1_276' title='bbox 886 3338 979 3367; x_wconf 89' lang='lat' dir='ltr'><strong>vero</strong></span> <span class='ocrx_word' id='word_1_277' title='bbox 994 3327 1133 3366; x_wconf 90' lang='lat' dir='ltr'><strong>decem</strong></span> <span class='ocrx_word' id='word_1_278' title='bbox 1146 3338 1340 3377; x_wconf 81' lang='lat' dir='ltr'><strong>regnasse,</strong></span> <span class='ocrx_word' id='word_1_279' title='bbox 1360 3338 1407 3367; x_wconf 86' lang='lat' dir='ltr'><strong>ac</strong></span> <span class='ocrx_word' id='word_1_280' title='bbox 1422 3328 1527 3368; x_wconf 90' lang='lat' dir='ltr'><strong>dein·</strong></span> 
     </span>
     <span class='ocr_line' id='line_1_41' title="bbox 229 3381 1527 3441; baseline 0.002 -12"><span class='ocrx_word' id='word_1_281' title='bbox 229 3402 320 3441; x_wconf 89' lang='lat' dir='ltr'><strong>ceps</strong></span> <span class='ocrx_word' id='word_1_282' title='bbox 347 3390 559 3440; x_wconf 84' lang='lat' dir='ltr'><strong>Alaparum</strong></span> <span class='ocrx_word' id='word_1_283' title='bbox 584 3392 624 3430; x_wconf 90' lang='lat' dir='ltr'><strong>et</strong></span> <span class='ocrx_word' id='word_1_284' title='bbox 650 3390 878 3430; x_wconf 82' lang='lat' dir='ltr'><strong>Amelonem</strong></span> <span class='ocrx_word' id='word_1_285' title='bbox 904 3402 955 3431; x_wconf 78' lang='lat' dir='ltr'><strong>ex</strong></span> <span class='ocrx_word' id='word_1_286' title='bbox 984 3390 1232 3431; x_wconf 85' lang='lat' dir='ltr'><strong>Pantibibliis</strong></span> <span class='ocrx_word' id='word_1_287' title='bbox 1249 3421 1260 3441; x_wconf 94' lang='lat'><strong>,</strong></span> <span class='ocrx_word' id='word_1_288' title='bbox 1283 3381 1527 3432; x_wconf 73' lang='lat' dir='ltr'><strong>tum&#39;Chal-</strong></span> 
     </span>
     <span class='ocr_line' id='line_1_42' title="bbox 229 3456 1522 3507; baseline -0.001 -11"><span class='ocrx_word' id='word_1_289' title='bbox 229 3458 362 3497; x_wconf 79' lang='lat' dir='ltr'><strong>daeum</strong></span> <span class='ocrx_word' id='word_1_290' title='bbox 393 3464 679 3496; x_wconf 86' lang='lat' dir='ltr'><strong>Ammenonem</strong></span> <span class='ocrx_word' id='word_1_291' title='bbox 694 3485 705 3504; x_wconf 93' lang='lat'><strong>,</strong></span> <span class='ocrx_word' id='word_1_292' title='bbox 727 3456 841 3506; x_wconf 86' lang='lat' dir='ltr'><strong>cujus</strong></span> <span class='ocrx_word' id='word_1_293' title='bbox 866 3458 1102 3507; x_wconf 81' lang='lat' dir='ltr'><strong>tempestate</strong></span> <span class='ocrx_word' id='word_1_294' title='bbox 1119 3456 1406 3496; x_wconf 84' lang='lat' dir='ltr'><strong>exsecrandum</strong></span> <span class='ocrx_word' id='word_1_295' title='bbox 1428 3457 1522 3507; x_wconf 84' lang='lat' dir='ltr'><strong>(se-</strong></span> 
     </span>
     <span class='ocr_line' id='line_1_43' title="bbox 230 3521 1530 3572; baseline -0.001 -11"><span class='ocrx_word' id='word_1_296' title='bbox 230 3523 442 3572; x_wconf 82' lang='lat' dir='ltr'><strong>cundum)</strong></span> <span class='ocrx_word' id='word_1_297' title='bbox 473 3524 680 3570; x_wconf 85' lang='lat' dir='ltr'><strong>oannem,</strong></span> <span class='ocrx_word' id='word_1_298' title='bbox 699 3522 974 3572; x_wconf 81' lang='lat' dir='ltr'><strong>Annedotuni,</strong></span> <span class='ocrx_word' id='word_1_299' title='bbox 993 3533 1016 3562; x_wconf 90' lang='lat' dir='ltr'><strong>e</strong></span> <span class='ocrx_word' id='word_1_300' title='bbox 1043 3522 1143 3561; x_wconf 89' lang='lat' dir='ltr'><strong>mari</strong></span> <span class='ocrx_word' id='word_1_301' title='bbox 1173 3521 1310 3562; x_wconf 88' lang='lat' dir='ltr'><strong>Rubro</strong></span> <span class='ocrx_word' id='word_1_302' title='bbox 1339 3521 1530 3572; x_wconf 83' lang='lat' dir='ltr'><strong>prodiisse</strong></span> 
     </span>
     <span class='ocr_line' id='line_1_44' title="bbox 232 3581 1530 3636; baseline -0.001 -10"><span class='ocrx_word' id='word_1_303' title='bbox 232 3587 379 3636; x_wconf 84' lang='lat' dir='ltr'><strong>(quem</strong></span> <span class='ocrx_word' id='word_1_304' title='bbox 409 3585 630 3625; x_wconf 80' lang='lat' dir='ltr'><strong>Alexander</strong></span> <span class='ocrx_word' id='word_1_305' title='bbox 654 3587 929 3636; x_wconf 73' lang='lat' dir='ltr'><strong>praeoccupato</strong></span> <span class='ocrx_word' id='word_1_306' title='bbox 960 3581 1137 3636; x_wconf 83' lang='lat' dir='ltr'><strong>tempore</strong></span> <span class='ocrx_word' id='word_1_307' title='bbox 1158 3596 1263 3626; x_wconf 88' lang='lat' dir='ltr'><strong>anno</strong></span> <span class='ocrx_word' id='word_1_308' title='bbox 1289 3586 1441 3636; x_wconf 89' lang='lat' dir='ltr'><strong>primo,</strong></span> <span class='ocrx_word' id='word_1_309' title='bbox 1465 3586 1530 3625; x_wconf 89' lang='lat' dir='ltr'><strong>hic</strong></span> 
     </span>
     <span class='ocr_line' id='line_1_45' title="bbox 233 3646 1529 3700; baseline -0.001 -11"><span class='ocrx_word' id='word_1_310' title='bbox 233 3646 368 3690; x_wconf 78' lang='lat' dir='ltr'><strong>autem</strong></span> <span class='ocrx_word' id='word_1_311' title='bbox 385 3648 538 3689; x_wconf 84' lang='lat' dir='ltr'><strong>exactis</strong></span> <span class='ocrx_word' id='word_1_312' title='bbox 551 3648 810 3699; x_wconf 82' lang='lat' dir='ltr'><strong>quadraginta</strong></span> <span class='ocrx_word' id='word_1_313' title='bbox 828 3650 947 3699; x_wconf 87' lang='lat' dir='ltr'><strong>Saris,</strong></span> <span class='ocrx_word' id='word_1_314' title='bbox 966 3650 1178 3700; x_wconf 82' lang='lat' dir='ltr'><strong>Abydenus</strong></span> <span class='ocrx_word' id='word_1_315' title='bbox 1193 3661 1288 3690; x_wconf 86' lang='lat' dir='ltr'><strong>vero</strong></span> <span class='ocrx_word' id='word_1_316' title='bbox 1308 3649 1529 3689; x_wconf 86' lang='lat' dir='ltr'><strong>secundum</strong></span> 
     </span>
     <span class='ocr_line' id='line_1_46' title="bbox 231 3713 1527 3764; baseline -0.001 -11"><span class='ocrx_word' id='word_1_317' title='bbox 231 3713 485 3753; x_wconf 81' lang='lat' dir='ltr'><strong>Annedotum</strong></span> <span class='ocrx_word' id='word_1_318' title='bbox 509 3715 597 3763; x_wconf 89' lang='lat' dir='ltr'><strong>post</strong></span> <span class='ocrx_word' id='word_1_319' title='bbox 616 3715 733 3752; x_wconf 89' lang='lat' dir='ltr'><strong>Saros</strong></span> <span class='ocrx_word' id='word_1_320' title='bbox 760 3713 898 3762; x_wconf 81' lang='lat' dir='ltr'><strong>viginti</strong></span> <span class='ocrx_word' id='word_1_321' title='bbox 913 3724 983 3752; x_wconf 84' lang='lat' dir='ltr'><strong>sex</strong></span> <span class='ocrx_word' id='word_1_322' title='bbox 1004 3713 1133 3753; x_wconf 85' lang='lat' dir='ltr'><strong>visum</strong></span> <span class='ocrx_word' id='word_1_323' title='bbox 1157 3724 1242 3754; x_wconf 88' lang='lat' dir='ltr'><strong>esse</strong></span> <span class='ocrx_word' id='word_1_324' title='bbox 1267 3713 1496 3764; x_wconf 85' lang='lat' dir='ltr'><strong>affirmant)</strong></span> <span class='ocrx_word' id='word_1_325' title='bbox 1516 3729 1527 3753; x_wconf 72' lang='grc' dir='ltr'>ι</span> 
     </span>
     <span class='ocr_line' id='line_1_47' title="bbox 232 3776 1530 3826; baseline 0 -10"><span class='ocrx_word' id='word_1_326' title='bbox 232 3783 319 3816; x_wconf 72' lang='lat' dir='ltr'><strong>tum</strong></span> <span class='ocrx_word' id='word_1_327' title='bbox 356 3776 595 3826; x_wconf 83' lang='lat' dir='ltr'><strong>Megalarum</strong></span> <span class='ocrx_word' id='word_1_328' title='bbox 623 3786 672 3815; x_wconf 86' lang='lat' dir='ltr'><strong>cx</strong></span> <span class='ocrx_word' id='word_1_329' title='bbox 706 3776 1019 3815; x_wconf 86' lang='lat' dir='ltr'><strong>Pantibiblorum</strong></span> <span class='ocrx_word' id='word_1_330' title='bbox 1050 3777 1146 3816; x_wconf 89' lang='lat' dir='ltr'><strong>urbe</strong></span> <span class='ocrx_word' id='word_1_331' title='bbox 1175 3777 1283 3817; x_wconf 82' lang='lat' dir='ltr'><strong>saris</strong></span> <span class='ocrx_word' id='word_1_332' title='bbox 1309 3777 1530 3817; x_wconf 86' lang='lat' dir='ltr'><strong>octodecim</strong></span> 
     </span>
     <span class='ocr_line' id='line_1_48' title="bbox 236 3839 1531 3890; baseline 0.001 -11"><span class='ocrx_word' id='word_1_333' title='bbox 236 3851 416 3890; x_wconf 82' lang='lat' dir='ltr'><strong>regnasse</strong></span> <span class='ocrx_word' id='word_1_334' title='bbox 431 3870 442 3890; x_wconf 90' lang='lat'>‚</span> <span class='ocrx_word' id='word_1_335' title='bbox 461 3842 724 3890; x_wconf 89' lang='lat' dir='ltr'><strong>Daonumque</strong></span> <span class='ocrx_word' id='word_1_336' title='bbox 743 3850 793 3878; x_wconf 87' lang='lat' dir='ltr'><strong>ex</strong></span> <span class='ocrx_word' id='word_1_337' title='bbox 810 3839 1041 3879; x_wconf 84' lang='lat' dir='ltr'><strong>Pantibiblis</strong></span> <span class='ocrx_word' id='word_1_338' title='bbox 1057 3843 1254 3890; x_wconf 85' lang='lat' dir='ltr'><strong>pastorem</strong></span> <span class='ocrx_word' id='word_1_339' title='bbox 1273 3841 1377 3880; x_wconf 85' lang='lat' dir='ltr'><strong>Saris</strong></span> <span class='ocrx_word' id='word_1_340' title='bbox 1392 3841 1531 3880; x_wconf 89' lang='lat' dir='ltr'><strong>decem</strong></span> 
     </span>
     <span class='ocr_line' id='line_1_49' title="bbox 232 3903 1531 3955; baseline 0.001 -12"><span class='ocrx_word' id='word_1_341' title='bbox 232 3904 274 3943; x_wconf 80' lang='lat' dir='ltr'><strong>in</strong></span> <span class='ocrx_word' id='word_1_342' title='bbox 294 3904 459 3954; x_wconf 87' lang='lat' dir='ltr'><strong>imperio</strong></span> <span class='ocrx_word' id='word_1_343' title='bbox 482 3903 736 3951; x_wconf 86' lang='lat' dir='ltr'><strong>successisse;</strong></span> <span class='ocrx_word' id='word_1_344' title='bbox 764 3913 811 3941; x_wconf 89' lang='lat' dir='ltr'><strong>ac</strong></span> <span class='ocrx_word' id='word_1_345' title='bbox 831 3903 936 3953; x_wconf 76' lang='lat' dir='ltr'><strong>ejuS,</strong></span> <span class='ocrx_word' id='word_1_346' title='bbox 965 3904 1117 3954; x_wconf 88' lang='lat' dir='ltr'><strong>inquit,</strong></span> <span class='ocrx_word' id='word_1_347' title='bbox 1134 3906 1336 3954; x_wconf 86' lang='lat' dir='ltr'><strong>tempore,</strong></span> <span class='ocrx_word' id='word_1_348' title='bbox 1367 3906 1531 3955; x_wconf 84' lang='lat' dir='ltr'><strong>quartus</strong></span> 
     </span>
     <span class='ocr_line' id='line_1_50' title="bbox 235 3968 1531 4019; baseline 0.002 -10"><span class='ocrx_word' id='word_1_349' title='bbox 235 3970 463 4009; x_wconf 74' lang='lat' dir='ltr'><strong>Aunedotus</strong></span> <span class='ocrx_word' id='word_1_350' title='bbox 474 3969 611 4008; x_wconf 85' lang='lat' dir='ltr'><strong>eadem</strong></span> <span class='ocrx_word' id='word_1_351' title='bbox 629 3968 824 4019; x_wconf 82' lang='lat' dir='ltr'><strong>prioribus</strong></span> <span class='ocrx_word' id='word_1_352' title='bbox 842 3968 981 4018; x_wconf 78' lang='lat' dir='ltr'><strong>forma,</strong></span> <span class='ocrx_word' id='word_1_353' title='bbox 1000 3969 1185 4009; x_wconf 76' lang='lat' dir='ltr'><strong>humanae</strong></span> <span class='ocrx_word' id='word_1_354' title='bbox 1200 3970 1387 4009; x_wconf 87' lang='lat' dir='ltr'><strong>nimirum</strong></span> <span class='ocrx_word' id='word_1_355' title='bbox 1404 3971 1531 4011; x_wconf 81' lang='lat' dir='ltr'><strong>mixta</strong></span> 
     </span>
     <span class='ocr_line' id='line_1_51' title="bbox 235 4031 1530 4083; baseline 0.002 -12"><span class='ocrx_word' id='word_1_356' title='bbox 235 4033 350 4081; x_wconf 78' lang='lat' dir='ltr'><strong>piscis</strong></span> <span class='ocrx_word' id='word_1_357' title='bbox 379 4033 530 4083; x_wconf 88' lang='lat' dir='ltr'><strong>specie,</strong></span> <span class='ocrx_word' id='word_1_358' title='bbox 554 4043 576 4072; x_wconf 92' lang='lat' dir='ltr'><strong>e</strong></span> <span class='ocrx_word' id='word_1_359' title='bbox 603 4033 703 4071; x_wconf 86' lang='lat' dir='ltr'><strong>mari</strong></span> <span class='ocrx_word' id='word_1_360' title='bbox 734 4032 870 4072; x_wconf 86' lang='lat' dir='ltr'><strong>Rubro</strong></span> <span class='ocrx_word' id='word_1_361' title='bbox 891 4031 1063 4082; x_wconf 87' lang='lat' dir='ltr'><strong>prodiit:</strong></span> <span class='ocrx_word' id='word_1_362' title='bbox 1096 4032 1205 4072; x_wconf 86' lang='lat' dir='ltr'><strong>addit</strong></span> <span class='ocrx_word' id='word_1_363' title='bbox 1231 4033 1296 4072; x_wconf 87' lang='lat' dir='ltr'><strong>ille</strong></span> <span class='ocrx_word' id='word_1_364' title='bbox 1325 4034 1530 4074; x_wconf 87' lang='lat' dir='ltr'><strong>Euedora-</strong></span> 
     </span>
     <span class='ocr_line' id='line_1_52' title="bbox 234 4095 1528 4148; baseline 0.002 -13"><span class='ocrx_word' id='word_1_365' title='bbox 234 4097 356 4136; x_wconf 86' lang='lat' dir='ltr'><strong>chum</strong></span> <span class='ocrx_word' id='word_1_366' title='bbox 380 4108 432 4136; x_wconf 79' lang='lat' dir='ltr'><strong>ex</strong></span> <span class='ocrx_word' id='word_1_367' title='bbox 457 4096 689 4136; x_wconf 86' lang='lat' dir='ltr'><strong>Pantibiblis</strong></span> <span class='ocrx_word' id='word_1_368' title='bbox 704 4095 808 4136; x_wconf 89' lang='lat' dir='ltr'><strong>Saris</strong></span> <span class='ocrx_word' id='word_1_369' title='bbox 823 4095 1041 4135; x_wconf 86' lang='lat' dir='ltr'><strong>octodecim</strong></span> <span class='ocrx_word' id='word_1_370' title='bbox 1058 4097 1307 4145; x_wconf 82' lang='lat' dir='ltr'><strong>tyrannidem</strong></span> <span class='ocrx_word' id='word_1_371' title='bbox 1326 4097 1528 4148; x_wconf 90' lang='lat' dir='ltr'><strong>adeptum,</strong></span> 
     </span>
     <span class='ocr_line' id='line_1_53' title="bbox 235 4160 1531 4212; baseline 0 -10"><span class='ocrx_word' id='word_1_372' title='bbox 235 4175 282 4202; x_wconf 77' lang='lat' dir='ltr'><strong>ac</strong></span> <span class='ocrx_word' id='word_1_373' title='bbox 301 4174 349 4202; x_wconf 87' lang='lat' dir='ltr'><strong>eo</strong></span> <span class='ocrx_word' id='word_1_374' title='bbox 365 4161 595 4202; x_wconf 86' lang='lat' dir='ltr'><strong>moderante</strong></span> <span class='ocrx_word' id='word_1_375' title='bbox 621 4161 744 4201; x_wconf 84' lang='lat' dir='ltr'><strong>alium</strong></span> <span class='ocrx_word' id='word_1_376' title='bbox 767 4161 939 4212; x_wconf 85' lang='lat' dir='ltr'><strong>pristinis</strong></span> <span class='ocrx_word' id='word_1_377' title='bbox 954 4171 1089 4211; x_wconf 89' lang='lat' dir='ltr'><strong>parem</strong></span> <span class='ocrx_word' id='word_1_378' title='bbox 1107 4160 1120 4210; x_wconf 92' lang='lat'><strong>(</strong></span> <span class='ocrx_word' id='word_1_379' title='bbox 1135 4172 1279 4201; x_wconf 91' lang='lat' dir='ltr'><strong>nomen</strong></span> <span class='ocrx_word' id='word_1_380' title='bbox 1296 4164 1429 4202; x_wconf 90' lang='lat' dir='ltr'><strong>autem</strong></span> <span class='ocrx_word' id='word_1_381' title='bbox 1446 4165 1531 4202; x_wconf 85' lang='lat' dir='ltr'><strong>erat</strong></span> 
     </span>
     <span class='ocr_line' id='line_1_54' title="bbox 236 4225 1528 4277; baseline 0.003 -14"><span class='ocrx_word' id='word_1_382' title='bbox 236 4225 422 4273; x_wconf 85' lang='lat' dir='ltr'><strong>Odacon)</strong></span> <span class='ocrx_word' id='word_1_383' title='bbox 440 4256 451 4275; x_wconf 92' lang='lat'><strong>,</strong></span> <span class='ocrx_word' id='word_1_384' title='bbox 478 4226 519 4265; x_wconf 90' lang='lat' dir='ltr'><strong>in</strong></span> <span class='ocrx_word' id='word_1_385' title='bbox 538 4236 619 4277; x_wconf 86' lang='lat' dir='ltr'><strong>quo</strong></span> <span class='ocrx_word' id='word_1_386' title='bbox 646 4226 763 4276; x_wconf 86' lang='lat' dir='ltr'><strong>piscis</strong></span> <span class='ocrx_word' id='word_1_387' title='bbox 782 4225 831 4265; x_wconf 90' lang='lat' dir='ltr'><strong>ad</strong></span> <span class='ocrx_word' id='word_1_388' title='bbox 863 4226 1068 4265; x_wconf 88' lang='lat' dir='ltr'><strong>hominem</strong></span> <span class='ocrx_word' id='word_1_389' title='bbox 1088 4237 1167 4265; x_wconf 88' lang='lat' dir='ltr'><strong>una</strong></span> <span class='ocrx_word' id='word_1_390' title='bbox 1188 4227 1261 4266; x_wconf 80' lang='lat' dir='ltr'><strong>suit</strong></span> <span class='ocrx_word' id='word_1_391' title='bbox 1280 4227 1528 4277; x_wconf 86' lang='lat' dir='ltr'><strong>conjunctio,</strong></span> 
     </span>
     <span class='ocr_line' id='line_1_55' title="bbox 240 4289 1528 4331; baseline 0.002 -4"><span class='ocrx_word' id='word_1_392' title='bbox 240 4298 396 4328; x_wconf 81' lang='lat' dir='ltr'><strong>rursum</strong></span> <span class='ocrx_word' id='word_1_393' title='bbox 414 4300 435 4329; x_wconf 88' lang='lat' dir='ltr'><strong>e</strong></span> <span class='ocrx_word' id='word_1_394' title='bbox 455 4289 551 4328; x_wconf 83' lang='lat' dir='ltr'><strong>mari</strong></span> <span class='ocrx_word' id='word_1_395' title='bbox 573 4289 708 4330; x_wconf 86' lang='lat' dir='ltr'><strong>Rubro</strong></span> <span class='ocrx_word' id='word_1_396' title='bbox 728 4290 943 4331; x_wconf 82' lang='lat' dir='ltr'><strong>emersisse.</strong></span> <span class='ocrx_word' id='word_1_397' title='bbox 968 4291 1116 4330; x_wconf 87' lang='lat' dir='ltr'><strong>Omnes</strong></span> <span class='ocrx_word' id='word_1_398' title='bbox 1142 4290 1236 4330; x_wconf 86' lang='lat' dir='ltr'><strong>istos</strong></span> <span class='ocrx_word' id='word_1_399' title='bbox 1258 4293 1400 4330; x_wconf 79' lang='lat' dir='ltr'><strong>cuncta</strong></span> <span class='ocrx_word' id='word_1_400' title='bbox 1421 4302 1528 4330; x_wconf 89' lang='lat' dir='ltr'><strong>sum·</strong></span> 
     </span>
    </p>
   </div>
   <div class='ocr_carea' id='block_1_10' title="bbox 1272 306 2878 479">
    <p class='ocr_par' dir='ltr' id='par_1_10' title="bbox 1272 306 2975 478">
     <span class='ocr_line' id='line_1_56' title="bbox 1272 306 1834 358; baseline 0.006 -3"><span class='ocrx_word' id='word_1_401' title='bbox 1272 306 1495 356; x_wconf 82' lang='lat' dir='ltr'><strong>BEROSI</strong></span> <span class='ocrx_word' id='word_1_402' title='bbox 1532 307 1834 358; x_wconf 85' lang='lat' dir='ltr'><strong>CHALDAEI</strong></span> 
     </span>
     <span class='ocr_line' id='line_1_57' title="bbox 1587 411 2878 479; baseline 0.004 -19"><span class='ocrx_word' id='word_1_403' title='bbox 1587 416 1610 460; x_wconf 83' lang='grc' dir='ltr'>ὁ</span> <span class='ocrx_word' id='word_1_404' title='bbox 1634 411 1679 460; x_wconf 84' lang='grc' dir='ltr'><strong>δὲ</strong></span> <span class='ocrx_word' id='word_1_405' title='bbox 1712 412 1939 473; x_wconf 75' lang='grc' dir='ltr'>Ἀὅυδηνὸς</span> <span class='ocrx_word' id='word_1_406' title='bbox 1965 414 2045 476; x_wconf 88' lang='lat' dir='ltr'><strong>(fr.</strong></span> <span class='ocrx_word' id='word_1_407' title='bbox 2078 414 2125 473; x_wconf 86' lang='lat'><strong>1)</strong></span> <span class='ocrx_word' id='word_1_408' title='bbox 2157 413 2227 461; x_wconf 80' lang='grc' dir='ltr'>τὸν</span> <span class='ocrx_word' id='word_1_409' title='bbox 2259 412 2453 478; x_wconf 85' lang='grc' dir='ltr'>δεύτερον</span> <span class='ocrx_word' id='word_1_410' title='bbox 2485 413 2743 471; x_wconf 77' lang='grc' dir='ltr'>Ἀννήδωτον</span> <span class='ocrx_word' id='word_1_411' title='bbox 2767 414 2878 479; x_wconf 62' lang='grc' dir='ltr'>μετὰ</span> 
     </span>
    </p>
   </div>
   <div class='ocr_carea' id='block_1_11' title="bbox 1543 437 1553 578">
    <p class='ocr_par' dir='ltr' id='par_1_11' title="bbox 1543 437 1553 578">
     <span class='ocr_line' id='line_1_58' title="bbox 1543 437 1553 578; baseline 0 3964"><span class='ocrx_word' id='word_1_412' title='bbox 1543 437 1553 578; x_wconf 95' lang='lat' dir='ltr'><strong> </strong></span> 
     </span>
    </p>
   </div>
   <div class='ocr_carea' id='block_1_12' title="bbox 1547 579 1555 752">
    <p class='ocr_par' dir='ltr' id='par_1_12' title="bbox 1547 579 1555 752">
     <span class='ocr_line' id='line_1_59' title="bbox 1547 579 1555 752; baseline 0 3790"><span class='ocrx_word' id='word_1_413' title='bbox 1547 579 1555 752; x_wconf 95' lang='lat' dir='ltr'><strong> </strong></span> 
     </span>
    </p>
   </div>
   <div class='ocr_carea' id='block_1_13' title="bbox 1548 700 2958 770">
    <p class='ocr_par' dir='ltr' id='par_1_13' title="bbox 1548 700 2958 770">
     <span class='ocr_line' id='line_1_60' title="bbox 1548 700 2958 770; baseline 0.003 -22"><span class='ocrx_word' id='word_1_414' title='bbox 1548 753 1552 756; x_wconf 53' lang='grc'>,</span> <span class='ocrx_word' id='word_1_415' title='bbox 1587 702 1740 748; x_wconf 78' lang='grc' dir='ltr'>λεῦσαι</span> <span class='ocrx_word' id='word_1_416' title='bbox 1764 700 1918 767; x_wconf 86' lang='grc' dir='ltr'>σάρους</span> <span class='ocrx_word' id='word_1_417' title='bbox 1937 702 2059 752; x_wconf 84' lang='grc' dir='ltr'><strong>δέκα.</strong></span> <span class='ocrx_word' id='word_1_418' title='bbox 2095 702 2223 767; x_wconf 83' lang='grc' dir='ltr'>Κατὰ</span> <span class='ocrx_word' id='word_1_419' title='bbox 2241 706 2386 750; x_wconf 76' lang='grc' dir='ltr'>τοῦτον</span> <span class='ocrx_word' id='word_1_420' title='bbox 2413 702 2544 752; x_wconf 79' lang='grc' dir='ltr'>πάλιν</span> <span class='ocrx_word' id='word_1_421' title='bbox 2565 704 2671 770; x_wconf 73' lang='grc' dir='ltr'>φησὶ</span> <span class='ocrx_word' id='word_1_422' title='bbox 2695 707 2882 770; x_wconf 77' lang='grc' dir='ltr'>φανῆναι</span> <span class='ocrx_word' id='word_1_423' title='bbox 2944 733 2958 757; x_wconf 72' lang='grc'><strong>,;</strong></span> 
     </span>
    </p>
   </div>
   <div class='ocr_carea' id='block_1_14' title="bbox 1547 758 1555 1023">
    <p class='ocr_par' dir='ltr' id='par_1_14' title="bbox 1547 758 1555 1023">
     <span class='ocr_line' id='line_1_61' title="bbox 1547 758 1555 1023; baseline 0 3519"><span class='ocrx_word' id='word_1_424' title='bbox 1547 758 1555 1023; x_wconf 95' lang='lat' dir='ltr'><strong> </strong></span> 
     </span>
    </p>
   </div>
   <div class='ocr_carea' id='block_1_15' title="bbox 1549 1024 1555 1167">
    <p class='ocr_par' dir='ltr' id='par_1_15' title="bbox 1549 1024 1555 1167">
     <span class='ocr_line' id='line_1_62' title="bbox 1549 1024 1555 1167; baseline 0 3375"><span class='ocrx_word' id='word_1_425' title='bbox 1549 1024 1555 1167; x_wconf 95' lang='lat' dir='ltr'><strong> </strong></span> 
     </span>
    </p>
   </div>
   <div class='ocr_carea' id='block_1_16' title="bbox 1550 1170 1556 1342">
    <p class='ocr_par' dir='ltr' id='par_1_16' title="bbox 1550 1170 1556 1342">
     <span class='ocr_line' id='line_1_63' title="bbox 1550 1170 1556 1342; baseline 0 3200"><span class='ocrx_word' id='word_1_426' title='bbox 1550 1170 1556 1342; x_wconf 95' lang='lat' dir='ltr'><strong> </strong></span> 
     </span>
    </p>
   </div>
   <div class='ocr_carea' id='block_1_17' title="bbox 1551 1344 1557 1501">
    <p class='ocr_par' dir='ltr' id='par_1_17' title="bbox 1551 1344 1557 1501">
     <span class='ocr_line' id='line_1_64' title="bbox 1551 1344 1557 1501; baseline 0 3041"><span class='ocrx_word' id='word_1_427' title='bbox 1551 1344 1557 1501; x_wconf 95' lang='lat' dir='ltr'><strong> </strong></span> 
     </span>
    </p>
   </div>
   <div class='ocr_carea' id='block_1_18' title="bbox 1588 483 2976 643">
    <p class='ocr_par' dir='ltr' id='par_1_18' title="bbox 1588 483 2976 643">
     <span class='ocr_line' id='line_1_65' title="bbox 1589 483 2976 550; baseline 0.007 -20"><span class='ocrx_word' id='word_1_428' title='bbox 1589 483 1744 549; x_wconf 78' lang='grc' dir='ltr'>σάρους</span> <span class='ocrx_word' id='word_1_429' title='bbox 1765 485 1922 533; x_wconf 86' lang='grc' dir='ltr'>εἴκοσιν</span> <span class='ocrx_word' id='word_1_430' title='bbox 1949 484 2019 541; x_wconf 78' lang='grc' dir='ltr'><strong>ἕξ·</strong></span> <span class='ocrx_word' id='word_1_431' title='bbox 2034 487 2053 550; x_wconf 88' lang='grc'>]</span> <span class='ocrx_word' id='word_1_432' title='bbox 2080 491 2172 533; x_wconf 78' lang='grc' dir='ltr'>εἶτα</span> <span class='ocrx_word' id='word_1_433' title='bbox 2194 485 2454 550; x_wconf 83' lang='grc' dir='ltr'>Μεγάλαρον</span> <span class='ocrx_word' id='word_1_434' title='bbox 2489 489 2538 536; x_wconf 80' lang='grc' dir='ltr'><strong>ἐκ</strong></span> <span class='ocrx_word' id='word_1_435' title='bbox 2571 488 2878 538; x_wconf 70' lang='grc' dir='ltr'>Παντιὸίὸλων</span> <span class='ocrx_word' id='word_1_436' title='bbox 2935 492 2976 548; x_wconf 48' lang='grc' dir='ltr'><strong>ῥ’</strong></span> 
     </span>
     <span class='ocr_line' id='line_1_66' title="bbox 1588 554 2880 622; baseline 0.005 -21"><span class='ocrx_word' id='word_1_437' title='bbox 1588 554 1782 619; x_wconf 81' lang='grc' dir='ltr'>πόλεως,</span> <span class='ocrx_word' id='word_1_438' title='bbox 1800 559 2101 619; x_wconf 76' lang='grc' dir='ltr'>βασιλεῦσαι</span> <span class='ocrx_word' id='word_1_439' title='bbox 2078 561 2114 605; x_wconf 85' lang='lat'><em>0</em></span> <span class='ocrx_word' id='word_1_440' title='bbox 2142 557 2269 605; x_wconf 81' lang='grc' dir='ltr'>αὐτὸν</span> <span class='ocrx_word' id='word_1_441' title='bbox 2296 556 2450 622; x_wconf 82' lang='grc' dir='ltr'>σάρους</span> <span class='ocrx_word' id='word_1_442' title='bbox 2466 560 2785 608; x_wconf 81' lang='grc' dir='ltr'>ὀκτωκαίδεκα·</span> <span class='ocrx_word' id='word_1_443' title='bbox 2805 561 2880 608; x_wconf 74' lang='grc' dir='ltr'>καὶ</span> 
     </span>
     <span class='ocr_line' id='line_1_67' title="bbox 2930 628 2975 643; baseline 0 -13"><span class='ocrx_word' id='word_1_444' title='bbox 2930 628 2975 643; x_wconf 68' lang='grc'><strong>.,</strong></span> 
     </span>
    </p>
   </div>
   <div class='ocr_carea' id='block_1_19' title="bbox 2874 511 3008 4262">
    <p class='ocr_par' dir='ltr' id='par_1_19' title="bbox 2874 511 3008 4262">
     <span class='ocr_line' id='line_1_68' title="bbox 2926 511 3008 728; baseline 0 -74"><span class='ocrx_word' id='word_1_445' title='bbox 2926 511 3008 728; x_wconf 95' lang='lat' dir='ltr'><strong>   </strong></span> 
     </span>
     <span class='ocr_line' id='line_1_69' title="bbox 2928 728 3008 804; baseline 0 3738"><span class='ocrx_word' id='word_1_446' title='bbox 2928 728 3008 804; x_wconf 95' lang='lat' dir='ltr'><strong> </strong></span> 
     </span>
     <span class='ocr_line' id='line_1_70' title="bbox 2931 804 3008 875; baseline 0 3667"><span class='ocrx_word' id='word_1_447' title='bbox 2931 804 3008 875; x_wconf 95' lang='lat' dir='ltr'><strong> </strong></span> 
     </span>
     <span class='ocr_line' id='line_1_71' title="bbox 2933 875 3008 949; baseline 0 3593"><span class='ocrx_word' id='word_1_448' title='bbox 2933 875 3008 949; x_wconf 95' lang='lat' dir='ltr'><strong> </strong></span> 
     </span>
     <span class='ocr_line' id='line_1_72' title="bbox 2933 949 3008 1022; baseline 0 3520"><span class='ocrx_word' id='word_1_449' title='bbox 2933 949 3008 1022; x_wconf 95' lang='lat' dir='ltr'><strong> </strong></span> 
     </span>
     <span class='ocr_line' id='line_1_73' title="bbox 2934 1022 3008 1088; baseline 0 3454"><span class='ocrx_word' id='word_1_450' title='bbox 2934 1022 3008 1088; x_wconf 95' lang='lat' dir='ltr'><strong> </strong></span> 
     </span>
     <span class='ocr_line' id='line_1_74' title="bbox 2935 1088 3008 1163; baseline 0 3379"><span class='ocrx_word' id='word_1_451' title='bbox 2935 1088 3008 1163; x_wconf 95' lang='lat' dir='ltr'><strong> </strong></span> 
     </span>
     <span class='ocr_line' id='line_1_75' title="bbox 2937 1163 3008 1235; baseline 0 3307"><span class='ocrx_word' id='word_1_452' title='bbox 2937 1163 3008 1235; x_wconf 95' lang='lat' dir='ltr'><strong> </strong></span> 
     </span>
     <span class='ocr_line' id='line_1_76' title="bbox 2937 1235 3008 1308; baseline 0 3234"><span class='ocrx_word' id='word_1_453' title='bbox 2937 1235 3008 1308; x_wconf 95' lang='lat' dir='ltr'><strong> </strong></span> 
     </span>
     <span class='ocr_line' id='line_1_77' title="bbox 2937 1308 3008 1379; baseline 0 3163"><span class='ocrx_word' id='word_1_454' title='bbox 2937 1308 3008 1379; x_wconf 95' lang='lat' dir='ltr'><strong> </strong></span> 
     </span>
     <span class='ocr_line' id='line_1_78' title="bbox 2937 1379 3008 1449; baseline 0 3093"><span class='ocrx_word' id='word_1_455' title='bbox 2937 1379 3008 1449; x_wconf 95' lang='lat' dir='ltr'><strong> </strong></span> 
     </span>
     <span class='ocr_line' id='line_1_79' title="bbox 2938 1449 3008 1525; baseline 0 3017"><span class='ocrx_word' id='word_1_456' title='bbox 2938 1449 3008 1525; x_wconf 95' lang='lat' dir='ltr'><strong> </strong></span> 
     </span>
     <span class='ocr_line' id='line_1_80' title="bbox 2936 1525 3008 1594; baseline 0 2948"><span class='ocrx_word' id='word_1_457' title='bbox 2936 1525 3008 1594; x_wconf 95' lang='lat' dir='ltr'><strong> </strong></span> 
     </span>
     <span class='ocr_line' id='line_1_81' title="bbox 2936 1594 3008 1670; baseline 0 2872"><span class='ocrx_word' id='word_1_458' title='bbox 2936 1594 3008 1670; x_wconf 95' lang='lat' dir='ltr'><strong> </strong></span> 
     </span>
     <span class='ocr_line' id='line_1_82' title="bbox 2936 1670 3008 1742; baseline 0 2800"><span class='ocrx_word' id='word_1_459' title='bbox 2936 1670 3008 1742; x_wconf 95' lang='lat' dir='ltr'><strong> </strong></span> 
     </span>
     <span class='ocr_line' id='line_1_83' title="bbox 2936 1742 3008 1812; baseline 0 2730"><span class='ocrx_word' id='word_1_460' title='bbox 2936 1742 3008 1812; x_wconf 95' lang='lat' dir='ltr'><strong> </strong></span> 
     </span>
     <span class='ocr_line' id='line_1_84' title="bbox 2936 1812 3008 2128; baseline 0 -170"><span class='ocrx_word' id='word_1_461' title='bbox 2936 1812 3008 2128; x_wconf 95' lang='lat' dir='ltr'><strong>   </strong></span> 
     </span>
     <span class='ocr_line' id='line_1_85' title="bbox 2940 2252 3008 2475; baseline 0 -79"><span class='ocrx_word' id='word_1_462' title='bbox 2940 2252 3008 2475; x_wconf 95' lang='lat' dir='ltr'><strong>   </strong></span> 
     </span>
     <span class='ocr_line' id='line_1_86' title="bbox 2946 2475 3008 2543; baseline 0 1999"><span class='ocrx_word' id='word_1_463' title='bbox 2946 2475 3008 2543; x_wconf 95' lang='lat' dir='ltr'><strong> </strong></span> 
     </span>
     <span class='ocr_line' id='line_1_87' title="bbox 2950 2543 3008 2622; baseline 0 1920"><span class='ocrx_word' id='word_1_464' title='bbox 2950 2543 3008 2622; x_wconf 95' lang='lat' dir='ltr'><strong> </strong></span> 
     </span>
     <span class='ocr_line' id='line_1_88' title="bbox 2950 2622 3008 2694; baseline 0 1848"><span class='ocrx_word' id='word_1_465' title='bbox 2950 2622 3008 2694; x_wconf 95' lang='lat' dir='ltr'><strong> </strong></span> 
     </span>
     <span class='ocr_line' id='line_1_89' title="bbox 2952 2694 3008 2769; baseline 0 1773"><span class='ocrx_word' id='word_1_466' title='bbox 2952 2694 3008 2769; x_wconf 95' lang='lat' dir='ltr'><strong> </strong></span> 
     </span>
     <span class='ocr_line' id='line_1_90' title="bbox 2950 2769 3008 2843; baseline 0 1699"><span class='ocrx_word' id='word_1_467' title='bbox 2950 2769 3008 2843; x_wconf 95' lang='lat' dir='ltr'><strong> </strong></span> 
     </span>
     <span class='ocr_line' id='line_1_91' title="bbox 2948 2843 3008 2910; baseline 0 1632"><span class='ocrx_word' id='word_1_468' title='bbox 2948 2843 3008 2910; x_wconf 95' lang='lat' dir='ltr'><strong> </strong></span> 
     </span>
     <span class='ocr_line' id='line_1_92' title="bbox 2946 2910 3008 3072; baseline 0 -84"><span class='ocrx_word' id='word_1_469' title='bbox 2946 2910 3008 3072; x_wconf 95' lang='lat' dir='ltr'><strong>   </strong></span> 
     </span>
     <span class='ocr_line' id='line_1_93' title="bbox 2946 3072 3008 3304; baseline 0 -63"><span class='ocrx_word' id='word_1_470' title='bbox 2946 3072 3008 3304; x_wconf 95' lang='lat' dir='ltr'><strong>   </strong></span> 
     </span>
     <span class='ocr_line' id='line_1_94' title="bbox 2931 3304 3008 3447; baseline 0 0"><span class='ocrx_word' id='word_1_471' title='bbox 2931 3304 3008 3447; x_wconf 95' lang='lat' dir='ltr'><strong>   </strong></span> 
     </span>
     <span class='ocr_line' id='line_1_95' title="bbox 2922 3447 3008 3736; baseline 0 0"><span class='ocrx_word' id='word_1_472' title='bbox 2922 3447 3008 3736; x_wconf 95' lang='lat' dir='ltr'><strong>    </strong></span> 
     </span>
     <span class='ocr_line' id='line_1_96' title="bbox 2898 3736 3008 4040; baseline 0 -57"><span class='ocrx_word' id='word_1_473' title='bbox 2898 3736 3008 4040; x_wconf 95' lang='lat' dir='ltr'><strong>    </strong></span> 
     </span>
     <span class='ocr_line' id='line_1_97' title="bbox 2874 4040 3008 4262; baseline 0 -82"><span class='ocrx_word' id='word_1_474' title='bbox 2874 4040 3008 4262; x_wconf 95' lang='lat' dir='ltr'><strong>     </strong></span> 
     </span>
    </p>
   </div>
   <div class='ocr_carea' id='block_1_20' title="bbox 1591 627 2882 696">
    <p class='ocr_par' dir='ltr' id='par_1_20' title="bbox 1591 627 2882 696">
     <span class='ocr_line' id='line_1_98' title="bbox 1591 627 2882 696; baseline 0.005 -23"><span class='ocrx_word' id='word_1_475' title='bbox 1591 627 1701 688; x_wconf 82' lang='grc' dir='ltr'>μετὰ</span> <span class='ocrx_word' id='word_1_476' title='bbox 1739 633 1887 677; x_wconf 75' lang='grc' dir='ltr'>τοῦτον</span> <span class='ocrx_word' id='word_1_477' title='bbox 1921 629 2098 678; x_wconf 83' lang='grc' dir='ltr'>Δάωνον</span> <span class='ocrx_word' id='word_1_478' title='bbox 2124 628 2312 692; x_wconf 87' lang='grc' dir='ltr'>ποιμένα</span> <span class='ocrx_word' id='word_1_479' title='bbox 2348 632 2397 677; x_wconf 82' lang='grc' dir='ltr'><strong>ἐκ</strong></span> <span class='ocrx_word' id='word_1_480' title='bbox 2421 631 2727 687; x_wconf 74' lang='grc' dir='ltr'>Παντιὸίὸλων</span> <span class='ocrx_word' id='word_1_481' title='bbox 2751 636 2882 696; x_wconf 69' lang='grc' dir='ltr'>βασι·</span> 
     </span>
    </p>
   </div>
   <div class='ocr_carea' id='block_1_21' title="bbox 1590 772 2985 1998">
    <p class='ocr_par' dir='ltr' id='par_1_21' title="bbox 1590 772 2979 985">
     <span class='ocr_line' id='line_1_99' title="bbox 1590 772 2979 842; baseline 0.001 -23"><span class='ocrx_word' id='word_1_482' title='bbox 1590 775 1729 830; x_wconf 81' lang='grc' dir='ltr'>ἕκτης</span> <span class='ocrx_word' id='word_1_483' title='bbox 1753 772 1964 840; x_wconf 69' lang='grc' dir='ltr'>Ἐρυθρᾶς</span> <span class='ocrx_word' id='word_1_484' title='bbox 1987 775 2244 832; x_wconf 83' lang='grc' dir='ltr'>Ἀννήδωτον</span> <span class='ocrx_word' id='word_1_485' title='bbox 2262 775 2573 841; x_wconf 73' lang='grc' dir='ltr'>τέταρτον((]1.</span> <span class='ocrx_word' id='word_1_486' title='bbox 2595 778 2763 824; x_wconf 86' lang='lat' dir='ltr'><strong>Euseb.</strong></span> <span class='ocrx_word' id='word_1_487' title='bbox 2768 775 2782 842; x_wconf 89' lang='lat'>)</span> <span class='ocrx_word' id='word_1_488' title='bbox 2805 778 2882 835; x_wconf 84' lang='grc' dir='ltr'>τὴν</span> <span class='ocrx_word' id='word_1_489' title='bbox 2937 794 2940 821; x_wconf 79' lang='lat'><strong><em>1</em></strong></span> <span class='ocrx_word' id='word_1_490' title='bbox 2978 779 2979 820; x_wconf 75' lang='lat' dir='ltr'><strong>j</strong></span> 
     </span>
     <span class='ocr_line' id='line_1_100' title="bbox 1591 844 2979 914; baseline 0.004 -23"><span class='ocrx_word' id='word_1_491' title='bbox 1591 844 1725 903; x_wconf 77' lang='grc' dir='ltr'>αὐτὴν</span> <span class='ocrx_word' id='word_1_492' title='bbox 1745 853 1832 901; x_wconf 90' lang='grc' dir='ltr'>τοῖς</span> <span class='ocrx_word' id='word_1_493' title='bbox 1869 847 1956 893; x_wconf 85' lang='grc' dir='ltr'>ἄνω</span> <span class='ocrx_word' id='word_1_494' title='bbox 1991 846 2146 912; x_wconf 82' lang='grc' dir='ltr'>ἔχοντα</span> <span class='ocrx_word' id='word_1_495' title='bbox 2175 847 2290 894; x_wconf 84' lang='grc' dir='ltr'>διάθε</span> <span class='ocrx_word' id='word_1_496' title='bbox 2274 866 2360 894; x_wconf 70' lang='grc' dir='ltr'>εσιν</span> <span class='ocrx_word' id='word_1_497' title='bbox 2385 846 2460 894; x_wconf 75' lang='grc' dir='ltr'>καὶ</span> <span class='ocrx_word' id='word_1_498' title='bbox 2496 846 2575 904; x_wconf 79' lang='grc' dir='ltr'>τὴν</span> <span class='ocrx_word' id='word_1_499' title='bbox 2602 847 2746 912; x_wconf 80' lang='grc' dir='ltr'>ἰχθύος</span> <span class='ocrx_word' id='word_1_500' title='bbox 2778 867 2886 914; x_wconf 88' lang='grc' dir='ltr'>προς</span> <span class='ocrx_word' id='word_1_501' title='bbox 2943 875 2948 914; x_wconf 30' lang='lat'>2</span> <span class='ocrx_word' id='word_1_502' title='bbox 2978 909 2979 914; x_wconf 11' lang='grc' dir='ltr'><strong>Ἰ</strong></span> 
     </span>
     <span class='ocr_line' id='line_1_101' title="bbox 1591 903 2942 985; baseline 0.004 -21"><span class='ocrx_word' id='word_1_503' title='bbox 1591 916 1837 981; x_wconf 82' lang='grc' dir='ltr'>ἀνθρώπους</span> <span class='ocrx_word' id='word_1_504' title='bbox 1857 918 1985 980; x_wconf 84' lang='grc' dir='ltr'>μίξιν.</span> <span class='ocrx_word' id='word_1_505' title='bbox 2008 903 2118 968; x_wconf 67' lang='grc' dir='ltr'>Εἶτα</span> <span class='ocrx_word' id='word_1_506' title='bbox 2138 918 2262 984; x_wconf 83' lang='grc' dir='ltr'>ἄρξαι</span> <span class='ocrx_word' id='word_1_507' title='bbox 2289 919 2574 984; x_wconf 84' lang='grc' dir='ltr'>Εὐεδώραχον</span> <span class='ocrx_word' id='word_1_508' title='bbox 2593 920 2676 985; x_wconf 86' lang='lat' dir='ltr'><strong>(sic</strong></span> <span class='ocrx_word' id='word_1_509' title='bbox 2697 922 2807 969; x_wconf 87' lang='lat' dir='ltr'><strong>cod.</strong></span> <span class='ocrx_word' id='word_1_510' title='bbox 2826 927 2882 969; x_wconf 87' lang='lat' dir='ltr'><strong>A.</strong></span> <span class='ocrx_word' id='word_1_511' title='bbox 2940 933 2942 937; x_wconf 80' lang='grc'>’</span> 
     </span>
    </p>

    <p class='ocr_par' dir='ltr' id='par_1_22' title="bbox 1591 989 2985 1998">
     <span class='ocr_line' id='line_1_102' title="bbox 1591 989 2884 1056; baseline 0.002 -19"><span class='ocrx_word' id='word_1_512' title='bbox 1591 989 1898 1054; x_wconf 83' lang='grc' dir='ltr'>Εὐερώδεσχον</span> <span class='ocrx_word' id='word_1_513' title='bbox 1919 994 2059 1040; x_wconf 86' lang='lat' dir='ltr'><strong>Goar.</strong></span> <span class='ocrx_word' id='word_1_514' title='bbox 2075 992 2129 1056; x_wconf 74' lang='lat'><strong>&gt;³</strong></span> <span class='ocrx_word' id='word_1_515' title='bbox 2111 1011 2160 1039; x_wconf 87' lang='grc' dir='ltr'>εκ</span> <span class='ocrx_word' id='word_1_516' title='bbox 2187 991 2510 1054; x_wconf 67' lang='grc' dir='ltr'>Παντιὸίὸλων,</span> <span class='ocrx_word' id='word_1_517' title='bbox 2529 992 2604 1039; x_wconf 71' lang='grc' dir='ltr'>καὶ</span> <span class='ocrx_word' id='word_1_518' title='bbox 2630 994 2884 1056; x_wconf 78' lang='grc' dir='ltr'>βασιλεῦσαι</span> 
     </span>
     <span class='ocr_line' id='line_1_103' title="bbox 1591 1060 2951 1130; baseline 0.004 -23"><span class='ocrx_word' id='word_1_519' title='bbox 1591 1060 1746 1126; x_wconf 82' lang='grc' dir='ltr'>σάρους</span> <span class='ocrx_word' id='word_1_520' title='bbox 1764 1063 2074 1110; x_wconf 82' lang='grc' dir='ltr'>ὀκτωκαίδεκα.</span> <span class='ocrx_word' id='word_1_521' title='bbox 2094 1064 2200 1112; x_wconf 76' lang='grc' dir='ltr'><strong>Ἐπὶ</strong></span> <span class='ocrx_word' id='word_1_522' title='bbox 2222 1063 2373 1112; x_wconf 82' lang='grc' dir='ltr'>τούτου</span> <span class='ocrx_word' id='word_1_523' title='bbox 2388 1065 2516 1130; x_wconf 81' lang='grc' dir='ltr'>φησὶν</span> <span class='ocrx_word' id='word_1_524' title='bbox 2543 1063 2671 1112; x_wconf 86' lang='grc' dir='ltr'>ἄλλον</span> <span class='ocrx_word' id='word_1_525' title='bbox 2697 1069 2884 1130; x_wconf 74' lang='grc' dir='ltr'>φανῆναι</span> <span class='ocrx_word' id='word_1_526' title='bbox 2944 1095 2951 1107; x_wconf 19' lang='grc' dir='ltr'><strong>π,</strong></span> 
     </span>
     <span class='ocr_line' id='line_1_104' title="bbox 1591 1133 2963 1202; baseline 0.003 -22"><span class='ocrx_word' id='word_1_527' title='bbox 1591 1135 1640 1180; x_wconf 80' lang='grc' dir='ltr'><strong>ἐκ</strong></span> <span class='ocrx_word' id='word_1_528' title='bbox 1657 1137 1732 1191; x_wconf 75' lang='grc' dir='ltr'><strong>τῆς</strong></span> <span class='ocrx_word' id='word_1_529' title='bbox 1752 1133 1966 1200; x_wconf 79' lang='grc' dir='ltr'>Ἐρυθρᾶς</span> <span class='ocrx_word' id='word_1_530' title='bbox 1986 1135 2206 1195; x_wconf 84' lang='grc' dir='ltr'>θαλάσσης</span> <span class='ocrx_word' id='word_1_531' title='bbox 2227 1135 2373 1198; x_wconf 78' lang='grc' dir='ltr'>ὅμοιον</span> <span class='ocrx_word' id='word_1_532' title='bbox 2392 1134 2506 1183; x_wconf 84' lang='grc' dir='ltr'>κατὰ</span> <span class='ocrx_word' id='word_1_533' title='bbox 2525 1135 2603 1193; x_wconf 85' lang='grc' dir='ltr'>τὴν</span> <span class='ocrx_word' id='word_1_534' title='bbox 2627 1137 2770 1200; x_wconf 78' lang='grc' dir='ltr'>ἰχθύος</span> <span class='ocrx_word' id='word_1_535' title='bbox 2783 1138 2888 1202; x_wconf 76' lang='grc' dir='ltr'>πρὸς</span> <span class='ocrx_word' id='word_1_536' title='bbox 2960 1149 2963 1154; x_wconf 75' lang='grc'>’</span> 
     </span>
     <span class='ocr_line' id='line_1_105' title="bbox 1593 1199 2983 1274; baseline 0.004 -23"><span class='ocrx_word' id='word_1_537' title='bbox 1593 1204 1813 1270; x_wconf 83' lang='grc' dir='ltr'>ἄνθρωπον</span> <span class='ocrx_word' id='word_1_538' title='bbox 1828 1206 1958 1270; x_wconf 80' lang='grc' dir='ltr'>μίξιν,</span> <span class='ocrx_word' id='word_1_539' title='bbox 1979 1199 2160 1274; x_wconf 72' lang='grc' dir='ltr'>ᾧὸνομα</span> <span class='ocrx_word' id='word_1_540' title='bbox 2179 1208 2384 1256; x_wconf 84' lang='grc' dir='ltr'>Ὦδάκων</span> <span class='ocrx_word' id='word_1_541' title='bbox 2411 1207 2630 1274; x_wconf 82' lang='grc' dir='ltr'>(Ὀδᾶκων</span> <span class='ocrx_word' id='word_1_542' title='bbox 2645 1211 2703 1258; x_wconf 86' lang='lat' dir='ltr'><strong>G.</strong></span> <span class='ocrx_word' id='word_1_543' title='bbox 2718 1211 2756 1272; x_wconf 85' lang='grc'><strong>&gt;.</strong></span> <span class='ocrx_word' id='word_1_544' title='bbox 2770 1210 2887 1258; x_wconf 74' lang='grc' dir='ltr'>Τού-</span> <span class='ocrx_word' id='word_1_545' title='bbox 2951 1264 2953 1266; x_wconf 31' lang='grc'>,</span> <span class='ocrx_word' id='word_1_546' title='bbox 2980 1240 2983 1242; x_wconf 75' lang='lat'><em>,</em></span> 
     </span>
     <span class='ocr_line' id='line_1_106' title="bbox 1591 1277 2983 1346; baseline 0.002 -21"><span class='ocrx_word' id='word_1_547' title='bbox 1591 1297 1688 1332; x_wconf 85' lang='grc' dir='ltr'>τους</span> <span class='ocrx_word' id='word_1_548' title='bbox 1705 1277 1752 1326; x_wconf 91' lang='grc' dir='ltr'><strong>δέ</strong></span> <span class='ocrx_word' id='word_1_549' title='bbox 1771 1299 1876 1346; x_wconf 74' lang='grc' dir='ltr'>φησι</span> <span class='ocrx_word' id='word_1_550' title='bbox 1903 1280 2068 1334; x_wconf 86' lang='grc' dir='ltr'>πάντας</span> <span class='ocrx_word' id='word_1_551' title='bbox 2084 1278 2137 1326; x_wconf 79' lang='grc' dir='ltr'><strong>τὰ</strong></span> <span class='ocrx_word' id='word_1_552' title='bbox 2162 1279 2245 1327; x_wconf 79' lang='grc' dir='ltr'><strong>ὑπὸ</strong></span> <span class='ocrx_word' id='word_1_553' title='bbox 2272 1280 2452 1328; x_wconf 82' lang='grc' dir='ltr'>Ὠάννου</span> <span class='ocrx_word' id='word_1_554' title='bbox 2481 1281 2786 1344; x_wconf 79' lang='grc' dir='ltr'>κεφαλαιωδῶς</span> <span class='ocrx_word' id='word_1_555' title='bbox 2812 1283 2888 1346; x_wconf 84' lang='grc' dir='ltr'><strong>ῥη-</strong></span> <span class='ocrx_word' id='word_1_556' title='bbox 2927 1298 2957 1333; x_wconf 60' lang='grc' dir='ltr'><strong>,ᾗ</strong></span> <span class='ocrx_word' id='word_1_557' title='bbox 2981 1279 2983 1282; x_wconf 55' lang='grc'><strong>’</strong></span> 
     </span>
     <span class='ocr_line' id='line_1_107' title="bbox 1593 1349 2961 1428; baseline 0 -31"><span class='ocrx_word' id='word_1_558' title='bbox 1593 1349 1717 1397; x_wconf 80' lang='grc' dir='ltr'>θέντα</span> <span class='ocrx_word' id='word_1_559' title='bbox 1748 1349 1862 1398; x_wconf 82' lang='grc' dir='ltr'>κατὰ</span> <span class='ocrx_word' id='word_1_560' title='bbox 1887 1351 2012 1416; x_wconf 82' lang='grc' dir='ltr'>μέρος</span> <span class='ocrx_word' id='word_1_561' title='bbox 2044 1350 2381 1428; x_wconf 63' lang='grc' dir='ltr'><strong>ἐξηγήσασθαι.Μ</strong></span> <span class='ocrx_word' id='word_1_562' title='bbox 2402 1351 2544 1416; x_wconf 81' lang='grc' dir='ltr'>[Περὶ</span> <span class='ocrx_word' id='word_1_563' title='bbox 2577 1350 2728 1400; x_wconf 85' lang='grc' dir='ltr'>τούτου</span> <span class='ocrx_word' id='word_1_564' title='bbox 2757 1350 2891 1401; x_wconf 47' lang='lat' dir='ltr'><strong>&#39;Aeon</strong></span> <span class='ocrx_word' id='word_1_565' title='bbox 2934 1370 2961 1407; x_wconf 58' lang='grc' dir='ltr'><strong>χ</strong></span> 
     </span>
     <span class='ocr_line' id='line_1_108' title="bbox 1593 1416 2959 1491; baseline 0.002 -21"><span class='ocrx_word' id='word_1_566' title='bbox 1593 1421 1717 1480; x_wconf 83' lang='grc' dir='ltr'>δηνὸς</span> <span class='ocrx_word' id='word_1_567' title='bbox 1756 1423 1821 1486; x_wconf 85' lang='lat' dir='ltr'><strong>(fr</strong></span> <span class='ocrx_word' id='word_1_568' title='bbox 1826 1459 1838 1472; x_wconf 89' lang='lat'><strong>.</strong></span> <span class='ocrx_word' id='word_1_569' title='bbox 1886 1425 1938 1487; x_wconf 91' lang='lat'><strong>1)</strong></span> <span class='ocrx_word' id='word_1_570' title='bbox 1975 1423 2093 1471; x_wconf 75' lang='grc' dir='ltr'>οὐδὲν</span> <span class='ocrx_word' id='word_1_571' title='bbox 2130 1428 2266 1474; x_wconf 76' lang='grc' dir='ltr'>εἶπεν.</span> <span class='ocrx_word' id='word_1_572' title='bbox 2273 1426 2292 1488; x_wconf 83' lang='lat'><em>]</em></span> <span class='ocrx_word' id='word_1_573' title='bbox 2324 1416 2435 1473; x_wconf 85' lang='grc' dir='ltr'>Εἶτα</span> <span class='ocrx_word' id='word_1_574' title='bbox 2469 1423 2594 1490; x_wconf 84' lang='grc' dir='ltr'>ἄρξαι</span> <span class='ocrx_word' id='word_1_575' title='bbox 2628 1425 2890 1491; x_wconf 69' lang='grc' dir='ltr'>Ἀμεμψινὸν</span> <span class='ocrx_word' id='word_1_576' title='bbox 2947 1440 2959 1462; x_wconf 52' lang='lat' dir='ltr'><strong>ff*</strong></span> 
     </span>
     <span class='ocr_line' id='line_1_109' title="bbox 1593 1497 2951 1572; baseline 0.002 -29"><span class='ocrx_word' id='word_1_577' title='bbox 1593 1497 1817 1544; x_wconf 88' lang='grc' dir='ltr'>Χαλδαῖον</span> <span class='ocrx_word' id='word_1_578' title='bbox 1850 1497 1898 1543; x_wconf 81' lang='grc' dir='ltr'><strong>ἐκ</strong></span> <span class='ocrx_word' id='word_1_579' title='bbox 1930 1497 2200 1572; x_wconf 85' lang='grc' dir='ltr'>Λαράγχων·</span> <span class='ocrx_word' id='word_1_580' title='bbox 2231 1499 2487 1562; x_wconf 81' lang='grc' dir='ltr'>βασιλεῦσαι</span> <span class='ocrx_word' id='word_1_581' title='bbox 2510 1497 2555 1544; x_wconf 84' lang='grc' dir='ltr'><strong>δὲ</strong></span> <span class='ocrx_word' id='word_1_582' title='bbox 2589 1497 2715 1545; x_wconf 82' lang='grc' dir='ltr'>αὐτὸν</span> <span class='ocrx_word' id='word_1_583' title='bbox 2739 1497 2888 1560; x_wconf 85' lang='grc' dir='ltr'>ὄγδοον</span> <span class='ocrx_word' id='word_1_584' title='bbox 2914 1505 2923 1518; x_wconf 89' lang='lat'>&#39;</span> <span class='ocrx_word' id='word_1_585' title='bbox 2947 1551 2951 1554; x_wconf 20' lang='lat'><strong>⁴</strong></span> 
     </span>
     <span class='ocr_line' id='line_1_110' title="bbox 1594 1561 2892 1661; baseline 0.002 -46"><span class='ocrx_word' id='word_1_586' title='bbox 1594 1568 1748 1634; x_wconf 83' lang='grc' dir='ltr'>σάρους</span> <span class='ocrx_word' id='word_1_587' title='bbox 1765 1567 1883 1616; x_wconf 86' lang='grc' dir='ltr'>δέκα.</span> <span class='ocrx_word' id='word_1_588' title='bbox 1901 1561 2012 1617; x_wconf 80' lang='grc' dir='ltr'>Εἶτα</span> <span class='ocrx_word' id='word_1_589' title='bbox 2027 1568 2152 1636; x_wconf 85' lang='grc' dir='ltr'>ἄρξαι</span> <span class='ocrx_word' id='word_1_590' title='bbox 2167 1569 2403 1661; x_wconf 70' lang='grc' dir='ltr'>Ὠτιάρτὴν</span> <span class='ocrx_word' id='word_1_591' title='bbox 2419 1571 2676 1619; x_wconf 80' lang='grc' dir='ltr'>Χαλδαῖον’</span> <span class='ocrx_word' id='word_1_592' title='bbox 2658 1590 2706 1618; x_wconf 90' lang='grc' dir='ltr'>εκ</span> <span class='ocrx_word' id='word_1_593' title='bbox 2719 1571 2892 1636; x_wconf 86' lang='grc' dir='ltr'>Λαροίγ·</span> 
     </span>
     <span class='ocr_line' id='line_1_111' title="bbox 1593 1640 2891 1708; baseline 0.002 -21"><span class='ocrx_word' id='word_1_594' title='bbox 1593 1659 1698 1706; x_wconf 86' lang='grc' dir='ltr'>χων,</span> <span class='ocrx_word' id='word_1_595' title='bbox 1725 1643 1979 1706; x_wconf 74' lang='grc' dir='ltr'>βασιλεῦσαι</span> <span class='ocrx_word' id='word_1_596' title='bbox 2014 1640 2059 1689; x_wconf 76' lang='grc' dir='ltr'><strong>δὲ</strong></span> <span class='ocrx_word' id='word_1_597' title='bbox 2084 1641 2240 1708; x_wconf 83' lang='grc' dir='ltr'>σάρους</span> <span class='ocrx_word' id='word_1_598' title='bbox 2273 1642 2332 1701; x_wconf 79' lang='grc' dir='ltr'><strong>η’.</strong></span> <span class='ocrx_word' id='word_1_599' title='bbox 2359 1642 2590 1708; x_wconf 82' lang='grc' dir='ltr'>Ὠτιάρτου</span> <span class='ocrx_word' id='word_1_600' title='bbox 2619 1642 2664 1690; x_wconf 81' lang='grc' dir='ltr'><strong>δὲ</strong></span> <span class='ocrx_word' id='word_1_601' title='bbox 2685 1642 2891 1702; x_wconf 68' lang='grc' dir='ltr'>τελευτή-</span> 
     </span>
     <span class='ocr_line' id='line_1_112' title="bbox 1593 1713 2889 1781; baseline 0.002 -20"><span class='ocrx_word' id='word_1_602' title='bbox 1593 1732 1744 1767; x_wconf 90' lang='grc' dir='ltr'>σαντος</span> <span class='ocrx_word' id='word_1_603' title='bbox 1777 1713 1848 1760; x_wconf 84' lang='grc' dir='ltr'>τὸν</span> <span class='ocrx_word' id='word_1_604' title='bbox 1885 1715 1975 1761; x_wconf 81' lang='grc' dir='ltr'>υἱὸν</span> <span class='ocrx_word' id='word_1_605' title='bbox 2006 1716 2137 1762; x_wconf 75' lang='grc' dir='ltr'>αὐτοῦ</span> <span class='ocrx_word' id='word_1_606' title='bbox 2180 1715 2421 1781; x_wconf 88' lang='grc' dir='ltr'>Ξίσουθρον</span> <span class='ocrx_word' id='word_1_607' title='bbox 2449 1718 2704 1779; x_wconf 77' lang='grc' dir='ltr'>βασιλεῦσαι</span> <span class='ocrx_word' id='word_1_608' title='bbox 2730 1715 2889 1779; x_wconf 80' lang='grc' dir='ltr'>σάρους</span> 
     </span>
     <span class='ocr_line' id='line_1_113' title="bbox 1593 1786 2985 1858; baseline 0.002 -25"><span class='ocrx_word' id='word_1_609' title='bbox 1593 1786 1902 1834; x_wconf 86' lang='grc' dir='ltr'>ὀκτωκαίδεκα.</span> <span class='ocrx_word' id='word_1_610' title='bbox 1921 1787 2025 1836; x_wconf 88' lang='grc' dir='ltr'><strong>Ἐπὶ</strong></span> <span class='ocrx_word' id='word_1_611' title='bbox 2038 1787 2189 1836; x_wconf 85' lang='grc' dir='ltr'>τούτου</span> <span class='ocrx_word' id='word_1_612' title='bbox 2209 1788 2280 1836; x_wconf 79' lang='grc' dir='ltr'>τὸν</span> <span class='ocrx_word' id='word_1_613' title='bbox 2300 1787 2436 1852; x_wconf 88' lang='grc' dir='ltr'>μέγαν</span> <span class='ocrx_word' id='word_1_614' title='bbox 2454 1786 2762 1848; x_wconf 88' lang='grc' dir='ltr'>κατακλυσμόν</span> <span class='ocrx_word' id='word_1_615' title='bbox 2784 1805 2890 1855; x_wconf 80' lang='grc' dir='ltr'>φησι</span> <span class='ocrx_word' id='word_1_616' title='bbox 2981 1851 2985 1858; x_wconf 31' lang='lat'><strong><em>¹</em></strong></span> 
     </span>
     <span class='ocr_line' id='line_1_114' title="bbox 1592 1859 2984 1931; baseline 0.002 -25"><span class='ocrx_word' id='word_1_617' title='bbox 1592 1862 1866 1923; x_wconf 66' lang='grc' dir='ltr'>γεγενῆσθαι.</span> <span class='ocrx_word' id='word_1_618' title='bbox 1889 1859 1966 1915; x_wconf 88' lang='grc' dir='ltr'><strong>Ὡς</strong></span> <span class='ocrx_word' id='word_1_619' title='bbox 1985 1859 2174 1925; x_wconf 89' lang='grc' dir='ltr'>γίνεσθαι</span> <span class='ocrx_word' id='word_1_620' title='bbox 2199 1864 2307 1926; x_wconf 78' lang='grc' dir='ltr'>ὁμοῦ</span> <span class='ocrx_word' id='word_1_621' title='bbox 2341 1863 2507 1916; x_wconf 81' lang='grc' dir='ltr'>πάντας</span> <span class='ocrx_word' id='word_1_622' title='bbox 2540 1863 2732 1926; x_wconf 85' lang='grc' dir='ltr'>βασιλεῖς</span> <span class='ocrx_word' id='word_1_623' title='bbox 2755 1861 2886 1923; x_wconf 82' lang='grc' dir='ltr'>δέκα,</span> <span class='ocrx_word' id='word_1_624' title='bbox 2944 1884 2949 1906; x_wconf 77' lang='lat' dir='ltr'><strong>c</strong></span> <span class='ocrx_word' id='word_1_625' title='bbox 2968 1895 2984 1931; x_wconf 81' lang='lat'><strong>&#39;.</strong></span> 
     </span>
     <span class='ocr_line' id='line_1_115' title="bbox 1595 1932 2984 1998; baseline 0.004 -19"><span class='ocrx_word' id='word_1_626' title='bbox 1595 1932 1750 1998; x_wconf 83' lang='grc' dir='ltr'>σάρους</span> <span class='ocrx_word' id='word_1_627' title='bbox 1768 1932 1812 1980; x_wconf 87' lang='grc' dir='ltr'><strong>δὲ</strong></span> <span class='ocrx_word' id='word_1_628' title='bbox 1833 1932 1984 1981; x_wconf 83' lang='grc' dir='ltr'>ἑκατὸν</span> <span class='ocrx_word' id='word_1_629' title='bbox 2008 1932 2157 1982; x_wconf 86' lang='grc' dir='ltr'>εἴκοσι.</span> <span class='ocrx_word' id='word_1_630' title='bbox 2180 1957 2200 1976; x_wconf 73' lang='grc' dir='ltr'>υ</span> <span class='ocrx_word' id='word_1_631' title='bbox 2948 1936 2953 1938; x_wconf 63' lang='grc'>’</span> <span class='ocrx_word' id='word_1_632' title='bbox 2981 1934 2984 1943; x_wconf 74' lang='grc'><em>’</em></span> 
     </span>
    </p>
   </div>
   <div class='ocr_carea' id='block_1_22' title="bbox 2189 2052 2293 2098">
    <p class='ocr_par' dir='ltr' id='par_1_23' title="bbox 2189 2052 2293 2098">
     <span class='ocr_line' id='line_1_116' title="bbox 2189 2052 2293 2098; baseline 0.01 -2"><span class='ocrx_word' id='word_1_633' title='bbox 2189 2052 2293 2098; x_wconf 80' lang='lat' dir='ltr'><strong>6a.</strong></span> 
     </span>
    </p>
   </div>
   <div class='ocr_carea' id='block_1_23' title="bbox 1595 2152 2989 3024">
    <p class='ocr_par' dir='ltr' id='par_1_24' title="bbox 1595 2152 2993 3024">
     <span class='ocr_line' id='line_1_117' title="bbox 1661 2152 2986 2224; baseline 0.002 -20"><span class='ocrx_word' id='word_1_634' title='bbox 1661 2161 1890 2220; x_wconf 82' lang='lat' dir='ltr'><strong>Josephus</strong></span> <span class='ocrx_word' id='word_1_635' title='bbox 1906 2163 2014 2208; x_wconf 86' lang='lat' dir='ltr'><strong>Ant.</strong></span> <span class='ocrx_word' id='word_1_636' title='bbox 2041 2162 2081 2221; x_wconf 82' lang='grc' dir='ltr'><strong>Ι,</strong></span> <span class='ocrx_word' id='word_1_637' title='bbox 2104 2160 2148 2217; x_wconf 85' lang='lat'><strong>3,</strong></span> <span class='ocrx_word' id='word_1_638' title='bbox 2169 2177 2198 2221; x_wconf 93' lang='lat'>9</span> <span class='ocrx_word' id='word_1_639' title='bbox 2220 2159 2289 2221; x_wconf 91' lang='lat' dir='ltr'><strong>(et</strong></span> <span class='ocrx_word' id='word_1_640' title='bbox 2302 2176 2359 2205; x_wconf 87' lang='lat' dir='ltr'><strong>ex</strong></span> <span class='ocrx_word' id='word_1_641' title='bbox 2383 2175 2440 2204; x_wconf 90' lang='lat' dir='ltr'><strong>eo</strong></span> <span class='ocrx_word' id='word_1_642' title='bbox 2467 2160 2632 2204; x_wconf 89' lang='lat' dir='ltr'><strong>Euseb.</strong></span> <span class='ocrx_word' id='word_1_643' title='bbox 2653 2161 2706 2206; x_wconf 90' lang='lat' dir='ltr'><strong>P.</strong></span> <span class='ocrx_word' id='word_1_644' title='bbox 2730 2162 2782 2206; x_wconf 85' lang='lat' dir='ltr'><strong>E.</strong></span> <span class='ocrx_word' id='word_1_645' title='bbox 2799 2161 2893 2217; x_wconf 78' lang='lat' dir='ltr'><strong>lx,</strong></span> <span class='ocrx_word' id='word_1_646' title='bbox 2954 2152 2958 2154; x_wconf 12' lang='grc' dir='ltr'><strong>Ἴ</strong></span> <span class='ocrx_word' id='word_1_647' title='bbox 2980 2194 2986 2224; x_wconf 51' lang='lat'>5</span> 
     </span>
     <span class='ocr_line' id='line_1_118' title="bbox 1602 2231 2986 2298; baseline -0.001 -20"><span class='ocrx_word' id='word_1_648' title='bbox 1602 2232 1684 2289; x_wconf 80' lang='lat'><strong>13,</strong></span> <span class='ocrx_word' id='word_1_649' title='bbox 1714 2249 1764 2292; x_wconf 91' lang='lat' dir='ltr'><strong>p.</strong></span> <span class='ocrx_word' id='word_1_650' title='bbox 1795 2232 1917 2289; x_wconf 72' lang='lat'><strong>415,</strong></span> <span class='ocrx_word' id='word_1_651' title='bbox 1953 2236 2024 2290; x_wconf 92' lang='lat' dir='ltr'><strong>D,</strong></span> <span class='ocrx_word' id='word_1_652' title='bbox 2059 2243 2106 2277; x_wconf 91' lang='lat' dir='ltr'><strong>et</strong></span> <span class='ocrx_word' id='word_1_653' title='bbox 2136 2235 2335 2298; x_wconf 87' lang='lat' dir='ltr'><strong>Syncell.</strong></span> <span class='ocrx_word' id='word_1_654' title='bbox 2365 2249 2412 2292; x_wconf 89' lang='lat' dir='ltr'><strong>p.</strong></span> <span class='ocrx_word' id='word_1_655' title='bbox 2453 2233 2540 2288; x_wconf 78' lang='lat'><strong>43,</strong></span> <span class='ocrx_word' id='word_1_656' title='bbox 2578 2231 2653 2293; x_wconf 89' lang='lat' dir='ltr'><strong>A)</strong></span> <span class='ocrx_word' id='word_1_657' title='bbox 2684 2249 2695 2276; x_wconf 72' lang='grc' dir='ltr'>ε</span> <span class='ocrx_word' id='word_1_658' title='bbox 2726 2235 2895 2283; x_wconf 86' lang='lat' dir='ltr'><strong>Priscis</strong></span> <span class='ocrx_word' id='word_1_659' title='bbox 2948 2236 2986 2253; x_wconf 84' lang='lat'><em>&#39;</em></span> 
     </span>
     <span class='ocr_line' id='line_1_119' title="bbox 1596 2305 2896 2366; baseline 0 -16"><span class='ocrx_word' id='word_1_660' title='bbox 1596 2306 1866 2350; x_wconf 88' lang='lat' dir='ltr'><strong>hominibus</strong></span> <span class='ocrx_word' id='word_1_661' title='bbox 1894 2307 2237 2366; x_wconf 66' lang='lat' dir='ltr'><strong>longaevitatem</strong></span> <span class='ocrx_word' id='word_1_662' title='bbox 2265 2307 2392 2351; x_wconf 89' lang='lat' dir='ltr'><strong>Deus</strong></span> <span class='ocrx_word' id='word_1_663' title='bbox 2419 2305 2754 2358; x_wconf 74' lang='lat' dir='ltr'><strong>concessittum</strong></span> <span class='ocrx_word' id='word_1_664' title='bbox 2783 2306 2896 2351; x_wconf 84' lang='lat' dir='ltr'><strong>alias</strong></span> 
     </span>
     <span class='ocr_line' id='line_1_120' title="bbox 1597 2374 2976 2465; baseline 0 -43"><span class='ocrx_word' id='word_1_665' title='bbox 1597 2379 1658 2423; x_wconf 93' lang='lat' dir='ltr'><strong>ob</strong></span> <span class='ocrx_word' id='word_1_666' title='bbox 1676 2394 1847 2435; x_wconf 88' lang='lat' dir='ltr'><strong>causas,</strong></span> <span class='ocrx_word' id='word_1_667' title='bbox 1865 2388 1964 2423; x_wconf 88' lang='lat' dir='ltr'><strong>tum</strong></span> <span class='ocrx_word' id='word_1_668' title='bbox 1976 2394 2090 2423; x_wconf 80' lang='lat' dir='ltr'><strong>velo</strong></span> <span class='ocrx_word' id='word_1_669' title='bbox 2108 2377 2160 2423; x_wconf 86' lang='grc' dir='ltr'><strong>δι’</strong></span> <span class='ocrx_word' id='word_1_670' title='bbox 2176 2375 2331 2465; x_wconf 87' lang='grc' dir='ltr'>ἀρετὴν</span> <span class='ocrx_word' id='word_1_671' title='bbox 2350 2375 2425 2423; x_wconf 83' lang='grc' dir='ltr'>καὶ</span> <span class='ocrx_word' id='word_1_672' title='bbox 2441 2374 2518 2434; x_wconf 88' lang='grc' dir='ltr'>τὴν</span> <span class='ocrx_word' id='word_1_673' title='bbox 2537 2375 2814 2439; x_wconf 80' lang='grc' dir='ltr'>εὐχρηστίαν,</span> <span class='ocrx_word' id='word_1_674' title='bbox 2834 2379 2894 2427; x_wconf 77' lang='grc' dir='ltr'>ων</span> <span class='ocrx_word' id='word_1_675' title='bbox 2953 2374 2976 2387; x_wconf 71' lang='grc'><strong>’”</strong></span> 
     </span>
     <span class='ocr_line' id='line_1_121' title="bbox 1597 2445 2988 2514; baseline -0.001 -19"><span class='ocrx_word' id='word_1_676' title='bbox 1597 2448 1814 2508; x_wconf 83' lang='grc' dir='ltr'>ἐπενόουν,</span> <span class='ocrx_word' id='word_1_677' title='bbox 1841 2448 2124 2514; x_wconf 82' lang='grc' dir='ltr'>ἀστρολογίας</span> <span class='ocrx_word' id='word_1_678' title='bbox 2146 2468 2220 2497; x_wconf 88' lang='grc' dir='ltr'>και</span> <span class='ocrx_word' id='word_1_679' title='bbox 2246 2446 2564 2513; x_wconf 83' lang='grc' dir='ltr'>γεωμετρίας,..</span> <span class='ocrx_word' id='word_1_680' title='bbox 2576 2446 2719 2512; x_wconf 81' lang='grc' dir='ltr'>,ἅπερ</span> <span class='ocrx_word' id='word_1_681' title='bbox 2739 2448 2817 2495; x_wconf 80' lang='grc' dir='ltr'><strong>οὐκ</strong></span> <span class='ocrx_word' id='word_1_682' title='bbox 2841 2451 2895 2506; x_wconf 81' lang='grc' dir='ltr'>ἠν</span> <span class='ocrx_word' id='word_1_683' title='bbox 2932 2484 2939 2495; x_wconf 87' lang='grc'>,</span> <span class='ocrx_word' id='word_1_684' title='bbox 2983 2445 2988 2487; x_wconf 66' lang='lat' dir='ltr'><strong>i</strong></span> 
     </span>
     <span class='ocr_line' id='line_1_122' title="bbox 1597 2519 2892 2588; baseline 0 -20"><span class='ocrx_word' id='word_1_685' title='bbox 1597 2523 1801 2588; x_wconf 84' lang='grc' dir='ltr'>ἀσφαλως</span> <span class='ocrx_word' id='word_1_686' title='bbox 1826 2523 1968 2575; x_wconf 80' lang='grc' dir='ltr'>αὐτοῖς</span> <span class='ocrx_word' id='word_1_687' title='bbox 1984 2523 2203 2586; x_wconf 83' lang='grc' dir='ltr'>προειπεῖν</span> <span class='ocrx_word' id='word_1_688' title='bbox 2216 2519 2276 2585; x_wconf 82' lang='grc' dir='ltr'><strong>μὴ</strong></span> <span class='ocrx_word' id='word_1_689' title='bbox 2297 2521 2476 2579; x_wconf 86' lang='grc' dir='ltr'>ζήσασιν</span> <span class='ocrx_word' id='word_1_690' title='bbox 2501 2519 2770 2576; x_wconf 82' lang='grc' dir='ltr'>ἑξακοσίους’</span> <span class='ocrx_word' id='word_1_691' title='bbox 2751 2538 2892 2568; x_wconf 86' lang='grc' dir='ltr'>ενιαυ·</span> 
     </span>
     <span class='ocr_line' id='line_1_123' title="bbox 1595 2592 2936 2660; baseline -0.001 -19"><span class='ocrx_word' id='word_1_692' title='bbox 1595 2594 1715 2649; x_wconf 83' lang='grc' dir='ltr'>τούς·</span> <span class='ocrx_word' id='word_1_693' title='bbox 1739 2594 1810 2642; x_wconf 80' lang='grc' dir='ltr'><strong>διὰ</strong></span> <span class='ocrx_word' id='word_1_694' title='bbox 1844 2594 2060 2646; x_wconf 80' lang='grc' dir='ltr'>τοσούτων</span> <span class='ocrx_word' id='word_1_695' title='bbox 2085 2592 2168 2660; x_wconf 80' lang='grc' dir='ltr'><strong>γὰρ</strong></span> <span class='ocrx_word' id='word_1_696' title='bbox 2193 2598 2216 2642; x_wconf 87' lang='grc' dir='ltr'><em>ὃ</em></span> <span class='ocrx_word' id='word_1_697' title='bbox 2253 2593 2386 2658; x_wconf 86' lang='grc' dir='ltr'>μέγας</span> <span class='ocrx_word' id='word_1_698' title='bbox 2418 2593 2608 2648; x_wconf 81' lang='grc' dir='ltr'>ἐνιαυτὸς</span> <span class='ocrx_word' id='word_1_699' title='bbox 2634 2594 2891 2656; x_wconf 69' lang='grc' dir='ltr'>πλὴροῦται.</span> <span class='ocrx_word' id='word_1_700' title='bbox 2934 2642 2936 2646; x_wconf 60' lang='grc'>,</span> 
     </span>
     <span class='ocr_line' id='line_1_124' title="bbox 1599 2664 2924 2735; baseline -0.004 -17"><span class='ocrx_word' id='word_1_701' title='bbox 1599 2670 1884 2735; x_wconf 80' lang='grc' dir='ltr'>Μαρτυροῧσι</span> <span class='ocrx_word' id='word_1_702' title='bbox 1919 2669 1963 2715; x_wconf 86' lang='grc' dir='ltr'><strong>δέ</strong></span> <span class='ocrx_word' id='word_1_703' title='bbox 2001 2687 2083 2731; x_wconf 89' lang='grc' dir='ltr'><strong>μου</strong></span> <span class='ocrx_word' id='word_1_704' title='bbox 2115 2672 2177 2734; x_wconf 82' lang='grc' dir='ltr'><strong>τῷ</strong></span> <span class='ocrx_word' id='word_1_705' title='bbox 2195 2667 2311 2734; x_wconf 78' lang='grc' dir='ltr'>λόγῳ</span> <span class='ocrx_word' id='word_1_706' title='bbox 2335 2668 2493 2722; x_wconf 82' lang='grc' dir='ltr'>πάντες</span> <span class='ocrx_word' id='word_1_707' title='bbox 2509 2669 2548 2716; x_wconf 74' lang='grc' dir='ltr'><strong>οἱ</strong></span> <span class='ocrx_word' id='word_1_708' title='bbox 2567 2667 2673 2732; x_wconf 80' lang='grc' dir='ltr'>παρ’</span> <span class='ocrx_word' id='word_1_709' title='bbox 2699 2664 2924 2724; x_wconf 53' lang='lat' dir='ltr'><strong>‘&#39;EM-qm?</strong></span> 
     </span>
     <span class='ocr_line' id='line_1_125' title="bbox 1598 2738 2989 2808; baseline -0.002 -20"><span class='ocrx_word' id='word_1_710' title='bbox 1598 2742 1672 2789; x_wconf 86' lang='grc' dir='ltr'>καὶ</span> <span class='ocrx_word' id='word_1_711' title='bbox 1696 2741 1818 2807; x_wconf 89' lang='grc' dir='ltr'>παρὰ</span> <span class='ocrx_word' id='word_1_712' title='bbox 1841 2741 2075 2807; x_wconf 62' lang='grc' dir='ltr'>βαρὸάροις</span> <span class='ocrx_word' id='word_1_713' title='bbox 2092 2741 2445 2808; x_wconf 77' lang='grc' dir='ltr'>συγγραψάμενοι</span> <span class='ocrx_word' id='word_1_714' title='bbox 2469 2739 2544 2795; x_wconf 81' lang='grc' dir='ltr'><strong>τὰς</strong></span> <span class='ocrx_word' id='word_1_715' title='bbox 2565 2738 2887 2806; x_wconf 75' lang='grc' dir='ltr'>ἀρχαιολογίας.</span> <span class='ocrx_word' id='word_1_716' title='bbox 2986 2798 2989 2807; x_wconf 39' lang='grc'>1</span> 
     </span>
     <span class='ocr_line' id='line_1_126' title="bbox 1596 2813 2959 2878; baseline -0.004 -15"><span class='ocrx_word' id='word_1_717' title='bbox 1596 2813 1689 2863; x_wconf 69' lang='grc' dir='ltr'>Καὶ</span> <span class='ocrx_word' id='word_1_718' title='bbox 1708 2814 1792 2878; x_wconf 84' lang='grc' dir='ltr'><strong>γὰρ</strong></span> <span class='ocrx_word' id='word_1_719' title='bbox 1819 2813 2131 2866; x_wconf 61' lang='grc' dir='ltr'>καίΜανεθὼν</span> <span class='ocrx_word' id='word_1_720' title='bbox 2155 2818 2177 2861; x_wconf 86' lang='grc' dir='ltr'><strong><em>ὃ</em></strong></span> <span class='ocrx_word' id='word_1_721' title='bbox 2212 2813 2290 2872; x_wconf 83' lang='grc' dir='ltr'>τὴν</span> <span class='ocrx_word' id='word_1_722' title='bbox 2321 2816 2406 2861; x_wconf 77' lang='grc' dir='ltr'>τῶν</span> <span class='ocrx_word' id='word_1_723' title='bbox 2431 2815 2739 2877; x_wconf 79' lang='grc' dir='ltr'>Αἰγυπτιακῶν</span> <span class='ocrx_word' id='word_1_724' title='bbox 2762 2829 2890 2869; x_wconf 55' lang='grc' dir='ltr'>ποιηό</span> <span class='ocrx_word' id='word_1_725' title='bbox 2958 2863 2959 2866; x_wconf 13' lang='lat'>¹</span> 
     </span>
     <span class='ocr_line' id='line_1_127' title="bbox 1598 2883 2955 2953; baseline -0.002 -20"><span class='ocrx_word' id='word_1_726' title='bbox 1598 2886 1783 2950; x_wconf 82' lang='grc' dir='ltr'>σάμενος</span> <span class='ocrx_word' id='word_1_727' title='bbox 1815 2886 2087 2953; x_wconf 80' lang='grc' dir='ltr'>ἀναγραφὴν,</span> <span class='ocrx_word' id='word_1_728' title='bbox 2129 2886 2204 2934; x_wconf 79' lang='grc' dir='ltr'>καὶ</span> <span class='ocrx_word' id='word_1_729' title='bbox 2243 2885 2476 2950; x_wconf 86' lang='grc' dir='ltr'>Βηρωσσὸς</span> <span class='ocrx_word' id='word_1_730' title='bbox 2508 2889 2530 2933; x_wconf 82' lang='grc' dir='ltr'><strong>ὃ</strong></span> <span class='ocrx_word' id='word_1_731' title='bbox 2563 2884 2617 2933; x_wconf 81' lang='grc' dir='ltr'><strong>τὰ</strong></span> <span class='ocrx_word' id='word_1_732' title='bbox 2657 2883 2891 2934; x_wconf 81' lang='grc' dir='ltr'>Χαλδαϊκὰ</span> <span class='ocrx_word' id='word_1_733' title='bbox 2954 2935 2955 2938; x_wconf 14' lang='lat'>¹</span> 
     </span>
     <span class='ocr_line' id='line_1_128' title="bbox 1596 2954 2900 3024; baseline -0.003 -18"><span class='ocrx_word' id='word_1_734' title='bbox 1596 2958 1869 3024; x_wconf 80' lang='grc' dir='ltr'>συναγαγὼν,</span> <span class='ocrx_word' id='word_1_735' title='bbox 1897 2959 2063 3022; x_wconf 85' lang='grc' dir='ltr'>Μῶχός</span> <span class='ocrx_word' id='word_1_736' title='bbox 2082 2978 2127 3006; x_wconf 91' lang='grc' dir='ltr'>τε</span> <span class='ocrx_word' id='word_1_737' title='bbox 2151 2958 2250 3021; x_wconf 81' lang='grc' dir='ltr'>(καὶ</span> <span class='ocrx_word' id='word_1_738' title='bbox 2268 2958 2412 3012; x_wconf 85' lang='grc' dir='ltr'>Μόλος</span> <span class='ocrx_word' id='word_1_739' title='bbox 2437 2957 2629 3019; x_wconf 88' lang='lat' dir='ltr'><strong>Euseb.)</strong></span> <span class='ocrx_word' id='word_1_740' title='bbox 2652 2955 2727 3004; x_wconf 83' lang='grc' dir='ltr'>καὶ</span> <span class='ocrx_word' id='word_1_741' title='bbox 2751 2954 2900 3004; x_wconf 84' lang='grc' dir='ltr'>Ἐστι·</span> 
     </span>
    </p>
   </div>
   <div class='ocr_carea' id='block_1_24' title="bbox 1603 3095 2996 3664">
    <p class='ocr_par' dir='ltr' id='par_1_25' title="bbox 1603 3095 2996 3664">
     <span class='ocr_line' id='line_1_129' title="bbox 1604 3095 2996 3147; baseline -0.001 -10"><span class='ocrx_word' id='word_1_742' title='bbox 1604 3098 1743 3137; x_wconf 88' lang='lat' dir='ltr'><strong>matim</strong></span> <span class='ocrx_word' id='word_1_743' title='bbox 1771 3097 1823 3137; x_wconf 88' lang='lat' dir='ltr'><strong>ab</strong></span> <span class='ocrx_word' id='word_1_744' title='bbox 1854 3099 1993 3137; x_wconf 87' lang='lat' dir='ltr'><strong>Oanne</strong></span> <span class='ocrx_word' id='word_1_745' title='bbox 2019 3098 2125 3137; x_wconf 89' lang='lat' dir='ltr'><strong>dicta</strong></span> <span class='ocrx_word' id='word_1_746' title='bbox 2147 3097 2346 3147; x_wconf 85' lang='lat' dir='ltr'><strong>sigillatim</strong></span> <span class='ocrx_word' id='word_1_747' title='bbox 2377 3098 2417 3135; x_wconf 86' lang='lat' dir='ltr'><strong>et</strong></span> <span class='ocrx_word' id='word_1_748' title='bbox 2435 3107 2504 3147; x_wconf 89' lang='lat' dir='ltr'><strong>per</strong></span> <span class='ocrx_word' id='word_1_749' title='bbox 2527 3097 2658 3146; x_wconf 89' lang='lat' dir='ltr'><strong>partes</strong></span> <span class='ocrx_word' id='word_1_750' title='bbox 2678 3095 2903 3146; x_wconf 87' lang='lat' dir='ltr'><strong>exposuisse</strong></span> <span class='ocrx_word' id='word_1_751' title='bbox 2988 3105 2996 3147; x_wconf 65' lang='grc' dir='ltr'><em>ζ</em></span> 
     </span>
     <span class='ocr_line' id='line_1_130' title="bbox 1603 3155 2992 3219; baseline -0.003 -17"><span class='ocrx_word' id='word_1_752' title='bbox 1603 3162 1763 3207; x_wconf 84' lang='lat' dir='ltr'><strong>asserit,</strong></span> <span class='ocrx_word' id='word_1_753' title='bbox 1779 3163 1830 3203; x_wconf 92' lang='lat' dir='ltr'><strong>de</strong></span> <span class='ocrx_word' id='word_1_754' title='bbox 1844 3163 1991 3214; x_wconf 89' lang='lat' dir='ltr'><strong>quihus</strong></span> <span class='ocrx_word' id='word_1_755' title='bbox 2013 3164 2068 3203; x_wconf 91' lang='lat' dir='ltr'><strong>nil</strong></span> <span class='ocrx_word' id='word_1_756' title='bbox 2088 3163 2247 3213; x_wconf 88' lang='lat' dir='ltr'><strong>penitus</strong></span> <span class='ocrx_word' id='word_1_757' title='bbox 2265 3163 2460 3202; x_wconf 87' lang='lat' dir='ltr'><strong>memorat</strong></span> <span class='ocrx_word' id='word_1_758' title='bbox 2483 3160 2710 3211; x_wconf 89' lang='lat' dir='ltr'><strong>Abydenus.</strong></span> <span class='ocrx_word' id='word_1_759' title='bbox 2735 3159 2902 3208; x_wconf 84' lang='lat' dir='ltr'><strong>Eosdem</strong></span> <span class='ocrx_word' id='word_1_760' title='bbox 2960 3206 2970 3219; x_wconf 62' lang='lat'><strong>,›</strong></span> <span class='ocrx_word' id='word_1_761' title='bbox 2988 3155 2992 3183; x_wconf 73' lang='lat'><strong>3&#39;</strong></span> 
     </span>
     <span class='ocr_line' id='line_1_131' title="bbox 1605 3214 2994 3277; baseline -0.004 -10"><span class='ocrx_word' id='word_1_762' title='bbox 1605 3216 1883 3277; x_wconf 79' lang='lat' dir='ltr'><strong>Amempsinus</strong></span> <span class='ocrx_word' id='word_1_763' title='bbox 1900 3238 1925 3267; x_wconf 88' lang='lat' dir='ltr'><strong>a</strong></span> <span class='ocrx_word' id='word_1_764' title='bbox 1955 3227 2169 3268; x_wconf 85' lang='lat' dir='ltr'><strong>Laranchis</strong></span> <span class='ocrx_word' id='word_1_765' title='bbox 2189 3225 2399 3267; x_wconf 83' lang='lat' dir='ltr'><strong>chaldaeus</strong></span> <span class='ocrx_word' id='word_1_766' title='bbox 2424 3225 2606 3276; x_wconf 86' lang='lat' dir='ltr'><strong>princeps</strong></span> <span class='ocrx_word' id='word_1_767' title='bbox 2623 3223 2761 3264; x_wconf 88' lang='lat' dir='ltr'><strong>ordine</strong></span> <span class='ocrx_word' id='word_1_768' title='bbox 2795 3225 2900 3263; x_wconf 81' lang='lat' dir='ltr'><strong>octa·</strong></span> <span class='ocrx_word' id='word_1_769' title='bbox 2959 3214 2994 3262; x_wconf 54' lang='lat'><strong>³522</strong></span> 
     </span>
     <span class='ocr_line' id='line_1_132' title="bbox 1603 3286 2995 3341; baseline -0.004 -13"><span class='ocrx_word' id='word_1_770' title='bbox 1603 3300 1679 3329; x_wconf 87' lang='lat' dir='ltr'><strong>vus</strong></span> <span class='ocrx_word' id='word_1_771' title='bbox 1709 3290 1806 3330; x_wconf 90' lang='lat' dir='ltr'><strong>saris</strong></span> <span class='ocrx_word' id='word_1_772' title='bbox 1834 3289 1971 3330; x_wconf 85' lang='lat' dir='ltr'><strong>decem</strong></span> <span class='ocrx_word' id='word_1_773' title='bbox 2001 3291 2043 3330; x_wconf 90' lang='lat' dir='ltr'><strong>in</strong></span> <span class='ocrx_word' id='word_1_774' title='bbox 2072 3301 2193 3341; x_wconf 86' lang='lat' dir='ltr'><strong>regno</strong></span> <span class='ocrx_word' id='word_1_775' title='bbox 2220 3290 2414 3339; x_wconf 89' lang='lat' dir='ltr'><strong>sequutus</strong></span> <span class='ocrx_word' id='word_1_776' title='bbox 2438 3290 2523 3336; x_wconf 88' lang='lat' dir='ltr'><strong>est;</strong></span> <span class='ocrx_word' id='word_1_777' title='bbox 2556 3298 2651 3326; x_wconf 85' lang='lat' dir='ltr'><strong>mox</strong></span> <span class='ocrx_word' id='word_1_778' title='bbox 2681 3286 2854 3339; x_wconf 81' lang='lat' dir='ltr'><strong>Otiartes</strong></span> <span class='ocrx_word' id='word_1_779' title='bbox 2878 3294 2902 3324; x_wconf 73' lang='lat' dir='ltr'><strong>c</strong></span> <span class='ocrx_word' id='word_1_780' title='bbox 2958 3287 2995 3341; x_wconf 51' lang='lat' dir='ltr'><strong>(Eg,</strong></span> 
     </span>
     <span class='ocr_line' id='line_1_133' title="bbox 1606 3346 2995 3409; baseline -0.006 -14"><span class='ocrx_word' id='word_1_781' title='bbox 1606 3354 1819 3395; x_wconf 80' lang='lat' dir='ltr'><strong>Larancliis</strong></span> <span class='ocrx_word' id='word_1_782' title='bbox 1844 3354 2056 3395; x_wconf 76' lang='lat' dir='ltr'><strong>Chaldaeus</strong></span> <span class='ocrx_word' id='word_1_783' title='bbox 2083 3354 2182 3394; x_wconf 88' lang='lat' dir='ltr'><strong>saris</strong></span> <span class='ocrx_word' id='word_1_784' title='bbox 2207 3355 2300 3392; x_wconf 88' lang='lat' dir='ltr'><strong>octo</strong></span> <span class='ocrx_word' id='word_1_785' title='bbox 2331 3352 2530 3404; x_wconf 83' lang='lat' dir='ltr'><strong>regnavit;</strong></span> <span class='ocrx_word' id='word_1_786' title='bbox 2561 3360 2688 3401; x_wconf 83' lang='lat' dir='ltr'><strong>eoque</strong></span> <span class='ocrx_word' id='word_1_787' title='bbox 2715 3349 2918 3389; x_wconf 51' lang='lat' dir='ltr'><strong>defuncto*</strong></span> <span class='ocrx_word' id='word_1_788' title='bbox 2960 3346 2995 3409; x_wconf 46' lang='grc' dir='ltr'><strong>ἓξ</strong></span> 
     </span>
     <span class='ocr_line' id='line_1_134' title="bbox 1606 3413 2906 3466; baseline -0.005 -8"><span class='ocrx_word' id='word_1_789' title='bbox 1606 3419 1710 3459; x_wconf 78' lang='lat' dir='ltr'><strong>filius</strong></span> <span class='ocrx_word' id='word_1_790' title='bbox 1751 3419 1968 3459; x_wconf 89' lang='lat' dir='ltr'><strong>Xisuthrus</strong></span> <span class='ocrx_word' id='word_1_791' title='bbox 1996 3418 2095 3458; x_wconf 85' lang='lat' dir='ltr'><strong>saris</strong></span> <span class='ocrx_word' id='word_1_792' title='bbox 2125 3417 2346 3458; x_wconf 86' lang='lat' dir='ltr'><strong>octodecim</strong></span> <span class='ocrx_word' id='word_1_793' title='bbox 2379 3417 2535 3466; x_wconf 89' lang='lat' dir='ltr'><strong>sceptra</strong></span> <span class='ocrx_word' id='word_1_794' title='bbox 2563 3413 2789 3454; x_wconf 87' lang='lat' dir='ltr'><strong>moderatus</strong></span> <span class='ocrx_word' id='word_1_795' title='bbox 2817 3413 2906 3460; x_wconf 56' lang='lat' dir='ltr'><strong>est?</strong></span> 
     </span>
     <span class='ocr_line' id='line_1_135' title="bbox 1605 3475 2996 3537; baseline -0.006 -14"><span class='ocrx_word' id='word_1_796' title='bbox 1605 3495 1685 3534; x_wconf 90' lang='lat' dir='ltr'><strong>quo</strong></span> <span class='ocrx_word' id='word_1_797' title='bbox 1711 3483 1931 3534; x_wconf 86' lang='lat' dir='ltr'><strong>imperante</strong></span> <span class='ocrx_word' id='word_1_798' title='bbox 1945 3512 1956 3532; x_wconf 93' lang='lat'><strong>,</strong></span> <span class='ocrx_word' id='word_1_799' title='bbox 1977 3482 2107 3533; x_wconf 86' lang='lat' dir='ltr'><strong>inquit</strong></span> <span class='ocrx_word' id='word_1_800' title='bbox 2122 3512 2132 3532; x_wconf 95' lang='lat'><strong>,</strong></span> <span class='ocrx_word' id='word_1_801' title='bbox 2155 3482 2348 3522; x_wconf 79' lang='lat' dir='ltr'><strong>famosum</strong></span> <span class='ocrx_word' id='word_1_802' title='bbox 2375 3478 2473 3519; x_wconf 90' lang='lat' dir='ltr'><strong>illud</strong></span> <span class='ocrx_word' id='word_1_803' title='bbox 2493 3478 2690 3518; x_wconf 88' lang='lat' dir='ltr'><strong>diluvium</strong></span> <span class='ocrx_word' id='word_1_804' title='bbox 2710 3475 2899 3526; x_wconf 84' lang='lat' dir='ltr'><strong>contigit,</strong></span> <span class='ocrx_word' id='word_1_805' title='bbox 2975 3526 2996 3537; x_wconf 21' lang='grc' dir='ltr'><strong>Ι,</strong></span> 
     </span>
     <span class='ocr_line' id='line_1_136' title="bbox 1604 3546 2993 3600; baseline -0.007 -11"><span class='ocrx_word' id='word_1_806' title='bbox 1604 3549 1704 3589; x_wconf 88' lang='lat' dir='ltr'><strong>adeo</strong></span> <span class='ocrx_word' id='word_1_807' title='bbox 1722 3550 1769 3589; x_wconf 88' lang='lat' dir='ltr'><strong>ut</strong></span> <span class='ocrx_word' id='word_1_808' title='bbox 1785 3560 1894 3600; x_wconf 84' lang='lat' dir='ltr'><strong>reges</strong></span> <span class='ocrx_word' id='word_1_809' title='bbox 1915 3559 2053 3588; x_wconf 89' lang='lat' dir='ltr'><strong>omnes</strong></span> <span class='ocrx_word' id='word_1_810' title='bbox 2069 3558 2236 3587; x_wconf 89' lang='lat' dir='ltr'><strong>numero</strong></span> <span class='ocrx_word' id='word_1_811' title='bbox 2255 3546 2394 3586; x_wconf 88' lang='lat' dir='ltr'><strong>decem</strong></span> <span class='ocrx_word' id='word_1_812' title='bbox 2419 3546 2710 3595; x_wconf 87' lang='lat' dir='ltr'><strong>computentur,</strong></span> <span class='ocrx_word' id='word_1_813' title='bbox 2730 3552 2899 3593; x_wconf 86' lang='lat' dir='ltr'><strong>quorum</strong></span> <span class='ocrx_word' id='word_1_814' title='bbox 2986 3570 2993 3584; x_wconf 76' lang='lat'>‚</span> 
     </span>
     <span class='ocr_line' id='line_1_137' title="bbox 1605 3608 2898 3664; baseline -0.009 -8"><span class='ocrx_word' id='word_1_815' title='bbox 1605 3616 1704 3656; x_wconf 84' lang='lat' dir='ltr'><strong>aetas</strong></span> <span class='ocrx_word' id='word_1_816' title='bbox 1718 3614 1767 3655; x_wconf 91' lang='lat' dir='ltr'><strong>ad</strong></span> <span class='ocrx_word' id='word_1_817' title='bbox 1784 3617 1974 3656; x_wconf 86' lang='lat' dir='ltr'><strong>Sarorum</strong></span> <span class='ocrx_word' id='word_1_818' title='bbox 1993 3613 2133 3664; x_wconf 84' lang='lat' dir='ltr'><strong>viginti</strong></span> <span class='ocrx_word' id='word_1_819' title='bbox 2149 3623 2269 3663; x_wconf 82' lang='lat' dir='ltr'><strong>supra</strong></span> <span class='ocrx_word' id='word_1_820' title='bbox 2289 3613 2451 3652; x_wconf 86' lang='lat' dir='ltr'><strong>centum</strong></span> <span class='ocrx_word' id='word_1_821' title='bbox 2466 3609 2637 3661; x_wconf 87' lang='lat' dir='ltr'><strong>spatium</strong></span> <span class='ocrx_word' id='word_1_822' title='bbox 2653 3608 2898 3659; x_wconf 86' lang='lat' dir='ltr'><strong>prorogetur.</strong></span> 
     </span>
    </p>
   </div>
   <div class='ocr_carea' id='block_1_25' title="bbox 2209 3698 2307 3737">
    <p class='ocr_par' dir='ltr' id='par_1_26' title="bbox 2209 3698 2307 3737">
     <span class='ocr_line' id='line_1_138' title="bbox 2209 3698 2307 3737; baseline -0.02 0"><span class='ocrx_word' id='word_1_823' title='bbox 2209 3698 2307 3737; x_wconf 88' lang='lat' dir='ltr'><strong>6a.</strong></span> 
     </span>
    </p>
   </div>
   <div class='ocr_carea' id='block_1_26' title="bbox 1606 3764 2998 4082">
    <p class='ocr_par' dir='ltr' id='par_1_27' title="bbox 1606 3764 2998 4082">
     <span class='ocr_line' id='line_1_139' title="bbox 1657 3764 2998 3826; baseline -0.011 -10"><span class='ocrx_word' id='word_1_824' title='bbox 1657 3778 1761 3816; x_wconf 90' lang='lat' dir='ltr'><strong>Tum</strong></span> <span class='ocrx_word' id='word_1_825' title='bbox 1787 3777 1949 3826; x_wconf 86' lang='lat' dir='ltr'><strong>propter</strong></span> <span class='ocrx_word' id='word_1_826' title='bbox 1974 3773 2152 3814; x_wconf 87' lang='lat' dir='ltr'><strong>studium</strong></span> <span class='ocrx_word' id='word_1_827' title='bbox 2179 3770 2364 3819; x_wconf 84' lang='lat' dir='ltr'><strong>virtutis,</strong></span> <span class='ocrx_word' id='word_1_828' title='bbox 2385 3770 2470 3808; x_wconf 85' lang='lat' dir='ltr'><strong>tum</strong></span> <span class='ocrx_word' id='word_1_829' title='bbox 2492 3768 2651 3818; x_wconf 85' lang='lat' dir='ltr'><strong>propter</strong></span> <span class='ocrx_word' id='word_1_830' title='bbox 2677 3764 2898 3804; x_wconf 78' lang='lat' dir='ltr'><strong>accuratio·</strong></span> <span class='ocrx_word' id='word_1_831' title='bbox 2932 3792 2933 3795; x_wconf 17' lang='grc' dir='ltr'>η</span> <span class='ocrx_word' id='word_1_832' title='bbox 2987 3769 2998 3813; x_wconf 55' lang='grc' dir='ltr'>ξ</span> 
     </span>
     <span class='ocr_line' id='line_1_140' title="bbox 1606 3815 2898 3889; baseline -0.01 -9"><span class='ocrx_word' id='word_1_833' title='bbox 1606 3851 1691 3880; x_wconf 87' lang='lat' dir='ltr'><strong>rem</strong></span> <span class='ocrx_word' id='word_1_834' title='bbox 1710 3839 1930 3889; x_wconf 80' lang='lat' dir='ltr'><strong>astrologiae</strong></span> <span class='ocrx_word' id='word_1_835' title='bbox 1948 3839 1989 3878; x_wconf 89' lang='lat' dir='ltr'><strong>et</strong></span> <span class='ocrx_word' id='word_1_836' title='bbox 2006 3815 2232 3888; x_wconf 60' lang='lat' dir='ltr'><strong>geomdtriae</strong></span> <span class='ocrx_word' id='word_1_837' title='bbox 2247 3862 2259 3882; x_wconf 94' lang='lat'><strong>,</strong></span> <span class='ocrx_word' id='word_1_838' title='bbox 2287 3843 2387 3884; x_wconf 86' lang='lat' dir='ltr'><strong>quas</strong></span> <span class='ocrx_word' id='word_1_839' title='bbox 2412 3831 2485 3882; x_wconf 87' lang='lat' dir='ltr'><strong>ipsi</strong></span> <span class='ocrx_word' id='word_1_840' title='bbox 2511 3832 2615 3880; x_wconf 78' lang='lat' dir='ltr'><strong>artes</strong></span> <span class='ocrx_word' id='word_1_841' title='bbox 2641 3830 2898 3879; x_wconf 84' lang='lat' dir='ltr'><strong>invenerunt,</strong></span> 
     </span>
     <span class='ocr_line' id='line_1_141' title="bbox 1607 3890 2896 3952; baseline -0.01 -8"><span class='ocrx_word' id='word_1_842' title='bbox 1607 3915 1724 3944; x_wconf 90' lang='lat' dir='ltr'><strong>usum</strong></span> <span class='ocrx_word' id='word_1_843' title='bbox 1741 3903 1841 3943; x_wconf 85' lang='lat' dir='ltr'><strong>deus</strong></span> <span class='ocrx_word' id='word_1_844' title='bbox 1863 3902 1941 3942; x_wconf 90' lang='lat' dir='ltr'><strong>illis</strong></span> <span class='ocrx_word' id='word_1_845' title='bbox 1958 3890 2214 3952; x_wconf 66' lang='lat' dir='ltr'><strong>prolixiorem</strong></span> <span class='ocrx_word' id='word_1_846' title='bbox 2230 3897 2391 3947; x_wconf 85' lang='lat' dir='ltr'><strong>largitus</strong></span> <span class='ocrx_word' id='word_1_847' title='bbox 2410 3897 2470 3935; x_wconf 87' lang='lat' dir='ltr'><strong>est</strong></span> <span class='ocrx_word' id='word_1_848' title='bbox 2495 3894 2642 3943; x_wconf 82' lang='lat' dir='ltr'><strong>vitam;</strong></span> <span class='ocrx_word' id='word_1_849' title='bbox 2661 3893 2808 3944; x_wconf 85' lang='lat' dir='ltr'><strong>quippe</strong></span> <span class='ocrx_word' id='word_1_850' title='bbox 2829 3891 2896 3943; x_wconf 83' lang='lat' dir='ltr'><strong>qui</strong></span> 
     </span>
     <span class='ocr_line' id='line_1_142' title="bbox 1606 3956 2997 4012; baseline -0.011 -2"><span class='ocrx_word' id='word_1_851' title='bbox 1606 3969 1679 4010; x_wconf 85' lang='lat' dir='ltr'><strong>nisi</strong></span> <span class='ocrx_word' id='word_1_852' title='bbox 1711 3969 1762 4008; x_wconf 88' lang='lat' dir='ltr'><strong>ad</strong></span> <span class='ocrx_word' id='word_1_853' title='bbox 1784 3969 1994 4009; x_wconf 80' lang='lat' dir='ltr'><strong>sexcentos</strong></span> <span class='ocrx_word' id='word_1_854' title='bbox 2023 3975 2147 4005; x_wconf 85' lang='lat' dir='ltr'><strong>annos</strong></span> <span class='ocrx_word' id='word_1_855' title='bbox 2186 3964 2276 4012; x_wconf 83' lang='lat' dir='ltr'><strong>(tot</strong></span> <span class='ocrx_word' id='word_1_856' title='bbox 2306 3961 2412 4001; x_wconf 88' lang='lat' dir='ltr'><strong>enim</strong></span> <span class='ocrx_word' id='word_1_857' title='bbox 2449 3971 2613 4009; x_wconf 78' lang='lat' dir='ltr'><strong>magnus</strong></span> <span class='ocrx_word' id='word_1_858' title='bbox 2653 3969 2781 3998; x_wconf 86' lang='lat' dir='ltr'><strong>annus</strong></span> <span class='ocrx_word' id='word_1_859' title='bbox 2824 3956 2895 3997; x_wconf 81' lang='lat' dir='ltr'><strong>ab·</strong></span> <span class='ocrx_word' id='word_1_860' title='bbox 2996 3992 2997 3995; x_wconf 75' lang='grc'>,</span> 
     </span>
     <span class='ocr_line' id='line_1_143' title="bbox 1606 4019 2914 4082; baseline -0.011 -9"><span class='ocrx_word' id='word_1_861' title='bbox 1606 4032 1798 4082; x_wconf 78' lang='lat' dir='ltr'><strong>solvitur)</strong></span> <span class='ocrx_word' id='word_1_862' title='bbox 1827 4027 2258 4078; x_wconf 81' lang='lat' dir='ltr'><strong>vivendoattigissent,</strong></span> <span class='ocrx_word' id='word_1_863' title='bbox 2282 4025 2381 4064; x_wconf 86' lang='lat' dir='ltr'><strong>nihil</strong></span> <span class='ocrx_word' id='word_1_864' title='bbox 2407 4023 2504 4063; x_wconf 90' lang='lat' dir='ltr'><strong>certi</strong></span> <span class='ocrx_word' id='word_1_865' title='bbox 2523 4022 2734 4074; x_wconf 76' lang='lat' dir='ltr'><strong>praedicere</strong></span> <span class='ocrx_word' id='word_1_866' title='bbox 2753 4019 2914 4072; x_wconf 51' lang='lat' dir='ltr'><strong>potuis&lt;¹</strong></span> 
     </span>
    </p>
   </div>
   <div class='ocr_carea' id='block_1_27' title="bbox 1606 4083 2907 4139">
    <p class='ocr_par' dir='ltr' id='par_1_28' title="bbox 1606 4083 2907 4139">
     <span class='ocr_line' id='line_1_144' title="bbox 1606 4083 2907 4139; baseline -0.012 -1"><span class='ocrx_word' id='word_1_867' title='bbox 1606 4099 1708 4137; x_wconf 87' lang='lat' dir='ltr'><strong>sent.</strong></span> <span class='ocrx_word' id='word_1_868' title='bbox 1773 4096 1908 4136; x_wconf 87' lang='lat' dir='ltr'><strong>Testes</strong></span> <span class='ocrx_word' id='word_1_869' title='bbox 1937 4094 2071 4132; x_wconf 86' lang='lat' dir='ltr'><strong>autem</strong></span> <span class='ocrx_word' id='word_1_870' title='bbox 2102 4090 2199 4130; x_wconf 87' lang='lat' dir='ltr'><strong>mihi</strong></span> <span class='ocrx_word' id='word_1_871' title='bbox 2232 4090 2347 4139; x_wconf 90' lang='lat' dir='ltr'><strong>sunt,</strong></span> <span class='ocrx_word' id='word_1_872' title='bbox 2378 4088 2575 4138; x_wconf 89' lang='lat' dir='ltr'><strong>quotquot</strong></span> <span class='ocrx_word' id='word_1_873' title='bbox 2610 4089 2769 4127; x_wconf 80' lang='lat' dir='ltr'><strong>Graecos</strong></span> <span class='ocrx_word' id='word_1_874' title='bbox 2797 4083 2876 4124; x_wconf 79' lang='lat' dir='ltr'><strong>inte</strong></span> <span class='ocrx_word' id='word_1_875' title='bbox 2902 4119 2907 4123; x_wconf 80' lang='lat'><strong>.</strong></span> 
     </span>
    </p>
   </div>
   <div class='ocr_carea' id='block_1_28' title="bbox 1587 4148 2989 4209">
    <p class='ocr_par' dir='ltr' id='par_1_29' title="bbox 1587 4148 2989 4209">
     <span class='ocr_line' id='line_1_145' title="bbox 1587 4148 2989 4209; baseline -0.011 -9"><span class='ocrx_word' id='word_1_876' title='bbox 1587 4160 1871 4209; x_wconf 86' lang='lat' dir='ltr'><strong>·barbarosque</strong></span> <span class='ocrx_word' id='word_1_877' title='bbox 1888 4155 2143 4207; x_wconf 84' lang='lat' dir='ltr'><strong>antiquitates</strong></span> <span class='ocrx_word' id='word_1_878' title='bbox 2161 4152 2446 4204; x_wconf 80' lang='lat' dir='ltr'><strong>prodiderunt3</strong></span> <span class='ocrx_word' id='word_1_879' title='bbox 2463 4161 2555 4190; x_wconf 86' lang='lat' dir='ltr'><strong>nam</strong></span> <span class='ocrx_word' id='word_1_880' title='bbox 2575 4152 2615 4190; x_wconf 86' lang='lat' dir='ltr'><strong>et</strong></span> <span class='ocrx_word' id='word_1_881' title='bbox 2630 4148 2816 4189; x_wconf 85' lang='lat' dir='ltr'><strong>Manetho</strong></span> <span class='ocrx_word' id='word_1_882' title='bbox 2831 4155 2873 4186; x_wconf 85' lang='lat' dir='ltr'><strong>re</strong></span> <span class='ocrx_word' id='word_1_883' title='bbox 2899 4173 2910 4185; x_wconf 71' lang='lat'><strong>.·</strong></span> <span class='ocrx_word' id='word_1_884' title='bbox 2977 4152 2989 4186; x_wconf 72' lang='grc' dir='ltr'><strong>ζ</strong></span> 
     </span>
    </p>
   </div>
   <div class='ocr_carea' id='block_1_29' title="bbox 1608 4202 2993 4274">
    <p class='ocr_par' dir='ltr' id='par_1_30' title="bbox 1608 4202 2993 4287">
     <span class='ocr_line' id='line_1_146' title="bbox 1608 4202 2993 4274; baseline -0.012 -10"><span class='ocrx_word' id='word_1_885' title='bbox 1608 4235 1697 4264; x_wconf 89' lang='lat' dir='ltr'><strong>rum</strong></span> <span class='ocrx_word' id='word_1_886' title='bbox 1731 4221 2049 4274; x_wconf 84' lang='lat' dir='ltr'><strong>AEgyptiacarum</strong></span> <span class='ocrx_word' id='word_1_887' title='bbox 2086 4218 2268 4268; x_wconf 88' lang='lat' dir='ltr'><strong>scriptor,</strong></span> <span class='ocrx_word' id='word_1_888' title='bbox 2299 4218 2340 4256; x_wconf 91' lang='lat' dir='ltr'><strong>et</strong></span> <span class='ocrx_word' id='word_1_889' title='bbox 2375 4217 2562 4264; x_wconf 85' lang='lat' dir='ltr'><strong>Berosus,</strong></span> <span class='ocrx_word' id='word_1_890' title='bbox 2595 4211 2851 4254; x_wconf 81' lang='lat' dir='ltr'><strong>Chaldaicam</strong></span> <span class='ocrx_word' id='word_1_891' title='bbox 2880 4203 2915 4271; x_wconf 25' lang='grc' dir='ltr'><strong>,ζ’</strong></span> <span class='ocrx_word' id='word_1_892' title='bbox 2976 4202 2993 4249; x_wconf 63' lang='lat' dir='ltr'><em>j</em></span> 
     </span>
    </p>
   </div>
   <div class='ocr_carea' id='block_1_30' title="bbox 1607 4277 2885 4338">
    <p class='ocr_par' dir='ltr' id='par_1_31' title="bbox 1607 4277 2885 4338">
     <span class='ocr_line' id='line_1_147' title="bbox 1607 4277 2885 4338; baseline -0.009 -9"><span class='ocrx_word' id='word_1_893' title='bbox 1607 4290 1762 4338; x_wconf 84' lang='lat' dir='ltr'><strong>auctor,</strong></span> <span class='ocrx_word' id='word_1_894' title='bbox 1783 4289 1822 4328; x_wconf 88' lang='lat' dir='ltr'><strong>et</strong></span> <span class='ocrx_word' id='word_1_895' title='bbox 1841 4286 2007 4327; x_wconf 78' lang='lat' dir='ltr'><strong>Moclius</strong></span> <span class='ocrx_word' id='word_1_896' title='bbox 2032 4285 2071 4324; x_wconf 87' lang='lat' dir='ltr'><strong>et</strong></span> <span class='ocrx_word' id='word_1_897' title='bbox 2099 4282 2313 4332; x_wconf 81' lang='lat' dir='ltr'><strong>Hestiaeus,</strong></span> <span class='ocrx_word' id='word_1_898' title='bbox 2340 4282 2610 4331; x_wconf 73' lang='lat' dir='ltr'><strong>praetereaque</strong></span> <span class='ocrx_word' id='word_1_899' title='bbox 2634 4277 2846 4325; x_wconf 79' lang='lat' dir='ltr'><strong>Hieronym</strong></span> <span class='ocrx_word' id='word_1_900' title='bbox 2883 4315 2885 4317; x_wconf 87' lang='lat'><strong>.</strong></span> 
     </span>
    </p>
   </div>
  </div>
 </body>
</html>
