3016 4628
0 4158 16 4175 Ἰ

0 4259 71 4405 {j

3 4403 23 4439 4:⁷¹
41 4403 67 4442 uf
87 4422 90 4427 .

0 4450 75 4628 ἓ

118 379 232 432 ’νικᾶ
257 380 411 444 ἱμάτια
445 386 585 444 φορεῖν
620 377 774 434 ἥδιστα
795 376 868 422 καὶ
891 373 1230 439 χρησιμώτατα·
1267 373 1416 420 κώθων

121 447 405 509 >Λακωνικὸς,
430 449 614 512 ἔκπωμα
636 445 980 503 ἐπιτηδειότατον
1005 446 1064 498 εἷς
1090 443 1320 510 στρατείαν
1342 442 1418 490 καὶ

114 524 425 592 ἐὐφορώτατον
453 524 496 569 ἐν
521 520 680 586 γυλίῳ·
714 513 763 567 οῧ
788 517 832 566 δὲ
857 516 979 565 ἕνεκα
1012 519 1310 582 στρατιωτικῷ
1340 518 1364 542 *
1398 517 1420 540 *

140 595 347 650 πολλάκις
370 594 535 656 ἀνάγκη
555 592 668 658 ὕδωρ
691 592 826 638 πίνειν
851 592 899 638 οὐ
920 589 1129 654 καθαρόν·
1151 591 1321 653 πρῶτον
1343 586 1421 649 μ’ὲν

75 711 84 729 1
100 664 208 721 oliv
226 669 273 717 τὸ
295 671 394 730 (τοῦ
409 666 596 727 Coraes)
615 664 676 726 μὴ
694 663 801 721 λίαν
814 662 1056 718 κατάδηλον
1078 655 1186 707 εἶναι
1206 659 1254 706 τὸ
1272 659 1393 721 πόμα
1406 696 1418 717 ,

0 746 3 762 ·
106 731 226 792 ”dm
248 739 453 802 ἄμὸωνας
478 741 500 785 ὁ
523 736 671 784 κώθων
698 735 808 800 ἔχων
834 734 1056 782 ὑπολείπει
1082 732 1132 780 τὸ
1157 733 1205 779 οὗ
1232 731 1420 797 καθοιρὸν

135 817 179 875 ἐν
199 815 328 878 αὐτῷ.
352 834 371 854 »

199 885 342 948 Χωρὶς
363 881 408 929 δὲ
426 879 614 942 τούτων]
639 881 756 927 Vide
780 896 881 940 quae
899 881 1019 924 inira
1041 887 1343 938 apponuntur
1366 893 1422 921 ex

60 944 105 1013 5¹³„ss
134 957 400 1006 Plutarcho.
423 979 487 989 —-
518 944 566 999 οὗ
602 949 646 997 δὲ
680 953 804 997 ἕνεκα
838 949 954 1012 κτλ.]
988 951 1155 996 Coraes
1189 946 1422 1010 (Δεύτεραι

135 1026 347 1095 φροντίδες
378 1029 428 1071 in
453 1026 687 1071 Plutarch.
726 1034 841 1069 tom.
867 1026 953 1079 Vl,
974 1039 1025 1083 p.
1055 1021 1163 1084 475)
1189 1036 1200 1068 ἱ
1223 1019 1279 1068 Ὁ
1305 1023 1420 1072 νοῦς·

83 1095 94 1142 Ϊ’
136 1091 205 1151 OE
225 1096 270 1146 δὲ
301 1095 426 1145 ἕνεκα
454 1093 798 1153 ἐπιτηδειότατον
830 1096 888 1147 εἷς
913 1090 1140 1157 στρατείαν
1173 1089 1326 1156 εἴρηκα
1351 1090 1422 1137 τὸν

83 1181 101 1214 ”·.
136 1167 386 1222 Λακωνικὸν
414 1164 620 1228 κώθωνα,
659 1165 782 1213 τοῦτό
822 1167 934 1212 ἐστι·
961 1166 1258 1229 στρατιωτικῷ
1293 1166 1421 1226 (του-

134 1242 251 1291 τέστι
296 1238 564 1306 στρατιώτῃ)
604 1238 813 1292 πολλάκις
847 1236 1016 1301 ἀνάγκη
1045 1235 1160 1299 ὕδωρ
1201 1235 1336 1282 πίνειν
1374 1236 1422 1282 οὔ

91 1304 93 1306 .
135 1313 320 1381 καθαρόν
335 1332 346 1342 ·
364 1315 532 1379 πρῶτον
553 1311 630 1374 μὲν
651 1303 721 1357 οῧν
747 1309 1066 1368 ἐπιτετήδευται
1092 1308 1166 1356 καὶ
1189 1306 1422 1355 κατεσκεύ-

79 1396 81 1404 ’
136 1381 266 1436 ασται
301 1389 489 1433 τοιοῦτον
526 1383 574 1430 τὸ
613 1381 785 1447 ἔκπομα
820 1381 944 1429 ἕνεκα
976 1386 1050 1430 τοῦ
1083 1379 1144 1444 μὴ
1181 1381 1424 1438 κατάδηλον

33 1462 48 1494 ’·
137 1452 245 1507 εἶναι
269 1456 363 1506 λίαν
390 1456 438 1504 τὸ
461 1455 583 1518 πόμα
604 1458 699 1505 κτλ.

201 1532 473 1578 Plutarchus
501 1532 614 1590 Lyc.
639 1546 680 1574 c.
709 1547 738 1590 9
763 1546 774 1574 ε
798 1527 874 1576 T&
892 1526 1101 1591 πρόχειρα
1139 1529 1222 1573 τῶν
1263 1526 1424 1572 σκευῶν

68 1655 69 1659 Ἰ
136 1602 212 1652 καὶ
227 1604 443 1666 ἀναγκαῖα
457 1604 610 1658 ταῦτα,
626 1600 845 1664 κλιντῆρες
862 1599 934 1646 καὶ
948 1599 1086 1664 δίφροι
1103 1598 1177 1645 καὶ
1190 1597 1421 1662 τράπεζαι,

49 1685 84 1734 γ’
139 1673 342 1740 βέλτιστα
363 1671 465 1737 παρ’
485 1671 624 1724 αὐτοῖς
644 1671 961 1737 ἐδημιουργεῖτο
975 1707 988 1729 ,
1015 1670 1090 1717 καὶ
1108 1670 1255 1717 κώθων
1280 1672 1302 1715 ὃ
1326 1673 1425 1717 Λα-

48 1742 62 1801 ’Ῐ
84 1744 94 1767 ²
137 1745 312 1800 κωνικὸς
328 1743 541 1806 εὐδοκίμει
561 1742 750 1806 μάλιστα
762 1744 866 1809 πρὸς
889 1741 963 1796 τὰς
985 1742 1231 1808 στρατείας,
1251 1740 1308 1796 ὥς
1321 1760 1426 1807 φησι

82 1818 85 1827 ’
138 1820 334 1886 Κριτίας.
363 1817 433 1866 Τὰ
453 1816 535 1882 γὰρ
554 1814 797 1879 ἀναγκαίως
815 1814 1025 1878 πινόμενα
1050 1818 1134 1861 τῶν
1156 1813 1322 1861 ὑδάτων
1347 1812 1420 1859 καὶ

37 1882 86 1952 :515
139 1892 419 1940 δυσωποῦντα
442 1890 521 1948 τὴν
551 1889 646 1955 ὄψιν
670 1887 966 1953 ἀπεκρύπτετο
995 1891 1048 1950 τῇ
1074 1887 1210 1952 χρόᾳ,
1242 1886 1316 1933 καὶ
1347 1890 1419 1932 τοῦ

38 1995 44 2001 .
138 1966 309 2029 θολεροῦ
345 1962 692 2028 προσκόπτοντος
721 1961 836 2014 ἐντὸς
872 1960 947 2007 καὶ
972 1959 1316 2024 προσισχομένου
1341 1960 1425 2012 τοῖς

33 2035 86 2095 'f‘
139 2036 339 2101 ἄμὸωσι,
367 2034 663 2101 καθαρώτερον
697 2032 936 2091 ἐπλησίαζε
962 2036 1024 2098 τῷ
1053 2032 1236 2094 στόματι
1270 2033 1320 2078 τὸ
1349 2051 1426 2077 πι-

34 2103 68 2158 Ῐ.
137 2109 325 2172 νόμενον.
348 2111 563 2156 Ceterum
583 2108 708 2154 conf.
732 2109 955 2153 Meursius
969 2108 1161 2151 Miscell.
1181 2107 1356 2150 Lacon.
1382 2106 1423 2161 Ι,

104 2206 107 2214 r
152 2182 448 2240 14‚15‚18.
754 2253 777 2300 4

205 2336 370 2380 Pollux
403 2335 574 2380 Onom.
596 2336 683 2390 VI,
707 2334 762 2389 6,
803 2333 857 2378 31
891 2350 901 2377 :
937 2328 1357 2384 Ἐπικωθωνίζεσθαι
1382 2326 1426 2375 δὲ

26 2398 28 2400 .
58 2395 95 2439 ῙῘ
141 2406 188 2454 τὸ
216 2403 460 2471 περαιτέρω
483 2404 619 2451 πίνειν
643 2403 824 2469 Κριτίας
846 2402 979 2467 λέγει.

765 2493 808 2540 5.

204 2576 449 2632 Athenaeus
466 2575 565 2630 XI,
590 2589 640 2633 p.
671 2573 784 2630 486,
811 2575 848 2618 E
873 2589 883 2616 :
908 2569 1089 2635 Κριτίας
1115 2570 1159 2617 δὲ
1180 2573 1222 2618 ἐν
1247 2573 1299 2634 τῇ
1323 2573 1427 2618 Λα-

140 2644 422 2708 κεδαιμονίων
445 2643 663 2710 πολιτεία·

205 2738 226 2761 α
251 2718 389 2774 Κλίνη
415 2714 764 2781 Μιλησιουργὴς,
793 2715 866 2761 καὶ
902 2714 1043 2780 δίφρος
1068 2715 1422 2781 Μιλησιουργής·

139 2789 260 2847 κλίνη
291 2788 505 2854 Χιουργὴς
534 2789 608 2836 καὶ
644 2788 835 2852 τρείπεζα
853 2787 1131 2853 Ῥηνιοεργῆς
1159 2812 1178 2830 υ
1228 2791 1426 2852 (ignotae

138 2865 498 2910 Lacedaemoniis
514 2863 688 2908 deliciae
702 2862 737 2923 ).

203 2932 569 2999 Μιλησιουργὴς]
609 2937 733 2996 Epit.
783 2932 1149 2998 μολοσσιουργής,
1194 2944 1332 2994 atque
1364 2936 1427 2979 ita

140 3010 277 3055 etiam
306 3010 387 3068 qui
411 3010 568 3053 locum
597 3009 767 3053 Athen.
812 3010 1038 3068 excerpsit
1072 3009 1334 3053 Eustathius
1368 3008 1427 3052 ad

44 3076 67 3090 ’
141 3081 278 3142 Il..1)·
305 3081 398 3126 868
415 3115 428 3138 ‚
456 3081 537 3127 23.
561 3076 873 3141 Harpocratio
894 3098 940 3124 v.
964 3082 1245 3143 Λυκιουργεῖς
1265 3089 1390 3124 recte
1412 3096 1422 3124 ἶ

38 3118 40 3124 Ι
60 3210 70 3225 5
142 3151 280 3210 Κλίνη
305 3150 631 3216 Μιλησιουργὴς
649 3150 828 3216 Κριτίας
850 3150 953 3217 φησὶ
972 3153 1015 3198 ἐν
1028 3155 1081 3215 τῇ
1098 3154 1214 3200 Λακ.
1239 3152 1340 3198 πολ.
1363 3179 1427 3187 —-—

10 3284 17 3342 ζ
142 3296 241 3337 nicae
255 3298 384 3336 vestes
401 3297 551 3347 gestatu
571 3296 869 3346 iucundissimae
895 3299 1016 3348 atque
1042 3298 1287 3347 utilissimae3
1314 3297 1433 3336 cotho
1485 3306 1490 3310 ·

4 3352 31 3414 5⁸³?
140 3368 379 3418 Laconicus,
395 3369 584 3419 poculum
603 3369 850 3419 aptissimum
871 3369 922 3408 ad
937 3369 1233 3419 expeditionem
1249 3380 1430 3409 commo-

69 3435 89 3486 ᾗ
135 3438 423 3492 -dissimumque
442 3441 551 3492 quod
579 3441 730 3481 feratur
753 3441 794 3480 in
813 3453 908 3492 pera
933 3457 942 3481 ε
965 3441 1115 3481 scilicet
1142 3453 1267 3491 quum
1291 3442 1434 3481 milites

12 3508 22 3521 ²
142 3523 246 3564 saepe
263 3524 423 3554 necesse
449 3514 500 3554 sit
519 3525 665 3565 aquam
694 3514 831 3554 bibere
864 3515 1062 3564 impuram
1077 3544 1089 3563 ‚
1120 3514 1249 3564 primo
1271 3514 1431 3564 quidem

145 3585 353 3636 conducit,
369 3597 420 3627 ne
433 3586 551 3627 nimis
561 3587 793 3626 manifestus
807 3586 858 3626 sit
872 3587 990 3637 potus
1000 3617 1011 3636 ‚
1029 3586 1170 3626 deinde
1182 3617 1192 3636 ‚
1209 3598 1335 3636 quum
1354 3598 1429 3626 am·

12 3655 23 3727 I.
144 3653 265 3696 bones
279 3657 421 3696 habeat
445 3657 563 3697 cotho
578 3688 589 3707 ,
607 3658 796 3709 relinquit
810 3658 851 3698 in
866 3669 908 3698 se
923 3659 1120 3709 quidquid
1134 3660 1350 3710 impurum.
1376 3676 1394 3694 »

762 3756 806 3796 4.

197 3842 565 3890 Ἐπικωθωνίζεσθαι
583 3856 654 3896 pro
677 3845 976 3887 immoderatius
991 3847 1126 3887 bibere
1145 3848 1242 3888 dicit
1259 3849 1415 3888 Critias.

767 3950 811 3990 5.

199 4035 342 4078 Critias
356 4037 397 4076 in
411 4038 805 4080 Lacedaemoniorum
826 4043 925 4091 Rep.
941 4041 1079 4081 scribit
1097 4058 1107 4081 ε
1123 4057 1141 4075 «
1162 4045 1304 4083 Lectus
1321 4045 1434 4084 Mile-

0 4107 6 4142 Ξ·
67 4121 105 4150 ,·—
150 4107 207 4168 sio
227 4118 344 4159 opere
361 4109 506 4161 faetus,
523 4111 619 4151 sella
633 4104 786 4152 Milesio
813 4124 930 4164 opere
947 4114 1073 4163 facta,
1093 4115 1220 4154 lectus
1239 4116 1338 4155 Chio
1354 4118 1435 4167 opi-

879 262 1112 310 CRlTlAE
1148 262 1567 308 ATHENIENSIS
1605 262 2019 313 FRAGMENTA.

2715 277 2779 317 69

1497 375 1791 440 Ῥηνιοεργής]
1808 395 1870 424 sc.
1899 382 1957 424 ab
1972 383 2117 424 insuia
2135 379 2268 434 Ῥήνη
2294 384 2386 425 sive
2408 380 2553 433 εΡηνὶς
2567 385 2657 426 sive
2676 383 2780 440 Ῥη-

1492 447 1591 493 ναία
1610 449 1785 509 (Steph.
1811 452 1894 509 By.
1919 468 1964 495 v.
1981 468 2017 495 z.
2041 451 2075 511 s)
2095 485 2106 506 ‚
2133 453 2168 494 si
2193 468 2303 495 vera
2335 462 2399 495 est
2421 456 2574 497 lectio.
2605 457 2741 499 Bach.
2769 472 2778 499 :

1500 542 1518 560 α
1543 522 1773 579 Equidem
1795 523 1884 582 leg.
1907 525 2133 582 proposui
2152 519 2455 582 Ῥηγιουργής,
2475 527 2688 570 inductus
2703 543 2783 586 po-

1494 594 1714 637 tissimum
1731 595 2032 653 inscriptione
2050 595 2251 653 quadam
2268 610 2343 652 ap.
2371 596 2555 640 Gruter.
2580 614 2628 655 p.
2663 615 2677 641 1
2695 615 2777 642 101

1493 666 1548 710 N.
1578 681 1595 708 1
1614 699 1626 720 ,
1657 681 1667 709 :
1696 670 1743 708 ιή
1763 668 1931 725 templo
1953 668 2136 724 collegii
2146 663 2342 721 fabrum
2360 676 2407 708 et
2427 674 2783 713 centonariorum

1493 735 1863 794 Rleegmense'u'm.
1897 740 2014 782 Nam
2035 738 2183 781 sicubi
2213 738 2448 795 peculiare
2473 749 2537 782 est
2564 743 2787 798 templum

1494 810 1679 868 collegii
1703 810 1971 865 fabrorum,
2006 811 2070 853 ibi
2105 812 2242 854 etiam
2266 809 2392 853 haud
2414 811 2622 870 vulgaria
2647 812 2785 857 fuisse·

1496 891 1686 940 oportet
1709 883 1969 927 eorundem
1992 898 2149 942 opera.
2183 902 2201 921 »

2115 977 2163 1023 6.

1560 1064 1822 1108 Eustathius
1838 1064 1897 1109 ad
1917 1067 2054 1112 Hom.
2072 1065 2162 1109 Od.
2182 1065 2250 1120 Θ,
2276 1064 2386 1121 376,
2401 1080 2449 1123 p.
2475 1064 2590 1108 1601
2617 1067 2753 1112 Rom.
2774 1083 2782 1109 :

1496 1133 1793 1198 Ἐπεχωρίαζε
1808 1174 1822 1197 ,
1837 1135 1964 1202 φασὶ,
1989 1135 2345 1198 Λακεδαιμονίοις
2361 1134 2477 1199 ἀγὼν
2502 1139 2529 1191 ἢ
2545 1155 2787 1202 σφαιρομα-

1494 1205 1628 1270 χία...
1658 1206 1914 1268 Snus-:ioman
1951 1206 1994 1254 δὲ
2019 1208 2093 1255 καὶ
2122 1206 2187 1254 ὅτι
2211 1206 2431 1272 ὀρχήσεως
2457 1200 2564 1260 εἶδος
2587 1201 2638 1266 ἦν
2663 1210 2736 1255 καὶ
2760 1215 2786 1267 ἡ

1495 1279 1672 1335 τοιαύτη
1693 1279 1761 1325 διὰ
1783 1279 1966 1344 σφαίρας
1989 1278 2163 1338 παιδιὰ,
2184 1282 2240 1332 ὡς
2265 1280 2386 1336 δηλοῖ
2410 1279 2485 1326 καὶ
2510 1282 2531 1325 ὃ
2552 1278 2663 1330 οὕτω
2687 1282 2789 1346 γροί-

1495 1352 1602 1413 ψας·
1625 1351 1954 1415 Θερμαυστρὶς,
1977 1351 2155 1416 ὄρχησις
2171 1350 2241 1397 διὰ
2265 1352 2407 1398 ποδῶν
2435 1350 2644 1405 σύντονος.
2667 1354 2791 1411 Φησὶ

1495 1427 1594 1487 γοῦν
1619 1423 1798 1488 Κριτίας
1822 1422 1948 1470 οὕτω·

1561 1516 1582 1536 «
1601 1494 1972 1553 Ἀναπηδήσαντες
1989 1496 2045 1549 εἷς
2065 1494 2167 1560 ὕψος
2184 1495 2267 1560 πρὸ
2286 1500 2358 1543 τοῦ
2384 1500 2695 1561 κατενεχθῆναι
2719 1498 2791 1545 ἐπὶ

1496 1569 1575 1630 γῆν
1590 1567 1884 1632 ’παραλλαγὰς
1905 1567 2066 1621 πολλὰς
2084 1569 2170 1622 τοῖς
2205 1568 2330 1615 ποσὶν
2364 1567 2547 1628 ἐποίουν,
2570 1569 2591 1616 ὃ
2613 1570 2663 1627 δὴ
2696 1576 2791 1636 θερ-

1498 1639 1771 1703 μαϋστρίζειν
1794 1639 1951 1702 ἔλεγον.
1978 1663 1996 1683 1,

1561 1713 1679 1757 Vide
1705 1729 1806 1772 quae
1838 1714 2099 1759 afferuntur
2118 1716 2164 1758 in
2192 1716 2351 1774 steph.
2386 1718 2523 1764 Thes.
2546 1734 2591 1764 ν.
2615 1719 2792 1779 Θερμα-

1497 1782 1614 1847 στρὶς
1635 1794 1680 1829 et
1704 1783 2065 1849 Θερμαϋστρίζω.
2098 1788 2154 1830 In
2184 1789 2451 1832 universum
2472 1789 2531 1833 de
2552 1790 2792 1834 saltatione

1497 1858 1709 1916 Spartan.
1732 1875 1777 1902 v,
1805 1859 1989 1905 Miiller.
2017 1860 2126 1904 Dor.
2150 1861 2218 1914 Il,
2243 1875 2291 1919 p.
2314 1859 2406 1905 838
2423 1877 2526 1920 sqq.

2010 1998 2022 2001 -
2034 1991 2279 2010 *qoem*—

1793 2097 2137 2144 ΘΕΊἼἌΛξὶΝ
2172 2098 2495 2145 ΠΟΛΙΤΕΙΑ.

2127 2215 2167 2255 7.

1564 2283 1809 2326 Athenaeus
1845 2283 1964 2337 ΧΠ,
1993 2300 2041 2342 p.
2079 2282 2188 2339 527,
2219 2286 2257 2327 A
2290 2300 2300 2327 :
2338 2281 2656 2344 Ὡμολόγηνται
2681 2285 2722 2330 δ’
2756 2288 2793 2330 οἳ.

1498 2352 1714 2400 Θετταλοὶ
1734 2354 1813 2414 (ὡς
1837 2352 1909 2398 καὶ
1939 2353 2114 2416 Κριτίας
2140 2354 2267 2417 φησὶ)
2288 2354 2460 2400 πάντων
2478 2354 2701 2412 εΕλλήνων
2722 2376 2796 2402 πο-

1498 2424 1799 2471 λυτελέστατοι
1831 2429 2086 2487 γεγενῆσθαι
2115 2425 2212 2490 περί
2231 2445 2277 2471 τε
2311 2426 2388 2483 τὴν
2415 2426 2580 2473 δίαιταν
2613 2429 2686 2475 καὶ
2717 2427 2794 2486 τὴν

1500 2499 1674 2554 ἐσθῆτα·
1701 2495 1805 2560 ὅπερ
1828 2499 1970 2551 αὐτοῖς
1996 2497 2130 2544 αἴτιον
2157 2497 2320 2560 ἐγένετο
2352 2499 2466 2545 κατὰ
2485 2504 2560 2557 τῆς
2586 2500 2795 2555 Ἑλλάδος

1500 2572 1733 2632 ἐπαγαγεῖν
1759 2569 1863 2627 τοὺς,
1881 2569 2078 2634 Πέρσας,
2106 2569 2382 2629 ζηλώσαντας
2402 2572 2480 2629 τὴν
2504 2572 2664 2619 τούτων
2690 2593 2794 2636 τρυ-

1500 2641 1582 2708 φὴν
1605 2642 1678 2689 καὶ
1702 2642 1997 2691 πολυτέλειαν.

1565 2717 1740 2761 Eadem
1753 2718 1998 2762 Athenaeus
2010 2720 2313 2777 repetitXIV‚
2329 2735 2376 2778 p.
2395 2719 2505 2776 663,
2520 2724 2575 2775 A,
2592 2720 2766 2764 addens
2783 2738 2798 2765 >

1500 2787 1661 2850 ἱστορεῖ
1685 2787 1728 2833 δὲ
1753 2787 1826 2833 καὶ
1846 2788 1944 2852 περὶ
1968 2792 2044 2844 τῆς
2067 2788 2346 2842 πολυτελείας
2371 2792 2510 2835 αὐτῶν
2536 2791 2609 2837 καὶ
2633 2793 2795 2855 Κρατῖ-

1499 2878 1566 2912 νος
1591 2859 1791 2925 (Κριτίας
1816 2879 1996 2906 corrcx.
2021 2863 2235 2920 casaub.)
2261 2863 2378 2925 ἐντῇ
2407 2861 2612 2927 Πολιτείᾳ
2639 2865 2795 2911 αὐτῶν.

1499 2937 1570 2980 De
1594 2936 1706 2978 luxu
1725 2936 1879 2979 Thess.
1908 2942 1963 2982 cf.
1990 2936 2283 2995 Theopomp.
2307 2936 2364 2979 fr.
2397 2936 2501 2994 178.
2525 2940 2680 2996 Ipsum
2700 2939 2798 2982 Cri-

1500 3008 1611 3051 tiam
1630 3009 1767 3052 exilio
1789 3010 2061 3053 mulctatum
2080 3024 2164 3068 per
2189 3018 2369 3068 tempus
2385 3011 2578 3068 aliquod
2596 3012 2643 3053 in
2659 3012 2800 3054 Thes—

1500 3080 1611 3124 salia
1634 3083 1794 3125 vixisse
1819 3083 2038 3126 discimus
2064 3099 2119 3127 ex
2145 3084 2476 3143 Xenophontis
2501 3085 2620 3130 llell.
2647 3087 2716 3138 ΙΙ,
2746 3085 2769 3127 3
2786 3119 2797 3140 ‚

1505 3153 1584 3200 36.
1612 3155 1679 3200 Cf.
1705 3156 1843 3201 Bach.
1869 3157 1901 3199 l.
1929 3156 1960 3202 l.
1986 3171 2035 3215 p.
2067 3172 2139 3200 Io.

2133 3297 2176 3335 6.

1561 3364 1788 3403 saltationis
1807 3375 1930 3415 genus
1954 3365 2018 3405 hic
2035 3376 2194 3416 quoque
2228 3365 2346 3404 ludus
2368 3365 2501 3415 pilaris
2531 3368 2639 3413 erat,
2665 3367 2707 3402 nt
2731 3364 2798 3402 dv..

1508 3436 1633 3475 clarat
1652 3436 1770 3476 etiam
1792 3438 1823 3476 is
1842 3439 1909 3488 qui
1930 3438 1986 3477 ita
2008 3439 2162 3488 scripsit
2192 3455 2201 3477 :
2231 3438 2477 3490 θερμαυστρίς
2493 3468 2502 3486 ,
2531 3438 2687 3476 saltatio
2709 3448 2807 3480 rum

1508 3506 1653 3556 pedum
1670 3510 1781 3546 motu
1799 3509 1997 3548 concitato
2011 3509 2237 3559 conjuncta.
2292 3510 2435 3550 Critias
2448 3522 2542 3549 vero
2557 3510 2641 3547 lnrc
2658 3509 2773 3547 habet
2790 3524 2796 3544 :

1509 3594 1527 3612 «
1548 3583 1592 3618 ln
1613 3581 1738 3619 altum
1756 3581 1978 3621 exsilientes
1997 3583 2211 3634 antequam
2230 3584 2377 3622 terram
2394 3583 2524 3622 denno
2544 3583 2799 3631 attingerent,

1509 3653 1654 3692 multas
1666 3653 1811 3702 pedum
1824 3654 2148 3704 transpositiones
2161 3655 2371 3705 faciebant,
2390 3655 2426 3694 id
2444 3655 2548 3705 qnod
2563 3653 2800 3706 &appensam-

1508 3727 1580 3769 ζειν
1600 3725 1809 3764 vocabant.
1835 3742 1853 3760 »

1689 3857 1771 3902 ΤΗ
1781 3856 2162 3905 ESSALORUM
2201 3857 2483 3905 RESPUBL
2493 3856 2548 3902 lC
2559 3856 2613 3901 Α.

2133 3940 2175 3978 7.

1560 4005 1820 4044 Consentiunt
1840 4017 1934 4046 vero
1961 4018 2100 4047 omnes
2123 4006 2487 4058 (quemadmodum
2507 4005 2624 4042 etiam
2654 4001 2803 4040 Critias

1509 4069 1591 4119 ait)
1607 4070 1727 4109 fuisse
1743 4071 1951 4111 Thessalos
1979 4074 2068 4111 tum
2096 4073 2137 4111 in
2152 4073 2362 4111 victutum
2387 4071 2426 4108 in
2453 4069 2595 4107 vestitu
2619 4067 2799 4105 omnium

1509 4136 1743 4174 Graecorum
1761 4137 2123 4185 sumptuosissimoe
2139 4153 2147 4175 :
2166 4148 2256 4185 quae
2274 4147 2335 4174 ros
2358 4135 2474 4173 etiam
2494 4143 2609 4171 rausa
2636 4132 2680 4169 iis
2702 4132 2770 4169 suit
2787 4162 2796 4177 ,

153 4178 266 4230 num,
292 4191 427 4220 mensa
453 4182 636 4223 Rhenaeae
654 4185 861 4235 (Rheyino
882 4188 1028 4236 opere)
1056 4186 1247 4227 fabricata
1265 4187 1436 4239 (ignotae
1471 4178 1476 4257 )
1510 4209 1582 4236 cu.-
1605 4201 1738 4237 Persas
1757 4198 1796 4236 in
1822 4200 2014 4241 araz-,iam
2040 4200 2294 4247 induem-cni„
2322 4200 2461 4240 horum
2487 4197 2631 4240 scilicet
2658 4196 2794 4234 luxum

152 4248 455 4291 Lacedaemoniis
469 4251 654 4305 deliciae).
678 4271 697 4290 »

1471 4262 1477 4271 “
1509 4264 1549 4301 et
1566 4262 1892 4312 magnificentiam
1910 4263 2095 4302 aemulati.
