3016 4628
93 406 457 468 apulorumque
493 412 763 460 exerceant,
811 403 1078 448 ostenderet
1116 413 1256 463 atque
1293 406 1356 449 sic

58 478 179 571 bitae
208 479 382 538 optime
399 475 691 521 instituendae
714 476 836 520 viam
855 485 1088 520 monstrai
1090 485 1151 520 et.
1179 477 1359 524 Certius

132 565 227 596 en
249 548 472 609 quiddam
492 548 630 592 statui
648 548 727 592 vix
744 555 913 607 potest,
931 562 1078 606 quum
1100 547 1358 607 fragmenta

115 631 248 668 tum
270 624 368 666 'non
395 623 551 666 omnia.
573 619 795 665 fluxerint
817 635 875 664 ex
905 620 1128 665 Athenaeo
1170 622 1357 680 Dipno·

109 694 298 750 hista,
326 694 407 753 qui
439 709 586 752 quum
613 707 668 738 ea
694 701 874 736 tantum
907 693 1136 749 attulerit,
1164 708 1266 752 quae
1297 693 1358 738 ad

93 779 159 812 cu
193 781 320 811 suam
340 766 567 821 facerent,
603 766 794 810 minime
810 764 921 809 inde
940 767 1150 824 sequitur
1175 767 1357 825 reliqua

131 839 273 884 archi
300 838 455 882 omnia
475 837 680 896 ejusdem
698 836 834 881 fuisse
853 838 1050 897 generis.

92 907 403 958 Ceterorum
448 926 643 970 operum
683 918 954 970 argumenta
999 910 1106 968 ipsis
1149 911 1356 971 reliquiis

98 979 171 1054 {3³
193 983 500 1028 declarantur.
531 984 641 1040 Quae
677 983 841 1041 utique
879 983 1032 1026 virum
1073 996 1240 1042 magna
1266 982 1354 1026 do-

107 1054 224 1099 inae
246 1055 474 1099 varietate
491 1056 766 1098 instructum
798 1052 1024 1112 produnt.
1057 1054 1177 1097 Eum
1209 1053 1355 1098 multa

85 1128 382 1188 ripateticae
411 1127 634 1171 doctrinae
667 1126 851 1170 decteta
879 1127 1151 1185 pelvertisse
1184 1122 1352 1187 (πολλὰ

189 1195 427 1259 περιπάτου
486 1195 751 1262 παρέτρεψεν
778 1197 791 1258 )
847 1206 1040 1242 testatur
1083 1198 1353 1242 Plutarchus

61 1270 153 1318 ἓίῖ.
193 1269 303 1331 76).
331 1271 492 1316 Oratio
517 1287 616 1315 non
650 1280 776 1315 caret
801 1270 1096 1328 jucunditate
1128 1270 1351 1330 quadam,

129 1358 227 1388 non
244 1345 399 1388 nativa
428 1344 533 1404 illa,
555 1343 637 1388 sed
657 1343 844 1388 aliunde
871 1344 1005 1387 allata
1037 1351 1082 1386 et
1119 1343 1347 1387 affectata.

57 1416 279 1474 denique
297 1416 756 1476 Scllweighaeuserus,
776 1416 978 1460 severius
1000 1413 1079 1458 ille
1101 1415 1290 1473 quidem
1307 1422 1352 1459 at

57 1502 158 1531 011
175 1502 365 1547 prorsus
393 1489 573 1546 inique,
590 1489 661 1531 ‘ita
686 1487 866 1546 judicat
891 1486 975 1546 (ad
1005 1488 1175 1532 Athen.
1201 1488 1346 1542 XIII,

47 1569 79 1622 ᾗ
95 1588 107 1604 0
131 1575 215 1617 701
233 1594 245 1616 ,
267 1558 318 1621 C)
341 1576 351 1604 :
378 1581 396 1600 »
420 1561 753 1605 Clearchum...
774 1561 936 1619 'saepius
959 1560 1136 1604 fatuum
1154 1561 1349 1618 scripto·

189 1641 234 1676 et
262 1633 435 1691 partim
454 1633 502 1675 in
526 1631 857 1691 exaggerandis
888 1633 1132 1691 partimin
1155 1638 1349 1675 contor-

64 1707 93 1762 ,ξι
123 1703 252 1748 endis
297 1704 437 1748 rebus
463 1740 474 1760 ,
511 1719 624 1763 quas
669 1705 886 1763 attingit,
934 1704 1146 1763 ineptum
1181 1703 1350 1762 depre-

86 1831 103 1834 .
129 1775 318 1822 dimus,
349 1795 368 1816 »
406 1776 477 1822 Cf.
503 1776 637 1820 Idem
671 1777 719 1819 in
752 1776 916 1820 Indice
940 1791 987 1823 v.
1019 1777 1271 1822 Clearchus
1303 1786 1349 1821 et

86 1839 109 1875 ‘'.
165 1849 175 1859 ‘
206 1868 214 1890 ι
249 1849 297 1893 in
321 1849 687 1894 Commentariis.

601 2103 805 2166 BIOI.

442 2263 480 2310 E
509 2265 696 2311 LIBRO
731 2265 941 2310 PRIMO.

77 2390 96 2423 Ρ
552 2414 554 2416 -
678 2403 696 2430 1
709 2421 719 2432 .

63 2498 95 2556 s
109 2503 365 2562 ,Athenaeus
378 2504 460 2559 VI,
475 2518 522 2562 p.
543 2503 653 2560 234,
667 2505 702 2548 F
720 2519 730 2547 :
751 2499 974 2565 Κλέαρχος
988 2502 1024 2547 δ’
1050 2504 1072 2548 ὃ
1094 2501 1268 2560 Σολεὺς,
1287 2495 1344 2557 εἷς

63 2570 72 2612 s
99 2567 234 2628 ὀὗτος
254 2575 339 2620 τῶν
362 2572 680 2637 Ἀριστοτέλους
695 2572 786 2621 ἐστὶ
807 2576 1026 2636 μαθητῶν,
1046 2576 1088 2620 ἐν
1103 2577 1164 2639 τῷ
1182 2574 1343 2640 πρώτῳ

67 2661 74 2698 ξ
101 2645 282 2695 νΒίων
316 2645 419 2692 τάδε
443 2645 623 2710 γράφει·
648 2668 667 2690 α
688 2643 792 2694 Ἔτι
817 2644 860 2692 δὲ
887 2645 1127 2710 παράσιτον
1156 2651 1229 2693 νῦν
1262 2646 1338 2710 μὲν

84 2746 92 2760 ο
140 2718 315 2780 ἄτιμον,
332 2717 431 2765 τότε
447 2717 492 2765 δὲ
516 2717 588 2766 τὸν
613 2720 669 2773 εἷς
688 2717 736 2765 τὸ
758 2717 967 2779 συμὸιοῧν
992 2718 1336 2783 κατειλεγμένον.

67 2799 73 2849 ξ
110 2810 132 2838 ν
153 2796 254 2854 γοῦν
272 2790 360 2844 τοῖς
372 2790 577 2844 παλαιοῖς
598 2790 742 2853 νόμοις
769 2793 812 2837 αἱ
835 2791 1036 2838 πλεῖσται
1060 2794 1144 2838 τῶν
1164 2791 1328 2839 πόλεων

69 2862 112 2910 ἰ
131 2863 205 2910 καὶ
229 2862 417 2927 τήμερον
438 2869 532 2916 ταῖς
560 2863 858 2920 ἐντιμοτάταις
884 2864 1038 2928 ἀρχαῖς
1058 2863 1333 2926 συγκαταλέ-

24 2945 25 2951 ’
51 2955 169 2985 υσι
191 2935 470 3001 παρασίτους.
501 2956 521 2978 »
569 2988 577 3002 .

67 3007 293 3072 ἄτιμον]
313 3010 376 3055 sic
399 3025 488 3071 pro
513 3010 741 3071 vulgata
726 3006 894 3072 ε’τοιμον
920 3012 1220 3056 sciibendum
1245 3028 1340 3058 esse

92 3093 266 3129 erunt
305 3084 548 3128 Piersonus
587 3083 647 3127 ad
677 3085 814 3130 Moer.
847 3100 898 3144 p.
951 3083 1042 3128 332
1080 3095 1127 3130 et
1168 3086 1260 3130 Col
1263 3102 1335 3146 ay.

87 3167 125 3202 ’1.
157 3142 415 3216 Schweigh.
445 3156 504 3200 ad
530 3156 580 3200 h.
613 3156 645 3200 l.
683 3164 729 3201 et
757 3158 987 3202 Prellerus
1026 3158 1087 3202 ad
1117 3159 1339 3203 Polemo-

71 3237 113 3267 ἀ
137 3251 144 3266 ·
192 3244 240 3288 p.
273 3244 396 3284 120,
421 3229 504 3272 ubi
521 3228 651 3274 haec:
685 3247 706 3268 «
724 3228 944 3274 Ceterum
967 3230 1215 3275 Clearchus
1237 3247 1336 3275 non

397 3366 467 3413 ι1]
502 3332 694 3414 Lumo
722 3365 939 3415 PmMo.

670 3473 709 3512 1.

86 3515 130 3590 ³33⁵
148 3538 315 3579 earchus
337 3538 530 3588 Solensis,
558 3549 663 3578 unus
689 3538 755 3578 ille
782 3549 834 3578 ex
864 3537 1093 3578 Aristotelis
1113 3538 1337 3587 discipulis,

161 3601 350 3644 umlibro
366 3600 494 3652 primo
513 3601 650 3642 scribit
677 3601 798 3642 hrec:
824 3616 842 3635 κ
874 3603 1071 3641 Praeterea
1086 3604 1339 3651 parasitum

23 3700 25 3702 .
136 3665 350 3717 quidem
380 3666 584 3706 hominem
613 3667 760 3706 vocant
778 3666 897 3706 vilem
929 3667 969 3706 et
991 3665 1220 3717 ignobilem,
1243 3665 1339 3705 olim

20 3728 29 3778 ζ’
131 3747 137 3765 a
160 3740 255 3771 eum
266 3730 336 3783 qui
354 3732 457 3771 esset
474 3728 526 3770 ad
545 3730 773 3770 convictum
792 3731 1014 3780 cooptatus.
1033 3731 1150 3770 Certe
1169 3730 1339 3769 vetustis

14 3793 16 3795 ’
92 3800 143 3830 d·
154 3795 406 3846 aspleraeque
418 3795 598 3836 civitates
608 3825 620 3846 ‚
637 3797 758 3846 atque
773 3795 894 3835 etiam
911 3795 959 3834 ad
979 3795 1085 3834 hunc
1097 3794 1203 3834 diem
1219 3793 1338 3845 [non-

144 3874 162 3892 ν
177 3857 195 3910 ]
211 3852 518 3899 henoratissimis
531 3857 828 3908 magistratibus
856 3858 1067 3897 accensent
1082 3856 1293 3896 Parasitos.
1318 3871 1337 3890 »

80 3923 175 4026 βῆ
244 3947 248 3951 ⁴
389 3952 429 4001 E
461 3951 653 4001 meno
689 3952 994 4001 SECUNDO.

13 4084 14 4087 Ἰ
143 4072 325 4151 ἰ’-’.11110118
336 4102 640 4152 Pythagoricus,
665 4037 712 4142 {t
731 4102 786 4142 ait
813 4100 1029 4142 Clearchus
1059 4099 1341 4150 Peripateticus

25 4214 27 4218 .
64 4215 79 4218 Ι,
110 4163 342 4212 deolihro
361 4164 570 4214 Vitarum,
595 4165 764 4219 illigatas
789 4165 892 4205 dixit
912 4175 995 4205 esse
1021 4163 1175 4214 corpori
1199 4164 1239 4202 et
1258 4164 1338 4201 ter-

71 4230 74 4231 ’
181 4227 276 4268 vita>
300 4227 474 4278 animas,
505 4239 634 4280 poenae
658 4239 795 4268 caussa
825 4245 834 4269 :
857 4230 896 4268 et
928 4227 1095 4267 edixisse
1125 4227 1266 4274 deum,
1299 4225 1337 4264 ni

1026 295 1395 355 CLEARCHUS
1431 298 1741 348 SOLENSIS.

2615 320 2707 361 303

1433 407 1492 450 de
1514 408 1878 452 sacerdotalibus
1901 411 1989 453 illis
2011 413 2288 469 epulonibus
2302 450 2313 470 ,
2342 417 2399 461 de
2420 420 2586 477 quibus
2609 431 2715 465 sunt

1433 489 1587 524 cetera
1620 481 1828 524 Athenaei
1852 482 2113 526 testimonia
2143 482 2159 545 (
2186 500 2211 528 e
2258 488 2508 535 Polemone
2531 494 2673 550 petita
2696 494 2709 550 )

1431 551 1563 610 loqui
1586 551 1787 607 videtur,
1819 567 1983 597 verum
2006 553 2064 597 de
2089 556 2142 598 iis
2167 557 2247 613 qui
2268 560 2407 618 vulgo
2438 563 2713 608 dicebantur

1431 619 1624 688 ἀείσιτοι.
1639 623 1708 668 Cf.
1725 625 1982 668 Aristotelis
1997 626 2137 684 Resp.
2155 628 2390 674 Athe11.fr.
2405 638 2460 687 ‘'1‘7
2473 634 2534 689 b.;
2548 635 2647 677 Tho
2655 651 2712 680 m.

1429 696 1552 756 Mag.
1590 711 1640 755 p.
1670 695 1763 740 280
1795 696 1870 740 ed.
1898 698 2096 754 Ritsch„
2127 700 2285 743 Moeris
2319 716 2365 760 p.
2396 702 2486 747 322
2521 707 2660 750 Piers.
2693 724 2704 750 ε

1431 766 1725 831 Παρασίτους,
1748 765 1847 821 τοὺς
1879 766 2065 832 δημοσίᾳ
2089 769 2362 831 σιτουμένους
2386 774 2428 819 ἐν
2458 777 2518 837 τῷ
2551 795 2714 838 πρυτα-

1430 838 1526 903 νείῳ
1551 838 1761 896 Ἀττικοί,
1787 842 1945 900 quales
1975 851 2107 886 erant
2140 853 2308 902 praeter
2338 855 2555 904 prytancs
2590 850 2716 908 lega-

1431 922 1596 972 tosque
1628 914 1904 974 peregrinos
1936 914 2198 959 sacerdotes
2231 917 2475 974 Eleusinii‚
2511 921 2600 965 alii.
2643 921 2712 965 Cf.

1429 987 1572 1045 Corp.
1593 987 1763 1030 Inscrr.
1784 1001 1835 1032 n.
1867 1001 1957 1045 190
1975 1002 2095 1046 sqq.,
2122 989 2463 1033 WVestermann.
2490 992 2561 1036 De
2580 993 2715 1052 publ.

1428 1058 1598 1104 Athen.
1619 1059 1790 1104 honor.
1816 1056 1969 1121 (Lips.
2004 1057 2157 1120 1830)
2183 1075 2234 1119 p.
2259 1058 2318 1113 45
2345 1075 2448 1120 sqq.
2481 1082 2500 1099 »

1778 1188 1815 1232 E
1851 1189 2036 1234 LIBRO
2071 1189 2364 1235 SECUNDO.

2050 1319 2097 1351 2.

1491 1410 1624 1455 Idem
1648 1412 1724 1467 IV,
1750 1427 1800 1470 p.
1830 1409 1942 1468 157,
1960 1412 1994 1457 C
2014 1427 2025 1456 :
2053 1409 2251 1465 Εὐξίθεος
2275 1413 2298 1457 ὃ
2323 1412 2638 1477 Πυθαγορικὸς,
2662 1413 2718 1467 ὥς

1425 1499 1529 1545 φησι
1552 1479 1778 1545 Κλέαρχος
1797 1483 1819 1528 ὃ
1842 1481 2176 1544 περιπατητικὸς
2198 1482 2440 1547 ἐν’δευτέρῳ
2464 1483 2592 1542 Βίων,
2619 1484 2711 1531 ἔλε-

1423 1572 1493 1616 γεν
1520 1551 1760 1600 ἐνδεδέσθαι
1780 1556 1840 1618 τῷ
1866 1552 2036 1615 σώματι
2063 1554 2219 1619 καὶτῷ
2243 1556 2344 1618 τῇδε
2377 1555 2455 1620 βίῳ
2477 1555 2550 1610 τὰς
2575 1557 2716 1604 ἁπάν-

1423 1644 1508 1671 των
1531 1623 1673 1689 ψυχάς
1703 1626 1914 1690 τιμωρίας
1946 1625 2089 1690 χάριν,
2119 1626 2192 1673 καὶ
2222 1626 2467 1674 διείπασθαι
2491 1628 2563 1675 τὸν
2591 1629 2680 1676 θεὸν
2698 1666 2710 1687 ,

1424 1699 1480 1749 ὡς
1497 1733 1509 1756 ,
1543 1698 1578 1743 εἷ
1602 1695 1661 1758 μὴ
1698 1702 1896 1758 μενοῦσιν
1921 1698 1992 1744 ἐπὶ
2017 1698 2181 1753 τούτοις
2199 1736 2212 1760 ,
2244 1698 2321 1753 ἕως
2345 1698 2394 1746 ἂν
2423 1699 2531 1747 ἑκὼν
2564 1701 2715 1755 αὐτοὺς

1421 1768 1549 1832 λύσῃ,
1566 1768 1718 1815 πλέοσι
1739 1769 1811 1815 καὶ
1829 1768 2016 1832 μείζοσιν
2032 1772 2320 1830 ἐμπεσοῦνται
2336 1771 2431 1818 τότε
2449 1771 2620 1834 λύμαις.
2637 1772 2716 1820 Διὸ

1422 1839 1609 1899 πάντας,
1635 1840 1975 1903 εὗλαὸουμένους
1995 1842 2072 1900 τὴν
2095 1845 2177 1890 τῶν
2200 1842 2358 1908 κυρίων
2382 1843 2606 1904 ἀνάτασιν,
2638 1864 2713 1908 φο-

1424 1914 1592 1960 6εῖσθαι
1617 1918 1691 1961 τοῦ
1715 1916 1790 1972 ζῆν
1816 1912 1990 1968 ἑκόντας
2021 1915 2226 1973 ἐκὸἧναι,
2250 1915 2376 1978 μόνον
2411 1936 2456 1963 τε
2483 1916 2553 1963 τὸν
2579 1920 2622 1964 ἓν
2650 1921 2712 1983 τῷ

1419 1985 1533 2051 γήρᾳ
1552 1985 1732 2034 θάνατον
1759 1987 1984 2041 ἀσπασίως
2004 1985 2295 2052 προΐστασθαι
2323 1988 2601 2053 (προσίεσθαι
2625 1991 2714 2037 Ca-

1419 2061 1549 2108 saub.
1562 2063 1595 2118 ),
1609 2059 1920 2122 πεπεισμένους
1935 2058 2013 2118 τὴν
2033 2060 2240 2108 ἀπόλυσιν
2255 2064 2330 2119 τῆς
2347 2063 2488 2127 ψυχῆς
2508 2061 2618 2124 μετὰ
2631 2065 2707 2120 τῆς

1420 2133 1504 2176 τῶν
1528 2130 1685 2194 κυρίων
1719 2131 1939 2195 γίγνεσθαι
1956 2132 2146 2195 γνώμης.

1485 2205 1739 2250 Euxitheus
1763 2207 2080 2266 Pythagoreus
2098 2207 2285 2251 aliunde
2305 2223 2403 2251 non
2425 2217 2577 2255 notus.
2596 2210 2713 2253 Pro-

1418 2275 1573 2321 babile
1607 2287 1673 2321 est
1707 2278 1908 2322 eundem
1937 2293 2030 2322 esse
2072 2288 2211 2338 atque
2233 2281 2535 2336 Dexitheum,
2572 2297 2712 2340 quem

1418 2348 1541 2392 inter
1562 2349 1766 2394 celebres
1793 2350 2108 2410 Pythagoreos
2131 2360 2362 2396 memorat
2383 2353 2624 2397 Iamblich.
2653 2355 2708 2399 V.

1419 2421 1554 2479 Pyth.
1580 2420 1605 2480 §
1633 2419 1723 2464 265
1747 2436 1851 2480 sqq.

1484 2594 1614 2638 Idem
1630 2595 1730 2651 XV,
1744 2611 1791 2654 p.
1812 2592 1970 2651 681,‘C
1991 2611 2002 2638 ε
2024 2593 2245 2658 Κλέαρχος
2263 2596 2300 2641 δ’
2317 2597 2359 2642 ἐν
2378 2595 2559 2660 δευτέρῳ
2577 2595 2707 2655 Βίων,

1418 2687 1438 2706 «
1461 2663 1603 2728 ‘'Opot,
1644 2664 1773 2730 φησὶ,
1832 2685 1928 2719 τους
1971 2665 2019 2712 τὸ
2057 2667 2409 2728 κοσμοσάνδαλον
2453 2668 2704 2734 ἀνευρόντας

1418 2736 1723 2802 (ἀνείρονταςὶ)
1734 2735 1746 2802 )
1769 2738 2159 2800 Λακεδαιμονίους,
2179 2738 2219 2786 οἳ
2238 2739 2308 2786 τὸν
2321 2741 2613 2788 παλαιότατον
2631 2745 2708 2799 τῆς

1416 2810 1640 2867 πολιτικῆς
1670 2810 1831 2873 κόσμον
1871 2811 2235 2880 συμπατήσαντες
2269 2811 2332 2867 ἐξε
2335 2813 2703 2877 τραχηλίσθησαν.

1419 2880 1582 2947 Διόπερ
1620 2883 1762 2936 καλῶς
1795 2882 1894 2946 περὶ
1930 2885 2070 2929 αὐτῶν
2114 2882 2282 2948 εἴρηκεν
2328 2887 2350 2932 ὁ
2389 2884 2709 2950 κωμῳδιοποιὸς

1420 2951 1669 3019 Ἀντιφάνης
1694 2956 1736 3000 ἓν
1769 2956 2008 3019 Κιθαριστῇ
2025 2972 2034 2982 ·

1521 3070 1606 3109 Οὐκ
1621 3070 1771 3120 ἐφύσων
1784 3073 1821 3109 οἱ
1842 3070 2025 3116 Λάκωνες
2042 3074 2095 3117 ὡς
2111 3071 2320 3123 ἀπόρθητοί
2336 3086 2445 3123 ποτε,

1516 3132 1581 3167 νῦν
1603 3129 1636 3168 δ’
1658 3129 1888 3179 ὁμηρεύουσ’
1910 3129 2060 3180 ἔχοντες
2076 3135 2288 3182 πορφυροῦς
2316 3132 2600 3182 κεκρυφάλους;
2623 3151 2639 3166 ι»

1414 3231 1485 3276 Cf.
1500 3233 1738 3277 AEschines
1755 3232 1929 3279 Contra
1942 3233 2289 3294 Ctesiphontem
2301 3251 2352 3296 p.
2371 3251 2395 3292 7
2405 3251 2430 3279 2
2443 3270 2455 3293 ,
2474 3235 2498 3279 3
2507 3236 2532 3280 3
2545 3237 2703 3295 Steph.

1415 3370 1604 3408 maneant
1634 3369 1675 3408 in
1699 3370 1759 3409 his
1781 3370 1907 3410 donec
1937 3369 2020 3421 ipse
2039 3371 2162 3410 -ultro
2189 3381 2258 3410 eos
2282 3371 2507 3421 liberasset,
2539 3373 2623 3411 sore
2657 3374 2701 3411 ut

1414 3431 1455 3471 in
1479 3433 1594 3482 plura
1619 3433 1711 3473 dein
1735 3434 1996 3484 gravioraque
2030 3435 2134 3473 mala
2164 3435 2354 3475 incidant.
2378 3439 2510 3484 Quare
2544 3447 2703 3483 omncs,

1414 3497 1560 3536 veritas
1574 3497 1827 3537 dominorum
1842 3498 1971 3537 minas
1987 3498 2073 3538 illas
2083 3528 2095 3547 ,
2117 3507 2256 3538 cavere
2271 3510 2321 3539 ne
2336 3501 2475 3549 sponte
2488 3499 2569 3538 vita
2588 3510 2703 3538 exce-

1413 3559 1512 3600 dant
1541 3562 1582 3600 et
1606 3561 1732 3601 solam
1764 3562 1806 3601 in
1840 3563 2045 3602 senectute
2073 3564 2242 3602 mortem
2267 3563 2436 3602 libenter
2466 3563 2701 3610 admittere,

1412 3635 1618 3675 persuasos
1647 3626 1756 3666 illam
1778 3627 1922 3666 animae
1946 3625 2222 3667 liberationem
2245 3638 2296 3667 ex
2327 3627 2580 3666 dominorum
2616 3626 2699 3665 lieri

1413 3689 1630 3729 voluntate.

2037 3759 2080 3799 3.

1466 3830 1681 3870 Clearchus
1714 3831 1888 3870 secundo
1922 3832 2023 3872 libro
2056 3833 2243 3872 Vitarum
2287 3849 2296 3872 ε
2334 3848 2354 3866 «
2389 3831 2511 3878 Vide,
2551 3830 2694 3879 inquit,

1411 3894 1754 3944 Lacedaemonios,
1786 3895 1878 3945 qui,
1911 3897 2122 3946 postquam
2163 3894 2506 3935 cosmosandalum
2537 3892 2698 3930 invene-

1414 3960 1533 4006 runt,
1558 3958 1790 3997 conculcato
1823 3958 2099 4009 antiquissimo
2123 3957 2442 3998 administrandae
2473 3954 2697 4004 reipublicae.

1412 4025 1580 4072 ornatu,
1604 4023 1830 4074 praecipites
1862 4025 2044 4063 ruerunt.
2070 4027 2200 4071 Quare
2225 4021 2429 4062 commode
2453 4020 2491 4058 in
2507 4029 2573 4058 eos
2598 4018 2698 4056 dixit

1413 4088 1586 4129 comicus
1602 4089 1844 4140 Antiphanes
1865 4089 1904 4128 in
1921 4090 2131 4129 Citharista
2149 4101 2157 4127 :
2360 4077 2410 4121 9

1457 4175 1592 4210 Nonne
1607 4174 1865 4220 superbiebant
1878 4175 1966 4208 011111
1985 4173 2249 4209 Lacedaemonii
2262 4171 2360 4215 qnasi
2376 4167 2691 4212 inexpugnabiles,

1459 4233 1565 4266 Nunc
1587 4239 1678 4266 vero
1691 4231 2023 4278 serviunrutentes
2037 4229 2229 4273 purpureis
2247 4223 2433 4261 reticulis?
2460 4236 2474 4255 ι
