3016 4628
207 314 261 351 ιο
1254 300 1544 349 DioNst
1587 263 1814 378 Rho-nu
1874 308 1879 311 ’

199 413 236 457 εἰ
267 408 441 471 μάθοιεν
479 407 527 456 τὸ
560 407 810 458 Παλλάδιον
835 406 884 455 τὸ
921 406 1111 462 διοπετὲς
1139 407 1431 471 καλούμενον,
1469 406 1492 455 ὃ
1526 409 1535 453 l
1573 410 1733 468 κτήτης
1749 410 1980 477 κατῴκησε
2001 410 2112 475 μετὰ
2140 410 2216 471 τὴν
2246 415 2322 472 τῆς
2342 412 2474 461 Ἰλίου
2501 413 2722 478 πόρθησιν,
2757 413 2868 461 καθὰ

199 481 417 545 Διομήδης
436 480 512 528 καὶ
534 480 769 538 Ὀδυσσεὺς
784 482 1054 546 ἱστοροῦνται
1076 479 1154 544 μὲν
1167 481 1394 546 ὑφελέσθαι
1409 480 1495 527 ἀπὸ
1530 466 1536 526 l
1571 483 1789 538 Διονύσιος
1808 483 1883 531 καὶ
1905 484 2020 532 Δίων
2052 487 2074 532 6
2100 484 2363 539 Κοκκειανὸς
2389 484 2464 534 καὶ
2481 484 2638 540 πάντες
2657 488 2696 534 οἱ
2713 484 2768 533 τὰ
2786 489 2870 533 τῶν
2947 497 2992 547 '3³

202 554 354 613 Ἰλίου,
385 553 771 619 παρακαταθέσθαι
798 551 843 601 δὲ
864 555 1149 619 Δημοφῶντι,
1174 555 1223 600 ἐκ
1241 558 1316 601 τοῦ
1354 553 1498 602 Πέλο-

198 646 275 680 πος
301 629 438 678 ὀστῶν
462 627 829 686 κατεσκευάσθαι,
853 625 1049 692 καθάπερ
1078 627 1150 673 τὸν
1186 624 1429 689 Ὀλύμπιον
1454 625 1498 681 ἐξ

199 699 344 747 ἄλλων
378 702 515 748 ὀστῶν
554 699 739 749 Ἰνδικοῦ
775 696 936 764 θηρίου.
964 698 1055 747 Καὶ
1075 697 1128 756 δὴ
1153 697 1223 746 τὸν
1247 700 1498 763 ἱστοροῦντα

198 771 420 821 Διονύσιον
449 775 492 820 ἕν
514 774 577 838 τῷ
596 771 784 837 πέμπτῳ
805 771 925 836 μέρει
944 775 1019 818 τοῦ
1042 769 1216 820 Κύκλου
1237 770 1497 835 παρίστημι.

265 850 335 892 De
346 846 556 893 Palladio
577 863 636 892 ex
652 847 827 892 ossibus
839 846 1024 906 Pelopis
1040 846 1255 891 confecto
1269 851 1323 890 cf.
1338 846 1495 890 Schol.

198 921 255 965 Il.
277 922 356 977 IV,
372 935 453 980 92;
475 920 728 965 Tzetzesad
744 922 857 979 Lyc.
881 917 959 975 53,
984 935 1040 978 91
1056 935 1097 974 1,
1121 919 1361 963 Posthom.
1386 916 1497 975 5753

200 994 394 1038 Pausan.
417 995 475 1050 V,
507 993 588 1050 13,
616 990 668 1050 53
690 992 927 1038 Welcker.
958 991 1085 1047 Cycl.
1106 1006 1155 1051 p.
1186 998 1263 1048 79.

778 1108 868 1154 ,6,

267 1225 423 1271 Schol.
454 1224 592 1270 Pind.
619 1224 754 1285 Pyth.
778 1225 827 1280 Ι,
863 1238 953 1282 109
985 1239 995 1267 :
1023 1222 1146 1280 Φησὶ
1176 1223 1259 1285 γὰρ
1283 1223 1503 1274 Διονύσιος

202 1298 417 1361 χρησμοῖς
437 1294 700 1348 ’Λπόλλωνος
713 1292 1113 1356 ἀκολουθησάμενον
1132 1292 1201 1341 τὸν
1219 1292 1502 1351 Φιλοκτήτην

205 1370 485 1434 ἀφυπνῶσαι,
511 1367 583 1415 τὸν
606 1367 650 1415 δὲ
675 1366 895 1432 Μαχάονα
923 1367 1138 1432 ἀφελόντα
1158 1371 1231 1414 τοῦ
1257 1365 1405 1421 ἕλκους
1428 1365 1504 1419 τὰς

205 1440 490 1495 διασαπείσας
515 1440 680 1506 σάρκας
708 1439 793 1487 καὶΔ
814 1437 1107 1486 ἐπικλύσαντα
1127 1438 1226 1504 οἴνῳ
1259 1438 1306 1486 τὸ
1330 1444 1503 1504 τραῦμα

204 1513 417 1562 ἐπιπάσαι
441 1513 647 1578 βοτάνην,
673 1512 726 1570 ἣν
748 1511 1007 1570 Ἀσκληπιὸς
1024 1511 1175 1576 εἴληφε
1194 1510 1314 1578 παρὰ
1334 1511 1504 1576 Χείρω-

204 1606 295 1645 νος,
315 1586 389 1633 καὶ
411 1585 543 1640 οὕτως
563 1588 820 1650 ὑγιασθῆναι
839 1584 912 1632 τὸν
932 1584 1071 1647 ἥρωα.

272 1660 471 1717 Eadem,
497 1661 579 1705 sed
600 1661 788 1705 brevius
801 1693 813 1716 ‚
841 1675 897 1705 ex
915 1660 1143 1720 Dionysio
1163 1659 1307 1704 refert
1322 1661 1505 1705 Tzetzes

207 1733 269 1778 ad
286 1736 399 1794 Lyc.
424 1749 453 1794 9
464 1749 481 1777 1
496 1749 513 1778 1
526 1766 537 1778 .

832 1866 856 1908 7
867 1884 876 1895 .

603 1976 643 2019 E
675 1975 860 2020 LIBRO
895 1973 1108 2019 SEXTO.

277 2096 521 2143 Athenaeus
541 2098 636 2154 XI,
656 2113 703 2157 p.
725 2103 836 2154 477,
856 2097 893 2141 Ε
915 2112 925 2140 :
955 2092 1174 2147 Διονύσιος
1193 2093 1228 2140 δ’
1247 2095 1270 2140 6
1283 2091 1449 2154 Σάμιος
1466 2094 1509 2141 ἐν

211 2169 297 2222 τοῖς
315 2169 413 2233 περὶ
436 2172 510 2215 τοῦ
537 2167 714 2217 Κύκλου
743 2167 792 2213 τὸ
817 2165 1060 2230 ιΟμηρικὸν
1084 2164 1304 2213 κισσύὸιον
1326 2165 1510 2228 κυμὸίον

211 2241 316 2308 ἔφη,
333 2241 510 2306 γράφων
525 2240 671 2293 οὕτως·
691 2262 711 2281 «
738 2238 824 2287 Καὶ
843 2238 970 2286 αὐτὸν
988 2236 1222 2291 Ὀδυσσεὺς
1243 2241 1351 2303 ὁρῶν
1371 2243 1511 2286 ταῦτα

211 2318 442 2376 ποιοῦντα,
467 2311 703 2378 πληρώσας
725 2316 800 2359 τοῦ
829 2310 942 2358 οἴνου
967 2309 1151 2372 κυμὸίον
1172 2309 1318 2357 δίδωσι
1342 2318 1472 2360 πιεῖν.
1491 2333 1510 2354 ³³

278 2389 414 2433 Idem
429 2390 500 2433 XI
513 2422 525 2442 ‚
539 2403 589 2447 p.
613 2386 773 2444 481,Ε
793 2402 803 2430 z
824 2382 1044 2437 Διονύσιος
1057 2383 1095 2451 δ’
1114 2386 1136 2430 ὃ
1155 2382 1322 2445 Σάμιος
1339 2384 1381 2430 ἓν
1399 2382 1511 2450 ἕκτῳ

213 2452 311 2517 περὶ
345 2457 419 2499 τοῦ
456 2450 631 2500 Κύκλου
665 2449 714 2498 τὸ
740 2448 844 2497 αὐτὸ
879 2448 1014 2496 οἴεται
1041 2453 1150 2496 εἶναι
1186 2447 1411 2496 κισσύὸιον
1437 2450 1512 2496 καὶ

214 2524 418 2587 κυμὸίον.
446 2523 570 2582 Φησὶ
589 2522 694 2588 γὰρ,
720 2525 777 2576 ὡς
797 2521 1055 2581 Ὀδυσσεὺς,
1076 2521 1311 2588 πληρώσας
1330 2520 1513 2585 κυμὸίον

218 2597 407 2664 ἀκράτου
420 2634 432 2656 ,
456 2595 586 2661 ὤρεξε
606 2599 668 2661 τῷ
688 2595 915 2644 Κύκλωπι.

284 2670 395 2735 Περὶ
412 2674 485 2717 τοῦ
505 2669 681 2718 Κύκλου
700 2670 877 2715 dictum
895 2670 1216 2731 negligentius,
1231 2678 1285 2714 ut
1304 2666 1517 2732 Διόδωρος

218 2743 420 2810 περὶτῶν
453 2744 769 2803 Βιὸλιοθηκῶν,
793 2745 910 2798 XII,
943 2759 994 2802 p.
1029 2741 1140 2799 541,
1171 2739 1395 2805 Κλέαρχος
1416 2740 1516 2805 περὶ

220 2817 335 2865 Βίων
380 2826 470 2863 etc.
506 2815 648 2873 Quod
694 2831 794 2859 non
840 2815 1260 2860 animadvertentes
1293 2816 1516 2859 nonnulli

219 2890 496 2949 Dionysium
523 2887 582 2931 de
607 2887 737 2946 cyclo
766 2887 901 2945 epico
926 2887 1155 2947 scripsisse
1186 2895 1428 2946 putarunt.
1457 2889 1513 2932 V.

221 2961 457 3008 Welcker.
481 2961 515 3004 l.
539 2960 571 3004 l.
598 2975 649 3019 p.
675 2958 736 3003 80
759 2974 826 3018 sq.

847 3072 894 3118 8.

290 3193 447 3241 Schol.
467 3194 611 3237 Hom.
634 3190 726 3237 Od.
747 3191 892 3247 XIII,
913 3188 973 3235 85
998 3205 1008 3234 :
1031 3187 1209 3237 Σκύλλα
1231 3189 1422 3256 θυγάτηρ
1444 3189 1521 3254 μὲν

225 3260 276 3327 ἧν
306 3265 530 3328 Φόρκυνος
554 3262 628 3310 καὶ
661 3261 851 3320 Ἑκάτης
874 3260 922 3308 τὸ
959 3259 1036 3324 μὲν
1062 3260 1236 3326 μέγεθος
1272 3263 1520 3327 θαυμαστή·

153 3361 155 3363 ’
228 3333 318 3403 εἶχε
343 3335 388 3384 δὲ
412 3334 546 3389 πόδας
578 3333 655 3397 μὲν
681 3333 867 3394 δώδεκα,
893 3331 1082 3400 κεφαλὰς
1110 3334 1155 3381 δὲ
1181 3333 1250 3398 ἓξ,
1276 3337 1320 3383 ἓν
1352 3335 1523 3402 ἑκάστῳ

228 3410 273 3458 δὲ
293 3407 519 3471 στομάτων
541 3409 654 3471 τρεῖς
677 3405 850 3470 στίχους
873 3404 1071 3464 ὀδόντων,
1096 3406 1338 3472 ὀφθαλμοὺς
1358 3407 1403 3455 δὲ
1441 3428 1525 3456 πυ-

231 3483 421 3548 ροειδεῗς.
445 3479 533 3528 Καὶ
548 3478 597 3526 τὸ
616 3477 693 3540 μὲν
707 3477 814 3526 ἄλλο
835 3481 962 3540 σῶμα
981 3476 1213 3543 ἐκρύπτετο
1234 3482 1365 3538 αὐτῆς
1383 3479 1425 3528 ἔν
1441 3500 1524 3529 τινι

230 3551 433 3617 σπηλαίῳ
464 3549 579 3598 κατὰ
616 3549 743 3615 βύθου
786 3549 1069 3614 βεὸλημένον,
1110 3551 1299 3618 συμφυὲς
1326 3547 1434 3600 οῧσα
1470 3557 1524 3618 τῇ

231 3626 386 3691 πέτρᾳ·
409 3623 485 3678 τὰς
506 3622 550 3670 δὲ
564 3622 754 3689 κεφαλὰς
771 3624 900 3680 αὐτῆς
922 3615 992 3687 εἷχ
995 3643 1036 3670 εν
1051 3622 1130 3678 ἔξω
1145 3624 1397 3689 περιμήκεις
1416 3626 1527 3674 ὥστε

233 3697 439 3746 δύνασθαι
460 3695 546 3743 ἀπὸ
564 3699 640 3753 τῆς
659 3694 819 3760 πέτρας
840 3697 896 3749 εἷς
915 3695 991 3752 τὴν
1011 3700 1116 3742 ναῦν
1137 3696 1323 3762 φθάνειν.
1349 3697 1527 3757 Ταύτην

232 3770 403 3834 λέγεται
417 3767 487 3815 τὸν
501 3765 727 3832 (Ηρακλέα
747 3766 874 3814 ὁπότε
890 3766 965 3821 τὰς
982 3767 1198 3832 Γηρυόνου
1213 3772 1311 3833 βοῦς
1330 3761 1450 3834 ἦγεν,
1473 3774 1529 3824 ὡς

235 3837 343 3893 εἶδεν
366 3838 764 3902 ἀπληστευομένην,
783 3840 960 3886 ἀνελεῖν·
977 3838 1049 3886 τὸν
1071 3838 1114 3886 δὲ
1129 3840 1294 3903 πατέρα
1313 3841 1382 3889 διὰ
1399 3842 1530 3909 πυρὸς

237 3913 482 3978 ἀναγκάσαι
501 3912 631 3960 πάλιν
648 3910 779 3970 αὐτὴν
797 3913 1021 3970 ἀναζῆσαι.
1044 3910 1103 3960 ‘H
1117 3913 1284 3979 ἱστορία
1296 3913 1416 3980 παρὰ
1431 3919 1530 3964 Διο-

235 3986 383 4052 νυσίῳ.

863 4072 893 4116 9

306 4177 487 4219 Tzetzes
519 4172 578 4217 ad
602 4175 715 4231 Lyc.
743 4186 836 4230 912
875 4187 885 4215 :
923 4166 1059 4217 Ἔνθα
1094 4175 1167 4217 νῦν
1198 4175 1225 4228 ἡ
1262 4170 1394 4232 Χώνη
1420 4174 1533 4233 ἐστὶ,

243 4244 398 4311 χωρίον
422 4236 475 4306 ἦν
502 4245 670 4309 πρῶτον
691 4241 921 4306 λεγόμενον
949 4242 1164 4308 Οἰνωτρία
1180 4280 1193 4306 ,
1216 4243 1322 4292 ὅπου
1352 4247 1373 4291 6
1395 4247 1534 4294 Φιλο-

1571 554 1805 617 Ῥωμαίων
1822 555 2064 622 γράψαντες
2087 558 2322 623 ἱστοροῦσι.

1638 633 1708 676 De
1729 632 1957 691 Dionysio
1974 632 2361 677 Halicarnassensi
2380 632 2546 693 aliquis
2572 631 2869 693 cogitaverit3

1572 702 1654 748 sed
1684 704 1722 748 is
1752 703 1811 748 de
1841 702 1929 748 hac
1965 719 2017 748 re
2055 703 2198 760 nihil3
2237 704 2445 765 intellige
2480 704 2871 765 cyclographum,

1574 789 1714 834 quem
1737 775 1786 818 in
1806 774 2022 834 proxime
2042 774 2423 821 antecedentibus
2441 776 2623 821 Tzetzes
2647 774 2871 821 laudave-

1575 856 1646 891 rat
1681 844 1761 911 (sr.
1790 847 1870 909 6).
1898 850 2052 907 Atque
2080 847 2306 893 Rhodium
2327 858 2567 894 auctorem
2593 849 2644 892 in
2665 863 2723 893 eo
2747 863 2873 907 quo.-

1576 935 1667 978 que
1687 935 1913 980 agnosco,
1937 921 2069 980 quod
2087 921 2345 966 Philocteta
2364 937 2437 981 ap.
2458 923 2608 969 Tzetz.
2633 922 2666 965 l.
2689 921 2722 965 l.
2750 920 2875 965 Rho-

1575 993 1661 1035 diis
1682 993 1732 1035 in
1755 993 1888 1037 Italia
1907 1002 2070 1038 contra
2093 995 2382 1039 Pallenenses
2410 994 2607 1038 colonos
2639 993 2875 1053 opitulans

1577 1064 1793 1109 cecidisse
1839 1064 2030 1110 dicitur.
2059 1066 2129 1110 Ex
2174 1065 2342 1111 eodem
2380 1066 2635 1125 Dionysio,
2686 1065 2875 1125 opinor,

1577 1135 1755 1181 fluxere
1780 1152 1881 1196 quae
1900 1137 1960 1181 ad
1975 1154 2021 1182 v.
2050 1153 2143 1198 927
2168 1137 2226 1183 (10
2241 1153 2373 1183 sacro
2392 1137 2662 1183 Philoctetae
2682 1153 2880 1198 narran-
2960 1135 2985 1146 ⁵

1578 1219 1670 1254 tur.
1694 1211 1909 1255 Ceterum
1931 1210 1990 1255 de
2007 1211 2168 1256 Chone
2186 1210 2285 1255 vid.
2314 1210 2570 1256 Antiochus
2589 1209 2647 1254 fr.
2669 1210 2717 1266 63
2738 1210 2880 1271 Apol-

1578 1282 1774 1328 lodorus
1786 1281 1844 1327 fr.
1875 1281 1984 1339 1733
2007 1280 2195 1328 Servius
2214 1282 2275 1328 ad
2292 1284 2423 1345 Virg.
2450 1284 2556 1332 AEn.
2580 1284 2673 1340 III,
2698 1288 2810 1337 402.

2196 1421 2269 1450 10.

1647 1531 1828 1574 Tzetzes
1844 1527 1963 1574 Chil.
1988 1529 2110 1585 XII,
2147 1542 2238 1589 179
2273 1544 2283 1572 :

1685 1649 1762 1688 Καὶ
1779 1649 1800 1686 6
1819 1647 1975 1699 Ὀρφεὺς
1992 1647 2192 1699 ῖσόχρονος
2211 1651 2268 1698 τῷ
2291 1648 2474 1700 Ἡρακλεῖ
2488 1649 2636 1700 ὑπῆρχε
2647 1677 2661 1699 ,

1685 1706 1758 1757 πρὸ
1774 1705 1921 1756 χρόνων
1939 1706 2042 1751 ὄντες
2055 1706 2193 1745 ἑκατὸν
2209 1709 2277 1745 τοῦ
2294 1709 2470 1757 Τρωικοῦ
2490 1708 2676 1757 πολέμου.

1685 1764 1750 1808 Ὡς
1766 1764 1807 1802 δὲ
1827 1763 1984 1815 Ὀρφεὺς
2001 1764 2039 1803 ἐν
2056 1765 2228 1809 Λιθικοῖς
2247 1766 2332 1816 περὶ
2351 1766 2471 1804 αὑτοῦ
2489 1778 2553 1815 μοι
2570 1766 2694 1816 λέγει,

1687 1822 1842 1862 Ἑλένου
1862 1835 1897 1860 τι
1920 1822 2150 1873 βραχύτερον
2169 1823 2326 1874 ὕστερον
2340 1823 2435 1862 εἶναι
2452 1823 2551 1874 λέγει
2564 1834 2574 1844 ·

1687 1881 1826 1920 τούτου
1848 1884 1917 1931 μιᾷ
1937 1881 1978 1919 δὲ
1990 1885 2102 1932 γενεᾷ
2120 1881 2292 1933 Ὅμηρος
2316 1882 2524 1932 ὑστερίζει,

1689 1940 1711 1978 ὁ
1726 1940 1827 1978 κατὰ
1843 1939 2044 1979 Διονύσιον
2060 1940 2178 1990 ἄνδρα
2193 1941 2259 1980 τὸν
2278 1941 2545 1992 κυκλογράφον

1691 1998 1754 2037 ἐπὶ
1777 2001 1854 2038 τῶν
1871 1998 1938 2037 δύο
1958 2003 2169 2049 στρατειῶν
2188 1995 2394 2050 λεγόμενος
2411 2000 2613 2051 ὑπάρχειν,

1692 2056 1894 2103 Θηὸαἳκῆς
1911 2056 2105 2103 Ἑλλήνων
2124 2069 2165 2095 τε
2183 2061 2249 2104 τῆς
2266 2057 2330 2095 διὰ
2344 2058 2413 2101 τὴν
2433 2057 2604 2106 Ἑλένην.

1691 2113 1882 2165 Διόδωρός
1894 2128 1936 2154 τε
1956 2114 2148 2168 σύντροχα
2163 2115 2264 2166 λέγει
2283 2115 2476 2168 Διονυσίῳ
2490 2145 2503 2166 ,

1690 2173 1758 2211 καὶ
1776 2173 1896 2225 ἕτεροι
1914 2173 2041 2225 μυρίοι
2059 2173 2114 2213 δέ.

1655 2281 1833 2352 Eadem
1865 2291 2034 2350 repetit
2056 2292 2239 2336 Tzetzes
2265 2290 2326 2336 ad
2348 2290 2547 2337 Hesiod.
2571 2306 2623 2352 p.
2663 2290 2720 2338 15
2744 2292 2886 2340 Gaisf.

1590 2367 1708 2412 Cum
1735 2368 1807 2412 his
1830 2369 2066 2413 cohaerent
2093 2359 2195 2430 quae
2219 2374 2471 2414 afferuntur
2492 2371 2543 2413 in
2567 2371 2773 2417 Crameri
2795 2375 2886 2419 An.

1591 2441 1672 2488 Gr.
1698 2442 1891 2485 Parisin.
1913 2443 2012 2489 vol.
2038 2443 2110 2498 ΙΙ,
2135 2458 2186 2502 p.
2211 2457 2323 2500 227,
2345 2457 2403 2500 27
2442 2458 2453 2487 :
2477 2439 2690 2507 Διόδωρος
2714 2445 2888 2492 ἀποδεί-

1592 2530 1715 2559 κνυσι
1738 2516 1886 2560 τοῦτον
1914 2512 2000 2577 (se.
2032 2511 2103 2560 τὸν
2133 2512 2369 2579 ’Όμηρον)
2391 2513 2474 2580 πρὸ
2499 2517 2575 2573 τῆς
2595 2514 2891 2582 Ἡρακλειδῶν

1593 2583 1775 2632 καθόδου
1804 2584 2160 2644 τετελευτηκότα.
2194 2590 2307 2633 Erat
2327 2589 2426 2634 haec
2442 2590 2640 2635 Cratetis
2667 2593 2892 2637 sententia

1597 2658 1719 2720 (vid.
1746 2669 1905 2704 nostra
1928 2662 1963 2705 F
1967 2675 2111 2720 ragm.
2133 2660 2350 2705 chronol.
2370 2677 2422 2721 p.
2461 2662 2550 2722 196
2574 2663 2651 2707 cll.
2685 2664 2888 2709 Nitzseh.

1594 2733 1713 2776 Hist.
1729 2733 1873 2795 Hom.
1890 2734 1955 2788 ΙΙ,
1974 2748 2024 2792 p.
2042 2747 2122 2792 91,
2141 2732 2378 2780 Welcker.
2400 2749 2451 2793 p.
2474 2733 2606 2797 203).
2623 2736 2890 2796 Dionysius,

1596 2804 1784 2863 opinor,
1808 2804 2060 2864 discipulus
2078 2805 2164 2848 fuit
2178 2805 2387 2850 Cratetis.
2406 2807 2646 2852 Diodorus
2665 2815 2820 2853 autem
2833 2809 2894 2853 li-

1595 2877 1684 2920 bro
1698 2878 1786 2932 III,
1807 2876 1885 2933 67,
1902 2877 1961 2921 de
1978 2886 2108 2922 aetate
2123 2878 2439 2923 Homericum
2451 2879 2749 2938 Apollodoro
2765 2881 2891 2939 facit3

1597 2949 1960 3008 cyclographum
1973 2949 2118 3009 igitur
2127 2959 2308 2994 secutus
2321 2952 2379 2995 sit
2390 2951 2513 2996 libro
2526 2962 2672 3010 sexto,
2685 2969 2775 3013 pro
2790 2953 2895 2998 fon-

1596 3021 1713 3063 tium
1731 3021 1952 3065 varietate
1962 3022 2218 3081 pugnantia
2239 3022 2362 3066 inter
2376 3037 2423 3067 se
2441 3028 2612 3068 referre
2631 3025 2759 3070 haud
2772 3027 2896 3071 veri-

1599 3101 1686 3136 tus.
1701 3094 1763 3137 At
1777 3108 1836 3137 ne
1850 3093 2010 3138 credas
2023 3094 2300 3153 Dionysium
2313 3096 2676 3156 cyclographum
2693 3098 2895 3143 eundem

1599 3179 1692 3209 esse
1716 3180 1823 3209 cum
1840 3166 2105 3224 Mytilenaeo
2118 3199 2131 3222 ,
2151 3181 2299 3226 'quem
2320 3168 2451 3213 libris
2466 3171 2536 3213 III
2559 3179 2606 3214 et
2621 3171 2683 3216 IV
2703 3168 2889 3216 Diodo-

1598 3253 1677 3281 rus
1700 3237 1868 3282 ducem
1886 3238 2052 3282 habuit
2081 3237 2174 3300 (Sic
2198 3240 2406 3285 Lobeck.
2430 3242 2662 3302 Aglaoph.
2684 3258 2780 3303 99⁰
2802 3242 2893 3306 sq.)

1598 3310 1717 3354 Nam
1735 3311 1820 3354 lib.
1840 3312 1926 3356 III.
1948 3310 2029 3368 67,
2051 3326 2096 3368 2,
2115 3311 2370 3372 Thamyrin
2391 3322 2438 3358 et
2459 3315 2698 3375 Orpheum
2717 3325 2764 3360 et
2774 3318 2894 3362 Her·

1601 3383 1752 3426 culem
1768 3383 1876 3427 Lini
1895 3382 2146 3442 discipulos
2162 3384 2314 3442 fuisse,
2330 3385 2534 3446 ideoque
2549 3387 2715 3432 iisdem
2731 3389 2897 3434 vixisse

1603 3455 1912 3515 temporibus,
1939 3455 2069 3501 dicit.
2095 3458 2179 3502 His
2195 3460 2427 3503 contraria
2441 3467 2548 3503 sunt
2566 3474 2669 3518 quae
2689 3474 2746 3504 ex
2758 3461 2898 3505 sebo·-

1602 3528 1673 3572 liis
1716 3530 1886 3572 Tzetzae
1933 3528 1995 3575 ad
2042 3530 2193 3590 Alleg.
2234 3531 2379 3576 Hom.
2425 3529 2506 3592 (in
2545 3531 2708 3577 codice
2749 3532 2892 3578 Paris.

1602 3601 1661 3646 N.
1679 3599 1823 3662 2705)
1844 3602 2074 3661 excerpsit
2087 3600 2336 3647 Diibnerus
2351 3604 2781 3659 meUS,Welckerus
2798 3603 2846 3665 (l.
2859 3606 2892 3650 l.

1603 3687 1652 3732 p.
1685 3672 1800 3735 193)
1820 3673 2000 3732 publici
2019 3675 2126 3719 fecit
2143 3673 2274 3732 juris.
2295 3676 2479 3720 Etenim
2499 3677 2678 3720 Tzetzes
2700 3676 2761 3720 ad
2778 3678 2897 3722 Dio-

1606 3745 1779 3789 dorum
1800 3761 2065 3804 provocans
2085 3746 2248 3791 scribit
2268 3747 2366 3791 haec
2392 3762 2404 3791 ε
2430 3747 2647 3808 Ληροῦσιν
2668 3745 2746 3810 [οἳ]
2776 3740 2895 3795 ε’ἷπον

1606 3814 1671 3861 ὅτι
1708 3818 1731 3862 6
1755 3814 2001 3869 Ὀδυσσέως
2023 3815 2288 3880 Τηλέμαχος
2312 3815 2486 3880 ὕστερον
2510 3810 2562 3875 ἧν
2585 3815 2807 3884 “Ομηρος,
2838 3822 2896 3874 ὣς

1608 3888 1735 3945 δῆλον
1751 3890 1799 3935 ἐκ
1818 3891 1890 3935 τοῦ
1906 3886 2062 3952 χρόνου
2078 3887 2355 3953 Προναπίδου
2374 3892 2449 3936 τοῦ
2465 3887 2664 3955 Ὁμήρου
2688 3891 2898 3939 διδασκά-

1608 3959 1710 4017 λου,
1727 3958 1771 4013 ὃς
1798 3951 1851 4018 ἦν
1870 3959 2011 4024 τρίτος
2042 3958 2129 4006 ἀπὸ
2151 3959 2360 4022 Κάδμου,
2375 3957 2578 4025 ‘'Op-⁷190<
2610 3961 2654 4009 δὲ
2679 3961 2895 4029 τέταρτος.

1610 4030 1668 4079 ‘O
1683 4030 1883 4097 Θάμυρις
1892 4031 1935 4079 δὲ
1947 4031 2078 4079 πάλιν
2088 4031 2271 4091 παλαιὸς
2280 4025 2331 4091 ἦν
2347 4031 2671 4099 ἷσόχρονοςΚάδ
2674 4054 2773 4097 μου,
2782 4034 2899 4083 πάπ-

1611 4122 1687 4157 πος
1708 4102 1917 4169 Ὀρφέως.
1939 4103 2122 4170 Ὀρφεὺς
2143 4103 2187 4151 δὲ
2216 4103 2447 4164 Μενίππης
2469 4098 2523 4163 ἦν
2540 4105 2628 4161 υἱὸς
2646 4110 2722 4165 τῆς
2737 4106 2898 4170 Θαμύ-

1613 4176 1723 4240 ριδος
1743 4176 1976 4240 θυγατρὸς,
2002 4176 2080 4224 κᾶν
2108 4178 2402 4241 ἀλληγορικῶς
2424 4181 2501 4235 τῆς
2531 4178 2782 4238 Καλλίοπης
2810 4179 2898 4234 υἱὸς

1610 4246 1799 4311 λέγεται.
1827 4251 2093 4297 Secundum
2115 4251 2212 4296 haec
2236 4252 2378 4313 igitur
2395 4253 2609 4313 Orpheus
2632 4268 2729 4298 non
2747 4269 2896 4315 aequa-
