3016 4628
98 405 275 476 φησὶ,
307 408 381 457 καὶ
411 410 546 456 ἐκεῖνο
572 406 836 472 τρισχιλίων,
873 405 1144 471 προειλήφθω
1176 406 1216 453 δ’
1246 405 1316 453 ἐπὶ
1354 407 1428 468 (ἐν

97 471 261 531 fffGsk
279 482 293 544 )
317 478 479 532 τούτοις
503 476 722 542 δισχιλίων
747 476 932 523 σταδίων
952 476 1001 522 τὸ
1018 481 1092 524 τοῦ
1116 477 1278 524 κόλπου
1303 477 1430 539 βάθος

101 543 115 558 ”
148 571 222 606 του
256 549 368 600 κατὰ
399 549 643 615 Νάρὸωνα,
679 551 736 602 ὡς
764 546 815 595 ἂν
839 547 1014 602 κάθετος
1039 547 1125 595 ἀπο
1143 551 1218 606 τῆς
1241 566 1427 612 κορυφης

114 615 220 672 ἐπὶ
248 622 328 682 τὴν
351 621 475 687 βάσιν
492 640 565 668 του
592 619 916 708 ἀμὸλυγωνίου·
943 620 1071 678 δηλον
1100 612 1186 679 ουν,
1212 638 1361 685 φησιν,
1382 620 1430 665 ἐκ

130 699 226 754 τῆς
257 695 459 751 παιδικης
499 691 770 757 μετρήσεως,
806 691 870 737 ὅτι
911 694 938 748 ἡ
979 690 1190 754 σύμπασα
1235 689 1428 754 παραλία

95 771 177 826 ἡ
201 766 288 815 ἀπὸ
308 786 384 814 του
406 768 610 830 Πορθμοῦ
633 762 703 810 ἐπὶ
725 762 946 821 Στήλας”
922 782 1098 852 εγγιστα
1122 761 1322 828 υπερέχει
1354 764 1430 818 τῆς

90 832 109 903 ζ’
148 837 218 888 διὰ
236 858 310 887 του
325 838 536 901 πελάγους
557 834 719 888 εὐθείας
729 834 1025 889 πεντακοσίοις
1046 834 1247 889 σταδίοις.
1277 835 1430 897 Προσ-

95 923 111 971 ,ζ
147 910 402 959 τεθέντωνδὲ
387 913 499 956 ετῶν
514 907 598 954 ἀπὸ
611 910 686 964 τ’ῆς
703 907 1073 974 Πελοποννήσου’
1055 908 1125 954 επὶ
1142 906 1213 953 τὸν
1230 903 1430 970 Πορθμὸν

135 981 418 1047 τρισχιλίων,
453 983 492 1027 οἱ
528 979 775 1041 σύμπαντες
808 976 978 1026 ἔσονται
1015 977 1203 1035 στάδιοι,
1240 975 1360 1022 αὐτοὶ
1392 977 1430 1022 οἱ

149 1055 218 1101 ἐπ’
237 1052 424 1111 εὐθείας,
459 1050 630 1104 πλείους
649 1048 676 1107 ἢ
696 1048 917 1098 διπλάσιοι
947 1054 1006 1096 ὧν
1023 1048 1284 1113 Δικαίαρχος
1312 1052 1429 1094 εἰπε·

81 1135 112 1167 Γ
150 1124 318 1179 πλείους
338 1125 381 1172 δὲ
406 1124 566 1171 τούτοιν
590 1121 687 1176 τους
710 1121 784 1168 ἐπὶ
803 1141 874 1169 τον
912 1121 1047 1185 μυχὸν
1073 1121 1145 1168 τὸν
1167 1120 1430 1186 Ἀδριατικὸν

83 1193 319 1257 δεήσει,
345 1215 474 1285 φησι,
495 1194 655 1243 τιθέναι
679 1196 776 1242 κατ’
799 1195 970 1242 ἐκεῖνον.

14 1334 15 1339 1
92 1283 143 1329 ‘'“5
214 1269 353 1328 affl,
381 1289 417 1316 ω
441 1267 536 1334 φίλε
557 1266 750 1316 Πολύὸιε
766 1302 780 1328 ,
807 1265 913 1330 φαίη
937 1283 1001 1319 τις
1017 1264 1086 1326 ἂν,
1108 1264 1255 1329 ὥσπερ
1280 1263 1432 1311 τούτου

13 1345 16 1377 ῑ
88 1403 89 1406 ¹
148 1360 224 1390 του
245 1341 506 1433 ψεύσματος
519 1341 678 1404 ἐναργῆ
704 1338 939 1404 παρίστησι
963 1338 1035 1384 τὸν
1059 1338 1234 1402 ἔλεγχον
1252 1339 1300 1394 ἡ“
1302 1343 1430 1400 πεῖρα

103 1412 191 1469 ·ἐξ
214 1416 353 1462 αὐτῶν
377 1416 434 1460 ὧν
467 1410 642 1475 εἴρηκας
673 1409 828 1468 αὐτὸς,
845 1412 903 1463 εἷς
927 1408 1004 1471 μὲν
1041 1409 1290 1456 Λευκάδα’
1272 1427 1319 1455 εκ
1343 1410 1427 1455 Πε-

14 1488 16 1523 ἷ
76 1515 85 1547 ·.
149 1485 416 1542 λοποννήσου
456 1481 762 1543 ἑπτακοσίους,
799 1484 964 1528 ἐντεῧθε
947 1500 988 1527 «ν
1020 1480 1064 1528 δὲ
1096 1479 1190 1534 τους
1222 1480 1338 1532 ἴσους
1374 1480 1432 1532 εἷς

79 1563 81 1566 ’
152 1555 409 1622 Κόρκυραν,
434 1554 508 1602 καὶ
539 1553 670 1600 πάλιν
699 1555 888 1599 ἐντεῦθεν
914 1554 972 1605 εἷς
997 1552 1051 1598 τὰ
1085 1547 1303 1614 Κεραύνια
1338 1569 1434 1602 τους

150 1627 291 1687 ἰ’σους,
315 1628 390 1674 καὶ
410 1629 452 1674 ἐν
473 1624 589 1690 δεξιᾷ·
624 1628 681 1678 εἷς
698 1624 773 1681 τὴν
802 1623 1044 1687 Ἰαπυγίαν,
1071 1622 1156 1669 ἀπὸ
1179 1621 1222 1669 δὲ
1245 1624 1329 1669 τῶν
1346 1623 1434 1669 Κε-

79 1715 87 1751 ·,·
151 1698 347 1764 ραυνίων,
380 1697 458 1755 τὴν
490 1695 733 1760 Ἰλλυρικὴν
763 1695 981 1760 παραλίαν
1008 1692 1226 1741 σταδίων
1219 1691 1434 1756 ἑξακισχι-

81 1799 83 1804 1
147 1770 252 1820 λίων
293 1769 444 1838 ἑκατὸν
479 1769 776 1826 πεντήκοντα·
812 1767 944 1820 ούτως
986 1769 1163 1813 κάκεῖνα
1204 1763 1435 1830 ψεύσματά

76 1846 81 1890 f
94 1848 97 1850 ’
149 1843 308 1890 ἐστιν’
284 1831 535 1906 αμφότερα,
557 1839 641 1890 καὶ
661 1838 684 1886 ὃ
705 1838 967 1903 Δικαίαρχος
987 1843 1102 1896 εἰπε,
1129 1836 1177 1883 τὸ
1210 1835 1295 1883 ἀπὸ
1317 1839 1433 1900 Πορ

74 1918 83 1924 ’
149 1918 256 1976 θμοῧ
270 1915 342 1960 ἐπὶ
358 1913 531 1970 Στήλας
543 1905 653 1959 εἶναι
671 1912 855 1958 σταδίων
877 1908 1228 1974 ἑπτακισχιλίων,
1248 1907 1321 1955 καὶ
1339 1907 1360 1954 ὃ
1382 1925 1433 1953 συ

85 2014 88 2016 v
153 1986 286 2040 δοκεῖς
303 1984 536 2040 ἀποδεῖςαι.
559 1977 782 2046 Sequitur
804 1986 1044 2031 Strabonis
1067 1983 1427 2044 argumentatio.

753 2091 831 2149 57.

79 2231 119 2259 *ρ
145 2234 148 2235 ’

143 2262 350 2320 .τοσθένης
372 2262 447 2310 καὶ
476 2261 692 2317 Πολύὸιος
720 2261 794 2309 καὶ
818 2263 856 2308 οἳ
888 2263 1084 2307 πλεῖστοι
1106 2261 1190 2305 τῶν
1213 2258 1438 2316 (Ελλήνων

90 2346 95 2349 “
151 2335 247 2400 περὶ
273 2334 342 2381 τὸν
363 2333 564 2399 Πορθμὸν
585 2332 870 2399 ἀποφαίνουσι
889 2331 965 2386 τὰς
982 2330 1170 2388 Στήλας.

385 2435 403 2498 [
428 2434 964 2483 ΚΑΤΑΜΕΤΡΗΣΕῙΣ
999 2430 1213 2492 open]

218 2550 381 2595 Suidas
404 2552 525 2594 inter
544 2551 711 2609 scripta
735 2549 988 2594 Dicaearchi
1008 2547 1166 2592 laudat
1194 2546 1343 2592 Κατα
1358 2562 1438 2604 με·

95 2646 99 2668 ;
153 2620 364 2686 τρήσεις
398 2623 496 2667 τῶν
529 2622 577 2668 ἐν
614 2617 1017 2682 Πελοποννήσῳ
1051 2620 1204 2681 ὀρῶν.
1236 2619 1440 2662 Pertinet

106 2755 113 2802 ζ
153 2758 288 2797 autem
307 2758 347 2796 in
374 2756 524 2797 Sardoo
556 2756 671 2795 mari.
705 2759 856 2796 Verum
890 2756 998 2803 esto,
1037 2753 1188 2804 inquit,
1217 2752 1337 2790 etiam
1369 2751 1444 2789 hoc

33 2871 35 2875 Α
93 2847 98 2854 -.
126 2822 277 2868 trium
298 2820 492 2867 millium,
522 2821 564 2859 at
581 2818 965 2870 comprehendantur
982 2817 1023 2856 in
1042 2817 1090 2856 iis
1104 2815 1184 2855 duo
1200 2816 1275 2854 alia
1298 2814 1419 2853 millia
1433 2844 1443 2862 ,

86 2899 109 2930 ,-
153 2883 399 2935 profunditas
419 2893 563 2934 nempe
595 2883 705 2922 sinus
723 2882 826 2932 apud
857 2882 1107 2930 Narbonem,
1136 2882 1327 2929 tanquam
1358 2889 1442 2928 per-

90 2951 110 2961 ¹'
143 2947 420 2999 pendicularis
454 2958 479 2987 a
502 2947 651 2986 vertice
671 2946 725 2986 ad
753 2945 869 2985 basin
900 2944 1032 2984 obtusi
1051 2943 1183 2992 anguli
1215 2941 1403 2991 trianguli
1433 2957 1441 2981 :

98 3035 121 3059 5
155 3012 308 3051 constat
321 3021 434 3060 ergo,
458 3010 611 3060 inquit,
629 3020 683 3049 ex
699 3008 963 3057 dimensione,
981 3007 1141 3058 qualem
1164 3005 1235 3056 ipsi
1255 3004 1364 3055 pueri
1383 3005 1444 3043 in-

134 3075 317 3115 stituere
332 3075 484 3125 sciunt,
498 3073 605 3125 quod
626 3075 752 3114 totam
767 3073 1007 3112 maritimam
1023 3083 1132 3111 oram
1146 3082 1170 3110 a
1187 3073 1214 3110 l
1200 3072 1302 3110 reto
1319 3080 1446 3119 nsque

107 3127 208 3189 4η*ζιιᾱ
227 3138 439 3178 columnas
465 3136 645 3186 proxime
659 3135 817 3175 excedit
834 3136 984 3174 rectam
1001 3145 1071 3184 per
1098 3134 1259 3184 pelagus
1282 3132 1445 3171 ductam

118 3186 294 3241 -zstacliis
304 3199 556 3251 quingentis:
571 3199 718 3249 quibus
740 3199 772 3238 si
792 3197 990 3238 addantur
1006 3197 1083 3236 tria
1106 3196 1230 3236 millia
1246 3205 1338 3246 quae
1353 3196 1447 3234 sunt

112 3263 459 3314 nl’eloponnoeo
477 3262 528 3302 ad
547 3265 731 3312 Fretum,
757 3263 874 3302 erunt
891 3261 932 3300 in
955 3261 1185 3300 universum
1205 3258 1353 3307 stadia,
1380 3258 1446 3296 illa

112 3335 131 3369 ζ-
144 3322 243 3377 ψη
267 3327 308 3366 in
331 3329 441 3366 recta
462 3325 589 3375 linea,
609 3327 727 3377 plura
748 3336 870 3375 quam
893 3324 1060 3375 duplum
1091 3334 1229 3362 eorum
1257 3332 1349 3372 quae
1376 3322 1444 3362 Di-

123 3386 363 3437 Ιῥιιωηιιῑιιιιε
377 3390 621 3441 assignavit:
639 3391 680 3430 et
696 3390 912 3430 secundum
925 3388 1094 3428 eundem
1112 3387 1226 3438 plura
1246 3387 1307 3426 his
1326 3396 1446 3436 opor-

111 3452 283 3558 ἱίἃιιῐ
270 3454 447 3506 ,inquit‚
466 3465 612 3506 ponere
626 3465 672 3494 ea
688 3465 777 3504 qua}
803 3454 896 3492 sunt
912 3452 963 3491 ad
985 3452 1172 3491 intimum
1187 3450 1298 3490 sinus
1314 3449 1447 3489 Adria·

115 3511 179 3559 ‘t
194 3518 244 3559 ci.

204 3584 391 3632 Verum,
407 3593 463 3622 ιιιι
478 3582 639 3632 Polybi
663 3581 807 3621 dixerit
825 3580 989 3631 aliquis,
1006 3563 1344 3629 quemadmodum
1373 3576 1449 3615 hoc

119 3612 414 3706 {mendacium
436 3645 638 3686 evidenter
650 3644 792 3686 refellit
807 3643 1066 3694 experientia,
1082 3641 1164 3680 his
1152 3641 1247 3691 ipsis
1260 3649 1351 3689 quae.
1363 3641 1450 3679 tute

115 3710 381 3772 tradidisti,
400 3722 425 3751 a
439 3711 707 3763 Peloponneso
729 3710 783 3750 ad
803 3702 1029 3751 Leucadem
1050 3717 1134 3747 esse
1153 3705 1280 3746 stadia
1299 3704 1447 3754 septin-

1264 299 1667 349 FRAGMENTA.

215 2193 382 2238 Straho
402 2194 499 2250 III,
521 2208 571 2252 p.
599 2207 688 2248 170
713 2208 724 2236 :
751 2189 841 2238 Καὶ
860 2188 1121 2253 Δικαίαρχος
1138 2186 1180 2234 δὲ
1207 2187 1281 2233 καὶ
1299 2186 1438 2251 Ἐρα-
1460 2219 1464 2227 f

2689 314 2779 356 253

1506 409 1712 452 adhunc
1741 409 1908 452 librum
1940 411 2066 455 locus
2099 414 2222 470 apud
2248 415 2488 458 Geminum
2529 414 2616 474 (sr.
2658 415 2782 474 58),

1506 495 1600 538 quo
1618 481 1826 538 Cyllenes
1842 481 2050 525 Arcadiae
2070 486 2239 526 montis
2259 486 2455 528 altitudo
2473 502 2562 531 see.
2583 486 2800 530 Dicaear-v

1507 551 1646 594 chum
1702 549 1940 598 definitur.
1992 554 2221 598 Praeterea
2265 570 2377 598 vero
2425 572 2568 614 quum
2615 558 2788 600 Plinius
2831 559 2834 565 ’

1505 623 1641 666 etiam
1666 623 1777 666 Pelii
1795 625 1966 669 montis
1981 625 2270 687 altitudinem
2294 629 2523 670 notaverit
2546 644 2569 670 e
2591 630 2788 671 Dicaear-

1506 694 1595 737 cho
1622 709 1779 752 regam
1812 711 1923 738 cura
1947 711 2189 755 permenso
2241 708 2410 740 montes
2453 698 2525 756 (V.
2567 700 2622 746 fr.
2667 699 2723 742 53
2743 700 2755 758 )
2774 734 2787 753 ,

1505 765 1709 824 itemque
1741 781 1842 824 quae
1867 766 1925 810 de
1949 768 2189 826 Atabyrii,
2227 768 2403 811 Rhodii
2439 771 2631 823 montis,
2670 785 2791 812 men-

1505 852 1610 882 sura
1635 839 1856 883 Geminus
1881 839 1912 882 l.
1942 840 1972 886 l.
1998 839 2161 894 habet,
2188 854 2245 883 ex
2269 839 2435 883 eodem
2460 840 2586 883 fonte
2609 840 2792 884 fluxisse

1505 910 1752 954 videantur
1775 926 1785 953 ε
1818 907 2022 954 dubitari
2047 912 2125 954 vix
2142 919 2318 969 potest,
2339 912 2451 969 quin
2468 911 2618 955 Suidae
2643 912 2794 954 verbis

1506 983 1689 1025 nonnisi
1710 997 1818 1042 pars
1835 981 2120 1042 significetur
2139 992 2218 1027 aut
2244 983 2279 1029 Γ
2281 984 2330 1037 ἧς
2360 980 2565 1045 Περιόδου
2588 991 2665 1026 aut
2682 998 2792 1041 ope-

1505 1055 1568 1098 ris
1589 1055 1835 1113 peculiaris
1869 1055 1917 1097 in
1942 1070 2037 1112 quo
2062 1055 2370 1099 dimensiones
2407 1056 2636 1098 montium
2686 1055 2796 1096 insi-

1508 1127 1727 1185 gniorum
1757 1135 1855 1170 tum
1892 1127 2078 1172 Graeciae
2103 1135 2202 1170 tum
2235 1126 2487 1169 insularum
2511 1126 2795 1182 aliarumque

1507 1197 1696 1242 fortasse
1726 1200 1972 1258 regionum
2003 1199 2299 1244 Dicaearchus
2322 1198 2684 1256 consignaverat.
2713 1197 2794 1240 Ce—

1508 1278 1659 1314 terum
1690 1271 2002 1331 fragmentum
2018 1305 2030 1326 ,
2065 1270 2197 1330 quod
2221 1269 2280 1314 de
2305 1270 2432 1314 Pelio
2461 1276 2620 1312 monte
2642 1269 2690 1311 in
2719 1282 2796 1311 co-

1509 1341 1690 1386 dicibus
1716 1352 1948 1387 servatum
1965 1343 2234 1387 Dicaearcho
2264 1341 2430 1386 ascribi
2455 1341 2596 1400 solet,
2618 1355 2674 1384 ex
2699 1340 2799 1398 ipso

1508 1415 1599 1458 hoc
1611 1412 1992 1476 Καταμετρήσεων
2006 1430 2150 1474 opere
2166 1429 2259 1458 esse
2272 1414 2600 1473 depromptum
2614 1413 2800 1471 plurimi

1509 1494 1746 1545 putarunt.
1777 1488 2067 1546 Quamquam
2098 1487 2215 1530 nihil
2239 1485 2499 1545 fragmento
2530 1486 2645 1528 inest
2663 1518 2674 1540 ,
2703 1499 2798 1542 quo

1509 1559 1606 1602 haec
1630 1560 1855 1603 sententia
1881 1558 2201 1603 confirmetur.
2228 1561 2286 1604 V.
2310 1557 2621 1615 Introductio.

2114 1688 2191 1735 58.

1579 1823 1797 1867 Geminus
1817 1812 2166 1868 Elequstron.
2195 1837 2204 1865 :
2225 1815 2355 1866 ’Ἐστι
2377 1818 2454 1880 μὲν
2479 1820 2553 1873 τῆς
2573 1816 2801 1874 Κυλλήνης

1512 1890 1560 1937 τὸ
1585 1890 1686 1956 ὕψος
1713 1890 1892 1938 ἔλασσον
1926 1890 2111 1937 σταδίοιν
2141 1891 2205 1949 ιε’,
2230 1893 2287 1944 ὥς
2317 1889 2665 1954 Δικαίαρχος
2689 1891 2798 1935 ἀνα-

1515 1961 1797 2027 μεμετρηκὼς
1819 1961 2126 2028 ἀποφαίνεται·
2150 1967 2226 2009 τοῦ
2251 1961 2294 2009 δὲ
2324 1960 2578 2025 Ἀταὸυρίου
2604 1959 2800 2007 ἐλάσσων

1514 2035 1627 2081 ἐστὶν
1657 2039 1685 2093 ἧ
1719 2035 1893 2090 κάθετος
1917 2034 2100 2082 σταδίων
2144 2034 2211 2081 ιδ’.
2238 2039 2308 2081 De
2331 2037 2518 2096 Cyllene
2543 2035 2602 2092 cf,
2634 2034 2799 2079 Strabo

1513 2111 1624 2154 VIII
1639 2144 1652 2169 ,
1674 2125 1723 2168 p.
1743 2107 1833 2168 595
1859 2125 1869 2155 z
1893 2107 1985 2165 Τὴν
2002 2111 2102 2170 γοῦν
2127 2106 2302 2154 κάθετον
2329 2109 2367 2153 οἱ
2390 2106 2466 2168 μὲν
2493 2105 2626 2152 εἴκοσι
2646 2104 2800 2151 στάδιά

1514 2199 1659 2245 φασιν,
1682 2183 1720 2227 οἱ
1742 2180 1785 2227 δὲ
1810 2179 1907 2234 ὅσον
1931 2179 2057 2226 πέντε
2076 2178 2150 2226 καὶ
2174 2178 2294 2226 δέκα.
2321 2181 2479 2239 steph.
2503 2181 2608 2238 Byz.
2640 2195 2650 2222 ε
2682 2177 2798 2224 Κυλ-

1513 2251 1672 2310 λήνη...
1708 2252 1892 2299 σταδίων
1921 2252 2037 2298 ἐννέα
2058 2250 2178 2315 παρὰ
2203 2250 2335 2304 πόδας
2360 2249 2637 2311 ὀγδοήκοντα.
2668 2251 2799 2294 Idem

1514 2325 1701 2370 laudato
1733 2325 2025 2384 Apollodoro
2056 2333 2215 2367 narrat
2248 2323 2508 2366 Eustatliius
2546 2322 2603 2365 ad
2635 2321 2796 2380 Odyss.

1513 2413 1560 2456 p.
1598 2400 1736 2455 1951,
1774 2396 1828 2440 15
1854 2397 1929 2441 ed.
1958 2399 2097 2443 Rom.

1521 2749 1572 2789 ad
1592 2751 1745 2790 montes
1761 2749 2002 2798 Ceraunios,
2021 2750 2060 2788 et
2083 2748 2124 2787 in
2146 2747 2286 2786 dextra
2308 2745 2356 2784 ad
2385 2745 2607 2794 Iapygiam,
2630 2744 2670 2782 et
2691 2752 2714 2780 a
2730 2744 2802 2781 Ce-

1517 2815 1664 2854 rauniis
1684 2825 1796 2855 oram
1811 2814 1958 2865 lllyrici
1977 2824 2060 2853 esse
2084 2812 2213 2852 sexies
2242 2811 2351 2850 mille
2369 2811 2530 2849 centum
2550 2810 2590 2848 et
2610 2807 2805 2858 quinqua·

1516 2879 1624 2929 ginta
1636 2878 1855 2919 stadiorum
1879 2895 1888 2917 ε
1907 2878 1962 2917 ita
1975 2879 2192 2926 utrumque
2207 2875 2352 2915 falsum
2364 2875 2422 2913 est
2435 2903 2446 2923 ,
2460 2874 2500 2912 et
2514 2871 2620 2922 quod
2634 2871 2802 2910 Dicaear-

1518 2943 1652 2982 chusa
1670 2943 1789 2982 Freto
1809 2941 1861 2981 ad
1881 2942 2098 2981 Columnas
2112 2939 2224 2990 ponit
2244 2938 2417 2988 spatium
2434 2937 2578 2986 septies
2592 2935 2700 2974 mille
2719 2936 2798 2973 sta-

1518 3006 1675 3045 diorum
1687 3036 1698 3055 ,
1722 3008 1763 3045 et
1771 3005 1890 3056 ,quod
1905 3006 1950 3044 tu
1968 3004 2113 3044 videris
2129 3002 2202 3042 tibi
2222 3002 2524 3041 demonstrasse.

2122 3109 2192 3148 57.

1571 3209 1825 3250 Dicaearchus
1843 3209 1884 3247 et
1901 3206 2178 3247 Eratosthenes
2203 3205 2244 3244 et
2271 3203 2458 3253 Polybius
2481 3202 2805 3252 reliquorumque

1520 3277 1753 3314 Graecorum
1775 3271 1938 3322 plurimi
1957 3270 2063 3309 circa
2090 3269 2254 3308 Fretum
2277 3277 2362 3306 esse
2379 3267 2594 3307 columnas
2611 3266 2802 3304 statuunt.

1769 3363 2071 3413 MONTlUM
2105 3359 2552 3409 DIMENSIONES.

2122 3471 2194 3511 58.

1575 3573 1758 3622 Cyllenes
1775 3572 1922 3611 montis
1944 3570 2114 3610 altitudo
2130 3568 2355 3619 quindecim
2371 3567 2506 3606 stadiis
2520 3566 2651 3616 paullo
2679 3565 2804 3602 minor

1529 3638 1611 3688 est,
1627 3639 1674 3677 ut
1689 3637 1964 3685 Dicaearchus,
1997 3636 2065 3686 qui
2093 3644 2277 3674 emensus
2299 3635 2475 3672 montem
2498 3633 2581 3679 est,
2613 3628 2802 3675 ostendit3

1531 3700 1707 3750 Atabyrii
1740 3702 1873 3740 autem
1888 3699 1961 3750 (ιιι
1977 3698 2139 3739 Rhodo
2129 3709 2201 3737 ms
2221 3695 2417 3748 >altitudo
2430 3695 2528 3735 linea
2545 3691 2802 3744 perpendicu-

112 3774 304 3828 ³{tama
316 3741 406 3815 inde
420 3774 588 3815 totidem
604 3774 655 3815 ad
670 3777 909 3824 corcyram,
931 3770 1179 3821 totidemque
1196 3779 1330 3808 rursus
1354 3767 1447 3806 hinc
1522 3765 1595 3803 lari
1613 3764 1742 3802 minor
1766 3765 1826 3803 est
1844 3762 1978 3803 stadiis
1997 3759 2332 3813 quattuordecim.
