3016 4628
59 396 83 458 Ὺ,
149 409 277 445 retur
308 397 322 459 (

1261 270 1691 349 FRAGMENTA?

335 414 376 443 v.
413 397 551 443 Diod.
589 370 773 456 ivm,
807 397 919 458 41).
959 400 1018 442 At
1047 413 1173 458 spem
1206 414 1434 444 successus

54 495 79 538 ,ᾗ
149 471 284 517 diluit
306 485 431 514 mors
463 471 709 530 Antipatri.
737 471 837 528 Qua
867 485 952 529 per
983 471 1135 514 Asiam
1171 470 1432 531 divulgata,

58 563 59 566 ¹
104 592 107 594 v
149 543 408 602 Antigonus
447 542 596 584 multo
650 539 959 585 confidentius
1003 540 1201 606 διενοεῖτο
1245 542 1435 588 ἐπελθεῖν

23 670 30 677 ἢ
78 613 89 654 Ῑ.
148 608 226 669 τὴν
249 608 397 657 Ἀσίαν
418 609 495 656 καὶ
518 609 614 663 τοὺς
635 608 712 670 μὲν
736 608 1094 673 προϋπάρχοντας
1117 610 1341 674 σατράπας
1366 614 1436 659 ἐκ·

71 685 78 717 ’Σ
127 679 129 681 ’
151 681 314 739 ὅαλεῐν,
345 679 450 745 πρὸς
473 679 519 727 δὲ
535 683 618 727 τῶν
646 683 798 727 ἑαυτοῦ
822 680 954 745 φίλων
975 680 1228 728 καθιστάναι
1245 682 1318 735 τὰς
1341 686 1436 745 ἠγε-

150 754 299 816 μονίας
327 754 554 814 (Diodor.
577 755 609 800 l.
632 755 666 801 l.
689 770 731 798 c.
762 752 822 798 50
837 788 850 810 ,
874 754 947 815 6).
970 755 1123 801 Ταῦτα
1144 753 1188 800 δὲ
1209 753 1438 812 διανοηθεὶς

152 823 410 889 Ἱερώνυμον
432 824 488 885 (Ἴ
522 821 598 884 μὲν
622 824 695 869 τὸν
724 822 801 877 τὰς
831 822 1018 888 ἱστορίας
1051 823 1277 888 γράψαντα
1310 843 1438 887 μετε-

151 895 380 962 πέμψατο,
405 895 525 961 φίλον
546 894 647 942 ὅντα
667 893 741 942 καὶ
764 894 946 953 πολίτην
967 894 1186 957 Εὐμένους
1208 899 1282 942 τοῦ
1319 899 1439 961 Καρ-

56 1704 85 1753 ὲ,
158 1691 303 1735 cessit.
317 1691 431 1733 Mox
451 1689 671 1748 proelium
691 1689 981 1732 commissum
996 1721 1008 1742 ,
1029 1702 1124 1746 quo
1146 1688 1268 1746 capti
1286 1688 1448 1732 Eume-

159 1778 238 1807 nes
254 1770 300 1807 et
314 1761 593 1806 Cardianus
581 1776 631 1804 m
644 1775 806 1804 manus
818 1769 1046 1803 venerunt
1063 1760 1302 1819 Antigoni.
1322 1760 1452 1803 Alter

86 1977 90 1979 ’
159 1976 247 2029 τοῖς
275 1973 561 2041 τραυματίαις
585 1971 860 2037 αἰχμάλωτος
884 1971 959 2019 καὶ
982 1975 1004 2019 ὁ
1037 1971 1112 2026 τὰς
1120 1974 1321 2062 ἱστορίας
1352 1991 1452 2020 συν-

67 2063 76 2105 -ζ
127 2084 130 2086 v
162 2046 396 2111 ταξάμενος
423 2044 678 2111 Ἱερώνυμος
694 2047 716 2091 ὃ
739 2043 1003 2109 Καρδιανὸς,
1025 2043 1068 2098 ὃς
1093 2043 1163 2091 τὸν
1190 2044 1267 2106 μὲν
1293 2042 1453 2110 ἔμπρο-

136 2180 139 2182 s
163 2124 260 2168 σθεν
279 2118 431 2185 χρόνον
463 2117 534 2164 ὑπ’
565 2115 783 2179 Εὐμένους
813 2115 1053 2179 τιμώμενος
1085 2115 1315 2175 διετέλεσε,
1344 2115 1454 2179 μετὰ

35 2206 38 2212 “
56 2207 60 2217 ”
79 2211 102 2254 -f,
164 2191 210 2240 δὲ
233 2191 304 2239 τὸν
326 2192 488 2239 ἐκείνου
509 2189 692 2236 θάνατον
712 2187 783 2235 ὑπ’
803 2187 1045 2250 Ἀντιγόνου
1075 2186 1282 2252 ἐτύγχανε
1303 2191 1452 2253 φιλαν-

124 2315 126 2317 ,
165 2263 356 2329 θρωπίας
378 2263 452 2310 καὶ
477 2261 678 2314 πίστεως.
709 2283 727 2303 α
762 2263 873 2321 Quae
893 2261 1009 2307 fides
1042 2272 1088 2307 et
1110 2264 1257 2323 gratia
1281 2271 1454 2321 quanta

83 2330 107 2350 ⁸
165 2338 304 2383 fuerit
324 2336 339 2400 (
352 2337 496 2382 verba
509 2335 768 2380 Briickneri
791 2333 955 2396 sunt),
977 2335 1155 2394 reliqua
1177 2336 1325 2379 omnis
1343 2336 1454 2380 Hic-

153 970 296 1016 διανοῧ
315 971 388 1015 τοῦ
413 966 759 1030 συμπεφευγότος
783 969 841 1021 εἷς
864 967 912 1014 τὸ
935 967 1091 1032 χωρίον
1113 966 1161 1014 τὸ
1179 966 1439 1030 καλούμενον

153 1042 303 1104 Νῶρα.
335 1042 498 1089 Τοῦτον
533 1038 577 1086 δὲ
614 1039 821 1102 μεγάλαις
854 1040 1030 1104 δωρεαῖς
1066 1040 1442 1104 προκαλεσάμενος

151 1111 422 1168 ἐξαπέστειλε
438 1109 705 1176 πρεσὸευτὴν
729 1110 833 1175 πρὸς
856 1110 927 1158 τὸν
955 1109 1153 1174 Εὐμένη,
1177 1113 1443 1175 παρακαλῶν

32 1180 49 1202 ³
152 1189 231 1244 τῆς
271 1184 348 1248 μὲν
390 1183 488 1249 περὶ
529 1183 847 1232 Καππαδοκίαν
889 1183 1034 1248 μάχης
1071 1183 1299 1247 γενομένης
1339 1182 1444 1248 πρὸς

78 1275 82 1279 ·
130 1256 283 1306 ἀὐτὸν
317 1254 618 1313 ἐπιλαθέσθαι,
647 1256 843 1318 γενέσθαι
874 1255 918 1302 δὲ
949 1254 1066 1320 φίλον
1103 1255 1177 1302 καὶ
1211 1253 1442 1319 σύμμαχον

67 1326 78 1340 ”’
155 1330 273 1395 αὐτῷ
298 1328 394 1377 κτλ.
421 1327 564 1392 (idid.
594 1327 677 1385 50,
703 1334 729 1382 4
749 1325 780 1390 ).

50 1399 77 1453 ἶ,
154 1417 234 1448 rus
258 1403 322 1447 ait
338 1436 351 1457 ,
378 1416 662 1461 quamquam
681 1402 860 1462 singula
883 1416 1078 1460 quaeque
1096 1402 1240 1460 magis
1268 1401 1446 1460 perspi-

807 1349 825 1368 «
849 1329 1026 1387 Quibus
1044 1329 1157 1373 locis
1170 1362 1182 1385 ,
1203 1329 1444 1373 Briickne-

157 1489 244 1519 cue
260 1475 470 1533 exposita
483 1474 620 1529 velis,
643 1475 733 1518 hoc
754 1483 907 1518 tamen
926 1483 1085 1532 patere
1107 1488 1162 1516 ex
1180 1473 1233 1516 iis
1245 1472 1446 1528 videtur,

159 1546 437 1606 Hieronymi
459 1546 584 1605 apud
613 1547 900 1606 Antigonum
930 1560 1029 1589 non
1053 1546 1283 1588 minorem
1306 1542 1448 1588 fidem

157 1633 299 1678 quarn
321 1611 448 1677 apud
470 1618 721 1661 Eumenem
752 1617 903 1660 fuisse.
936 1635 954 1655 n
985 1617 1200 1660 Ceterum
1230 1617 1348 1660 male
1378 1630 1450 1660 res

159 1834 389 1894 supplicio
417 1832 630 1887 affectus,
658 1833 774 1876 alter
802 1832 1067 1875 humaniter
1101 1847 1126 1874 a
1160 1832 1338 1875 victore
1371 1846 1450 1875 ex-

161 1914 321 1966 ceptus
341 1914 422 1950 est.
447 1904 687 1948 Diodorus
715 1905 908 1959 XVIII,
942 1908 1027 1959 44,
1053 1919 1112 1960 7·
1143 1900 1328 1964 Ἀνήχθη
1351 1901 1387 1947 δ’
1409 1903 1451 1948 ἐν

98 2410 352 2470 'ronymi
372 2411 466 2453 vita
492 2408 653 2465 docet
676 2408 750 2453 Ab
772 2408 1011 2468 Antigono
1045 2408 1169 2451 enim
1196 2407 1375 2451 transiit
1397 2406 1457 2451 ad

142 2483 144 2486 ’
165 2482 455 2528 Demetrium
475 2488 521 2524 et
539 2480 596 2524 ab
613 2481 704 2524 hoc
725 2479 786 2523 ad
807 2480 1094 2545 Antigonum
1112 2479 1339 2524 Gonatam
1361 2481 1456 2523 De-

165 2555 320 2600 metrii
356 2552 520 2600 filium.
561 2553 812 2612 Superstite
852 2551 1004 2596 adhuc
1041 2552 1276 2612 Antigono
1314 2553 1458 2596 multa

77 2627 79 2632 ’
163 2641 315 2686 *eaque
334 2626 595 2687 gravissima
622 2624 666 2668 ei
690 2638 885 2668 munera
914 2623 1064 2668 delata
1096 2637 1189 2667 esse
1222 2623 1455 2670 videntur.

167 2699 274 2759 Quo
314 2699 519 2759 pertinet
559 2713 661 2757 quae
704 2695 832 2756 apud
870 2695 1135 2740 Diodorum
1177 2694 1454 2756 (XIX,100)

19 2768 20 2771 ’
78 2763 130 2794 ‘'³''
169 2779 563 2816 commemoratur
599 2771 724 2814 lacus
757 2769 1008 2828 asphaltitae
1055 2766 1291 2823 custodia,
1333 2766 1461 2826 cujus

169 2844 396 2888 Demetrii
427 2844 478 2887 in
509 2843 752 2887 Nabataeos
785 2840 1022 2902 expeditio
1063 2841 1460 2899 opportunitatem

21 2918 22 2921 ’
41 2895 44 2907 ³
63 2903 109 2972 ⁵:45
170 2915 357 2961 fecerat.
385 2915 583 2961 Gravior
606 2915 743 2958 etiam
759 2947 771 2969 ,
795 2913 924 2970 cujus
946 2911 1071 2972 apud
1101 2913 1310 2958 Flavium
1333 2913 1358 2956 J
1363 2927 1460 2956 ose-

48 2987 98 3055 γ’
134 2972 316 3046 *phuni
340 2982 419 3048 (st)
437 2976 614 3030 mentio
633 2984 702 3041 fit,
725 2986 864 3044 Syriae
873 2985 1165 3044 praefectura,
1185 2999 1323 3043 quam
1342 2999 1462 3044 pro-

43 3087 47 3098 «
75 3048 95 3102 ᾗ
143 3082 145 3086 ⁴
171 3059 372 3104 vinciam
393 3073 480 3118 per
503 3059 683 3116 aliquot
702 3073 847 3102 annos
876 3058 927 3100 in
953 3064 1179 3116 potestate
1203 3057 1337 3101 fuisse
1366 3058 1463 3100 An-

78 3167 112 3194 ,ᾗ
141 3178 143 3181 ,
175 3131 322 3192 tigoni
346 3139 540 3189 constat.
565 3129 658 3176 Sed
688 3130 780 3174 hoc
811 3130 988 3174 etiamsi
1008 3128 1192 3173 dubites
1210 3144 1323 3172 num
1354 3143 1463 3172 vere

108 3207 109 3210 ’
173 3202 422 3249 tradiderit
457 3201 757 3246 Judaicarum
794 3202 1123 3260 antiquitatum
1153 3209 1332 3256 auctor,
1367 3215 1465 3245 non

108 3273 110 3275 ’
174 3283 243 3320 cst
262 3283 416 3318 tamen
451 3289 536 3317 cur
559 3273 766 3318 Luciano
789 3274 884 3317 sive
903 3273 1108 3332 quisquis
1124 3273 1238 3317 alius
1256 3275 1327 3317 De
1352 3273 1463 3316 lon-

83 3344 117 3366 ³
175 3347 312 3408 gaevis
346 3346 484 3390 istum
506 3345 679 3388 librum
706 3342 954 3400 conflavit,
986 3342 1193 3400 diffidas,
1227 3345 1276 3387 in
1303 3345 1464 3403 praelio

161 3491 163 3494 <
229 3470 280 3522 (*)
307 3473 370 3511 Sc.
389 3470 440 3510 ab
456 3469 662 3520 Antipatro
688 3468 1023 3519 redeuntem,utl
1042 3468 1214 3510 videtur.
1239 3469 1302 3509 Cf.
1332 3472 1466 3520 Droy-

176 3539 262 3572 sen.
292 3529 455 3570 Hellen.
469 3531 511 3574 Ἰ,
527 3539 569 3578 p.
594 3531 678 3567 197.

227 3586 350 3636 (**)«
380 3585 580 3636 lnApion.
608 3588 649 3633 1,
674 3595 710 3624 c.
740 3586 821 3632 23(
835 3586 884 3626 fr
905 3585 991 3634 14).
1009 3587 1143 3631 Quum
1159 3583 1210 3624 de
1231 3583 1469 3634 Hieronymo

178 3643 302 3686 otiam
327 3646 426 3694 AEgy
453 3643 535 3701 tio,
562 3642 632 3693 qui
657 3642 708 3683 de
727 3642 958 3682 Phoenicum
974 3641 1173 3692 scripserit
1200 3642 1340 3690 rebus,
1359 3644 1468 3681 Jose-

144 3734 146 3738 .
178 3703 284 3754 plius
303 3701 470 3752 dixeri,

59 3762 86 3791 Γ
181 3761 283 3801 esset
297 3759 544 3809 Cardianus,
567 3759 643 3798 nisi
668 3760 709 3798 et
723 3760 820 3798 aetas
835 3758 920 3808 eius
934 3768 1025 3808 quae
1052 3757 1223 3797 Hecataei
1247 3757 1363 3796 fuisse
1378 3756 1470 3795 dici·

64 3861 65 3864 ,
95 3867 98 3869 ,
143 3858 151 3865 ,
181 3818 265 3865 tur,
300 3818 340 3858 et
369 3815 477 3868 quod
505 3826 779 3856 successorum
805 3814 1019 3856 Alexandri
1042 3815 1239 3864 scripsisse
1269 3813 1470 3853 historiam

90 3887 107 3918 Γ»
182 3874 324 3926 tamir,
346 3873 455 3915 hunc
481 3873 610 3924 ipsum
625 3872 834 3922 significari
848 3871 1075 3912 affirmaret.
1098 3870 1211 3921 Apud
1233 3870 1470 3910 Antiochum

59 3951 62 3955 ·
98 3931 121 3980 J
183 3933 321 3972 autem
337 3942 491 3982 regem,
505 3931 574 3981 qui
591 3929 755 3981 cogitari
777 3941 858 3969 non
883 3931 1016 3980 posset
1030 3929 1104 3968 nisi
1121 3939 1225 3968 unus
1250 3939 1302 3968 ex
1320 3927 1471 3967 Seleuci

71 3997 133 4038 ’ς
184 3988 378 4030 Nicatoris
398 3987 566 4039 posteris
577 4018 589 4035 ,
612 3998 738 4037 quum
754 3987 864 4026 nulla
879 3997 1056 4037 unquam
1075 3985 1292 4026 Cardianus
1305 3985 1472 4035 scriptor

58 4064 60 4067 ·
170 4044 308 4096 'gratia
335 4044 535 4094 floruerit,
567 4055 647 4083 uno
675 4044 878 4093 omnium,
906 4043 976 4094 qui
1008 4043 1058 4082 de
1081 4053 1126 4082 ea
1155 4053 1198 4081 re
1221 4041 1471 4105 judicarunt,

114 4106 129 4122 ²
185 4112 380 4142 consensu
401 4112 546 4142 nomen
568 4103 800 4152 corruptum
817 4111 902 4141 esse
914 4100 1192 4150 verioremque
1206 4099 1444 4138 lectionem
1434 4110 1473 4137 m

65 4143 80 4200 ζ·
187 4160 511 4210 interpretatione
529 4158 677 4208 latina,
700 4169 796 4209 quae
821 4160 1019 4230 Antiqoni
1038 4159 1148 4207 reqis
1168 4155 1309 4206 hahet,
1333 4155 1472 4206 depre-

67 4216 79 4261 ,3
102 4220 137 4253 ι’
188 4216 308 4258 bonni
331 4215 554 4267 iudicatum
570 4216 645 4257 est.
664 4230 685 4252 ιι

500 3701 667 3741 dubium
693 3700 815 3750 possit
840 3700 965 3740 videri
990 3711 1086 3739 num
1107 3699 1172 3739 hic
1197 3696 1470 3749 intelligendus

2681 318 2767 358 ⁴51

1509 404 1567 447 ad
1585 404 1740 463 Ipsum
1763 422 1785 449 a
1804 409 2008 465 partibus
2028 411 2355 469 Hieronymum
2380 417 2595 474 Antigoni
2610 418 2781 463 stetisse

1511 476 1710 520 tradenti
1731 476 1825 539 (De
1849 480 1978 538 long.
2005 495 2042 523 c.
2084 496 2100 524 1
2117 497 2133 524 1
2156 481 2189 540 ).
2220 485 2361 527 Simili
2392 486 2548 531 favore
2568 497 2618 531 ut
2644 490 2780 533 Anti-

1511 561 1659 605 gonus
1683 557 1727 591 et
1749 547 1868 593 filius
1886 565 1992 593 eum
2017 560 2062 594 et
2085 567 2229 610 nepos
2254 556 2450 612 amplexi
2477 566 2595 604 sunt.
2621 561 2784 603 Deme·

1513 619 1624 662 trius
1658 621 1779 663 enim
1818 636 1897 664 rex
1939 622 2216 666 Macedoniae
2256 624 2421 681 sactus,
2468 629 2648 674 Boeotiae
2682 645 2785 674 eum

1514 705 1615 732 ιιιο
1608 690 1657 733 'o
1691 691 1902 749 subjectae
1927 692 2130 751 praefecit
2160 693 2195 751 (
2199 694 2243 754 >3
2280 711 2383 739 cum
2426 700 2658 757 Antigono
2686 701 2785 746 Go-

1514 771 1617 806 nata
1642 772 1794 807 autem
1818 764 1866 807 in
1900 765 2219 823 Peloponneso
2251 765 2383 810 fuisse
2413 769 2611 824 videtur,
2643 787 2784 830 quum

1515 826 1717 893 Pyrrhus
1732 837 1864 895 Argis
1879 845 2074 880 mortem
2094 846 2351 895 oppeteret.
2374 839 2406 881 V
2412 840 2520 884 erba
2535 843 2655 886 enim
2671 843 2789 905 ἀνδρὶ

1515 922 1597 967 γαρ
1631 906 1799 967 βασιλ.ῖ
1833 904 2012 952 συνόντα
2048 907 2213 968 ἀνάγκη
2247 913 2367 952 πᾶσα
2401 907 2442 959 ἐς
2469 909 2593 973 χάριν
2618 912 2790 975 γράφειν

1515 992 1589 1036 ap.
1609 979 1800 1023 Pausan.
1822 978 1910 1039 (fr.
1935 978 2016 1038 ιο)
2051 978 2111 1022 ad
2129 980 2411 1038 Antigonum
2426 980 2658 1027 reserenda
2672 995 2791 1039 sunt,

1516 1063 1630 1103 non,
1645 1057 1699 1092 ut
1710 1050 1878 1093 Sevino
1901 1050 2102 1109 placuit,
2121 1048 2182 1092 ad
2198 1050 2440 1107 Pyrrhum,
2460 1066 2486 1095 a
2504 1050 2630 1108 cujus
2648 1056 2794 1112 parti-

1517 1119 1603 1163 bus
1615 1121 1923 1178 Hieronymus
1931 1135 2168 1178 nunquam
2180 1135 2275 1164 non
2283 1121 2576 1166 alienissimus
2587 1123 2717 1169 fuisse
2729 1127 2793 1169 vi·

1519 1190 1671 1237 detur.
1690 1193 1758 1236 Ex
1776 1193 1828 1236 iis
1846 1194 1966 1236 enim
1981 1207 2083 1250 quae
2098 1202 2353 1251 sequuntur
2366 1193 2402 1237 et
2418 1191 2605 1241 δὲκαὶ...
2625 1194 2797 1258 γράφειν

1521 1260 1596 1319 (v.
1620 1262 1678 1305 fr.
1708 1278 1763 1307 10
1780 1259 1811 1323 )‚
1838 1263 1951 1306 nihil
1973 1264 2130 1322 colligi
2146 1272 2319 1322 potest,
2342 1265 2425 1307 nisi
2448 1266 2795 1325 Hieronymum,

1521 1342 1571 1376 ut
1586 1336 1820 1394 Antigono
1841 1336 1937 1394 regi
1960 1335 2190 1394 placeret,
2209 1334 2267 1380 de
2286 1336 2449 1394 Pyrrhi
2472 1347 2622 1382 morte
2636 1338 2799 1383 dixisse

1522 1405 1806 1451 invidiosius.
1838 1426 1858 1446 »
1882 1408 2112 1451 Hactenus
2135 1406 2193 1450 de
2222 1408 2315 1451 vita
2347 1409 2545 1452 auctoris
2570 1412 2730 1457 nostri.

1587 1478 1775 1536 Scripsit
1798 1478 2107 1536 Hieronymus
2128 1478 2364 1522 historiam
2387 1480 2471 1524 τῶν
2497 1478 2703 1542 διαδόχων
2719 1497 2801 1527 nec

1523 1563 1621 1592 non
1642 1549 1725 1592 τῶν
1746 1545 1969 1609 ἐπιγόνων,
1997 1564 2145 1607 usque
2162 1549 2221 1593 ad
2240 1560 2439 1594 mortem
2469 1551 2631 1609 Pyrrhi
2653 1550 2769 1611 (272
2789 1553 2799 1613 )

1524 1621 1596 1664 vel
1635 1621 1774 1664 etiam
1802 1621 1960 1679 paullo
1990 1621 2179 1665 ulterius
2213 1623 2526 1666 narrationem
2555 1621 2800 1669 deducens.

1523 1687 1614 1746 Τὴν
1637 1692 1720 1736 τῶν
1743 1689 1953 1753 διαδόχων
1969 1689 2157 1754 ἱστορίαν
2178 1694 2336 1752 saepius
2355 1702 2652 1738 memoratam
2674 1694 2802 1739 vidi—

1525 1777 1656 1823 mus3
1696 1760 1774 1817 τὴν
1810 1762 1907 1824 περὶ
1946 1761 2151 1820 ἐπιγόνων
2199 1761 2498 1825 πραγματείαν
2539 1765 2675 1808 semel
2699 1765 2806 1808 citat

1525 1835 1770 1893 Dionysius
1793 1835 2195 1879 Halicarnassensis
2220 1835 2269 1878 in
2291 1838 2396 1880 Ant.
2421 1836 2559 1879 Rom.
2588 1837 2630 1890 1,
2658 1835 2687 1878 6
2715 1833 2802 1895 (fr.

1528 1904 1603 1966 8),
1624 1905 1682 1950 de
1707 1921 1758 1950 ea
1783 1906 1935 1964 operis
1949 1915 2079 1965 parte
2100 1907 2327 1966 cogitans,
2352 1921 2441 1964 qua
2461 1906 2622 1963 Pyrrhi
2648 1907 2694 1949 in
2713 1907 2806 1950 Ita-

1527 1977 1587 2020 lia
1603 1991 1675 2020 res
1686 1985 1828 2036 gestas
1846 1977 2156 2036 Hieronymus
2168 1977 2531 2036 exposuit.—Ab
2544 1976 2707 2020 eodem
2723 1992 2780 2020 au
2794 2003 2808 2011 -

1528 2057 1659 2094 ctore
1698 2050 1835 2093 etiam
1870 2049 2120 2093 Alexandri
2162 2050 2398 2094 historiam
2435 2057 2674 2092 tractatam
2719 2064 2810 2092 esse

1529 2120 1659 2165 fuere
1682 2122 1821 2176 olim,
1855 2122 1935 2179 qui
1968 2121 2285 2180 opinarentur.
2317 2121 2499 2164 Scilicet
2521 2135 2662 2178 quum
2686 2121 2809 2179 apud

1529 2193 1718 2239 Suidam
1759 2194 1938 2253 legatur
1971 2207 1982 2238 ε
2021 2189 2273 2254 Ἱερώνυμος
2306 2189 2540 2252 Καρδιανὸς
2578 2189 2621 2243 ὃς
2650 2189 2704 2236 τὰ
2744 2190 2811 2236 ἐπ’

1530 2261 1796 2327 Ἀλεξανδρίᾳ
1814 2261 2058 2325 πραχθέντα
2086 2260 2319 2325 συνέγραψε
2332 2297 2345 2320 ‚
2366 2263 2518 2306 locum
2532 2272 2688 2322 aperte
2708 2279 2811 2307 cor·

1529 2344 1718 2396 ruptum
1742 2338 1804 2380 ita
1825 2337 2021 2391 Vossius,
2047 2336 2281 2381 Fabricius
2307 2333 2380 2392 (Β.
2396 2334 2476 2379 Gr.
2502 2336 2573 2390 11,
2595 2350 2646 2393 p.
2667 2350 2692 2378 2
2707 2350 2760 2394 ¹9
2778 2340 2811 2392 J,

1529 2411 1794 2457 Mannertus
1815 2407 2001 2467 (Gescle.
2016 2409 2063 2452 d.
2087 2404 2483 2466 Nachsolg.Ale.z·.
2508 2422 2557 2465 p.
2582 2405 2813 2466 357)cor-

1530 2481 1775 2542 rigendum
1795 2489 2041 2540 putarunt,
2066 2489 2118 2523 ut
2157 2479 2378 2523 scribatur
2401 2477 2471 2522 ὑπ’
2512 2475 2783 2534 Ἀλεξάνδρου
2801 2513 2813 2533 ,

1531 2553 1604 2596 vel
1645 2567 1701 2596 ex
1724 2553 1983 2611 Kiesslingii
2003 2551 2061 2607 (1.
2089 2552 2119 2594 l.
2146 2566 2195 2609 p.
2223 2547 2306 2611 27)
2343 2550 2563 2595 sententia
2593 2548 2660 2595 ἐπ’
2696 2547 2816 2596 Ἀλε-

1533 2620 1722 2686 ξάνδρου.
1743 2625 1852 2680 Quae
1873 2622 2134 2668 emendatio
2152 2637 2295 2680 quum
2321 2636 2471 2680 neque
2483 2636 2541 2665 ex
2554 2620 2816 2681 fragmentis

1533 2711 1685 2754 neque
1736 2695 1922 2739 aliunde
1978 2693 2293 2739 commendari
2343 2693 2507 2752 possit,
2549 2691 2819 2751 Leopardus

1536 2771 1548 2836 (
1569 2775 1671 2818 Em.
1690 2775 1761 2818 XI
1777 2807 1790 2828 ,
1817 2779 1871 2834 9)
1886 2782 2011 2817 recte
2035 2772 2152 2815 vidit
2173 2769 2470 2815 scribendum
2493 2784 2586 2814 esse
2610 2770 2674 2814 ἐπ’
2701 2766 2817 2815 Ἆλε·

1537 2843 1721 2908 ξάνδρῳ,
1758 2855 1863 2904 post
1908 2844 2253 2895 Alexandrum,
2304 2842 2352 2886 id
2394 2839 2524 2899 quod
2564 2840 2819 2899 probarunt

1535 2918 1859 2976 VVesselingius
1881 2916 1963 2976 (ad
1981 2915 2181 2960 Diodor.
2215 2915 2370 2958 XVIII
2386 2947 2398 2968 ,
2425 2911 2508 2973 26)
2526 2945 2539 2966 ,
2565 2911 2815 2956 Briickner.

1538 2991 1570 3036 l.
1594 2991 1680 3049 l.p.
1701 2988 1794 3049 259
1811 3023 1822 3044 ‚
1837 2987 2124 3046 Bernhardy.
2142 2986 2200 3031 ad
2217 2985 2350 3032 Suid.
2363 2986 2397 3031 l.
2415 2985 2469 3040 l.,
2489 2985 2640 3030 Geier.
2655 2984 2819 3041 Script.

1537 3077 1630 3106 rer.
1653 3063 1784 3107 Alex.
1811 3061 2025 3120 Prolegg.
2048 3075 2098 3119 p.
2120 3059 2231 3104 XX.
2271 3060 2559 3116 Quamquam
2586 3056 2683 3100 haec
2701 3055 2818 3098 tituli

1538 3135 1657 3179 ratio
1681 3134 1853 3178 insoliti
1868 3132 2092 3192 quiddam
2116 3131 2271 3176 habet.

1603 3207 1826 3265 Reliquiae
1839 3206 1991 3264 operis
2003 3203 2128 3248 haud
2143 3203 2284 3247 dubie
2296 3201 2555 3261 amplissimi
2565 3199 2820 3259 perexiguae

1539 3288 1667 3334 sunt,
1692 3294 1790 3322 non
1808 3286 2072 3336 propterea,
2097 3274 2226 3334 quod
2243 3289 2349 3318 raro
2373 3274 2565 3317 seriores
2575 3272 2821 3329 scriptores

1541 3366 1596 3395 eo
1610 3352 1679 3395 usi
1694 3357 1815 3405 sunt,
1828 3349 1909 3393 sed
1919 3347 2048 3407 quod
2066 3362 2236 3391 nomen
2246 3346 2445 3390 auctoris
2459 3346 2528 3388 sui
2539 3344 2814 3403 plerumque

1542 3423 1764 3468 celarunt.
1799 3423 1915 3465 Nam
1937 3419 2225 3473 Diodorum,
2259 3426 2312 3461 ut
2337 3418 2460 3460 hunc
2489 3413 2744 3468 nominem,
2772 3411 2819 3454 in

1541 3493 1783 3538 narrandis
1825 3493 1964 3537 rebus
2009 3491 2248 3544 Eumenis,
2289 3488 2508 3548 Antigoni
2529 3521 2542 3543 ,
2569 3483 2816 3536 Demetrii,

1544 3566 1880 3623 Hieronymum
1903 3563 2099 3607 maxime
2132 3562 2297 3606 ducem
2337 3567 2555 3603 sectatum
2579 3570 2670 3599 esse
2693 3562 2818 3598 extra

1544 3635 1846 3680 dubitationis
1876 3635 2021 3679 aleam
2042 3635 2244 3693 positum
2274 3646 2366 3676 esse
2386 3643 2564 3674 censen.
2592 3625 2708 3670 Vide
2726 3623 2822 3670 dis-

1544 3708 1831 3766 putationem
1846 3706 2117 3760 Briickneri,
2146 3719 2286 3763 quam
2298 3699 2556 3760 fragmentis
2566 3695 2818 3753 subjicien-

1545 3779 1652 3823 dam
1675 3779 1948 3823 curavimus.
1971 3802 2031 3811 —-
2047 3778 2116 3820 Ex
2140 3775 2305 3820 eodem
2323 3771 2586 3817 Briicknero
2606 3768 2653 3814 h.
2683 3766 2713 3809 l.
2738 3780 2818 3824 ap-

1544 3865 1719 3910 ponere
1739 3851 1900 3904 liceat,
1923 3864 2026 3908 quae
2049 3847 2108 3892 de
2130 3846 2401 3891 auctoritate
2423 3839 2655 3898 scriptoris
2675 3835 2817 3880 nostri

1547 3922 1617 3966 vir
1629 3921 1916 3966 doctissimus
1950 3919 2175 3966 disseruit.
2213 3937 2232 3956 α
2276 3914 2349 3960 Ad
2384 3911 2521 3956 fidem
2545 3907 2816 3965 Hieronymi

1599 4040 1650 4089 (*)
1678 4038 1875 4079 Plutarch.
1891 4040 2063 4077 Demetr.
2085 4041 2157 4075 39.
2173 4033 2272 4073 Ὀὃὲ
2292 4029 2522 4091 (Δημήτριος
2536 4027 2644 4070 >fak
2664 4023 2822 4062 πόλεσιν

1548 4097 1723 4147 ἐμὸαλὼν
1739 4096 1900 4146 φρουρὰν
1923 4096 1987 4134 καὶ
2003 4093 2232 4144 πραξάμενος
2252 4087 2371 4127 πολλὰ
2390 4086 2563 4134 χρήματα
2585 4081 2648 4118 καὶ
2667 4079 2817 4118 καταλι·

1545 4155 1631 4193 πὼν
1646 4154 1772 4197 αὐτοῖς
1784 4152 2008 4202 ἐπιμελητὴν
2023 4151 2087 4188 καὶ
2101 4145 2290 4198 ἁρμοστὴν
2304 4143 2523 4192 Ἰερωνυμον
2553 4136 2615 4176 τὸν
2632 4138 2790 4185 ἱστοριιι
2783 4150 2817 4174 ν

1549 4211 1671 4255 ἔδοξεν
1690 4210 1811 4257 ἠπίως
1827 4209 2033 4261 κεχρῆσθαι
2050 4206 2130 4249 κτλ.

2558 4297 2610 4327 Ἰῦ.
