3016 4628
1020 299 1419 348 CRETENSIUM
1469 301 1876 360 RESPUBLICA.

116 404 209 468 ἅμα
232 408 293 470 τῷ
317 391 437 468 μέλει
462 403 511 452 τὸ
533 405 628 451 κατ’
652 399 788 466 ἀρχὰς
819 401 860 446 ἐν
896 400 1037 452 αὐτοῖς
1061 398 1288 462 θηριωδες,
1319 397 1398 443 καὶ

74 471 88 481 '
116 476 364 542 εὐπρόσιτον
387 479 441 540 τῇ
476 479 550 524 τοῦ
579 473 738 538 ῥύθμου
776 471 954 528 ἡδύτητι
989 472 1123 517 ποιῶν
1156 468 1205 516 τὸ
1229 487 1402 532 παραγ-

114 547 391 611 γελλόμενον,
409 546 484 595 καὶ
499 545 738 602 ἐκλήθησαν
762 541 885 604 νόμοι
900 542 1106 606 κιθαρωδι
1109 539 1191 588 κοί.
1207 539 1399 588 Ἐκεῖθεν

117 617 162 667 δὲ
194 621 526 682 σεμνολογικῶς,
559 620 616 671 ὡς
647 615 720 663 καὶ
752 613 1033 678 Ἀριστοτέλει
1069 614 1206 671 δοκεῖ,
1239 611 1402 675 νόμοι

121 692 352 739 καλοῦνται
383 693 421 739 οἱ
454 687 648 752 μουσικοὶ
670 685 841 751 τρόποι,
875 685 970 733 καθ’
995 683 1190 739 οὕστινας
1224 684 1400 750 ᾄδομεν.

116 765 291 811 Eadem
313 765 408 811 fere
431 766 576 824 Etym.
603 764 668 807 M.
692 777 743 821 p.
765 761 876 817 607.

181 929 412 974 Zenobius
434 929 496 983 ῙῙ,
524 932 583 980 24
609 941 620 973 :
644 924 690 972 ‘A
713 921 1128 990 φιλοχρηματία
1145 921 1402 986 Σπάρταν

119 996 261 1059 ἕλοι,
287 999 418 1044 ἄλλο
446 995 496 1043 δὲ
522 997 647 1043 οὔδε
635 994 711 1040 ν·
755 995 863 1053 αὕτη
898 993 1096 1041 λέλεκται
1134 991 1205 1039 ἐπὶ
1234 1011 1318 1039 των
1358 991 1403 1045 ἐξ

118 1068 304 1122 ἅπαντος
338 1067 570 1134 κερδαίνειν
604 1065 972 1132 προαιρουμένων.
1005 1063 1326 1122 Μετενήνεκται
1358 1062 1401 1110 δὲ

118 1139 203 1189 ἀπὸ
241 1158 440 1205 χρησμου
477 1139 663 1193 δοθέντος
693 1137 1069 1201 Λακεδαιμονίοις,
1102 1139 1144 1183 ἐν
1172 1157 1208 1202 ῳ
1243 1135 1402 1201 ἔχρησε

117 1211 212 1260 τότε
237 1215 260 1259 6
284 1211 373 1266 θεὸς
394 1214 647 1259 ἀπολεῖσθαι
663 1208 758 1264 τους
775 1208 1210 1272 Λακεδαιμονίους,
1194 1207 1295 1255 όταν
1321 1210 1403 1274 ἀρ-

101 1284 256 1349 ’γύριον
278 1283 352 1332 καὶ
374 1284 550 1349 χρυσίον
568 1283 800 1346 τιμήσωσι.
826 1282 1059 1345 Μέμνηται
1091 1288 1166 1330 τοῦ
1201 1285 1402 1347 χρησμοῦ

89 1366 93 1370 ’
114 1354 408 1421 Ἀριστοτέλης
432 1359 475 1404 ἐν
499 1360 551 1421 τῇ
573 1355 925 1420 Λακεδαιμονίων
950 1354 1160 1419 πολιτείᾳ.

187 1451 207 1470 «ι
247 1426 334 1476 ἕλοι
368 1439 632 1475 constanter
663 1430 1076 1490 Paroemiographi.
1105 1431 1249 1473 Recte
1286 1429 1402 1472 Plu-

116 1503 262 1547 tarch.
291 1504 461 1562 aliique
485 1503 586 1548 ὀλεῖ.
619 1503 713 1548 vid.
747 1502 1022 1561 Bernhardy
1045 1501 1106 1545 ad
1136 1500 1342 1546 Suidam.
1377 1519 1396 1540 »

120 1576 473 1622 Scnnmnsswm.
515 1575 582 1623 Cf.
630 1577 911 1635 Diogenian.
938 1576 1008 1630 ΙΙ,
1045 1573 1133 1629 363
1170 1572 1404 1618 Plutarch.

0 1624 1 1649 ζ
54 1698 57 1699 ⁷
114 1649 256 1693 Prov.
296 1647 1129 1710 433Apostol.V·‚113Arsen.87;
1167 1645 1401 1690 Plutarch.

121 1722 293 1766 Lacon.
313 1719 482 1768 Institt.
503 1737 551 1780 p.
573 1719 746 1779 239E3
771 1719 976 1765 Diodor.
999 1721 1115 1764 Exc.
1134 1721 1234 1764 Vat.
1261 1716 1402 1777 (VII,

125 1796 209 1847 14,
234 1789 356 1838 fied.
370 1791 577 1854 Didot.;)
595 1793 741 1839 schol.
761 1793 901 1837 Arist.
921 1793 1026 1836 Pac.
1041 1789 1162 1846 6233
1183 1789 1402 1835 Suidasv.

121 1861 458 1934 Διειρωνόξενοι,
478 1865 641 1909 Clceio
657 1867 728 1910 De
746 1863 869 1910 offic.
887 1865 968 1920 II,
989 1879 1068 1918 22,
1092 1879 1143 1920 73
1163 1862 1402 1908 Plutarch.

117 1935 254 1995 Agid.
273 1939 568 1995 93Institutt.
590 1939 768 1982 Lacon.
792 1953 832 1983 c.
856 1942 940 1992 42,
957 1952 1006 1996 p.
1026 1935 1218 1996 239,E;
1241 1936 1406 1993 Olym-

50 2078 53 2082 Δ
115 2009 306 2070 piodor.
328 2011 572 2058 inPlaton.
595 2010 746 2056 Alcib.
763 2012 806 2057 Ι.
833 2018 1135 2056 commentar.
1166 2023 1216 2068 p.
1246 2008 1352 2060 164.

583 2132 898 2194 [ΚΡΗΤΩΝ.
921 2131 939 2194 ]

665 2223 756 2296 [88
782 2250 823 2282 a
841 2231 859 2296 ]

187 2342 344 2396 [Arist.
366 2343 469 2388 Pol.
496 2343 571 2398 II,
597 2358 686 2402 7,1
709 2339 801 2388 :H
823 2339 867 2387 δὲ
891 2339 1089 2405 Κρητικὴ
1108 2338 1302 2387 πολιτεία
1322 2338 1408 2386 πά-

121 2427 271 2473 ρεγγυς
285 2409 361 2472 μέν
381 2412 472 2458 ε’στι
491 2410 650 2470 ταύτης
668 2414 772 2475 (της
791 2411 1080 2475 Λακωνικῆς),
1105 2412 1195 2475 ἔχει
1215 2412 1258 2458 δὲ
1276 2409 1409 2500 μικρὰ

123 2479 202 2542 μὲν
229 2483 276 2528 οὗ
297 2489 461 2547 χεῖρον
483 2482 533 2530 τὸ
568 2482 613 2530 δὲ
636 2484 782 2530 πλεῖον
806 2487 934 2540 ἦττον
959 2485 1210 2547 γλαφυρῶς·
1233 2501 1307 2530 και
1327 2481 1410 2547 γὰρ

54 2572 57 2578 ·
114 2550 229 2600 ἔοικε
253 2554 328 2601 καὶ
344 2554 514 2618 λέγεται
535 2553 578 2602 δὲ
601 2553 655 2602 τὰ
675 2556 859 2603 πλεῖστα
885 2558 1157 2641 μεμιμησθαι
1175 2555 1252 2613 τὴν
1279 2556 1402 2621 Κρη-

720 2697 792 2736 88.

169 2787 370 2826 Avaritia
396 2787 600 2836 Spartam
624 2796 702 2837 per
706 2785 798 2836 det,
823 2785 951 2826 aliud
971 2786 1101 2826 nihil.
1128 2787 1214 2825 Hoc
1235 2795 1402 2836 prover-

121 2847 231 2888 bium
245 2849 315 2888 de
306 2849 355 2888 115
366 2849 526 2899 dicitur,
544 2849 613 2900 qui
626 2860 677 2889 ex
688 2849 795 2888 omni
813 2860 854 2888 rc
870 2851 1069 2900 quaestum
1085 2850 1213 2889 facere
1229 2849 1405 2888 student.

120 2913 370 2953 :translatum
389 2915 448 2953 est
467 2913 517 2952 ab
535 2913 698 2952 oraculo
715 2913 1028 2954 Lacedaemoniis
1043 2913 1136 2952 dato
1148 2941 1159 2962 ,
1172 2923 1252 2963 quo
1268 2911 1409 2951 vatici·

121 2978 238 3017 natus
259 2976 358 3017 deus
373 2978 432 3017 est
448 2978 538 3016 tum
553 2977 876 3017 Lacedaemonios
894 2977 1094 3027 perditum
1116 2977 1187 3025 iri,
1205 2987 1329 3027 quum
1344 2986 1410 3015 ar-

61 3067 66 3079 .-
121 3042 283 3090 gentum
301 3042 341 3080 et
355 3051 499 3080 aurum
514 3041 554 3079 in
571 3041 718 3080 honore
737 3041 882 3080 habere
900 3041 1104 3090 coeperint.
1125 3040 1304 3080 Meminit
1323 3050 1412 3079 ora·

121 3103 202 3144 culi
214 3104 465 3145 Aristoteles'
454 3115 495 3144 ιιι
514 3104 902 3145 Lacedaemoniorum
924 3104 1152 3155 Republica

68 3259 107 3356 {⁹
555 3219 970 3295 CRETENquM.

63 3379 117 3420 4
697 3357 754 3397 88
785 3365 825 3397 a

52 3433 60 3438 ⁶
56 3431 144 3538 ,ε
174 3458 421 3500 Cretensium
436 3458 571 3503 autem
583 3459 802 3510 respublica
813 3459 863 3499 ad
878 3460 1113 3510 Spartanam
1126 3461 1305 3511 proxime
1324 3460 1411 3511 qui-

84 3519 219 3573 ‘ihm
241 3521 425 3571 accedit:
415 3521 512 3561 ·sed
532 3533 658 3572 quum
679 3523 823 3562 habeat
838 3534 966 3574 pauca
992 3523 1178 3573 quaedam
1200 3535 1280 3562 non
1301 3524 1411 3564 dete-

48 3635 52 3638 ,
71 3580 253 3636 *τίοι-3,
270 3585 442 3637 plurima
454 3582 589 3625 tamen
602 3586 720 3626 habet
741 3586 874 3626 minus
889 3587 1047 3626 exculta
1069 3587 1279 3637 minusque
1294 3598 1412 3638 expo·

129 3646 213 3689 1113.
246 3649 408 3689 Videtur
427 3649 559 3699 enim,
577 3651 617 3688 et
633 3660 728 3688 vero
750 3649 805 3689 ita
835 3649 995 3699 dicitur,
1021 3650 1411 3690 Lacedaemoniorum

83 3712 347 3764 .·respublica
358 3712 577 3764 plerisque·
566 3725 607 3753 ιιι
620 3713 740 3753 rebus
751 3715 980 3754 Cretensem
992 3725 1077 3754 esse
1092 3714 1292 3754 aemulata.
1311 3715 1414 3755 Anti·

64 3783 69 3794 ²
117 3774 262 3827 quites
278 3777 411 3816 autem
439 3777 700 3827 utplurimum
715 3778 848 3817 minus
863 3779 922 3817 051
937 3778 1137 3817 elaborata
1155 3779 1195 3817 et
1216 3777 1390 3828 perfecta
1401 3807 1412 3828 ‚

115 3848 252 3891 quam
265 3841 483 3880 recentiora
495 3843 654 3882 inventa
668 3843 794 3882 solent
807 3854 902 3883 esse.
921 3842 1043 3883 Aiunt
1055 3843 1159 3882 enim
1174 3845 1413 3893 Lycurgum,

71 3874 256 3955 ‘limium
268 3905 403 3945 relicta
412 3906 584 3946 Chai-ilai
596 3907 696 3956 regis
706 3907 831 3946 tutela
842 3918 911 3957 per
913 3918 1003 3957 egre
1015 3907 1186 3956 abiisset,
1200 3908 1415 3958 plurimum

88 3962 116 4012 20·
131 3966 346 4018 temporis·
335 3979 377 4008 111
398 3968 526 4008 insula
541 3971 659 4009 Creta
677 3971 967 4010 commoratum
983 3981 1066 4010 esse
1088 3973 1248 4020 propter
1269 3981 1414 4020 cogna-

103 4029 296 4090 (11011013.
319 4021 459 4072 Coloni
475 4031 580 4072 enim
593 4034 708 4072 erant
727 4033 851 4083 Lyctii
864 4045 887 4072 a
907 4033 1218 4074 Lacedaemoniis
1232 4034 1413 4084 profecti.

71 4077 374 4157 'simarum
392 4097 557 4136 autem
546 4097 596 4146 11,
615 4098 681 4147 qui
698 4098 739 4136 in
754 4098 949 4137 coloniam
969 4097 1128 4137 deducti
1143 4100 1250 4146 sunt,
1269 4098 1417 4137 incolas

87 4148 221 4216 ,finum
235 4158 387 4210 legibus
405 4160 444 4199 et
458 4157 650 4200 institutis
661 4162 843 4210 utentes,
861 4161 1007 4212 quibus
1023 4172 1086 4200 res
1105 4172 1243 4200 eorum
1265 4162 1416 4211 primus

70 4232 108 4275 ξ
118 4221 542 4264 uinosordinaverat:
557 4225 742 4274 quocirca
757 4225 876 4265 etiam
889 4235 995 4264 nunc
1007 4225 1125 4266 vicini
1143 4225 1282 4265 eodem
1296 4225 1415 4264 modo

2657 307 2749 351 131

1477 395 1600 453 τικὴν
1624 396 1843 442 πολιτείαν
1877 400 1905 454 ἡ
1935 417 2019 444 των
2045 399 2290 446 Λακώνι·ων
2315 400 2366 447 τὰ
2394 401 2437 448 δὲ
2474 405 2553 450 πλε
2556 410 2656 451 ἵστα
2679 425 2762 452 των

1477 467 1670 554 ἀρχαίων
1693 472 1819 524 ἧττον
1843 467 2100 533 διήρθρωται
2120 489 2202 515 των
2228 490 2295 517 νε(
2298 491 2354 518 ι·-
2338 472 2461 535 ’ρων.
2532 476 2654 523 Φασὶ
2679 476 2762 542 γὰρ

1476 539 1547 586 τὸν
1573 542 1835 604 Λυκοῦργον,
1859 539 1929 587 ὅτε
1952 541 2030 599 τὴν
2053 541 2323 604 ἐπιτροπείαν
2349 544 2424 600 τὴν
2448 546 2669 610 Χαριλάου
2689 553 2764 596 τοῦ

1482 611 1693 674 βασιλέως
1722 609 1976 658 καταλιπὼν
2012 611 2311 672 ἀπεδήμησεν,
2352 615 2447 660 τότε
2473 615 2542 662 τὸν
2566 619 2764 665 πλεῖστον

1480 683 1700 749 διατρῖψαι
1715 681 1868 747 χρόνον
1892 701 1992 747 περι
2013 681 2089 739 τὴν
2108 681 2284 746 Κρήτην
2307 683 2375 729 διὰ
2395 683 2471 742 τὴν
2491 688 2759 750 συγγένειαν·

1481 754 1652 803 ἄποικοι
1674 753 1757 818 γὰρ
1778 756 1816 802 οἱ
1840 755 2018 802 Λύκτιοι
2038 757 2121 800 τῶν
2141 753 2359 802 Λακώνων
2381 750 2511 813 ἦσαν·
2533 759 2767 807 κατέλαὸον

1481 827 1517 873 δ’
1543 829 1582 874 οἱ
1605 826 1709 891 πρὸς
1733 824 1811 884 τὴν
1833 826 2037 873 ἀποικίαν
2057 827 2245 879 ἐλθόντες
2268 826 2344 884 τὴν
2369 828 2485 883 τάξιν
2509 833 2592 876 τῶν
2626 831 2764 892 νόμων

1483 898 1762 964 ὑπάρχουσαν
1789 899 1831 945 ἐν
1866 905 1951 952 τοῖς
1973 897 2068 946 τότε
2103 903 2374 946 κατοικοῦσιν
2393 919 2402 929 ·
2436 900 2499 947 διὸ
2533 901 2605 948 καὶ
2629 907 2699 948 νῦν
2732 906 2769 950 οἱ

1480 971 1690 1036 περίοικοι
1708 970 1780 1018 τὸν
1809 969 1935 1018 αὐτὸν
1961 970 2117 1036 τρόπον
2137 974 2327 1034 χρῶνται
2354 973 2517 1031 αὐτοῖς,
2539 977 2595 1026 ὡς
2630 994 2770 1021 κατα-

1480 1042 1765 1096 σκευάσαντος
1786 1042 1910 1092 Μίνω
1921 1042 2092 1108 πρώτου
2106 1041 2182 1100 τὴν
2202 1042 2320 1098 τάξιν
2338 1046 2423 1090 τῶν
2446 1045 2601 1106 νόμων.
2623 1047 2671 1107 (ε)
2687 1050 2769 1094 Δο-

1480 1115 1548 1161 κεῖ
1560 1115 1596 1161 δ’
1617 1119 1644 1173 ἡ
1662 1118 1788 1173 ν’ῆσος
1806 1114 1879 1162 καὶ
1899 1115 2002 1179 πρὸς
2017 1114 2094 1172 τὴν
2107 1114 2246 1179 ἀρχὴν
2259 1113 2335 1172 τὴν
2356 1114 2616 1173 Ἑλληνικὴν
2637 1135 2770 1180 πεφυ-

1479 1186 1598 1235 κέναι
1615 1187 1688 1235 καὶ
1698 1189 1864 1236 κεῖσθαι
1879 1189 2035 1241 καλῶς·
2050 1186 2171 1250 πάσῃ
2186 1186 2268 1251 γὰρ
2279 1186 2489 1235 ἐπίκειται
2501 1192 2555 1252 τῇ
2576 1189 2771 1253 θαλάσσῃ

1481 1258 1635 1323 σχεδὸν
1660 1261 1745 1305 τῶν
1781 1257 2005 1315 Ἑλλήνων
2041 1257 2276 1323 ἱδρυμένων
2311 1258 2411 1323 περὶ
2437 1256 2511 1315 τὴν
2547 1258 2768 1306 θάλασσαν

1480 1331 1674 1378 πάντων·
1695 1330 1851 1395 ἀπέχει
1867 1330 1950 1396 γὰρ
1967 1334 2020 1395 τῇ
2041 1330 2116 1393 μὲν
2141 1335 2216 1389 τ’ῆς
2238 1331 2569 1389 Πελοποννήσου
2596 1333 2770 1396 μικρὸν,

1478 1407 1531 1468 τῇ
1557 1402 1602 1451 δὲ
1625 1407 1700 1462 τῆς
1720 1404 1862 1458 Ἀσίας
1885 1408 1958 1450 τοῦ
1981 1404 2079 1468 περὶ
2103 1402 2310 1468 Τριόπιον
2333 1403 2464 1451 τόπου
2492 1404 2565 1451 καὶ
2596 1404 2763 1452 Ῥόδον.

1477 1475 1555 1524 Διὸ
1589 1475 1663 1522 καὶ
1686 1475 1764 1533 τὴν
1783 1479 1858 1534 τῆς
1892 1475 2112 1532 θαλάσσης
2137 1474 2276 1540 ἀρχὴν
2301 1475 2511 1540 κατέσχεν
2544 1479 2565 1522 6
2597 1477 2772 1532 Μίνως,

1479 1546 1552 1594 καὶ
1574 1546 1648 1601 τὰς
1668 1547 1820 1606 νήσους
1844 1546 1919 1602 τὰς
1937 1546 2013 1609 μὲν
2031 1547 2314 1612 ἐχειρώσατο,
2331 1547 2406 1602 τὰς
2427 1550 2463 1595 δ’
2483 1547 2636 1613 ᾤκισε·
2656 1548 2774 1600 τέλος

1483 1617 1528 1666 δὲ
1553 1618 1800 1681 ἐπιθέμενος
1836 1623 1889 1683 τῇ
1926 1619 2107 1683 Σικελίᾳ
2149 1639 2221 1666 τον
2248 1619 2337 1683 βίον
2374 1620 2648 1677 ἐτελεύτησεν
2687 1621 2776 1667 ἐκεῖ

1478 1689 1588 1755 περὶ
1604 1690 1823 1754 Κάμικον.
1854 1690 1906 1755 (3)
1931 1690 2063 1756 Ἔχει
2083 1669 2120 1738 δ’
2144 1691 2293 1738 ἀνάλο
2281 1711 2354 1756 (ον
2378 1695 2405 1750 ἡ
2436 1690 2632 1757 Κρητικὴ
2653 1691 2728 1738 *coit
2712 1711 2768 1746 ις

1482 1764 1588 1828 πρὸς
1610 1763 1689 1821 την
1708 1764 1992 1822 Λακωνικήν·
2016 1764 2253 1830 γεωργοῦσί
2277 1784 2322 1812 τε
2346 1764 2428 1831 γὰρ
2450 1769 2534 1818 τοῖς
2553 1764 2607 1855 μὲ
2590 1783 2631 1810 ν
2651 1762 2774 1811 εἵλω-

1482 1856 1576 1893 τες,
1614 1837 1700 1890 τοῖς
1733 1836 1777 1883 δὲ
1810 1831 1978 1903 Κρησιν
2004 1839 2042 1884 οἱ
2074 1837 2306 1902 περίοικοι·
2339 1838 2412 1884 καὶ
2437 1837 2635 1884 συσσίτια
2667 1838 2771 1902 παρ’

1482 1907 1737 1973 ἀμφοτέροις
1759 1909 1874 1957 ἐστί·
1901 1929 1974 1956 και
1999 1910 2048 1956 τό
2070 1929 2118 1972 γε
2147 1912 2326 1975 ἀρχαῖον
2352 1909 2530 1957 ἐκάλουν
2554 1911 2591 1956 οἱ
2616 1909 2775 1957 Λάκω-

1482 1999 1526 2026 νε
1531 1999 1548 2033 ς
1567 1981 1612 2027 οὐ
1635 1981 1814 2044 φιδίτια,
1838 1981 1952 2028 ἀλλὰ
1977 1981 2152 2046 ἄνδρια,
2178 1982 2370 2046 καθάπερ
2385 2001 2423 2028 οι
2447 1985 2540 2046 1(ρῆ
2545 2000 2624 2038 τες,
2649 1985 2675 2044 ᾖ
2700 1982 2774 2028 καὶ

1482 2052 1649 2108 δῆλον“
1633 2050 1698 2099 ότι
1732 2054 1866 2100 ἐκεῒθε
1850 2072 1890 2099 εν
1922 2055 1970 2100 ε)
1971 2052 2139 2110 ήλυθεν.
2171 2051 2271 2103 ’Έτι
2308 2053 2352 2100 δὲ
2377 2057 2452 2110 τῆς
2482 2053 2701 2108 πολιτείας
2743 2058 2770 2110 ἡ

1483 2122 1625 2177 τάξις·
1651 2126 1688 2171 οἱ
1724 2122 1802 2186 μὲν
1837 2123 1921 2189 γὰρ
1960 2124 2102 2190 ἔφοροι
2138 2126 2214 2183 τὴν
2249 2124 2379 2183 αὐτὴν
2414 2125 2560 2189 ἔχουσι
2594 2124 2773 2185 δύναμιν

1482 2195 1567 2247 τοῖς
1589 2195 1631 2241 ἐν
1661 2198 1715 2259 τῇ
1741 2195 1894 2259 Κρήτῃ
1933 2195 2212 2258 καλουμένοις
2246 2196 2442 2260 κόσμοις,
2479 2195 2591 2254 πλὴν
2628 2199 2665 2244 οἱ
2693 2196 2770 2257 μὲν

1484 2265 1625 2333 ἔφοροι
1651 2270 1774 2315 πέντε
1799 2267 1870 2315 τὸν
1890 2268 2087 2333 ἀριθμὸν,
2118 2271 2156 2316 οἱ
2181 2268 2224 2316 δὲ
2254 2268 2409 2331 κόσμοι
2433 2270 2478 2316 δέ
2481 2288 2536 2316 κα
2563 2269 2684 2318 εἰσίν.
2714 2271 2772 2317 Οἱ

1484 2337 1528 2384 δὲ
1550 2337 1743 2404 γέροντες
1763 2347 1850 2394 τοῖς
1877 2339 2090 2405 γέρουσιν,
2116 2340 2187 2394 οὒς
2211 2342 2414 2388 καλοῦσιν
2434 2342 2472 2387 οἳ
2495 2342 2662 2405 Κρῆτες
2680 2343 2774 2404 βου-

1483 2409 1621 2469 λὴν,”
1604 2429 1704 2459 (σοι.
1724 2413 1905 2460 Βασιλε’
1869 2432 1934 2459 εια
1955 2411 1999 2459 δὲ
2021 2412 2222 2478 πρότερον
2241 2432 2318 2475 μεν
2332 2417 2398 2471 ἠν,
2416 2416 2508 2459 εἶτα
2532 2411 2774 2460 κατέλυσαν

1486 2485 1525 2529 οι
1543 2485 1732 2548 Κρῆτες·
1757 2484 1831 2531 καὶ
1851 2483 1928 2542 τὴν
1956 2484 2191 2548 ηγεμονίαν
2219 2487 2257 2532 οι
2279 2485 2433 2547 κόσμοι
2457 2484 2534 2543 τὴν
2555 2484 2667 2533 κατὰ
2695 2486 2775 2532 πό-

1486 2556 1532 2602 λε
1517 2574 1616 2618 μον
1649 2555 1834 2620 ἔχουσιν.
1869 2558 1925 2621 (4)
1953 2557 2218 2616 Ἐκκλησίας
2244 2557 2288 2604 δὲ
2319 2557 2547 2621 μετέχουσι
2588 2557 2773 2612 πάντες·

1486 2691 1533 2731 115
1545 2693 1724 2734 utuntur.
1741 2693 1794 2743 (2)
1807 2694 1971 2734 Videtur
1983 2695 2117 2734 autem
2130 2695 2258 2734 insula
2273 2695 2312 2734 et
2324 2693 2400 2733 3(1
2390 2694 2599 2745 imperium
2610 2694 2777 2735 Graeciac

1489 2756 1592 2795 sacta
1612 2759 1755 2796 natura
1774 2759 1814 2797 et
1837 2758 2047 2798 commode
2064 2758 2282 2797 admodum
2301 2758 2388 2797 sita.
2411 2758 2529 2797 Omni
2551 2760 2657 2798 enim
2674 2761 2775 2798 mari

1486 2819 1707 2870 propinqua
1723 2820 1927 2871 imminet,
1953 2822 1994 2861 ct
2010 2821 2139 2862 Graeci
2159 2822 2241 2862 fere
2252 2832 2390 2861 omnes
2404 2822 2510 2860 circa
2529 2833 2638 2862 mare
2661 2822 2775 2862 sedes

1488 2883 1676 2922 fixerunt.
1701 2884 1823 2924 Abest
1849 2885 1956 2925 enim
1974 2886 2047 2924 1130
2071 2886 2183 2936 parte
2203 2885 2367 2935 quidem
2390 2896 2470 2924 non
2492 2885 2605 2935 longe
2620 2897 2643 2925 3
2662 2887 2776 2926 Ρο10-

1488 2957 1688 2996 ponneso‚
1720 2947 1788 2986 1113
1822 2950 1957 2988 autem
1994 2949 2046 2988 ab
2078 2949 2180 2988 Asiae
2211 2949 2369 2999 regione
2406 2960 2498 3000 quae
2531 2951 2591 2988 051
2627 2950 2777 2989 circum

1486 3011 1552 3051 Τι
1542 3023 1689 3061 iop1um
1707 3013 1748 3052 01
1770 3013 1967 3053 Rhodum.
1987 3014 2235 3064 Quapropter
2254 3015 2295 3052 et
2314 3014 2434 3053 maris
2453 3013 2662 3064 imperium
2679 3015 2778 3054 obti-

1486 3076 1576 3115 nuit
1591 3076 1744 3126 Minos,
1759 3078 1799 3117 et
1814 3077 1962 3116 insulas
1983 3075 2080 3117 alias
2103 3077 2233 3128 cepit,
2250 3076 2347 3117 alias
2374 3077 2525 3117 colonis
2552 3078 2777 3128 frequenta—

1486 3140 1558 3179 vit.
1614 3140 1674 3180 Ad
1691 3141 1916 3180 extremum
1931 3142 2066 3180 autem
2086 3139 2189 3180 bello
2208 3140 2350 3181 Siciliae
2371 3141 2506 3191 illato,
2534 3141 2617 3180 11110
2638 3141 2687 3180 3(1
2704 3143 2777 3181 Ca-

1487 3205 1637 3244 micum
1671 3207 1838 3246 excessit
1866 3217 1888 3245 0
1918 3206 2015 3245 vita.
2075 3206 2130 3256 (3)
2160 3205 2360 3246 Cretensis
2385 3208 2519 3245 autem
2550 3205 2777 3256 reipublicae

1487 3270 1698 3320 descriptio
1713 3272 1832 3321 atque
1847 3270 2043 3310 ordinatio
2059 3269 2266 3310 Laconicae
2285 3271 2508 3321 respondet.
2533 3274 2654 3321 Agros
2670 3271 2775 3310 enim

1487 3334 1623 3373 colunt
1650 3334 1711 3374 1115
1734 3334 1894 3384 quidem
1913 3334 2093 3383 Helotes,
2117 3333 2194 3373 illis
2213 3335 2345 3374 autem
2377 3334 2540 3374 Perioeci
2577 3345 2677 3384 quos
2703 3345 2774 3384 3ρ

1486 3399 1669 3449 pellant:
1691 3399 1732 3438 et
1755 3398 1935 3437 convivia
1951 3398 2108 3448 publica
2140 3398 2164 3437 s
2171 3400 2243 3437 unt
2271 3399 2377 3448 apud
2395 3400 2597 3449 utrosque.
2620 3403 2676 3439 Ac
2695 3399 2777 3449 pri⁶

1487 3462 1565 3501 5015
1580 3473 1673 3501 53110
1687 3462 1931 3511 temporibus
1946 3461 2206 3500 nominabant
2222 3463 2287 3501 1113
2302 3466 2476 3502 Lacones
2497 3474 2576 3501 non
2588 3463 2776 3509 Phiditia,

1486 3526 1547 3565 uti
1573 3537 1707 3575 nunc,
1731 3526 1800 3565 sed
1830 3525 2001 3575 Andria,
2019 3526 2357 3575 quemadmodum
2376 3528 2611 3567 Cretenses:
2630 3538 2679 3566 ex
2695 3538 2776 3576 quo

1486 3592 1605 3631 etiam
1620 3591 1872 3641 perspicuum
1889 3592 1970 3640 est,
2000 3591 2051 3630 ab
2085 3591 2146 3630 1115
2174 3593 2262 3630 orta
2286 3602 2382 3631 esse.
2439 3593 2634 3631 Praeterea
2656 3591 2775 3630 etiam

1486 3655 1713 3705 reipublicae
1734 3655 2054 3694 administrandae
2074 3655 2297 3706 descriptio.
2320 3660 2348 3696 1⁴
2353 3656 2467 3706 phori
2489 3655 2594 3695 enim
2610 3655 2777 3694 eandem

1488 3719 1771 3758 Lacedaemone
1814 3720 2048 3768 potestatem
2095 3719 2304 3769 obtinent,
2349 3722 2468 3769 atque
2511 3719 2551 3757 in
2597 3720 2711 3756 Creta
2750 3718 2776 3755 ii

1487 3781 1556 3832 qni
1579 3782 1767 3820 dicuntur
1783 3781 1949 3822 Cosmi:
1979 3782 2052 3822 11151
2076 3782 2184 3832 quod
2207 3783 2343 3832 ορ11011
2362 3793 2526 3821 numero
2542 3783 2634 3820 sunt
2658 3778 2775 3829 quin-

1489 3855 1589 3894 que,
1621 3845 1743 3884 cosmi
1773 3845 1913 3884 decem
1945 3861 1953 3884 ε
1991 3847 2193 3885 senatores
2219 3848 2352 3885 autem
2383 3844 2648 3889 senatoribus,
2676 3853 2775 3892 quos

1490 3910 1628 3948 Cretes
1643 3908 1790 3956 Bulan,
1815 3909 1891 3948 hoc
1914 3909 1974 3948 051
1996 3909 2231 3956 consilium,
2259 3909 2481 3958 appellant,
2499 3916 2664 3945 numero
2682 3907 2773 3944 sunt

1488 3981 1615 4022 pares.
1635 3975 1754 4011 Porro
1764 3972 1881 4011 etiam
1894 3971 2050 4021 regibus
2060 3974 2175 4011 311103
2193 3974 2396 4011 Cretenses
2413 3970 2655 4020 paruerunt;
2670 3971 2773 4018 post·

1490 4046 1537 4074 03
1562 4044 1656 4074 vero
1679 4035 1847 4084 regalem
1871 4036 2107 4084 potestatem
2123 4035 2389 4081 sustulerunt,
2421 4035 2463 4071 et
2479 4031 2601 4070 cosmi
2616 4031 2653 4069 in
2671 4031 2773 4070 bello

1489 4098 1705 4148 principem
1719 4097 1874 4138 locum
1865 4098 2152 4147 imperiumque
2164 4097 2355 4136 obtinent
2371 4097 2423 4145 (4)
2438 4093 2645 4133 concionis
2658 4101 2773 4142 porro

1489 4172 1627 4202 omnes
1644 4164 1739 4202 sunt
1761 4161 1921 4211 quidem
1942 4161 2171 4211 participes,
2193 4160 2259 4199 sed
2283 4169 2403 4208 penes
2427 4158 2531 4196 illam
2549 4157 2699 4195 nullius
2715 4158 2771 4196 1·οἰ

1491 4225 1670 4274 gerenda}
1686 4226 1862 4275 potestas
1883 4225 1941 4263 051
1952 4225 2243 4274 ‚praeterquam
2261 4232 2395 4260 earum
2419 4230 2572 4268 rerum,
2590 4229 2681 4269 quae
2707 4231 2771 4259 50-

2475 4321 2505 4350 9.
