3008 4542
1045 209 1460 260 MANETHONIS
1498 211 1904 262 FRAGMENTA.

158 330 329 374 tionem
349 343 375 372 a
395 328 674 372 Manethone
707 326 902 370 alienam
926 340 1043 381 esse,
1087 328 1161 371 vel
1187 328 1296 371 inde
1331 338 1439 371 co‘n·

108 392 311 445 [eludas
327 399 457 458 quod
476 399 701 458 Josephus
733 396 862 456 (Ant.
887 397 997 441 Jud.
1023 399 1061 454 I,
1083 397 1128 453 3,
1149 390 1180 458 9'
1192 397 1205 458 )
1222 432 1234 453 ‚
1256 399 1337 442 ubi
1361 399 1440 443 de·

118 469 123 480 '
149 471 300 517 'fendit
314 486 367 515 ea
381 505 394 526 ,
417 486 518 530 quae
530 470 589 514 de
609 470 978 529 patriarcharum
994 470 1087 514 vita
1110 471 1373 530 longissima
1394 472 1442 514 in

153 543 287 588 sacris
310 541 736 603 libris—referuntur,
763 541 823 585 ad
841 541 1165 585 Manethonem
1189 550 1439 600 provocet,

121 606 134 658 ζ
153 615 326 674 quippe
348 613 430 672 qui
455 613 619 657 similia
643 612 702 657 de
717 613 943 673 AEgyptiis
963 613 1209 676 tradiderit
1233 629 1243 657 ε
1268 614 1442 675 Μαρτυ-

108 695 136 721 -“»
152 688 270 748 ροῦσι
293 681 340 730 δέ
362 699 444 744 μου
468 684 528 746 τῷ
548 679 662 746 λόγῳ
686 681 843 736 πάντες
856 684 894 729 οἳ
907 686 1011 746 παρ’
1024 681 1216 740 ’Ίζλλησι
1233 681 1306 729 καὶ
1322 682 1440 747 παρὰ

106 779 115 797 κ
149 753 384 819 Δβιιρὸοἱροις
405 751 756 817 συγγραψάμενοι
779 751 856 806 τὰς
887 753 1212 816 ἀρχαιολογίας.
1239 753 1328 801 Καὶ
1358 752 1439 817 γὰρ

120 832 122 837 ⁸
148 825 223 874 καὶ
243 829 289 874 Μ
304 822 500 872 ανεθὼν
525 828 547 871 ὁ
564 823 642 882 τὴν
664 827 747 871 τῶν
766 823 1014 888 Αἰγυπτίων
1037 825 1320 888 ποιησάμενος
1345 827 1441 871 ἀνα-

107 891 117 957 ⁴.
148 896 316 964 γραφὴν
334 896 408 944 καὶ
423 895 653 962 Βηρωσσὸς
676 899 812 946 κτλ...
840 902 1114 959 συμφωνοῦσι
1137 901 1222 952 τοῖς
1243 900 1312 944 ὑπ’
1336 899 1439 960 ἐμοῦ

109 958 113 997 .
148 969 407 1034 λεγομένοις.

212 1044 303 1104 §m
329 1043 440 1088 Post
454 1044 562 1088 deos
591 1054 840 1101 regnarunt
860 1043 1043 1106 heroes]
1066 1047 1267 1094 Aucher.
1294 1060 1306 1092 ε
1335 1055 1441 1105 post

113 1119 116 1123 ’
146 1116 254 1160 deos
274 1119 486 1173 regnavit
500 1130 610 1174 gens
629 1118 948 1164 semideorum.

215 1188 242 1247 §
269 1187 313 1234 3.
337 1188 554 1232 Manium
579 1188 888 1250 Heroumque]
908 1191 1109 1235 Aucher.
1137 1207 1147 1234 :
1172 1194 1375 1234 manium
1396 1201 1440 1234 et

95 1245 111 1249 ¹
143 1261 459 1304 semideorum.
477 1262 653 1304 Heroes
671 1262 744 1305 vel
763 1261 988 1306 semideos
997 1262 1094 1319 jam
1113 1263 1341 1306 recensuit
1358 1278 1438 1306 au-

99 1336 118 1371 ’κ
146 1340 262 1376 ctor.
302 1333 456 1390 Quare
497 1331 653 1376 denuo
685 1348 764 1377 eos
796 1333 962 1378 afferre
990 1350 1088 1378 non
1109 1335 1277 1393 potuit.
1306 1336 1439 1379 Men-

98 1394 107 1415 ’“
145 1407 225 1448 sus
234 1412 300 1448 est
329 1419 339 1448 :
363 1412 518 1449 secuta
552 1413 618 1448 est
637 1403 894 1450 dominatio
917 1408 1147 1462 manium,
1186 1421 1303 1464 quos
1327 1407 1437 1450 item

87 1463 107 1514 s
145 1477 380 1535 appellant
414 1475 669 1531 semideos,
715 1492 919 1535 quorum
942 1478 1213 1522 inferiorem
1235 1479 1435 1536 aliquem

106 1546 116 1556 ⁴
145 1548 362 1592 ordinem
382 1548 685 1594 constituunt.
724 1550 843 1593 Rem
861 1551 926 1595 ita
949 1565 1042 1595 esse
1063 1551 1210 1609 liquet
1227 1565 1285 1593 ex
1308 1548 1437 1594 Afri-

91 1627 105 1678 j
147 1635 264 1666 cano
291 1635 366 1679 ap.
389 1618 587 1678 Syneell.
606 1634 654 1679 p.
677 1618 757 1680 54,
782 1622 846 1676 Β,
875 1622 957 1666 ubi
987 1638 997 1665 :
1022 1620 1130 1681 μετὰ
1159 1617 1314 1672 νέκυας
1342 1617 1436 1673 τοὺς

89 1711 102 1749 ,ᾗ
144 1688 346 1750 ἡμιθέους
381 1687 532 1752 πρώτη
557 1688 753 1752 βασιλεία
790 1695 1133 1755 καταριθμεῖται,
1152 1693 1281 1750 κτλ.;
1311 1702 1357 1738 et
1379 1708 1435 1737 ex

143 1764 342 1824 Excerp.
355 1763 547 1809 Barbar.
564 1778 616 1822 p.
644 1768 701 1820 74
729 1778 741 1810 :
765 1766 876 1809 Post
889 1766 999 1810 hoec.
1013 1768 1285 1825 Ecyniorum
1306 1782 1435 1826 reges

87 1891 89 1895 .
146 1827 461 1896 interpretavit
479 1835 705 1880 Imicheos
743 1852 904 1901 vocans
937 1848 982 1882 et
1018 1843 1165 1896 ipsos,
1194 1840 1294 1897 iae.
1327 1835 1435 1898 μετὰ

145 1910 284 1953 ταῦτα
314 1901 410 1959 ,τὰς
446 1904 605 1952 νεκύων
643 1907 863 1970 βασιλείας
911 1907 1151 1973 ἐξηγήσατο
1196 1910 1435 1974 (Μανεθῶ)

84 2006 97 2038 5.
145 1978 346 2040 ἡμιθέους
367 1979 510 2025 καλῶν
534 1978 608 2025 καὶ
647 1979 812 2033 αὐτούς.
841 1985 896 2029 V.
915 1984 1110 2031 Boeckh.
1132 2001 1184 2045 p.
1217 2002 1322 2035 101.
1341 1991 1432 2034 Pro

87 2071 105 2096 μ
143 2052 352 2103 Africani
393 2052 546 2096 verbis
589 2054 811 2098 Eusebius
865 2055 1056 2113 quidem
1101 2072 1174 2116 ap.
1231 2059 1429 2118 Syncell.

141 2138 192 2184 p.
223 2122 309 2180 55,
334 2123 476 2168 habet
512 2140 524 2167 ε
549 2121 659 2184 μετὰ
691 2123 844 2178 νέκυας
869 2125 943 2171 καὶ
966 2125 1062 2179 τοὺς
1084 2118 1447 2189 ἡμιθέουςζκτλ.

88 2190 94 2202 ”
141 2198 314 2242 Verum
351 2196 388 2240 si
417 2198 584 2241 vocula
615 2194 689 2242 καὶ
715 2198 806 2242 hoc
843 2200 948 2244 loco
974 2210 1102 2245 recte
1132 2216 1178 2245 se
1207 2202 1428 2261 haberet,

91 2256 101 2322 ,J
143 2266 396 2311 dicendum
421 2276 519 2311 erat
544 2265 668 2332 μετὰΔ
690 2265 786 2320 τοὺς
806 2268 962 2322 νέκυας
986 2269 1059 2317 καὶ
1090 2289 1128 2317 τ.
1160 2274 1225 2329 ἡ.;
1262 2275 1433 2322 deinde

78 2331 89 2347 ⁷
105 2335 107 2340 ’
123 2330 127 2335 ’
144 2338 336 2384 semidei
355 2347 460 2384 ante
482 2355 639 2384 manes
661 2343 777 2400 poni
801 2342 1051 2391 debebant.
1075 2346 1323 2405 Perperam
1341 2350 1434 2409 igi-

86 2443 87 2446 .
143 2418 220 2453 tur
243 2411 518 2468 particulam
538 2408 613 2456 καὶ
635 2413 788 2457 verbis
811 2413 1016 2459 Africani
1035 2417 1228 2462 inseruit
1255 2421 1430 2469 Routh.

88 2479 101 2529 .-{
140 2483 294 2541 Reliq.
322 2483 448 2530 Sacr.
487 2492 600 2530 tom.
637 2484 714 2540 II,
744 2501 794 2545 p.
828 2485 946 2547 {3²2
982 2503 1119 2547 quem
1154 2501 1335 2537 secutus
1369 2504 1435 2539 est

139 2556 336 2601 Bunsen.
367 2556 748 2614 Urkundenbuclz,
780 2575 827 2618 p.
854 2558 897 2605 8.
979 2556 983 2559 ⁷

205 2627 233 2687 §
251 2633 293 2680 4.
309 2629 446 2672 Mille
465 2629 719 2691 myriades]
738 2633 994 2677 accuratius
1011 2636 1249 2681 Auche'rus
1268 2655 1279 2682 ε
1297 2643 1437 2688 simul

86 2742 89 2744 ,
138 2713 296 2744 omnes
311 2705 426 2744 anni
448 2712 736 2746 recensentur
746 2708 915 2761 myrias
927 2708 1062 2761 mille,
1085 2708 1116 2751 i.
1140 2723 1179 2754 e.
1198 2713 1366 2769 myrias
1390 2721 1434 2758 et

142 2772 268 2816 mille
284 2784 504 2830 ,110003
532 2789 632 2832 quae
657 2791 830 2819 summa
858 2786 923 2820 est
945 2780 1192 2825 rotundius
1221 2798 1432 2843 expressa

46 2832 89 2907 ἶ
143 2857 374 2888 annorum
387 2879 399 2901 ,
420 2846 590 2904 quibus
606 2848 806 2891 semidei
824 2858 868 2892 et
884 2866 1039 2895 manes
1054 2867 1323 2912 regnarunt.
1345 2859 1431 2902 Ex-

141 2924 365 2974 putantur
380 2918 488 2961 anni
506 2934 525 2961 1
539 2933 555 2961 1
566 2918 677 2964 025.
689 2945 750 2953 --
763 2921 1015 2983 MMCCVI]
1036 2925 1264 2971 Numerus
1277 2944 1432 2974 corru-

142 2993 249 3044 ptus
272 2996 360 3043 est,
381 3003 526 3046 quum
540 2990 670 3033 nullo
685 3001 907 3050 computo
925 2995 1026 3037 erui
1040 2997 1196 3053 possit.
1218 3000 1272 3043 V.
1292 3001 1429 3046 infra.

207 3058 234 3118 §
261 3057 305 3105 5.
326 3061 479 3104 Multo
481 3071 592 3120 post
608 3063 854 3125 diluvium]
874 3066 1105 3111 Bunsenio
1131 3071 1434 3118 scribendum

52 3118 100 3131 ”
143 3128 328 3174 videtur
350 3147 361 3175 ε
380 3147 469 3176 non
487 3133 628 3179 multo
659 3151 711 3194 p.
735 3137 782 3179 d.
802 3138 872 3181 De
890 3142 1157 3199 corruptela
1181 3144 1432 3191 verborum

87 3214 95 3261 j
143 3201 240 3260 jam
269 3203 673 3265 Maius-cogitavit.

209 3274 236 3334 ξ
265 3274 313 3321 6.
336 3275 544 3320 Eandem
563 3278 681 3321 hanc
706 3281 977 3325 sententiam
998 3298 1054 3327 ex
1072 3285 1271 3331 Eusebio
1298 3290 1433 3335 affert

143 3346 381 3406 Syncellus
401 3364 452 3407 p.
480 3354 540 3401 4ο
558 3351 617 3394 D.

209 3417 237 3478 5
275 3435 315 3475 7.
336 3420 425 3463 Hoe
455 3421 740 3479 dynastiae...
776 3425 1071 3487 continuisse]
1090 3429 1292 3477 Aucher.
1320 3434 1430 3491 :dy-

37 3488 81 3537 ’·’,-’
145 3500 303 3534 nastas
326 3507 437 3537 vero
469 3497 535 3536 ita
557 3509 606 3538 se
630 3494 843 3562 habuisse
866 3501 1244 3556 quemadmodum
1271 3508 1318 3547 in
1334 3509 1433 3564 ipsu

42 3558 84 3618 ἲς..
146 3563 326 3621 quidem
350 3579 502 3608 eorum
529 3567 628 3625 lege
648 3572 862 3628 scriptum
883 3581 998 3617 erat.
1039 3591 1059 3610 «
1092 3574 1338 3620 Armenius
1361 3578 1432 3620 in-

148 3641 327 3692 terpres
349 3631 480 3694 νόμον
503 3638 649 3697 legem
684 3637 842 3699 [νόμον
876 3656 966 3699 pro
997 3640 1150 3701 νομόν]
1179 3655 1225 3689 et
1261 3663 1430 3710 περιγε-

37 3747 40 3754 .
62 3716 74 3742 ι·
146 3702 332 3767 γράφθαι
352 3710 566 3766 screjotum
584 3725 676 3754 esse
699 3712 939 3759 intellexit.
971 3733 990 3753 »
1017 3716 1131 3760 Mn.

211 3777 359 3836 Igitur
376 3786 467 3822 tres
489 3779 616 3838 apud
645 3783 973 3827 Manethonem
995 3796 1293 3832 recensentur
1321 3790 1433 3834 clas-

146 3861 214 3891 ses
250 3847 562 3906 dynastiarum
585 3853 910 3911 mythicarum.
936 3857 1090 3902 Prima
1123 3867 1190 3902 est
1216 3861 1400 3904 deorum
1417 3896 1429 3918 ,

37 3914 52 3986 '⁸
79 3921 83 3930 ·“
148 3932 349 3985 quorum
373 3920 467 3964 duo
484 3932 616 3967 >certe
640 3924 951 3986 distinguendi
982 3929 1193 3986 ordines,
1221 3932 1336 3976 alter
1363 3948 1433 3976 se-

75 4026 84 4058 ,
146 3998 274 4048 ptem
306 3990 503 4051 deorum
532 3994 760 4052 majorum
777 4031 790 4054 ,
817 3999 1049 4058 Hephaesti
1072 3998 1220 4062 (Ptalz
1237 3999 1264 4062 )‚
1313 4004 1433 4046 Helii

80 4058 87 4102 i
153 4060 299 4120 (Ra),
336 4065 740 4123 Agathodaemonis
764 4067 801 4130 (
820 4072 954 4115 Num.
998 4072 1194 4119 Chnum.
1236 4074 1413 4135 Cneplz)

33 4134 89 4240 1ζᾲ
151 4132 289 4176 Croni
324 4133 484 4196 (seb),
525 4138 716 4183 Osiridis
755 4124 957 4203 (ἂς-ἰή),
987 4146 1223 4203 Typhonis
1249 4146 1429 4208 (Seth),

32 4333 83 4454 ῑ

1421 4110 1432 4131 7

2692 229 2782 271 527

1520 324 1636 366 Hori
1655 323 1796 385 (Hor)
1828 340 1838 370 :
1866 327 1982 369 alter
2001 328 2154 370 nescio
2177 339 2293 385 quot
2316 330 2510 375 deorum
2534 333 2783 393 minorum,

1520 409 1721 451 quorum
1747 405 2006 454 postremus
2032 412 2121 441 sec.
2148 400 2311 445 Euseb.
2339 401 2425 446 fuit
2447 403 2583 462 Bydis
2603 405 2696 464 (vel
2718 408 2795 450 Bi-

1520 461 1630 525 tys).
1666 491 1730 498 —-
1755 468 1810 509 In
1833 468 2064 511 laterculis
2089 468 2399 527 dynastiarum
2416 507 2428 529 ,
2452 490 2553 532 quae
2583 490 2638 519 ex
2663 486 2796 535 parte

1518 545 1763 593 supersunt
1781 538 1830 580 in
1846 539 1999 582 lacero
2014 554 2193 598 papyro
2213 543 2452 588 Turinensi
2472 544 2687 605 (Lepsius
2708 550 2795 594 Ur-

1519 606 1720 664 kunden‚
1740 608 1834 655 tab.
1855 611 2069 655 III—VI.
2087 610 2122 671 ),
2144 611 2340 656 deorum
2361 615 2584 673 majorum
2606 622 2796 674 nomina

1519 678 1768 723 etiamnum
1800 681 2016 740 leguntur
2047 692 2267 740 quattuor
2297 696 2528 743 postrema
2560 688 2633 749 (4.
2674 693 2794 749 Seb;

1521 747 1564 795 5.
1604 751 1779 806 Osirim
1819 752 1865 796 6.
1899 753 2038 812 Setk3
2072 769 2118 809 7.
2158 755 2347 813 Horas).
2378 759 2558 804 Deinde
2594 777 2797 821 sequun—

1519 829 1620 866 tur:
1646 822 1690 870 8.
1722 824 1852 871 Totlz.
1882 833 1927 871 et
1947 840 1993 884 9.
2016 827 2146 882 Ma.;
2168 829 2402 885 sequentia
2420 830 2659 877 obliterata
2678 847 2795 882 sunt.

1517 894 1677 938 Patere
1704 904 1871 952 tamen,
1887 898 2139 942 Bunsenius
2158 913 2206 956 p.
2230 905 2323 958 429
2346 901 2431 955 ait,
2457 902 2564 947 inde
2581 905 2637 949 ab
2653 922 2797 966 regno

1517 963 1700 1009 decimo
1743 968 1880 1011 tertio
1927 983 2102 1012 novum
2139 970 2349 1014 ordinem
2388 973 2622 1032 incepisse.
2653 979 2799 1036 Igitur

1515 1046 1620 1094 post
1632 1046 1806 1097 septem
1824 1038 1936 1084 deos
1948 1039 2146 1098 majores
2163 1042 2240 1085 alii
2254 1042 2319 1086 dii
2337 1045 2649 1102 sequebantur
2662 1052 2796 1106 quin-

1516 1123 1622 1166 que.
1660 1111 1801 1169 Apud
1836 1112 2164 1156 Manethonem
2197 1114 2433 1162 Panodori
2469 1115 2551 1175 (fr.
2593 1118 2651 1178 2)
2695 1132 2799 1179 post

1516 1181 1697 1224 Horum
1718 1184 1860 1242 primi
1890 1193 2146 1243 sequuntur
2171 1187 2288 1229 Ares
2314 1196 2360 1230 et
2382 1189 2557 1232 Anubis
2591 1199 2635 1234 et
2668 1192 2796 1236 dein-

1515 1267 1620 1312 ceps
1640 1254 1717 1298 alii
1739 1271 1843 1311 sex,
1868 1257 1949 1315 qui
1967 1257 2033 1300 ibi
2055 1265 2289 1316 tamquam
2322 1259 2512 1304 semidei
2551 1277 2790 1308 recensen-

1514 1332 1606 1369 tur.
1632 1326 1758 1369 Nihil
1781 1328 1890 1372 inde
1911 1330 2024 1373 lucis
2057 1345 2170 1374 vero
2197 1331 2465 1374 Manethoni
2494 1331 2670 1377 affundi
2697 1351 2798 1379 cen·

1514 1407 1586 1441 cet
1623 1399 1900 1456 Bunsenius,
1940 1402 1972 1444 l.
2017 1403 2051 1448 1.
2080 1403 2296 1447 Ceterum
2328 1403 2386 1447 de
2421 1404 2568 1449 tribus
2602 1405 2798 1452 deorum

1512 1471 1701 1530 AEgypt.
1727 1473 1985 1530 ordinibus,
2009 1490 2126 1533 quos
2150 1475 2420 1520 Herodotus
2437 1476 2630 1537 indicat,
2646 1479 2797 1539 deque

1512 1544 1693 1587 ratione
1712 1559 1803 1602 qua
1827 1560 1883 1589 ex
1907 1548 2204 1591 monimentis
2226 1549 2535 1593 constituendi
2560 1551 2674 1608 sint,
2701 1552 2797 1598 fuse

1513 1613 1716 1673 disputat
1731 1617 1856 1660 idem
1879 1619 2132 1663 Bunsenius
2151 1621 2174 1662 Ι
2188 1653 2199 1674 ,
2226 1635 2277 1678 p.
2308 1625 2400 1680 429
2418 1635 2520 1679 sqq.

1576 1689 1700 1731 Deos
1721 1690 1958 1748 excipiunt
1977 1691 2287 1735 Semideorum
2316 1692 2533 1751 dynastiae
2564 1704 2795 1752 quattuor.

1512 1757 1713 1804 Tertiam
1736 1775 1893 1805 earum
1917 1771 1962 1806 et
1985 1773 2194 1821 quartam
2217 1765 2474 1808 exhibuisse
2497 1765 2704 1811 videmus
2726 1784 2795 1814 se-

1509 1830 1688 1874 mideos
1708 1841 1941 1876 certarum
1958 1836 2326 1892 provinciarum.
2364 1835 2496 1882 Idem
2521 1835 2579 1880 de
2598 1839 2797 1883 secunda

1510 1905 1719 1949 valuerit.
1744 1906 1897 1950 Prima
1919 1906 2111 1950 fortasse
2134 1923 2213 1951 eos
2234 1908 2526 1967 continebat,
2547 1911 2626 1967 qui
2651 1926 2674 1953 a
2700 1928 2795 1956 ma-

1502 1975 1599 2033 jori
1636 1977 1965 2036 AEgyptiorum
1988 1988 2120 2037 parte
2144 1981 2525 2039 agnoscebantur.
2559 1982 2637 2026 Sin
2659 1984 2796 2028 hosce

1509 2048 1734 2092 semideos
1757 2051 2039 2109 appellamus
2058 2051 2234 2094 Herolzs
2248 2084 2261 2104 ‚
2289 2052 2544 2096 cavendum
2568 2064 2632 2098 est
2656 2071 2714 2099 ne
2738 2056 2797 2100 de

1511 2118 1708 2163 deorum
1730 2128 1775 2164 et
1795 2123 2062 2166 mortalium
2081 2122 2238 2166 liberis
2258 2124 2525 2183 cogitemus.
2596 2126 2653 2169 Id
2674 2128 2796 2170 enim

1509 2191 1567 2234 ab
1594 2190 1911 2252 AEgyptiorum
1925 2194 2211 2255 mythologia
2227 2195 2428 2239 alienum
2449 2212 2542 2241 esse
2564 2213 2621 2242 ex
2641 2200 2794 2244 Hero-

1510 2262 1623 2307 doto
1650 2274 1839 2309 constat.
2517 2262 2521 2267 ⁹

1576 2337 1744 2380 Manes
1766 2334 1778 2399 (
1793 2333 1967 2397 νεκύαι)
2001 2338 2157 2396 quales
2178 2337 2366 2393 fuerint,
2392 2354 2616 2398 nusquam
2648 2343 2797 2386 tradi-

1511 2416 1598 2454 tur.
1617 2410 1848 2453 Bunsenio
1870 2408 2068 2464 indicari
2087 2409 2305 2453 videntur
2322 2412 2534 2470 stirpium
2558 2423 2767 2459 auctores
2780 2450 2793 2471 ,

1511 2482 1591 2539 qui
1621 2482 1670 2525 in
1702 2483 1890 2542 singulis
1918 2483 2178 2526 civitatibus
2211 2484 2379 2526 eximio
2404 2499 2455 2528 ac
2487 2493 2663 2534 tantum
2698 2504 2795 2532 non

1511 2552 1670 2611 divino
1692 2555 1819 2597 cultu
1836 2554 2056 2597 honorati
2074 2553 2244 2597 fuerint
2268 2553 2342 2614 (*).

1575 2625 1798 2669 Ordinem
1822 2625 2157 2684 dynastiarum,
2186 2642 2320 2684 quem
2350 2628 2570 2673 Eusebius
2592 2631 2793 2689 praebet,

1508 2699 1760 2743 Bunsenius
1783 2699 1833 2755 I,
1858 2714 1908 2757 p.
1942 2697 2028 2742 105
2054 2700 2223 2742 mutari
2247 2701 2360 2745 vult.
2387 2698 2498 2744 Post
2521 2701 2632 2745 deos
2660 2704 2796 2761 ponit

1509 2769 1819 2813 semideorum
1852 2769 2107 2828 dynastiam
2137 2785 2364 2813 annorum
2398 2770 2538 2817 1255.
2571 2774 2808 2835 Deinceps⁴

1510 2843 1691 2885 tertiam
1719 2843 1856 2901 ponit
1882 2857 2007 2897 eam,
2035 2857 2174 2900 quam
2203 2842 2426 2887 Eusebius
2465 2845 2673 2889 omnium
2703 2862 2795 2904 po—

1509 2922 1724 2957 stremam
1761 2914 1869 2957 facit
1887 2948 1900 2972 ,
1931 2914 2145 2957 Manium
2179 2930 2236 2957 ET
2259 2915 2480 2968 Heroum
2507 2931 2608 2974 quae
2641 2918 2798 2976 itaque

1509 2986 1641 3028 mixti
1665 2986 1847 3044 generis
1870 2985 2025 3029 fuisset
2060 2987 2301 3029 transitum
2332 2985 2533 3031 efficiens
2565 3003 2590 3032 a
2623 2989 2708 3032 diis
2736 2990 2794 3033 ad

1509 3071 1639 3116 reges
1670 3057 1906 3104 mortales.
1979 3058 2060 3100 His
2092 3057 2261 3102 deinde
2299 3058 2536 3118 subjungit
2568 3061 2792 3119 reliquas,

1512 3129 1685 3187 quippe
1705 3143 1806 3186 quae
1833 3138 2102 3173 recenseant
2120 3144 2251 3189 reges
2273 3131 2491 3174 mortales
2520 3132 2705 3191 singulis
2731 3134 2794 3176 ci—

1509 3201 1725 3244 vitatibus
1743 3201 2044 3259 imperantes,
2071 3211 2317 3260 antequam
2336 3204 2621 3261 superiorem
2662 3203 2795 3264 AEgy-

1507 3280 1641 3331 ptum
1663 3288 1769 3316 cum
1787 3273 2008 3316 inferiore
2026 3275 2182 3317 Menes
2200 3275 2251 3317 in
2269 3290 2408 3318 unam
2430 3274 2794 3319 dominationem

1561 3413 1612 3462 (*)
1631 3416 1800 3455 Bunsen.
1822 3417 1855 3462 I,
1872 3426 1914 3464 p.
1940 3418 2010 3454 104-
2030 3431 2038 3454 ε
2064 3430 2083 3448 «
2109 3415 2181 3454 Die
2201 3417 2342 3454 Manen
2357 3415 2539 3454 scheinen
2555 3416 2685 3455 solche
2701 3419 2793 3455 1<oe-

1509 3471 1595 3520 nige
1624 3471 1692 3510 der
1714 3473 1844 3512 Urzeit
1864 3485 1910 3511 zu
1935 3473 2195 3522 bezeichnen,
2223 3473 2286 3512 die
2316 3485 2423 3512 zwar
2453 3475 2509 3513 als
2534 3475 2638 3512 reine
2660 3474 2793 3513 sterb-

1508 3528 1609 3567 liche
1641 3530 1791 3578 galteri,
1823 3530 1917 3569 aber
1949 3531 2051 3570 doeh
2093 3532 2151 3571 als
2182 3533 2458 3571 stammvaeter
2487 3532 2557 3570 der
2594 3531 2792 3570 einzelnen

1509 3586 1796 3625 Landschaften
1809 3618 1818 3633 ,
1838 3587 1916 3627 wie
1935 3588 1998 3627 die
2020 3592 2174 3628 Prittis
2190 3589 2260 3628 der
2280 3589 2408 3636 Inder,
2429 3589 2533 3627 einer
2555 3588 2791 3626 besonderen

1508 3644 1740 3692 Verehrung
1758 3655 1959 3694 genossen.
1983 3646 2046 3686 Sie
2065 3647 2224 3686 werden
2240 3647 2280 3685 in
2298 3647 2372 3685 den
2394 3647 2499 3685 alten
2519 3645 2790 3684 Verzeichnis—

1507 3712 1576 3740 sen
1592 3703 1878 3752 vorzugsweise
1899 3705 1970 3742 mit
1993 3704 2083 3744 dem
2099 3704 2325 3743 Ausdrueke
2346 3707 2470 3742 malsc
2486 3732 2496 3750 ‚
2517 3702 2579 3740 die
2600 3703 2782 3741 Gerecht-

1509 3759 1690 3808 fertigten
1706 3789 1716 3808 ,
1731 3760 1991 3800 Vollendeten
2002 3791 2014 3811 ,
2030 3762 2259 3801 bezeichnet
2279 3761 2438 3800 worden
2453 3762 2547 3798 sein.
2575 3762 2625 3798 So
2642 3759 2789 3798 heissen

1507 3817 1692 3855 naemlich
1713 3817 1790 3856 alle
1809 3819 2127 3868 Verstorbenen3
2163 3819 2256 3858 aber
2278 3819 2380 3857 auch
2402 3827 2476 3856 von
2504 3816 2578 3855 den
2603 3817 2788 3865 Koenigen

1507 3873 1577 3912 der
1599 3874 1929 3923 geschichtlichen
1950 3877 2034 3916 Zeit
2068 3877 2198 3916 haben
2229 3876 2352 3925 einige
2379 3874 2660 3923 vorzugsweiso
2679 3873 2789 3935 fliese

1509 3931 1796 3982 Bezeichnung.
1837 3933 1917 3972 Auf
1941 3933 2134 3973 aehnliclne
2157 3933 2287 3973 Weise
2309 3943 2396 3980 mag
2420 3942 2461 3970 es
2483 3931 2563 3969 sich
2582 3931 2653 3970 mii
2672 3940 2787 3978 Jffllffll

1509 3990 1650 4027 Manen
1673 3990 1890 4028 verhalten.
1920 3988 2010 4030 Wir
2033 3991 2162 4029 haben
2189 3990 2229 4028 in
2256 3990 2374 4027 ihnen
2397 3985 2676 4036 Jedensallsdie
2694 3989 2785 4023 Καε-

1507 4045 1595 4095 nige
1621 4046 1691 4085 der
1711 4048 1889 4087 aeltesten
1905 4048 2236 4097 geschichtlichen
2257 4050 2352 4095 Sage
2374 4057 2421 4083 zu
2442 4044 2634 4082 erkennen
2648 4073 2657 4090 ‚
2679 4043 2787 4080 nicht

1507 4104 1620 4142 mehr
1628 4116 1699 4143 zur
1714 4106 2087 4155 Goettergesehichte
2098 4104 2263 4144 sondern
2278 4114 2346 4140 zur
2359 4100 2786 4149 Menschengeschiehte

1507 4162 1678 4211 gehoerig
1700 4178 1708 4201 :
1738 4163 1800 4202 die
1822 4164 1981 4212 Koenige
2008 4164 2077 4202 der
2097 4162 2241 4201 Urzeit.
2264 4177 2280 4194 υ
