3016 4628
27 459 61 471 1⁴·
94 469 98 471 .

26 472 54 521 ’i

26 519 28 534 ί

25 538 29 548 ι

25 558 28 568 ι

1161 297 1177 401 J
1239 322 1646 371 FRAGMENTA.

819 430 874 480 ‘O
898 429 1159 493 καλούμενος
1196 428 1403 482 κότταὸος
1484 444 1594 476 lus:
1615 431 1662 476 ἐκ
1683 428 1878 476 λεπάδων
1899 435 2052 494 χαυνοῖ
2074 432 2225 497 φρένας
2252 433 2278 478 ἁ
2303 434 2513 481 θαλασσία
2539 435 2669 489 λεπάς
2691 439 2762 482 vel

134 453 148 469 ·
200 443 332 489 Idem
353 440 449 496 xl,
481 453 530 499 p·
561 437 740 496 4792D

134 514 350 579 παρῆλθεν
387 511 444 563 εἷς
477 505 533 554 τὰ
571 503 814 568 συμπόσια,
854 504 939 549 τῶν
970 500 1070 565 περὶ
1107 499 1326 558 Σικελίαν,
1355 498 1412 552 ὥς

136 602 242 650 φησι
265 581 550 647 Δικαίαρχος,
573 579 742 642 πρῶτον
771 572 1102 638 εἰσαγαγόντων.
1130 575 1282 620 Verba
1306 582 1413 618 sunt

136 655 418 718 Hegesandri
453 651 623 717 Delphi
667 649 726 694 ab
767 648 987 693 Athenaeo
1029 646 1221 692 laudati.
1263 646 1409 690 Etiam

135 729 313 788 reliqua
357 722 639 785 Hegesandri
667 736 768 780 quae
810 727 1066 778 sequuntur
1110 717 1235 778 apud
1271 718 1413 762 Athe-

135 816 309 856 naeum,
332 814 358 843 e
379 795 647 843 Dicaearcho
670 792 906 837 fluxerint.

197 869 448 928 16.Xv‚p.
467 867 585 921 666,
610 868 662 923 B,
687 866 748 911 C:
771 861 1089 926 Δικαίαρχοςδ’
1109 859 1413 918 ὁΜεσσήνιος,

57 921 82 980 ⁵,
135 938 450 1006 Ἀριστοτέλους
473 933 688 998 μαθητὴς,
721 937 764 981 ἐν
795 938 857 999 τῷ
878 933 986 998 Περὶ
1007 931 1206 981 Ἀλκαίου
1231 949 1304 978 και
1334 930 1412 988 τὴν

134 1010 324 1074 λατάγην
349 1000 539 1075 qmcxlv⁶³
501 1027 608 1055 ειναι
629 1006 854 1056 Σικελικὸν
882 1005 1032 1069 ὄνομα.
1057 1004 1241 1093 Λατάγη
1267 1002 1302 1050 δ’
1321 1004 1412 1050 ἐστὶ

133 1083 181 1133 τὸ
209 1080 541 1143 ὑπολειπόμενον
569 1079 656 1126 ἀπὸ
677 1098 751 1126 του
777 1078 1025 1132 ἐκποθέντος
1046 1077 1250 1140 ποτηρίου
1272 1074 1413 1140 ὑγρὸν,

132 1150 529 1216 ὃσυνεστραμμένῃ
563 1154 617 1214 τῇ
655 1149 768 1215 χειρὶ
794 1149 952 1196 ἄνωθεν
994 1147 1248 1214 ἐρρίπτουν
1251 1165 1289 1194 οι
1313 1145 1415 1192 παί-

47 1287 51 1291 “
74 1230 79 1240 ’
115 1225 269 1283 ,ζοντες
284 1226 342 1279 εἷς
355 1223 405 1272 τὸ
425 1222 687 1272 κοτταὸεἴον.
719 1224 787 1271 Cf.
809 1224 954 1268 schol.
978 1224 1114 1268 Arist.
1134 1223 1240 1265 Pac.
1270 1225 1410 1272 1242.

148 1289 151 1313 ἵ
195 1298 327 1343 Idem
338 1299 438 1354 XV,
452 1313 500 1356 p.
522 1296 614 1354 667
631 1331 643 1354 ,
661 1298 696 1340 B
715 1311 728 1342 ε
759 1293 1045 1357 Ἀγκυλοῦντα
1069 1290 1152 1356 γὰρ
1170 1291 1232 1338 δεῖ
1252 1288 1414 1355 σφόδρα

130 1366 206 1426 ἰ’-ὴν
227 1365 596 1433 χεῖραεῦρύθμως
619 1365 804 1414 πέμπειν
828 1365 899 1412 τὸν
924 1363 1151 1433 κότταὸον,
1189 1366 1244 1417 ὡς
1264 1360 1414 1410 Δικαί-

69 2517 83 2528 .
130 2483 158 2529 ἃ
194 2482 409 2530 θαλασσία
441 2482 637 2536 λεπάς.)

4 2615 6 2617 ι
109 2557 200 2602 ’του
220 2554 356 2609 λεπάς
378 2554 527 2619 χέλυς,
549 2554 624 2601 καὶ
643 2554 771 2619 φησὶν
789 2556 865 2601 οὐκ
885 2547 931 2601 ευ
955 2554 1218 2619 Δικαίαρχον
1243 2553 1412 2610 ἐκδεξά-

0 2687 1 2690 ,
130 2644 255 2687 μενον
278 2626 418 2690 λέγειν
442 2625 545 2680 τὰς
533 2625 741 2680 Λεπάδας·
765 2625 818 2672 τὰ
835 2626 1043 2690 παιδάρια
1063 2625 1129 2684 δὲ,
1146 2626 1257 2684 ἡνίκ’
1279 2625 1330 2673 ἂν
1347 2629 1382 2673 εἰ
1387 2646 1404 2680 ς

0 2697 1 2703 ’
43 2704 62 2756 ‘5‘
127 2697 176 2743 τὸ
200 2695 340 2759 στόμα
357 2697 567 2756 λάὸωσιν,
591 2699 777 2744 αὖλεῖν’
759 2716 802 2744 εν
827 2697 1003 2751 ταύταις
1025 2697 1098 2744 καὶ
1119 2698 1309 2759 παίζειν,
1332 2717 1410 2745 κα-

134 1440 264 1506 αρχός
284 1458 431 1505 φησιν.

232 1509 243 1521 ”
742 1517 818 1566 35.

199 1612 330 1657 Idem
353 1613 451 1671 XI,
480 1627 529 1671 p.
557 1612 674 1669 460,
693 1613 728 1656 F
757 1627 767 1655 t
793 1606 931 1663 Ἄξιον
956 1608 1000 1655 δέ
1028 1610 1117 1655 ἐστι
1141 1610 1345 1666 ζητῆσαι,
1379 1610 1414 1654 εἷ

129 1677 167 1731 οἱ
191 1684 364 1747 ἀρχαῖοι
389 1683 589 1745 μεγάλοις
612 1681 756 1729 ἔπινον
780 1679 1014 1746 ποτηρίοις.
1046 1679 1309 1744 Δικαίαρχος
1336 1679 1412 1742 μὲν

127 1752 210 1818 γὰρ
243 1757 266 1800 ὁ
304 1753 567 1812 Μεσσήνιος,
607 1756 628 1800 ὁ
665 1752 977 1818 Ἀριστοτέλους
1015 1750 1235 1814 μᾶθητὴς,
1274 1754 1316 1799 ἐν
1353 1755 1413 1816 τῷ

131 1823 241 1888 Περὶ
261 1823 459 1872 Ἀλκαίου
485 1830 652 1888 μικροῖς
680 1824 808 1889 φησὶν
829 1823 980 1877 αὐτοὺς
1004 1823 1234 1886 ἐκπώμασι
1255 1827 1412 1888 κεχρῆ-

129 1899 226 1943 σθαι
250 1895 323 1943 καὶ
347 1895 626 1961 ὑδαρέστερον
651 1895 919 1946 πεπωκέναι.

733 1998 809 2045 36.

190 2084 322 2130 Idem
360 2087 453 2141 III,
481 2101 531 2145 p.
561 2083 646 2142 85,
671 2087 746 2130 F:
792 2082 1045 2136 Καλλίαςδ’
1072 2087 1093 2130 ὃ
1124 2085 1414 2141 Μυτιληναῖος

128 2155 170 2203 ἕν
189 2156 250 2219 τῶ
266 2154 375 2220 Περὶ
392 2158 467 2213 τῆς
480 2154 606 2230 παρ’
602 2154 788 2220 Ἀλκαίῳ
803 2154 1023 2209 λεπάδος
1011 2154 1131 2219 παρα
1142 2175 1205 2202 τω
1228 2155 1412 2219 Ἀλκαίῳ

71 2247 82 2254 ,.
101 2222 110 2238 ”
131 2243 257 2290 φησιν
279 2219 388 2274 εἶναι
412 2228 545 2292 ᾠδὴν,
577 2231 628 2284 ἧς
651 2230 678 2285 ἦ
706 2226 842 2291 ἅρχη

227 2326 372 2376 Πέτρας
388 2326 453 2365 καὶ
469 2327 603 2371 πολιᾶς
621 2325 813 2370 θαλάσσας
834 2326 970 2364 τέκνον
992 2336 1000 2344 ·

740 2410 827 2457 Ἐκ
843 2410 1041 2456 λεπάδων
1061 2410 1231 2473 χαύνοις
1255 2410 1408 2474 φρένας

636 2481 719 2531 »Ὁ
744 2483 778 2529 δ’
802 2482 1108 2574 Ἀριστοφάνης
1137 2482 1292 2548 γράφει
1317 2482 1410 2529 ἀντὶ

131 2403 182 2468 ἧς
203 2409 273 2458 ε’πὶ
292 2409 404 2458 τέλει
422 2409 719 2475 γεγράφθαι·

50 2769 77 2841 ,ζῖ
130 2767 267 2832 θάπερ
294 2768 367 2815 καὶ
395 2771 500 2832 παρ’
530 2774 634 2831 ἡμῖν
665 2769 719 2815 τὰ
752 2770 1026 2833 σπερμολόγα
1059 2773 1142 2816 τῶν
1172 2769 1410 2834 παιδαρίων

59 2867 67 2875 ν
133 2841 228 2894 ταῖς
250 2839 535 2902 καλουμέναις
553 2839 776 2894 τελλίναις.

192 2915 333 2974 Apud
353 2915 556 2959 Alcaeum
571 2914 870 2959 Casaubonus
892 2916 1188 2960 scribendum
1207 2918 1411 2975 suspica-

56 2970 93 3035 ζ’
130 2987 204 3024 tur
234 2995 244 3023 :
272 2979 320 3024 ἐκ
341 2976 518 3024 λυπάων
541 2977 609 3024 δ”
576 2977 722 3050 ωιαίνοι
742 2997 789 3025 σε
811 2978 964 3044 φρένας
990 2979 1017 3025 ἃ
1041 2979 1253 3026 θαλασσία
1276 2979 1410 3032 λεπάς

125 3051 200 3095 vel
219 3047 365 3103 ἷαίνοις
385 3047 539 3114 φρένας
570 3051 606 3095 ὠ
627 3049 841 3097 θαλασσία
862 3049 1009 3103 λεπάς.
1031 3053 1411 3113 Schweighaeuse-

131 3141 2765 3167 ——w———Q-ffl———ffi-

42 3211 104 3267 .4,.“,’”

176 3185 368 3226 oottahus
385 3187 454 3237 qui
469 3188 661 3227 vocatur
651 3198 692 3226 ιιι
718 3188 899 3227 convivia
922 3189 1098 3238 transiit,
1117 3200 1140 3228 a
1165 3190 1307 3229 Siculis
1323 3190 1406 3240 pri-

47 3267 62 3274 .
99 3258 258 3301 mum,
275 3252 319 3290 ut
334 3251 390 3291 ait
410 3252 685 3300 Dicaearchus,
704 3252 970 3293 introductus.

177 3281 433 3357 Dicaearchus
463 3317 702 3366 Messenius,
727 3317 945 3357 Aristotelis
973 3317 1213 3368 discipulus,
1246 3320 1285 3369 in
1309 3319 1410 3358 libro

54 3391 98 3428 Q
108 3367 325 3422 DeAicaeo
336 3379 392 3419 ait
403 3381 599 3429 ‚latagam
611 3391 772 3432 quoque
785 3381 962 3421 Siculum
974 3393 1057 3422 esse
1070 3383 1325 3423 vocabulum.
1341 3386 1412 3424 Est

36 3429 256 3523 {nutem
274 3443 402 3495 lataga
427 3445 611 3485 residuus
632 3446 674 3484 in
693 3447 836 3495 poculo
861 3448 978 3496 epoto
996 3447 1142 3496 liquor,
1171 3458 1290 3497 quem
1318 3459 1409 3486 con-

59 3511 101 3543 ἵ-
95 3502 248 3546 attacta
266 3517 386 3548 manu
405 3509 447 3565 in
461 3509 587 3548 altum
599 3509 796 3558 jaciebant
811 3509 1020 3558 ludentes,
1037 3521 1116 3559 quo
1130 3510 1168 3549 in
1182 3511 1408 3550 cottabeum

50 3554 95 3587 ’8

119 3564 152 3611 d
198 3561 332 3611 ideret.

76 3579 386 3674 οξιιιιιιιππιι
412 3634 525 3674 valde
540 3645 662 3674 manu
686 3634 882 3674 concinno
899 3636 1071 3685 quodam
1097 3636 1215 3674 modo
1233 3637 1411 3675 emittere

63 3714 83 3745 ¹.
87 3690 330 3748 achabum
348 3700 529 3750 oportet,
546 3701 593 3740 ut
605 3700 859 3741 Dicaearchus
875 3701 944 3739 ait.

72 3815 85 3843 ἴ

53 3847 91 3874 ,ιβ

179 3819 446 3864 Quaerendum
471 3819 531 3860 ost
552 3831 605 3860 an
627 3755 842 3871 majoriius
862 3833 884 3862 e
915 3823 1066 3872 poculis
1086 3821 1261 3861 biberint
1279 3823 1407 3871 prisci.

128 3881 382 3924 Dicaearchus
396 3884 559 3935 quidem
578 3886 816 3935 Messenius,
834 3886 1053 3926 Aristotelis
1068 3887 1304 3937 discipulus,
1325 3898 1410 3936 par-

110 3945 188 3987 vis
199 3946 254 3986 ait
263 3948 414 3997 poculis
428 3959 496 3988 eos
520 3959 613 3989 usos
624 3959 707 3989 osse
727 3949 969 3999 dilutiusque
988 3950 1144 3989 bibisse.

180 4079 322 4121 Callias
335 4069 581 4133 Mytilenaeus
592 4084 632 4123 in
645 4019 855 4135 53ιίἒιδίοηο
868 4087 924 4124 De
941 4085 1074 4134 lepade
1095 4086 1200 4135 apud
1219 4086 1408 4133 Alcimum,

41 4146 102 4190 fs*
130 4141 214 4189 Osse
225 4145 279 4185 ait
297 4147 400 4196 apud
414 4147 588 4187 Alcaeum
604 4149 704 4188 oden
716 4179 727 4195 ,
749 4150 861 4198 cujus
880 4150 1034 4189 initium
1056 4167 1063 4189 :

164 4275 171 4282 ,
221 4233 238 4253 ι
258 4224 375 4258 Petrae
398 4227 434 4260 et
452 4225 534 4260 cani
553 4226 662 4261 maris
681 4227 874 4272 progenies
893 4238 901 4259 ι
927 4239 939 4258 x

1451 3183 1458 3201 '
1483 3190 1597 3239 cujus
1616 3189 1656 3228 in
1670 3189 1748 3228 fine
1765 3189 1820 3228 sic
1843 3188 1957 3228 scribi
1979 3204 1988 3226 :

2671 335 2793 378 247.

1485 505 1656 563 χαυνοῐς
1673 499 1824 564 φρένας
1843 520 1878 547 ω
1899 501 2112 548 θαλασσία
2132 501 2278 555 λεπάς.
2302 507 2557 555 Blomfield.
2590 509 2669 554 :e'x
2693 510 2763 554 λο-

1486 570 1634 618 πάδων
1660 570 1832 624 σαίνεις.

1669 668 1769 721 DE
1812 669 2070 722 POETIS
2112 669 2583 725 DRAMATICIS.

1556 787 1916 835 ΥΠΟΘΕΣΕΙΣ
1951 787 2083 835 ΤΩΝ
2120 788 2553 836 ΣΟΦΟΚΛΕΟΥΣ
2590 790 2693 836 ΚΑΙ

1819 859 2164 907 ΕΥΡΙΠΙΔΟΥ
2202 860 2443 907 ΜΥΘΩΝ.

1554 949 1716 1004 Sextus
1737 959 1995 1018 Empiricus
2017 957 2138 1005 Adv.
2165 959 2309 1003 math.
2328 960 2399 1003 ΙΙΙ
2414 993 2426 1014 ,
2452 975 2501 1018 p.
2528 959 2603 1014 84,
2627 961 2684 1003 de
2706 964 2769 1004 si—

1489 1030 1861 1092 gnificationibus
1876 1031 2002 1076 vocis
2018 1027 2213 1082 ὑπόθεσις
2230 1045 2367 1091 agens
2386 1046 2396 1073 :
2414 1031 2557 1077 Τανῧν
2574 1030 2618 1076 δὲ
2634 1032 2722 1076 ἀπα
2730 1050 2770 1094 ρ-

1490 1101 1990 1167 κέσειτριχῶςλέγεσθαι
2008 1100 2103 1148 καθ’
2123 1098 2279 1148 ἕνατὸν
2291 1100 2461 1163 τρόπον,
2477 1105 2504 1158 ἡ
2525 1102 2769 1166 δραματικὴ

1489 1175 1760 1248 περιπέτεια·
1785 1173 1891 1221 καθὸ
1912 1172 1986 1220 καὶ
2014 1172 2221 1237 τραγικὴν
2250 1172 2325 1220 καὶ
2350 1171 2548 1234 κωμικὴν
2575 1174 2772 1220 ὑπόθεσιν

1490 1249 1597 1292 εἶναι
1633 1245 1812 1309 λέγομεν
1854 1244 1928 1292 καὶ
1969 1244 2235 1309 Δικαιάρχου
2282 1243 2400 1297 τινὰς
2439 1244 2654 1299 ὑποθέσεις
2688 1247 2770 1291 τῶν

1490 1316 1721 1381 Εὐριπίδου
1735 1335 1808 1363 και
1823 1315 2086 1380 Σοφοκλέους
2105 1314 2264 1378 μύθων,
2278 1317 2355 1363 οὐκ
2373 1316 2478 1362 ἄλλο
2494 1335 2535 1362 τι
2548 1317 2772 1370 καλουντες

1489 1388 1686 1437 ὑπόθεσιν
1707 1388 1734 1446 ἢ
1751 1387 1828 1446 τὴν
1852 1393 1926 1435 τοῦ
1946 1388 2162 1451 δράματος
2177 1387 2465 1452 περιπέτειαν.
2492 1391 2640 1435 Verba
2658 1389 2772 1442 τινὰς

1490 1461 1704 1515 ὑποθέσεις
1718 1464 1782 1509 ita
1799 1462 2099 1523 intelligenda
2114 1471 2167 1506 ut
2188 1461 2447 1523 significent
2470 1478 2479 1506 ε
2506 1473 2649 1507 certus
2670 1469 2772 1524 qni-

1489 1536 1598 1579 dam
1626 1536 1762 1591 liber,
1801 1535 1882 1593 qui
1917 1531 2138 1585 ὑποθέσεις
2165 1535 2449 1590 inscribitur,
2482 1550 2580 1579 non
2610 1551 2722 1589 veno
2759 1552 2767 1578 :

1488 1609 1726 1652 nonnullae
1749 1603 1967 1658 ὑποθέσεις
1986 1608 2080 1651 sive
2095 1609 2416 1651 nonnullarum
2436 1606 2765 1664 tantumsabu·

1490 1681 1637 1722 larum
1665 1675 1897 1730 ὑποθέσεις.
1920 1679 2083 1739 Cogita
2103 1678 2162 1723 de
2179 1678 2448 1723 Didascaliis
2461 1713 2473 1735 ,
2494 1680 2652 1738 quales
2667 1682 2772 1724 Ari-

1489 1752 1673 1795 stoteles
1701 1760 1748 1795 et
1770 1752 1848 1795 alii
1877 1752 2188 1810 scripserunt,
2215 1752 2496 1811 singularum
2515 1750 2772 1795 fabularum

1488 1832 1759 1882 argumenta
1774 1837 2031 1882 eorumque
2045 1824 2366 1867 tractationem
2379 1857 2392 1882 ,
2408 1832 2546 1882 atque
2563 1832 2772 1882 tempora

1489 1895 1657 1953 quibus
1693 1894 1842 1938 doctae
1875 1904 1922 1939 et
1949 1895 2198 1939 commissae
2238 1895 2404 1939 fabulae
2446 1895 2563 1950 sint,
2592 1895 2773 1953 aliaque

1489 1981 1591 2024 quae
1628 1965 1688 2010 ad
1719 1966 1960 2011 historiam
1995 1967 2104 2011 artis
2137 1966 2397 2011 dramaticae
2434 1974 2773 2026 poetarumque

1487 2039 1723 2098 pertinent
1746 2048 2047 2098 exponentes.

1823 2159 1833 2164 -
1901 2140 1982 2183 DE
2019 2139 2347 2185 sornocLE,
2423 2128 2426 2129 ’

2089 2238 2165 2295 37.

1552 2339 1654 2383 Vita
1673 2339 1875 2398 AEschyli
1897 2339 2100 2383 Robort.
2123 2354 2171 2397 p.
2207 2354 2223 2381 1
2240 2354 2256 2380 1
2288 2354 2299 2381 :
2327 2337 2367 2383 T
2369 2335 2413 2382 ὸν
2431 2332 2571 2400 τρίτον
2593 2337 2771 2399 ὑποκρι·

1486 2405 1562 2464 τὴν
1588 2406 1712 2461 αὐτὸς
1738 2409 1820 2471 (sc.
1845 2407 2092 2473 Αἰσχύλος)
2121 2406 2304 2471 ἐξεῦρεν·
2338 2410 2394 2460 ὡς
2416 2406 2459 2454 δὲ
2484 2406 2771 2472 Δικαίαρχος,

1488 2481 1724 2544 Σοφοκλῆς.

2094 2569 2169 2615 38.

1553 2663 1825 2721 Argument.
1847 2663 2065 2721 Sophocl.
2083 2662 2154 2719 Aj.
2178 2678 2187 2705 :
2205 2658 2467 2722 Δικαίαρχος
2483 2657 2527 2704 δὲ
2545 2658 2644 2706 Αἴα
2656 2678 2677 2703 ν
2689 2677 2771 2710 τος

1489 2729 1710 2778 θάνατον
1731 2732 1985 2796 ἐπιγράφει,
2004 2734 2044 2778 ἐν
2067 2731 2111 2778 δὲ
2135 2732 2229 2784 ταῖς
2246 2730 2551 2784 Διδασκαλίαις
2571 2732 2582 2793 (
2599 2733 2770 2776 Aristo·

1489 2804 1609 2861 telis,
1637 2807 1836 2866 opinor)
1859 2806 1993 2869 ψιλῶς
2014 2803 2144 2857 Αἴας
2164 2801 2505 2867 ἀναγέγραπται.

2098 2893 2122 2934 3
2166 2926 2174 2934 .

1551 2983 1821 3041 Argument.
1847 2980 2068 3038 Sophoci.
2096 2908 2218 3023 Οὲἀ.
2243 2979 2336 3036 Tyr
2371 2993 2380 3019 :
2406 2973 2488 3022 Διὰ
2503 2973 2544 3020 τί
2567 2977 2608 3022 Τ
2618 2973 2769 3037 ύρανγ

1486 3070 1568 3104 νος
1589 3048 1929 3115 ἐπιγέγραπται;
1948 3048 2002 3095 Ὁ
2018 3048 2220 3113 τύραννος
2242 3046 2447 3100 Οἰδίπους
2470 3046 2540 3093 ἐπὶ
2564 3045 2781 3109 διακρίσει-

2009 3204 2025 3221 «
2047 3191 2076 3227 E
2090 3187 2243 3237 patellis
2259 3186 2302 3235 (e
2323 3187 2533 3225 tristitia?
2550 3187 2561 3231 )
2579 3184 2684 3222 laxet
2700 3183 2772 3221 tibi

1485 3253 1659 3292 animum
1676 3252 1826 3291 marina
1844 3251 1994 3302 patella
2011 3281 2021 3300 ,
2042 3267 2060 3284 n
2081 3250 2146 3290 sed
2165 3261 2235 3300 pro
2248 3249 2393 3298 λεπάς(
2412 3249 2604 3299 patella)
2624 3246 2767 3286 Aristo·

1488 3316 1636 3365 phanes
1667 3317 1777 3366 χέλυς
1801 3314 2023 3364 (testudo)
2047 3313 2206 3363 scribit3
2247 3313 2381 3362 aitque
2405 3323 2483 3351 non
2515 3313 2619 3350 recte
2652 3310 2766 3348 inter-

1487 3381 1705 3428 pretantem
1723 3378 1999 3417 Dicaearchum
2015 3376 2064 3415 de
2084 3376 2265 3426 patellis
2289 3375 2441 3422 dicere;
2460 3374 2645 3424 puerulos
2664 3384 2696 3410 ez
2716 3372 2768 3409 im

1487 3442 1555 3480 has
1571 3442 1610 3480 in
1628 3453 1672 3481 os
1687 3443 1888 3480 sumentes
1898 3451 2044 3489 ,canere
2059 3439 2204 3479 eisdem
2220 3441 2260 3479 et
2274 3439 2422 3487 ludere,
2435 3436 2767 3488 quemadmodum

1486 3505 1589 3555 apud
1605 3516 1676 3545 nos
1689 3504 1908 3554 petulantes
1926 3503 2114 3553 puerulos
2125 3503 2287 3543 tellinis
2311 3513 2402 3551 quoe
2416 3504 2618 3540 vocantur.

1730 3589 1810 3637 DE
1847 3588 2071 3635 POETIS
2108 3585 2520 3635 DRAMATlcis.

2096 3682 2166 3721 37.

1536 3758 1713 3798 'tertium
1737 3758 1964 3797 histrionem
1994 3757 2220 3807 dasem-lus,
2247 3768 2305 3798 ex.
2328 3753 2543 3795 Dicaearchi
2564 3762 2653 3790 vero
2676 3761 2763 3789 scn-

1485 3824 1605 3863 tentia
1619 3823 1834 3872 Sophocles
1850 3822 2083 3862 introduxit.

2096 3890 2166 3930 38.

1537 3959 1786 3998 Dicaearchus
1807 3959 1949 3997 fabulae
1959 3958 2125 3997 titulum
2142 3956 2251 4006 ponit
2269 3956 2439 3994 Mortem
2456 3956 2480 3990 ,4
2480 3952 2609 3998 jacis,
2622 3958 2758 3996 quam-

1485 4033 1605 4071 quam
1625 4023 1664 4060 in
1683 4021 1910 4061 Didascaiiis
1930 4021 2063 4060 sabula
2079 4018 2305 4068 simpliciter
2319 4018 2429 4063 Ajax
2446 4012 2682 4052 inscribitur.

2099 4089 2167 4127 39.

1537 4160 1619 4195 Cur
1641 4160 1862 4206 Tyrannus
1897 4155 2075 4204 OEdipns
2094 4152 2338 4191 inscribitur?
2359 4150 2407 4185 t't
2437 4147 2623 4184 abaitero
2641 4143 2758 4182 OEdi-

1487 4220 1584 4270 podc
1605 4222 1616 4268 (
1634 4221 1671 4259 iu
1690 4221 1867 4268 Colono)
1886 4218 2203 4266 distingueretur.
2230 4212 2367 4263 Lepide
2390 4221 2483 4249 vcro
2512 4212 2758 4259 Tyrannum
