3016 4628
1192 336 1442 451 ION
1516 335 1967 446 CHIUS.

310 783 468 827 Vitam
488 780 639 837 Ionis,
665 787 842 839 poetae,
856 776 1152 837 philosophi,
1170 789 1257 820 nee
1270 790 1369 819 non
1388 775 1538 820 histo-

241 855 353 910 rici,
395 860 670 898 enarrarunt
708 851 1056 911 fragmentaque
1090 856 1452 907 composuerunt
1483 848 1535 892 C.

240 925 600 985 Nieberdingius
633 922 783 984 (Lips.
811 918 948 982 1836)
970 928 1016 964 et
1044 921 1097 963 E.
1119 918 1350 978 Koepkius
1375 917 1538 982 (Bero-

240 997 326 1041 lin.
361 995 532 1057 1836).
574 997 669 1040 Nos
709 1003 924 1053 tempora
946 991 1147 1035 auctoris
1171 991 1457 1035 constituisse
1494 999 1540 1036 et

241 1085 345 1128 quae
378 1069 439 1113 ad
477 1069 649 1127 scripta
685 1066 781 1125 ejus
818 1065 1037 1110 historica
1069 1063 1307 1123 pertinent
1337 1065 1539 1109 attulisse

237 1142 513 1189 habebimus
528 1142 648 1185 satis.
714 1128 722 1133 ’

287 1216 397 1258 'Ion
425 1215 587 1270 Chius,
615 1219 749 1257 natus
769 1211 1082 1266 Orthomene‚
1103 1225 1246 1269 quem
1277 1209 1428 1254 Xuthi
1452 1225 1538 1254 co-

238 1288 462 1347 gnomine
481 1285 635 1345 lepide
649 1284 949 1330 Athenienses
974 1297 1157 1327 ornasse
1171 1281 1392 1326 videntur
1415 1280 1534 1343 (sch.

238 1361 321 1404 Ar.
348 1361 455 1405 Pac.
480 1357 591 1414 8353
619 1356 782 1402 Suidas
801 1364 846 1400 et
862 1356 1143 1415 Harpocrat.
1167 1370 1214 1398 v,
1241 1350 1393 1414 Ἴων),
1418 1369 1539 1413 pue-

236 1432 368 1476 rulus
404 1431 685 1485 admodum,
731 1420 988 1472 παντοίπασι
1038 1424 1284 1489 μειράκιον,
1335 1427 1539 1471 Athenas

235 1504 473 1563 profectus
506 1504 724 1548 convivio
759 1501 973 1545 interfuit
1005 1500 1133 1559 apud
1169 1500 1539 1545 Laodamantem

240 1577 322 1637 (fr.
362 1573 432 1640 1.)
458 1578 534 1623 Ibi
565 1578 688 1621 inter
720 1576 888 1636 pocula
915 1575 1083 1619 Cimon
1119 1582 1395 1634 strategema
1429 1590 1537 1619 nar-

235 1653 381 1707 ravit,
405 1666 501 1710 quo
524 1666 631 1694 usus
652 1649 710 1694 sit
732 1648 941 1708 Byzantii
967 1646 1063 1708 (01.
1093 1646 1179 1704 76,
1204 1646 1247 1692 3.
1275 1662 1313 1691 a.
1328 1647 1377 1693 C.
1403 1646 1533 1709 470).

239 1725 422 1784 Aliique
442 1739 469 1768 a
489 1723 696 1768 convivis
722 1736 957 1766 sermones
979 1720 1291 1776 habebantur,
1318 1735 1344 1764 e
1369 1721 1539 1779 quibus

235 1813 320 1841 nos
337 1797 598 1857 colligimus
620 1795 978 1840 Themistoclem
999 1801 1220 1838 testarum
1235 1792 1415 1851 judicio
1442 1802 1539 1837 tum

233 1869 450 1914 nondum
484 1868 619 1913 fuisse
651 1868 803 1928 patria
826 1866 1041 1924 ejectum.
1068 1865 1209 1924 Quod
1225 1881 1394 1924 quum,
1413 1875 1539 1911 recte

236 1941 480 1986 subductis
502 1941 712 1996 calculis,
738 1939 922 1984 *factum
957 1940 1014 1983 sit
1043 1939 1233 1998 Olymp.
1269 1953 1355 1995 77,
1398 1943 1444 1994 4,
1479 1938 1539 1983 de

236 2023 451 2074 tempore
491 2014 695 2059 convivii
731 2013 837 2057 satis
871 2019 1078 2067 constat,
1118 2025 1274 2069 neque
1324 2011 1467 2072 longe
1513 2027 1539 2054 a

235 2102 348 2131 vero
375 2087 685 2142 aberraveris,
723 2086 760 2129 si
778 2085 952 2129 natales
989 2084 1117 2128 Ionis
1146 2083 1416 2128 referendas
1445 2098 1540 2127 esse

237 2174 424 2204 censeas
463 2159 523 2203 ad
560 2159 748 2218 Olymp.
791 2161 851 2213 74
899 2154 1249 2218 (484—481).
1291 2157 1539 2217 Ingenium

198 2224 202 2227 ⁴
235 2231 540 2276 adolescentis
568 2230 762 2276 Athenis
788 2229 1041 2274 formatum
1076 2236 1124 2273 et
1146 2229 1383 2274 excultum
1417 2244 1535 2286 esse,

232 2318 522 2363 quamquam
541 2304 591 2348 id
611 2319 751 2347 nemo
772 2303 930 2360 tradit,
949 2319 1040 2363 pro
1056 2311 1185 2347 certo
1203 2300 1436 2346 affirmare
1454 2316 1541 2344 au-

231 2377 334 2422 sim.
361 2378 550 2437 Olymp.
583 2393 660 2437 79,
697 2393 716 2421 1
745 2373 919 2439 (464).
947 2378 1112 2420 Ionem
1132 2377 1182 2419 in
1203 2376 1323 2420 urbe
1343 2373 1541 2419 adfuisse

229 2450 507 2509 intelligitur
546 2464 603 2493 ex
631 2450 739 2494 loco
778 2450 1018 2494 Plutarchi
1046 2448 1131 2510 (fr.
1160 2447 1237 2510 7).
1265 2448 1423 2506 Magni
1465 2461 1538 2490 res

233 2523 460 2566 momenti
487 2521 655 2577 fuerit,
680 2519 812 2580 quod
828 2519 992 2578 juveni
1011 2521 1208 2581 contigit
1223 2555 1236 2576 ‚
1258 2529 1311 2564 ut
1334 2520 1540 2580 AEschyli

232 2604 384 2655 poetae
419 2594 757 2640 consuetudine
786 2602 999 2639 uteretur
1029 2602 1075 2639 et
1109 2594 1435 2638 familiaritate.
1472 2620 1540 2628 —-

233 2668 458 2713 Fabulam
507 2668 679 2712 docere
719 2668 861 2726 coepit
902 2666 1181 2726 Olympiade
1228 2666 1289 2712 82
1341 2664 1539 2727 (452-

238 2741 388 2799 449),
409 2738 541 2797 cujus
563 2754 686 2784 anno
709 2747 948 2798 postremo
970 2739 1139 2784 Cimon
1155 2740 1328 2783 Nostro
1355 2740 1537 2783 carissi-

233 2827 336 2856 mus
359 2812 453 2856 fato
478 2811 724 2865 defunctus
748 2820 830 2858 est.
859 2813 970 2856 Non
997 2812 1062 2856 ita
1089 2812 1240 2855 multo
1264 2819 1370 2870 post
1391 2826 1539 2870 quum

235 2885 532 2944 optimatium
550 2883 760 2927 ‹factione
788 2898 1008 2943 oppressa
1030 2898 1174 2943 penes
1196 2884 1432 2943 populum
1462 2892 1537 2929 at—

234 2972 327 3016 que
356 2956 584 3009 Periclem
614 2971 790 3000 summa
816 2971 977 3001 rerum
1002 2970 1096 3001 esse
1137 2957 1280 3015 coepit
1321 2953 1454 3016 (inde
1477 2956 1537 3001 ab

235 3030 308 3074 01.
335 3027 423 3084 84,
451 3044 495 3074 1.
537 3032 630 3080 444
653 3043 693 3072 a.
722 3029 772 3075 C.
789 3026 805 3087 )
820 3061 833 3084 ,
857 3030 946 3072 Ion
962 3030 1013 3072 in
1033 3030 1234 3088 patriam
1257 3029 1447 3074 rediisse
1465 3031 1539 3073 vi-

234 3101 391 3158 detur,
414 3100 586 3145 ubiOl.
608 3099 666 3154 84
681 3133 694 3156 ‚
717 3105 742 3153 4
773 3099 904 3161 (441)
931 3101 1187 3161 Sophocles
1205 3101 1408 3146 Lesbum
1421 3117 1539 3161 pro-

234 3173 442 3218 ficiscens
461 3171 582 3216 'eum
616 3173 835 3217 convenit
866 3172 940 3232 (fr.
985 3172 1056 3234 1).
1095 3173 1332 3231 Quamdiu
1355 3182 1457 3218 tum
1488 3176 1536 3218 in

235 3246 352 3292 Chio
376 3245 526 3289 insula
558 3244 765 3304 degerit,
802 3261 902 3289 non
922 3246 1087 3305 liquet.
1115 3247 1368 3290 Reversum
1391 3247 1535 3292 Athe-

152 3362 155 3365 ,
234 3333 316 3362 nas
346 3316 557 3362 videmus
581 3318 655 3362 Ol.
682 3316 740 3374 87
758 3351 770 3374 ,
799 3322 826 3370 4
862 3316 1028 3379 (429),
1056 3334 1153 3378 quo
1180 3319 1406 3379 tragoedia
1430 3335 1537 3364 cer—

233 3390 349 3435 tavit
369 3405 474 3434 cum
497 3390 722 3449 Euripide
747 3399 792 3435 et
815 3391 1052 3451 Iophonte
1086 3389 1304 3452 (Argum.
1339 3391 1399 3436 ad
1421 3393 1534 3440 Eur.

235 3461 470 3522 Hippol.).
484 3462 619 3506 Idem
631 3478 777 3508 annus
790 3462 938 3508 fatalis
950 3463 1039 3508 fuit
1050 3464 1214 3508 Pericli
1225 3497 1236 3510 .
1253 3465 1440 3523 Olymp.
1458 3463 1536 3522 89,

239 3533 265 3578 3
294 3533 441 3596 (421)
465 3536 554 3579 Ion
578 3534 639 3579 ad
661 3535 822 3581 beatos
839 3535 935 3594 jam
963 3537 1164 3592 abierat,
1190 3538 1350 3596 paullo
1376 3546 1534 3594 antea,

234 3615 288 3649 ut
306 3606 512 3662 videtur,
533 3606 780 3650 defunctus
795 3609 1132 3668 sexagenarius.
1151 3610 1335 3653 Etenim
1354 3609 1404 3652 in
1419 3610 1537 3654 Pace

236 3678 417 3734 fabula,
451 3692 593 3737 quam
618 3678 712 3722 hoc
736 3693 858 3722 anno
885 3695 1028 3724 scenae
1051 3681 1383 3740 Aristophanes
1402 3697 1536 3725 com-

234 3749 358 3794 misit
372 3784 384 3806 ,
410 3749 608 3794 famulus
629 3752 807 3810 Trygaei
826 3753 992 3809 quaerit
1006 3786 1018 3807 ‚
1038 3768 1151 3796 num
1171 3754 1228 3796 sit
1252 3768 1414 3798 verum
1430 3762 1538 3812 post

234 3829 437 3866 mortem
465 3837 551 3866 nos
581 3823 731 3866 stellas
750 3822 880 3881 fieri3
906 3823 1166 3870 affirmante
1192 3841 1293 3870 rem
1314 3828 1351 3870 T
1354 3841 1533 3886 rygaeo,

238 3894 436 3938 famulus
461 3891 529 3955 (v.
554 3892 672 3955 835)
698 3910 708 3937 :

335 3999 413 4040 Καὶ
430 3997 486 4045 τίς
509 3998 611 4040 ἐστιν
627 3999 749 4052 ἀστὴρ
764 4003 828 4040 νῦν
848 4000 946 4051 ἐκεῖ;

235 4097 319 4140 lllc
340 4111 451 4141 vero
477 4112 487 4140 :

327 4191 427 4242 Ἴων
443 4203 465 4242 ὁ
493 4205 585 4248 Χῖος
596 4233 606 4252 ,
628 4203 747 4254 ὅσπερ
763 4202 946 4250 ἐποίησεν
962 4203 1084 4243 πάλαι

342 4260 470 4299 ἐνθάδε
482 4262 545 4301 τὸν
559 4261 678 4301 ’Λοῖὸν
690 4260 782 4300 ποθ’
797 4271 807 4282 ·
823 4263 876 4307 ὡς
893 4261 927 4301 δ’
947 4262 1029 4310 ἦλθ’
1041 4293 1052 4312 ,
1071 4263 1208 4309 εὐθέως

342 4317 461 4358 Ἀοῖον
477 4318 592 4359 αὐτὸν
611 4317 745 4365 πάντες
763 4318 920 4359 ἐκάλουν
939 4320 1093 4371 ἀστέρα.

1679 775 1756 820 Ad
1777 775 1876 821 haec
1901 775 2146 820 scholiasta
2173 791 2184 820 τ
2208 769 2309 823 Ἴων
2330 777 2353 822 ὃ
2373 775 2504 838 Χῖος,
2533 774 2810 842 διθυράμὸων
2833 777 2908 827 καὶ
2938 811 2943 835 3
2986 732 2993 822 i

1613 844 1855 909 τραγῳδίας
1878 844 1951 892 καὶ
1978 848 2120 907 μελῶν
2146 845 2344 904 ποιητής.
2371 846 2589 906 Ἐποίησε
2615 847 2659 895 δὲ
2691 848 2828 915 ᾠδὴν,
2859 844 2912 910 ’ἧς
2988 845 2995 886 ἶ

1612 919 1640 972 ἡ
1667 915 1805 982 ἀρχή·
1831 939 1850 959 «
1871 917 2005 965 Ἀοῖον
2038 916 2290 984 ἀεροφοίταν
2317 917 2480 986 ἀστέρα
2511 919 2737 984 μείναμεν,
2763 922 2927 972 ἀελίου
2989 929 2998 981 ἐ

1612 989 1744 1053 λευκῇ
1757 989 1936 1055 πτέρυγι
1960 989 2270 1065 πρόδρομον.»
2295 992 2512 1040 Φαίνεται
2532 990 2576 1039 δὲ
2593 993 2946 1054 τετελευτηκὼςᾈ,
2991 968 2996 1066 i

1589 1106 1593 1111 ,
1613 1063 1662 1108 ἐκ
1677 1060 1855 1111 τούτων.
1880 1061 2056 1118 Παίζων
2080 1066 2151 1110 οὐν
2176 1066 2199 1110 ὃ
2218 1063 2568 1130 Ἀριστοφάνης’
2545 1073 2661 1113 αοῖον
2681 1065 2808 1114 αὐτόν
2826 1066 2946 1134 ‹pn-f

1613 1153 1680 1181 σιν
1700 1134 1862 1195 ἀστέρα
1888 1137 2118 1192 κληθηναι·
2122 1135 2401 1222 Νπεριὸόητος
2420 1136 2465 1184 δὲ
2493 1137 2678 1201 ἐγένετο.
2951 1174 2953 1178 -
2994 1172 2998 1190 2

1679 1208 1886 1268 Tydeus,
1905 1210 2058 1266 Chius,
2075 1211 2150 1254 τοῦ
2163 1205 2326 1268 Ἴωνος,
2345 1221 2634 1257 memoratur
2648 1214 2958 1274 Thucydidi
2994 1243 3000 1270 ν

1611 1284 1746 1339 VIII,
1775 1281 2029 1327 38.Nu1n
2017 1298 2055 1327 is
2070 1291 2219 1343 poetae
2241 1299 2302 1328 an
2325 1286 2439 1329 alius
2460 1284 2588 1330 Ionis
2605 1285 2727 1332 filius
2745 1287 2912 1347 fuerit,
2919 1291 2924 1295 ’
2942 1295 2948 1307 ²
2996 1310 3003 1341 ξ

1611 1357 1787 1400 nescio.
2940 1363 2950 1371 ⁴

1677 1429 1750 1475 De
1769 1428 1950 1488 scriptis
1970 1430 2098 1473 Ionis
2113 1444 2188 1489 ap.
2214 1428 2416 1474 eundem
2439 1431 2730 1476 scholiastam
2747 1433 2780 1478 l.
2798 1433 2831 1477 l.
2850 1448 2914 1478 se·
2947 1423 2954 1477 ζ

1613 1509 1823 1561 quuntur
1848 1503 1947 1546 haec
1975 1517 1986 1545 ε
2010 1497 2212 1565 Ἔγραψε
2230 1499 2273 1547 δὲ
2294 1499 2369 1547 καὶ
2381 1500 2613 1566 κωμῳδίας
2634 1502 2690 1566 [Ρ]
2716 1501 2791 1550 καὶ
2814 1493 2948 1552 ἐτι-ιωἴ

1613 1570 1856 1661 γράμματα
1882 1571 1987 1635 (καὶ
2010 1579 2197 1627 παιᾶνας
2229 1571 2364 1620 καὶ”’
2342 1592 2501 1635 υμνους
2535 1573 2611 1622 καὶ
2649 1573 2802 1623 σκολιὰ
2837 1577 2938 1625 καὶΔ

1615 1642 1812 1707 ἐγκώμια
1835 1643 1910 1691 καὶ
1936 1645 2004 1691 ἕλε
1986 1650 2124 1708 εγεῖα,
2160 1644 2234 1692 καὶ
2261 1645 2638 1709 καταλογάδην
2673 1647 2745 1695 τὸν
2789 1651 2910 1715 Πρε-

1614 1715 1836 1764 σὸευτικὸν
1856 1715 2110 1780 λεγόμενον,
2145 1715 2192 1764 ὃν
2213 1716 2330 1765 νόθον
2360 1717 2526 1773 ἀξιουσι
2549 1711 2661 1766 εἶναί
2679 1719 2811 1780 τινεξ,
2838 1722 2916 1771 καὶ

1613 1787 1712 1852 οὐχὶ
1735 1789 1895 1836 αὐτου·
1932 1788 2130 1854 φαίνεται
2165 1789 2292 1855 [φέρε
2296 1810 2368 1837 ται
2390 1792 2561 1857 Dind.]
2601 1790 2646 1839 δὲ
2681 1795 2809 1841 αὐτοῦ
2840 1793 2922 1843 καὶ

1614 1860 1765 1915 Κτίσις
1791 1862 1882 1925 [sc.
1910 1862 2074 1927 Χίου],
2101 1863 2175 1910 καὶ
2203 1864 2554 1928 Κοσμολογικός,
2580 1865 2654 1913 καὶ
2679 1865 2928 1931 ’Υπομνῆἑ

1614 1951 1758 1995 ματα,
1787 1933 1864 1980 καὶ
1887 1935 2002 1982 ἄλλα
2030 1934 2141 1983 τινά.
2171 1935 2262 1984 Και
2284 1936 2399 1983 πάνυ
2425 1930 2649 2029 δόκιμοςῖ
2619 1957 2687 1997 ην.
2714 1939 2840 1988 Φασι
2868 1939 2922 1989 δὲ·

1614 2005 1740 2053 αὐτὸν
1764 2009 1872 2069 ὁμοῦ
1907 2006 2170 2073 διθύραμὸον
2190 2028 2266 2056 και
2303 2008 2549 2075 τραγῳδίαν
2589 2012 2912 2075 ἀγωνισάμενον

1614 2098 1658 2130 εν
1681 2081 1734 2143 τῇ
1759 2078 1931 2144 Ἀττικῇ
1957 2085 2157 2140 νικῆσαι,
2180 2081 2256 2129 και
2285 2081 2448 2136 εὐνοίας
2467 2082 2596 2148 χάριν
2618 2085 2776 2148 προῖκα
2801 2088 2912 2135 Χῖον

1614 2154 1724 2197 οἶνον
1748 2150 1920 2218 πέμψαι
1941 2152 2191 2212 Ἀθηναίοις.
2213 2153 2506 2220 [Σωκράτους
2527 2154 2572 2203 δὲ
2585 2161 2661 2204 τοῦ
2681 2159 2914 2225 φιλοσόφου

1613 2221 1728 2272 ἔστιν
1760 2244 1820 2279 εις
1840 2225 1969 2274 αὐτὸν
1998 2225 2121 2290 λόγος
2140 2225 2371 2290 λεγόμενος
2392 2226 2555 2294 ''Io›v]}.
2587 2228 2822 2289 Μέμνηται
2843 2233 2916 2279 αὗ-

1612 2298 1688 2342 τοῧ
1714 2299 1790 2343 καὶ
1814 2297 2158 2363 Καλλίμαχος’
2139 2318 2182 2346 εν
2217 2305 2305 2355 τοῖς
2341 2299 2650 2363 Χωλιοίμὸοις,
2684 2300 2750 2350 ὅτι
2771 2302 2914 2352 πολλὰ

1614 2366 1859 2435 ἔγραψεν.)

1680 2440 1738 2487 In
1760 2444 1986 2489 Aldinum
2007 2445 2105 2490 haec
2122 2446 2436 2492 transcribens
2450 2449 2666 2504 Musurus
2687 2451 2919 2497 nonnulla

1616 2517 1833 2573 mutavit,
1861 2518 1951 2562 alia
1975 2519 2112 2562 assuit
2135 2533 2192 2563 ex
2215 2519 2360 2565 Suida
2388 2535 2436 2564 v.
2461 2514 2585 2566 ’.Ιων
2608 2524 2664 2569 V.
2697 2523 2912 2572 Diibner.
2949 2546 2958 2551 >

1611 2589 1756 2634 Uncis
1779 2590 1953 2634 inclusa
1974 2591 2141 2636 absunt
2160 2607 2186 2636 a
2206 2592 2314 2639 cod.
2340 2594 2628 2642 Ravennate.
2961 2589 2968 2596 ⁶

1678 2650 1994 2720 Harpocratio
2011 2679 2054 2708 v.
2079 2658 2219 2710 ’.Ιων
2239 2658 2445 2728 Ἔγραψε
2469 2662 2515 2710 δὲ
2540 2663 2653 2727 μέλη
2673 2664 2816 2714 πολλὰ
2836 2619 2915 2715 καὶ

1611 2730 1855 2796 τραγῳδίας
1885 2731 1960 2779 καὶ
1981 2732 2218 2798 φιλόσοφόν
2240 2754 2281 2782 τι
2307 2735 2598 2802 σύγγραμμα,
2612 2736 2684 2785 τὸν
2703 2739 2914 2804 τριαγμὸν

1613 2802 1987 2869 ἐπιγραφόμενον,
2014 2825 2120 2871 οπερ
2146 2806 2437 2872 Καλλίμαχος
2461 2809 2759 2917 ἀντιλέγεσθαί
2782 2830 2913 2877 φησιν

1611 2875 1669 2929 ὡς
1688 2874 1955 2938 Ἐπιγένους.

1681 2950 1823 3008 Quod
1858 2952 2176 3012 interponitur
2199 2953 2259 2999 de
2290 2955 2495 2999 Platonis
2518 2915 2634 3001 Ione
2661 2957 2912 3018 (Ephesius

1611 3031 1711 3068 elat
1729 3023 2008 3085 homuncio)
2034 3023 2079 3086 (⁴¹
2084 3024 2129 3086 ),
2155 3027 2287 3070 scioli
2321 3026 2562 3085 cujusdam
2591 3028 2790 3075 debetur
2809 3040 2913 3076 stu-

1610 3097 1736 3155 pori.
1770 3096 1913 3141 Haud
1952 3098 2105 3143 minus
2144 3100 2319 3144 erravit
2356 3100 2521 3145 Suidas
2560 3100 2695 3162 (coll.
2728 3104 2929 3152 Eudoc„

1610 3165 1779 3230 p.248)
1791 3184 1840 3215 v.
1857 3162 1981 3232 Ἴων,
1996 3170 2080 3215 ubi
2102 3186 2113 3215 ε
2135 3164 2337 3236 Ἔγραψε
2357 3168 2456 3235 περὶ
2471 3169 2699 3236 μετεώρων
2713 3172 2790 3221 καὶ
2809 3193 2912 3223 συν·

1612 3236 1757 3293 θέτους
1779 3238 1943 3303 λόγους.
1971 3244 2090 3287 Nata
2111 3241 2210 3289 haic
2242 3260 2300 3289 ex
2323 3245 2502 3307 scholio
2537 3249 2620 3290 Ar.
2649 3247 2681 3291 l.
2724 3248 2756 3293 l.
2792 3251 2913 3296 male

1610 3314 1864 3361 intellecto.
1885 3340 1942 3346 --
1974 3316 2192 3361 Ceterum
2213 3317 2345 3363 vides
2370 3333 2530 3377 opera,
2575 3334 2679 3379 quae
2708 3321 2914 3380 pedestri

1612 3387 1824 3432 oratione
1847 3389 1936 3432 Ion
1960 3389 2190 3447 scripsisse
2227 3389 2485 3448 ferebatur,
2522 3392 2560 3435 si
2593 3407 2692 3436 non
2730 3395 2909 3452 omnia,

1610 3460 1836 3523 nonnulla
1870 3469 2020 3517 certe,
2042 3461 2138 3520 jam
2157 3471 2264 3507 ante
2292 3463 2563 3508 Callimachi
2585 3472 2767 3510 aetatem
2799 3467 2913 3512 sub—‘

1611 3531 1769 3577 diticia
1798 3532 2104 3580 habitaesse.
2138 3535 2208 3579 Ac
2244 3549 2353 3579 sane
2387 3536 2506 3580 mira
2538 3537 2734 3582 varietas
2767 3553 2911 3600 argu·
2960 3571 2962 3573 -

1610 3612 1904 3662 mentorum,
1937 3620 2040 3664 quae
2071 3606 2160 3649 Ion
2201 3614 2344 3666 poeta
2376 3614 2591 3652 tractasse
2621 3608 2809 3670 dicitur,
2850 3612 2910 3656 ab
2958 3601 2963 3638 Ϊ

1609 3677 1798 3737 ingenio
1841 3678 1926 3721 aevi
1974 3678 2225 3737 Sophoclei
2265 3678 2522 3724 abhorrere
2569 3680 2773 3728 videtur.
2818 3683 2911 3729 Sed

1609 3764 1790 3809 semper
1812 3749 2009 3794 haerebit
2031 3750 2262 3795 dubitatio
2276 3783 2289 3807 ‚
2327 3765 2475 3810 quum
2500 3750 2563 3796 ad
2585 3753 2818 3812 liquidum
2835 3771 2911 3801 res

1608 3822 1807 3880 perduci
1824 3822 1886 3866 ob
1911 3822 2279 3882 fragmentorum
2302 3824 2583 3883 paucitatem
2600 3825 2678 3870 vix
2700 3842 2908 3889 unquam
2945 3851 2950 3854 ¹

1609 3896 1770 3954 possit.

1675 3969 1745 4012 De
1768 3964 2139 4030 πρεσὸέυτικῷ
2163 3963 2294 4031 λόγῳ
2314 3967 2502 4014 aliunde
2515 3985 2613 4014 non
2629 3981 2821 4018 constat.
2839 3999 2904 4009 -·
2960 3958 2967 3965 '¹

1609 4040 1750 4098 Quod
1769 4036 2046 4104 Τριαγμὸν
2066 4039 2154 4107 (vel
2168 4038 2498 4108 ἸΤριοιγμοὶις.
2519 4045 2572 4090 V.
2595 4042 2902 4108 fragm.‘13)‚
2950 4103 2964 4118 Α.

1661 4211 1710 4259 (*)
1740 4211 1848 4251 Alius
1865 4213 1957 4260 lon
1984 4211 2157 4251 Platonis
2173 4210 2289 4259 (lise
2317 4212 2495 4251 ὁΚανών
2522 4213 2779 4265 cognomine,
2797 4217 2926 4286 apud

1608 4269 1972 4368 111018a11.Com·iv.
2000 4282 2020 4309 ι·
2059 4274 2153 4320 7‚p.
2174 4273 2248 4311 722
2265 4268 2326 4310 ed.
2353 4269 2502 4321 Didot„
2524 4271 2772 4324 Philopseud.
2799 4285 2833 4314 c.
2859 4260 2926 4315 6.

1608 4337 1676 4374 l’
2003 4335 2006 4338 ’
