3008 4542
165 423 258 481 ἤτοι
281 422 364 487 πρὸ
394 426 470 482 τῆς
506 422 780 489 Ἀλεξάνδρου
807 429 881 471 τοῦ
912 423 1161 478 Μακεδόνος
1197 444 1448 491 κοσμοκρα-

94 503 107 553 j
165 493 304 561 τορίας
318 492 392 554 ἔτη
409 513 491 542 που
511 494 574 543 ιε’.

80 607 118 621 .-.
227 565 310 614 Ἐκ
343 565 503 614 τούτων
527 559 600 615 οὗν
635 566 803 632 ἀφελών
841 586 902 621 τις
926 567 980 615 τὰ
1003 568 1085 629 πρὸ
1117 574 1192 616 τοῦ
1225 571 1445 616 κατακλυ·

67 631 69 634 ’
91 641 99 675 ἶ
162 641 270 700 σμοῦ
292 638 391 703 χνς·’
409 639 506 702 (656)
525 638 629 702 πρὸς
647 638 950 705 ἀναπλήρωσιν
967 643 1051 686 τῶν
1073 640 1224 705 Ιβσμίῗ
1247 640 1290 695 ἐξ
1311 639 1447 702 Ἀδὰμ

161 708 240 762 ἕως
250 714 325 757 τοῦ
341 710 646 772 κατακλυσμοῦ
656 745 669 769 ,
685 712 742 763 ὡς
757 713 891 776 ψευδῆ
911 711 986 758 καὶ
1003 711 1254 775 ἀνύπαρκτα
1268 748 1279 769 ,
1303 711 1376 758 καὶ
1393 711 1445 758 τὰ

162 780 245 828 ἀπὸ
266 786 339 829 τοῦ
363 783 667 843 κατακλυσμοῦ
693 780 771 836 ἕως
791 787 866 841 τῆς
889 784 1168 848 πυργοποιίας
1187 783 1260 830 καὶ
1282 784 1442 848 συγχύ-

161 872 266 907 σεως
308 856 392 900 τῶν
430 854 637 910 γλωσσῶν
679 853 752 901 καὶ
788 857 1020 920 διασπορᾶς
1058 859 1143 903 τῶν
1169 857 1297 903 ἐθνῶν
1329 855 1442 919 φλδ’,

171 1046 337 1193 ’ΒῩΝ
421 1098 540 1136 VET.
568 1097 877 1136 CHRONlCON.
934 1098 1181 1136 MANETHO
1202 1097 1415 1135 EUSEBII.

367 1334 374 1342 .
401 1305 565 1345 Tanitae.

367 1411 375 1420 .
401 1382 639 1431 Mempliitae.

365 1487 373 1495 .
401 1458 639 1508 Memphitae.

366 1563 373 1570 .
401 1534 638 1584 Diospolitae.

364 1641 370 1646 .
400 1609 638 1660 Diospolitae.

365 1715 372 1722 .
399 1686 563 1724 Tanitae.

361 1791 368 1798 .
397 1761 563 1800 Tanitae.

361 1869 368 1876 .
397 1836 639 1887 Diospolitae.

359 1944 368 1952 .
395 1913 527 1953 Saitae.

359 2021 366 2028 .
394 1990 609 2041 AEthiopes.

357 2096 365 2104 .
394 2067 634 2118 Memphitae.

813 1460 887 1498 348
925 1457 1165 1508 Diospolitae.

819 1538 887 1574 194
924 1534 1167 1583 Diospolitae.

814 1691 883 1726 121
923 1686 1086 1724 Tanitae.

837 1765 885 1802 48
924 1761 1150 1801 Bubastitae.

839 1843 885 1879 19
921 1838 1088 1877 Tanitae.

835 1918 885 1954 44
922 1913 1062 1953 Saites.

834 1994 883 2030 44
921 1990 1134 2049 AEthiopes.

815 2071 881 2108 177
921 2067 1053 2106 Saitae.

813 2147 884 2183 124
923 2146 1062 2183 Persae.

842 2249 869 2259 ..
920 2219 1059 2259 Saites.

834 2303 882 2337 39
920 2296 1119 2336 Mendesii.

836 2378 881 2414 18
920 2373 1167 2422 Sebennytae.

190 2588 431 2627 Annotatz'o.
450 2587 503 2637 (1)
528 2589 592 2628 τὸν
609 2591 771 2629 Μανεθῶ
787 2588 898 2637 libri;
916 2598 1070 2628 correx.
1085 2588 1249 2628 Boeckh.
1274 2591 1315 2629 et
1332 2591 1434 2628 81111-

142 2655 227 2684 sen.
245 2666 296 2673 —-
319 2646 372 2695 (2)
396 2645 589 2697 Ἀεριτῶν]
605 2648 661 2686 sic
677 2647 805 2686 Plath.
824 2649 898 2692 Qu.
924 2649 1009 2696 AEg.
1034 2647 1204 2696 specim.
1224 2658 1263 2697 p.
1286 2650 1336 2687 46
1360 2659 1431 2697 pro

139 2704 244 2753 vulg.
263 2704 445 2755 Αὐριτῶν.
473 2704 610 2754 Aeria,
634 2707 749 2744 vetus
764 2704 921 2755 AEgypti
935 2715 1092 2744 nomen.
1114 2707 1162 2744 V.
1182 2706 1316 2756 Stcpli.
1336 2708 1429 2755 Byz,

138 2771 171 2801 s.
197 2762 411 2812 v.;Euseb.
439 2762 589 2802 chron.
615 2762 667 2801 ad
688 2766 735 2801 11ο
772 2766 847 2802 534
880 2774 890 2799 :
917 2764 1153 2811 AEqyptus‚
1190 2773 1286 2812 quoe
1306 2766 1433 2814 prius

139 2822 268 2876 Aeria
287 2819 525 2869 dicebatur,
547 2820 602 2859 ab
623 2822 804 2870 AEqypto
826 2830 923 2869 reye
944 2820 1189 2869 (penultimo
1204 2820 1298 2870 dyn.
1317 2822 1431 2870 XIX)

140 2886 291 2917 nomen
309 2877 470 2927 adepta
493 2881 568 2918 est.
592 2880 638 2917 In
653 2877 831 2927 dynastia
861 2879 989 2916 XXVI
1008 2877 1128 2916 verba
1145 2878 1258 2917 uncis
1277 2878 1428 2917 inclusa

137 2936 332 2985 supplevit
352 2936 513 2976 Boeckh.
539 2937 568 2975 l.
586 2937 613 2976 l.
632 2947 672 2986 p.
693 2930 764 2975 45.
780 2935 948 2984 Scaliger
971 2934 1132 2974 dederat
1163 2951 1171 2974 :
1196 2935 1276 2986 μετ’
1295 2936 1431 2980 αὐτοὺς

137 2993 341 3032 δυναστεία
350 2996 400 3034 Π.
421 2995 503 3034 κτλ.
517 3018 567 3028 --
579 2995 632 3045 (3)
644 2994 988 3044 ἀναγεγραμμένων
1004 2994 1110 3044 αὐτῷ
1128 2995 1149 3032 ὁ
1165 2991 1314 3044 χρόνος]
1325 2994 1430 3044 αὐτῷ

138 3061 208 3100 pro
235 3052 360 3090 αὐτῶν
387 3062 489 3090 corr.
510 3052 692 3101 Boeckh.;
713 3051 820 3091 idem
841 3053 883 3090 in
901 3051 1034 3102 χρόνος
1064 3062 1210 3090 nomen
1235 3051 1430 3100 auctoris,

137 3119 176 3147 v.
204 3119 240 3148 c.
271 3109 508 3160 [Ἀννία]νος,
533 3110 656 3149 latere
682 3109 916 3159 suspicatur.
938 3132 989 3142 -·
1010 3109 1065 3159 (4)
1093 3108 1215 3159 ,ερμζΊ
1243 3109 1302 3148 Ab
1328 3119 1432 3149 anno

141 3171 239 3206 1586
252 3167 504 3217 proficiscens
518 3167 632 3206 finire
642 3167 811 3206 debehat
826 3168 866 3205 in
878 3178 945 3208 an.
964 3170 1065 3207 5140
1078 3197 1089 3217 ,
1106 3167 1176 3217 qui
1193 3178 1245 3206 ex
1260 3168 1430 3216 syncelli

137 3225 354 3263 rationibus
386 3224 506 3264 distat
538 3225 764 3274 quindecim
799 3224 912 3263 annis
942 3224 993 3264 ab
1031 3229 1141 3263 anno·
1171 3225 1300 3274 primo
1331 3225 1431 3274 regis

135 3281 369 3330 Alexandri,
388 3285 486 3320 5156
501 3281 583 3320 sive
610 3284 686 3321 345
719 3293 757 3321 a.
779 3284 825 3322 C.
844 3283 994 3322 contra
1015 3282 1047 3321 si
1067 3282 1115 3320 ad
1146 3292 1296 3320 annum
1328 3285 1426 3324 5147

137 3322 332 3378 addideris
351 3349 474 3377 annos
488 3337 736 3389 quindecim,
765 3339 1003 3379 nancisceris
1020 3344 1120 3378 5162
1148 3349 1180 3378 s.
1211 3343 1286 3378 339
1300 3349 1338 3378 a.
1356 3328 1427 3388 (λ’,

137 3407 218 3446 quo
239 3406 318 3435 sec.
343 3398 461 3445 Sync.
491 3395 710 3435 Alexander
743 3396 1019 3436 Alexandriam
1050 3395 1250 3445 condidit3
1281 3395 1315 3434 is
1333 3405 1429 3435 vero

122 3463 266 3492 annus
286 3463 356 3502 pro
383 3453 533 3503 epocha
547 3452 753 3493 habendus
768 3454 827 3492 est
854 3452 1064 3493 Alexandri
1082 3451 1426 3502 κοσμοκρατορίας.

137 3511 258 3560 Igitur
276 3510 378 3551 duos
395 3512 603 3561 computos
624 3510 830 3561 syncellus
844 3509 1064 3550 contundit.
1079 3511 1128 3550 V.
1143 3509 1281 3550 Boekh.
1299 3519 1337 3559 p.
1358 3512 1429 3548 138

201 3629 409 3689 Triginta
433 3628 631 3674 deorum
655 3637 701 3673 et
726 3629 996 3673 mortalium
1027 3627 1245 3687 dynastiae
1269 3626 1426 3686 perti-

135 3709 249 3744 nent
269 3716 416 3760 usque
450 3701 511 3748 ad
533 3716 706 3745 annum
728 3695 1016 3761 postremum
1051 3700 1276 3759 postremi
1306 3698 1427 3758 regis

136 3772 365 3833 AEgyptii‚
381 3773 636 3818 Nectanebi
654 3774 701 3817 II
713 3808 726 3830 ‚
754 3788 894 3832 quem
907 3775 1076 3817 Noster
1093 3772 1286 3816 Taniten
1298 3803 1310 3826 ‚
1329 3771 1427 3814 Ma·-

136 3845 278 3889 netho
306 3859 364 3889 ex
386 3846 540 3890 vicino
570 3859 713 3890 nomo
737 3843 1048 3904 Sebennytico
1073 3842 1326 3887 oriundum
1349 3841 1427 3885 di-

51 3927 70 3952 ⁸
137 3917 212 3960 cit.
237 3918 467 3976 Tempora
491 3932 604 3962 vero
627 3918 761 3978 regni
781 3918 984 3977 AEgyptii
1010 3915 1260 3975 periodum
1290 3929 1423 3958 com-

49 4024 62 4043 ,
135 3989 420 4047 plectuntur,
444 4004 536 4048 qua
558 3989 770 4034 absoluta
805 4005 982 4033 novum
1019 4003 1176 4032 rerum
1197 3987 1420 4030 humana-

37 4028 54 4082 f·
134 4075 240 4104 rum
262 4069 308 4104 et
327 4061 581 4105 coelestium
605 4061 820 4105 ordinem
842 4061 1046 4119 incipere
1061 4094 1074 4119 ,
1096 4060 1190 4104 sive
1209 4053 1421 4115 κοσμικὴν

40 4082 43 4086 ·
66 4082 80 4111 e

38 4123 81 4191 ᾖ
137 4127 487 4176 ἀποκατάστασιν
511 4129 728 4191 γίγνεσθαι
749 4129 806 4191 (i.
826 4146 867 4178 e.
888 4132 1216 4189 aequinoctium
1238 4130 1424 4173 vernale

37 4249 42 4268 l

55 4028 75 4070 «ἒ

40 4193 95 4284 ἐκ
135 4202 302 4248 eodem
315 4203 469 4248 redire
484 4203 610 4247 unde
622 4203 885 4262 profectum
899 4218 990 4248 esse
1006 4199 1303 4261 statuebatur)
1325 4215 1422 4245 cre-

1300 250 1704 299 FRAGMENTA.

100 379 118 397 τ
164 351 328 414 κόσμου
348 351 422 398 καὶ
436 351 624 409 λήξαντα
642 353 700 406 εἰς
710 352 758 399 τὸ
771 354 903 416 ,ερμζ’
921 355 1038 415 (5147)
1051 353 1255 414 κοσμικὸν
1270 353 1359 408 ἔτος
1377 355 1446 418 (4),
1525 354 1605 410 ἔξει
1630 360 1775 421 σαφῶς
1796 357 1873 415 τὴν
1904 360 2042 423 ἀρχὴν
2077 365 2150 418 τῆς
2182 366 2477 423 Αἰγυπτιακῆς
2511 367 2730 430 βασιλείας
2753 371 2802 416 ἐκ

2711 268 2802 309 535

1524 431 1598 473 τοῦ
1629 430 1799 491 πρώτου
1827 429 2156 491 βασιλεύσαντος
2181 437 2256 490 τῆς
2291 434 2508 496 Αἰγύπτου
2543 434 2800 502 Μεστραῗμ,

1522 502 1594 544 τοῦ
1614 499 1687 545 καὶ
1711 499 1880 557 Μήνεος
1908 500 2136 563 λεγομένου
2155 505 2272 567 παρὰ
2296 509 2356 570 τῷ
2381 510 2588 569 Manes-3,
2614 509 2698 555 ἀπὸ
2727 514 2800 556 τοῦ

1522 570 1664 635 ,βψοῌ
1687 570 1802 624 ἔτους
1824 576 1895 618 τοῦ
1922 571 1962 626 ἐξ
1985 573 2120 634 Ἀδὰμ
2138 572 2215 627 ἕως
2237 577 2500 624 Νεκταναὸῶ
2519 584 2592 626 τοῦ
2618 579 2800 644 ἐσχάτου

1525 642 1733 705 βασιλέως
1752 642 1973 705 Αἰγύπτου
1987 681 2000 705 ,
2023 648 2079 697 ὡς
2100 638 2207 692 εἶναι
2223 647 2276 692 τὰ
2297 648 2438 694 πάντα
2459 650 2543 696 ἀπὸ
2570 647 2800 714 Μεστραῒμ

1522 712 1599 767 ἕως
1617 719 1692 760 τοῦ
1710 717 1839 761 αὐτοῦ
1858 715 2125 763 Νεκταναὸῶ
2137 716 2211 775 ἔτη
2226 717 2370 781 Ιβτξὲ,
2391 719 2417 765 ἃ
2437 722 2508 766 καὶ
2530 721 2724 785 ἔφθασεν,
2744 725 2800 776 ὡς

1521 784 1794 850 προείρηται,
1819 789 1876 839 εἷς
1899 786 1948 833 τὸ
1979 788 2182 849 κοσμικὸν
2218 789 2347 853 Ιερμζ’
2375 790 2393 852 [
2408 792 2543 855 ἐρμα’
2580 794 2664 857 m.]
2709 795 2799 848 ἔτος

1520 856 1602 919 πρὸ
1621 861 1695 915 τῆς
1719 856 1991 922 Ἀλεξάνδρου
2007 865 2080 907 τοῦ
2105 859 2275 907 κτίστου
2298 864 2431 924 ἀρχῆς
2452 861 2561 909 ἔτεσι
2586 865 2632 910 ιε’
2659 865 2795 928 ἐγγύς.

2180 1099 2432 1137 ΜΑΝΕΤΗΟ
2462 1101 2709 1140 ΑΡΒΙΟΑΝῙ.

1566 1097 1740 1136 CANON
1769 1099 1988 1136 EUSEBII.

1895 1246 1977 1274 Gen.
2030 1243 2091 1273 An.

2154 1307 2346 1344 pastores.

2147 1532 2389 1582 Diospolitae.

2148 1609 2374 1659 Diospolitae

2147 1686 2313 1725 Tanitae.

2148 1762 2371 1801 Bubastitae.

2147 1838 2311 1877 Tanitae.

2145 1915 2295 1954 Saites..¹

2147 1990 2359 2041 Aithiopes.

2147 2067 2278 2107 Saitae.

1932 2148 1955 2181 6
2011 2147 2078 2181 112
2147 2145 2287 2182 Persae.

2145 2219 2290 2259 Saites.

2575 1770 2600 2409 ωιῶι-ωιοω-ιιῶω

1511 2592 1699 2639 debant.
1720 2593 2087 2652 Comprehendit
2102 2593 2201 2635 haec
2217 2590 2439 2650 periodus
2459 2592 2612 2649 cyclos
2630 2591 2800 2634 50111111-

1508 2681 1586 2709 cos
1611 2666 1775 2725 viginti
1803 2667 2010 2724 quinque
2028 2667 2122 2709 sive
2149 2679 2294 2707 annos
2324 2659 2480 2707 36525
2509 2661 2586 2722 (V.
2605 2661 2796 2708 Boeckh.

1507 2751 1555 2795 p.
1598 2740 1701 2793 47).
1727 2739 1890 2795 Neque
1925 2746 2079 2781 tamen
2115 2737 2240 2779 hunc
2263 2750 2510 2779 numerum
2545 2734 2802 2793 colligimus

1508 2822 1566 2852 ex
1583 2810 1713 2852 annis
1737 2810 1920 2856 notatis.
1949 2811 2065 2854 Nam
2085 2809 2172 2852 diis
2192 2808 2461 2852 tribuuntur
2484 2807 2592 2850 anni
2618 2804 2792 2859 34201,

1506 2881 1781 2925 mortalibus
1810 2886 1961 2937 21403
1992 2901 2058 2921 Ξ
2079 2880 2103 2924 3
2132 2879 2277 2932 6341.
2309 2878 2586 2940 [Boeckhius
2608 2885 2799 2936 exputat

1508 2970 1583 3000 an.
1611 2954 1766 2999 36281
1787 2971 1799 3010 ;
1839 2956 1921 3013 qui
1945 2969 2079 2998 error
2111 2952 2221 2996 inde
2246 2960 2379 2995 natus
2416 2959 2482 2995 est
2505 2949 2635 3008 quod
2657 2965 2705 3008 p.
2739 2953 2793 3000 41

1508 3025 1726 3085 dynastiae
1747 3028 1905 3072 XXVI
1928 3041 2075 3071 annos
2113 3040 2198 3082 117
2225 3040 2315 3083 pro
2341 3024 2471 3067 annis
2507 3022 2597 3079 677
2624 3021 2798 3065 adscri-

1505 3099 1612 3157 psit.
1636 3093 1655 3163 ]
1679 3098 2011 3143 Desiderantur
2033 3097 2176 3158 igitur
2194 3096 2303 3140 anni
2330 3095 2439 3151 184,
2467 3095 2546 3153 qui
2579 3092 2798 3137 excidisse

1507 3172 1678 3215 alicubi
1702 3171 1892 3217 debent.

1577 3256 1718 3314 Quod
1742 3255 1912 3301 deinde
1936 3257 2089 3315 cyclos
2114 3254 2354 3300 Sothiacos
2372 3252 2549 3306 attinet,
2576 3251 2707 3295 facile
2725 3251 2796 3292 in-

1508 3329 1728 3389 telligitur
1749 3343 1846 3372 non
1857 3344 1990 3388 posse
2013 3328 2198 3372 initium
2214 3326 2346 3386 regni
2359 3324 2557 3368 deorum
2577 3324 2795 3381 componi

1508 3417 1615 3445 011111
1645 3402 1778 3444 initio
1799 3401 2112 3445 astronomico
2138 3399 2255 3458 cycli
2278 3397 2495 3443 Sothiaci.
2517 3395 2648 3439 Idem
2675 3395 2794 3437 valet

1505 3472 1711 3516 deinitio
1732 3473 1894 3531 primae
1916 3472 2136 3531 dynastiae
2159 3469 2442 3514 mortalium.
2480 3468 2630 3523 Quare
2660 3466 2794 3508 Boec-

1502 3544 1639 3588 khius
1659 3559 1712 3603 p.
1738 3548 1797 3596 44
1826 3553 1980 3588 censet
2000 3557 2248 3602 perperam
2271 3541 2363 3583 hoc
2382 3540 2488 3582 loco
2517 3537 2785 3581 canicularis

1507 3616 1624 3675 cycli
1645 3616 1930 3669 mentionem
1943 3613 2064 3660 fieri.
2081 3616 2243 3675 Neque
2261 3609 2514 3655 Bunsenius
2532 3605 2788 3651 remedium

1502 3689 1697 3734 invenit.
1718 3688 1834 3731 Mihi
1861 3686 1979 3731 nihil
1993 3701 2163 3731 errasse
2184 3693 2347 3730 auctor
2370 3679 2568 3738 syncelli
2590 3677 2789 3730 videtur,

1506 3759 1653 3804 modo
1681 3774 1740 3803 ne
1763 3760 1967 3818 postules
1995 3767 2048 3802 ut
2086 3758 2216 3801 initia
2255 3751 2587 3813 periodorum,
2623 3747 2790 3804 quibus

1507 3832 1715 3877 historici
1744 3839 1958 3886 utuntur,
1995 3830 2158 3874 eadem
2195 3828 2284 3870 sint
2315 3838 2418 3868 cum
2454 3818 2784 3864 astronomicis.

1504 3906 1606 3949 Jam
1628 3918 1741 3947 vero
1776 3902 1886 3947 inde
1917 3903 1974 3946 ab
2000 3902 2111 3960 dyn.
2134 3900 2244 3944 XVI
2260 3909 2402 3953 usque
2418 3891 2475 3936 ad
2499 3889 2637 3934 finem
2650 3888 2787 3968 dyna:

1499 3977 1593 4020 stiae
1609 3976 1727 4019 XIX
1746 3979 1877 4033 (quae
1894 3989 1971 4033 ap.
1995 3972 2318 4017 Manetlionem
2338 3973 2568 4024 postrema
2587 3968 2652 4004 est
2674 3967 2789 4003 tomi

1501 4047 1692 4092 secundi
1737 4046 1956 4104 cujusque
1992 4043 2094 4088 finis
2127 4039 2290 4085 incidit
2318 4038 2367 4079 in
2411 4047 2582 4078 annum
2619 4029 2787 4074 excidii

1503 4119 1721 4177 Trojani,
1751 4117 1871 4169 1184
1912 4131 1954 4163 a.
1994 4114 2073 4174 C.)
2101 4109 2365 4157 Chronicon
2392 4110 2604 4147 numerat
2641 4114 2785 4143 annos

1512 4192 1631 4249 1278
1658 4189 1798 4250 (443.
1835 4202 1940 4246 190.
1974 4185 2074 4229 103.
2113 4182 2219 4234 348.
2247 4177 2380 4237 194).
2406 4174 2542 4218 Hissi
2571 4169 2796 4216 addimus.⁴
