3016 4628
1228 304 1630 354 FRAGMENTA.

165 439 183 459 α
206 420 505 464 Buttmannus
537 425 582 460 et
605 424 709 459 aute
734 429 839 458 cum
869 414 1049 457 Naekius
1071 414 1194 456 hunc
1219 413 1375 456 locum

99 490 163 536 ibi
185 491 339 536 sedem
364 488 570 533 habuisse
591 486 914 543 conjecerunt,
939 485 1018 529 ubi
1042 487 1089 528 in
1113 486 1376 529 universum
1411 528 1413 531 ,

99 563 158 608 de
187 560 502 607 meretricibus
520 573 668 602 sermo
695 557 868 612 fuisset3
893 557 973 601 sed
1006 558 1120 600 alius
1154 565 1375 615 praetcrea

97 621 423 679 sententiarum
450 644 721 695 ‘connexus‚
769 645 862 687 quo
900 629 974 672 illa
1013 629 1155 673 verba
1192 628 1375 687 prolata

97 706 294 761 fuerint,
333 704 524 765 cogitari
561 710 735 761 potest,
773 703 836 745 ita
875 710 928 744 ut
957 701 1016 745 de
1055 701 1233 745 diversa
1267 700 1376 743 belli

96 778 288 839 gerendi
311 778 489 821 ratione
513 773 639 833 apud
666 775 823 817 Persas
846 783 892 817 et
923 773 1201 818 Macedones
1225 787 1375 831 expo—

94 850 232 909 situm
267 842 421 906 fuerit,
446 846 548 904 pari
574 844 679 902 jure
720 854 860 903 atque
893 844 1010 888 illud
1048 843 1278 902 conjicere
1312 843 1376 888 fas

94 928 175 964 est.
207 920 406 963 »·Fuun.
435 918 526 962 Cur
561 916 696 960 tertio
726 915 846 959 libro
872 915 932 959 de
959 916 1174 974 Philippo
1199 924 1244 959 et
1273 916 1375 963 Da-¹

66 1027 67 1030 ,
94 991 167 1035 ι·ἰυ
190 989 494 1035 Codomanno
513 979 664 1032 sermo
683 987 845 1042 fuerit,
864 1002 920 1031 ex
942 1001 994 1030 ea
1011 1002 1150 1045 quam
1174 1001 1260 1031 nos
1282 996 1374 1030 sta-

31 1069 46 1083 ”
92 1062 258 1106 tuimus
274 1061 499 1104 rationem
511 1060 929 1119 operisDicaearchi
948 1059 1099 1118 fuisse,
1119 1067 1283 1118 sponte
1304 1060 1373 1102 in·

92 1133 324 1194 telligitur.
354 1135 405 1178 V.
433 1132 686 1177 introduct.

691 1248 763 1292 19.

294 1354 444 1401 ΠΕΡΙ
480 1353 606 1400 ΤΗΣ
643 1353 723 1399 EN
760 1352 885 1417 ΙΛΙῼ
922 1353 1169 1400 ΘΥΣΙΑΣ.

151 1462 318 1506 Athen.
336 1463 453 1506 XIII
457 1478 533 1521 ‚p.
549 1461 659 1517 603,
674 1464 728 1516 A,
743 1462 804 1505 B:
824 1458 1096 1513 Φιλόπαιςδ’
1111 1454 1372 1548 ἠνέκμανῶς

87 1531 162 1579 καὶ
195 1530 463 1596 Ἀλέξανδρος
490 1536 513 1579 ὃ
543 1530 754 1595 βασιλεύς.
794 1530 1059 1611 Δικαίαρχος
1094 1536 1193 1594 γοῦν
1231 1534 1274 1579 ἐν
1310 1535 1372 1597 τῷ

87 1596 187 1661 περὶ
190 1600 282 1655 τῆς
312 1599 356 1644 ἐν
378 1597 494 1662 Ἰλίῳ
518 1596 664 1650 θυσίας
688 1595 868 1659 Βαγώου
901 1601 975 1643 τοῦ
1005 1596 1209 1660 εὐνούχου
1241 1595 1373 1652 οὕτως

88 1666 214 1715 αὐτόν
238 1687 365 1733 φησιν
395 1645 628 1726 ἡττασθαι,
649 1671 704 1721 ὡς
726 1670 769 1714 ἐν
793 1668 890 1730 ὄψει
915 1667 1093 1731 θεάτρου
1118 1668 1216 1716 ὅλου
1240 1689 1372 1716 κατα-

27 1748 31 1754 ’
86 1741 223 1804 φιλεῖν
249 1740 373 1787 αὐτὸν
396 1740 727 1798 ἀνακλάσαντα,
753 1739 826 1786 καὶ
848 1743 931 1786 τῶν
969 1743 1129 1787 θεατῶν
1152 1743 1370 1807 ἐπιφωνη-

86 1810 252 1858 σάντων
274 1810 385 1873 μετὰ
406 1810 559 1875 κρότου
573 1848 584 1868 ,
605 1813 680 1858 οὐκ
703 1811 955 1870 ἀπειθήσας,
975 1812 1103 1858 πάλιν
1122 1813 1372 1866 ἀνακλάσας

88 1880 303 1948 ἐφίλησεν.
1083 1900 1087 1905 ·

86 1962 95 1971 “
150 1957 262 2014 Quae
275 1960 367 2004 hoc
386 1957 492 2000 loco
511 1957 570 2001 de
587 1957 854 2001 Alexandro
874 1957 959 2017 (ad
975 1958 1161 2015 Trojam
1182 1961 1370 2004 solenne

59 2059 61 2062 <
83 2027 358 2073 sacrificium
382 2029 610 2088 ludosque
633 2028 928 2090 instituente)
961 2031 1192 2090 leguntur,
1218 2047 1370 2090 neque

42 2135 43 2138 η
84 2099 331 2160 peculiaris
365 2101 525 2160 scripti
570 2109 894 2162 argumentum
940 2102 1171 2160 prodere,
1218 2119 1370 2162 neque

5 2172 8 2184 “
55 2171 272 2230 ''majoris
295 2174 365 2217 De
387 2172 622 2217 sacrificiis
647 2175 800 2233 operis
821 2180 1004 2232 partem
1030 2174 1236 2219 indicare
1256 2166 1370 2219 mihi

79 2243 328 2299 videntum
366 2259 526 2288 verum
565 2259 727 2288 censeo
764 2246 1000 2303 pertinere
1033 2246 1130 2290 haec
1167 2247 1227 2291 ad
1263 2245 1368 2293 Βίου

9 2367 11 2370 .
87 2311 295 2367 Ἑλλάδος
328 2316 503 2360 librum
526 2317 712 2362 tertium
727 2351 738 2372 ,
767 2333 861 2375 quo
885 2318 953 2360 sui
976 2319 1199 2376 temporis
1220 2319 1369 2363 histo—

9 2440 11 2445 ·
82 2388 201 2432 riam
223 2403 469 2446 moresque
493 2389 784 2437 Dicaearchus
808 2391 1089 2448 exposuerit.
1114 2391 1182 2435 Cf.
1205 2393 1340 2435 Iason
1355 2426 1366 2446 ‚

82 2460 338 2504 Dicaearchi
353 2460 575 2514 imitator,
599 2460 724 2518 apud
742 2460 1012 2504 Athenaeum
1027 2462 1159 2516 XIV,
1178 2478 1225 2550 p.
1251 2463 1344 2506 620
1358 2497 1370 2517 ,

71 2530 164 2591 D.
193 2527 345 2577 Ἰάσων
379 2530 422 2575 ἐν
454 2530 609 2619 τρίτῳ,
631 2549 729 2594 περι
763 2533 848 2576 τῶν
871 2529 1191 2593 Ἀλεξάνδρουξ
1181 2533 1302 2594 ιερῶν
1327 2535 1369 2578 ἐν

79 2587 382 2664 Ἀλεξανδρείᾳ
403 2601 530 2666 φησὶν
550 2604 593 2648 ἐν
607 2603 668 2647 τῶ
686 2603 862 2666 μεγάλῳ
880 2601 1042 2667 θεάτρῳ
1062 2603 1370 2667 ὑποκρίνασθαι

53 2669 302 2734 ᾹΗγησίαν
336 2671 408 2718 τὸν
449 2672 655 2737 κωμῳδὸν
691 2673 745 2719 τὰ
778 2672 1030 2738 Ἡροδότου,
1071 2674 1368 2740 Ἑρμόφαντον

10 2690 130 2791 ’-δὲ
145 2741 199 2790 τὰ
218 2742 431 2808 Ὁμήρου.
454 2747 548 2791 Ubi
568 2748 676 2790 item
699 2748 842 2791 verba
859 2747 901 2791 ἓν
924 2746 1052 2810 τρίτῳ
1073 2749 1371 2808 intelligenda

76 2826 187 2862 'mut
209 2817 268 2862 de
291 2818 413 2861 libro
440 2820 576 2862 tertio
599 2820 713 2863 Vitae
749 2820 956 2875 Graeciae,
992 2836 1086 2878 quo
1120 2821 1370 2865 Alexandri

84 2896 295 2949 tempora
307 2899 499 2934 tractata
513 2906 606 2935 esse
621 2900 818 2950 patetex
842 2893 920 2946 iis,
944 2908 1045 2951 quae
1067 2893 1124 2936 de
1145 2893 1370 2938 divisione

74 2963 223 3021 {totius
253 2963 404 3021 operis
435 2963 568 3006 affert
609 2964 771 3008 Suidas
807 2981 851 3010 v,
879 2961 1046 3010 Ἰάσων.
1090 2965 1157 3009 Cf.
1187 2966 1365 3026 Fragm.

44 3047 47 3049 ’
84 3032 255 3098 Hister.
287 3046 443 3078 rerum
462 3035 611 3089 Alex„
635 3052 684 3094 p.
718 3036 806 3095 159
828 3052 894 3095 sq.

246 3245 493 3290 SCRIPTA
531 3245 890 3290 ARGUMENTI
928 3247 1202 3318 POPI'sICI.

64 3305 133 3418 {²
148 3357 310 3402 Cicero
339 3357 408 3400 De
444 3357 562 3417 legg.
599 3359 690 3413 ΙΙΙ,
729 3357 780 3412 5,
826 3363 878 3409 14
918 3375 926 3401 :
963 3359 1070 3402 Post
1106 3362 1368 3403 Aristoteles

55 3413 327 3559 ‘ffiwaon
357 3444 534 3472 omnem
570 3429 689 3472 lame
712 3431 888 3473 civilem
917 3435 962 3473 in
994 3432 1267 3489 disputando
1305 3434 1366 3475 lo—

66 3530 85 3564 ·'²;
131 3555 154 3571 ,Δ
207 3502 561 3559 Heraclidesque
583 3502 818 3553 Ponticus,
850 3500 1084 3560 projectus
1113 3505 1172 3547 ab
1206 3506 1362 3547 eodem

90 3661 166 3686 ιν,
679 3641 747 3680 19.

66 3720 174 3826 ξε
193 3733 640 3799 (ALEXANDm)
668 3738 1023 3787 SAcmFmio
1053 3738 1137 3786 AD
1166 3739 1361 3787 mum

50 3870 54 3871 γ
82 3846 121 3870 a
110 3833 353 3873 Puerorum
372 3844 507 3874 amore
522 3835 599 3874 ad
588 3837 780 3875 insaniam
795 3837 913 3876 etiam
932 3837 1094 3876 ardebat
1110 3848 1179 3876 rex
1199 3837 1364 3877 Alexan·

68 3885 171 3935 .'Q·.
193 3895 443 3938 Dimrchus
471 3900 578 3937 certe
596 3899 666 3938 ubi
698 3899 748 3939 de
769 3900 919 3940 solenni
953 3900 1143 3940 sacrificio
1170 3900 1222 3939 ad
1248 3901 1365 3940 llium

136 3973 141 3989 ι
166 3971 197 3990 υτ·
224 3970 282 4007 r,·
294 3959 350 3999 ait
371 3960 426 4000 ita
456 3961 692 4011 impotenter
727 3973 878 4002 amasse
909 3974 1000 4002 eum
1032 3965 1204 4013 Bagoam
1235 3972 1364 4002 eunu-

129 4056 160 4067 ..
176 4037 195 4054 ι·
215 4050 228 4071 ,
247 4022 322 4063 ut
310 4033 351 4062 ιιι
377 4021 500 4063 totius
517 4024 661 4064 theatri
682 4029 897 4075 conspectu
924 4026 1069 4065 inflexo
1093 4037 1257 4076 corpore
1273 4032 1366 4065 eum

50 4138 63 4144 ⁴.
177 4109 184 4114 ··
207 4120 210 4123 -
233 4093 329 4131 tur
359 4084 371 4132 ⁷:
414 4094 690 4143 plaudentibus
721 4107 812 4135 vero
847 4097 1135 4146 spectatoribus
1161 4100 1201 4136 et
1231 4097 1364 4136 accla-

117 4140 310 4203 seam&
345 4157 475 4206 paruit
512 4157 736 4209 iterumque
769 4162 874 4199 retro
908 4160 1054 4199 intlexo
1079 4171 1243 4210 corpore
1274 4171 1365 4199 euin

186 4215 290 4263 latus
306 4221 380 4258 est.

303 4287 529 4319 rasennam
549 4292 644 4320 iusr.
670 4293 734 4321 (ιιι.
761 4306 801 4313 -
821 4298 909 4326 τοι..
941 4303 981 4328 u.

2633 322 2719 362 241

1452 415 1663 459 Platone.
1696 415 2028 473 leeoplel·u.s·lus
2053 432 2150 459 vero
2169 421 2389 461 instauras
2414 420 2472 462 ab
2495 423 2732 464 Aristotele

1451 484 1696 538 habitavit,
1732 496 1780 528 ut
1793 490 1934 538 scitis,
1961 491 2005 529 in
2023 502 2075 530 eo
2095 503 2258 546 genere
2277 505 2444 543 ret-um,
2475 492 2534 534 ab
2558 494 2732 535 eodem-

1451 571 1536 615 que
1571 559 1815 601 Aristotele
1845 558 1999 600 doctus
2034 559 2329 601 Dicaearchus
2366 547 2468 603 huic·
2492 568 2659 606 rationi
2688 574 2734 606 el

1449 629 1594 671 studio
1616 644 1705 671 ηοη
1724 626 1889 684 defuit.

1917 744 2265 792 ΠΟΛΙΤΕΙΑΙ.

2055 880 2131 908 20.

1471 984 1897 1032 ΙΙΕΛΛΗΝΑΙΩΝ.
1939 984 2308 1032 ΚΟΡΙΝΘΙΩΝ.
2356 986 2702 1036 ΑΘΙΙΝΑΙΩΝ.

1514 1107 1677 1155 Cicero
1694 1108 1769 1152 Ad
1797 1109 1932 1154 Attic.
1955 1110 2025 1163 ΙΙ,
2055 1124 2079 1151 2
2112 1123 2122 1153 ε
2154 1105 2435 1164 Πελληναίων
2462 1114 2508 1152 in
2527 1113 2733 1154 manibus

1447 1182 1677 1235 tenebam,
1716 1190 1759 1224 et
1786 1180 1936 1224 hercle
1971 1195 2188 1239 magnum
2227 1197 2434 1225 acervum
2474 1183 2735 1226 Dicaearchi

1448 1253 1566 1296 mihi
1591 1264 1698 1300 ante
1717 1255 1860 1312 pedes
1894 1264 2228 1297 exstruxeram.
2261 1256 2301 1298 O
2324 1270 2542 1314 magnum
2583 1256 2731 1299 homi-

1446 1340 1567 1380 nem,
1593 1335 1640 1369 et
1653 1342 1683 1368 a
1699 1342 1786 1385 quo
1805 1327 1944 1369 multo
1954 1328 2098 1384 plum
2110 1327 2326 1370 didiceris
2341 1342 2479 1385 quam
2499 1329 2557 1371 de
2575 1330 2732 1372 Proci—

1448 1400 1526 1442 lio.
1553 1396 1787 1462 Κορινθίων
1811 1403 1859 1441 'et
1879 1396 2112 1454 Ἀθηναίων
2136 1409 2247 1458 puto
2275 1415 2345 1443 me
2364 1402 2522 1443 Romoe
2544 1401 2729 1446 habere.

1445 1470 1570 1514 Miln·
1589 1472 1759 1525 credes,
1789 1472 1888 1528 lege
1908 1475 1971 1514 sis
1987 1471 2090 1514 hoec
2117 1476 2205 1515 otio
2221 1506 2232 1526 ‚
2263 1474 2553 1516 admirabilis
2575 1479 2637 1517 vir
2651 1486 2731 1521 εις-τ.

1444 1544 1568 1588 Nihil
1587 1559 1642 1587 ex
1665 1538 1736 1587 his
1754 1552 1995 1602 superstes.
2016 1545 2230 1588 Ceterum
2258 1546 2521 1589 Buttmanni
2551 1548 2731 1605 opinio-

1445 1631 1551 1660 nem
1583 1631 1639 1660 ex
1665 1632 1755 1675 qua
1782 1617 2128 1660 Atheniensium
2144 1650 2155 1671 ,
2193 1617 2539 1662 Corinthiorum
2562 1628 2607 1662 et
2632 1621 2734 1663 Pel-
2785 1609 2789 1611 ’

1444 1690 1695 1733 lenaeorum
1722 1687 1848 1748 (quo
1873 1689 2062 1732 nomine
2095 1689 2300 1733 Thebani
2334 1688 2729 1751 significarentur)

1443 1759 1623 1804 Politiae
1647 1762 1958 1820 Tripoliticum
1979 1758 2232 1804 Dicaearchi
2251 1762 2612 1817 constituissent,
2630 1762 2733 1820 jure

1443 1833 1655 1892 explodit
1677 1834 1884 1878 Osannus
1904 1834 1934 1876 l.
1963 1833 1992 1876 l.
2017 1848 2062 1891 p.
2092 1832 2145 1876 13
2171 1847 2272 1891 sqq.

2049 1966 2099 1994 21
2116 1984 2125 1994 .

1874 2060 2300 2108 ΣΙΙΑΡΤΙΑἸῺΝ.

1509 2170 1687 2213 Suidas.
1707 2168 2029 2232 ν.ιΔικαίαρχος
2047 2188 2056 2213 :
2079 2160 2213 2221 Οἷτος
2233 2167 2392 2231 ,ἔγραψε
2411 2166 2484 2225 τὴν
2510 2170 2729 2216 πολιτείαν

1444 2241 1757 2304 Σπαρτιατῶν·
1780 2239 1854 2287 καὶ
1887 2240 2014 2302 νόμος
2045 2239 2165 2296 ἐτέθη
2200 2242 2242 2286 ἐν
2280 2239 2593 2301 Λακεδαίμονι,
2633 2245 2729 2288 καθ’

1443 2312 1622 2359 ἕκαστον
1661 2312 1751 2366 ἔτος
1797 2313 2163 2375 ἀναγινώσκεσθαι
2206 2311 2277 2358 τὸν
2311 2311 2436 2374 λόγον
2479 2314 2537 2366 εἷς
2566 2313 2614 2359 τὸ
2645 2317 2728 2359 τῶν

1444 2383 1603 2449 ἐφόρων
1633 2385 1839 2448 ἀρχαῖον,
1870 2383 1965 2437 τοὺς
1999 2383 2043 2430 δὲ
2068 2383 2144 2441 τὴν
2183 2382 2396 2441 ἡὸητικὴν
2430 2382 2605 2447 ἔχοντας
2634 2389 2733 2442 ἡλι-

1445 2456 1541 2504 κίαν
1564 2459 1816 2521 ἀκροᾶσθαι.
1842 2456 1930 2504 Καὶ
1954 2460 2079 2503 τοῦτο
2095 2455 2305 2520 ἐκράτησε
2329 2454 2456 2519 μέχρι
2481 2458 2660 2502 πολλοῦ.

1511 2530 1567 2582 εἷς
1590 2528 1673 2591 τὸ]
1689 2546 1744 2575 ex
1769 2532 1954 2575 serioris
1978 2532 2062 2574 aevi
2087 2544 2171 2574 usu
2194 2543 2283 2588 pro
2317 2529 2359 2572 ἐν
2394 2530 2471 2591 τῷ.
2500 2556 2564 2564 —
2593 2531 2729 2575 Cete-

1444 2619 1548 2647 rum
1569 2618 1713 2662 quum
1732 2619 1788 2647 cx
1805 2611 2022 2662 sequente
2049 2603 2307 2662 fragmento
2324 2611 2507 2660 pateat,
2534 2604 2729 2647 Dicaear-

1445 2677 1583 2719 chum
1615 2677 1664 2719 in
1701 2674 1994 2737 Τριπολιτικῷ
2034 2675 2092 2718 de
2133 2676 2468 2733 Spartanorum
2511 2676 2730 2719 institutis

1445 2747 1632 2803 dixisse,
1661 2747 1843 2791 dubites
1866 2763 1978 2791 num
2004 2746 2100 2790 haec
2123 2761 2261 2804 quam
2281 2745 2442 2790 Suidas
2461 2746 2618 2790 laudat
2640 2763 2730 2806 po-

1444 2821 1540 2864 litia
1571 2821 1708 2864 fuerit
1733 2819 1790 2863 ab
1815 2821 1915 2878 ipso
1939 2819 2208 2862 Dicaearcho
2235 2819 2455 2878 singulari
2487 2818 2647 2862 libello
2685 2829 2730 2863 et

1445 2894 1677 2951 tamquam
1701 2906 1807 2950 pars
1844 2891 2029 2949 majoris
2051 2884 2203 2950 operis
2229 2890 2582 2935 Corinthiorum
2612 2892 2728 2935 alio-

1444 2979 1641 3023 rumque
1664 2964 1848 3023 politias
1871 2962 2151 3007 continentis
2172 2963 2362 3021 scripta,
2389 2978 2447 3006 an
2477 2978 2533 3006 ex
2557 2965 2725 3022 Tripo-

1444 3037 1596 3091 linco,
1624 3038 1705 3094 qui
1739 3035 1797 3078 de
1829 3036 2003 3093 optima
2034 3035 2228 3077 civitatis
2261 3035 2409 3078 forma
2447 3035 2635 3093 agebat,
2673 3037 2728 3078 sit

1445 3109 1698 3167 desumpta.

1847 3214 2319 3262 ΤΡΙΠΟΛΙΤΙΚΟΣ.

2045 3338 2120 3370 22.
2148 3381 2155 3385 Ι

1530 3366 1555 3377 ›-

1508 3435 1670 3478 Cicero
1691 3433 1777 3491 Ep.
1799 3433 1859 3476 ad
1890 3437 1986 3479 Att.
2006 3434 2153 3486 XIII,
2185 3432 2241 3475 32
2282 3447 2291 3475 :
2326 3431 2587 3474 Dicaearchi
2618 3428 2723 3491 Περὶ

1442 3505 1583 3566 ψυχῆς
1609 3515 1815 3563 utrosque
1836 3507 1967 3548 velim
1992 3509 2144 3548 mittas
2167 3515 2213 3547 et
2230 3501 2531 3554 καταὸάσεως.
2556 3503 2723 3563 Τριπο-

1758 3642 1842 3688 1)Ε
1876 3642 2080 3689 REBUS
2114 3641 2411 3688 PUBLlClS.

2082 3757 2152 3796 21.

1767 3864 2165 3913 LACEDAEMON
2173 3863 2392 3912 IORUM.

1491 3968 1745 4008 Dicaearchus
1785 3969 1961 4008 libellum
1992 3969 2042 4008 de
2090 3967 2289 4018 republica
2330 3960 2716 4004 Lacedaemoniorum

1440 4032 1615 4082 scripsit,
1633 4033 1794 4082 legeque
1811 4031 2096 4072 Lacedaemonii
2121 4029 2394 4073 sanciverunt,
2416 4027 2457 4063 ut
2474 4022 2631 4062 libellus
2651 4022 2716 4059 ilie

1440 4105 1598 4144 quoque
1617 4105 1722 4134 anno
1753 4095 1792 4134 in
1808 4096 2046 4145 ephororum
2076 4094 2186 4132 curia
2210 4091 2440 4130 recitaretur
2468 4084 2714 4124 audientibus

1447 4159 1492 4196 iis
1521 4159 1589 4208 qui
1610 4158 1827 4206 juvenilem
1855 4161 2012 4198 :etatem
2041 4157 2269 4206 attigissent.
2303 4152 2425 4200 ldque
2455 4158 2523 4198 per
2546 4147 2715 4185 multum

1441 4223 1628 4273 temporis
1650 4223 1834 4263 obtinuit.

2449 4323 2482 4349 lc}
