<?xml version="1.0" encoding="UTF-8"?>
<!DOCTYPE html PUBLIC "-//W3C//DTD XHTML 1.0 Transitional//EN"
    "http://www.w3.org/TR/xhtml1/DTD/xhtml1-transitional.dtd">
<html xmlns="http://www.w3.org/1999/xhtml" xml:lang="en" lang="en">
 <head>
  <title>
</title>
<meta http-equiv="Content-Type" content="text/html;charset=utf-8" />
  <meta name='ocr-system' content='tesseract 3.04.00' />
  <meta name='ocr-capabilities' content='ocr_page ocr_carea ocr_par ocr_line ocrx_word'/>
</head>
<body>
  <div class='ocr_page' id='page_1' title='image "./fragmentahistori02mueluoft_0402.png"; bbox 0 0 3016 4628; ppageno 0'>
   <div class='ocr_carea' id='block_1_1' title="bbox 289 265 381 306">
    <p class='ocr_par' dir='ltr' id='par_1_1' title="bbox 289 265 381 306">
     <span class='ocr_line' id='line_1_1' title="bbox 289 265 381 306; baseline 0 0"><span class='ocrx_word' id='word_1_1' title='bbox 289 265 381 306; x_wconf 79' lang='lat'>350</span> 
     </span>
    </p>
   </div>
   <div class='ocr_carea' id='block_1_2' title="bbox 271 426 1560 860">
    <p class='ocr_par' dir='ltr' id='par_1_2' title="bbox 271 426 1560 860">
     <span class='ocr_line' id='line_1_2' title="bbox 272 426 1558 502; baseline -0.009 -18"><span class='ocrx_word' id='word_1_2' title='bbox 272 455 447 502; x_wconf 89' lang='grc' dir='ltr'>χονται,</span> <span class='ocrx_word' id='word_1_3' title='bbox 471 434 549 492; x_wconf 84' lang='grc' dir='ltr'>τὴν</span> <span class='ocrx_word' id='word_1_4' title='bbox 574 433 651 496; x_wconf 84' lang='grc' dir='ltr'>μὲν</span> <span class='ocrx_word' id='word_1_5' title='bbox 675 432 929 497; x_wconf 81' lang='grc' dir='ltr'>τετράπολιν</span> <span class='ocrx_word' id='word_1_6' title='bbox 951 430 1124 496; x_wconf 82' lang='grc' dir='ltr'>Δωρίδα</span> <span class='ocrx_word' id='word_1_7' title='bbox 1147 428 1342 496; x_wconf 84' lang='grc' dir='ltr'>τρίπολιν</span> <span class='ocrx_word' id='word_1_8' title='bbox 1367 426 1558 493; x_wconf 86' lang='grc' dir='ltr'>ἀποφαί-</span> 
     </span>
     <span class='ocr_line' id='line_1_3' title="bbox 273 500 1560 575; baseline -0.007 -21"><span class='ocrx_word' id='word_1_9' title='bbox 273 527 434 575; x_wconf 72' lang='grc' dir='ltr'>νοντος,</span> <span class='ocrx_word' id='word_1_10' title='bbox 453 506 530 565; x_wconf 82' lang='grc' dir='ltr'>τὴν</span> <span class='ocrx_word' id='word_1_11' title='bbox 551 503 596 553; x_wconf 86' lang='grc' dir='ltr'>δὲ</span> <span class='ocrx_word' id='word_1_12' title='bbox 625 503 888 570; x_wconf 84' lang='grc' dir='ltr'>μητρόπολιν</span> <span class='ocrx_word' id='word_1_13' title='bbox 908 505 992 551; x_wconf 85' lang='grc' dir='ltr'>τῶν</span> <span class='ocrx_word' id='word_1_14' title='bbox 1020 500 1219 567; x_wconf 83' lang='grc' dir='ltr'>Δωριέων</span> <span class='ocrx_word' id='word_1_15' title='bbox 1239 500 1417 548; x_wconf 84' lang='grc' dir='ltr'>ἄποικον</span> <span class='ocrx_word' id='word_1_16' title='bbox 1440 503 1560 549; x_wconf 87' lang='grc' dir='ltr'>Θετ-</span> 
     </span>
     <span class='ocr_line' id='line_1_4' title="bbox 271 569 1559 646; baseline -0.01 -16"><span class='ocrx_word' id='word_1_17' title='bbox 271 584 436 631; x_wconf 60' lang='grc' dir='ltr'>ταλῶν</span> <span class='ocrx_word' id='word_1_18' title='bbox 455 579 685 646; x_wconf 83' lang='grc' dir='ltr'>τριχάῖκας</span> <span class='ocrx_word' id='word_1_19' title='bbox 704 575 749 626; x_wconf 80' lang='grc' dir='ltr'>δὲ</span> <span class='ocrx_word' id='word_1_20' title='bbox 773 575 819 625; x_wconf 91' lang='grc' dir='ltr'>δέ</span> <span class='ocrx_word' id='word_1_21' title='bbox 853 595 995 634; x_wconf 88' lang='grc' dir='ltr'>ονται,</span> <span class='ocrx_word' id='word_1_22' title='bbox 1014 574 1109 634; x_wconf 87' lang='grc' dir='ltr'>ἤτοι</span> <span class='ocrx_word' id='word_1_23' title='bbox 1127 572 1213 621; x_wconf 85' lang='grc' dir='ltr'>ἀπὸ</span> <span class='ocrx_word' id='word_1_24' title='bbox 1229 576 1306 631; x_wconf 87' lang='grc' dir='ltr'>τῆς</span> <span class='ocrx_word' id='word_1_25' title='bbox 1320 569 1559 638; x_wconf 78' lang='grc' dir='ltr'>τριλοφίας,</span> 
     </span>
     <span class='ocr_line' id='line_1_5' title="bbox 271 596 1559 717; baseline -0.009 -15"><span class='ocrx_word' id='word_1_26' title='bbox 271 653 419 711; x_wconf 80' lang='grc' dir='ltr'>ἢ’ἀπὸ</span> <span class='ocrx_word' id='word_1_27' title='bbox 459 655 535 699; x_wconf 79' lang='grc' dir='ltr'>τοῦ</span> <span class='ocrx_word' id='word_1_28' title='bbox 569 648 781 717; x_wconf 85' lang='grc' dir='ltr'>τριχίνους</span> <span class='ocrx_word' id='word_1_29' title='bbox 819 596 926 695; x_wconf 42' lang='lat' dir='ltr'>§voti</span> <span class='ocrx_word' id='word_1_30' title='bbox 956 645 1054 701; x_wconf 82' lang='grc' dir='ltr'>τοὺς</span> <span class='ocrx_word' id='word_1_31' title='bbox 1090 645 1245 711; x_wconf 81' lang='grc' dir='ltr'>λόφους</span> <span class='ocrx_word' id='word_1_32' title='bbox 1282 642 1559 711; x_wconf 81' lang='grc' dir='ltr'>ἐφαμίλλους.</span> 
     </span>
     <span class='ocr_line' id='line_1_6' title="bbox 273 717 1556 785; baseline -0.009 -12"><span class='ocrx_word' id='word_1_33' title='bbox 273 726 518 773; x_wconf 85' lang='lat' dir='ltr'>Antecedit</span> <span class='ocrx_word' id='word_1_34' title='bbox 541 724 749 785; x_wconf 87' lang='lat' dir='ltr'>staphyli</span> <span class='ocrx_word' id='word_1_35' title='bbox 773 722 830 767; x_wconf 87' lang='lat' dir='ltr'>fr.</span> <span class='ocrx_word' id='word_1_36' title='bbox 858 721 926 767; x_wconf 87' lang='lat' dir='ltr'>Cf.</span> <span class='ocrx_word' id='word_1_37' title='bbox 946 721 1147 768; x_wconf 86' lang='lat' dir='ltr'>Diodor.</span> <span class='ocrx_word' id='word_1_38' title='bbox 1174 721 1214 766; x_wconf 91' lang='lat' dir='ltr'>V</span> <span class='ocrx_word' id='word_1_39' title='bbox 1230 753 1244 778; x_wconf 88' lang='lat'>,</span> <span class='ocrx_word' id='word_1_40' title='bbox 1272 717 1352 774; x_wconf 80' lang='lat'>803</span> <span class='ocrx_word' id='word_1_41' title='bbox 1371 717 1556 762; x_wconf 86' lang='lat' dir='ltr'>Miiller.</span> 
     </span>
     <span class='ocr_line' id='line_1_7' title="bbox 273 793 1122 860; baseline -0.006 -15"><span class='ocrx_word' id='word_1_42' title='bbox 273 803 385 848; x_wconf 83' lang='lat' dir='ltr'>Dor.</span> <span class='ocrx_word' id='word_1_43' title='bbox 418 802 469 858; x_wconf 90' lang='lat'>1,</span> <span class='ocrx_word' id='word_1_44' title='bbox 494 815 544 860; x_wconf 87' lang='lat' dir='ltr'>p.</span> <span class='ocrx_word' id='word_1_45' title='bbox 568 814 644 856; x_wconf 76' lang='lat'>27.</span> <span class='ocrx_word' id='word_1_46' title='bbox 670 797 748 843; x_wconf 88' lang='lat'>30.</span> <span class='ocrx_word' id='word_1_47' title='bbox 774 794 851 841; x_wconf 81' lang='lat'>33.</span> <span class='ocrx_word' id='word_1_48' title='bbox 873 796 945 850; x_wconf 90' lang='grc' dir='ltr'>ΙΙ,</span> <span class='ocrx_word' id='word_1_49' title='bbox 971 809 1019 853; x_wconf 86' lang='lat' dir='ltr'>p.</span> <span class='ocrx_word' id='word_1_50' title='bbox 1044 793 1122 850; x_wconf 90' lang='lat'>76.</span> 
     </span>
    </p>
   </div>
   <div class='ocr_carea' id='block_1_3' title="bbox 889 886 936 934">
    <p class='ocr_par' dir='ltr' id='par_1_3' title="bbox 889 886 936 934">
     <span class='ocr_line' id='line_1_8' title="bbox 889 886 936 934; baseline 0.043 -2"><span class='ocrx_word' id='word_1_51' title='bbox 889 886 936 934; x_wconf 87' lang='lat'>5.</span> 
     </span>
    </p>
   </div>
   <div class='ocr_carea' id='block_1_4' title="bbox 273 972 1558 1198">
    <p class='ocr_par' dir='ltr' id='par_1_4' title="bbox 273 972 1558 1198">
     <span class='ocr_line' id='line_1_9' title="bbox 338 972 1558 1042; baseline -0.016 -6"><span class='ocrx_word' id='word_1_52' title='bbox 338 989 494 1036; x_wconf 88' lang='lat' dir='ltr'>Schol.</span> <span class='ocrx_word' id='word_1_53' title='bbox 519 987 581 1033; x_wconf 83' lang='lat' dir='ltr'>ad</span> <span class='ocrx_word' id='word_1_54' title='bbox 613 987 670 1032; x_wconf 93' lang='lat' dir='ltr'>Il.</span> <span class='ocrx_word' id='word_1_55' title='bbox 695 984 770 1042; x_wconf 89' lang='grc' dir='ltr'>Π,</span> <span class='ocrx_word' id='word_1_56' title='bbox 811 981 902 1027; x_wconf 82' lang='lat'>235</span> <span class='ocrx_word' id='word_1_57' title='bbox 937 995 948 1028; x_wconf 93' lang='lat'><strong>:</strong></span> <span class='ocrx_word' id='word_1_58' title='bbox 981 977 1136 1027; x_wconf 81' lang='grc' dir='ltr'>Σελλοὶ</span> <span class='ocrx_word' id='word_1_59' title='bbox 1173 972 1558 1035; x_wconf 83' lang='grc' dir='ltr'>ἀνιπτόποδες]</span> 
     </span>
     <span class='ocr_line' id='line_1_10' title="bbox 275 1044 1556 1126; baseline -0.014 -17"><span class='ocrx_word' id='word_1_60' title='bbox 275 1060 461 1126; x_wconf 80' lang='grc' dir='ltr'>Ἄνδρων</span> <span class='ocrx_word' id='word_1_61' title='bbox 499 1057 544 1106; x_wconf 81' lang='grc' dir='ltr'>δὲ</span> <span class='ocrx_word' id='word_1_62' title='bbox 565 1059 609 1105; x_wconf 81' lang='grc' dir='ltr'>ἐν</span> <span class='ocrx_word' id='word_1_63' title='bbox 633 1054 858 1120; x_wconf 86' lang='grc' dir='ltr'>Ἱστορίαις</span> <span class='ocrx_word' id='word_1_64' title='bbox 880 1051 1008 1117; x_wconf 84' lang='grc' dir='ltr'>φησὶν</span> <span class='ocrx_word' id='word_1_65' title='bbox 1031 1049 1163 1102; x_wconf 79' lang='grc' dir='ltr'>οὕτως</span> <span class='ocrx_word' id='word_1_66' title='bbox 1186 1049 1426 1110; x_wconf 87' lang='grc' dir='ltr'>κληθῆναι,</span> <span class='ocrx_word' id='word_1_67' title='bbox 1460 1044 1556 1093; x_wconf 81' lang='grc' dir='ltr'>ἐπεὶ</span> 
     </span>
     <span class='ocr_line' id='line_1_11' title="bbox 273 1118 1441 1198; baseline -0.014 -17"><span class='ocrx_word' id='word_1_68' title='bbox 273 1132 552 1198; x_wconf 82' lang='grc' dir='ltr'>φιλοπόλεμοι</span> <span class='ocrx_word' id='word_1_69' title='bbox 575 1130 687 1182; x_wconf 84' lang='grc' dir='ltr'>ὄντες</span> <span class='ocrx_word' id='word_1_70' title='bbox 714 1126 845 1180; x_wconf 76' lang='grc' dir='ltr'>οὕτως</span> <span class='ocrx_word' id='word_1_71' title='bbox 867 1122 1039 1177; x_wconf 79' lang='grc' dir='ltr'>ἑαυτοὺς</span> <span class='ocrx_word' id='word_1_72' title='bbox 1064 1118 1441 1187; x_wconf 85' lang='grc' dir='ltr'>ε’σκληραγώγουν.</span> 
     </span>
    </p>
   </div>
   <div class='ocr_carea' id='block_1_5' title="bbox 888 1220 916 1266">
    <p class='ocr_par' dir='ltr' id='par_1_5' title="bbox 888 1220 916 1266">
     <span class='ocr_line' id='line_1_12' title="bbox 888 1220 916 1266; baseline 0 0"><span class='ocrx_word' id='word_1_73' title='bbox 888 1220 916 1266; x_wconf 90' lang='grc'>6</span> 
     </span>
    </p>
   </div>
   <div class='ocr_carea' id='block_1_6' title="bbox 267 1306 1560 2518">
    <p class='ocr_par' dir='ltr' id='par_1_6' title="bbox 270 1306 1560 1745">
     <span class='ocr_line' id='line_1_13' title="bbox 336 1306 1555 1378; baseline -0.011 -11"><span class='ocrx_word' id='word_1_74' title='bbox 336 1323 501 1368; x_wconf 87' lang='lat' dir='ltr'>Strabo</span> <span class='ocrx_word' id='word_1_75' title='bbox 525 1321 591 1374; x_wconf 84' lang='lat' dir='ltr'>X,</span> <span class='ocrx_word' id='word_1_76' title='bbox 631 1334 679 1378; x_wconf 93' lang='lat' dir='ltr'>p.</span> <span class='ocrx_word' id='word_1_77' title='bbox 720 1315 812 1369; x_wconf 76' lang='lat'>456</span> <span class='ocrx_word' id='word_1_78' title='bbox 842 1331 852 1359; x_wconf 90' lang='lat'>:</span> <span class='ocrx_word' id='word_1_79' title='bbox 892 1312 999 1361; x_wconf 80' lang='grc' dir='ltr'>Οὐδ’</span> <span class='ocrx_word' id='word_1_80' title='bbox 1025 1308 1282 1363; x_wconf 86' lang='grc' dir='ltr'>Ἑλλάνικος</span> <span class='ocrx_word' id='word_1_81' title='bbox 1319 1307 1406 1371; x_wconf 85' lang='lat' dir='ltr'>(fr.</span> <span class='ocrx_word' id='word_1_82' title='bbox 1439 1306 1555 1369; x_wconf 83' lang='lat'>103)</span> 
     </span>
     <span class='ocr_line' id='line_1_14' title="bbox 272 1378 1560 1458; baseline -0.012 -17"><span class='ocrx_word' id='word_1_83' title='bbox 272 1391 512 1458; x_wconf 84' lang='grc' dir='ltr'>Ὁμηρικὸς</span> <span class='ocrx_word' id='word_1_84' title='bbox 559 1387 782 1452; x_wconf 82' lang='grc' dir='ltr'>Δουλίχιον</span> <span class='ocrx_word' id='word_1_85' title='bbox 829 1384 908 1442; x_wconf 77' lang='grc' dir='ltr'>τὴν</span> <span class='ocrx_word' id='word_1_86' title='bbox 948 1381 1255 1448; x_wconf 81' lang='grc' dir='ltr'>Κεφαλληνίαν</span> <span class='ocrx_word' id='word_1_87' title='bbox 1293 1379 1450 1444; x_wconf 90' lang='grc' dir='ltr'>λέγων.</span> <span class='ocrx_word' id='word_1_88' title='bbox 1493 1378 1560 1427; x_wconf 89' lang='grc' dir='ltr'>Τὸ</span> 
     </span>
     <span class='ocr_line' id='line_1_15' title="bbox 271 1450 1560 1528; baseline -0.01 -17"><span class='ocrx_word' id='word_1_89' title='bbox 271 1463 349 1527; x_wconf 77' lang='grc' dir='ltr'>μὲν</span> <span class='ocrx_word' id='word_1_90' title='bbox 373 1463 456 1528; x_wconf 85' lang='grc' dir='ltr'>γὰρ</span> <span class='ocrx_word' id='word_1_91' title='bbox 476 1461 558 1509; x_wconf 79' lang='grc' dir='ltr'>ὑπὸ</span> <span class='ocrx_word' id='word_1_92' title='bbox 587 1459 756 1522; x_wconf 88' lang='grc' dir='ltr'>Μέγητι</span> <span class='ocrx_word' id='word_1_93' title='bbox 775 1456 943 1521; x_wconf 84' lang='grc' dir='ltr'>εἴρηται</span> <span class='ocrx_word' id='word_1_94' title='bbox 966 1455 1040 1502; x_wconf 86' lang='grc' dir='ltr'>καὶ</span> <span class='ocrx_word' id='word_1_95' title='bbox 1065 1455 1109 1500; x_wconf 78' lang='grc' dir='ltr'>αἱ</span> <span class='ocrx_word' id='word_1_96' title='bbox 1135 1454 1283 1501; x_wconf 86' lang='grc' dir='ltr'>λοιπαὶ</span> <span class='ocrx_word' id='word_1_97' title='bbox 1306 1455 1350 1500; x_wconf 81' lang='grc' dir='ltr'>αἱ</span> <span class='ocrx_word' id='word_1_98' title='bbox 1375 1450 1560 1516; x_wconf 73' lang='grc' dir='ltr'>Ἐχινά-</span> 
     </span>
     <span class='ocr_line' id='line_1_16' title="bbox 271 1523 1557 1593; baseline -0.009 -11"><span class='ocrx_word' id='word_1_99' title='bbox 271 1538 357 1593; x_wconf 90' lang='grc' dir='ltr'>δες,</span> <span class='ocrx_word' id='word_1_100' title='bbox 382 1536 423 1581; x_wconf 85' lang='grc' dir='ltr'>οῗ</span> <span class='ocrx_word' id='word_1_101' title='bbox 443 1552 489 1581; x_wconf 88' lang='grc' dir='ltr'>τε</span> <span class='ocrx_word' id='word_1_102' title='bbox 512 1535 764 1583; x_wconf 73' lang='grc' dir='ltr'>ἐνοικοῦντες</span> <span class='ocrx_word' id='word_1_103' title='bbox 781 1527 948 1577; x_wconf 86' lang='grc' dir='ltr'>Ἐπειοί</span> <span class='ocrx_word' id='word_1_104' title='bbox 970 1546 1015 1574; x_wconf 91' lang='grc' dir='ltr'>τε</span> <span class='ocrx_word' id='word_1_105' title='bbox 1041 1525 1083 1582; x_wconf 80' lang='grc' dir='ltr'>ἐξ</span> <span class='ocrx_word' id='word_1_106' title='bbox 1102 1525 1281 1579; x_wconf 85' lang='grc' dir='ltr'>Ἤλιδος</span> <span class='ocrx_word' id='word_1_107' title='bbox 1306 1523 1557 1591; x_wconf 82' lang='grc' dir='ltr'>ἀφιγμένοι·</span> 
     </span>
     <span class='ocr_line' id='line_1_17' title="bbox 270 1595 1557 1672; baseline -0.009 -17"><span class='ocrx_word' id='word_1_108' title='bbox 270 1608 415 1672; x_wconf 80' lang='grc' dir='ltr'>διόπερ</span> <span class='ocrx_word' id='word_1_109' title='bbox 440 1606 513 1653; x_wconf 84' lang='grc' dir='ltr'>καὶ</span> <span class='ocrx_word' id='word_1_110' title='bbox 547 1604 618 1651; x_wconf 85' lang='grc' dir='ltr'>τὸν</span> <span class='ocrx_word' id='word_1_111' title='bbox 640 1595 778 1651; x_wconf 59' lang='grc' dir='ltr'>κὮτον</span> <span class='ocrx_word' id='word_1_112' title='bbox 801 1600 873 1648; x_wconf 84' lang='grc' dir='ltr'>τὸν</span> <span class='ocrx_word' id='word_1_113' title='bbox 899 1598 1142 1658; x_wconf 81' lang='grc' dir='ltr'>Κυλλήνιον</span> <span class='ocrx_word' id='word_1_114' title='bbox 1177 1596 1359 1652; x_wconf 82' lang='grc' dir='ltr'>Φυλέως</span> <span class='ocrx_word' id='word_1_115' title='bbox 1390 1601 1557 1663; x_wconf 82' lang='grc' dir='ltr'>ἑταῖρον</span> 
     </span>
     <span class='ocr_line' id='line_1_18' title="bbox 271 1674 1058 1745; baseline -0.011 -17"><span class='ocrx_word' id='word_1_116' title='bbox 271 1676 529 1744; x_wconf 78' lang='grc' dir='ltr'>μεγαθύμων</span> <span class='ocrx_word' id='word_1_117' title='bbox 554 1675 686 1741; x_wconf 74' lang='grc' dir='ltr'>ἀρχὸν</span> <span class='ocrx_word' id='word_1_118' title='bbox 707 1675 891 1745; x_wconf 73' lang='grc' dir='ltr'>Ἐπειῶν</span> <span class='ocrx_word' id='word_1_119' title='bbox 917 1674 1058 1720; x_wconf 87' lang='grc' dir='ltr'>καλεῖ·</span> 
     </span>
    </p>

    <p class='ocr_par' dir='ltr' id='par_1_7' title="bbox 368 1759 1352 1817">
     <span class='ocr_line' id='line_1_19' title="bbox 368 1759 1352 1817; baseline -0.008 -11"><span class='ocrx_word' id='word_1_120' title='bbox 368 1766 494 1817; x_wconf 78' lang='grc' dir='ltr'>Αὐτὰρ</span> <span class='ocrx_word' id='word_1_121' title='bbox 514 1763 724 1809; x_wconf 86' lang='grc' dir='ltr'>Ὀδυσσεὺς</span> <span class='ocrx_word' id='word_1_122' title='bbox 739 1763 811 1814; x_wconf 82' lang='grc' dir='ltr'>ἦγε</span> <span class='ocrx_word' id='word_1_123' title='bbox 830 1762 1075 1812; x_wconf 84' lang='grc' dir='ltr'>Κεφαλλῆνας</span> <span class='ocrx_word' id='word_1_124' title='bbox 1096 1759 1352 1811; x_wconf 78' lang='grc' dir='ltr'>μεγαθύμους,</span> 
     </span>
    </p>

    <p class='ocr_par' dir='ltr' id='par_1_8' title="bbox 267 1827 1560 2270">
     <span class='ocr_line' id='line_1_20' title="bbox 268 1827 1557 1902; baseline -0.007 -13"><span class='ocrx_word' id='word_1_125' title='bbox 268 1840 373 1891; x_wconf 82' lang='grc' dir='ltr'>Οὔτ’</span> <span class='ocrx_word' id='word_1_126' title='bbox 412 1831 482 1886; x_wconf 63' lang='grc' dir='ltr'>οὖν</span> <span class='ocrx_word' id='word_1_127' title='bbox 522 1837 749 1902; x_wconf 83' lang='grc' dir='ltr'>Δουλίχιον</span> <span class='ocrx_word' id='word_1_128' title='bbox 786 1827 814 1894; x_wconf 84' lang='grc' dir='ltr'>ἦ</span> <span class='ocrx_word' id='word_1_129' title='bbox 856 1833 1148 1901; x_wconf 83' lang='grc' dir='ltr'>Κεφαλληνία</span> <span class='ocrx_word' id='word_1_130' title='bbox 1184 1832 1280 1881; x_wconf 87' lang='grc' dir='ltr'>καθ’</span> <span class='ocrx_word' id='word_1_131' title='bbox 1319 1830 1529 1899; x_wconf 66' lang='grc' dir='ltr'>“Ομηρον</span> <span class='ocrx_word' id='word_1_132' title='bbox 1544 1868 1557 1890; x_wconf 90' lang='grc'>,</span> 
     </span>
     <span class='ocr_line' id='line_1_21' title="bbox 268 1904 1558 1978; baseline -0.006 -17"><span class='ocrx_word' id='word_1_133' title='bbox 268 1913 364 1962; x_wconf 89' lang='grc' dir='ltr'>οὔτε</span> <span class='ocrx_word' id='word_1_134' title='bbox 382 1915 456 1970; x_wconf 84' lang='grc' dir='ltr'>τῆς</span> <span class='ocrx_word' id='word_1_135' title='bbox 473 1909 775 1978; x_wconf 78' lang='grc' dir='ltr'>Κεφαλληνίας</span> <span class='ocrx_word' id='word_1_136' title='bbox 794 1909 843 1958; x_wconf 84' lang='grc' dir='ltr'>τὸ</span> <span class='ocrx_word' id='word_1_137' title='bbox 862 1907 1089 1973; x_wconf 83' lang='grc' dir='ltr'>Δουλίχιον</span> <span class='ocrx_word' id='word_1_138' title='bbox 1102 1943 1114 1966; x_wconf 93' lang='grc'>,</span> <span class='ocrx_word' id='word_1_139' title='bbox 1140 1910 1198 1961; x_wconf 79' lang='grc' dir='ltr'>ὡς</span> <span class='ocrx_word' id='word_1_140' title='bbox 1213 1904 1405 1972; x_wconf 86' lang='grc' dir='ltr'>Ἄνδρων</span> <span class='ocrx_word' id='word_1_141' title='bbox 1424 1905 1532 1972; x_wconf 92' lang='grc' dir='ltr'>φησί</span> <span class='ocrx_word' id='word_1_142' title='bbox 1549 1925 1558 1936; x_wconf 91' lang='grc'><em>·</em></span> 
     </span>
     <span class='ocr_line' id='line_1_22' title="bbox 267 1977 1559 2050; baseline -0.008 -15"><span class='ocrx_word' id='word_1_143' title='bbox 267 1987 315 2035; x_wconf 83' lang='grc' dir='ltr'>τὸ</span> <span class='ocrx_word' id='word_1_144' title='bbox 336 1985 410 2050; x_wconf 83' lang='grc' dir='ltr'>μὲν</span> <span class='ocrx_word' id='word_1_145' title='bbox 431 1984 512 2050; x_wconf 84' lang='grc' dir='ltr'>γὰρ</span> <span class='ocrx_word' id='word_1_146' title='bbox 529 1983 696 2034; x_wconf 79' lang='grc' dir='ltr'>Ἐπειοὶ</span> <span class='ocrx_word' id='word_1_147' title='bbox 716 1989 938 2047; x_wconf 79' lang='grc' dir='ltr'>κατεῖχον,</span> <span class='ocrx_word' id='word_1_148' title='bbox 954 1979 1031 2039; x_wconf 87' lang='grc' dir='ltr'>τὴν</span> <span class='ocrx_word' id='word_1_149' title='bbox 1054 1979 1098 2028; x_wconf 80' lang='grc' dir='ltr'>δὲ</span> <span class='ocrx_word' id='word_1_150' title='bbox 1117 1978 1430 2045; x_wconf 81' lang='grc' dir='ltr'>Κεφαλληνίαν</span> <span class='ocrx_word' id='word_1_151' title='bbox 1454 1977 1559 2037; x_wconf 80' lang='grc' dir='ltr'>δ’λην</span> 
     </span>
     <span class='ocr_line' id='line_1_23' title="bbox 270 2051 1560 2124; baseline -0.006 -16"><span class='ocrx_word' id='word_1_152' title='bbox 270 2060 570 2124; x_wconf 79' lang='grc' dir='ltr'>Κεφαλλῆνες·</span> <span class='ocrx_word' id='word_1_153' title='bbox 594 2056 667 2104; x_wconf 85' lang='grc' dir='ltr'>καὶ</span> <span class='ocrx_word' id='word_1_154' title='bbox 687 2058 724 2104; x_wconf 78' lang='grc' dir='ltr'>οἳ</span> <span class='ocrx_word' id='word_1_155' title='bbox 750 2055 827 2119; x_wconf 84' lang='grc' dir='ltr'>μὲν</span> <span class='ocrx_word' id='word_1_156' title='bbox 848 2054 931 2102; x_wconf 74' lang='grc' dir='ltr'>ὕπὸ</span> <span class='ocrx_word' id='word_1_157' title='bbox 951 2053 1186 2117; x_wconf 83' lang='grc' dir='ltr'>Ὀδυσσεῖ,</span> <span class='ocrx_word' id='word_1_158' title='bbox 1222 2055 1261 2101; x_wconf 76' lang='grc' dir='ltr'>οἳ</span> <span class='ocrx_word' id='word_1_159' title='bbox 1287 2053 1324 2100; x_wconf 87' lang='grc' dir='ltr'>δ’</span> <span class='ocrx_word' id='word_1_160' title='bbox 1352 2054 1434 2100; x_wconf 79' lang='grc' dir='ltr'>ὑπὸ</span> <span class='ocrx_word' id='word_1_161' title='bbox 1460 2051 1560 2101; x_wconf 92' lang='grc' dir='ltr'>Μέ-</span> 
     </span>
     <span class='ocr_line' id='line_1_24' title="bbox 268 2125 1557 2196; baseline -0.005 -18"><span class='ocrx_word' id='word_1_162' title='bbox 268 2151 385 2196; x_wconf 90' lang='grc' dir='ltr'>γητι.</span> <span class='ocrx_word' id='word_1_163' title='bbox 416 2132 471 2180; x_wconf 83' lang='grc' dir='ltr'>Οἱ</span> <span class='ocrx_word' id='word_1_164' title='bbox 495 2128 539 2177; x_wconf 77' lang='grc' dir='ltr'>δὲ</span> <span class='ocrx_word' id='word_1_165' title='bbox 574 2128 736 2183; x_wconf 79' lang='grc' dir='ltr'>Παλεῖς</span> <span class='ocrx_word' id='word_1_166' title='bbox 755 2127 982 2193; x_wconf 79' lang='grc' dir='ltr'>Δουλίχιον</span> <span class='ocrx_word' id='word_1_167' title='bbox 1018 2125 1087 2193; x_wconf 78' lang='grc' dir='ltr'>ὑφ’</span> <span class='ocrx_word' id='word_1_168' title='bbox 1109 2125 1310 2192; x_wconf 80' lang='grc' dir='ltr'>Ὁμήρου</span> <span class='ocrx_word' id='word_1_169' title='bbox 1333 2125 1557 2189; x_wconf 87' lang='grc' dir='ltr'>λέγονται,</span> 
     </span>
     <span class='ocr_line' id='line_1_25' title="bbox 269 2200 790 2270; baseline -0.004 -18"><span class='ocrx_word' id='word_1_170' title='bbox 269 2209 324 2260; x_wconf 82' lang='grc' dir='ltr'>ὡς</span> <span class='ocrx_word' id='word_1_171' title='bbox 346 2203 498 2270; x_wconf 86' lang='grc' dir='ltr'>γράφει</span> <span class='ocrx_word' id='word_1_172' title='bbox 523 2200 790 2268; x_wconf 76' lang='grc' dir='ltr'>Φερεκύδης.</span> 
     </span>
    </p>

    <p class='ocr_par' dir='ltr' id='par_1_9' title="bbox 270 2307 934 2348">
     <span class='ocr_line' id='line_1_26' title="bbox 270 2307 934 2348; baseline -0.008 -34"><span class='ocrx_word' id='word_1_173' title='bbox 270 2307 277 2314; x_wconf 90' lang='grc'><strong><em>,</em></strong></span> <span class='ocrx_word' id='word_1_174' title='bbox 890 2307 934 2348; x_wconf 53' lang='lat'>7·</span> 
     </span>
    </p>

    <p class='ocr_par' dir='ltr' id='par_1_10' title="bbox 270 2375 1557 2518">
     <span class='ocr_line' id='line_1_27' title="bbox 332 2375 1556 2439; baseline -0.006 -10"><span class='ocrx_word' id='word_1_175' title='bbox 332 2382 483 2429; x_wconf 88' lang='lat' dir='ltr'>Schol.</span> <span class='ocrx_word' id='word_1_176' title='bbox 498 2381 711 2427; x_wconf 81' lang='lat' dir='ltr'>AmbrOS.</span> <span class='ocrx_word' id='word_1_177' title='bbox 727 2379 787 2424; x_wconf 85' lang='lat' dir='ltr'>ad</span> <span class='ocrx_word' id='word_1_178' title='bbox 798 2378 960 2439; x_wconf 84' lang='lat' dir='ltr'>Odyss.</span> <span class='ocrx_word' id='word_1_179' title='bbox 986 2378 1037 2435; x_wconf 89' lang='grc' dir='ltr'>Δ,</span> <span class='ocrx_word' id='word_1_180' title='bbox 1055 2392 1146 2439; x_wconf 91' lang='lat'>797</span> <span class='ocrx_word' id='word_1_181' title='bbox 1166 2376 1237 2439; x_wconf 86' lang='lat' dir='ltr'>(p.</span> <span class='ocrx_word' id='word_1_182' title='bbox 1260 2392 1350 2434; x_wconf 88' lang='lat'>170</span> <span class='ocrx_word' id='word_1_183' title='bbox 1366 2375 1556 2438; x_wconf 82' lang='lat' dir='ltr'>Buttm.)</span> 
     </span>
     <span class='ocr_line' id='line_1_28' title="bbox 270 2449 1557 2518; baseline -0.005 -18"><span class='ocrx_word' id='word_1_184' title='bbox 270 2456 326 2501; x_wconf 85' lang='lat' dir='ltr'>ad</span> <span class='ocrx_word' id='word_1_185' title='bbox 347 2454 489 2500; x_wconf 82' lang='lat' dir='ltr'>verba</span> <span class='ocrx_word' id='word_1_186' title='bbox 510 2451 660 2518; x_wconf 75' lang='grc' dir='ltr'>ἰφθίμῃ</span> <span class='ocrx_word' id='word_1_187' title='bbox 693 2449 824 2517; x_wconf 81' lang='grc' dir='ltr'>κούρῃ</span> <span class='ocrx_word' id='word_1_188' title='bbox 850 2451 944 2497; x_wconf 92' lang='grc' dir='ltr'>κτλ.</span> <span class='ocrx_word' id='word_1_189' title='bbox 962 2485 975 2508; x_wconf 94' lang='grc'>,</span> <span class='ocrx_word' id='word_1_190' title='bbox 999 2451 1058 2496; x_wconf 89' lang='lat' dir='ltr'>de</span> <span class='ocrx_word' id='word_1_191' title='bbox 1083 2466 1247 2496; x_wconf 83' lang='lat' dir='ltr'>sorore</span> <span class='ocrx_word' id='word_1_192' title='bbox 1271 2451 1557 2510; x_wconf 86' lang='lat' dir='ltr'>Penelopes,</span> 
     </span>
    </p>
   </div>
   <div class='ocr_carea' id='block_1_7' title="bbox 270 2510 2963 2631">
    <p class='ocr_par' dir='ltr' id='par_1_11' title="bbox 270 2497 2963 2631">
     <span class='ocr_line' id='line_1_29' title="bbox 270 2510 2963 2588; baseline -0.002 -17"><span class='ocrx_word' id='word_1_193' title='bbox 270 2528 350 2572; x_wconf 92' lang='lat' dir='ltr'>ubi</span> <span class='ocrx_word' id='word_1_194' title='bbox 371 2526 585 2571; x_wconf 86' lang='lat' dir='ltr'>nonnulli</span> <span class='ocrx_word' id='word_1_195' title='bbox 607 2521 781 2588; x_wconf 87' lang='grc' dir='ltr'>Ἰφθίμῃ</span> <span class='ocrx_word' id='word_1_196' title='bbox 813 2539 988 2569; x_wconf 85' lang='lat' dir='ltr'>nomen</span> <span class='ocrx_word' id='word_1_197' title='bbox 1017 2524 1267 2584; x_wconf 86' lang='lat' dir='ltr'>proprium</span> <span class='ocrx_word' id='word_1_198' title='bbox 1299 2537 1393 2568; x_wconf 86' lang='lat' dir='ltr'>esse</span> <span class='ocrx_word' id='word_1_199' title='bbox 1419 2531 1557 2582; x_wconf 88' lang='lat' dir='ltr'>puta·</span> <span class='ocrx_word' id='word_1_200' title='bbox 1637 2518 1737 2584; x_wconf 84' lang='grc' dir='ltr'>περὶ</span> <span class='ocrx_word' id='word_1_201' title='bbox 1762 2517 1943 2584; x_wconf 81' lang='grc' dir='ltr'>Κύθηρα</span> <span class='ocrx_word' id='word_1_202' title='bbox 1969 2510 2078 2566; x_wconf 69' lang='grc' dir='ltr'>εἶναι</span> <span class='ocrx_word' id='word_1_203' title='bbox 2092 2555 2105 2576; x_wconf 89' lang='grc'>,</span> <span class='ocrx_word' id='word_1_204' title='bbox 2125 2517 2256 2578; x_wconf 80' lang='grc' dir='ltr'>ὅπου,</span> <span class='ocrx_word' id='word_1_205' title='bbox 2277 2516 2432 2585; x_wconf 81' lang='grc' dir='ltr'>φασὶν,</span> <span class='ocrx_word' id='word_1_206' title='bbox 2454 2520 2484 2576; x_wconf 89' lang='grc' dir='ltr'>ἡ</span> <span class='ocrx_word' id='word_1_207' title='bbox 2505 2519 2582 2564; x_wconf 78' lang='grc' dir='ltr'>τοῦ</span> <span class='ocrx_word' id='word_1_208' title='bbox 2601 2513 2800 2565; x_wconf 81' lang='grc' dir='ltr'>Θυέστου</span> <span class='ocrx_word' id='word_1_209' title='bbox 2815 2512 2963 2583; x_wconf 53' lang='lat' dir='ltr'>olm,</span> 
     </span>
     <span class='ocr_line' id='line_1_30' title="bbox 2836 2583 2963 2631; baseline 0.016 -41"><span class='ocrx_word' id='word_1_210' title='bbox 2836 2602 2840 2606; x_wconf 27' lang='grc' dir='ltr'>ι</span> <span class='ocrx_word' id='word_1_211' title='bbox 2895 2606 2897 2608; x_wconf 11' lang='lat'>³</span> <span class='ocrx_word' id='word_1_212' title='bbox 2937 2583 2963 2631; x_wconf 25' lang='lat' dir='ltr'>i.</span> 
     </span>
    </p>
   </div>
   <div class='ocr_carea' id='block_1_8' title="bbox 273 2661 1564 3156">
    <p class='ocr_par' dir='ltr' id='par_1_12' title="bbox 273 2661 1564 3156">
     <span class='ocr_line' id='line_1_31' title="bbox 273 2661 1560 2712; baseline -0.004 -9"><span class='ocrx_word' id='word_1_213' title='bbox 273 2667 395 2703; x_wconf 70' lang='lat' dir='ltr'>Doroe</span> <span class='ocrx_word' id='word_1_214' title='bbox 414 2666 602 2702; x_wconf 86' lang='lat' dir='ltr'>Parnasso</span> <span class='ocrx_word' id='word_1_215' title='bbox 629 2662 750 2702; x_wconf 81' lang='lat' dir='ltr'>vicini</span> <span class='ocrx_word' id='word_1_216' title='bbox 770 2661 937 2712; x_wconf 81' lang='lat' dir='ltr'>profecti</span> <span class='ocrx_word' id='word_1_217' title='bbox 958 2662 1074 2710; x_wconf 85' lang='lat' dir='ltr'>sunt,</span> <span class='ocrx_word' id='word_1_218' title='bbox 1103 2662 1144 2701; x_wconf 88' lang='lat' dir='ltr'>et</span> <span class='ocrx_word' id='word_1_219' title='bbox 1173 2661 1439 2702; x_wconf 85' lang='lat' dir='ltr'>condiderunt</span> <span class='ocrx_word' id='word_1_220' title='bbox 1475 2661 1560 2701; x_wconf 84' lang='lat' dir='ltr'>Eri-</span> 
     </span>
     <span class='ocr_line' id='line_1_32' title="bbox 274 2726 1560 2780; baseline -0.001 -12"><span class='ocrx_word' id='word_1_221' title='bbox 274 2739 392 2768; x_wconf 90' lang='lat' dir='ltr'>neum</span> <span class='ocrx_word' id='word_1_222' title='bbox 406 2758 417 2777; x_wconf 93' lang='lat'>‚</span> <span class='ocrx_word' id='word_1_223' title='bbox 442 2731 577 2768; x_wconf 85' lang='lat' dir='ltr'>Boeum</span> <span class='ocrx_word' id='word_1_224' title='bbox 602 2737 649 2766; x_wconf 88' lang='lat' dir='ltr'>ac</span> <span class='ocrx_word' id='word_1_225' title='bbox 663 2727 867 2777; x_wconf 86' lang='lat' dir='ltr'>Cytinium</span> <span class='ocrx_word' id='word_1_226' title='bbox 883 2756 894 2776; x_wconf 94' lang='lat'>,</span> <span class='ocrx_word' id='word_1_227' title='bbox 911 2726 1019 2766; x_wconf 91' lang='lat' dir='ltr'>unde</span> <span class='ocrx_word' id='word_1_228' title='bbox 1033 2727 1150 2766; x_wconf 86' lang='lat' dir='ltr'>etiam</span> <span class='ocrx_word' id='word_1_229' title='bbox 1163 2737 1186 2766; x_wconf 89' lang='lat' dir='ltr'>a</span> <span class='ocrx_word' id='word_1_230' title='bbox 1206 2728 1325 2778; x_wconf 85' lang='lat' dir='ltr'>poeta</span> <span class='ocrx_word' id='word_1_231' title='bbox 1339 2728 1560 2780; x_wconf 76' lang='grc' dir='ltr'>Τριχάῖκες,</span> 
     </span>
     <span class='ocr_line' id='line_1_33' title="bbox 276 2792 1562 2844; baseline -0.001 -11"><span class='ocrx_word' id='word_1_232' title='bbox 276 2796 492 2844; x_wconf 62' lang='lat' dir='ltr'>tripartiti</span> <span class='ocrx_word' id='word_1_233' title='bbox 506 2823 517 2843; x_wconf 95' lang='lat'>,</span> <span class='ocrx_word' id='word_1_234' title='bbox 545 2793 747 2832; x_wconf 88' lang='lat' dir='ltr'>dicuntur.</span> <span class='ocrx_word' id='word_1_235' title='bbox 778 2795 866 2834; x_wconf 86' lang='lat' dir='ltr'>Non</span> <span class='ocrx_word' id='word_1_236' title='bbox 888 2792 1109 2832; x_wconf 84' lang='lat' dir='ltr'>admodum</span> <span class='ocrx_word' id='word_1_237' title='bbox 1124 2793 1260 2832; x_wconf 90' lang='lat' dir='ltr'>autem</span> <span class='ocrx_word' id='word_1_238' title='bbox 1280 2793 1478 2834; x_wconf 79' lang='lat' dir='ltr'>Andronis</span> <span class='ocrx_word' id='word_1_239' title='bbox 1496 2794 1562 2833; x_wconf 92' lang='lat' dir='ltr'>hic</span> 
     </span>
     <span class='ocr_line' id='line_1_34' title="bbox 276 2858 1561 2910; baseline 0.001 -12"><span class='ocrx_word' id='word_1_240' title='bbox 276 2870 404 2898; x_wconf 83' lang='lat' dir='ltr'>sermo</span> <span class='ocrx_word' id='word_1_241' title='bbox 426 2859 626 2908; x_wconf 89' lang='lat' dir='ltr'>probatur,</span> <span class='ocrx_word' id='word_1_242' title='bbox 640 2858 848 2907; x_wconf 85' lang='lat' dir='ltr'>Doridem,</span> <span class='ocrx_word' id='word_1_243' title='bbox 868 2870 961 2910; x_wconf 84' lang='lat' dir='ltr'>quae</span> <span class='ocrx_word' id='word_1_244' title='bbox 980 2858 1147 2898; x_wconf 86' lang='lat' dir='ltr'>urbibus</span> <span class='ocrx_word' id='word_1_245' title='bbox 1161 2859 1355 2909; x_wconf 89' lang='lat' dir='ltr'>quattuor</span> <span class='ocrx_word' id='word_1_246' title='bbox 1374 2861 1561 2909; x_wconf 87' lang='lat' dir='ltr'>constat,</span> 
     </span>
     <span class='ocr_line' id='line_1_35' title="bbox 275 2923 1562 2976; baseline 0.002 -14"><span class='ocrx_word' id='word_1_247' title='bbox 275 2923 405 2963; x_wconf 84' lang='lat' dir='ltr'>tribus</span> <span class='ocrx_word' id='word_1_248' title='bbox 436 2923 598 2963; x_wconf 84' lang='lat' dir='ltr'>urbibus</span> <span class='ocrx_word' id='word_1_249' title='bbox 630 2924 1011 2976; x_wconf 88' lang='lat' dir='ltr'>circumscribentis,</span> <span class='ocrx_word' id='word_1_250' title='bbox 1043 2926 1085 2966; x_wconf 86' lang='lat' dir='ltr'>et</span> <span class='ocrx_word' id='word_1_251' title='bbox 1107 2925 1358 2976; x_wconf 83' lang='lat' dir='ltr'>metropolim</span> <span class='ocrx_word' id='word_1_252' title='bbox 1390 2925 1562 2966; x_wconf 88' lang='lat' dir='ltr'>Dorien-</span> 
     </span>
     <span class='ocr_line' id='line_1_36' title="bbox 275 2988 1562 3043; baseline 0.002 -17"><span class='ocrx_word' id='word_1_253' title='bbox 275 2988 377 3027; x_wconf 85' lang='lat' dir='ltr'>sium</span> <span class='ocrx_word' id='word_1_254' title='bbox 396 2988 668 3028; x_wconf 83' lang='lat' dir='ltr'>Thessalorum</span> <span class='ocrx_word' id='word_1_255' title='bbox 688 2989 862 3030; x_wconf 85' lang='lat' dir='ltr'>facientis</span> <span class='ocrx_word' id='word_1_256' title='bbox 889 2991 1108 3041; x_wconf 81' lang='lat' dir='ltr'>coloniam3</span> <span class='ocrx_word' id='word_1_257' title='bbox 1130 2989 1336 3043; x_wconf 82' lang='grc' dir='ltr'>τριχάῑκας</span> <span class='ocrx_word' id='word_1_258' title='bbox 1356 2992 1492 3031; x_wconf 90' lang='lat' dir='ltr'>autem</span> <span class='ocrx_word' id='word_1_259' title='bbox 1506 2990 1562 3029; x_wconf 91' lang='lat' dir='ltr'>in-</span> 
     </span>
     <span class='ocr_line' id='line_1_37' title="bbox 276 3052 1564 3108; baseline 0.002 -16"><span class='ocrx_word' id='word_1_260' title='bbox 276 3052 458 3105; x_wconf 84' lang='lat' dir='ltr'>telligunt</span> <span class='ocrx_word' id='word_1_261' title='bbox 488 3053 550 3092; x_wconf 91' lang='lat' dir='ltr'>vel</span> <span class='ocrx_word' id='word_1_262' title='bbox 577 3063 600 3092; x_wconf 91' lang='lat' dir='ltr'>a</span> <span class='ocrx_word' id='word_1_263' title='bbox 631 3053 784 3104; x_wconf 83' lang='lat' dir='ltr'>triplice</span> <span class='ocrx_word' id='word_1_264' title='bbox 818 3056 962 3107; x_wconf 89' lang='lat' dir='ltr'>crista,</span> <span class='ocrx_word' id='word_1_265' title='bbox 993 3057 1057 3097; x_wconf 91' lang='lat' dir='ltr'>vel</span> <span class='ocrx_word' id='word_1_266' title='bbox 1085 3056 1195 3108; x_wconf 90' lang='lat' dir='ltr'>quod</span> <span class='ocrx_word' id='word_1_267' title='bbox 1222 3068 1245 3098; x_wconf 88' lang='lat' dir='ltr'>e</span> <span class='ocrx_word' id='word_1_268' title='bbox 1264 3056 1441 3096; x_wconf 86' lang='lat' dir='ltr'>crinibus</span> <span class='ocrx_word' id='word_1_269' title='bbox 1474 3066 1564 3096; x_wconf 89' lang='lat' dir='ltr'>eam</span> 
     </span>
     <span class='ocr_line' id='line_1_38' title="bbox 278 3116 482 3156; baseline 0.01 -2"><span class='ocrx_word' id='word_1_270' title='bbox 278 3116 482 3156; x_wconf 89' lang='lat' dir='ltr'>haberent.</span> 
     </span>
    </p>
   </div>
   <div class='ocr_carea' id='block_1_9' title="bbox 897 3190 938 3230">
    <p class='ocr_par' dir='ltr' id='par_1_13' title="bbox 897 3190 938 3230">
     <span class='ocr_line' id='line_1_39' title="bbox 897 3190 938 3230; baseline -0.024 0"><span class='ocrx_word' id='word_1_271' title='bbox 897 3190 938 3230; x_wconf 91' lang='lat'>5.</span> 
     </span>
    </p>
   </div>
   <div class='ocr_carea' id='block_1_10' title="bbox 280 3265 1564 3510">
    <p class='ocr_par' dir='ltr' id='par_1_14' title="bbox 280 3265 1564 3440">
     <span class='ocr_line' id='line_1_40' title="bbox 332 3265 1560 3322; baseline 0.007 -18"><span class='ocrx_word' id='word_1_272' title='bbox 332 3265 434 3304; x_wconf 72' lang='lat' dir='ltr'>Selli</span> <span class='ocrx_word' id='word_1_273' title='bbox 453 3266 590 3306; x_wconf 77' lang='lat' dir='ltr'>illotos</span> <span class='ocrx_word' id='word_1_274' title='bbox 609 3266 733 3317; x_wconf 82' lang='lat' dir='ltr'>pedes</span> <span class='ocrx_word' id='word_1_275' title='bbox 749 3269 973 3322; x_wconf 77' lang='lat' dir='ltr'>habentes]</span> <span class='ocrx_word' id='word_1_276' title='bbox 987 3271 1148 3313; x_wconf 84' lang='lat' dir='ltr'>Andron</span> <span class='ocrx_word' id='word_1_277' title='bbox 1171 3273 1211 3313; x_wconf 90' lang='lat' dir='ltr'>in</span> <span class='ocrx_word' id='word_1_278' title='bbox 1225 3272 1410 3314; x_wconf 90' lang='lat' dir='ltr'>Historiis</span> <span class='ocrx_word' id='word_1_279' title='bbox 1425 3282 1492 3313; x_wconf 88' lang='lat' dir='ltr'>eos</span> <span class='ocrx_word' id='word_1_280' title='bbox 1504 3273 1560 3313; x_wconf 91' lang='lat' dir='ltr'>sic</span> 
     </span>
     <span class='ocr_line' id='line_1_41' title="bbox 280 3331 1564 3390; baseline 0.007 -21"><span class='ocrx_word' id='word_1_281' title='bbox 280 3331 441 3370; x_wconf 78' lang='lat' dir='ltr'>vocatos</span> <span class='ocrx_word' id='word_1_282' title='bbox 455 3331 510 3370; x_wconf 89' lang='lat' dir='ltr'>ait</span> <span class='ocrx_word' id='word_1_283' title='bbox 524 3334 727 3382; x_wconf 88' lang='lat' dir='ltr'>propterea</span> <span class='ocrx_word' id='word_1_284' title='bbox 743 3334 847 3384; x_wconf 86' lang='lat' dir='ltr'>quod</span> <span class='ocrx_word' id='word_1_285' title='bbox 868 3336 1018 3378; x_wconf 83' lang='lat' dir='ltr'>bellicis</span> <span class='ocrx_word' id='word_1_286' title='bbox 1036 3338 1155 3380; x_wconf 91' lang='lat' dir='ltr'>rebus</span> <span class='ocrx_word' id='word_1_287' title='bbox 1173 3349 1335 3390; x_wconf 83' lang='lat' dir='ltr'>operam</span> <span class='ocrx_word' id='word_1_288' title='bbox 1350 3338 1489 3379; x_wconf 85' lang='lat' dir='ltr'>dantes</span> <span class='ocrx_word' id='word_1_289' title='bbox 1508 3338 1564 3379; x_wconf 90' lang='lat' dir='ltr'>sic</span> 
     </span>
     <span class='ocr_line' id='line_1_42' title="bbox 281 3395 1348 3440; baseline 0.009 -6"><span class='ocrx_word' id='word_1_290' title='bbox 281 3395 401 3435; x_wconf 88' lang='lat' dir='ltr'>duros</span> <span class='ocrx_word' id='word_1_291' title='bbox 421 3406 462 3435; x_wconf 89' lang='lat' dir='ltr'>se</span> <span class='ocrx_word' id='word_1_292' title='bbox 477 3396 631 3436; x_wconf 85' lang='lat' dir='ltr'>efficere</span> <span class='ocrx_word' id='word_1_293' title='bbox 650 3398 870 3440; x_wconf 86' lang='lat' dir='ltr'>studissent.</span> <span class='ocrx_word' id='word_1_294' title='bbox 1340 3415 1348 3420; x_wconf 82' lang='grc'><em>·</em></span> 
     </span>
    </p>

    <p class='ocr_par' dir='ltr' id='par_1_15' title="bbox 913 3470 957 3510">
     <span class='ocr_line' id='line_1_43' title="bbox 913 3470 957 3510; baseline -0.023 0"><span class='ocrx_word' id='word_1_295' title='bbox 913 3470 957 3510; x_wconf 88' lang='grc'>6.</span> 
     </span>
    </p>
   </div>
   <div class='ocr_carea' id='block_1_11' title="bbox 282 3537 1565 3725">
    <p class='ocr_par' dir='ltr' id='par_1_16' title="bbox 282 3537 1565 3725">
     <span class='ocr_line' id='line_1_44' title="bbox 336 3537 1563 3598; baseline 0.01 -22"><span class='ocrx_word' id='word_1_296' title='bbox 336 3537 562 3577; x_wconf 76' lang='lat' dir='ltr'>Hellanicus</span> <span class='ocrx_word' id='word_1_297' title='bbox 576 3549 735 3589; x_wconf 84' lang='lat' dir='ltr'>quoque</span> <span class='ocrx_word' id='word_1_298' title='bbox 752 3541 1067 3584; x_wconf 89' lang='lat' dir='ltr'>Homericusnon</span> <span class='ocrx_word' id='word_1_299' title='bbox 1081 3546 1138 3586; x_wconf 90' lang='lat' dir='ltr'>est</span> <span class='ocrx_word' id='word_1_300' title='bbox 1150 3544 1380 3586; x_wconf 87' lang='lat' dir='ltr'>Dulichium</span> <span class='ocrx_word' id='word_1_301' title='bbox 1396 3548 1563 3598; x_wconf 88' lang='lat' dir='ltr'>Cephal-</span> 
     </span>
     <span class='ocr_line' id='line_1_45' title="bbox 286 3601 1565 3660; baseline 0.009 -19"><span class='ocrx_word' id='word_1_302' title='bbox 286 3601 431 3641; x_wconf 80' lang='lat' dir='ltr'>leniam</span> <span class='ocrx_word' id='word_1_303' title='bbox 461 3601 672 3652; x_wconf 78' lang='lat' dir='ltr'>appellans.</span> <span class='ocrx_word' id='word_1_304' title='bbox 704 3606 802 3643; x_wconf 82' lang='lat' dir='ltr'>Nam</span> <span class='ocrx_word' id='word_1_305' title='bbox 823 3606 1048 3647; x_wconf 85' lang='lat' dir='ltr'>Dulichium</span> <span class='ocrx_word' id='word_1_306' title='bbox 1071 3610 1112 3650; x_wconf 88' lang='lat' dir='ltr'>et</span> <span class='ocrx_word' id='word_1_307' title='bbox 1144 3610 1314 3660; x_wconf 86' lang='lat' dir='ltr'>reliquas</span> <span class='ocrx_word' id='word_1_308' title='bbox 1343 3612 1565 3652; x_wconf 83' lang='lat' dir='ltr'>Echinades</span> 
     </span>
     <span class='ocr_line' id='line_1_46' title="bbox 282 3665 1564 3725; baseline 0.009 -20"><span class='ocrx_word' id='word_1_309' title='bbox 282 3665 423 3715; x_wconf 76' lang='lat' dir='ltr'>Megeti</span> <span class='ocrx_word' id='word_1_310' title='bbox 440 3665 599 3714; x_wconf 85' lang='lat' dir='ltr'>subjicit</span> <span class='ocrx_word' id='word_1_311' title='bbox 615 3668 829 3717; x_wconf 87' lang='lat' dir='ltr'>Homerus,</span> <span class='ocrx_word' id='word_1_312' title='bbox 843 3672 882 3709; x_wconf 92' lang='lat' dir='ltr'>et</span> <span class='ocrx_word' id='word_1_313' title='bbox 898 3670 1043 3711; x_wconf 89' lang='lat' dir='ltr'>incolas</span> <span class='ocrx_word' id='word_1_314' title='bbox 1065 3683 1202 3713; x_wconf 86' lang='lat' dir='ltr'>carum</span> <span class='ocrx_word' id='word_1_315' title='bbox 1224 3677 1351 3725; x_wconf 84' lang='lat' dir='ltr'>Epeos</span> <span class='ocrx_word' id='word_1_316' title='bbox 1380 3686 1431 3715; x_wconf 85' lang='lat' dir='ltr'>ex</span> <span class='ocrx_word' id='word_1_317' title='bbox 1453 3676 1564 3716; x_wconf 88' lang='lat' dir='ltr'>Elide</span> 
     </span>
    </p>
   </div>
   <div class='ocr_carea' id='block_1_12' title="bbox 281 3729 1561 3849">
    <p class='ocr_par' dir='ltr' id='par_1_17' title="bbox 281 3729 1561 3849">
     <span class='ocr_line' id='line_1_47' title="bbox 281 3729 1561 3792; baseline 0.012 -26"><span class='ocrx_word' id='word_1_318' title='bbox 281 3729 501 3779; x_wconf 79' lang='lat' dir='ltr'>profectos,</span> <span class='ocrx_word' id='word_1_319' title='bbox 521 3729 628 3768; x_wconf 91' lang='lat' dir='ltr'>unde</span> <span class='ocrx_word' id='word_1_320' title='bbox 660 3731 778 3770; x_wconf 85' lang='lat' dir='ltr'>etiam</span> <span class='ocrx_word' id='word_1_321' title='bbox 799 3734 919 3772; x_wconf 77' lang='lat' dir='ltr'>otum</span> <span class='ocrx_word' id='word_1_322' title='bbox 951 3736 1197 3787; x_wconf 87' lang='lat' dir='ltr'>Cyllenium,</span> <span class='ocrx_word' id='word_1_323' title='bbox 1219 3739 1357 3789; x_wconf 84' lang='lat' dir='ltr'>Phylei</span> <span class='ocrx_word' id='word_1_324' title='bbox 1383 3741 1561 3792; x_wconf 87' lang='lat' dir='ltr'>socium,</span> 
     </span>
     <span class='ocr_line' id='line_1_48' title="bbox 283 3791 1211 3849; baseline 0.01 -19"><span class='ocrx_word' id='word_1_325' title='bbox 283 3791 624 3841; x_wconf 81' lang='lat' dir='ltr'>magnanimorum</span> <span class='ocrx_word' id='word_1_326' title='bbox 644 3791 787 3832; x_wconf 83' lang='lat' dir='ltr'>ducem</span> <span class='ocrx_word' id='word_1_327' title='bbox 803 3796 997 3844; x_wconf 85' lang='lat' dir='ltr'>Epeorum</span> <span class='ocrx_word' id='word_1_328' title='bbox 1013 3798 1211 3849; x_wconf 88' lang='lat' dir='ltr'>nominat;</span> 
     </span>
    </p>
   </div>
   <div class='ocr_carea' id='block_1_13' title="bbox 370 3875 1302 3927">
    <p class='ocr_par' dir='ltr' id='par_1_18' title="bbox 370 3875 1302 3927">
     <span class='ocr_line' id='line_1_49' title="bbox 370 3875 1302 3927; baseline 0.011 -17"><span class='ocrx_word' id='word_1_329' title='bbox 370 3878 506 3911; x_wconf 84' lang='lat' dir='ltr'>verum</span> <span class='ocrx_word' id='word_1_330' title='bbox 518 3875 663 3919; x_wconf 81' lang='lat' dir='ltr'>Ulysses</span> <span class='ocrx_word' id='word_1_331' title='bbox 673 3876 776 3913; x_wconf 81' lang='lat' dir='ltr'>duxit</span> <span class='ocrx_word' id='word_1_332' title='bbox 791 3878 1023 3924; x_wconf 80' lang='lat' dir='ltr'>Cephallenes</span> <span class='ocrx_word' id='word_1_333' title='bbox 1039 3883 1302 3927; x_wconf 81' lang='lat' dir='ltr'>magnanimos.</span> 
     </span>
    </p>
   </div>
   <div class='ocr_carea' id='block_1_14' title="bbox 282 3957 1564 4151">
    <p class='ocr_par' dir='ltr' id='par_1_19' title="bbox 282 3957 1564 4151">
     <span class='ocr_line' id='line_1_50' title="bbox 283 3957 1564 4021; baseline 0.015 -28"><span class='ocrx_word' id='word_1_334' title='bbox 283 3958 386 4005; x_wconf 78' lang='lat' dir='ltr'>Ergo</span> <span class='ocrx_word' id='word_1_335' title='bbox 401 3966 530 4006; x_wconf 85' lang='lat' dir='ltr'>neque</span> <span class='ocrx_word' id='word_1_336' title='bbox 551 3957 779 3998; x_wconf 88' lang='lat' dir='ltr'>Dulichium</span> <span class='ocrx_word' id='word_1_337' title='bbox 800 3960 859 3999; x_wconf 83' lang='lat' dir='ltr'>est</span> <span class='ocrx_word' id='word_1_338' title='bbox 888 3961 1139 4011; x_wconf 85' lang='lat' dir='ltr'>Cephallenia</span> <span class='ocrx_word' id='word_1_339' title='bbox 1164 3969 1350 4016; x_wconf 83' lang='lat' dir='ltr'>Homeri,</span> <span class='ocrx_word' id='word_1_340' title='bbox 1370 3981 1499 4021; x_wconf 88' lang='lat' dir='ltr'>neque</span> <span class='ocrx_word' id='word_1_341' title='bbox 1513 3971 1564 4012; x_wconf 84' lang='lat' dir='ltr'>ad</span> 
     </span>
     <span class='ocr_line' id='line_1_51' title="bbox 282 4019 1563 4084; baseline 0.014 -27"><span class='ocrx_word' id='word_1_342' title='bbox 282 4019 573 4068; x_wconf 84' lang='lat' dir='ltr'>Cephalleniam</span> <span class='ocrx_word' id='word_1_343' title='bbox 591 4022 775 4073; x_wconf 79' lang='lat' dir='ltr'>pertinet,</span> <span class='ocrx_word' id='word_1_344' title='bbox 791 4024 897 4074; x_wconf 90' lang='lat' dir='ltr'>quod</span> <span class='ocrx_word' id='word_1_345' title='bbox 913 4026 1071 4066; x_wconf 86' lang='lat' dir='ltr'>Andron</span> <span class='ocrx_word' id='word_1_346' title='bbox 1093 4030 1246 4082; x_wconf 85' lang='lat' dir='ltr'>scripsit</span> <span class='ocrx_word' id='word_1_347' title='bbox 1267 4045 1419 4084; x_wconf 84' lang='lat' dir='ltr'>:quum</span> <span class='ocrx_word' id='word_1_348' title='bbox 1449 4036 1563 4077; x_wconf 90' lang='lat' dir='ltr'>Duli-</span> 
     </span>
     <span class='ocr_line' id='line_1_52' title="bbox 284 4082 1564 4151; baseline 0.018 -32"><span class='ocrx_word' id='word_1_349' title='bbox 284 4082 416 4121; x_wconf 86' lang='lat' dir='ltr'>chium</span> <span class='ocrx_word' id='word_1_350' title='bbox 436 4084 529 4134; x_wconf 87' lang='lat' dir='ltr'>Epei</span> <span class='ocrx_word' id='word_1_351' title='bbox 549 4084 814 4138; x_wconf 83' lang='lat' dir='ltr'>obtinuerint,</span> <span class='ocrx_word' id='word_1_352' title='bbox 835 4089 960 4128; x_wconf 88' lang='lat' dir='ltr'>totam</span> <span class='ocrx_word' id='word_1_353' title='bbox 977 4091 1267 4142; x_wconf 84' lang='lat' dir='ltr'>Cephalleniam</span> <span class='ocrx_word' id='word_1_354' title='bbox 1291 4099 1564 4151; x_wconf 81' lang='lat' dir='ltr'>CephalleneS,</span> 
     </span>
    </p>
   </div>
   <div class='ocr_carea' id='block_1_15' title="bbox 286 4144 1565 4267">
    <p class='ocr_par' dir='ltr' id='par_1_20' title="bbox 286 4144 1565 4267">
     <span class='ocr_line' id='line_1_53' title="bbox 286 4144 1565 4205; baseline 0.019 -23"><span class='ocrx_word' id='word_1_355' title='bbox 286 4144 404 4195; x_wconf 81' lang='lat' dir='ltr'>hique</span> <span class='ocrx_word' id='word_1_356' title='bbox 421 4147 545 4196; x_wconf 74' lang='lat' dir='ltr'>Ulyssi</span> <span class='ocrx_word' id='word_1_357' title='bbox 567 4151 806 4200; x_wconf 88' lang='lat' dir='ltr'>paruerunt,</span> <span class='ocrx_word' id='word_1_358' title='bbox 835 4151 890 4191; x_wconf 88' lang='lat' dir='ltr'>illi</span> <span class='ocrx_word' id='word_1_359' title='bbox 918 4154 1060 4204; x_wconf 87' lang='lat' dir='ltr'>Megeti</span> <span class='ocrx_word' id='word_1_360' title='bbox 1086 4157 1223 4198; x_wconf 85' lang='lat' dir='ltr'>:Pales</span> <span class='ocrx_word' id='word_1_361' title='bbox 1250 4162 1385 4202; x_wconf 88' lang='lat' dir='ltr'>autem</span> <span class='ocrx_word' id='word_1_362' title='bbox 1405 4163 1454 4203; x_wconf 87' lang='lat' dir='ltr'>ab</span> <span class='ocrx_word' id='word_1_363' title='bbox 1488 4167 1565 4205; x_wconf 81' lang='lat' dir='ltr'>llo-</span> 
     </span>
     <span class='ocr_line' id='line_1_54' title="bbox 287 4210 1232 4267; baseline 0.015 -20"><span class='ocrx_word' id='word_1_364' title='bbox 287 4219 394 4248; x_wconf 85' lang='lat' dir='ltr'>1n‹·r0</span> <span class='ocrx_word' id='word_1_365' title='bbox 409 4210 483 4249; x_wconf 81' lang='lat' dir='ltr'>dici</span> <span class='ocrx_word' id='word_1_366' title='bbox 511 4212 758 4265; x_wconf 82' lang='lat' dir='ltr'>Dulichium,</span> <span class='ocrx_word' id='word_1_367' title='bbox 781 4215 1021 4267; x_wconf 70' lang='lat' dir='ltr'>Pherecydes</span> <span class='ocrx_word' id='word_1_368' title='bbox 1040 4220 1232 4261; x_wconf 71' lang='lat' dir='ltr'>autumat.</span> 
     </span>
    </p>
   </div>
   <div class='ocr_carea' id='block_1_16' title="bbox 1098 242 2066 298">
    <p class='ocr_par' dir='ltr' id='par_1_21' title="bbox 1098 242 2066 298">
     <span class='ocr_line' id='line_1_55' title="bbox 1098 242 2066 298; baseline -0.006 0"><span class='ocrx_word' id='word_1_369' title='bbox 1098 247 1420 298; x_wconf 82' lang='lat' dir='ltr'>ANDRONIS</span> <span class='ocrx_word' id='word_1_370' title='bbox 1456 242 2066 295; x_wconf 83' lang='lat' dir='ltr'>HALICARNASSENSIS</span> 
     </span>
    </p>
   </div>
   <div class='ocr_carea' id='block_1_17' title="bbox 201 347 3008 433">
    <p class='ocr_par' dir='ltr' id='par_1_22' title="bbox 201 327 3008 433">
     <span class='ocr_line' id='line_1_56' title="bbox 201 347 3008 433; baseline -0.008 -20"><span class='ocrx_word' id='word_1_371' title='bbox 201 431 203 433; x_wconf 13' lang='grc' dir='ltr'><strong><em>ι</em></strong></span> <span class='ocrx_word' id='word_1_372' title='bbox 274 383 437 428; x_wconf 87' lang='grc' dir='ltr'>γονται.</span> <span class='ocrx_word' id='word_1_373' title='bbox 465 369 532 412; x_wconf 78' lang='grc' dir='ltr'>Οὐ</span> <span class='ocrx_word' id='word_1_374' title='bbox 557 363 670 408; x_wconf 81' lang='grc' dir='ltr'>πάνυ</span> <span class='ocrx_word' id='word_1_375' title='bbox 693 364 738 407; x_wconf 78' lang='grc' dir='ltr'>δὲ</span> <span class='ocrx_word' id='word_1_376' title='bbox 761 364 834 408; x_wconf 75' lang='grc' dir='ltr'>τὸν</span> <span class='ocrx_word' id='word_1_377' title='bbox 867 362 942 407; x_wconf 79' lang='grc' dir='ltr'>τοῦ</span> <span class='ocrx_word' id='word_1_378' title='bbox 974 357 1208 422; x_wconf 86' lang='grc' dir='ltr'>Ἄνδρωνος</span> <span class='ocrx_word' id='word_1_379' title='bbox 1241 356 1367 420; x_wconf 89' lang='grc' dir='ltr'>λόγον</span> <span class='ocrx_word' id='word_1_380' title='bbox 1402 355 1556 403; x_wconf 87' lang='grc' dir='ltr'>ἀποδέ-</span> <span class='ocrx_word' id='word_1_381' title='bbox 1635 364 1746 409; x_wconf 69' lang='lat' dir='ltr'>runt</span> <span class='ocrx_word' id='word_1_382' title='bbox 1772 371 1784 399; x_wconf 70' lang='grc' dir='ltr'>ι</span> <span class='ocrx_word' id='word_1_383' title='bbox 1807 351 1951 406; x_wconf 88' lang='grc' dir='ltr'>Ἄσιος</span> <span class='ocrx_word' id='word_1_384' title='bbox 1973 351 2053 414; x_wconf 84' lang='lat' dir='ltr'>(fr.</span> <span class='ocrx_word' id='word_1_385' title='bbox 2092 350 2150 412; x_wconf 76' lang='grc'>4)</span> <span class='ocrx_word' id='word_1_386' title='bbox 2173 347 2219 396; x_wconf 92' lang='grc' dir='ltr'>δέ</span> <span class='ocrx_word' id='word_1_387' title='bbox 2238 366 2389 414; x_wconf 77' lang='grc' dir='ltr'>φησιν’</span> <span class='ocrx_word' id='word_1_388' title='bbox 2411 355 2445 389; x_wconf 73' lang='grc' dir='ltr'>ἰι</span> <span class='ocrx_word' id='word_1_389' title='bbox 2472 347 2644 414; x_wconf 72' lang='grc' dir='ltr'>Κοῧραί</span> <span class='ocrx_word' id='word_1_390' title='bbox 2668 348 2706 396; x_wconf 87' lang='grc' dir='ltr'>τ’</span> <span class='ocrx_word' id='word_1_391' title='bbox 2726 347 2883 418; x_wconf 69' lang='grc' dir='ltr'>Ἰκαρί</span> <span class='ocrx_word' id='word_1_392' title='bbox 3006 348 3008 372; x_wconf 78' lang='lat'>⁷</span> 
     </span>
    </p>
   </div>
   <div class='ocr_carea' id='block_1_18' title="bbox 2858 522 3012 4628">
    <p class='ocr_par' dir='ltr' id='par_1_23' title="bbox 2858 522 3012 4628">
     <span class='ocr_line' id='line_1_57' title="bbox 2912 522 3012 746; baseline 0 -89"><span class='ocrx_word' id='word_1_393' title='bbox 2912 522 3012 746; x_wconf 95' lang='lat' dir='ltr'>    </span> 
     </span>
     <span class='ocr_line' id='line_1_58' title="bbox 2953 746 3012 930; baseline 0 0"><span class='ocrx_word' id='word_1_394' title='bbox 2953 746 3012 930; x_wconf 95' lang='lat' dir='ltr'>  </span> 
     </span>
     <span class='ocr_line' id='line_1_59' title="bbox 2947 930 3008 1064; baseline 0 -74"><span class='ocrx_word' id='word_1_395' title='bbox 2947 930 3008 1064; x_wconf 95' lang='lat' dir='ltr'>   </span> 
     </span>
     <span class='ocr_line' id='line_1_60' title="bbox 2861 1064 3008 1282; baseline 0 -71"><span class='ocrx_word' id='word_1_396' title='bbox 2861 1064 3008 1282; x_wconf 95' lang='lat' dir='ltr'>    </span> 
     </span>
     <span class='ocr_line' id='line_1_61' title="bbox 2858 1282 3012 1432; baseline 0 -81"><span class='ocrx_word' id='word_1_397' title='bbox 2858 1282 3012 1432; x_wconf 95' lang='lat' dir='ltr'>   </span> 
     </span>
     <span class='ocr_line' id='line_1_62' title="bbox 2948 1432 3012 1574; baseline 0 -1"><span class='ocrx_word' id='word_1_398' title='bbox 2948 1432 3012 1574; x_wconf 95' lang='lat' dir='ltr'>   </span> 
     </span>
     <span class='ocr_line' id='line_1_63' title="bbox 2946 1574 3012 1723; baseline 0 -79"><span class='ocrx_word' id='word_1_399' title='bbox 2946 1574 3012 1723; x_wconf 95' lang='lat' dir='ltr'>  </span> 
     </span>
     <span class='ocr_line' id='line_1_64' title="bbox 2946 1723 3012 1866; baseline 0 -74"><span class='ocrx_word' id='word_1_400' title='bbox 2946 1723 3012 1866; x_wconf 95' lang='lat' dir='ltr'>  </span> 
     </span>
     <span class='ocr_line' id='line_1_65' title="bbox 2946 1866 3012 2127; baseline 0 -116"><span class='ocrx_word' id='word_1_401' title='bbox 2946 1866 3012 2127; x_wconf 95' lang='lat' dir='ltr'>   </span> 
     </span>
     <span class='ocr_line' id='line_1_66' title="bbox 2948 2127 3012 2316; baseline 0 -151"><span class='ocrx_word' id='word_1_402' title='bbox 2948 2127 3012 2316; x_wconf 95' lang='lat' dir='ltr'>   </span> 
     </span>
     <span class='ocr_line' id='line_1_67' title="bbox 2958 2451 3012 2548; baseline 0 -59"><span class='ocrx_word' id='word_1_403' title='bbox 2958 2451 3012 2548; x_wconf 95' lang='lat' dir='ltr'>  </span> 
     </span>
     <span class='ocr_line' id='line_1_68' title="bbox 2950 2548 3012 2691; baseline 0 -55"><span class='ocrx_word' id='word_1_404' title='bbox 2950 2548 3012 2691; x_wconf 95' lang='lat' dir='ltr'>  </span> 
     </span>
     <span class='ocr_line' id='line_1_69' title="bbox 2946 2691 3012 3008; baseline 0 0"><span class='ocrx_word' id='word_1_405' title='bbox 2946 2691 3012 3008; x_wconf 95' lang='lat' dir='ltr'>    </span> 
     </span>
     <span class='ocr_line' id='line_1_70' title="bbox 2944 3015 3012 3216; baseline 0 0"><span class='ocrx_word' id='word_1_406' title='bbox 2944 3015 3012 3216; x_wconf 95' lang='lat' dir='ltr'>  </span> 
     </span>
     <span class='ocr_line' id='line_1_71' title="bbox 2876 3216 3012 3409; baseline 0 0"><span class='ocrx_word' id='word_1_407' title='bbox 2876 3216 3012 3409; x_wconf 95' lang='lat' dir='ltr'>    </span> 
     </span>
     <span class='ocr_line' id='line_1_72' title="bbox 2921 3409 3008 3539; baseline 0 -73"><span class='ocrx_word' id='word_1_408' title='bbox 2921 3409 3008 3539; x_wconf 95' lang='lat' dir='ltr'>    </span> 
     </span>
     <span class='ocr_line' id='line_1_73' title="bbox 2930 3539 3008 3593; baseline 0 1035"><span class='ocrx_word' id='word_1_409' title='bbox 2930 3539 3008 3593; x_wconf 95' lang='lat' dir='ltr'> </span> 
     </span>
     <span class='ocr_line' id='line_1_74' title="bbox 2890 3593 3008 3787; baseline 0 0"><span class='ocrx_word' id='word_1_410' title='bbox 2890 3593 3008 3787; x_wconf 95' lang='lat' dir='ltr'>   </span> 
     </span>
     <span class='ocr_line' id='line_1_75' title="bbox 2865 3787 3008 3918; baseline 0 -124"><span class='ocrx_word' id='word_1_411' title='bbox 2865 3787 3008 3918; x_wconf 95' lang='lat' dir='ltr'>   </span> 
     </span>
     <span class='ocr_line' id='line_1_76' title="bbox 2884 3918 3012 4007; baseline 0 -28"><span class='ocrx_word' id='word_1_412' title='bbox 2884 3918 3012 4007; x_wconf 95' lang='lat' dir='ltr'>  </span> 
     </span>
     <span class='ocr_line' id='line_1_77' title="bbox 2903 4007 3012 4108; baseline 0 520"><span class='ocrx_word' id='word_1_413' title='bbox 2903 4007 3012 4108; x_wconf 95' lang='lat' dir='ltr'> </span> 
     </span>
     <span class='ocr_line' id='line_1_78' title="bbox 2910 4108 3012 4628; baseline 0 0"><span class='ocrx_word' id='word_1_414' title='bbox 2910 4108 3012 4628; x_wconf 95' lang='lat' dir='ltr'>  </span> 
     </span>
    </p>
   </div>
   <div class='ocr_carea' id='block_1_19' title="bbox 1635 419 3009 2116">
    <p class='ocr_par' dir='ltr' id='par_1_24' title="bbox 1635 419 3009 2116">
     <span class='ocr_line' id='line_1_79' title="bbox 1638 419 3000 488; baseline -0.006 -16"><span class='ocrx_word' id='word_1_415' title='bbox 1638 423 1761 483; x_wconf 91' lang='grc' dir='ltr'>Μέδη</span> <span class='ocrx_word' id='word_1_416' title='bbox 1782 423 1856 471; x_wconf 75' lang='grc' dir='ltr'>καὶ</span> <span class='ocrx_word' id='word_1_417' title='bbox 1877 420 2172 480; x_wconf 84' lang='grc' dir='ltr'>Πηνελόπεια.</span> <span class='ocrx_word' id='word_1_418' title='bbox 2196 419 2422 487; x_wconf 81' lang='grc' dir='ltr'>»Ἄνδρων</span> <span class='ocrx_word' id='word_1_419' title='bbox 2445 419 2490 468; x_wconf 82' lang='grc' dir='ltr'>δὲ</span> <span class='ocrx_word' id='word_1_420' title='bbox 2509 419 2741 481; x_wconf 66' lang='grc' dir='ltr'>Ὀηπύλην</span> <span class='ocrx_word' id='word_1_421' title='bbox 2757 423 2889 488; x_wconf 62' lang='grc' dir='ltr'>λέγειὅ</span> <span class='ocrx_word' id='word_1_422' title='bbox 2922 450 2934 483; x_wconf 51' lang='lat'>5*</span> <span class='ocrx_word' id='word_1_423' title='bbox 2951 430 2954 432; x_wconf 75' lang='grc'>’</span> <span class='ocrx_word' id='word_1_424' title='bbox 2998 466 3000 469; x_wconf 71' lang='grc'>,</span> 
     </span>
     <span class='ocr_line' id='line_1_80' title="bbox 1702 493 3009 559; baseline -0.004 -15"><span class='ocrx_word' id='word_1_425' title='bbox 1702 499 1895 558; x_wconf 72' lang='lat' dir='ltr'>Cor-rige</span> <span class='ocrx_word' id='word_1_426' title='bbox 1920 493 2171 559; x_wconf 81' lang='grc' dir='ltr'>Ὑψιπύλην</span> <span class='ocrx_word' id='word_1_427' title='bbox 2193 509 2251 540; x_wconf 87' lang='lat' dir='ltr'>ex</span> <span class='ocrx_word' id='word_1_428' title='bbox 2273 495 2422 540; x_wconf 87' lang='lat' dir='ltr'>schol.</span> <span class='ocrx_word' id='word_1_429' title='bbox 2448 496 2548 540; x_wconf 91' lang='lat' dir='ltr'>Pal.</span> <span class='ocrx_word' id='word_1_430' title='bbox 2576 502 2824 556; x_wconf 79' lang='lat' dir='ltr'>sequente,</span> <span class='ocrx_word' id='word_1_431' title='bbox 2849 497 2947 553; x_wconf 43' lang='lat' dir='ltr'>ubi*</span> <span class='ocrx_word' id='word_1_432' title='bbox 2998 524 3009 553; x_wconf 58' lang='lat'>3</span> 
     </span>
     <span class='ocr_line' id='line_1_81' title="bbox 1635 560 3002 626; baseline -0.007 -10"><span class='ocrx_word' id='word_1_433' title='bbox 1635 571 1773 616; x_wconf 87' lang='lat' dir='ltr'>Icarii</span> <span class='ocrx_word' id='word_1_434' title='bbox 1807 568 1913 614; x_wconf 81' lang='lat' dir='ltr'>filiae</span> <span class='ocrx_word' id='word_1_435' title='bbox 1943 568 2248 613; x_wconf 80' lang='lat' dir='ltr'>nominantur</span> <span class='ocrx_word' id='word_1_436' title='bbox 2283 564 2523 624; x_wconf 85' lang='grc' dir='ltr'>Πηνελόπη</span> <span class='ocrx_word' id='word_1_437' title='bbox 2547 566 2622 614; x_wconf 82' lang='grc' dir='ltr'>καὶ</span> <span class='ocrx_word' id='word_1_438' title='bbox 2661 565 2800 626; x_wconf 84' lang='grc' dir='ltr'>Μήδη</span> <span class='ocrx_word' id='word_1_439' title='bbox 2998 560 3002 589; x_wconf 78' lang='grc' dir='ltr'><strong><em>Ῑ</em></strong></span> 
     </span>
     <span class='ocr_line' id='line_1_82' title="bbox 1636 610 3003 709; baseline 0.002 -24"><span class='ocrx_word' id='word_1_440' title='bbox 1636 640 1664 698; x_wconf 83' lang='grc' dir='ltr'>ἢ</span> <span class='ocrx_word' id='word_1_441' title='bbox 1690 637 1914 705; x_wconf 76' lang='grc' dir='ltr'>Ὑψιπύλη</span> <span class='ocrx_word' id='word_1_442' title='bbox 1936 636 2185 703; x_wconf 85' lang='grc' dir='ltr'>(Ὀψιπύλη</span> <span class='ocrx_word' id='word_1_443' title='bbox 2202 639 2311 687; x_wconf 86' lang='lat' dir='ltr'>cod.</span> <span class='ocrx_word' id='word_1_444' title='bbox 2330 639 2418 703; x_wconf 89' lang='lat' dir='ltr'>Q.)</span> <span class='ocrx_word' id='word_1_445' title='bbox 2444 635 2472 696; x_wconf 78' lang='grc' dir='ltr'>ἢ</span> <span class='ocrx_word' id='word_1_446' title='bbox 2497 637 2770 709; x_wconf 78' lang='grc' dir='ltr'>Λαοδάμεια.</span> <span class='ocrx_word' id='word_1_447' title='bbox 2941 610 2959 656; x_wconf 37' lang='grc' dir='ltr'>ί</span> <span class='ocrx_word' id='word_1_448' title='bbox 2998 633 3003 646; x_wconf 64' lang='lat'>²</span> 
     </span>
     <span class='ocr_line' id='line_1_83' title="bbox 2260 726 3003 784; baseline -0.003 -13"><span class='ocrx_word' id='word_1_449' title='bbox 2260 726 2307 772; x_wconf 87' lang='grc'>8.</span> <span class='ocrx_word' id='word_1_450' title='bbox 2931 754 2936 762; x_wconf 78' lang='lat'>-</span> <span class='ocrx_word' id='word_1_451' title='bbox 2998 760 3003 784; x_wconf 42' lang='grc' dir='ltr'><em>ξ</em></span> 
     </span>
     <span class='ocr_line' id='line_1_84' title="bbox 1703 805 2957 874; baseline 0.001 -14"><span class='ocrx_word' id='word_1_452' title='bbox 1703 815 1859 860; x_wconf 86' lang='lat' dir='ltr'>Schol.</span> <span class='ocrx_word' id='word_1_453' title='bbox 1883 809 1939 860; x_wconf 82' lang='lat' dir='ltr'>ll.</span> <span class='ocrx_word' id='word_1_454' title='bbox 1962 814 2027 874; x_wconf 85' lang='lat' dir='ltr'>A,</span> <span class='ocrx_word' id='word_1_455' title='bbox 2052 812 2112 859; x_wconf 82' lang='lat'>52</span> <span class='ocrx_word' id='word_1_456' title='bbox 2134 829 2145 858; x_wconf 72' lang='grc' dir='ltr'>τ</span> <span class='ocrx_word' id='word_1_457' title='bbox 2169 810 2229 862; x_wconf 83' lang='lat' dir='ltr'>‘H</span> <span class='ocrx_word' id='word_1_458' title='bbox 2253 810 2299 860; x_wconf 86' lang='grc' dir='ltr'>δὲ</span> <span class='ocrx_word' id='word_1_459' title='bbox 2321 810 2538 861; x_wconf 78' lang='grc' dir='ltr'>αἷτία·τοῧ</span> <span class='ocrx_word' id='word_1_460' title='bbox 2557 811 2755 861; x_wconf 79' lang='grc' dir='ltr'>καίεσθαι</span> <span class='ocrx_word' id='word_1_461' title='bbox 2771 805 2826 861; x_wconf 51' lang='lat' dir='ltr'>fr&amp;</span> <span class='ocrx_word' id='word_1_462' title='bbox 2849 806 2957 862; x_wconf 67' lang='grc' dir='ltr'>σῖ</span> 
     </span>
     <span class='ocr_line' id='line_1_85' title="bbox 1637 879 2880 952; baseline 0.001 -19"><span class='ocrx_word' id='word_1_463' title='bbox 1637 904 1757 949; x_wconf 86' lang='grc' dir='ltr'>ματα</span> <span class='ocrx_word' id='word_1_464' title='bbox 1775 883 1895 951; x_wconf 81' lang='grc' dir='ltr'>παρὰ</span> <span class='ocrx_word' id='word_1_465' title='bbox 1917 885 2003 940; x_wconf 84' lang='grc' dir='ltr'>τοῖς</span> <span class='ocrx_word' id='word_1_466' title='bbox 2019 881 2238 943; x_wconf 54' lang='grc' dir='ltr'>υΕλλησιν</span> <span class='ocrx_word' id='word_1_467' title='bbox 2261 883 2388 944; x_wconf 77' lang='grc' dir='ltr'>αὕτη.</span> <span class='ocrx_word' id='word_1_468' title='bbox 2404 887 2586 952; x_wconf 83' lang='grc' dir='ltr'>Πρῶτος</span> <span class='ocrx_word' id='word_1_469' title='bbox 2599 923 2615 951; x_wconf 91' lang='grc'>,</span> <span class='ocrx_word' id='word_1_470' title='bbox 2633 879 2788 952; x_wconf 63' lang='lat' dir='ltr'>(parelio,</span> <span class='ocrx_word' id='word_1_471' title='bbox 2803 884 2880 934; x_wconf 69' lang='grc' dir='ltr'>οὔτ’</span> 
     </span>
     <span class='ocr_line' id='line_1_86' title="bbox 1636 946 3002 1024; baseline 0.001 -18"><span class='ocrx_word' id='word_1_472' title='bbox 1636 958 1774 1023; x_wconf 81' lang='grc' dir='ltr'>ἐτάφη</span> <span class='ocrx_word' id='word_1_473' title='bbox 1803 957 1988 1024; x_wconf 82' lang='grc' dir='ltr'>Ἀργεῖος</span> <span class='ocrx_word' id='word_1_474' title='bbox 2010 960 2033 1004; x_wconf 86' lang='grc' dir='ltr'>ὁ</span> <span class='ocrx_word' id='word_1_475' title='bbox 2068 956 2308 1020; x_wconf 86' lang='grc' dir='ltr'>Λικυμνίου</span> <span class='ocrx_word' id='word_1_476' title='bbox 2342 957 2398 1006; x_wconf 83' lang='grc' dir='ltr'>δι’</span> <span class='ocrx_word' id='word_1_477' title='bbox 2430 956 2626 1022; x_wconf 81' lang='grc' dir='ltr'>ἀνάγκην</span> <span class='ocrx_word' id='word_1_478' title='bbox 2665 947 2751 1006; x_wconf 52' lang='lat' dir='ltr'>Diri&gt;</span> <span class='ocrx_word' id='word_1_479' title='bbox 2785 953 2848 1023; x_wconf 76' lang='grc' dir='ltr'><em>Ἥ</em></span> <span class='ocrx_word' id='word_1_480' title='bbox 2863 946 2954 1007; x_wconf 38' lang='lat' dir='ltr'>&#39;ds&#39;—</span> <span class='ocrx_word' id='word_1_481' title='bbox 2999 986 3002 989; x_wconf 22' lang='grc' dir='ltr'>Δ</span> 
     </span>
     <span class='ocr_line' id='line_1_87' title="bbox 1635 977 3009 1099; baseline 0.001 -19"><span class='ocrx_word' id='word_1_482' title='bbox 1635 1033 1800 1086; x_wconf 83' lang='grc' dir='ltr'>κλέους.</span> <span class='ocrx_word' id='word_1_483' title='bbox 1830 1029 2156 1096; x_wconf 88' lang='grc' dir='ltr'>Συναγαγόντος</span> <span class='ocrx_word' id='word_1_484' title='bbox 2178 1030 2289 1098; x_wconf 83' lang='grc' dir='ltr'>γὰρ,</span> <span class='ocrx_word' id='word_1_485' title='bbox 2309 1031 2446 1098; x_wconf 79' lang='grc' dir='ltr'>φασὶ,</span> <span class='ocrx_word' id='word_1_486' title='bbox 2472 1031 2683 1099; x_wconf 79' lang='grc' dir='ltr'>στρατιὰν</span> <span class='ocrx_word' id='word_1_487' title='bbox 2707 1031 2780 1081; x_wconf 75' lang='grc' dir='ltr'>ἐπὶ</span> <span class='ocrx_word' id='word_1_488' title='bbox 2801 977 2873 1083; x_wconf 49' lang='lat' dir='ltr'>”ff</span> <span class='ocrx_word' id='word_1_489' title='bbox 2934 1040 2960 1097; x_wconf 20' lang='lat'>:⁴¹</span> <span class='ocrx_word' id='word_1_490' title='bbox 2998 1022 3009 1037; x_wconf 57' lang='lat'><em>¹</em></span> 
     </span>
     <span class='ocr_line' id='line_1_88' title="bbox 1636 1096 3003 1172; baseline 0.001 -19"><span class='ocrx_word' id='word_1_491' title='bbox 1636 1102 1904 1170; x_wconf 85' lang='grc' dir='ltr'>Ἡρακλέους</span> <span class='ocrx_word' id='word_1_492' title='bbox 1919 1103 1991 1151; x_wconf 85' lang='grc' dir='ltr'>διὰ</span> <span class='ocrx_word' id='word_1_493' title='bbox 2012 1103 2062 1152; x_wconf 82' lang='grc' dir='ltr'>τὸ</span> <span class='ocrx_word' id='word_1_494' title='bbox 2086 1102 2372 1167; x_wconf 81' lang='grc' dir='ltr'>Λαομέδοντα</span> <span class='ocrx_word' id='word_1_495' title='bbox 2390 1104 2512 1172; x_wconf 81' lang='grc' dir='ltr'>παρὰ</span> <span class='ocrx_word' id='word_1_496' title='bbox 2537 1096 2736 1162; x_wconf 74' lang='grc' dir='ltr'>σύνταξιν</span> <span class='ocrx_word' id='word_1_497' title='bbox 2755 1106 2877 1165; x_wconf 78' lang='grc' dir='ltr'>ποιῆ·</span> <span class='ocrx_word' id='word_1_498' title='bbox 2905 1100 2911 1118; x_wconf 62' lang='lat'><strong>³</strong></span> <span class='ocrx_word' id='word_1_499' title='bbox 2930 1103 2963 1147; x_wconf 60' lang='lat' dir='ltr'>³·&#39;s2</span> <span class='ocrx_word' id='word_1_500' title='bbox 2999 1101 3003 1154; x_wconf 68' lang='grc' dir='ltr'><em>ῗ</em></span> 
     </span>
     <span class='ocr_line' id='line_1_89' title="bbox 1636 1171 2914 1245; baseline -0.002 -19"><span class='ocrx_word' id='word_1_501' title='bbox 1636 1177 1852 1245; x_wconf 85' lang='grc' dir='ltr'>Ἡρακλεῖ</span> <span class='ocrx_word' id='word_1_502' title='bbox 1892 1174 2084 1225; x_wconf 82' lang='grc' dir='ltr'>σώσαντι</span> <span class='ocrx_word' id='word_1_503' title='bbox 2122 1180 2199 1225; x_wconf 76' lang='grc' dir='ltr'>τοῦ</span> <span class='ocrx_word' id='word_1_504' title='bbox 2234 1173 2392 1236; x_wconf 81' lang='grc' dir='ltr'>κήτους</span> <span class='ocrx_word' id='word_1_505' title='bbox 2436 1177 2518 1236; x_wconf 81' lang='grc' dir='ltr'>τὴν</span> <span class='ocrx_word' id='word_1_506' title='bbox 2553 1171 2769 1245; x_wconf 78' lang='grc' dir='ltr'>θυγατέρα</span> <span class='ocrx_word' id='word_1_507' title='bbox 2806 1178 2861 1226; x_wconf 80' lang='grc' dir='ltr'>αὖ</span> <span class='ocrx_word' id='word_1_508' title='bbox 2912 1221 2914 1223; x_wconf 76' lang='grc'>,</span> 
     </span>
     <span class='ocr_line' id='line_1_90' title="bbox 1636 1246 3004 1316; baseline 0 -18"><span class='ocrx_word' id='word_1_509' title='bbox 1636 1250 1870 1313; x_wconf 89' lang='grc' dir='ltr'>Ἡσιόνην,</span> <span class='ocrx_word' id='word_1_510' title='bbox 1895 1248 1970 1297; x_wconf 79' lang='grc' dir='ltr'>καὶ</span> <span class='ocrx_word' id='word_1_511' title='bbox 1996 1247 2058 1314; x_wconf 82' lang='grc' dir='ltr'>μὴ</span> <span class='ocrx_word' id='word_1_512' title='bbox 2081 1250 2228 1297; x_wconf 79' lang='grc' dir='ltr'>δοῦναι</span> <span class='ocrx_word' id='word_1_513' title='bbox 2247 1249 2346 1304; x_wconf 83' lang='grc' dir='ltr'>τοὺς</span> <span class='ocrx_word' id='word_1_514' title='bbox 2371 1246 2625 1306; x_wconf 74' lang='grc' dir='ltr'>ἵππουςοῦς</span> <span class='ocrx_word' id='word_1_515' title='bbox 2645 1248 2871 1316; x_wconf 73' lang='grc' dir='ltr'>ὃποσχόμε</span> <span class='ocrx_word' id='word_1_516' title='bbox 2999 1264 3004 1308; x_wconf 73' lang='lat'>⁴:</span> 
     </span>
     <span class='ocr_line' id='line_1_91' title="bbox 1636 1317 2959 1389; baseline -0.002 -19"><span class='ocrx_word' id='word_1_517' title='bbox 1636 1317 1689 1382; x_wconf 67' lang='grc' dir='ltr'>ἦν</span> <span class='ocrx_word' id='word_1_518' title='bbox 1715 1325 1831 1389; x_wconf 80' lang='grc' dir='ltr'>αὐτῷ</span> <span class='ocrx_word' id='word_1_519' title='bbox 1858 1321 1967 1389; x_wconf 80' lang='grc' dir='ltr'>ὑπὲρ</span> <span class='ocrx_word' id='word_1_520' title='bbox 1998 1325 2076 1381; x_wconf 87' lang='grc' dir='ltr'>τῆς</span> <span class='ocrx_word' id='word_1_521' title='bbox 2101 1320 2316 1381; x_wconf 81' lang='grc' dir='ltr'>τοσαύτης</span> <span class='ocrx_word' id='word_1_522' title='bbox 2339 1323 2584 1389; x_wconf 77' lang='grc' dir='ltr'>εὐεργεσίας</span> <span class='ocrx_word' id='word_1_523' title='bbox 2593 1362 2609 1386; x_wconf 89' lang='grc'>,</span> <span class='ocrx_word' id='word_1_524' title='bbox 2636 1322 2834 1383; x_wconf 80' lang='grc' dir='ltr'>ἐπεζήτει</span> <span class='ocrx_word' id='word_1_525' title='bbox 2885 1351 2892 1361; x_wconf 61' lang='grc' dir='ltr'>ι</span> <span class='ocrx_word' id='word_1_526' title='bbox 2916 1330 2959 1389; x_wconf 23' lang='lat' dir='ltr'>‘&#39;f-4</span> 
     </span>
     <span class='ocr_line' id='line_1_92' title="bbox 1635 1384 2939 1463; baseline -0.001 -19"><span class='ocrx_word' id='word_1_527' title='bbox 1635 1397 1708 1445; x_wconf 81' lang='grc' dir='ltr'>τὸν</span> <span class='ocrx_word' id='word_1_528' title='bbox 1735 1397 1922 1463; x_wconf 82' lang='grc' dir='ltr'>Ἀργεῖον</span> <span class='ocrx_word' id='word_1_529' title='bbox 1961 1395 2124 1444; x_wconf 83' lang='grc' dir='ltr'>ὡσανεὶ</span> <span class='ocrx_word' id='word_1_530' title='bbox 2150 1398 2322 1446; x_wconf 84' lang='grc' dir='ltr'>οἰκεῖον.</span> <span class='ocrx_word' id='word_1_531' title='bbox 2357 1395 2596 1461; x_wconf 85' lang='grc' dir='ltr'>Λικύμνιον</span> <span class='ocrx_word' id='word_1_532' title='bbox 2639 1395 2686 1445; x_wconf 88' lang='grc' dir='ltr'>δέ</span> <span class='ocrx_word' id='word_1_533' title='bbox 2722 1414 2830 1463; x_wconf 82' lang='grc' dir='ltr'>φασι</span> <span class='ocrx_word' id='word_1_534' title='bbox 2892 1384 2939 1409; x_wconf 51' lang='lat'>&#39;¹</span> 
     </span>
     <span class='ocr_line' id='line_1_93' title="bbox 1636 1467 2948 1538; baseline 0.001 -20"><span class='ocrx_word' id='word_1_535' title='bbox 1636 1469 1807 1537; x_wconf 88' lang='grc' dir='ltr'>πατέρα</span> <span class='ocrx_word' id='word_1_536' title='bbox 1846 1469 2062 1536; x_wconf 80' lang='grc' dir='ltr'>Ἀργείου,</span> <span class='ocrx_word' id='word_1_537' title='bbox 2105 1468 2373 1536; x_wconf 75' lang='grc' dir='ltr'>φοὸούμενον</span> <span class='ocrx_word' id='word_1_538' title='bbox 2396 1468 2471 1528; x_wconf 82' lang='grc' dir='ltr'>ὅτι</span> <span class='ocrx_word' id='word_1_539' title='bbox 2509 1469 2587 1518; x_wconf 55' lang='grc' dir='ltr'>καίι</span> <span class='ocrx_word' id='word_1_540' title='bbox 2620 1468 2694 1518; x_wconf 81' lang='grc' dir='ltr'>τὸν</span> <span class='ocrx_word' id='word_1_541' title='bbox 2732 1467 2948 1538; x_wconf 47' lang='grc' dir='ltr'>πρότεραι</span> 
     </span>
     <span class='ocr_line' id='line_1_94' title="bbox 1641 1539 2941 1606; baseline -0.001 -15"><span class='ocrx_word' id='word_1_542' title='bbox 1641 1545 1773 1592; x_wconf 71' lang='grc' dir='ltr'>αὐτοῦ</span> <span class='ocrx_word' id='word_1_543' title='bbox 1797 1542 1886 1591; x_wconf 78' lang='grc' dir='ltr'>υἱὸν</span> <span class='ocrx_word' id='word_1_544' title='bbox 1898 1541 2079 1606; x_wconf 85' lang='grc' dir='ltr'>ὀνόματι</span> <span class='ocrx_word' id='word_1_545' title='bbox 2091 1541 2259 1592; x_wconf 80' lang='grc' dir='ltr'>Οἰωνὸν</span> <span class='ocrx_word' id='word_1_546' title='bbox 2279 1542 2539 1598; x_wconf 84' lang='grc' dir='ltr'>ἀποστείλας</span> <span class='ocrx_word' id='word_1_547' title='bbox 2558 1544 2616 1596; x_wconf 86' lang='grc' dir='ltr'>εἷς</span> <span class='ocrx_word' id='word_1_548' title='bbox 2632 1539 2941 1606; x_wconf 69' lang='grc' dir='ltr'>Λακεδαίμονα</span> 
     </span>
     <span class='ocr_line' id='line_1_95' title="bbox 1638 1607 2942 1686; baseline -0.004 -20"><span class='ocrx_word' id='word_1_549' title='bbox 1638 1621 1731 1682; x_wconf 88' lang='grc' dir='ltr'>μεθ’</span> <span class='ocrx_word' id='word_1_550' title='bbox 1769 1617 2037 1686; x_wconf 88' lang='grc' dir='ltr'>Ἡρακλέους</span> <span class='ocrx_word' id='word_1_551' title='bbox 2077 1616 2321 1677; x_wconf 75' lang='grc' dir='ltr'>ἀπέὸαλεν,</span> <span class='ocrx_word' id='word_1_552' title='bbox 2362 1617 2411 1664; x_wconf 83' lang='grc' dir='ltr'>οὖ</span> <span class='ocrx_word' id='word_1_553' title='bbox 2453 1615 2682 1681; x_wconf 88' lang='grc' dir='ltr'>βούλεσθαι</span> <span class='ocrx_word' id='word_1_554' title='bbox 2717 1607 2942 1681; x_wconf 74' lang='grc' dir='ltr'>προΐεσθαι</span> 
     </span>
     <span class='ocr_line' id='line_1_96' title="bbox 1636 1679 2938 1756; baseline -0.005 -16"><span class='ocrx_word' id='word_1_555' title='bbox 1636 1695 1814 1752; x_wconf 78' lang='grc' dir='ltr'>τοῦτον,</span> <span class='ocrx_word' id='word_1_556' title='bbox 1846 1690 1924 1745; x_wconf 77' lang='grc' dir='ltr'>ἕως</span> <span class='ocrx_word' id='word_1_557' title='bbox 1957 1689 2184 1756; x_wconf 79' lang='grc' dir='ltr'>Ἡρακλῆς</span> <span class='ocrx_word' id='word_1_558' title='bbox 2223 1687 2395 1753; x_wconf 85' lang='grc' dir='ltr'>ὤμοσεν</span> <span class='ocrx_word' id='word_1_559' title='bbox 2431 1684 2608 1743; x_wconf 78' lang='grc' dir='ltr'>ἀπάξειν</span> <span class='ocrx_word' id='word_1_560' title='bbox 2633 1685 2766 1736; x_wconf 78' lang='grc' dir='ltr'>πάλιν</span> <span class='ocrx_word' id='word_1_561' title='bbox 2787 1679 2938 1738; x_wconf 68' lang='grc' dir='ltr'>αὐτόν.4</span> 
     </span>
     <span class='ocr_line' id='line_1_97' title="bbox 1637 1757 2937 1830; baseline -0.006 -16"><span class='ocrx_word' id='word_1_562' title='bbox 1637 1764 1750 1814; x_wconf 90' lang='grc' dir='ltr'>Τότε</span> <span class='ocrx_word' id='word_1_563' title='bbox 1774 1760 1847 1812; x_wconf 65' lang='grc' dir='ltr'>οὖν</span> <span class='ocrx_word' id='word_1_564' title='bbox 1873 1763 2177 1827; x_wconf 87' lang='grc' dir='ltr'>συμπεσούσης</span> <span class='ocrx_word' id='word_1_565' title='bbox 2202 1765 2264 1828; x_wconf 79' lang='grc' dir='ltr'>τῷ</span> <span class='ocrx_word' id='word_1_566' title='bbox 2300 1760 2481 1830; x_wconf 81' lang='grc' dir='ltr'>Ἀργείῳ</span> <span class='ocrx_word' id='word_1_567' title='bbox 2503 1764 2581 1820; x_wconf 86' lang='grc' dir='ltr'>τῆς</span> <span class='ocrx_word' id='word_1_568' title='bbox 2617 1757 2697 1808; x_wconf 68' lang='grc' dir='ltr'>τοῦ</span> <span class='ocrx_word' id='word_1_569' title='bbox 2737 1757 2833 1826; x_wconf 84' lang='grc' dir='ltr'>βίου</span> <span class='ocrx_word' id='word_1_570' title='bbox 2856 1768 2937 1807; x_wconf 74' lang='grc' dir='ltr'>τε-ἰ</span> 
     </span>
     <span class='ocr_line' id='line_1_98' title="bbox 1635 1829 2935 1903; baseline -0.002 -18"><span class='ocrx_word' id='word_1_571' title='bbox 1635 1838 1816 1899; x_wconf 86' lang='grc' dir='ltr'>λευτῆς,</span> <span class='ocrx_word' id='word_1_572' title='bbox 1857 1834 2132 1903; x_wconf 84' lang='grc' dir='ltr'>διαπορηθεὶς</span> <span class='ocrx_word' id='word_1_573' title='bbox 2168 1838 2192 1883; x_wconf 82' lang='grc' dir='ltr'><strong>ὃ</strong></span> <span class='ocrx_word' id='word_1_574' title='bbox 2215 1833 2442 1902; x_wconf 75' lang='grc' dir='ltr'>Ἡρακλῆς</span> <span class='ocrx_word' id='word_1_575' title='bbox 2471 1836 2565 1888; x_wconf 85' lang='grc' dir='ltr'>πῶς</span> <span class='ocrx_word' id='word_1_576' title='bbox 2604 1832 2656 1882; x_wconf 74' lang='grc' dir='ltr'>ἂν</span> <span class='ocrx_word' id='word_1_577' title='bbox 2697 1829 2935 1882; x_wconf 67' lang='grc' dir='ltr'>ἐπιτελέσαι</span> 
     </span>
     <span class='ocr_line' id='line_1_99' title="bbox 1636 1903 2938 1975; baseline -0.004 -19"><span class='ocrx_word' id='word_1_578' title='bbox 1636 1908 1708 1956; x_wconf 81' lang='grc' dir='ltr'>τὸν</span> <span class='ocrx_word' id='word_1_579' title='bbox 1733 1906 1886 1975; x_wconf 78' lang='grc' dir='ltr'>ὅρκον,</span> <span class='ocrx_word' id='word_1_580' title='bbox 1923 1906 2104 1966; x_wconf 78' lang='grc' dir='ltr'>ἔκαυσεν</span> <span class='ocrx_word' id='word_1_581' title='bbox 2129 1906 2290 1970; x_wconf 77' lang='grc' dir='ltr'>αὐτὸν,</span> <span class='ocrx_word' id='word_1_582' title='bbox 2326 1905 2402 1956; x_wconf 83' lang='grc' dir='ltr'>καὶ</span> <span class='ocrx_word' id='word_1_583' title='bbox 2435 1903 2607 1972; x_wconf 81' lang='grc' dir='ltr'>πρῶτόν</span> <span class='ocrx_word' id='word_1_584' title='bbox 2644 1921 2753 1970; x_wconf 87' lang='grc' dir='ltr'>φασι</span> <span class='ocrx_word' id='word_1_585' title='bbox 2785 1906 2938 1959; x_wconf 73' lang='grc' dir='ltr'>τοῦτον</span> 
     </span>
     <span class='ocr_line' id='line_1_100' title="bbox 1637 1974 2938 2046; baseline -0.002 -17"><span class='ocrx_word' id='word_1_586' title='bbox 1637 1981 1838 2041; x_wconf 90' lang='grc' dir='ltr'>τοιαύτης</span> <span class='ocrx_word' id='word_1_587' title='bbox 1854 1979 2105 2044; x_wconf 83' lang='grc' dir='ltr'>ἐπιμελείας</span> <span class='ocrx_word' id='word_1_588' title='bbox 2121 1986 2287 2046; x_wconf 80' lang='grc' dir='ltr'>τυχεῖν.</span> <span class='ocrx_word' id='word_1_589' title='bbox 2305 1979 2363 2028; x_wconf 89' lang='grc' dir='ltr'>Ἡ</span> <span class='ocrx_word' id='word_1_590' title='bbox 2385 1977 2554 2045; x_wconf 76' lang='grc' dir='ltr'>ἱστορία</span> <span class='ocrx_word' id='word_1_591' title='bbox 2567 1977 2691 2044; x_wconf 83' lang='grc' dir='ltr'>παρὰ</span> <span class='ocrx_word' id='word_1_592' title='bbox 2705 1974 2938 2043; x_wconf 80' lang='grc' dir='ltr'>Ἄνδρωνι.-</span> 
     </span>
     <span class='ocr_line' id='line_1_101' title="bbox 1645 2054 2838 2116; baseline -0.006 -12"><span class='ocrx_word' id='word_1_593' title='bbox 1645 2057 1715 2104; x_wconf 87' lang='lat' dir='ltr'>Cf.</span> <span class='ocrx_word' id='word_1_594' title='bbox 1742 2056 1981 2104; x_wconf 80' lang='lat' dir='ltr'>Welcker.</span> <span class='ocrx_word' id='word_1_595' title='bbox 2011 2055 2142 2115; x_wconf 84' lang='lat' dir='ltr'>Cycl.</span> <span class='ocrx_word' id='word_1_596' title='bbox 2168 2071 2219 2116; x_wconf 92' lang='lat' dir='ltr'>p.</span> <span class='ocrx_word' id='word_1_597' title='bbox 2249 2054 2364 2101; x_wconf 76' lang='lat'>232.</span> <span class='ocrx_word' id='word_1_598' title='bbox 2829 2067 2838 2076; x_wconf 89' lang='lat'><strong>·</strong></span> 
     </span>
    </p>
   </div>
   <div class='ocr_carea' id='block_1_20' title="bbox 1638 2158 2955 2438">
    <p class='ocr_par' dir='ltr' id='par_1_25' title="bbox 1638 2158 2955 2446">
     <span class='ocr_line' id='line_1_102' title="bbox 1705 2158 2950 2288; baseline -0.004 -12"><span class='ocrx_word' id='word_1_599' title='bbox 1705 2231 1966 2276; x_wconf 87' lang='lat' dir='ltr'>Eustathius</span> <span class='ocrx_word' id='word_1_600' title='bbox 2001 2230 2062 2275; x_wconf 89' lang='lat' dir='ltr'>ad</span> <span class='ocrx_word' id='word_1_601' title='bbox 2096 2158 2293 2275; x_wconf 50' lang='lat' dir='ltr'>flomeEi</span> <span class='ocrx_word' id='word_1_602' title='bbox 2325 2228 2419 2277; x_wconf 87' lang='lat' dir='ltr'>od.</span> <span class='ocrx_word' id='word_1_603' title='bbox 2459 2228 2518 2286; x_wconf 94' lang='grc' dir='ltr'>Δ,</span> <span class='ocrx_word' id='word_1_604' title='bbox 2559 2225 2670 2285; x_wconf 84' lang='lat'>517,</span> <span class='ocrx_word' id='word_1_605' title='bbox 2699 2241 2752 2288; x_wconf 86' lang='lat' dir='ltr'>p.</span> <span class='ocrx_word' id='word_1_606' title='bbox 2795 2206 2950 2286; x_wconf 42' lang='lat'><strong>15073}</strong></span> 
     </span>
     <span class='ocr_line' id='line_1_103' title="bbox 1641 2293 2952 2365; baseline -0.003 -17"><span class='ocrx_word' id='word_1_607' title='bbox 1641 2308 1701 2357; x_wconf 71' lang='lat'>44</span> <span class='ocrx_word' id='word_1_608' title='bbox 1732 2303 1794 2349; x_wconf 88' lang='lat' dir='ltr'>ad</span> <span class='ocrx_word' id='word_1_609' title='bbox 1817 2303 1961 2348; x_wconf 81' lang='lat' dir='ltr'>verba</span> <span class='ocrx_word' id='word_1_610' title='bbox 1980 2299 2219 2350; x_wconf 83' lang='grc' dir='ltr'>Μαλειάων</span> <span class='ocrx_word' id='word_1_611' title='bbox 2243 2298 2391 2365; x_wconf 84' lang='grc' dir='ltr'>ὄρος...</span> <span class='ocrx_word' id='word_1_612' title='bbox 2426 2300 2559 2364; x_wconf 76' lang='grc' dir='ltr'>ἀγροῦ</span> <span class='ocrx_word' id='word_1_613' title='bbox 2594 2296 2661 2345; x_wconf 82' lang='grc' dir='ltr'>ἐπ’</span> <span class='ocrx_word' id='word_1_614' title='bbox 2699 2293 2952 2362; x_wconf 47' lang='lat' dir='ltr'>{quemn-g</span> 
     </span>
     <span class='ocr_line' id='line_1_104' title="bbox 1638 2359 2955 2438; baseline -0.005 -16"><span class='ocrx_word' id='word_1_615' title='bbox 1638 2374 1703 2423; x_wconf 80' lang='grc' dir='ltr'>ὅθι</span> <span class='ocrx_word' id='word_1_616' title='bbox 1719 2373 1902 2438; x_wconf 84' lang='grc' dir='ltr'>δώματα</span> <span class='ocrx_word' id='word_1_617' title='bbox 1926 2380 2018 2422; x_wconf 89' lang='grc' dir='ltr'>ναῖε</span> <span class='ocrx_word' id='word_1_618' title='bbox 2037 2372 2236 2432; x_wconf 86' lang='grc' dir='ltr'>Θυέστης</span> <span class='ocrx_word' id='word_1_619' title='bbox 2265 2388 2278 2422; x_wconf 89' lang='lat'>:</span> <span class='ocrx_word' id='word_1_620' title='bbox 2304 2370 2362 2421; x_wconf 88' lang='lat'>‘0</span> <span class='ocrx_word' id='word_1_621' title='bbox 2390 2369 2436 2419; x_wconf 84' lang='grc' dir='ltr'>δὲ</span> <span class='ocrx_word' id='word_1_622' title='bbox 2465 2369 2606 2437; x_wconf 77' lang='grc' dir='ltr'>ῥηθεὶς</span> <span class='ocrx_word' id='word_1_623' title='bbox 2627 2368 2780 2437; x_wconf 84' lang='grc' dir='ltr'>ἀγρὸς,</span> <span class='ocrx_word' id='word_1_624' title='bbox 2809 2359 2955 2436; x_wconf 45' lang='lat' dir='ltr'>§wlff</span> 
     </span>
    </p>
   </div>
   <div class='ocr_carea' id='block_1_21' title="bbox 1638 2440 2963 2512">
    <p class='ocr_par' dir='ltr' id='par_1_26' title="bbox 1638 2440 2963 2512">
     <span class='ocr_line' id='line_1_105' title="bbox 1638 2440 2963 2512; baseline -0.004 -17"><span class='ocrx_word' id='word_1_625' title='bbox 1638 2448 1678 2495; x_wconf 75' lang='grc' dir='ltr'>οἱ</span> <span class='ocrx_word' id='word_1_626' title='bbox 1700 2445 1902 2510; x_wconf 84' lang='grc' dir='ltr'>παλαιοὶ,</span> <span class='ocrx_word' id='word_1_627' title='bbox 1923 2444 1988 2494; x_wconf 78' lang='grc' dir='ltr'>ὅτι</span> <span class='ocrx_word' id='word_1_628' title='bbox 2012 2444 2126 2494; x_wconf 82' lang='grc' dir='ltr'>κατὰ</span> <span class='ocrx_word' id='word_1_629' title='bbox 2148 2444 2222 2493; x_wconf 85' lang='grc' dir='ltr'>τὸν</span> <span class='ocrx_word' id='word_1_630' title='bbox 2239 2443 2459 2512; x_wconf 78' lang='grc' dir='ltr'>ἱστορικὸν</span> <span class='ocrx_word' id='word_1_631' title='bbox 2469 2440 2692 2509; x_wconf 86' lang='grc' dir='ltr'>Ἄνδρωνα</span> <span class='ocrx_word' id='word_1_632' title='bbox 2711 2441 2801 2508; x_wconf 81' lang='grc' dir='ltr'>ὖφί·</span> <span class='ocrx_word' id='word_1_633' title='bbox 2833 2473 2853 2510; x_wconf 58' lang='lat'>⁴¹.</span> <span class='ocrx_word' id='word_1_634' title='bbox 2919 2469 2943 2493; x_wconf 55' lang='grc' dir='ltr'>α</span> <span class='ocrx_word' id='word_1_635' title='bbox 2961 2475 2963 2478; x_wconf 94' lang='grc'>-</span> 
     </span>
    </p>
   </div>
   <div class='ocr_carea' id='block_1_22' title="bbox 2842 620 2862 636">
    <p class='ocr_par' dir='ltr' id='par_1_27' title="bbox 2842 620 2862 636">
     <span class='ocr_line' id='line_1_106' title="bbox 2842 620 2862 636; baseline 0 3992"><span class='ocrx_word' id='word_1_636' title='bbox 2842 620 2862 636; x_wconf 95' lang='lat' dir='ltr'> </span> 
     </span>
    </p>
   </div>
   <div class='ocr_carea' id='block_1_23' title="bbox 1634 2725 2938 4278">
    <p class='ocr_par' dir='ltr' id='par_1_28' title="bbox 1634 2725 2935 2847">
     <span class='ocr_line' id='line_1_107' title="bbox 1687 2725 2935 2780; baseline -0.002 -11"><span class='ocrx_word' id='word_1_637' title='bbox 1687 2730 1805 2770; x_wconf 77' lang='lat' dir='ltr'>Asius</span> <span class='ocrx_word' id='word_1_638' title='bbox 1818 2729 1916 2770; x_wconf 88' lang='lat' dir='ltr'>dicit</span> <span class='ocrx_word' id='word_1_639' title='bbox 1940 2744 1988 2769; x_wconf 72' lang='lat'>2«</span> <span class='ocrx_word' id='word_1_640' title='bbox 2013 2729 2208 2780; x_wconf 79' lang='lat' dir='ltr'>Filioeque</span> <span class='ocrx_word' id='word_1_641' title='bbox 2227 2728 2343 2768; x_wconf 89' lang='lat' dir='ltr'>Icarii</span> <span class='ocrx_word' id='word_1_642' title='bbox 2370 2727 2487 2769; x_wconf 89' lang='lat' dir='ltr'>Meda</span> <span class='ocrx_word' id='word_1_643' title='bbox 2505 2727 2547 2768; x_wconf 90' lang='lat' dir='ltr'>et</span> <span class='ocrx_word' id='word_1_644' title='bbox 2577 2725 2788 2777; x_wconf 82' lang='lat' dir='ltr'>Penelope.</span> <span class='ocrx_word' id='word_1_645' title='bbox 2809 2740 2830 2762; x_wconf 72' lang='grc' dir='ltr'>υ</span> <span class='ocrx_word' id='word_1_646' title='bbox 2857 2726 2935 2767; x_wconf 77' lang='grc' dir='ltr'>Διι-</span> 
     </span>
     <span class='ocr_line' id='line_1_108' title="bbox 1634 2790 2807 2847; baseline -0.003 -12"><span class='ocrx_word' id='word_1_647' title='bbox 1634 2794 1735 2835; x_wconf 89' lang='lat' dir='ltr'>dron</span> <span class='ocrx_word' id='word_1_648' title='bbox 1751 2806 1847 2837; x_wconf 87' lang='lat' dir='ltr'>vero</span> <span class='ocrx_word' id='word_1_649' title='bbox 1863 2795 2103 2847; x_wconf 83' lang='lat' dir='ltr'>Hypsipylen</span> <span class='ocrx_word' id='word_1_650' title='bbox 2122 2794 2219 2835; x_wconf 86' lang='lat' dir='ltr'>dicit</span> <span class='ocrx_word' id='word_1_651' title='bbox 2240 2793 2323 2844; x_wconf 89' lang='lat' dir='ltr'>(sc.</span> <span class='ocrx_word' id='word_1_652' title='bbox 2341 2803 2518 2834; x_wconf 89' lang='lat' dir='ltr'>sororem</span> <span class='ocrx_word' id='word_1_653' title='bbox 2541 2790 2807 2843; x_wconf 85' lang='lat' dir='ltr'>Penelopes).</span> 
     </span>
    </p>

    <p class='ocr_par' dir='ltr' id='par_1_29' title="bbox 1635 2926 2938 4012">
     <span class='ocr_line' id='line_1_109' title="bbox 1691 2926 2936 2981; baseline -0.005 -9"><span class='ocrx_word' id='word_1_654' title='bbox 1691 2933 1823 2973; x_wconf 88' lang='lat' dir='ltr'>Causa</span> <span class='ocrx_word' id='word_1_655' title='bbox 1856 2942 1930 2971; x_wconf 92' lang='lat' dir='ltr'>cur</span> <span class='ocrx_word' id='word_1_656' title='bbox 1960 2932 2188 2971; x_wconf 82' lang='lat' dir='ltr'>crementur</span> <span class='ocrx_word' id='word_1_657' title='bbox 2209 2930 2316 2981; x_wconf 87' lang='lat' dir='ltr'>apud</span> <span class='ocrx_word' id='word_1_658' title='bbox 2338 2932 2501 2972; x_wconf 84' lang='lat' dir='ltr'>Graecos</span> <span class='ocrx_word' id='word_1_659' title='bbox 2529 2927 2726 2969; x_wconf 82' lang='lat' dir='ltr'>cadavera</span> <span class='ocrx_word' id='word_1_660' title='bbox 2742 2927 2830 2968; x_wconf 86' lang='lat' dir='ltr'>haee</span> <span class='ocrx_word' id='word_1_661' title='bbox 2862 2926 2936 2967; x_wconf 85' lang='lat' dir='ltr'>est.</span> 
     </span>
     <span class='ocr_line' id='line_1_110' title="bbox 1635 2988 2938 3046; baseline -0.005 -10"><span class='ocrx_word' id='word_1_662' title='bbox 1635 2996 1818 3046; x_wconf 88' lang='lat' dir='ltr'>Primus,</span> <span class='ocrx_word' id='word_1_663' title='bbox 1845 2996 1985 3045; x_wconf 89' lang='lat' dir='ltr'>aiunt,</span> <span class='ocrx_word' id='word_1_664' title='bbox 2015 2995 2072 3035; x_wconf 91' lang='lat' dir='ltr'>sic</span> <span class='ocrx_word' id='word_1_665' title='bbox 2098 2995 2277 3046; x_wconf 89' lang='lat' dir='ltr'>sepultus</span> <span class='ocrx_word' id='word_1_666' title='bbox 2299 2995 2360 3035; x_wconf 88' lang='lat' dir='ltr'>est</span> <span class='ocrx_word' id='word_1_667' title='bbox 2382 2994 2523 3045; x_wconf 87' lang='lat' dir='ltr'>Argius</span> <span class='ocrx_word' id='word_1_668' title='bbox 2536 2988 2732 3044; x_wconf 82' lang='lat' dir='ltr'>Licymnii</span> <span class='ocrx_word' id='word_1_669' title='bbox 2750 2989 2857 3031; x_wconf 86' lang='lat' dir='ltr'>iilius</span> <span class='ocrx_word' id='word_1_670' title='bbox 2885 2989 2938 3031; x_wconf 83' lang='lat' dir='ltr'>ab</span> 
     </span>
     <span class='ocr_line' id='line_1_111' title="bbox 1635 3047 2933 3111; baseline -0.005 -10"><span class='ocrx_word' id='word_1_671' title='bbox 1635 3061 1831 3111; x_wconf 87' lang='lat' dir='ltr'>Hercule,</span> <span class='ocrx_word' id='word_1_672' title='bbox 1849 3061 1918 3111; x_wconf 90' lang='lat' dir='ltr'>qui</span> <span class='ocrx_word' id='word_1_673' title='bbox 1933 3062 1979 3100; x_wconf 89' lang='lat' dir='ltr'>ut</span> <span class='ocrx_word' id='word_1_674' title='bbox 1997 3060 2053 3101; x_wconf 89' lang='lat' dir='ltr'>ita</span> <span class='ocrx_word' id='word_1_675' title='bbox 2069 3060 2223 3101; x_wconf 78' lang='lat' dir='ltr'>faceret·</span> <span class='ocrx_word' id='word_1_676' title='bbox 2245 3058 2483 3100; x_wconf 82' lang='lat' dir='ltr'>necessitate</span> <span class='ocrx_word' id='word_1_677' title='bbox 2515 3055 2747 3108; x_wconf 83' lang='lat' dir='ltr'>cogebatur.</span> <span class='ocrx_word' id='word_1_678' title='bbox 2772 3047 2933 3096; x_wconf 83' lang='lat' dir='ltr'>Etenim</span> 
     </span>
     <span class='ocr_line' id='line_1_112' title="bbox 1637 3114 2936 3182; baseline -0.006 -16"><span class='ocrx_word' id='word_1_679' title='bbox 1637 3125 1831 3166; x_wconf 87' lang='lat' dir='ltr'>Hercules</span> <span class='ocrx_word' id='word_1_680' title='bbox 1841 3155 1853 3175; x_wconf 97' lang='lat'>,</span> <span class='ocrx_word' id='word_1_681' title='bbox 1870 3124 2005 3175; x_wconf 85' lang='lat' dir='ltr'>aiunt,</span> <span class='ocrx_word' id='word_1_682' title='bbox 2022 3135 2103 3177; x_wconf 93' lang='lat' dir='ltr'>quo</span> <span class='ocrx_word' id='word_1_683' title='bbox 2119 3125 2298 3174; x_wconf 90' lang='lat' dir='ltr'>tempore</span> <span class='ocrx_word' id='word_1_684' title='bbox 2310 3114 2606 3174; x_wconf 74' lang='lat' dir='ltr'>expeditionem</span> <span class='ocrx_word' id='word_1_685' title='bbox 2621 3119 2760 3160; x_wconf 85' lang='lat' dir='ltr'>contra</span> <span class='ocrx_word' id='word_1_686' title='bbox 2775 3116 2936 3182; x_wconf 52' lang='grc' dir='ltr'>ΤΙ-ομ</span> 
     </span>
     <span class='ocr_line' id='line_1_113' title="bbox 1637 3180 2938 3242; baseline -0.005 -11"><span class='ocrx_word' id='word_1_687' title='bbox 1637 3191 1830 3242; x_wconf 87' lang='lat' dir='ltr'>parabat,</span> <span class='ocrx_word' id='word_1_688' title='bbox 1856 3189 1966 3242; x_wconf 92' lang='lat' dir='ltr'>quod</span> <span class='ocrx_word' id='word_1_689' title='bbox 1981 3189 2211 3232; x_wconf 85' lang='lat' dir='ltr'>Laomedon</span> <span class='ocrx_word' id='word_1_690' title='bbox 2230 3189 2368 3229; x_wconf 88' lang='lat' dir='ltr'>contra</span> <span class='ocrx_word' id='word_1_691' title='bbox 2398 3180 2517 3239; x_wconf 83' lang='lat' dir='ltr'>pacta</span> <span class='ocrx_word' id='word_1_692' title='bbox 2537 3185 2727 3236; x_wconf 89' lang='lat' dir='ltr'>Herculi,</span> <span class='ocrx_word' id='word_1_693' title='bbox 2747 3183 2938 3226; x_wconf 72' lang='lat' dir='ltr'>Hesiones</span> 
     </span>
     <span class='ocr_line' id='line_1_114' title="bbox 1636 3247 2936 3305; baseline -0.005 -9"><span class='ocrx_word' id='word_1_694' title='bbox 1636 3268 1660 3296; x_wconf 93' lang='lat' dir='ltr'>a</span> <span class='ocrx_word' id='word_1_695' title='bbox 1675 3257 1808 3298; x_wconf 88' lang='lat' dir='ltr'>bellua</span> <span class='ocrx_word' id='word_1_696' title='bbox 1822 3257 1976 3297; x_wconf 87' lang='lat' dir='ltr'>marina</span> <span class='ocrx_word' id='word_1_697' title='bbox 1991 3255 2233 3297; x_wconf 87' lang='lat' dir='ltr'>devorandae</span> <span class='ocrx_word' id='word_1_698' title='bbox 2248 3247 2475 3305; x_wconf 86' lang='lat' dir='ltr'>liberatori,</span> <span class='ocrx_word' id='word_1_699' title='bbox 2488 3263 2612 3304; x_wconf 87' lang='lat' dir='ltr'>equos</span> <span class='ocrx_word' id='word_1_700' title='bbox 2638 3249 2852 3304; x_wconf 84' lang='lat' dir='ltr'>promissos</span> <span class='ocrx_word' id='word_1_701' title='bbox 2864 3258 2936 3300; x_wconf 78' lang='lat' dir='ltr'>pro</span> 
     </span>
     <span class='ocr_line' id='line_1_115' title="bbox 1639 3312 2935 3370; baseline -0.005 -9"><span class='ocrx_word' id='word_1_702' title='bbox 1639 3322 1717 3361; x_wconf 90' lang='lat' dir='ltr'>hoc</span> <span class='ocrx_word' id='word_1_703' title='bbox 1740 3320 1935 3361; x_wconf 84' lang='lat' dir='ltr'>beneficio</span> <span class='ocrx_word' id='word_1_704' title='bbox 1955 3321 2051 3361; x_wconf 89' lang='lat' dir='ltr'>dare</span> <span class='ocrx_word' id='word_1_705' title='bbox 2081 3319 2359 3370; x_wconf 87' lang='lat' dir='ltr'>recusaverat,</span> <span class='ocrx_word' id='word_1_706' title='bbox 2387 3318 2493 3358; x_wconf 89' lang='lat' dir='ltr'>inter</span> <span class='ocrx_word' id='word_1_707' title='bbox 2509 3317 2610 3358; x_wconf 88' lang='lat' dir='ltr'>alios</span> <span class='ocrx_word' id='word_1_708' title='bbox 2634 3315 2756 3356; x_wconf 83' lang='lat' dir='ltr'>etiam</span> <span class='ocrx_word' id='word_1_709' title='bbox 2774 3312 2935 3365; x_wconf 75' lang='lat' dir='ltr'>Argium</span> 
     </span>
     <span class='ocr_line' id='line_1_116' title="bbox 1637 3372 2931 3435; baseline -0.006 -10"><span class='ocrx_word' id='word_1_710' title='bbox 1637 3385 1793 3426; x_wconf 90' lang='lat' dir='ltr'>socium</span> <span class='ocrx_word' id='word_1_711' title='bbox 1809 3385 1883 3425; x_wconf 90' lang='lat' dir='ltr'>sibi</span> <span class='ocrx_word' id='word_1_712' title='bbox 1902 3384 2118 3435; x_wconf 82' lang='lat' dir='ltr'>adJungere</span> <span class='ocrx_word' id='word_1_713' title='bbox 2148 3382 2348 3424; x_wconf 86' lang='lat' dir='ltr'>studebat.</span> <span class='ocrx_word' id='word_1_714' title='bbox 2364 3385 2518 3424; x_wconf 82' lang='lat' dir='ltr'>Verum</span> <span class='ocrx_word' id='word_1_715' title='bbox 2548 3372 2777 3431; x_wconf 80' lang='lat' dir='ltr'>Licymnius</span> <span class='ocrx_word' id='word_1_716' title='bbox 2790 3407 2804 3429; x_wconf 92' lang='lat'>,</span> <span class='ocrx_word' id='word_1_717' title='bbox 2823 3386 2876 3429; x_wconf 73' lang='lat' dir='ltr'>pn</span> <span class='ocrx_word' id='word_1_718' title='bbox 2925 3394 2931 3411; x_wconf 85' lang='lat'><strong>·</strong></span> 
     </span>
     <span class='ocr_line' id='line_1_117' title="bbox 1637 3439 2921 3500; baseline -0.006 -11"><span class='ocrx_word' id='word_1_719' title='bbox 1637 3450 1743 3500; x_wconf 83' lang='lat' dir='ltr'>Argii</span> <span class='ocrx_word' id='word_1_720' title='bbox 1758 3479 1771 3499; x_wconf 93' lang='lat'>,</span> <span class='ocrx_word' id='word_1_721' title='bbox 1796 3449 1977 3489; x_wconf 88' lang='lat' dir='ltr'>metuens</span> <span class='ocrx_word' id='word_1_722' title='bbox 2008 3448 2089 3488; x_wconf 87' lang='lat' dir='ltr'>filio</span> <span class='ocrx_word' id='word_1_723' title='bbox 2115 3447 2223 3499; x_wconf 83' lang='lat' dir='ltr'>(jam</span> <span class='ocrx_word' id='word_1_724' title='bbox 2237 3447 2344 3487; x_wconf 89' lang='lat' dir='ltr'>enim</span> <span class='ocrx_word' id='word_1_725' title='bbox 2367 3445 2552 3486; x_wconf 87' lang='lat' dir='ltr'>amiserat</span> <span class='ocrx_word' id='word_1_726' title='bbox 2581 3443 2774 3494; x_wconf 82' lang='lat' dir='ltr'>majorem</span> <span class='ocrx_word' id='word_1_727' title='bbox 2803 3439 2877 3481; x_wconf 83' lang='lat' dir='ltr'>fili</span> <span class='ocrx_word' id='word_1_728' title='bbox 2902 3456 2921 3475; x_wconf 81' lang='grc' dir='ltr'>ιι</span> 
     </span>
     <span class='ocr_line' id='line_1_118' title="bbox 1637 3502 2927 3563; baseline -0.008 -9"><span class='ocrx_word' id='word_1_729' title='bbox 1637 3516 1817 3554; x_wconf 90' lang='lat' dir='ltr'>OEonum</span> <span class='ocrx_word' id='word_1_730' title='bbox 1843 3513 1915 3563; x_wconf 89' lang='lat' dir='ltr'>qui</span> <span class='ocrx_word' id='word_1_731' title='bbox 1938 3523 2032 3553; x_wconf 91' lang='lat' dir='ltr'>cum</span> <span class='ocrx_word' id='word_1_732' title='bbox 2047 3511 2220 3558; x_wconf 82' lang='lat' dir='ltr'>Hercule</span> <span class='ocrx_word' id='word_1_733' title='bbox 2233 3511 2374 3551; x_wconf 81' lang='lat' dir='ltr'>contra</span> <span class='ocrx_word' id='word_1_734' title='bbox 2397 3508 2723 3550; x_wconf 82' lang='lat' dir='ltr'>Lacedaemonem</span> <span class='ocrx_word' id='word_1_735' title='bbox 2738 3502 2927 3557; x_wconf 75' lang='lat' dir='ltr'>profectu</span> 
     </span>
     <span class='ocr_line' id='line_1_119' title="bbox 1637 3569 2930 3630; baseline -0.008 -10"><span class='ocrx_word' id='word_1_736' title='bbox 1637 3579 1767 3630; x_wconf 86' lang='lat' dir='ltr'>erat),</span> <span class='ocrx_word' id='word_1_737' title='bbox 1799 3577 1928 3618; x_wconf 89' lang='lat' dir='ltr'>noluit</span> <span class='ocrx_word' id='word_1_738' title='bbox 1957 3588 2050 3618; x_wconf 91' lang='lat' dir='ltr'>eum</span> <span class='ocrx_word' id='word_1_739' title='bbox 2081 3576 2283 3617; x_wconf 86' lang='lat' dir='ltr'>dimittere</span> <span class='ocrx_word' id='word_1_740' title='bbox 2312 3573 2538 3625; x_wconf 86' lang='lat' dir='ltr'>usquedum</span> <span class='ocrx_word' id='word_1_741' title='bbox 2561 3571 2752 3614; x_wconf 86' lang='lat' dir='ltr'>Hercules</span> <span class='ocrx_word' id='word_1_742' title='bbox 2782 3569 2930 3622; x_wconf 75' lang='lat' dir='ltr'>iurare</span> 
     </span>
     <span class='ocr_line' id='line_1_120' title="bbox 1636 3631 2917 3691; baseline -0.008 -6"><span class='ocrx_word' id='word_1_743' title='bbox 1636 3656 1679 3685; x_wconf 89' lang='lat' dir='ltr'>se</span> <span class='ocrx_word' id='word_1_744' title='bbox 1700 3655 1793 3684; x_wconf 89' lang='lat' dir='ltr'>eum</span> <span class='ocrx_word' id='word_1_745' title='bbox 1813 3643 2076 3684; x_wconf 88' lang='lat' dir='ltr'>reducturum</span> <span class='ocrx_word' id='word_1_746' title='bbox 2105 3652 2205 3682; x_wconf 87' lang='lat' dir='ltr'>esse.</span> <span class='ocrx_word' id='word_1_747' title='bbox 2222 3642 2314 3682; x_wconf 85' lang='lat' dir='ltr'>Jam</span> <span class='ocrx_word' id='word_1_748' title='bbox 2331 3639 2467 3691; x_wconf 84' lang='lat' dir='ltr'>igitur,</span> <span class='ocrx_word' id='word_1_749' title='bbox 2485 3649 2613 3690; x_wconf 90' lang='lat' dir='ltr'>quum</span> <span class='ocrx_word' id='word_1_750' title='bbox 2646 3636 2750 3677; x_wconf 83' lang='lat' dir='ltr'>inter</span> <span class='ocrx_word' id='word_1_751' title='bbox 2775 3631 2917 3686; x_wconf 74' lang='lat' dir='ltr'>expedi</span> 
     </span>
     <span class='ocr_line' id='line_1_121' title="bbox 1636 3699 2890 3758; baseline -0.009 -9"><span class='ocrx_word' id='word_1_752' title='bbox 1636 3709 1788 3749; x_wconf 88' lang='lat' dir='ltr'>tionem</span> <span class='ocrx_word' id='word_1_753' title='bbox 1818 3706 1937 3758; x_wconf 83' lang='lat' dir='ltr'>Argio</span> <span class='ocrx_word' id='word_1_754' title='bbox 1969 3706 2076 3747; x_wconf 88' lang='lat' dir='ltr'>diem</span> <span class='ocrx_word' id='word_1_755' title='bbox 2123 3704 2242 3746; x_wconf 83' lang='lat' dir='ltr'>obire</span> <span class='ocrx_word' id='word_1_756' title='bbox 2280 3703 2531 3754; x_wconf 87' lang='lat' dir='ltr'>contigisset,</span> <span class='ocrx_word' id='word_1_757' title='bbox 2565 3699 2758 3743; x_wconf 83' lang='lat' dir='ltr'>Hercules</span> <span class='ocrx_word' id='word_1_758' title='bbox 2794 3705 2847 3738; x_wconf 85' lang='lat' dir='ltr'>an</span> <span class='ocrx_word' id='word_1_759' title='bbox 2861 3711 2890 3732; x_wconf 68' lang='grc' dir='ltr'>ἰ·</span> 
     </span>
     <span class='ocr_line' id='line_1_122' title="bbox 1637 3759 2907 3824; baseline -0.006 -12"><span class='ocrx_word' id='word_1_760' title='bbox 1637 3783 1822 3824; x_wconf 84' lang='lat' dir='ltr'>quaerens</span> <span class='ocrx_word' id='word_1_761' title='bbox 1836 3771 2039 3824; x_wconf 88' lang='lat' dir='ltr'>quomodo</span> <span class='ocrx_word' id='word_1_762' title='bbox 2051 3770 2280 3822; x_wconf 81' lang='lat' dir='ltr'>juramento</span> <span class='ocrx_word' id='word_1_763' title='bbox 2308 3769 2456 3820; x_wconf 83' lang='lat' dir='ltr'>staret,</span> <span class='ocrx_word' id='word_1_764' title='bbox 2473 3776 2619 3819; x_wconf 77' lang='lat' dir='ltr'>eorpus</span> <span class='ocrx_word' id='word_1_765' title='bbox 2637 3759 2833 3818; x_wconf 82' lang='lat' dir='ltr'>Licymnli</span> <span class='ocrx_word' id='word_1_766' title='bbox 2858 3785 2865 3796; x_wconf 86' lang='lat'>·</span> <span class='ocrx_word' id='word_1_767' title='bbox 2900 3779 2907 3797; x_wconf 86' lang='lat'>·-</span> 
     </span>
     <span class='ocr_line' id='line_1_123' title="bbox 1638 3825 2909 3887; baseline -0.008 -11"><span class='ocrx_word' id='word_1_768' title='bbox 1638 3836 1763 3876; x_wconf 84' lang='lat' dir='ltr'>mavit</span> <span class='ocrx_word' id='word_1_769' title='bbox 1781 3836 1930 3887; x_wconf 89' lang='lat' dir='ltr'>(atque</span> <span class='ocrx_word' id='word_1_770' title='bbox 1945 3835 2096 3876; x_wconf 87' lang='lat' dir='ltr'>cineres</span> <span class='ocrx_word' id='word_1_771' title='bbox 2110 3833 2195 3884; x_wconf 69' lang='lat' dir='ltr'>eius</span> <span class='ocrx_word' id='word_1_772' title='bbox 2213 3834 2255 3873; x_wconf 88' lang='lat' dir='ltr'>in</span> <span class='ocrx_word' id='word_1_773' title='bbox 2267 3833 2436 3884; x_wconf 86' lang='lat' dir='ltr'>patriam</span> <span class='ocrx_word' id='word_1_774' title='bbox 2451 3829 2670 3883; x_wconf 61' lang='lat' dir='ltr'>asportavit</span> <span class='ocrx_word' id='word_1_775' title='bbox 2684 3830 2715 3879; x_wconf 83' lang='grc'>)’.</span> <span class='ocrx_word' id='word_1_776' title='bbox 2735 3827 2837 3869; x_wconf 82' lang='lat' dir='ltr'>Huic</span> <span class='ocrx_word' id='word_1_777' title='bbox 2860 3825 2875 3865; x_wconf 86' lang='lat' dir='ltr'>i</span> <span class='ocrx_word' id='word_1_778' title='bbox 2882 3841 2909 3874; x_wconf 49' lang='lat' dir='ltr'>:a</span> 
     </span>
     <span class='ocr_line' id='line_1_124' title="bbox 1638 3892 2906 3950; baseline -0.008 -10"><span class='ocrx_word' id='word_1_779' title='bbox 1638 3901 1705 3940; x_wconf 87' lang='lat' dir='ltr'>tur</span> <span class='ocrx_word' id='word_1_780' title='bbox 1736 3898 1944 3950; x_wconf 87' lang='lat' dir='ltr'>Licymnio</span> <span class='ocrx_word' id='word_1_781' title='bbox 1978 3898 2108 3949; x_wconf 87' lang='lat' dir='ltr'>primo</span> <span class='ocrx_word' id='word_1_782' title='bbox 2144 3897 2221 3937; x_wconf 92' lang='lat' dir='ltr'>hoc</span> <span class='ocrx_word' id='word_1_783' title='bbox 2267 3896 2416 3937; x_wconf 79' lang='lat' dir='ltr'>funeris</span> <span class='ocrx_word' id='word_1_784' title='bbox 2445 3905 2570 3947; x_wconf 87' lang='lat' dir='ltr'>genus</span> <span class='ocrx_word' id='word_1_785' title='bbox 2601 3892 2830 3934; x_wconf 82' lang='lat' dir='ltr'>adhibitum·</span> <span class='ocrx_word' id='word_1_786' title='bbox 2861 3909 2906 3936; x_wconf 49' lang='lat' dir='ltr'>a„</span> 
     </span>
     <span class='ocr_line' id='line_1_125' title="bbox 1638 3958 2820 4012; baseline -0.006 -7"><span class='ocrx_word' id='word_1_787' title='bbox 1638 3965 1814 4004; x_wconf 86' lang='lat' dir='ltr'>narrant.</span> <span class='ocrx_word' id='word_1_788' title='bbox 1838 3963 2011 4005; x_wconf 83' lang='lat' dir='ltr'>Historia</span> <span class='ocrx_word' id='word_1_789' title='bbox 2030 3962 2117 4002; x_wconf 84' lang='lat' dir='ltr'>haec</span> <span class='ocrx_word' id='word_1_790' title='bbox 2135 3960 2240 4012; x_wconf 89' lang='lat' dir='ltr'>apud</span> <span class='ocrx_word' id='word_1_791' title='bbox 2259 3960 2486 4002; x_wconf 82' lang='lat' dir='ltr'>Andronem</span> <span class='ocrx_word' id='word_1_792' title='bbox 2503 3958 2648 4001; x_wconf 87' lang='lat' dir='ltr'>exstat.</span> <span class='ocrx_word' id='word_1_793' title='bbox 2815 3966 2820 3970; x_wconf 89' lang='grc'><em>·</em></span> 
     </span>
    </p>

    <p class='ocr_par' dir='ltr' id='par_1_30' title="bbox 1639 4089 2903 4278">
     <span class='ocr_line' id='line_1_126' title="bbox 1690 4089 2839 4152; baseline -0.011 -10"><span class='ocrx_word' id='word_1_794' title='bbox 1690 4103 1809 4152; x_wconf 79' lang='lat' dir='ltr'>Ager,</span> <span class='ocrx_word' id='word_1_795' title='bbox 1823 4099 1866 4140; x_wconf 86' lang='lat' dir='ltr'>in</span> <span class='ocrx_word' id='word_1_796' title='bbox 1881 4109 1964 4150; x_wconf 91' lang='lat' dir='ltr'>quo</span> <span class='ocrx_word' id='word_1_797' title='bbox 1979 4100 2177 4139; x_wconf 86' lang='lat' dir='ltr'>Homerus</span> <span class='ocrx_word' id='word_1_798' title='bbox 2200 4096 2414 4150; x_wconf 85' lang='lat' dir='ltr'>Thyestem</span> <span class='ocrx_word' id='word_1_799' title='bbox 2433 4095 2631 4137; x_wconf 81' lang='lat' dir='ltr'>habitasse</span> <span class='ocrx_word' id='word_1_800' title='bbox 2649 4091 2769 4141; x_wconf 86' lang='lat' dir='ltr'>dicit,</span> <span class='ocrx_word' id='word_1_801' title='bbox 2785 4089 2839 4131; x_wconf 81' lang='lat' dir='ltr'>ad</span> 
     </span>
     <span class='ocr_line' id='line_1_127' title="bbox 1639 4150 2895 4214; baseline -0.01 -10"><span class='ocrx_word' id='word_1_802' title='bbox 1639 4163 1751 4204; x_wconf 83' lang='lat' dir='ltr'>thera</span> <span class='ocrx_word' id='word_1_803' title='bbox 1763 4163 1884 4204; x_wconf 89' lang='lat' dir='ltr'>situm</span> <span class='ocrx_word' id='word_1_804' title='bbox 1897 4162 2016 4203; x_wconf 76' lang='lat' dir='ltr'>fuisse</span> <span class='ocrx_word' id='word_1_805' title='bbox 2033 4161 2197 4203; x_wconf 81' lang='lat' dir='ltr'>Andron</span> <span class='ocrx_word' id='word_1_806' title='bbox 2214 4161 2424 4203; x_wconf 86' lang='lat' dir='ltr'>historicus</span> <span class='ocrx_word' id='word_1_807' title='bbox 2445 4158 2593 4210; x_wconf 86' lang='lat' dir='ltr'>tradit,</span> <span class='ocrx_word' id='word_1_808' title='bbox 2610 4156 2670 4199; x_wconf 90' lang='lat' dir='ltr'>uti</span> <span class='ocrx_word' id='word_1_809' title='bbox 2691 4152 2860 4206; x_wconf 87' lang='lat' dir='ltr'>antiqui</span> <span class='ocrx_word' id='word_1_810' title='bbox 2876 4150 2895 4214; x_wconf 56' lang='lat'>⁵.</span> 
     </span>
     <span class='ocr_line' id='line_1_128' title="bbox 1642 4222 2896 4278; baseline -0.006 -9"><span class='ocrx_word' id='word_1_811' title='bbox 1642 4228 1802 4270; x_wconf 89' lang='lat' dir='ltr'>Homeri</span> <span class='ocrx_word' id='word_1_812' title='bbox 1819 4227 2052 4278; x_wconf 82' lang='lat' dir='ltr'>interpretes</span> <span class='ocrx_word' id='word_1_813' title='bbox 2067 4226 2244 4266; x_wconf 88' lang='lat' dir='ltr'>monent.</span> <span class='ocrx_word' id='word_1_814' title='bbox 2876 4222 2896 4246; x_wconf 70' lang='lat'>·⁵</span> 
     </span>
    </p>
   </div>
  </div>
 </body>
</html>
