3016 4628
457 280 1268 418 [DOMENEUS
1339 293 2370 458 LAMPSACENth.

99 680 155 708 ι’.-

37 727 41 734 A

40 847 43 854 i

95 710 120 725 J(

163 735 441 783 Idomeneus
467 731 518 796 (*)
544 736 665 780 inter
687 738 809 784 cives
840 739 1175 799 Lampsacenos
1206 742 1384 800 generis

83 791 337 857 fflbilitate
378 814 426 850 et
469 807 707 866 opulentia
743 812 1046 870 conspicuus3
1086 812 1257 857 clarior
1294 828 1351 858 eo
1366 847 1379 868 ,

145 900 149 911 ·
174 877 230 922 id
257 877 448 937 Epicuri
470 893 568 923 non
585 879 735 924 solum
751 883 1030 942 magisterio,
1055 882 1135 927 sed
1155 885 1291 928 etiam
1314 885 1384 928 sa-

33 1007 35 1011 .
78 949 355 1012 &liat-itate
371 964 479 994 usus
501 958 582 994 est.
600 951 656 994 In
678 951 965 1013 disciplinam
982 955 1263 1015 philosopho
1285 965 1382 1001 tuni

67 1017 72 1026 ¹
94 1010 106 1031 ³
153 1020 335 1081 juvenis
357 1020 534 1066 dedisse
552 1021 753 1079 videtur,
774 1041 920 1084 quum
946 1028 1184 1086 Lampsaci
1203 1029 1280 1072 ille
1297 1029 1384 1073 do-

39 1101 46 1126 ἰ
136 1114 152 1128 ›-
174 1107 200 1137 e
219 1100 424 1152 coeperat
457 1091 576 1152 (310
601 1108 642 1137 a.
667 1094 764 1155 C.).
788 1097 1102 1157 Quadraginta
1128 1101 1257 1143 annis
1278 1108 1383 1159 post

90 1156 103 1196 ἶ
123 1159 222 1220 ἶ370
245 1177 287 1210 a.
309 1161 383 1224 C.)
415 1163 642 1222 Epicurus
674 1165 828 1212 literas
860 1168 920 1212 ad
945 1168 1250 1214 Idomeneum
1273 1173 1381 1216 scri-

83 1232 136 1289 ”’·
149 1235 204 1292 t,
224 1234 394 1294 quibus
413 1235 724 1291 moribundus
740 1253 878 1284 senex
912 1239 1140 1300 discipulo
1164 1251 1210 1286 et
1233 1243 1381 1287 amico

39 1359 43 1364 .
84 1297 111 1327 ’ἕ
151 1305 336 1362 ledicit,
363 1321 577 1366 curaeque
600 1307 696 1366 ejus
709 1311 1004 1356 commendat
1024 1313 1194 1357 liberos
1215 1315 1384 1358 Metro·

40 1370 97 1433 ''j;
140 1377 226 1432 ri,
256 1377 386 1436 cujus
412 1393 623 1424 sororem
654 1381 865 1426 Batidem
890 1383 1165 1428 Idomeneus
1186 1400 1383 1429 uxorem

75 1458 302 1496 uxerat.
338 1452 408 1496 Ex
440 1451 511 1495 his
539 1450 599 1496 de
640 1461 796 1510 aetate,
825 1469 916 1513 qua
947 1454 1161 1500 floruerit
1196 1457 1383 1502 Idome-

32 1547 33 1552 =
137 1536 228 1578 us,
263 1523 369 1567 satis
399 1523 547 1582 liquet
583 1522 887 1583 (310—270.
916 1529 971 1573 V.
1004 1528 1205 1574 Clinton.
1229 1530 1283 1574 F.
1319 1529 1380 1574 Η.

122 1591 154 1638 (1
167 1592 214 1638 h.
235 1608 277 1640 a.
292 1592 325 1654 ).
353 1594 479 1651 Quot
506 1608 652 1638 annos
666 1604 773 1654 post
785 1605 986 1642 mortem
998 1600 1204 1659 magistri
1221 1600 1271 1643 in
1286 1600 1381 1643 vita

70 1660 295 1724 'exegerit
306 1697 320 1720 ,
346 1665 592 1710 nescimus.

29 1735 44 1799 ᾗ,
155 1736 319 1780 Patriae
342 1735 470 1780 urbis
488 1751 692 1781 summus
710 1739 998 1799 magistratus
1020 1741 1114 1786 sive
1142 1741 1385 1800 praefectus

39 1814 59 1858 j
115 1831 116 1835 =
165 1813 344 1851 tantum
359 1821 457 1850 non
480 1815 701 1866 tyrannus
720 1809 856 1854 fuisse
873 1811 1078 1859 videtur.
1094 1814 1274 1874 Rigidae
1296 1829 1383 1872 po·

33 2170 39 2200 i,

70 1871 241 1930 ζιιαιῐιεε
259 1879 519 1923 ministrum
547 1881 753 1939 appellat
769 1882 960 1931 Seneca.
989 1884 1105 1929 Cum
1137 1885 1386 1945 splendore

150 1950 291 2000 ,neris
307 1950 490 1994 homini
505 1964 736 1996 venerunt
753 1969 881 1999 vanae
898 1951 1107 2015 gloriolae
1130 1958 1356 2018 cupiditas
1370 1992 1382 2014 ,

82 2018 132 2075 .'.
236 2055 250 2078 ,
278 2022 484 2068 luxuries
511 2032 767 2084 ceteraeque
786 2027 1002 2073 libidines
1023 2043 1127 2087 quae
1175 2031 1386 2076 comitari

123 2093 238 2141 lent
258 2094 531 2154 potentiam.
555 2096 707 2141 Testes
726 2107 832 2142 sunt
853 2100 1058 2159 epistolae
1073 2134 1086 2155 ‚
1107 2101 1276 2160 quibus
1302 2102 1386 2146 de·-

39 2219 43 2227 ί
71 2187 103 2235 4·
119 2172 305 2212 'erem
324 2166 606 2227 discipulum
630 2170 857 2228 Epicurus
879 2171 940 2216 ad
973 2172 1170 2218 meliora
1195 2175 1386 2218 consilia

79 2231 123 2295 ''j‘'
140 2253 306 2285 ocare
327 2239 505 2284 studuit
520 2238 617 2301 (**).
634 2242 756 2286 Num
775 2243 892 2302 quid
901 2245 1155 2304 profecerit
1177 2247 1381 2306 ambigo-

36 2345 43 2356 ι·

34 2360 40 2371 ’
138 2367 195 2417 (*)
222 2366 365 2407 Strabo
395 2369 542 2418 xum).
578 2371 652 2408 589
673 2369 818 2416 εΑὐτὸς
837 2369 872 2409 δ’
899 2370 1124 2423 Ἐπίκουρος
1139 2372 1279 2423 τρόπον
1299 2374 1383 2414 τινὰ

115 2425 352 2476 ,αμψακηνὸς
368 2425 530 2477 ὑπῆρξε,
551 2424 748 2477 διατρίψας
769 2427 808 2466 ἐν
824 2428 1035 2479 Λαμψάκῳ
1060 2430 1125 2467 καὶ
1154 2430 1272 2480 φίλοις
1292 2445 1381 2481 χρη·

187 2495 250 2527 νος
270 2486 348 2527 τοῖς
372 2482 540 2533 ἀρίστοις
559 2487 635 2523 τῶν
658 2485 696 2524 ἐν
715 2489 761 2536 τῇ
780 2485 887 2524 πόλει
906 2485 1051 2537 ταύτῃ,
1079 2490 1157 2532 τοῖς
1182 2489 1266 2538 περὶ
1290 2488 1384 2529 Ἰδο-

78 2567 79 2570 =
99 2538 122 2586 J*
155 2540 199 2580 έα
214 2541 280 2580 καὶ
295 2541 475 2580 Λεοντέα.

110 2626 118 2636 ,,
134 2597 247 2652 mog.
276 2599 320 2637 Ι..
341 2599 403 2645 X,
416 2604 480 2648 25,
497 2599 707 2649 discipulos
720 2598 878 2649 Epicuri
896 2610 1126 2641 recensens:
1145 2603 1326 2648 Λεοντεύς
1342 2618 1383 2644 τε

124 2652 351 2707 ἀμψακηνὸς
367 2657 510 2707 ὁμοίως
529 2659 594 2697 καὶ
613 2660 638 2704 ἡ
654 2657 792 2696 τούτου
808 2658 902 2705 γύνη
921 2659 1095 2708 Θεμίστα
1107 2688 1116 2706 ,
1135 2660 1226 2711 πρὸς
1250 2661 1297 2708 ἢν
1312 2664 1383 2702 καὶ

39 2710 56 2744 ’·,«
77 2722 88 2758 f
102 2715 114 2719 “”
133 2725 270 2764 γραφεν
293 2713 316 2752 ὁ
341 2712 569 2765 Ἐπίκουρος
582 2743 595 2764 ,
619 2714 674 2753 ἔτι
695 2715 735 2753 δὲ
756 2715 938 2762 Κολώτης
966 2717 1031 2754 καὶ
1052 2716 1259 2768 Ἰδομενεὺς
1273 2749 1285 2769 ,
1316 2724 1382 2760 καὶ

40 2795 48 2805 Ι,
76 2770 131 2814 ἰὴ*
164 2771 193 2810 ὶ
211 2772 494 2823 Λαμψακηνοί·
516 2774 581 2812 καὶ
602 2772 707 2825 οὗτοι
726 2774 794 2823 μὲν
817 2774 1024 2824 ἐλλόγιμοι.

15 2843 16 2846 ¹
138 2827 245 2868 idem
263 2830 316 2876 X,
339 2834 386 2869 23
422 2845 431 2870 ε
455 2830 758 2881 (Μητρόδωρος)
783 2832 852 2878 τήν
882 2831 1044 2882 ἀδελφὴν
1070 2833 1215 2873 Βατίδα
1238 2834 1383 2880 ἐξέδοτο

114 2907 131 2919 ι
146 2890 279 2936 μενεῖ.

37 2938 68 2990 ‘s
91 2936 114 2978 2³
134 2942 247 2983 mem
267 2945 320 2992 X,
341 2949 364 2984 3
391 2960 399 2984 :
423 2945 614 2985 Dicebant
629 2945 809 2984 nonnulli
824 2945 873 2985 de
894 2946 1065 2995 Epicuro
1081 2958 1173 2987 eum
1189 2949 1384 3001 Ἰδομενέα

43 3027 47 3040 ,ι
66 3009 141 3043 ,ἱ
167 3001 371 3053 Ἡρόδοτον
387 3004 454 3042 καὶ
467 3003 726 3054 Τιμοκράτην,
742 3004 829 3049 τοὺς
849 3004 1023 3044 ἔκπυστα
1038 3006 1156 3045 αὐτοῦ
1175 3007 1223 3046 τὰ
1248 3009 1384 3061 κρύφια

44 3071 65 3115 ξς·
78 3062 113 3107 ”,
125 3077 140 3090 1>
155 3059 322 3107 ἡσαντας
334 3088 346 3108 ,
364 3061 613 3112 ἐγκωμιάζειν
625 3063 691 3100 καὶ
708 3063 944 3102 κολακεύειν.

39 3121 42 3146 ³
91 3117 347 3171 ’ζςΑῑΙιεηωυε
365 3119 452 3166 Vll,
474 3130 513 3168 p.
528 3122 603 3159 279
623 3120 652 3158 F
675 3131 684 3157 z
701 3119 851 3166 Ταύτης
869 3121 957 3169 (τῆς
973 3121 1159 3173 γαστρὸς)
1177 3122 1249 3174 γὰρ
1261 3123 1384 3163 ἕνεκεν

55 3182 75 3189 ’·
111 3169 218 3226 ζᾶνὴρ
245 3175 311 3214 καὶ
329 3179 397 3222 τῆς
427 3175 542 3222 ἄλλης
557 3180 623 3222 τῆς
642 3177 743 3215 κατὰ
762 3177 889 3229 σάρκα
920 3179 1059 3226 ἡδονῆς
1091 3180 1294 3220 ἐκολάκευε
1318 3184 1384 3222 καὶ

96 3233 276 3284 ηιμενέα
289 3234 356 3272 καὶ
376 3233 678 3293 Μητρόδωρον...
707 3233 935 3287 Ἐπίκουρος
960 3236 1034 3287 γὰρ
1049 3236 1096 3285 ἦν
1117 3237 1138 3276 ὁ
1158 3237 1304 3277 τούτων
1324 3239 1382 3278 δι-

129 3297 148 3319 θ’

92 3289 358 3396 {quzgiog
381 3348 419 3386 X
432 3376 445 3395 ‚
473 3351 519 3386 22
538 3359 549 3386 ι
576 3346 676 3393 Ἤδη
702 3346 743 3386 δὲ
758 3348 943 3387 τελευτῶν
962 3348 1233 3400 (Ἐπίκουρος)
1250 3351 1382 3402 γράφει

88 3411 149 3462 0⁶³
183 3403 378 3455 Ἰδομενέα
388 3404 490 3450 τήνδ’
499 3404 718 3450 ἐπιστολήν·
731 3419 750 3438 «
763 3406 841 3452 Τήν
855 3406 1045 3458 μακαρίαν
1058 3407 1213 3457 ἄγοντες
1225 3410 1289 3447 καὶ
1303 3409 1384 3459 ἅμα

46 3478 51 3486 ·
83 3468 147 3498 ³
213 3462 304 3501 αίαν
320 3462 464 3514 ἡμέραν
477 3465 546 3502 τοῦ
560 3462 646 3514 βίου
657 3490 668 3509 ,
685 3462 896 3514 ἐγράφομεν
914 3467 1004 3515 ὑμῖν
1021 3466 1153 3505 ταυτί·
1168 3480 1382 3517 στραγγου-

40 3542 53 3563 s·
76 3542 77 3545 ¹

71 3575 83 3626 If
98 3569 130 3631 ’Δ
148 3574 423 3630 (λείποντατοῢ
436 3578 474 3617 ἐν
491 3578 639 3624 ἑαυτοῖς
657 3579 855 3628 μεγέθους.
872 3579 1222 3637 Ἀντιπαρετάττετο
1234 3581 1273 3620 δὲ
1286 3585 1382 3622 πᾶσι

131 3514 139 3549 ἶ
167 3531 211 3559 τε
227 3520 562 3571 παρηκολουθήκει
585 3521 652 3558 καὶ
674 3520 919 3572 δυσεντερικὰ
938 3522 1040 3568 πάθη
1053 3551 1065 3569 ,
1085 3524 1297 3574 ύπερὸολὴν
1313 3525 1384 3564 οὐκ

42 3658 47 3667 ι
91 3635 145 3687 ’.π
177 3647 234 3680 οις
253 3635 299 3674 τὸ
328 3635 430 3674 κατὰ
453 3635 582 3686 ψυχὴν
614 3639 749 3686 χαῖρον
776 3636 838 3675 ἐπὶ
870 3641 918 3686 τῇ
937 3640 1013 3675 τῶν
1049 3637 1267 3687 γεγονότων
1289 3640 1381 3688 ἡμῖν

43 3735 69 3765 ¹3

66 3795 70 3802 ,
104 3753 118 3795 f
142 3772 157 3781 Α·
205 3750 298 3802 πρὸς
313 3749 380 3801 ἐμὲ
395 3751 463 3790 καὶ
482 3749 704 3802 φιλοσοφίαν
742 3751 922 3802 ἐπιμελοῦ
948 3755 1026 3816 τῶν
1058 3751 1206 3791 παίδων
1233 3755 1382 3804 Μητρο-

39 3813 42 3816 ’
79 3818 81 3822 ’
131 3825 133 3830 ·
214 3820 217 3821 ’
251 3821 272 3842 ν

46 3670 52 3693 ³
82 3694 156 3721 ]
171 3695 343 3743 ογισμῶν
371 3693 521 3744 μνήμῃ.
544 3693 597 3732 Σὺ
615 3692 649 3732 δ’
672 3693 786 3739 ἀξίως
803 3698 869 3741 τῆς
895 3695 939 3733 ἐκ
958 3695 1155 3745 μειρακίου
1181 3696 1380 3746 παραστά-

86 3829 121 3862 ”
293 3865 369 3915 Ερ.
389 3866 423 3914 1,
439 3868 484 3905 21
503 3881 513 3904 ε
537 3867 675 3912 Quum
686 3864 909 3907 Idomeneo
919 3865 1121 3906 scriberet
1134 3865 1147 3915 (
1161 3865 1376 3917 Epicurus)

144 3907 284 3973 illum,
296 3932 325 3961 a
339 3923 434 3962 vita
448 3925 634 3974 speciosa
647 3924 708 3964 ad
711 3923 889 3974 fidelem
899 3924 1178 3975 stabilemque
1193 3924 1375 3974 qloriam

82 3979 86 3988 ⁸
151 3994 180 4010 »a
211 3980 308 4018 aret
325 3978 479 4029 riqidae
512 3983 616 4021 tunc
630 3983 834 4032 potentioe
852 3983 1106 4021 ministrum
1138 3983 1180 4021 et
1214 3991 1374 4030 maqna

41 4052 43 4054 ·
190 4034 352 4074 tantem
371 4047 386 4074 .·
401 4050 422 4070 «ι
438 4038 483 4076 Si
503 4037 664 4086 plor-ia,
689 4040 857 4089 inquit,
883 4041 1093 4089 tanqeris,
1114 4040 1319 4078 notiorem
1336 4041 1375 4079 te

43 4096 90 4147 'ff
161 4116 163 4118 -
181 4090 278 4132 τοίω
293 4091 607 4143 meaefacerent
621 4124 634 4144 ,
647 4106 780 4147 quam
799 4098 947 4136 omnia
967 4098 1053 4136 ista
1067 4123 1079 4144 ‚
1097 4106 1195 4146 quae
1209 4096 1313 4136 colis
1331 4099 1373 4136 et

44 4177 56 4196 ,γ

44 4196 72 4232 ιι
114 4213 121 4232 ,-

134 4149 268 4203 ¹-pter
293 4159 391 4200 quie
409 4150 574 4192 coleris.
605 4167 626 4187 ι»
649 4155 767 4193 Num
789 4152 899 4204 quid
918 4163 1016 4203 erqo
1044 4154 1249 4193 mentitus
1275 4155 1373 4193 este²

1457 744 1731 804 Quanquam
1776 748 1972 793 Sintenis
2016 749 2103 810 (ad
2143 753 2263 798 Plut.
2295 758 2455 803 Pericl.
2518 764 2624 811 Exc.
2672 770 2729 821 V.

1457 830 1506 874 p.
1529 814 1644 877 314)
1672 834 1728 863 ex
1754 820 1903 865 verbis
1934 819 2118 867 Senecae
2155 843 2174 864 α
2197 829 2358 883 ri'gidoe
2394 839 2501 875 tunc
2518 844 2734 893 potentioe

1458 892 1708 935 ministrum
1752 893 1924 937 »haud
1966 895 2333 954 improbabiliter
2363 904 2515 963 colligi
2552 920 2729 968 censet,

1457 961 1704 1019 postmodo
1723 963 2023 1009 idomeneum
2045 982 2092 1011 se
2115 968 2344 1016 abdicasse
2364 973 2448 1017 isto
2462 977 2725 1027 ministerio.

1521 1033 1708 1093 Scripsit
1731 1035 2006 1081 Idomeneus
2023 1053 2138 1097 opus
2162 1040 2267 1102 Περὶ
2284 1042 2582 1105 Σωκρατικῶν,
2604 1052 2730 1108 quod

1456 1105 1826 1151 semellaudatur
1860 1123 2068 1167 expresse
2097 1111 2177 1169 (fr.
2210 1114 2278 1171 ι),
2307 1114 2377 1158 bis
2413 1116 2618 1164 innuitur
2642 1121 2730 1165 sra-

1457 1184 1750 1233 gmentorum
1783 1176 1855 1237 (a.
1899 1179 1954 1239 3)
1993 1185 2285 1241 argumentis.
2322 1183 2414 1229 sed
2449 1187 2595 1244 major
2633 1206 2736 1250 pars

1460 1247 1760 1305 reliquiarum
1777 1249 1836 1295 de
1845 1251 1954 1295 viris
1964 1254 2055 1312 agit
2072 1255 2238 1313 quibus
2254 1271 2357 1299 cum
2370 1258 2609 1304 Socraticis
2625 1263 2735 1308 nihil

1457 1316 1544 1360 suit
1562 1320 1750 1377 negotii.
1769 1321 1841 1364 Ibi
1871 1337 2023 1368 sermo
2047 1334 2113 1369 est
2125 1326 2184 1371 de
2206 1327 2322 1371 luxu
2340 1329 2734 1390 Pisistratidamn„

1459 1387 1517 1432 de
1547 1389 1861 1436 Themistoclis
1889 1392 2110 1458 ἀσελγείᾳ,
2137 1396 2196 1441 de
2216 1398 2415 1453 Pericle,
2442 1402 2521 1458 qui
2550 1403 2732 1462 Ephial-

1461 1468 1551 1503 tem
1574 1461 1845 1507 sicariorum
1867 1460 2008 1509 manu
2032 1481 2058 1511 e
2078 1467 2235 1511 medio
2270 1470 2523 1525 sustulerit,
2549 1473 2607 1516 de
2635 1478 2735 1520 Ari-

1458 1531 1601 1587 stide,
1623 1533 1880 1592 Hyperide,
1905 1537 2228 1595 Demosthene,
2241 1540 2475 1595 AEschine,
2490 1543 2733 1592 Phocione.

1458 1602 1614 1647 Nihilo
1638 1606 1782 1649 secius
1808 1606 1907 1651 haec
1931 1609 2086 1654 omnia
2110 1624 2166 1654 cx
2189 1610 2354 1655 eodem
2380 1610 2488 1674 Περὶ
2515 1613 2736 1674 Σωκρατι·

1458 1674 1544 1719 κῶν
1581 1690 1723 1734 opere
1746 1674 1925 1722 fluxisse
1946 1681 2102 1723 statuit
2130 1682 2348 1738 Sintenis,
2381 1699 2559 1729 memor
2591 1687 2736 1731 Theo·

1457 1748 1621 1807 pompi
1641 1749 1932 1808 aliorumque
1952 1753 2230 1811 scriptorum
2246 1787 2259 1808 ‚
2286 1756 2364 1813 qui
2389 1755 2448 1799 ad
2473 1772 2543 1801 res
2568 1773 2593 1803 a
2626 1774 2735 1817 pro·

1458 1819 1612 1877 posito
1636 1831 1909 1880 argumento
1928 1823 2096 1868 alienas
2125 1827 2306 1885 evagari
2328 1829 2486 1884 quavis
2501 1831 2736 1875 occasione

1459 1888 1690 1935 adamant.
1716 1911 1736 1933 ι
1757 1893 1994 1952 Inprimis,
2015 1896 2101 1952 ait,
2119 1896 2195 1941 hic
2210 1899 2515 1945 nominandus
2529 1909 2594 1945 est
2616 1902 2733 1946 Pha-

1459 2020 1711 2062 incidisset?
1743 2025 1894 2064 Omnes
1915 2025 2011 2064 illos
2033 2029 2299 2077 meqistanas
2317 2031 2360 2068 et
2383 2032 2587 2081 satrapas
2610 2035 2653 2071 et
2674 2043 2736 2071 re-

1460 2087 1551 2126 qem
1571 2080 1712 2127 ipsum
1725 2109 1736 2129 ,
1754 2090 1807 2119 ex
1823 2091 1905 2130 quo
1924 2081 2132 2122 Idomenei
2150 2085 2303 2125 titulus
2321 2086 2557 2137 petebatur,
2573 2089 2727 2128 oblivio

1459 2134 1553 2174 alta
1568 2140 1814 2186 suppressit.
1829 2161 1881 2171 —
1903 2138 2010 2178 ldem
2026 2140 2154 2190 paullo
2172 2146 2282 2191 post:
2305 2146 2577 2196 Quoscnnqne
2591 2149 2635 2186 in
2655 2158 2734 2186 me·

1461 2191 1581 2232 dium
1608 2194 1798 2242 fortuna
1813 2197 2024 2246 protulit,
2046 2200 2285 2250 quicunqne
2305 2201 2493 2240 membra
2518 2204 2560 2242 ee
2584 2206 2733 2253 partes

1459 2250 1615 2290 alienoe
1623 2254 1825 2301 potentiae
1830 2253 2040 2302 juerant,
2060 2255 2214 2295 horum
2239 2261 2385 2305 qratia
2410 2260 2569 2307 viquit,
2586 2259 2732 2301 domnis

1459 2306 1737 2359 frequentata
1767 2313 1855 2356 est,
1890 2311 1995 2351 dnm
2021 2314 2102 2362 ipsi
2129 2316 2342 2354 steterunt
2362 2327 2375 2352 :
2402 2318 2499 2365 post
2518 2319 2626 2367 ipsos
2648 2321 2731 2358 cito

1458 2369 1662 2406 memoria
1677 2367 1847 2418 defecit,
1863 2371 2130 2419 inaeniorum
2142 2374 2291 2411 crescit
2309 2371 2524 2422 diqnatio:
2542 2384 2617 2413 nec
2631 2378 2731 2425 ipsis

1458 2425 1628 2463 tantam
1652 2424 1784 2465 lionoi·
1811 2426 2011 2474 liabetur,
2044 2427 2119 2467 sed
2141 2428 2353 2479 quidquid
2374 2429 2553 2469 illorum
2581 2442 2730 2471 niema-

1458 2483 1538 2520 rioe
1554 2482 1762 2531 adlioesit,
1790 2487 2017 2534 excipitur.
2040 2488 2098 2525 Ne
2110 2489 2246 2535 qratis
2265 2486 2503 2526 Idomeneus
2521 2491 2563 2527 in
2579 2492 2729 2538 episto·

1460 2541 1549 2580 lam
1565 2551 1700 2579 meam
1720 2545 1905 2589 venerit,
1931 2545 2020 2592 ipse
2045 2554 2139 2583 eam
2156 2544 2207 2583 de
2236 2556 2311 2583 suo
2327 2545 2517 2584 redimet.
2540 2547 2602 2585 Ad
2620 2546 2731 2588 teum

1457 2599 1672 2647 Epicurus
1691 2598 1815 2638 illam
1832 2599 2010 2641 nobilem
2034 2603 2286 2640 sententiam
2302 2603 2495 2650 scripsit,
2523 2613 2607 2651 qim
2631 2602 2729 2642 lior·

1460 2657 1594 2698 tatur,
1617 2657 1667 2694 ut
1701 2656 1924 2705 Pythoclea
1941 2657 2012 2706 (de
2031 2668 2109 2707 quo
2126 2668 2163 2695 v.
2184 2658 2290 2707 Diog,
2314 2659 2356 2696 l..
2389 2659 2441 2703 Χ,
2460 2664 2498 2706 5,
2524 2661 2595 2706 86)
2622 2660 2730 2699 locu·

1455 2712 1610 2761 ptetem
1632 2722 1715 2751 non
1734 2713 1907 2762 publica
1936 2723 2010 2753 nec
2036 2716 2214 2762 ancipiti
2248 2717 2315 2754 via
2333 2716 2493 2763 saciat.
2515 2729 2533 2746 ι
2569 2719 2611 2755 st
2643 2720 2728 2765 vis,

1457 2772 1623 2819 inquit,
1648 2771 1879 2820 Pythoclea
1900 2770 2078 2810 divitem
2095 2771 2274 2819 facere,
2304 2782 2385 2810 non
2411 2775 2601 2822 pecunia!
2621 2773 2728 2823 adji-

1457 2826 1667 2877 ciendum,
1686 2828 1762 2868 sed
1775 2827 2083 2878 cupiditatibus
2099 2828 2411 2868 detrahendum
2429 2832 2501 2867 est.
2524 2845 2544 2863 ι

1509 2887 1654 2925 Seneca
1674 2889 1743 2935 Ep.
1770 2891 1816 2925 22
1831 2899 1840 2925 :
1855 2886 1973 2926 Nulli
1990 2896 2151 2925 necesse
2166 2887 2231 2925 est
2241 2885 2504 2934 felicitatem
2526 2896 2653 2925 cursu
2670 2898 2729 2927 se·

1458 2944 1531 2993 qui
1553 2954 1566 2980 .-
1583 2946 1646 2981 est
1665 2943 1858 2994 aliquid,
1879 2946 2011 2982 etiam
2029 2945 2066 2981 si
2093 2952 2177 2982 non
2211 2952 2463 2991 reptiqnare,
2487 2942 2728 2994 subsistere,

1461 3011 1535 3040 nec
1571 3003 1735 3040 instare
1754 3001 2180 3050 sortunaeserenti...
2214 3002 2391 3050 Epicuri
2422 3000 2640 3048 epistotam
2671 3003 2732 3042 ad

1459 3057 1573 3096 lianc
1595 3068 1685 3097 rem
1715 3060 1996 3107 pertinentem
2025 3059 2130 3108 leqi,
2166 3055 2379 3096 Idomeneo
2402 3067 2501 3107 qnoe
2517 3056 2728 3101 scribitur,

1465 3117 1593 3160 Quem
1609 3118 1729 3165 roqat
1754 3117 1802 3154 ut
1822 3118 2032 3166 quantum
2059 3117 2193 3165 potest
2208 3114 2360 3163 snqiat
2382 3116 2423 3152 et
2444 3116 2636 3164 properet
2655 3124 2728 3153 an-

1462 3176 1632 3223 tequam
1649 3174 1798 3223 atiqua
1817 3175 1877 3212 vis
1902 3174 2040 3222 major
2061 3174 2341 3218 interveniat,
2358 3170 2587 3220 clauserat
2609 3171 2729 3210 tiber·

1462 3233 1594 3270 tatem
1615 3229 1851 3270 recedendi.
1878 3230 1996 3270 Idem
2015 3233 2157 3283 tamen
2176 3230 2347 3278 subjicit
2362 3258 2374 3276 ,
2408 3228 2520 3267 nihil
2538 3238 2622 3266 esse
2638 3230 2727 3267 ten·

1460 3288 1672 3337 tandum,
1696 3290 1781 3328 nisi
1817 3298 1951 3338 quum
1982 3290 2083 3338 apte
2113 3289 2272 3337 poterit
2301 3286 2617 3335 tempestiveque
2649 3286 2728 3337 ten·

1460 3349 1546 3386 tari
1572 3362 1581 3385 z
1606 3345 1683 3385 sed
1711 3356 1845 3397 quum
1864 3344 1981 3385 illud
2007 3348 2171 3394 tempus
2202 3343 2276 3383 din
2302 3345 2521 3391 captatum
2548 3342 2726 3386 tenerit.

1457 3403 1745 3444 exsiliendum
1768 3405 1845 3443 ait.
1871 3404 2113 3443 Dormitare
2131 3402 2183 3441 de
2193 3400 2305 3451 snqa
2328 3402 2581 3449 coqitantem
2597 3400 2726 3445 vetat,

1456 3463 1498 3501 et
1515 3463 1660 3511 sperat
1679 3462 1806 3499 etiam
1832 3469 1886 3499 ex
1916 3459 2185 3508 difficillimis
2215 3458 2452 3497 salutarem
2470 3458 2659 3502 exitum,
2686 3461 2723 3494 si

1457 3528 1530 3557 nec
1559 3527 1834 3568 properemus
1873 3518 1979 3556 ante
2007 3517 2191 3566 tempus,
2225 3525 2297 3554 nec
2325 3523 2529 3553 cessemus
2559 3515 2602 3551 in
2629 3514 2725 3550 tem·

1453 3585 1569 3624 pore.
2696 3627 2703 3633 ¹

1505 3623 1705 3671 Plutarch'.
1727 3631 1817 3670 adv.
1831 3630 1996 3671 Coloten
2029 3641 2067 3680 p.
2087 3633 2199 3679 1127,
2222 3631 2251 3669 F
2271 3641 2281 3667 :
2302 3628 2421 3668 Πάλιν
2436 3628 2491 3675 δὲ,
2509 3626 2721 3675 otiien-ww

1453 3702 1533 3739 φων
1559 3690 1649 3741 πρὸς
1669 3690 1858 3740 Ἰδομενέα
1879 3689 2159 3735 διακελεύεται,
2177 3688 2230 3737 μή
2245 3686 2373 3735 νόμοις
2399 3687 2462 3723 καὶ
2482 3685 2602 3727 δόξαις
2634 3683 2719 3721 δον·

1453 3747 1609 3787 λεύοντα
1625 3751 1706 3798 ζῆν,
1723 3746 1781 3797 ἐφ’
1790 3747 1882 3786 ὅσον
1897 3747 1943 3785 ἂν
1957 3747 2009 3796 μὴ
2026 3747 2093 3793 τήν
2109 3745 2171 3784 διὰ
2189 3747 2257 3783 τοῦ
2268 3744 2380 3786 πέλας
2396 3742 2438 3779 ἐκ
2450 3741 2591 3788 πληγῆς
2609 3739 2718 3787 6122»,-

1451 3819 1512 3844 σιν
1527 3805 1882 3856 παρασκευάζωσιν.
2565 3853 2574 3862 ,
2684 3854 2689 3861 ι

1500 3863 1664 3903 Photius
1678 3863 1978 3904 Le1.:lli.'i⁰·.a
1992 3862 2073 3901 καὶ
2093 3861 2264 3906 Δήλια.
2287 3857 2389 3896 Φασὶ
2407 3856 2718 3903 Πολυκρατηντον

1449 3919 1579 3970 Σάμου
1600 3921 1779 3971 τύραννον
1797 3920 1922 3960 Πύθια
1950 3921 2015 3958 καὶ
2048 3919 2170 3965 Δήλια
2199 3916 2410 3960 ποιήσαντα
2437 3912 2517 3960 ἅμα
2534 3912 2571 3949 ἐν
2586 3910 2714 3974 Aram.

1447 3978 1594 4029 πέμψαι
1611 3980 1663 4024 εἰς
1683 3980 1770 4017 θεοῦ
1797 3978 2052 4028 χρησόμενον,
2071 3977 2103 4015 εἰ
2120 3975 2167 4012 τὰ
2195 3977 2259 4018 τῆς
2279 3970 2409 4013 θυσίας
2440 3969 2521 4016 ἆΥῑῑ
2541 3967 2715 4033 mnf&

1446 4036 1657 4085 ὡρισμένον
1686 4036 1842 4087 χρόνον·
1865 4036 1934 4082 τήν
1961 4035 2001 4073 δὲ
2023 4032 2168 4073 Πυθίαν
2188 4030 2343 4075 ἀνελεῖν,
2371 4025 2567 4094 ταῦταὶσιοξ
2596 4023 2714 4088 Πύθια

1444 4094 1509 4132 καὶ
1522 4094 1657 4141 Δήλια,
1679 4094 1910 4144 βουλομένην
1930 4093 2067 4138 δηλοῦν
2089 4090 2146 4128 ὄτι
2179 4087 2344 4135 ἔσχατα·
2372 4094 2439 4131 μετ
2484 4082 2607 4129 ολιγον
2643 4092 2715 4148 γαρ

1443 4150 1577 4202 χρόνον
1607 4152 1723 4191 αὐτὸν
1759 4150 1966 4190 ἀπολέσθαι
1997 4147 2148 4191 συνέόη.
2169 4142 2390 4190 Ἐπίκουρος
2406 4139 2444 4178 δὲ
2469 4139 2506 4177 ἐν
2535 4139 2607 4175 τινὶ
2639 4150 2712 4175 των

155 4224 165 4259 5
219 4203 444 4252 Idomenea
458 4210 621 4259 nosset,
647 4211 730 4251 nisi
750 4212 966 4261 Epicuriis
989 4209 1115 4250 illum
1129 4211 1217 4251 suis
1229 4209 1368 4250 literis
1427 4207 1531 4260 ’πρὸς
1541 4209 1731 4260 Ἰδομενέα
1746 4209 1953 4249 ἐπιστολῶν
1965 4210 2106 4245 ταῦτα·
2121 4201 2263 4242 Eadem
2279 4195 2429 4238 suldu-
