3008 4542
673 131 1389 313 ΜΑΝΕΤΗΟ
1466 200 2299 310 SERENNYTA.

157 613 166 619 ²*
227 642 429 689 suidas:
466 638 697 696 Μάνεοως,
723 636 894 694 Μένδης
927 634 1164 698 (Menam
1200 652 1238 682 ⁵,
1281 634 1451 691 Μενδή-

98 735 113 769 3
165 728 254 766 σιος
289 711 508 772 Kiister.)
544 713 620 767 τῆς
655 707 902 772 Αἰγύπτου,
942 705 1162 771 ἀρχιερεύς
1204 707 1297 767 (sic
1342 710 1447 754 Mss.

111 790 123 808 “·
165 785 353 840 Pariss.;
378 786 428 828 in
445 784 613 842 reliqq.
637 780 816 845 ἱερεύς).
836 778 1034 844 Ἔγραψε
1055 778 1166 844 Περὶ
1183 781 1452 835 κατασκευῆς

101 863 105 865 ’
165 854 340 919 κυφίων.

212 925 435 978 [Μάνεθως
457 925 509 990 (*)
525 961 537 982 ‚
559 923 827 977 Διοσπόλεως
850 926 924 980 τ’ἧς
940 921 1161 985 Αἰγύπτου
1185 921 1213 979 ἢ
1236 920 1450 970 Σεὸεννύ-

95 992 102 1050 ,ᾗ
165 1014 258 1054 της.
286 996 595 1058 Φυσιολογικά.
618 994 1011 1057 Ἀποτελεσματικὰ
1036 994 1087 1041 δι’
1112 996 1224 1041 ἐπῶν
1246 993 1319 1040 καὶ
1341 994 1451 1041 ἄλλα

52 1095 54 1100 ν
96 1075 104 1110 Γ
159 1068 257 1116 τινὰ
284 1067 674 1132 ἀστρονομούμενα.

226 1143 443 1188 Manetho
510 1141 788 1202 (aegyptiace
819 1141 1158 1196 ilfa-n-tlzotlz,
1214 1141 1448 1200 Μανεθῶθ,

97 1176 110 1195 4

162 1215 194 1261 i.
215 1228 253 1259 e.
274 1215 407 1257 clatus
429 1229 461 1256 α
489 1213 675 1275 Thotlz.,
699 1211 989 1276 Ἑρμόδωρος.
1014 1215 1068 1259 V.
1084 1214 1282 1258 Bunsen.
1305 1216 1452 1272 AEgr-

86 1287 268 1347 1='·.-pten
297 1295 410 1330 tom.
447 1287 496 1341 Ι,
530 1301 580 1344 p.
623 1285 711 1347 91)
753 1286 979 1330 oriundus
1016 1285 1104 1328 fuit
1126 1300 1150 1329 e
1186 1286 1450 1343 Sebennyto

93 1368 101 1383 ²
162 1354 309 1417 (nunc
346 1357 651 1418 Semmenud)
691 1357 840 1413 urbe,
876 1371 978 1415 quae
1018 1365 1160 1414 caput
1192 1365 1290 1399 erat
1322 1357 1451 1399 nomi

100 1455 109 1475 ‚-
160 1430 466 1488 cognominiS.
505 1429 770 1488 Sebennyta
807 1430 930 1473 enim
954 1429 1170 1473 Manetho
1198 1444 1296 1472 non
1326 1427 1451 1487 apud

88 1495 106 1525 ’“’
160 1500 348 1546 Suidam
369 1510 546 1545 tantum
565 1502 840 1560 appellatur,
865 1500 946 1545 sed
960 1501 1098 1544 etiam
1121 1500 1249 1559 apud
1268 1501 1447 1546 Plutar-

83 1571 109 1630 g'
159 1573 300 1616 chum
326 1575 395 1617 De
416 1574 477 1619 Is.
515 1582 560 1618 et
582 1575 655 1619 Os.
680 1589 722 1619 e.
754 1588 783 1632 9
808 1581 853 1617 et
885 1571 945 1616 28
982 1572 1067 1632 (fr.
1100 1570 1158 1628 75
1193 1580 1238 1615 et
1264 1571 1368 1632 78).
1395 1574 1449 1615 In

94 1650 106 1670 ³
160 1646 354 1704 epistola
385 1661 524 1703 quom
546 1646 782 1690 Manetho‘
797 1644 858 1690 ad
891 1645 1190 1688 Ptolemaeum
1220 1643 1449 1688 Philadel-

54 1763 55 1766 ,
110 1751 112 1753 -
158 1716 304 1776 phum
338 1717 564 1776 scripsisse
600 1716 798 1774 dicitur,
832 1717 1051 1776 leguntur
1073 1716 1169 1759 haec
1207 1730 1218 1758 :

94 1774 113 1847 ξν
160 1783 378 1849 ἀρχιερεὺς
411 1785 484 1832 καὶ
507 1784 788 1849 γραμματεὺς
822 1788 908 1832 τῶν
949 1788 1047 1832 κατ’
1065 1784 1287 1847 Αἴγυπτον
1325 1786 1448 1849 ἱερῶν

87 1872 102 1881 ·“
162 1857 342 1915 ἀδύτων,
382 1855 494 1920 γένει
531 1855 796 1916 Σεὸεννύτης
845 1857 1052 1922 ὑπάρχων
1094 1856 1444 1914 Ἥλιουπολίτης.

1260 1715 1449 1761 Μανεθῶ

61 1930 87 1954 Ψ
157 1931 271 1989 Quae
305 1931 500 1990 epistola
536 1932 743 1990 quamvis
776 1931 961 1975 serioris
982 1931 1184 1975 hominis
1208 1931 1345 1975 foetus
1369 1933 1447 1987 sit,

48 1999 59 2062 ἶ,
160 2001 295 2045 nihil·
323 2010 477 2061 tamep
512 2002 663 2046 obstat
693 2003 807 2062 quin
839 2012 965 2047 recte
1001 2003 1221 2047 Manetho
1268 2003 1449 2047 dicatur

88 2095 100 2110 -.
154 2067 464 2128 Heliopolim.
502 2068 652 2127 Igitur
697 2069 747 2111 in
769 2066 1007 2127 Heliopoli
1033 2068 1152 2112 urhe
1187 2076 1232 2111 et
1269 2068 1344 2112 dei
1378 2070 1449 2112 sui
1523 2073 1614 2119 285
1634 2091 1676 2120 a.
1718 2077 1766 2122 C.
1794 2077 2010 2121 Ceterum
2035 2076 2143 2119 huic
2166 2076 2366 2134 Syncelli
2394 2076 2659 2119 testimonio
2679 2074 2806 2118 haud

48 2187 54 2209 ;
79 2132 117 2202 ’
160 2139 284 2182 cultu
297 2148 342 2183 et
362 2140 504 2184 literis
525 2140 646 2183 clara
662 2137 743 2201 (**)
764 2156 956 2185 munere
973 2140 1247 2185 sacerdotali
1265 2140 1448 2185 functus

56 2211 58 2214 ’
99 2224 101 2226 ·
157 2210 228 2255 sit.
255 2212 377 2255 Num
395 2227 507 2255 vero
532 2211 672 2255 fuerit
699 2209 918 2274 ἀρχιερεύς
955 2227 1013 2256 an
1033 2208 1168 2274 ἱερεύς
1207 2213 1257 2255 in
1289 2213 1446 2256 medio

87 2324 91 2328 .
158 2281 388 2340 relinquo.
411 2308 476 2316 -—
501 2283 829 2328 Manethonem
864 2285 1152 2328 Mendesium
1174 2299 1313 2343 quem
1345 2286 1447 2330 Sui-

54 2352 56 2355 *
94 2403 95 2406 Ἴ
159 2355 240 2399 das
285 2355 344 2399 de
398 2357 500 2419 κῦφι
546 2355 795 2400 suffimenti
829 2358 1171 2416 praeparatione
1219 2357 1446 2416 scripsisse

50 2469 53 2473 ,
94 2483 99 2487 ⁴
151 2427 244 2483 ¹ait,
270 2428 384 2472 alius
417 2444 554 2472 nemo
590 2438 836 2476 memorat.
863 2431 1133 2489 Vereorque
1156 2444 1215 2473 ne
1245 2429 1371 2473 idem
1390 2430 1446 2474 sit

110 2551 111 2554 ¹
160 2514 263 2543 cum
307 2500 582 2559 Sebennyta.
611 2501 744 2545 Certe
765 2502 890 2555 hunc
912 2500 970 2545 de
991 2503 1091 2564 κῦφι
1109 2503 1446 2561 praeparatione

158 2572 384 2631 scripsisse
408 2572 517 2616 inde
542 2573 802 2632 collegeris,
822 2573 954 2633 quod
978 2573 1036 2618 de
1060 2574 1224 2618 eadem
1249 2589 1300 2618 re
1322 2575 1442 2634 plu-

107 2683 110 2684 .
157 2643 285 2688 ribus
307 2645 498 2703 exponit
518 2645 920 2704 Plutarchuslibro
940 2645 999 2689 de
1022 2645 1143 2689 Iside
1160 2645 1230 2706 (v.
1258 2646 1317 2690 fr.
1342 2646 1441 2708 84),

52 2715 58 2767 ᾗ
80 2716 94 2722 '
157 2715 239 2759 ubi
262 2713 533 2775 Sebennytae
557 2717 717 2776 saepius
733 2751 744 2772 ,
766 2717 990 2761 Mendesii
1009 2732 1068 2761 ne
1090 2719 1230 2762 semel
1255 2718 1445 2776 quidem

62 2785 84 2822 35
159 2785 214 2831 fit
243 2789 436 2831 mentio.
466 2789 676 2833 Fortasse
704 2790 846 2849 igitur
871 2789 1034 2835 Suidas
1055 2790 1130 2834 vel
1153 2799 1316 2834 auctor
1350 2790 1446 2849 ejus

95 3350 99 3355 ,
155 3304 327 3344 nominis
345 3306 471 3345 forma
487 3306 714 3346 Dindorfius
736 3319 776 3358 p.
803 3312 875 3349 145
894 3311 1057 3349 annotat
1075 3309 1164 3349 haec
1193 3326 1203 3349 z
1227 3326 1244 3344 «

209 2901 261 2951 (*)
287 2904 440 2942 Nomen
467 2904 714 2943 Manethonis
729 2933 741 2954 ,
766 2903 850 2944 sive
868 2904 918 2944 de
943 2905 1076 2944 nostro
1094 2904 1279 2944 historico
1294 2906 1376 2945 sive
1396 2907 1446 2947 de

157 2958 537 3012 Ἀποτελεσματικῶν
568 2965 730 3002 auctore
761 2973 890 3002 sermo
920 2965 992 3012 sit,
1027 2963 1135 3002 varie
1167 2963 1382 3003 admodum
1404 2966 1445 3004 in

156 3017 356 3058 codicibus
371 3021 578 3059 exaratur:
597 3020 794 3070 Μάνεθως,
811 3022 1009 3068 Μανεθὼς,
1037 3022 1224 3066 Μανεθώς
1235 3051 1246 3070 ,
1264 3025 1443 3071 Μανέτω,

111 3105 113 3107 -
155 3076 353 3124 Μανέθων,
383 3078 580 3126 Μανεθὼν,
610 3079 792 3128 Μανεθῶ,
834 3079 1052 3125 Μαναίθως.
1087 3080 1296 3124 Μαναίθος.
1329 3082 1444 3130 Apud
1477 3081 1482 3084 '

156 3132 383 3181 syncellum
402 3133 626 3174 DIndoi-fius
639 3135 787 3184 ubique
801 3136 956 3186 scripsit
972 3137 1148 3185 Μανεθῶ,
1167 3137 1274 3187 quod
1290 3138 1446 3179 codices

103 3204 106 3206 ·
156 3191 335 3239 praebent
356 3202 397 3242 p.
423 3195 486 3240 97,
506 3195 527 3231 7
550 3195 590 3232 et
616 3195 706 3241 486,
735 3197 779 3232 17
803 3194 865 3233 ed.
898 3197 1026 3234 Bonn.
1051 3197 1233 3240 Μανεθώς
1257 3197 1445 3238 exhibent

156 3257 197 3297 p.
226 3252 367 3296 146‚10
388 3253 429 3290 et
459 3252 616 3297 145‚11.
641 3252 824 3291 Μανεθῶν
854 3252 1056 3302 legebatur
1083 3263 1122 3302 p.
1141 3256 1205 3303 73,
1233 3256 1273 3303 4,
1296 3254 1346 3293 de
1366 3267 1445 3304 qua

155 3363 252 3401 νεθῶ
282 3363 354 3412 (ut
383 3365 576 3412 Ἀπολλώ,
623 3367 795 3416 Φαραῶ)
827 3367 1100 3416 scribendum,
1142 3369 1210 3407 aut
1244 3313 1442 3419 Βΐαινῐέᾶἴ,

98 3441 102 3443 Α
156 3430 284 3470 graeca
298 3421 467 3461 nominis
498 3422 646 3470 forma,
664 3433 741 3472 qua
755 3425 880 3463 utitur
895 3425 1099 3474 syncellus
1126 3435 1165 3475 p.
1187 3428 1274 3470 194,
1301 3432 1360 3466 10.
1384 3431 1443 3467 18.

96 3511 100 3526 2
157 3478 413 3518 Memorabile
428 3480 487 3518 est
506 3479 614 3530 quod
631 3479 719 3519 libri
736 3482 914 3531 praebent
929 3484 1112 3522 Μανεθῶθ
1131 3494 1168 3533 p.
1192 3489 1277 3535 135,
1302 3489 1334 3524 1.
1351 3488 1443 3525 For-

51 3545 55 3556 *
95 3557 119 3572 μκ
155 3539 260 3578 tasse
278 3538 478 3578 Μανεθώθ.
492 3554 511 3573 »
534 3538 760 3579 secundum
779 3543 973 3580 Joannem
989 3542 1101 3582 Alex.
1121 3544 1178 3581 De
1201 3544 1443 3595 accentibus,

90 3587 99 3634 s
137 3596 408 3638 ·scribendum
433 3598 494 3635 est
514 3597 711 3642 Μανεθώς.
745 3599 805 3638 De
834 3599 994 3648 reliquis
1026 3600 1162 3640 formis
1187 3611 1269 3640 non
1295 3603 1353 3640 est
1372 3613 1444 3641 cur

53 3693 68 3712 :v
92 3659 98 3707 ζ
158 3653 317 3693 testium
343 3653 506 3693 nomina
533 3653 794 3694 cumulemus.
825 3658 1003 3706 Ineptam
1030 3657 1139 3697 vocis
1165 3659 1444 3708 etymologiam

53 3714 71 3758 ἰ’
91 3727 107 3743 ,κ
158 3710 364 3761 xideapud
383 3711 654 3765 Harduinum
645 3722 685 3750 m
701 3713 848 3752 Chron.
867 3715 956 3753 vet.
973 3716 1079 3754 Test.
1094 3725 1135 3765 p.
1156 3720 1203 3754 32
1224 3715 1445 3764 (Fabricius

160 3767 207 3806 B.
225 3769 295 3807 Gr.
311 3769 412 3809 tom.
435 3771 503 3817 lV,
530 3779 571 3819 p.
593 3773 664 3809 128
692 3769 754 3809 ed.
774 3770 915 3820 Harl..)
933 3772 1123 3820 Μανεθὼ,
1155 3771 1263 3822 virgo
1279 3777 1442 3824 martyr,

160 3824 386 3864 occurritin
406 3798 625 3875 Men’ologio
643 3829 713 3867 Gr.
738 3827 820 3866 vol.
840 3830 872 3877 Ι,
891 3837 934 3877 p.
956 3830 1044 3878 186,
1062 3801 1226 3869 no’tante
1241 3829 1444 3870 Dindoriio

97 3882 106 3925 ’,
161 3879 406 3931 inStephan.
423 3883 538 3922 Thes.
554 3885 625 3923 Gr.
644 3894 683 3934 p.
704 3890 793 3934 563,
811 3888 857 3925 A

55 3929 74 3977 ἶ,
103 3995 107 4002 .
147 3985 151 3987 ¹
215 3938 290 3988 (**)
308 3939 449 3979 strabo
468 3942 575 3989 XVI,
591 3953 631 3992 p.
651 3946 758 3982 806:
771 3915 847 3982 ’,Εν
860 3944 962 3995 δὲτῇ
977 3944 1218 3983 Ἡλιουπόλει
1235 3946 1443 3992 καὶοῖκους

161 3996 309 4047 εἴδομεν
325 3997 539 4048 μεγάλους,
557 3998 595 4038 ἐν
622 4000 679 4044 οῖς
699 4001 881 4051 διέτριὸον
902 4003 939 4040 οἱ
966 4004 1097 4072 ἱερεῖς·
1120 4003 1286 4052 μάλιστα
1304 4004 1377 4054 γὰρ
1398 4004 1443 4050 δὴ

54 4068 60 4085 ε
103 4063 107 4066 “
162 4065 302 4099 ταυτην
333 4054 530 4093 κατοικίαν
561 4057 690 4106 ἱερέων
712 4058 906 4107 γεγονέναι
925 4061 1016 4109 φασὶ
1047 4060 1090 4099 τὸ
1111 4061 1274 4099 παλαιὸν
1297 4061 1444 4110 φιλοσό-

54 4177 107 4259 {i

55 4293 109 4446 ἓ

58 4448 63 4469 i
79 4447 104 4470 '2⁹²

55 4465 114 4542 ’.ᾗ

101 4108 107 4118 Ἰ
148 4123 242 4160 (ρων
258 4110 402 4162 ἀνδρῶν
422 4113 488 4151 καὶ
506 4113 808 4166 ἀστρονομικῶν
827 4115 1075 4157 ἐκλέλοιπεδὲ
1097 4119 1160 4156 καὶ
1181 4121 1293 4157 τοῦτο
1309 4119 1386 4157 νυνὶ
1400 4119 1443 4157 τὸ

164 4167 341 4218 σύστημα
360 4170 424 4207 καὶ
441 4171 466 4216 ἡ
482 4169 656 4217 ἄσκησις.

1525 639 1630 679 cuin
1644 633 1921 680 Manethone
1934 630 2178 676 confundit
2197 633 2490 677 Ptolemaeum
2498 635 2779 679 Mendesium
2792 668 2803 690 ,

1527 708 1607 765 qui
1629 706 1761 750 sicuti
1785 704 2000 748 Manetho
2022 712 2112 747 tres
2138 703 2283 747 libros
2299 705 2670 764 AEgyptiacorum
2685 708 2805 750 scri-

1525 780 1662 837 psisse
1682 778 1867 822 dicitur.
1897 776 2115 821 Confusio
2133 776 2215 819 ista
2238 777 2301 819 ita
2317 778 2459 834 possit
2491 779 2705 836 explicari
2724 813 2736 834 ,
2761 789 2810 823 ut

1525 851 1823 894 Ptolemaeum
1846 849 2088 907 suspiceris
2118 863 2287 890 novam
2311 847 2543 906 quandam
2566 851 2806 894 Manetho-

1525 923 1651 967 niani
1675 922 1828 980 operis
1852 920 2029 965 dedisse
2051 920 2384 964 recensionem.

1593 1000 1718 1044 Vixit
1734 998 1950 1042 Manetho
1976 997 2060 1041 sub
2078 997 2326 1040 Ptolemaeo
2350 997 2502 1054 primo
2517 995 2702 1055 ejusque
2714 1014 2811 1043 suc-

1529 1086 1722 1117 cessore.
1744 1069 1869 1114 Illud
1894 1077 2072 1113 constat
2095 1082 2120 1111 e
2149 1067 2398 1112 Plutarcho
2426 1066 2520 1129 (De
2558 1070 2617 1114 Is·
2656 1078 2699 1112 et
2734 1071 2807 1116 Os.

1526 1160 1567 1188 c.
1602 1143 1678 1189 28.
1705 1142 1761 1187 fr.
1797 1140 1906 1200 78),
1942 1141 2032 1198 ubi,
2057 1149 2214 1183 narrat
2251 1140 2546 1184 Timotheum
2572 1149 2617 1183 et
2644 1142 2811 1187 Mane-

1525 1216 1716 1259 thonein
1740 1212 1971 1271 Serapidis
1988 1212 2283 1256 simulacrum
2302 1212 2536 1272 agnovisse
2560 1212 2608 1254 in
2633 1214 2809 1262 colosso

1525 1287 1612 1330 isto
1650 1301 1789 1345 quem
1834 1286 2006 1344 Sinope
2045 1283 2374 1328 Alexandriam
2405 1284 2810 1342 transportandum

1524 1358 1796 1401 Ptolemaeus
1833 1356 1968 1403 Soter
2001 1364 2254 1402 curaverat.
2292 1355 2505 1399 Eundem
2535 1356 2620 1399 sub
2650 1358 2811 1401 Ptole—

1524 1427 1684 1472 lemaeo
1727 1427 2032 1486 Philadelpho
2066 1427 2317 1484 scripsisse,
2360 1428 2553 1489 regique
2580 1443 2719 1486 opera
2739 1431 2812 1473 vel

1523 1501 1658 1558 plura
1673 1501 1748 1544 vel
1771 1515 1917 1544 unum
1938 1499 2096 1543 saltem
2131 1496 2381 1554 dedicasse,
2397 1514 2453 1542 ex
2490 1500 2683 1558 epistola
2705 1501 2809 1556 illa,

1525 1586 1663 1629 quam
1679 1571 1859 1615 Pseudo
1867 1570 2111 1614 -Manetho
2130 1568 2190 1613 ad
2211 1569 2566 1629 Philadelphum
2585 1572 2810 1630 scripsisse

1525 1642 1710 1699 dicitur,
1738 1643 1955 1704 augurari
1975 1643 2098 1688 licet.
2130 1642 2367 1701 Syncellus
2388 1658 2440 1701 p.
2474 1648 2548 1698 14,
2575 1645 2626 1698 B,
2654 1645 2810 1688 Mane·

1524 1715 1715 1759 thonem
1756 1715 1955 1762 Annales
1978 1729 2085 1758 suos
2117 1715 2425 1774 composuisse
2454 1714 2569 1758 dicit
2594 1711 2704 1759 κατὰ
2729 1714 2811 1775 μί-

1524 1803 1654 1846 μησιν
1671 1784 1909 1849 Βηρώσσου
1930 1784 2043 1832 κατὰ
2063 1784 2158 1838 τοὺς
2180 1783 2330 1838 αὐτοὺς
2348 1785 2500 1848 σχεδόν
2525 1803 2606 1831 που
2632 1783 2809 1848 χρόνους

1521 1854 1548 1913 ἢ
1576 1856 1726 1923 μικρὸν
1752 1857 1944 1922 ὕστερον.
1973 1860 2168 1904 Berosus
2188 1874 2301 1903 vero
2324 1858 2569 1903 Chaldaica
2606 1875 2685 1904 sua
2709 1862 2809 1903 An-

1522 1931 1680 1975 tiocho
1706 1931 1921 1976 dedicare
1944 1947 2043 1975 non
2057 1932 2212 1991 potuit
2242 1940 2347 1975 ante
2376 1946 2421 1977 a.
2449 1929 2534 1974 281
2558 1945 2600 1976 a.
2623 1931 2672 1975 C.
2701 1933 2810 1975 Pto-

1521 2004 1706 2048 lemaeus
1731 2004 2061 2063 Philadelphus
2078 2011 2231 2047 autem
2249 2018 2446 2062 regnum
2465 2004 2662 2062 suscepit
2686 2018 2808 2047 anno

1519 2149 1719 2192 multum
1743 2148 2012 2203 tribuerim3
2038 2162 2191 2205 neque
2212 2148 2334 2191 enim
2352 2148 2668 2205 antiquiorum
2691 2148 2808 2190 scri-

1519 2227 1711 2278 ptorum
1723 2218 1816 2264 fide
1835 2220 1925 2263 hoc
1949 2233 2223 2274 asseverare,
2240 2218 2320 2261 sed
2343 2219 2441 2276 ipse
2463 2233 2517 2262 ex
2541 2217 2807 2275 conjectura

1517 2293 1720 2349 posuisse
1775 2290 1891 2336 mihi
1927 2291 2126 2347 videtur,
2166 2305 2312 2348 quum
2351 2290 2586 2333 Panodori
2624 2290 2809 2348 ineptiis

1521 2360 1627 2407 fisus
1645 2378 1912 2422 persuasum
1926 2363 2118 2406 haberet
2132 2397 2144 2418 ,
2173 2363 2499 2406 Manethonem
2519 2363 2568 2404 in
2593 2362 2808 2405 chrono—

1521 2432 1683 2493 logicis
1700 2435 1789 2477 suis
1809 2434 1867 2477 ab
1885 2433 2051 2477 eodem
2073 2443 2212 2492 atque
2232 2435 2455 2477 Berosum
2479 2434 2528 2475 in
2553 2431 2808 2476 Chaldaicis

1518 2521 1642 2549 anno
1658 2505 1926 2564 profectum
1941 2519 2050 2560 esse,
2070 2505 2196 2549 unde
2217 2505 2414 2548 alterum
2437 2504 2594 2563 paullo
2619 2512 2723 2562 post
2742 2503 2809 2546 al-

1517 2586 1669 2622 terum
1690 2577 1916 2636 scripsisse
1934 2577 2172 2636 collegerit
2199 2574 2327 2636 (vide
2351 2584 2451 2621 not.
2476 2575 2535 2619 ad
2551 2575 2712 2634 fragm.
2741 2573 2806 2634 3).

1584 2651 1620 2693 T
1623 2650 1876 2693 enuissimis
1897 2649 1967 2692 his
1983 2647 2164 2692 indiciis
2180 2649 2216 2691 si
2235 2647 2475 2692 addideris
2495 2648 2808 2691 testimonium

1516 2723 1542 2765 J
1547 2722 1703 2781 osephi
1729 2719 1801 2784 (C.
1821 2723 1912 2781 Ap.
1939 2720 1963 2767 I
1980 2755 1991 2776 ,
2026 2725 2078 2772 14
2096 2719 2131 2780 ),
2146 2722 2226 2779 qui
2249 2721 2574 2764 Manethonem
2603 2716 2808 2772 Ἑλληνι-

1521 2795 1598 2849 κῆς
1622 2791 1817 2844 παιδείας
1852 2794 2129 2853 participem
2158 2793 2292 2836 fuisse
2334 2792 2471 2848 dicit,
2507 2799 2644 2849 atque
2665 2791 2809 2838 AElia-

1515 2882 1630 2910 num
1651 2864 1734 2928 (N.
1754 2868 1846 2911 An.
1870 2867 1930 2923 X,
1954 2865 2027 2909 16.
2069 2865 2127 2909 fr.
2158 2861 2264 2925 79),
2291 2865 2372 2923 qui
2392 2863 2591 2908 eundem
2609 2864 2809 2922 appellat

1520 2936 1668 3001 σοφίας
1706 2937 1763 2989 εἷς
1790 2935 1919 3000 ἄκρον
1947 2934 2187 2992 ἐληλακότα
2219 2933 2378 2998 ἄνδρα,
2410 2933 2604 2979 habebis
2648 2935 2801 2978 omnia

1520 3026 1620 3070 quae
1641 3010 1700 3055 de
1719 3012 1813 3055 vita
1827 3010 2117 3055 Manethonis
2140 3008 2308 3052 tradita
2328 3008 2604 3066 accepimuS.

1586 3083 1766 3140 Scripta
1797 3081 2088 3135 Manethonis
2113 3080 2281 3139 partim
2305 3078 2365 3123 ad
2380 3079 2621 3122 historiam
2651 3077 2800 3135 perti-

1518 3162 1654 3209 nent,
1692 3154 1863 3212 partim
1887 3153 1947 3197 ad
1979 3153 2322 3212 philosophiam
2362 3159 2406 3194 et
2437 3150 2718 3210 theologiam
2757 3157 2801 3192 et

1520 3226 1816 3284 antiquitates
1834 3240 2001 3272 sacras.
2023 3225 2167 3270 Tituli
2187 3223 2437 3267 laudantur
2459 3223 2509 3265 hi
2527 3237 2538 3264 ε

1586 3311 1620 3343 1.
1644 3292 1920 3354 Αἷγυπτιακοὶ
1935 3294 1949 3355 (
1964 3299 2240 3356 AEgyptiaca
2256 3303 2545 3339 monumenta
2564 3292 2798 3338 Eusebius.

1518 3369 1727 3412 Fortasse
1750 3364 2073 3427 Ὑπομνήματα
2098 3368 2198 3429 Αἷγ.
2216 3368 2435 3427 inscripta
2452 3367 2586 3411 fuisse
2618 3364 2803 3421 conjicit

1524 3438 1793 3500 Boeckhius)
1820 3439 1950 3483 libris
1970 3441 2057 3483 III.

1585 3561 1620 3594 2.
1657 3544 1813 3599 Βίὸλος
1834 3544 2016 3599 Σώθεος.

1583 3634 1623 3666 3.
1660 3616 1776 3681 Ἱερὰ
1804 3617 1967 3681 βίὸλος.

1584 3706 1622 3736 4.
1661 3690 1904 3737 Φυσικῶν’
1886 3688 2086 3752 επιτομή.

1584 3778 1621 3810 5.
1663 3760 1770 3825 Περι
1795 3763 1966 3825 ἑορτῶν.

1584 3848 1617 3880 6.
1658 3831 1767 3896 Περὶ
1791 3834 2039 3897 ἀρχαϊσμοῧ
2060 3831 2135 3879 καὶ
2157 3830 2388 3884 εὖσεὸείας.

1583 3922 1618 3953 7.
1655 3904 1764 3969 Περὶ
1786 3908 2051 3962 κατασκευῆς
2071 3904 2247 3969 κυφίων.

1588 3978 1656 4040 [8.
1679 3976 1749 4025 Τὰ
1773 3976 1878 4042 πρὸς
1904 3977 2151 4042 (Ηρόδοτον.
2164 3977 2180 4038 ]

1584 4095 1653 4139 De
1679 4094 2021 4140 AEGYPTIORUM
2047 4096 2274 4137 His'ronu
2302 4088 2525 4146 Josephus
2544 4087 2591 4130 C.
2622 4086 2791 4143 Apion.

1521 4168 1570 4221 Ῑ,
1605 4171 1656 4218 14
1705 4181 1715 4213 :
1754 4164 1957 4216 Μανεθὼς
1992 4167 2064 4220 τῆς
2106 4162 2362 4217 Ἑλληνικῆς
2394 4154 2668 4219 μετεσχηκὼς
2692 4173 2795 4200 παι-
