3016 4628
227 346 285 385 82
1195 314 1476 364 ATnANAE
1511 302 1909 359 SYRACUSANI

223 444 405 488 videtur
425 453 568 498 usquc
585 436 644 481 ad
660 441 858 479 mortem
875 428 1177 476 Timoleontis
1194 424 1293 486 (01.
1322 440 1339 467 ι
1356 440 1370 467 1
1382 439 1410 466 o
1423 455 1436 478 ,
1462 427 1507 476 4,
1543 449 1549 455 ·

225 533 265 560 a.
293 518 343 560 C.
370 512 488 571 387)
506 545 519 568 ‚
537 510 598 555 ad
619 507 749 566 cujus
764 506 854 550 sata
871 511 1106 564 postrema
1121 500 1322 559 pertinet
1341 495 1505 554 fragm.

226 589 271 633 3.
297 589 451 647 Ipsum
468 590 706 628 auctorem
725 578 887 625 Dionis
905 585 952 621 ct
969 571 1270 619 Timoleontis
1289 568 1510 626 aequalem

226 660 296 703 vcl
318 671 563 717 supparem
593 653 728 697 fuisse
751 665 849 695 non
881 648 1065 691 dubito.
1099 646 1210 701 Quae
1241 641 1378 684 suerit
1397 638 1512 682 fides

225 731 460 791 scriptoris
477 762 489 785 ‚
517 726 633 787 quid
655 726 697 770 ei
722 724 887 769 debeat
914 718 1177 772 Diodorus,
1204 715 1307 758 sciri
1333 711 1508 769 nequit.

643 867 1096 935 ΣΙΚΕΛΙΚΑ.

859 1026 897 1054 1.

621 1124 656 1165 F.
691 1119 873 1164 LIBRO
910 1114 1115 1160 PRIMO.

295 1243 539 1289 Athena—us
550 1239 637 1290 111,
656 1251 702 1295 p.
716 1234 794 1294 98,
815 1235 849 1276 B
873 1247 883 1275 z
903 1221 1210 1276 Τοιοῦτοίτινές
1226 1223 1367 1267 εἰσιν..
1382 1253 1392 1262 .
1410 1218 1513 1263 πολ-

230 1316 318 1362 λῶν
337 1309 559 1371 ὀνομάτων
575 1303 775 1365 ποιηταὶ,
797 1301 871 1349 καὶ
887 1301 1058 1350 πολλοῖς
1075 1292 1375 1359 παρασάγγαις
1389 1291 1514 1352 ὑπερ-

230 1385 462 1450 δραμόντες
480 1380 551 1427 τὸν
579 1374 839 1431 Σικελιώτην
861 1370 1096 1427 Διονύσιον,
1120 1367 1164 1422 ὃς
1186 1365 1263 1422 τὴν
1290 1362 1366 1426 μὲν
1398 1379 1512 1423 παρ-

232 1458 346 1505 θένον
370 1455 512 1502 ἐκάλει
532 1452 593 1513 μέ
606 1469 693 1497 ναν
706 1451 835 1513 δρον,
856 1445 919 1493 ὅτι
941 1444 1055 1507 μένει
1075 1441 1145 1488 τὸν
1168 1439 1300 1503 ἄνδρα
1316 1474 1328 1498 ,
1347 1434 1421 1482 καὶ
1441 1433 1513 1480 τὸν

233 1530 383 1576 στῦλον
409 1521 754 1587 μενεκράτην,
779 1518 841 1565 ὅτι
863 1515 979 1579 μένει
997 1514 1069 1561 καὶ
1095 1511 1261 1577 κρατεῖ,
1281 1505 1514 1573 βαλλάν-

232 1620 342 1648 τιον
367 1598 410 1646 δὲ
437 1597 627 1643 ἀκόντιον
652 1592 715 1640 ὅτι
741 1589 925 1638 ἐναντίον
960 1588 1188 1652 βάλλεται,
1225 1582 1299 1631 καὶ
1329 1580 1405 1634 τὰς
1428 1581 1513 1626 τῶν

234 1675 352 1732 μυῶν
373 1667 602 1718 διεκδύσεις
620 1662 883 1726 μυστήρια
906 1659 1072 1715 ἐκάλει,
1088 1656 1153 1704 ὅτι
1166 1654 1260 1708 τοὺς
1279 1658 1359 1716 μῦς
1375 1653 1512 1716 τηρεῖ.

232 1740 281 1791 Ἀ
297 1748 391 1790 Οαν
406 1763 417 1786 ι
432 1761 450 1794 ς
470 1742 561 1802 (sic)
591 1739 625 1783 δ’
648 1739 688 1783 ἐν
710 1735 864 1800 πρώτῳ
889 1733 1124 1780 Σικελικῶν
1150 1728 1220 1775 τὸν
1250 1726 1376 1774 αὐτόν
1408 1743 1515 1791 φησι

234 1813 453 1864 Διονύσιον
476 1812 548 1858 καὶ
570 1810 639 1857 τὸν
664 1813 762 1872 βοῦν
786 1804 1014 1870 γαρόταν
1035 1804 1200 1864 καλεῖν,
1226 1800 1300 1848 καὶ
1323 1799 1394 1847 τὸν
1414 1800 1515 1864 ypi-

237 1912 306 1957 ρον
333 1892 389 1939 ἴα
403 1911 429 1938 κ
442 1910 472 1953 χ
480 1909 501 1936 ο
513 1908 551 1937 ν.

302 1967 447 2024 Igitur
470 1963 527 2007 ad
552 1978 622 2007 res
646 1959 852 2018 Dionysii
875 1958 1065 2001 senioris
1084 1955 1284 1999 Athanas
1301 1962 1519 2013 evagatus

236 2048 315 2083 cst.
339 2042 404 2082 l)e
426 2044 684 2095 purpurato
710 2045 941 2076 novorum
958 2028 1296 2072 vocabulorum
1313 2026 1517 2070 archite-

235 2122 310 2154 cto
346 2126 388 2154 v.
412 2107 611 2152 Meinek.
640 2105 698 2149 ad
728 2103 1016 2162 Euphorion.
1045 2117 1093 2159 p.
1138 2098 1225 2143 163
1252 2114 1321 2158 sq.
1360 2098 1520 2156 ibique

237 2182 460 2225 laudatos.
1089 2183 1094 2188 ·

855 2263 897 2292 2.

303 2369 529 2414 Plutarch.
551 2366 807 2410 Timoleon.
832 2380 872 2407 c.
899 2363 956 2406 23
971 2400 982 2419 ,
1005 2368 1029 2414 4
1057 2378 1067 2405 :
1087 2363 1195 2405 Post
1211 2361 1396 2419 pulsum
1410 2361 1522 2404 Dio-

239 2444 437 2502 nysium,
464 2440 704 2483 Timoleon
724 2438 1052 2497 Syracusarum
1076 2435 1243 2478 urbem
1277 2447 1409 2491 paene
1433 2431 1521 2476 de-

236 2597 312 2636 que
329 2583 502 2633 {teynius
519 2582 557 2620 in
571 2590 745 2620 errorem
756 2578 915 2618 induxit
932 2579 973 2618 in
990 2580 1148 2628 Fragm.
1167 2577 1266 2616 Hist.
1285 2587 1323 2627 p.
1341 2577 1521 2625 XLVtII,

237 2644 309 2683 col.
330 2649 367 2691 2,
388 2642 454 2681 lin.
484 2646 551 2689 16,
574 2639 644 2678 ubi
664 2638 795 2677 deleas
823 2637 943 2676 verba
968 2652 986 2670 «
1018 2647 1120 2686 quos
1145 2646 1280 2687 neque
1311 2634 1523 2675 Diodorus

238 2705 328 2750 xv,
358 2703 406 2740 94
440 2701 485 2737 in
516 2699 759 2747 computum
791 2705 919 2735 suum
945 2694 1096 2744 refert.
1124 2710 1143 2728 »
1179 2695 1371 2733 Ceterum
1392 2703 1522 2743 quum

237 2755 375 2797 Cicero
397 2758 436 2795 ct
458 2754 665 2805 Dionysius
683 2755 880 2794 Halicarn.
906 2752 970 2802 (v.
995 2755 1125 2801 Frgm.
1157 2753 1257 2792 Hist.
1278 2753 1304 2792 l.
1331 2751 1390 2802 1.)
1419 2762 1522 2791 non-

239 2813 311 2852 nisi
328 2813 425 2852 (luas
441 2815 571 2863 partes
592 2812 979 2852 Commentariorum
996 2810 1148 2850 Philisti
1172 2810 1330 2851 novisse
1357 2808 1525 2850 videan-

240 2873 320 2920 tur,
343 2872 543 2921 probabile
559 2873 617 2910 eet
634 2871 754 2910 libros
769 2870 870 2909 duos
890 2869 940 2909 de
961 2868 1148 2920 Dionysio
1169 2870 1259 2919 Jun.
1292 2879 1386 2909 cum
1414 2868 1528 2909 libris

240 2929 403 2969 Attianae
424 2930 463 2968 in
477 2939 602 2968 unum
617 2939 760 2979 corpus
777 2928 893 2968 fuisse
910 2927 1159 2977 conjunctos.

1585 428 1751 462 sertam
1776 416 1909 459 novis
1933 411 2119 456 'colonis
2147 405 2473 466 frequentavit.
2502 398 2730 455 Corintho
2763 407 2808 450 ct
2829 413 2889 457 cx

1586 491 1768 548 reliqua
1789 486 1967 532 Graecia
1991 482 2224 526 advenere
2254 479 2501 523 hominum
2526 477 2690 523 decem
2721 478 2884 521 millia.

1585 558 1702 616 Ἤδη
1729 556 1773 605 δὲ
1797 555 1871 603 καὶ
1907 557 1991 600 τῶν
2027 550 2070 606 ἐξ
2101 549 2294 618 Ἰταλίας
2321 547 2397 595 καὶ
2422 546 2626 602 Σικελίας
2643 546 2888 611 πολλοὶτῷ
2953 574 2976 607 g

1584 629 1838 693 Τιμολέοντι
1860 622 2235 681 συνεληλύθεισαν·
2252 620 2328 668 καὶ
2353 617 2598 683 γενομένοις
2621 619 2764 674 αὐτοῖς
2787 617 2889 679 {Euf-

1585 700 1824 764 κισμυρίοις
1852 697 1900 744 τὸ
1924 697 2112 752 πλῆθος,
2136 696 2192 746 ὣς
2207 691 2381 746 ’Άθανις
2403 689 2574 757 εἴρηκε,
2597 690 2677 749 τὴν
2698 689 2779 753 μὲν
2797 690 2891 757 χώ·
2966 718 2970 719 ⁷

1588 793 1664 838 ραν
1689 771 1896 832 διένειμε,
1917 767 1994 821 τὰς
2017 765 2061 813 δὲ
2094 764 2231 819 οἰκίας
2255 763 2442 812 ἀπέδοτο
2469 763 2624 829 χιλίων
2646 764 2889 823 ταλάντων,
2958 816 2970 827 »7

1589 845 1683 907 ἅμα
1702 844 1778 907 μὲν
1799 839 2134 901 ὑπολειπόμενος
2150 840 2238 891 τοῖς
2258 836 2455 902 ἀρχαίοις
2480 835 2767 902 Συρακοσίοις
2786 835 2892 893 ἔξω·
2962 854 2971 863 ‘-

1587 921 1750 964 νεῖσθαι
1773 914 1849 967 τὰς
1869 915 2026 970 αὑτῶν,
2053 911 2146 974 ἅμα
2171 909 2216 957 δὲ
2239 908 2483 975 χρημάτων
2505 908 2710 974 εὐπορίαν
2726 912 2790 976 τῷ
2812 908 2890 971 δή·
2938 918 2944 926 “

1589 1009 1658 1053 μῳ
1684 983 1996 1051 μηχανώμενος
2027 982 2140 1031 οὕτω
2171 980 2395 1047 πενομένῳ
2416 981 2492 1030 καὶ
2521 980 2628 1048 πρὸς
2648 981 2892 1034 τᾶλλαααὶ

1589 1061 1692 1127 πρὸς
1727 1059 1800 1107 τὸν
1828 1057 2042 1120 πόλεμον,
2067 1054 2181 1103 ὥστε
2205 1054 2281 1102 καὶ
2318 1053 2416 1109 τοὺς
2448 1053 2704 1121 ἀνδριάντας
2725 1055 2893 1104 ἀποδό-
2956 1057 2978 1119 ’ᾗ

1590 1138 1714 1196 σθαι,
1735 1132 1880 1198 ψήφου
1903 1127 2216 1196 διαφερομένης
2239 1126 2347 1193 ὑπὲρ
2368 1127 2553 1176 ἑκάστου
2573 1127 2652 1176 καὶ
2667 1126 2894 1193 γινομένης
2959 1133 2977 1163 -“”

1587 1205 1871 1270 κατηγορίας,
1890 1201 2037 1268 ὥσπερ
2060 1200 2298 1266 ἀνθρώπων
2320 1198 2496 1255 εὖθύνας
2517 1201 2733 1249 διδόντων·
2750 1199 2822 1249 ὅτε
2837 1202 2892 1261 δή
2956 1215 2959 1217 ’

1590 1296 1695 1343 φασι
1718 1276 1790 1323 τὸν
1808 1275 2002 1328 Γέλωνος
2023 1272 2256 1338 ἀνδριάντα
2278 1275 2353 1320 τοῦ
2373 1273 2564 1320 παλαιοῦ
2576 1272 2788 1339 τυράννου
2801 1274 2895 1331 διαζ-
2960 1267 2975 1339 Ἰ

1588 1354 1777 1416 τηρῆσαι
1800 1348 1897 1403 τοὺς
1922 1345 2242 1413 Συρακοσίους,
2271 1347 2779 1412 καταχειροτονουμένων
2806 1349 2896 1396 τῶν
2966 1352 2973 1403 ·]

1591 1423 1756 1484 ἄλλων,
1783 1419 2023 1483 ἀγαμένους
2046 1419 2121 1467 καὶ
2144 1421 2362 1482 τιμῶντας
2390 1418 2462 1466 τὸν
2489 1418 2624 1483 ἄνδρα
2651 1421 2728 1476 τῆς
2749 1417 2895 1478 νίκης,

1590 1495 1645 1554 ἣν
1681 1495 1788 1560 πρὸς
1811 1493 1965 1559 Ἱμέρᾳ
2006 1491 2332 1557 Καρχηδονίους
2355 1489 2568 1548 ἐνίκησεν.
2592 1493 2664 1538 Cf.
2690 1493 2894 1539 Diodor.
2963 1489 2967 1492 ’

1590 1573 1728 1627 XVI,
1756 1570 1836 1632 82,
1864 1570 2053 1615 Cornel.
2081 1570 2202 1627 Nep.
2226 1567 2396 1613 Timol.
2421 1566 2467 1611 3.
2490 1569 2562 1611 De
2584 1566 2774 1612 Gelonis
2791 1582 2900 1612 mo·-

1591 1653 1819 1689 numento
1843 1660 1890 1690 v.
1911 1642 2058 1687 Diod.
2081 1642 2152 1686 XI
2168 1675 2180 1698 ‚
2204 1639 2282 1685 38.
2309 1666 2376 1674 —-—
2398 1633 2589 1696 Ἄθανις]
2620 1659 2640 1680 α
2661 1640 2901 1702 Plutarchi

1591 1725 1723 1762 vetus
1746 1717 1979 1775 interpres
2004 1714 2216 1758 Athanes
2230 1714 2365 1773 legit,
2390 1712 2523 1771 quod
2539 1711 2683 1756 codd.
2706 1711 2901 1771 quidam

1591 1799 1746 1834 ratum
1768 1789 1963 1845 habent,
1983 1796 2037 1832 ut
2063 1785 2308 1847 Xylander
2331 1787 2609 1845 etBryanus
2633 1783 2901 1830 admonue—

1593 1871 1723 1908 runt.
1759 1862 1844 1905 Ille
1870 1876 1984 1922 ergo
2013 1876 2120 1904 cum
2142 1857 2361 1904 Diodoro
2386 1859 2506 1902 nihil
2528 1856 2789 1903 admodum
2809 1871 2903 1919 pu·-

1594 1944 1721 1994 gnat.
1750 1954 1768 1973 υ
1807 1935 1880 1980 W
1874 1935 2090 1991 esseling.
2115 1932 2174 1976 ad
2199 1931 2346 1976 Diod.
2368 1931 2402 1974 l.
2428 1931 2458 1974 l.

2225 2055 2268 2100 3⁴.

1661 2187 1899 2231 Plutarch.
1939 2188 2058 2231 Tim.
2088 2202 2127 2232 c.
2157 2186 2237 2243 37,
2265 2185 2291 2229 3
2330 2200 2340 2228 :
2376 2180 2496 2241 Ἤδη
2529 2179 2817 2247 πρεσὸύτερος
2842 2177 2903 2228 ὧν

1601 2257 1885 2322 (Τιμολέων)
1913 2255 2208 2318 ἀπημόλύνθη
2234 2253 2460 2321 τὴν-ὄψιν,
2490 2247 2583 2302 εἶτα
2607 2253 2763 2309 τελέως
2793 2255 2906 2313 ἔπη·-

1599 2328 1713 2395 ρώθη
1731 2330 1826 2393 μετ’
1842 2329 2004 2393 ὀλίγον,
2025 2327 2122 2376 οὔτε
2138 2326 2262 2382 αὐτὸς
2279 2330 2420 2392 ἑαυτῷ
2431 2324 2647 2392 πρόφασιν
2661 2322 2906 2391 παρασχὼν
2962 2381 2967 2387 ¹

1597 2403 1694 2451 οὔτε
1714 2401 1986 2468 παροινηθεὶς
2005 2398 2089 2448 ὑπὸ
2108 2404 2185 2459 τ’ῆς
2203 2398 2359 2464 τύχης,
2378 2398 2490 2447 ἀλλὰ
2513 2392 2767 2463 συγγενικῆς
2780 2416 2906 2458 τινος,

1597 2481 1653 2531 ὡς
1678 2475 1828 2535 ἔοικεν,
1851 2474 1990 2530 αἰτίας
2008 2474 2083 2522 καὶ
2101 2473 2349 2531 καταδολῆς
2367 2472 2462 2536 ἅμα
2480 2469 2544 2538 τῷ
2561 2469 2705 2538 χρόνῳ
2728 2490 2904 2520 συνεπι-

1594 2548 1795 2612 θεμένης.
1871 2550 1923 2612 (4)
1950 2547 2164 2612 Λέγονται
2188 2546 2273 2612 γὰρ
2294 2549 2372 2594 οὐκ
2396 2546 2535 2611 ὀλίγοι
2552 2549 2637 2593 τῶν
2654 2545 2770 2594 κατὰ
2785 2545 2907 2609 γένος
2932 2602 2943 2613 ⁴

1601 2624 1717 2687 αὐτῷ
1749 2619 2055 2686 προσηκόντων
2091 2619 2250 2684 ὁμοίως
2289 2619 2532 2668 ἀποὸαλεῖν
2567 2617 2647 2677 τὴν
2686 2618 2782 2683 ἄψιν
2803 2617 2906 2666 ὑπὸ

1599 2693 1742 2759 γήρως
1767 2695 2169 2759 ἀπομαρανθεῖσαν.
2242 2694 2294 2755 (5)
2329 2691 2385 2741 Ὁ
2411 2691 2455 2739 δὲ
2489 2690 2661 2745 Ἄθανις
2683 2686 2748 2740 ἔτι
2776 2709 2906 2738 συνε-

1601 2769 1762 2820 στῶτος
1788 2770 1862 2813 τοῦ
1889 2764 1996 2831 πρὸς
2017 2764 2226 2814 Ἵππωνα
2264 2763 2460 2827 πολέμου
2497 2763 2572 2812 καὶ
2598 2763 2838 2828 Μάμερκον
2862 2765 2906 2810 ἐν

1603 2840 1774 2892 Μυλαῖς
1803 2837 1874 2886 ἐπὶ
1912 2836 2207 2904 στρατοπέδου
2243 2835 2374 2903 φησὶν
2413 2838 2806 2900 ἀπογλαυκωθῆναι
2826 2834 2908 2895 τὴν

1601 2911 1700 2978 ὄψιν
1715 2914 1853 2959 ἀὐτοῦ
1874 2911 1950 2959 καὶ
1970 2918 2080 2958 πᾶσι
2097 2909 2285 2976 φανερὰν
2306 2907 2504 2974 γενέσθαι
2524 2907 2603 2967 τὴν
2622 2908 2838 2975 πήρωσιν,
2852 2909 2908 2958 οὗ
2930 2900 2936 2907 ’

275 3002 2887 3018 -ffl——ss-—ss———wq-

709 3057 1048 3128 SICULA.

863 3188 901 3227 1.

652 3274 686 3316 F.
720 3274 899 3318 LIBRO
928 3275 1133 3320 PRIMO.

295 3369 408 3410 Tales
424 3373 560 3410 sunt...
579 3369 796 3409 multorum
823 3371 1110 3411 vocabulorum
1138 3372 1395 3412 fabricatores
1422 3371 1529 3412 mul-

246 3428 380 3483 tisque
408 3434 627 3483 parasangis
673 3436 902 3483 superantes
944 3435 1123 3475 Siculum
1162 3436 1420 3487 Dionysium,
1459 3436 1531 3487 qui

247 3496 434 3545 virginem
454 3497 619 3535 vocabat
637 3498 852 3549 μένανδρον,
873 3509 920 3537 eo
940 3499 1046 3548 quod
1063 3500 1196 3539 virum
1213 3502 1440 3550 exspectet3
1459 3512 1530 3541 co-

248 3560 446 3608 lumnam,
471 3560 713 3611 μενεκράτην,
731 3561 836 3611 quod
854 3565 1012 3602 maneat
1028 3564 1065 3602 et
1084 3563 1300 3613 sustineat;
1322 3564 1530 3615 jaculum,

250 3623 486 3673 βούλάντιον,
507 3623 613 3674 quod
637 3625 978 3675 contrajaciatur3
1007 3627 1186 3667 murium
1211 3627 1406 3677 latebras,
1429 3642 1530 3679 μυσ-

247 3689 370 3738 τήρια,
381 3688 485 3738 quod
500 3700 630 3728 mures
645 3692 814 3730 servent.
827 3692 1000 3731 Athanas
1016 3703 1110 3731 vcro
1127 3693 1255 3742 primo
1271 3692 1374 3732 libro
1384 3695 1531 3734 Rerum

248 3750 464 3791 Sicularum
482 3755 633 3801 narrat,
653 3754 822 3794 eundem
840 3756 1070 3806 Dionysium
1086 3757 1205 3796 etiam
1222 3756 1380 3796 hovem·
1390 3768 1533 3798 vocare

248 3815 406 3854 solitum
435 3816 596 3866 γαρόταν
619 3817 763 3864 (terroe
783 3819 1034 3869 aratorem),
1056 3830 1223 3869 porcum
1253 3831 1349 3861 vero
1367 3822 1409 3871 (a
1429 3832 1528 3862 sono

251 3891 371 3929 quem
390 3881 655 3930 qrunm‘endo
670 3881 770 3932 edil)
789 3882 985 3923 iacobum.

303 4015 391 4054 Jam
408 4015 455 4055 acl
471 4015 757 4056 Timoleontem
782 4027 832 4055 cx
854 4018 966 4057 ltalia
989 4019 1110 4058 ctiam
1138 4019 1348 4071 Siciliaque
1371 4031 1537 4071 magnus

254 4075 454 4117 bominum
473 4090 661 4118 numerus
671 4079 930 4119 confluxerat.
946 4082 1112 4122 Proinde
1125 4094 1251 4133 quum
1267 4084 1317 4123 ad
1334 4086 1473 4135 millia,
1493 4087 1538 4125 ut

258 4141 419 4179 Atbanis
441 4140 581 4191 tradit,
599 4142 797 4189 sexaginta
819 4142 1034 4182 multitudo
1061 4146 1318 4197 excrevisset,
1339 4159 1452 4199 agros
1471 4149 1536 4188 Ti-

259 4204 411 4243 moleon
432 4205 584 4254 divisit,
607 4205 711 4244 aulos
729 4206 835 4245 inille
852 4207 1008 4247 talentis
1025 4210 1200 4251 vendidit
1225 4228 1233 4251 ι
1260 4212 1375 4252 simul
1401 4216 1439 4253 ct
1464 4217 1537 4263 Sy-

1601 3046 1819 3087 redimendi
1837 3046 2073 3095 concedens,
2090 3047 2131 3090 et
2141 3045 2293 3097 populo
2303 3044 2484 3096 pecuniae
2498 3044 2657 3096 copiam
2675 3043 2906 3098 conficiens.-

1601 3115 1729 3154 Tanta
1743 3113 1850 3153 enim
1865 3112 2105 3152 laborabant
2119 3112 2378 3163 paupertate,
2397 3112 2446 3150 ut
2464 3110 2516 3150 ad
2534 3110 2638 3151 'alios
2658 3119 2707 3150 ac
2725 3108 2820 3149 belli
2842 3108 2907 3149 in-

1601 3177 1740 3228 prImis
1768 3179 1952 3228 sumptus
1978 3176 2108 3216 coacti
2130 3175 2209 3216 sint
2229 3175 2351 3215 etiam
2377 3176 2532 3215 statuas
2556 3173 2800 3225 divendere,
2819 3171 2907 3214 sul*-

1604 3241 1736 3292 sragiis
1750 3241 1802 3282 de
1820 3252 1902 3280 una
1924 3241 2105 3292 qualibet
2131 3239 2224 3280 latis
2237 3270 2248 3291 ,
2269 3241 2540 3290 accusataque
2557 3230 2694 3289 ea,‘ut
2714 3231 2909 3290 tanquam

1603 3306 1786 3346 homines
1826 3304 1980 3356 judicio
2020 3295 2223 3344 damnatae
2264 3303 2578 3352 mulctarentur-3
2625 3313 2707 3355 quo
2746 3300 2908 3354 quidem

1602 3371 1783 3420 tempore
1812 3369 1938 3410 solam
1962 3367 2127 3410 Gelonis
2151 3368 2351 3414 statuam.
2375 3366 2531 3418 antiqui
2552 3365 2739 3418 tyranni,
2764 3365 2912 3407 ceteris
2948 3387 2951 3392 ·

1603 3434 1790 3473 omnibns
1804 3432 1977 3473 venditis
1991 3443 2015 3472 a
2030 3431 2290 3482 syracusanis
2305 3432 2506 3472 servatam
2521 3429 2628 3482 esse,
2645 3439 2768 3481 quem
2783 3429 2910 3471 hono-

1604 3511 1690 3539 rem
1711 3498 1855 3540 Geloni
1878 3497 2109 3537 babuerunt
2139 3497 2193 3536 ob
2224 3496 2458 3545 victoriam,
2482 3505 2604 3547 quam
2618 3494 2682 3551 ¹tle
2696 3488 2907 3546 GM

1605 3565 1808 3606 niensibus
1827 3563 1879 3604 ad
1903 3563 2108 3604 Himeram
2127 3562 2297 3614 fluvium
2319 3561 2509 3602 obtinuit.
2547 3574 2551 3581 ⁴
2879 3581 2882 3585 ·

1658 3700 1825 3740 Provect
1831 3709 1878 3739 us
1899 3699 1985 3749 jam
2011 3699 2130 3738 aetate
2146 3697 2255 3738 visus
2268 3695 2509 3737 obscuritate
2523 3693 2722 3737 laborant
2735 3705 2784 3737 ac
2797 3697 2905 3747 post·

1606 3763 1726 3803 modo
1738 3763 1882 3804 sensim
1895 3773 2056 3813 prorsus
2071 3764 2212 3814 captus
2227 3762 2287 3802 est
2301 3759 2519 3802 luminibus
2529 3789 2541 3810 ‚
2561 3754 2642 3814 n'on
2653 3757 2768 3816 quod
2784 3756 2908 3808 ullam
2924 3771 2949 3806 ,τ’

1606 3830 1689 3880 ipse
1709 3828 1783 3869 sibi
1805 3828 1891 3878 ejus
1906 3828 2001 3868 mali
2019 3838 2180 3868 causam
2199 3826 2419 3875 attulisset,
2437 3829 2506 3865 aut
2522 3836 2547 3865 a
2561 3816 2724 3872 fortuna
2737 3822 2913 3867 indicito
2933 3823 2939 3832 '

1607 3885 1772 3933 habitus
1799 3892 2018 3942 videretur,
2048 3891 2119 3932 sed
2147 3891 2407 3942 ingenerato,
2439 3890 2486 3930 ut
2517 3888 2693 3940 videtur,
2722 3899 2781 3929 eo.
2802 3887 2933 3940 malo}

1608 3967 1808 4007 causaque
1819 3986 1830 4006 ‚
1850 3967 1943 4007 quae
1960 3955 2103 3996 deinde
2119 3966 2191 3995 suo
2206 3955 2388 4005 tempore
2402 3953 2548 4004 erupit.
2593 3952 2648 4003 (4)
2671 3955 2774 3997 Nam
2800 3947 2928 3995 hand

1609 4022 1723 4074 pauci
1750 4021 1836 4071 ejus
1854 4023 2115 4071 cognatorum
2143 4020 2324 4061 similiter
2345 4019 2529 4060 seruntur
2550 4019 2670 4059 aetate
2696 4014 2922 4063 oculorum».
2942 4059 2943 4062 γ

1608 4096 1728 4124 usum
1760 4078 2320 4125 emarcescentem·‘amisisse.
2371 4082 2442 4135 ·(⁵)
2468 4081 2802 4125 Athanisauctoi·
2822 4071 2941 4124 estssi·

1610 4149 1717 4189 bello
1731 4149 1863 4190 adhuc
1880 4151 2021 4189 contra
2038 4151 2286 4189 Mamercum
2301 4149 2342 4188 et
2357 4148 2581 4199 Hipponem
2595 4142 2912 4197 duranteflpwl
2928 4158 2941 4201 r?

1611 4214 1738 4264 Mylas
1752 4212 1787 4253 ci
1803 4207 2024 4253 caecitatem
2038 4212 2228 4253 accidisse
2239 4243 2250 4262 ‚
2263 4221 2436 4262 eumque
2449 4221 2587 4252 casum
2606 4209 2756 4252 nemini
2770 4204 2935 4250 obse!-

261 4268 477 4314 racusanis,
508 4269 575 4318 qni
609 4271 719 4309 crant
748 4270 998 4320 superstites,
1024 4271 1251 4313 sacunino-n
1282 4286 1377 4315 snas
1399 4277 1540 4317 ‹lonios
1614 4289 1702 4316 rum
1726 4277 1870 4325 t'nisse;
1890 4287 2019 4326 neque
2041 4278 2177 4317 tamen
2207 4287 2313 4317 eum.
2328 4277 2543 4329 propterea
2566 4273 2815 4316 ohsfflomm
2833 4270 2912 4315 sd·
2946 4262 2947 4306 j
