<?xml version="1.0" encoding="UTF-8"?>
<!DOCTYPE html PUBLIC "-//W3C//DTD XHTML 1.0 Transitional//EN"
    "http://www.w3.org/TR/xhtml1/DTD/xhtml1-transitional.dtd">
<html xmlns="http://www.w3.org/1999/xhtml" xml:lang="en" lang="en">
 <head>
  <title>
</title>
<meta http-equiv="Content-Type" content="text/html;charset=utf-8" />
  <meta name='ocr-system' content='tesseract 3.04.00' />
  <meta name='ocr-capabilities' content='ocr_page ocr_carea ocr_par ocr_line ocrx_word'/>
</head>
<body>
  <div class='ocr_page' id='page_1' title='image "./fragmentahistori02mueluoft_0484.png"; bbox 0 0 3016 4628; ppageno 0'>
   <div class='ocr_carea' id='block_1_1' title="bbox 237 269 327 308">
    <p class='ocr_par' dir='ltr' id='par_1_1' title="bbox 237 269 327 308">
     <span class='ocr_line' id='line_1_1' title="bbox 237 269 327 308; baseline -0.011 0"><span class='ocrx_word' id='word_1_1' title='bbox 237 269 327 308; x_wconf 76' lang='lat'>⁴32</span> 
     </span>
    </p>
   </div>
   <div class='ocr_carea' id='block_1_2' title="bbox 221 358 1524 2234">
    <p class='ocr_par' dir='ltr' id='par_1_2' title="bbox 226 358 1524 1228">
     <span class='ocr_line' id='line_1_2' title="bbox 232 358 1522 431; baseline -0.002 -16"><span class='ocrx_word' id='word_1_2' title='bbox 232 367 337 431; x_wconf 85' lang='grc' dir='ltr'>πρὸς</span> <span class='ocrx_word' id='word_1_3' title='bbox 353 366 470 414; x_wconf 89' lang='grc' dir='ltr'>κίονα</span> <span class='ocrx_word' id='word_1_4' title='bbox 495 358 579 413; x_wconf 67' lang='grc' dir='ltr'>εὖ</span> <span class='ocrx_word' id='word_1_5' title='bbox 566 364 816 426; x_wconf 84' lang='grc' dir='ltr'>πεπηγότα,</span> <span class='ocrx_word' id='word_1_6' title='bbox 835 364 1074 428; x_wconf 86' lang='grc' dir='ltr'>δαμάζουσι</span> <span class='ocrx_word' id='word_1_7' title='bbox 1090 367 1224 431; x_wconf 76' lang='grc' dir='ltr'>λιμῷ·</span> <span class='ocrx_word' id='word_1_8' title='bbox 1247 365 1394 413; x_wconf 82' lang='grc' dir='ltr'>ἔπειτα</span> <span class='ocrx_word' id='word_1_9' title='bbox 1412 366 1522 430; x_wconf 78' lang='grc' dir='ltr'>χλόῃ</span> 
     </span>
     <span class='ocr_line' id='line_1_3' title="bbox 231 438 1522 502; baseline -0.002 -16"><span class='ocrx_word' id='word_1_10' title='bbox 231 439 431 501; x_wconf 82' lang='grc' dir='ltr'>καλάμου</span> <span class='ocrx_word' id='word_1_11' title='bbox 451 438 525 486; x_wconf 84' lang='grc' dir='ltr'>καὶ</span> <span class='ocrx_word' id='word_1_12' title='bbox 550 439 657 494; x_wconf 84' lang='grc' dir='ltr'>πόας</span> <span class='ocrx_word' id='word_1_13' title='bbox 681 438 1055 502; x_wconf 60' lang='grc' dir='ltr'>ἀναλαμβάνουσι·</span> <span class='ocrx_word' id='word_1_14' title='bbox 1083 438 1191 501; x_wconf 86' lang='grc' dir='ltr'>μετὰ</span> <span class='ocrx_word' id='word_1_15' title='bbox 1213 438 1256 485; x_wconf 80' lang='grc' dir='ltr'>δὲ</span> <span class='ocrx_word' id='word_1_16' title='bbox 1279 443 1414 485; x_wconf 77' lang='grc' dir='ltr'>ταῦτα</span> <span class='ocrx_word' id='word_1_17' title='bbox 1431 457 1522 485; x_wconf 80' lang='grc' dir='ltr'>πει·</span> 
     </span>
     <span class='ocr_line' id='line_1_4' title="bbox 231 508 1524 576; baseline 0 -20"><span class='ocrx_word' id='word_1_18' title='bbox 231 514 403 576; x_wconf 86' lang='grc' dir='ltr'>θαρχεῒν</span> <span class='ocrx_word' id='word_1_19' title='bbox 446 508 717 569; x_wconf 82' lang='grc' dir='ltr'>διδάσκουσι,</span> <span class='ocrx_word' id='word_1_20' title='bbox 740 529 835 564; x_wconf 89' lang='grc' dir='ltr'>τους</span> <span class='ocrx_word' id='word_1_21' title='bbox 871 510 948 572; x_wconf 84' lang='grc' dir='ltr'>μὲν</span> <span class='ocrx_word' id='word_1_22' title='bbox 979 509 1050 557; x_wconf 86' lang='grc' dir='ltr'>δια</span> <span class='ocrx_word' id='word_1_23' title='bbox 1083 508 1238 573; x_wconf 89' lang='grc' dir='ltr'>λόγου,</span> <span class='ocrx_word' id='word_1_24' title='bbox 1260 528 1356 562; x_wconf 89' lang='grc' dir='ltr'>τους</span> <span class='ocrx_word' id='word_1_25' title='bbox 1380 508 1423 555; x_wconf 82' lang='grc' dir='ltr'>δὲ</span> <span class='ocrx_word' id='word_1_26' title='bbox 1448 527 1524 569; x_wconf 81' lang='grc' dir='ltr'>με·</span> 
     </span>
     <span class='ocr_line' id='line_1_5' title="bbox 228 581 1522 650; baseline -0.002 -21"><span class='ocrx_word' id='word_1_27' title='bbox 228 585 374 648; x_wconf 82' lang='grc' dir='ltr'>λισμῷ</span> <span class='ocrx_word' id='word_1_28' title='bbox 407 602 490 630; x_wconf 90' lang='grc' dir='ltr'>τινι</span> <span class='ocrx_word' id='word_1_29' title='bbox 526 602 599 630; x_wconf 88' lang='grc' dir='ltr'>και</span> <span class='ocrx_word' id='word_1_30' title='bbox 634 585 928 650; x_wconf 82' lang='grc' dir='ltr'>τυμπανισμῶ</span> <span class='ocrx_word' id='word_1_31' title='bbox 962 584 1211 641; x_wconf 80' lang='grc' dir='ltr'>κηλοῦντες·</span> <span class='ocrx_word' id='word_1_32' title='bbox 1233 582 1403 628; x_wconf 88' lang='grc' dir='ltr'>σπάνιοι</span> <span class='ocrx_word' id='word_1_33' title='bbox 1427 581 1464 626; x_wconf 85' lang='grc' dir='ltr'>δ’</span> <span class='ocrx_word' id='word_1_34' title='bbox 1484 582 1522 627; x_wconf 81' lang='grc' dir='ltr'>οἱ</span> 
     </span>
     <span class='ocr_line' id='line_1_6' title="bbox 228 645 1523 721; baseline -0.004 -19"><span class='ocrx_word' id='word_1_35' title='bbox 228 654 571 702; x_wconf 71' lang='grc' dir='ltr'>δυστιθάσευτον</span> <span class='ocrx_word' id='word_1_36' title='bbox 595 655 719 721; x_wconf 88' lang='grc' dir='ltr'>φύσει</span> <span class='ocrx_word' id='word_1_37' title='bbox 743 654 827 721; x_wconf 77' lang='grc' dir='ltr'>γὰρ</span> <span class='ocrx_word' id='word_1_38' title='bbox 855 655 1090 702; x_wconf 83' lang='grc' dir='ltr'>διάκεινται</span> <span class='ocrx_word' id='word_1_39' title='bbox 1124 653 1271 718; x_wconf 87' lang='grc' dir='ltr'>πράως</span> <span class='ocrx_word' id='word_1_40' title='bbox 1310 654 1383 699; x_wconf 85' lang='grc' dir='ltr'>καὶ</span> <span class='ocrx_word' id='word_1_41' title='bbox 1415 645 1523 713; x_wconf 83' lang='grc' dir='ltr'>ἡμέ-</span> 
     </span>
     <span class='ocr_line' id='line_1_7' title="bbox 232 719 1523 792; baseline -0.003 -20"><span class='ocrx_word' id='word_1_42' title='bbox 232 746 340 792; x_wconf 89' lang='grc' dir='ltr'>ρως,</span> <span class='ocrx_word' id='word_1_43' title='bbox 380 725 482 774; x_wconf 82' lang='grc' dir='ltr'>ὥστ’</span> <span class='ocrx_word' id='word_1_44' title='bbox 517 727 641 792; x_wconf 82' lang='grc' dir='ltr'>ἐγγυς</span> <span class='ocrx_word' id='word_1_45' title='bbox 687 719 794 774; x_wconf 70' lang='grc' dir='ltr'>εἶναι</span> <span class='ocrx_word' id='word_1_46' title='bbox 832 728 991 792; x_wconf 87' lang='grc' dir='ltr'>λογικῶ</span> <span class='ocrx_word' id='word_1_47' title='bbox 1030 724 1144 791; x_wconf 80' lang='grc' dir='ltr'>ζώῳ·</span> <span class='ocrx_word' id='word_1_48' title='bbox 1181 744 1288 778; x_wconf 84' lang='grc' dir='ltr'>τινες</span> <span class='ocrx_word' id='word_1_49' title='bbox 1324 723 1408 787; x_wconf 84' lang='grc' dir='ltr'>γὰρ</span> <span class='ocrx_word' id='word_1_50' title='bbox 1449 722 1523 769; x_wconf 83' lang='grc' dir='ltr'>καὶ</span> 
     </span>
     <span class='ocr_line' id='line_1_8' title="bbox 229 795 1523 864; baseline -0.005 -18"><span class='ocrx_word' id='word_1_51' title='bbox 229 798 427 861; x_wconf 78' lang='grc' dir='ltr'>ἐξαίμους</span> <span class='ocrx_word' id='word_1_52' title='bbox 451 798 547 855; x_wconf 92' lang='grc' dir='ltr'>τους</span> <span class='ocrx_word' id='word_1_53' title='bbox 569 799 809 864; x_wconf 78' lang='grc' dir='ltr'>ἡνιόχους’</span> <span class='ocrx_word' id='word_1_54' title='bbox 790 819 833 847; x_wconf 89' lang='grc' dir='ltr'>εν</span> <span class='ocrx_word' id='word_1_55' title='bbox 854 806 939 853; x_wconf 88' lang='grc' dir='ltr'>τοῖς</span> <span class='ocrx_word' id='word_1_56' title='bbox 970 801 1109 861; x_wconf 83' lang='grc' dir='ltr'>ἀγῶσι</span> <span class='ocrx_word' id='word_1_57' title='bbox 1139 796 1348 849; x_wconf 86' lang='grc' dir='ltr'>πεσόντας</span> <span class='ocrx_word' id='word_1_58' title='bbox 1375 795 1523 842; x_wconf 85' lang='grc' dir='ltr'>ἀνελό-</span> 
     </span>
     <span class='ocr_line' id='line_1_9' title="bbox 230 867 1518 935; baseline -0.004 -18"><span class='ocrx_word' id='word_1_59' title='bbox 230 890 349 933; x_wconf 88' lang='grc' dir='ltr'>μενοι</span> <span class='ocrx_word' id='word_1_60' title='bbox 370 871 574 929; x_wconf 86' lang='grc' dir='ltr'>σώζουσιν</span> <span class='ocrx_word' id='word_1_61' title='bbox 600 874 648 920; x_wconf 89' lang='grc' dir='ltr'>ἐκ</span> <span class='ocrx_word' id='word_1_62' title='bbox 662 876 739 931; x_wconf 80' lang='grc' dir='ltr'>τῆς</span> <span class='ocrx_word' id='word_1_63' title='bbox 758 872 923 935; x_wconf 86' lang='grc' dir='ltr'>μάχης·</span> <span class='ocrx_word' id='word_1_64' title='bbox 942 874 979 917; x_wconf 80' lang='grc' dir='ltr'>οἱ</span> <span class='ocrx_word' id='word_1_65' title='bbox 1001 870 1045 916; x_wconf 83' lang='grc' dir='ltr'>δὲ</span> <span class='ocrx_word' id='word_1_66' title='bbox 1077 869 1150 916; x_wconf 81' lang='grc' dir='ltr'>καὶ</span> <span class='ocrx_word' id='word_1_67' title='bbox 1181 867 1417 920; x_wconf 77' lang='grc' dir='ltr'>ὑποδύντας</span> <span class='ocrx_word' id='word_1_68' title='bbox 1439 886 1518 929; x_wconf 84' lang='grc' dir='ltr'>με·</span> 
     </span>
     <span class='ocr_line' id='line_1_10' title="bbox 227 940 1519 1009; baseline -0.004 -20"><span class='ocrx_word' id='word_1_69' title='bbox 227 942 332 998; x_wconf 79' lang='grc' dir='ltr'>ταξὺ</span> <span class='ocrx_word' id='word_1_70' title='bbox 355 947 439 991; x_wconf 81' lang='grc' dir='ltr'>τῶν</span> <span class='ocrx_word' id='word_1_71' title='bbox 468 944 740 1009; x_wconf 82' lang='grc' dir='ltr'>ἐμπροσθίων</span> <span class='ocrx_word' id='word_1_72' title='bbox 759 946 899 992; x_wconf 82' lang='grc' dir='ltr'>ποδῶν</span> <span class='ocrx_word' id='word_1_73' title='bbox 925 940 1273 1006; x_wconf 82' lang='grc' dir='ltr'>ὑπερμαχόμενοι</span> <span class='ocrx_word' id='word_1_74' title='bbox 1294 941 1519 986; x_wconf 83' lang='grc' dir='ltr'>διέσωσαν·</span> 
     </span>
     <span class='ocr_line' id='line_1_11' title="bbox 228 1010 1521 1108; baseline -0.004 -46"><span class='ocrx_word' id='word_1_75' title='bbox 228 1018 312 1062; x_wconf 84' lang='grc' dir='ltr'>τῶν</span> <span class='ocrx_word' id='word_1_76' title='bbox 332 1014 377 1063; x_wconf 87' lang='grc' dir='ltr'>δὲ</span> <span class='ocrx_word' id='word_1_77' title='bbox 397 1017 669 1108; x_wconf 63' lang='grc' dir='ltr'>χορτοφόρων</span> <span class='ocrx_word' id='word_1_78' title='bbox 687 1037 759 1064; x_wconf 83' lang='grc' dir='ltr'>και</span> <span class='ocrx_word' id='word_1_79' title='bbox 781 1015 1050 1066; x_wconf 84' lang='grc' dir='ltr'>διδασκάλων</span> <span class='ocrx_word' id='word_1_80' title='bbox 1073 1013 1111 1060; x_wconf 86' lang='grc' dir='ltr'>εἴ</span> <span class='ocrx_word' id='word_1_81' title='bbox 1131 1031 1226 1059; x_wconf 91' lang='grc' dir='ltr'>τινα</span> <span class='ocrx_word' id='word_1_82' title='bbox 1247 1012 1366 1101; x_wconf 81' lang='grc' dir='ltr'>παρὰ</span> <span class='ocrx_word' id='word_1_83' title='bbox 1391 1010 1521 1073; x_wconf 80' lang='grc' dir='ltr'>θυμὸν</span> 
     </span>
     <span class='ocr_line' id='line_1_12' title="bbox 226 1083 1522 1148; baseline -0.004 -14"><span class='ocrx_word' id='word_1_84' title='bbox 226 1087 498 1148; x_wconf 82' lang='grc' dir='ltr'>ἀπέκτειναν,</span> <span class='ocrx_word' id='word_1_85' title='bbox 522 1089 655 1143; x_wconf 83' lang='grc' dir='ltr'>ου’τως</span> <span class='ocrx_word' id='word_1_86' title='bbox 690 1091 980 1144; x_wconf 84' lang='grc' dir='ltr'>ἐπιποθουσιν,</span> <span class='ocrx_word' id='word_1_87' title='bbox 1014 1085 1116 1133; x_wconf 89' lang='grc' dir='ltr'>ωσθ’</span> <span class='ocrx_word' id='word_1_88' title='bbox 1151 1086 1224 1130; x_wconf 79' lang='grc' dir='ltr'>ὑπ’</span> <span class='ocrx_word' id='word_1_89' title='bbox 1262 1084 1382 1138; x_wconf 87' lang='grc' dir='ltr'>ἀνίας</span> <span class='ocrx_word' id='word_1_90' title='bbox 1415 1083 1522 1130; x_wconf 88' lang='grc' dir='ltr'>ἀπέ-</span> 
     </span>
     <span class='ocr_line' id='line_1_13' title="bbox 227 1160 1276 1228; baseline -0.006 -20"><span class='ocrx_word' id='word_1_91' title='bbox 227 1165 382 1224; x_wconf 81' lang='grc' dir='ltr'>χεσθαι</span> <span class='ocrx_word' id='word_1_92' title='bbox 399 1166 580 1228; x_wconf 77' lang='grc' dir='ltr'>τροφῆς·</span> <span class='ocrx_word' id='word_1_93' title='bbox 598 1163 687 1209; x_wconf 86' lang='grc' dir='ltr'>ἔστι</span> <span class='ocrx_word' id='word_1_94' title='bbox 710 1161 745 1208; x_wconf 90' lang='grc' dir='ltr'>δ’</span> <span class='ocrx_word' id='word_1_95' title='bbox 765 1180 837 1207; x_wconf 73' lang='lat' dir='ltr'>ors</span> <span class='ocrx_word' id='word_1_96' title='bbox 857 1160 929 1206; x_wconf 81' lang='grc' dir='ltr'>καὶ</span> <span class='ocrx_word' id='word_1_97' title='bbox 951 1161 1276 1222; x_wconf 85' lang='grc' dir='ltr'>ἀποκαρτερεῖν.</span> 
     </span>
    </p>

    <p class='ocr_par' dir='ltr' id='par_1_3' title="bbox 221 1227 1521 2234">
     <span class='ocr_line' id='line_1_14' title="bbox 296 1227 1520 1293; baseline -0.007 -11"><span class='ocrx_word' id='word_1_98' title='bbox 296 1233 551 1289; x_wconf 76' lang='grc' dir='ltr'>Βιὸάζονται</span> <span class='ocrx_word' id='word_1_99' title='bbox 575 1233 619 1281; x_wconf 79' lang='grc' dir='ltr'>δὲ</span> <span class='ocrx_word' id='word_1_100' title='bbox 639 1233 713 1280; x_wconf 89' lang='grc' dir='ltr'>καὶ</span> <span class='ocrx_word' id='word_1_101' title='bbox 737 1233 946 1279; x_wconf 83' lang='grc' dir='ltr'>τίκτουσιν</span> <span class='ocrx_word' id='word_1_102' title='bbox 966 1234 1022 1283; x_wconf 85' lang='grc' dir='ltr'>ὡς</span> <span class='ocrx_word' id='word_1_103' title='bbox 1041 1228 1167 1276; x_wconf 77' lang='grc' dir='ltr'>ἵπποι</span> <span class='ocrx_word' id='word_1_104' title='bbox 1184 1233 1258 1275; x_wconf 82' lang='grc' dir='ltr'>τοῦ</span> <span class='ocrx_word' id='word_1_105' title='bbox 1285 1227 1408 1293; x_wconf 86' lang='grc' dir='ltr'>ἔαρος</span> <span class='ocrx_word' id='word_1_106' title='bbox 1436 1227 1520 1290; x_wconf 86' lang='grc' dir='ltr'>μά-</span> 
     </span>
     <span class='ocr_line' id='line_1_15' title="bbox 226 1298 1520 1390; baseline -0.003 -39"><span class='ocrx_word' id='word_1_107' title='bbox 226 1307 379 1352; x_wconf 84' lang='grc' dir='ltr'>λιστα·</span> <span class='ocrx_word' id='word_1_108' title='bbox 405 1306 549 1371; x_wconf 84' lang='grc' dir='ltr'>καιρὸς</span> <span class='ocrx_word' id='word_1_109' title='bbox 574 1307 609 1352; x_wconf 87' lang='grc' dir='ltr'>δ’</span> <span class='ocrx_word' id='word_1_110' title='bbox 631 1304 720 1353; x_wconf 91' lang='grc' dir='ltr'>ἐστι</span> <span class='ocrx_word' id='word_1_111' title='bbox 757 1324 818 1351; x_wconf 88' lang='grc' dir='ltr'>τω</span> <span class='ocrx_word' id='word_1_112' title='bbox 859 1304 934 1390; x_wconf 80' lang='grc' dir='ltr'>μὲν</span> <span class='ocrx_word' id='word_1_113' title='bbox 973 1303 1139 1367; x_wconf 83' lang='grc' dir='ltr'>ἄρρενι,</span> <span class='ocrx_word' id='word_1_114' title='bbox 1167 1299 1355 1347; x_wconf 81' lang='grc' dir='ltr'>ἐπειδὰν</span> <span class='ocrx_word' id='word_1_115' title='bbox 1362 1298 1520 1366; x_wconf 84' lang='grc' dir='ltr'>οἴστρῳ</span> 
     </span>
     <span class='ocr_line' id='line_1_16' title="bbox 222 1371 1521 1441; baseline -0.004 -18"><span class='ocrx_word' id='word_1_116' title='bbox 222 1376 465 1441; x_wconf 77' lang='grc' dir='ltr'>κατέχηται</span> <span class='ocrx_word' id='word_1_117' title='bbox 487 1377 606 1424; x_wconf 79' lang='grc' dir='ltr'>καὶ’</span> <span class='ocrx_word' id='word_1_118' title='bbox 583 1375 802 1441; x_wconf 88' lang='grc' dir='ltr'>αγριαίνῃ·</span> <span class='ocrx_word' id='word_1_119' title='bbox 824 1375 918 1421; x_wconf 89' lang='grc' dir='ltr'>τότε</span> <span class='ocrx_word' id='word_1_120' title='bbox 944 1373 994 1430; x_wconf 89' lang='grc' dir='ltr'>δὴ</span> <span class='ocrx_word' id='word_1_121' title='bbox 1017 1373 1090 1420; x_wconf 85' lang='grc' dir='ltr'>καὶ</span> <span class='ocrx_word' id='word_1_122' title='bbox 1114 1372 1262 1425; x_wconf 84' lang='grc' dir='ltr'>λίπους</span> <span class='ocrx_word' id='word_1_123' title='bbox 1282 1391 1324 1418; x_wconf 91' lang='grc' dir='ltr'>τι</span> <span class='ocrx_word' id='word_1_124' title='bbox 1349 1371 1420 1419; x_wconf 81' lang='grc' dir='ltr'>διὰ</span> <span class='ocrx_word' id='word_1_125' title='bbox 1443 1376 1521 1430; x_wconf 82' lang='grc' dir='ltr'>τῆς</span> 
     </span>
     <span class='ocr_line' id='line_1_17' title="bbox 227 1443 1521 1520; baseline -0.004 -26"><span class='ocrx_word' id='word_1_126' title='bbox 227 1452 442 1506; x_wconf 74' lang='grc' dir='ltr'>ἀναπνοῆς</span> <span class='ocrx_word' id='word_1_127' title='bbox 466 1449 649 1511; x_wconf 87' lang='grc' dir='ltr'>ἀνίησιν,</span> <span class='ocrx_word' id='word_1_128' title='bbox 671 1446 772 1506; x_wconf 82' lang='grc' dir='ltr'>ἣν”</span> <span class='ocrx_word' id='word_1_129' title='bbox 749 1466 864 1520; x_wconf 86' lang='grc' dir='ltr'>εχει</span> <span class='ocrx_word' id='word_1_130' title='bbox 864 1445 985 1511; x_wconf 88' lang='grc' dir='ltr'>παρὰ</span> <span class='ocrx_word' id='word_1_131' title='bbox 1009 1465 1104 1498; x_wconf 91' lang='grc' dir='ltr'>τους</span> <span class='ocrx_word' id='word_1_132' title='bbox 1134 1443 1392 1509; x_wconf 75' lang='grc' dir='ltr'>κροτάφους·</span> <span class='ocrx_word' id='word_1_133' title='bbox 1428 1450 1521 1498; x_wconf 87' lang='grc' dir='ltr'>ταῖς</span> 
     </span>
     <span class='ocr_line' id='line_1_18' title="bbox 222 1514 1518 1583; baseline -0.004 -17"><span class='ocrx_word' id='word_1_134' title='bbox 222 1520 271 1566; x_wconf 86' lang='grc' dir='ltr'>δὲ</span> <span class='ocrx_word' id='word_1_135' title='bbox 289 1521 474 1578; x_wconf 90' lang='grc' dir='ltr'>θηλείαις</span> <span class='ocrx_word' id='word_1_136' title='bbox 490 1558 503 1583; x_wconf 90' lang='grc'>,</span> <span class='ocrx_word' id='word_1_137' title='bbox 519 1540 617 1568; x_wconf 85' lang='grc' dir='ltr'>οταν</span> <span class='ocrx_word' id='word_1_138' title='bbox 635 1524 657 1567; x_wconf 84' lang='grc' dir='ltr'>ὃ</span> <span class='ocrx_word' id='word_1_139' title='bbox 679 1519 800 1572; x_wconf 82' lang='grc' dir='ltr'>αὐτὸς</span> <span class='ocrx_word' id='word_1_140' title='bbox 819 1523 935 1572; x_wconf 89' lang='grc' dir='ltr'>ουτος</span> <span class='ocrx_word' id='word_1_141' title='bbox 954 1517 1080 1580; x_wconf 89' lang='grc' dir='ltr'>πόρος</span> <span class='ocrx_word' id='word_1_142' title='bbox 1097 1514 1294 1578; x_wconf 82' lang='grc' dir='ltr'>ἀνεωγως</span> <span class='ocrx_word' id='word_1_143' title='bbox 1310 1514 1518 1581; x_wconf 79' lang='grc' dir='ltr'>τυγχάνῃ</span> 
     </span>
     <span class='ocr_line' id='line_1_19' title="bbox 228 1589 1517 1655; baseline -0.004 -15"><span class='ocrx_word' id='word_1_144' title='bbox 228 1591 392 1640; x_wconf 88' lang='grc' dir='ltr'>Κύουσι</span> <span class='ocrx_word' id='word_1_145' title='bbox 430 1592 474 1640; x_wconf 85' lang='grc' dir='ltr'>δὲ</span> <span class='ocrx_word' id='word_1_146' title='bbox 507 1613 603 1647; x_wconf 89' lang='grc' dir='ltr'>τους</span> <span class='ocrx_word' id='word_1_147' title='bbox 642 1592 717 1655; x_wconf 83' lang='grc' dir='ltr'>μὲν</span> <span class='ocrx_word' id='word_1_148' title='bbox 752 1592 976 1644; x_wconf 89' lang='grc' dir='ltr'>πλείστους</span> <span class='ocrx_word' id='word_1_149' title='bbox 1013 1589 1310 1638; x_wconf 83' lang='grc' dir='ltr'>ὀκτωκαίδεκα</span> <span class='ocrx_word' id='word_1_150' title='bbox 1351 1594 1517 1651; x_wconf 80' lang='grc' dir='ltr'>μῆνας,</span> 
     </span>
     <span class='ocr_line' id='line_1_20' title="bbox 222 1661 1514 1729; baseline -0.001 -19"><span class='ocrx_word' id='word_1_151' title='bbox 222 1665 477 1729; x_wconf 76' lang='grc' dir='ltr'>ἐλαχίστους</span> <span class='ocrx_word' id='word_1_152' title='bbox 511 1667 546 1712; x_wconf 86' lang='grc' dir='ltr'>δ’</span> <span class='ocrx_word' id='word_1_153' title='bbox 587 1664 838 1712; x_wconf 84' lang='grc' dir='ltr'>ἑκκαίδεκα·</span> <span class='ocrx_word' id='word_1_154' title='bbox 866 1662 1008 1729; x_wconf 79' lang='grc' dir='ltr'>τρέφει</span> <span class='ocrx_word' id='word_1_155' title='bbox 1043 1665 1079 1709; x_wconf 91' lang='grc' dir='ltr'>δ’</span> <span class='ocrx_word' id='word_1_156' title='bbox 1104 1666 1131 1719; x_wconf 89' lang='grc' dir='ltr'>ἡ</span> <span class='ocrx_word' id='word_1_157' title='bbox 1163 1661 1308 1726; x_wconf 80' lang='grc' dir='ltr'>μήτηρ</span> <span class='ocrx_word' id='word_1_158' title='bbox 1345 1661 1388 1718; x_wconf 70' lang='grc' dir='ltr'>ἓξ</span> <span class='ocrx_word' id='word_1_159' title='bbox 1422 1661 1514 1720; x_wconf 85' lang='grc' dir='ltr'>ἔτη.</span> 
     </span>
     <span class='ocr_line' id='line_1_21' title="bbox 223 1735 1517 1802; baseline -0.003 -15"><span class='ocrx_word' id='word_1_160' title='bbox 223 1740 341 1787; x_wconf 83' lang='grc' dir='ltr'>Ζῶσι</span> <span class='ocrx_word' id='word_1_161' title='bbox 366 1739 400 1785; x_wconf 87' lang='grc' dir='ltr'>δ’</span> <span class='ocrx_word' id='word_1_162' title='bbox 425 1738 520 1785; x_wconf 78' lang='grc' dir='ltr'>ὅσον</span> <span class='ocrx_word' id='word_1_163' title='bbox 547 1736 890 1802; x_wconf 68' lang='grc' dir='ltr'>μακροὸιώτατοι</span> <span class='ocrx_word' id='word_1_164' title='bbox 913 1736 1127 1799; x_wconf 83' lang='grc' dir='ltr'>ἄνθρωποι</span> <span class='ocrx_word' id='word_1_165' title='bbox 1147 1737 1186 1783; x_wconf 78' lang='grc' dir='ltr'>οἱ</span> <span class='ocrx_word' id='word_1_166' title='bbox 1205 1735 1384 1798; x_wconf 79' lang='grc' dir='ltr'>πολλοὶ,</span> <span class='ocrx_word' id='word_1_167' title='bbox 1406 1735 1517 1790; x_wconf 83' lang='grc' dir='ltr'>τινὲς</span> 
     </span>
     <span class='ocr_line' id='line_1_22' title="bbox 224 1806 1517 1917; baseline -0.001 -61"><span class='ocrx_word' id='word_1_168' title='bbox 224 1809 269 1856; x_wconf 80' lang='grc' dir='ltr'>δὲ</span> <span class='ocrx_word' id='word_1_169' title='bbox 307 1830 380 1857; x_wconf 87' lang='grc' dir='ltr'>και</span> <span class='ocrx_word' id='word_1_170' title='bbox 417 1810 487 1856; x_wconf 84' lang='grc' dir='ltr'>ἐπὶ</span> <span class='ocrx_word' id='word_1_171' title='bbox 531 1809 728 1857; x_wconf 85' lang='grc' dir='ltr'>διακόσια</span> <span class='ocrx_word' id='word_1_172' title='bbox 761 1808 1038 1857; x_wconf 86' lang='grc' dir='ltr'>διατείνουσιν</span> <span class='ocrx_word' id='word_1_173' title='bbox 1072 1807 1195 1917; x_wconf 80' lang='grc' dir='ltr'>ἔτη,ὲ</span> <span class='ocrx_word' id='word_1_174' title='bbox 1211 1807 1442 1856; x_wconf 89' lang='grc' dir='ltr'>πολύνοσοι</span> <span class='ocrx_word' id='word_1_175' title='bbox 1471 1806 1517 1855; x_wconf 86' lang='grc' dir='ltr'>δὲ</span> 
     </span>
     <span class='ocr_line' id='line_1_23' title="bbox 223 1878 1516 1947; baseline -0.001 -19"><span class='ocrx_word' id='word_1_176' title='bbox 223 1901 297 1928; x_wconf 89' lang='grc' dir='ltr'>και</span> <span class='ocrx_word' id='word_1_177' title='bbox 316 1882 524 1932; x_wconf 89' lang='grc' dir='ltr'>δυσίατοι.</span> <span class='ocrx_word' id='word_1_178' title='bbox 545 1878 668 1936; x_wconf 83' lang='grc' dir='ltr'>’Άκος</span> <span class='ocrx_word' id='word_1_179' title='bbox 689 1881 733 1929; x_wconf 82' lang='grc' dir='ltr'>δὲ</span> <span class='ocrx_word' id='word_1_180' title='bbox 750 1880 853 1947; x_wconf 85' lang='grc' dir='ltr'>πρὸς</span> <span class='ocrx_word' id='word_1_181' title='bbox 873 1881 1115 1947; x_wconf 86' lang='grc' dir='ltr'>ὀφθαλμίαν</span> <span class='ocrx_word' id='word_1_182' title='bbox 1143 1880 1221 1945; x_wconf 83' lang='grc' dir='ltr'>μὲν</span> <span class='ocrx_word' id='word_1_183' title='bbox 1245 1881 1381 1945; x_wconf 88' lang='grc' dir='ltr'>βόειον</span> <span class='ocrx_word' id='word_1_184' title='bbox 1401 1880 1516 1944; x_wconf 85' lang='grc' dir='ltr'>γάλα</span> 
     </span>
     <span class='ocr_line' id='line_1_24' title="bbox 221 1951 1514 2029; baseline -0.001 -29"><span class='ocrx_word' id='word_1_185' title='bbox 221 1955 604 2029; x_wconf 80' lang='grc' dir='ltr'>προσκλυζόμενον,</span> <span class='ocrx_word' id='word_1_186' title='bbox 646 1961 732 2007; x_wconf 86' lang='grc' dir='ltr'>τοῖς</span> <span class='ocrx_word' id='word_1_187' title='bbox 778 1954 991 2008; x_wconf 84' lang='grc' dir='ltr'>πλείστοις</span> <span class='ocrx_word' id='word_1_188' title='bbox 1035 1952 1080 2002; x_wconf 85' lang='grc' dir='ltr'>δὲ</span> <span class='ocrx_word' id='word_1_189' title='bbox 1123 1957 1208 2002; x_wconf 81' lang='grc' dir='ltr'>τῶν</span> <span class='ocrx_word' id='word_1_190' title='bbox 1259 1951 1514 2016; x_wconf 80' lang='grc' dir='ltr'>νοσημάτων</span> 
     </span>
     <span class='ocr_line' id='line_1_25' title="bbox 224 2025 1515 2119; baseline 0.001 -47"><span class='ocrx_word' id='word_1_191' title='bbox 224 2028 247 2071; x_wconf 81' lang='grc' dir='ltr'>ὃ</span> <span class='ocrx_word' id='word_1_192' title='bbox 272 2026 405 2087; x_wconf 85' lang='grc' dir='ltr'>μέλας</span> <span class='ocrx_word' id='word_1_193' title='bbox 423 2031 531 2080; x_wconf 87' lang='grc' dir='ltr'>οἰνος</span> <span class='ocrx_word' id='word_1_194' title='bbox 548 2026 796 2119; x_wconf 84' lang='grc' dir='ltr'>πινόμενος,</span> <span class='ocrx_word' id='word_1_195' title='bbox 814 2026 1035 2091; x_wconf 80' lang='grc' dir='ltr'>τραύμασι</span> <span class='ocrx_word' id='word_1_196' title='bbox 1056 2026 1100 2074; x_wconf 86' lang='grc' dir='ltr'>δὲ</span> <span class='ocrx_word' id='word_1_197' title='bbox 1117 2025 1247 2074; x_wconf 82' lang='grc' dir='ltr'>ποτὸν</span> <span class='ocrx_word' id='word_1_198' title='bbox 1264 2025 1343 2089; x_wconf 84' lang='grc' dir='ltr'>μὲν</span> <span class='ocrx_word' id='word_1_199' title='bbox 1362 2025 1515 2090; x_wconf 82' lang='grc' dir='ltr'>βούτυ-</span> 
     </span>
     <span class='ocr_line' id='line_1_26' title="bbox 224 2098 1517 2168; baseline 0.002 -22"><span class='ocrx_word' id='word_1_200' title='bbox 224 2117 309 2162; x_wconf 91' lang='grc' dir='ltr'>ρον,</span> <span class='ocrx_word' id='word_1_201' title='bbox 335 2098 473 2164; x_wconf 83' lang='grc' dir='ltr'>ἐξάγει</span> <span class='ocrx_word' id='word_1_202' title='bbox 499 2101 581 2165; x_wconf 88' lang='grc' dir='ltr'>γὰρ</span> <span class='ocrx_word' id='word_1_203' title='bbox 618 2098 671 2147; x_wconf 84' lang='grc' dir='ltr'>τὰ</span> <span class='ocrx_word' id='word_1_204' title='bbox 695 2100 895 2166; x_wconf 77' lang='grc' dir='ltr'>σιδήρια·</span> <span class='ocrx_word' id='word_1_205' title='bbox 923 2121 976 2147; x_wconf 89' lang='grc' dir='ltr'>τα</span> <span class='ocrx_word' id='word_1_206' title='bbox 1011 2103 1046 2150; x_wconf 86' lang='grc' dir='ltr'>δ</span> <span class='ocrx_word' id='word_1_207' title='bbox 1071 2102 1177 2162; x_wconf 82' lang='grc' dir='ltr'>ἕλκη</span> <span class='ocrx_word' id='word_1_208' title='bbox 1212 2100 1401 2168; x_wconf 81' lang='grc' dir='ltr'>σαρξὶν</span> <span class='ocrx_word' id='word_1_209' title='bbox 1386 2102 1517 2159; x_wconf 85' lang='grc' dir='ltr'>υείαις</span> 
     </span>
     <span class='ocr_line' id='line_1_27' title="bbox 221 2174 445 2234; baseline 0.013 -17"><span class='ocrx_word' id='word_1_210' title='bbox 221 2174 445 2234; x_wconf 82' lang='grc' dir='ltr'>πυριῶσιν.</span> 
     </span>
    </p>
   </div>
   <div class='ocr_carea' id='block_1_3' title="bbox 838 2271 915 2319">
    <p class='ocr_par' dir='ltr' id='par_1_4' title="bbox 838 2271 915 2319">
     <span class='ocr_line' id='line_1_28' title="bbox 838 2271 915 2319; baseline 0.039 -3"><span class='ocrx_word' id='word_1_211' title='bbox 838 2271 915 2319; x_wconf 83' lang='lat'>38.</span> 
     </span>
    </p>
   </div>
   <div class='ocr_carea' id='block_1_4' title="bbox 219 2394 1514 2535">
    <p class='ocr_par' dir='ltr' id='par_1_5' title="bbox 219 2394 1514 2535">
     <span class='ocr_line' id='line_1_29' title="bbox 288 2394 1514 2460; baseline 0.003 -22"><span class='ocrx_word' id='word_1_212' title='bbox 288 2394 506 2439; x_wconf 86' lang='lat' dir='ltr'><strong>Arrianus</strong></span> <span class='ocrx_word' id='word_1_213' title='bbox 530 2394 635 2439; x_wconf 89' lang='lat' dir='ltr'><strong>Ind.</strong></span> <span class='ocrx_word' id='word_1_214' title='bbox 664 2411 704 2449; x_wconf 85' lang='lat' dir='ltr'><strong>c.</strong></span> <span class='ocrx_word' id='word_1_215' title='bbox 735 2395 789 2440; x_wconf 84' lang='lat'>13</span> <span class='ocrx_word' id='word_1_216' title='bbox 817 2395 1070 2458; x_wconf 79' lang='lat' dir='ltr'><strong>(antecedit</strong></span> <span class='ocrx_word' id='word_1_217' title='bbox 1088 2398 1146 2445; x_wconf 84' lang='lat' dir='ltr'>fr.</span> <span class='ocrx_word' id='word_1_218' title='bbox 1179 2396 1256 2459; x_wconf 80' lang='lat'>35)</span> <span class='ocrx_word' id='word_1_219' title='bbox 1289 2414 1300 2442; x_wconf 91' lang='lat'>:</span> <span class='ocrx_word' id='word_1_220' title='bbox 1330 2397 1514 2460; x_wconf 81' lang='grc' dir='ltr'>Θηρῶσι</span> 
     </span>
     <span class='ocr_line' id='line_1_30' title="bbox 219 2462 1512 2535; baseline 0.005 -26"><span class='ocrx_word' id='word_1_221' title='bbox 219 2462 264 2510; x_wconf 84' lang='grc' dir='ltr'>δὲ</span> <span class='ocrx_word' id='word_1_222' title='bbox 284 2463 408 2512; x_wconf 83' lang='grc' dir='ltr'>Ἰνδοὶ</span> <span class='ocrx_word' id='word_1_223' title='bbox 425 2463 478 2511; x_wconf 83' lang='grc' dir='ltr'>τὰ</span> <span class='ocrx_word' id='word_1_224' title='bbox 506 2464 583 2527; x_wconf 80' lang='grc' dir='ltr'>μὲν</span> <span class='ocrx_word' id='word_1_225' title='bbox 611 2465 722 2513; x_wconf 84' lang='grc' dir='ltr'>ἄλλα</span> <span class='ocrx_word' id='word_1_226' title='bbox 743 2466 873 2532; x_wconf 82' lang='grc' dir='ltr'>ἄγριοι</span> <span class='ocrx_word' id='word_1_227' title='bbox 894 2468 1021 2532; x_wconf 89' lang='grc' dir='ltr'>θηρία</span> <span class='ocrx_word' id='word_1_228' title='bbox 1035 2506 1047 2530; x_wconf 92' lang='grc'>,</span> <span class='ocrx_word' id='word_1_229' title='bbox 1067 2468 1265 2535; x_wconf 87' lang='grc' dir='ltr'>κατάπερ</span> <span class='ocrx_word' id='word_1_230' title='bbox 1292 2469 1367 2516; x_wconf 86' lang='grc' dir='ltr'>καὶ</span> <span class='ocrx_word' id='word_1_231' title='bbox 1399 2465 1512 2516; x_wconf 45' lang='grc' dir='ltr'>(Ἐλ-</span> 
     </span>
    </p>
   </div>
   <div class='ocr_carea' id='block_1_5' title="bbox 217 2602 1519 4005">
    <p class='ocr_par' dir='ltr' id='par_1_6' title="bbox 217 2602 1518 3229">
     <span class='ocr_line' id='line_1_31' title="bbox 217 2602 1518 2659; baseline 0.006 -19"><span class='ocrx_word' id='word_1_232' title='bbox 217 2602 340 2641; x_wconf 85' lang='lat' dir='ltr'><strong>herba</strong></span> <span class='ocrx_word' id='word_1_233' title='bbox 363 2604 426 2643; x_wconf 84' lang='lat' dir='ltr'>vel</span> <span class='ocrx_word' id='word_1_234' title='bbox 448 2605 639 2645; x_wconf 89' lang='lat' dir='ltr'><strong>arundine</strong></span> <span class='ocrx_word' id='word_1_235' title='bbox 670 2606 783 2646; x_wconf 88' lang='lat' dir='ltr'><strong>viridi</strong></span> <span class='ocrx_word' id='word_1_236' title='bbox 813 2607 1059 2658; x_wconf 85' lang='lat' dir='ltr'><strong>reficiuntur,</strong></span> <span class='ocrx_word' id='word_1_237' title='bbox 1081 2611 1170 2659; x_wconf 90' lang='lat' dir='ltr'><strong>post</strong></span> <span class='ocrx_word' id='word_1_238' title='bbox 1192 2609 1424 2648; x_wconf 90' lang='lat' dir='ltr'><strong>cicurantur</strong></span> <span class='ocrx_word' id='word_1_239' title='bbox 1451 2607 1518 2647; x_wconf 90' lang='lat' dir='ltr'><strong>alii</strong></span> 
     </span>
     <span class='ocr_line' id='line_1_32' title="bbox 220 2667 1518 2722; baseline 0.005 -18"><span class='ocrx_word' id='word_1_240' title='bbox 220 2667 416 2715; x_wconf 89' lang='lat' dir='ltr'><strong>oratione,</strong></span> <span class='ocrx_word' id='word_1_241' title='bbox 433 2668 498 2708; x_wconf 92' lang='lat' dir='ltr'><strong>alii</strong></span> <span class='ocrx_word' id='word_1_242' title='bbox 515 2671 634 2708; x_wconf 83' lang='lat' dir='ltr'><strong>cantu</strong></span> <span class='ocrx_word' id='word_1_243' title='bbox 657 2671 789 2721; x_wconf 92' lang='lat' dir='ltr'><strong>aliquo</strong></span> <span class='ocrx_word' id='word_1_244' title='bbox 804 2671 867 2711; x_wconf 88' lang='lat' dir='ltr'>vel</span> <span class='ocrx_word' id='word_1_245' title='bbox 884 2673 1061 2722; x_wconf 78' lang='lat' dir='ltr'>tympani</span> <span class='ocrx_word' id='word_1_246' title='bbox 1085 2673 1216 2712; x_wconf 91' lang='lat' dir='ltr'><strong>sonitu</strong></span> <span class='ocrx_word' id='word_1_247' title='bbox 1237 2673 1403 2714; x_wconf 89' lang='lat' dir='ltr'><strong>deliniti.</strong></span> <span class='ocrx_word' id='word_1_248' title='bbox 1424 2671 1518 2712; x_wconf 85' lang='lat' dir='ltr'><strong>Rari</strong></span> 
     </span>
     <span class='ocr_line' id='line_1_33' title="bbox 219 2732 1517 2781; baseline 0.006 -12"><span class='ocrx_word' id='word_1_249' title='bbox 219 2732 314 2771; x_wconf 89' lang='lat' dir='ltr'><strong>sunt</strong></span> <span class='ocrx_word' id='word_1_250' title='bbox 327 2732 394 2781; x_wconf 89' lang='lat' dir='ltr'>qui</span> <span class='ocrx_word' id='word_1_251' title='bbox 413 2744 492 2772; x_wconf 90' lang='lat' dir='ltr'>non</span> <span class='ocrx_word' id='word_1_252' title='bbox 509 2734 621 2774; x_wconf 86' lang='lat' dir='ltr'><strong>facile</strong></span> <span class='ocrx_word' id='word_1_253' title='bbox 647 2739 924 2776; x_wconf 84' lang='lat' dir='ltr'><strong>mansuescant</strong></span> <span class='ocrx_word' id='word_1_254' title='bbox 943 2753 951 2776; x_wconf 93' lang='lat'><strong>:</strong></span> <span class='ocrx_word' id='word_1_255' title='bbox 971 2740 1063 2777; x_wconf 89' lang='lat' dir='ltr'><strong>sunt</strong></span> <span class='ocrx_word' id='word_1_256' title='bbox 1079 2738 1184 2778; x_wconf 87' lang='lat' dir='ltr'><strong>enim</strong></span> <span class='ocrx_word' id='word_1_257' title='bbox 1201 2750 1225 2777; x_wconf 93' lang='lat' dir='ltr'>a</span> <span class='ocrx_word' id='word_1_258' title='bbox 1241 2741 1384 2778; x_wconf 89' lang='lat' dir='ltr'><strong>natura</strong></span> <span class='ocrx_word' id='word_1_259' title='bbox 1400 2738 1517 2778; x_wconf 88' lang='lat' dir='ltr'><strong>mites</strong></span> 
     </span>
     <span class='ocr_line' id='line_1_34' title="bbox 220 2795 1513 2853; baseline 0.007 -21"><span class='ocrx_word' id='word_1_260' title='bbox 220 2795 260 2832; x_wconf 89' lang='lat' dir='ltr'>et</span> <span class='ocrx_word' id='word_1_261' title='bbox 279 2797 495 2845; x_wconf 83' lang='lat' dir='ltr'><strong>mansueti,</strong></span> <span class='ocrx_word' id='word_1_262' title='bbox 517 2800 557 2836; x_wconf 90' lang='lat' dir='ltr'>et</span> <span class='ocrx_word' id='word_1_263' title='bbox 572 2798 618 2837; x_wconf 87' lang='lat' dir='ltr'>ad</span> <span class='ocrx_word' id='word_1_264' title='bbox 647 2800 862 2840; x_wconf 81' lang='lat' dir='ltr'><strong>animantia</strong></span> <span class='ocrx_word' id='word_1_265' title='bbox 882 2803 1035 2841; x_wconf 87' lang='lat' dir='ltr'><strong>ratione</strong></span> <span class='ocrx_word' id='word_1_266' title='bbox 1055 2802 1222 2853; x_wconf 85' lang='lat' dir='ltr'><strong>praedita</strong></span> <span class='ocrx_word' id='word_1_267' title='bbox 1242 2804 1424 2853; x_wconf 82' lang='lat' dir='ltr'><strong>proxime</strong></span> <span class='ocrx_word' id='word_1_268' title='bbox 1446 2813 1513 2842; x_wconf 89' lang='lat' dir='ltr'>ac-</span> 
     </span>
     <span class='ocr_line' id='line_1_35' title="bbox 219 2857 1518 2915; baseline 0.009 -20"><span class='ocrx_word' id='word_1_269' title='bbox 219 2857 379 2897; x_wconf 83' lang='lat' dir='ltr'><strong>cedunt.</strong></span> <span class='ocrx_word' id='word_1_270' title='bbox 435 2860 602 2906; x_wconf 86' lang='lat' dir='ltr'><strong>Quidam</strong></span> <span class='ocrx_word' id='word_1_271' title='bbox 619 2863 772 2912; x_wconf 80' lang='lat' dir='ltr'><strong>aurigas</strong></span> <span class='ocrx_word' id='word_1_272' title='bbox 789 2875 877 2904; x_wconf 77' lang='lat' dir='ltr'><strong>suas</strong></span> <span class='ocrx_word' id='word_1_273' title='bbox 888 2895 898 2914; x_wconf 92' lang='lat'><strong>,</strong></span> <span class='ocrx_word' id='word_1_274' title='bbox 915 2865 985 2915; x_wconf 92' lang='lat' dir='ltr'>qui</span> <span class='ocrx_word' id='word_1_275' title='bbox 1002 2866 1041 2905; x_wconf 91' lang='lat' dir='ltr'>in</span> <span class='ocrx_word' id='word_1_276' title='bbox 1058 2867 1272 2906; x_wconf 83' lang='lat' dir='ltr'><strong>certamine</strong></span> <span class='ocrx_word' id='word_1_277' title='bbox 1289 2867 1518 2907; x_wconf 88' lang='lat' dir='ltr'><strong>ceciderunt</strong></span> 
     </span>
     <span class='ocr_line' id='line_1_36' title="bbox 220 2921 1517 2981; baseline 0.011 -24"><span class='ocrx_word' id='word_1_278' title='bbox 220 2932 243 2958; x_wconf 83' lang='lat' dir='ltr'>e</span> <span class='ocrx_word' id='word_1_279' title='bbox 270 2921 403 2970; x_wconf 86' lang='lat' dir='ltr'><strong>praelio</strong></span> <span class='ocrx_word' id='word_1_280' title='bbox 419 2924 608 2974; x_wconf 74' lang='lat' dir='ltr'><strong>efferunt3</strong></span> <span class='ocrx_word' id='word_1_281' title='bbox 627 2927 692 2965; x_wconf 91' lang='lat' dir='ltr'><strong>alii</strong></span> <span class='ocrx_word' id='word_1_282' title='bbox 718 2939 784 2967; x_wconf 91' lang='lat' dir='ltr'>eos</span> <span class='ocrx_word' id='word_1_283' title='bbox 803 2930 871 2978; x_wconf 92' lang='lat' dir='ltr'>qui</span> <span class='ocrx_word' id='word_1_284' title='bbox 886 2940 956 2980; x_wconf 91' lang='lat' dir='ltr'>per</span> <span class='ocrx_word' id='word_1_285' title='bbox 979 2931 1194 2970; x_wconf 90' lang='lat' dir='ltr'><strong>anteriores</strong></span> <span class='ocrx_word' id='word_1_286' title='bbox 1222 2931 1341 2981; x_wconf 89' lang='lat' dir='ltr'><strong>pedes</strong></span> <span class='ocrx_word' id='word_1_287' title='bbox 1355 2933 1517 2971; x_wconf 91' lang='lat' dir='ltr'><strong>uterum</strong></span> 
     </span>
     <span class='ocr_line' id='line_1_37' title="bbox 221 2986 1509 3047; baseline 0.01 -23"><span class='ocrx_word' id='word_1_288' title='bbox 221 2986 437 3036; x_wconf 86' lang='lat' dir='ltr'><strong>subierunt,</strong></span> <span class='ocrx_word' id='word_1_289' title='bbox 455 2992 734 3040; x_wconf 84' lang='lat' dir='ltr'><strong>propugnando</strong></span> <span class='ocrx_word' id='word_1_290' title='bbox 763 2997 985 3035; x_wconf 80' lang='lat' dir='ltr'><strong>servarunt.</strong></span> <span class='ocrx_word' id='word_1_291' title='bbox 1042 2997 1190 3043; x_wconf 88' lang='lat' dir='ltr'><strong>Quodsi</strong></span> <span class='ocrx_word' id='word_1_292' title='bbox 1207 3008 1328 3047; x_wconf 86' lang='lat' dir='ltr'><strong>quem</strong></span> <span class='ocrx_word' id='word_1_293' title='bbox 1345 3008 1368 3036; x_wconf 93' lang='lat' dir='ltr'>e</span> <span class='ocrx_word' id='word_1_294' title='bbox 1398 3008 1509 3036; x_wconf 85' lang='lat' dir='ltr'><strong>cura·</strong></span> 
     </span>
     <span class='ocr_line' id='line_1_38' title="bbox 222 3050 1515 3111; baseline 0.012 -24"><span class='ocrx_word' id='word_1_295' title='bbox 222 3050 375 3090; x_wconf 77' lang='lat' dir='ltr'><strong>toribus</strong></span> <span class='ocrx_word' id='word_1_296' title='bbox 394 3052 455 3091; x_wconf 86' lang='lat' dir='ltr'>vel</span> <span class='ocrx_word' id='word_1_297' title='bbox 472 3054 663 3103; x_wconf 84' lang='lat' dir='ltr'><strong>magistris</strong></span> <span class='ocrx_word' id='word_1_298' title='bbox 679 3067 747 3105; x_wconf 84' lang='lat' dir='ltr'>per</span> <span class='ocrx_word' id='word_1_299' title='bbox 768 3058 864 3097; x_wconf 89' lang='lat' dir='ltr'><strong>iram</strong></span> <span class='ocrx_word' id='word_1_300' title='bbox 878 3060 1169 3111; x_wconf 88' lang='lat' dir='ltr'><strong>interfecerint,</strong></span> <span class='ocrx_word' id='word_1_301' title='bbox 1191 3061 1291 3101; x_wconf 89' lang='lat' dir='ltr'><strong>adeo</strong></span> <span class='ocrx_word' id='word_1_302' title='bbox 1310 3062 1423 3101; x_wconf 90' lang='lat' dir='ltr'><strong>illum</strong></span> <span class='ocrx_word' id='word_1_303' title='bbox 1443 3062 1515 3102; x_wconf 91' lang='lat' dir='ltr'>de-</span> 
     </span>
     <span class='ocr_line' id='line_1_39' title="bbox 221 3114 1518 3176; baseline 0.012 -23"><span class='ocrx_word' id='word_1_304' title='bbox 221 3114 394 3155; x_wconf 88' lang='lat' dir='ltr'><strong>siderant</strong></span> <span class='ocrx_word' id='word_1_305' title='bbox 404 3119 482 3163; x_wconf 83' lang='lat' dir='ltr'>‚ut</span> <span class='ocrx_word' id='word_1_306' title='bbox 497 3129 578 3167; x_wconf 81' lang='lat' dir='ltr'>prae</span> <span class='ocrx_word' id='word_1_307' title='bbox 600 3130 766 3161; x_wconf 79' lang='lat' dir='ltr'><strong>moerore</strong></span> <span class='ocrx_word' id='word_1_308' title='bbox 781 3133 804 3161; x_wconf 90' lang='lat' dir='ltr'>a</span> <span class='ocrx_word' id='word_1_309' title='bbox 817 3123 904 3163; x_wconf 89' lang='lat' dir='ltr'><strong>cibo</strong></span> <span class='ocrx_word' id='word_1_310' title='bbox 924 3125 1162 3176; x_wconf 87' lang='lat' dir='ltr'><strong>abstineant,</strong></span> <span class='ocrx_word' id='word_1_311' title='bbox 1178 3126 1380 3167; x_wconf 79' lang='lat' dir='ltr'><strong>interdum</strong></span> <span class='ocrx_word' id='word_1_312' title='bbox 1397 3127 1518 3168; x_wconf 83' lang='lat' dir='ltr'><strong>etiam</strong></span> 
     </span>
     <span class='ocr_line' id='line_1_40' title="bbox 222 3180 895 3229; baseline 0.016 -11"><span class='ocrx_word' id='word_1_313' title='bbox 222 3181 349 3219; x_wconf 88' lang='lat' dir='ltr'><strong>media</strong></span> <span class='ocrx_word' id='word_1_314' title='bbox 367 3180 441 3221; x_wconf 83' lang='lat' dir='ltr'><strong>sibi</strong></span> <span class='ocrx_word' id='word_1_315' title='bbox 459 3187 625 3223; x_wconf 86' lang='lat' dir='ltr'><strong>mortem</strong></span> <span class='ocrx_word' id='word_1_316' title='bbox 643 3188 895 3229; x_wconf 73' lang='lat' dir='ltr'><strong>consciscant.</strong></span> 
     </span>
    </p>

    <p class='ocr_par' dir='ltr' id='par_1_7' title="bbox 224 3245 1519 4005">
     <span class='ocr_line' id='line_1_41' title="bbox 275 3245 1515 3308; baseline 0.012 -25"><span class='ocrx_word' id='word_1_317' title='bbox 275 3245 479 3295; x_wconf 85' lang='lat' dir='ltr'><strong>Elephanti</strong></span> <span class='ocrx_word' id='word_1_318' title='bbox 502 3252 645 3289; x_wconf 84' lang='lat' dir='ltr'><strong>coeunt</strong></span> <span class='ocrx_word' id='word_1_319' title='bbox 666 3252 707 3290; x_wconf 90' lang='lat' dir='ltr'>et</span> <span class='ocrx_word' id='word_1_320' title='bbox 735 3253 912 3303; x_wconf 89' lang='lat' dir='ltr'><strong>pariunt,</strong></span> <span class='ocrx_word' id='word_1_321' title='bbox 945 3258 990 3296; x_wconf 92' lang='lat' dir='ltr'>ut</span> <span class='ocrx_word' id='word_1_322' title='bbox 1021 3258 1140 3307; x_wconf 89' lang='lat' dir='ltr'><strong>equi,</strong></span> <span class='ocrx_word' id='word_1_323' title='bbox 1169 3258 1388 3308; x_wconf 87' lang='lat' dir='ltr'><strong>plurimum</strong></span> <span class='ocrx_word' id='word_1_324' title='bbox 1408 3270 1515 3300; x_wconf 83' lang='lat' dir='ltr'><strong>vere.</strong></span> 
     </span>
     <span class='ocr_line' id='line_1_42' title="bbox 224 3310 1518 3374; baseline 0.014 -28"><span class='ocrx_word' id='word_1_325' title='bbox 224 3310 322 3348; x_wconf 84' lang='lat' dir='ltr'><strong>Mari</strong></span> <span class='ocrx_word' id='word_1_326' title='bbox 352 3312 479 3350; x_wconf 83' lang='lat' dir='ltr'><strong>coitus</strong></span> <span class='ocrx_word' id='word_1_327' title='bbox 505 3314 761 3363; x_wconf 87' lang='lat' dir='ltr'><strong>tempestivus</strong></span> <span class='ocrx_word' id='word_1_328' title='bbox 787 3320 872 3367; x_wconf 89' lang='lat' dir='ltr'><strong>est,</strong></span> <span class='ocrx_word' id='word_1_329' title='bbox 898 3320 965 3359; x_wconf 91' lang='lat' dir='ltr'>ubi</span> <span class='ocrx_word' id='word_1_330' title='bbox 991 3324 1112 3362; x_wconf 88' lang='lat' dir='ltr'><strong>oestro</strong></span> <span class='ocrx_word' id='word_1_331' title='bbox 1139 3325 1346 3374; x_wconf 90' lang='lat' dir='ltr'><strong>correptus</strong></span> <span class='ocrx_word' id='word_1_332' title='bbox 1377 3324 1518 3364; x_wconf 82' lang='lat' dir='ltr'><strong>saevire</strong></span> 
     </span>
     <span class='ocr_line' id='line_1_43' title="bbox 224 3374 1517 3438; baseline 0.014 -28"><span class='ocrx_word' id='word_1_333' title='bbox 224 3374 507 3424; x_wconf 77' lang='lat' dir='ltr'><strong>occipit31unc</strong></span> <span class='ocrx_word' id='word_1_334' title='bbox 527 3378 645 3417; x_wconf 84' lang='lat' dir='ltr'><strong>etiam</strong></span> <span class='ocrx_word' id='word_1_335' title='bbox 669 3380 810 3431; x_wconf 83' lang='lat' dir='ltr'><strong>pingue</strong></span> <span class='ocrx_word' id='word_1_336' title='bbox 835 3385 1023 3433; x_wconf 81' lang='lat' dir='ltr'><strong>quiddam</strong></span> <span class='ocrx_word' id='word_1_337' title='bbox 1043 3387 1189 3428; x_wconf 85' lang='lat' dir='ltr'><strong>emittit</strong></span> <span class='ocrx_word' id='word_1_338' title='bbox 1211 3399 1281 3438; x_wconf 90' lang='lat' dir='ltr'>per</span> <span class='ocrx_word' id='word_1_339' title='bbox 1300 3389 1517 3438; x_wconf 90' lang='lat' dir='ltr'><strong>spiramen·</strong></span> 
     </span>
     <span class='ocr_line' id='line_1_44' title="bbox 225 3438 1516 3502; baseline 0.014 -27"><span class='ocrx_word' id='word_1_340' title='bbox 225 3438 336 3486; x_wconf 87' lang='lat' dir='ltr'><strong>tum,</strong></span> <span class='ocrx_word' id='word_1_341' title='bbox 361 3438 466 3487; x_wconf 91' lang='lat' dir='ltr'><strong>quod</strong></span> <span class='ocrx_word' id='word_1_342' title='bbox 488 3440 524 3480; x_wconf 89' lang='lat' dir='ltr'>ei</span> <span class='ocrx_word' id='word_1_343' title='bbox 547 3443 764 3483; x_wconf 88' lang='lat' dir='ltr'><strong>secundum</strong></span> <span class='ocrx_word' id='word_1_344' title='bbox 780 3447 960 3496; x_wconf 81' lang='lat' dir='ltr'><strong>tempora</strong></span> <span class='ocrx_word' id='word_1_345' title='bbox 988 3452 1087 3489; x_wconf 86' lang='lat' dir='ltr'><strong>est:</strong></span> <span class='ocrx_word' id='word_1_346' title='bbox 1109 3451 1288 3500; x_wconf 86' lang='lat' dir='ltr'><strong>feminae,</strong></span> <span class='ocrx_word' id='word_1_347' title='bbox 1307 3463 1432 3502; x_wconf 87' lang='lat' dir='ltr'><strong>quum</strong></span> <span class='ocrx_word' id='word_1_348' title='bbox 1450 3452 1516 3492; x_wconf 83' lang='lat' dir='ltr'>hic</span> 
     </span>
     <span class='ocr_line' id='line_1_45' title="bbox 226 3467 1514 3565; baseline 0.016 -28"><span class='ocrx_word' id='word_1_349' title='bbox 226 3467 336 3539; x_wconf 79' lang='lat' dir='ltr'>idem²</span> <span class='ocrx_word' id='word_1_350' title='bbox 346 3504 500 3542; x_wconf 86' lang='lat' dir='ltr'><strong>meatus</strong></span> <span class='ocrx_word' id='word_1_351' title='bbox 519 3507 677 3554; x_wconf 88' lang='lat' dir='ltr'><strong>apertus</strong></span> <span class='ocrx_word' id='word_1_352' title='bbox 694 3508 822 3548; x_wconf 80' lang='lat' dir='ltr'><strong>fuerit.</strong></span> <span class='ocrx_word' id='word_1_353' title='bbox 845 3511 978 3550; x_wconf 85' lang='lat' dir='ltr'><strong>Edunt</strong></span> <span class='ocrx_word' id='word_1_354' title='bbox 1005 3516 1188 3564; x_wconf 89' lang='lat' dir='ltr'><strong>partum,</strong></span> <span class='ocrx_word' id='word_1_355' title='bbox 1210 3526 1337 3565; x_wconf 91' lang='lat' dir='ltr'><strong>quum</strong></span> <span class='ocrx_word' id='word_1_356' title='bbox 1367 3517 1514 3556; x_wconf 88' lang='lat' dir='ltr'><strong>tardis·</strong></span> 
     </span>
     <span class='ocr_line' id='line_1_46' title="bbox 227 3563 1516 3631; baseline 0.016 -29"><span class='ocrx_word' id='word_1_357' title='bbox 227 3563 347 3614; x_wconf 79' lang='lat' dir='ltr'><strong>sime,</strong></span> <span class='ocrx_word' id='word_1_358' title='bbox 365 3576 499 3607; x_wconf 89' lang='lat' dir='ltr'><strong>mense</strong></span> <span class='ocrx_word' id='word_1_359' title='bbox 515 3578 537 3606; x_wconf 89' lang='lat' dir='ltr'>a</span> <span class='ocrx_word' id='word_1_360' title='bbox 565 3573 757 3620; x_wconf 69' lang='lat' dir='ltr'><strong>conceptu</strong></span> <span class='ocrx_word' id='word_1_361' title='bbox 777 3572 930 3614; x_wconf 88' lang='lat' dir='ltr'><strong>decimo</strong></span> <span class='ocrx_word' id='word_1_362' title='bbox 949 3580 1114 3627; x_wconf 87' lang='lat' dir='ltr'><strong>octavo,</strong></span> <span class='ocrx_word' id='word_1_363' title='bbox 1143 3590 1268 3628; x_wconf 89' lang='lat' dir='ltr'><strong>quum</strong></span> <span class='ocrx_word' id='word_1_364' title='bbox 1289 3581 1516 3631; x_wconf 86' lang='lat' dir='ltr'><strong>celerrime,</strong></span> 
     </span>
     <span class='ocr_line' id='line_1_47' title="bbox 226 3628 1515 3686; baseline 0.014 -20"><span class='ocrx_word' id='word_1_365' title='bbox 226 3628 302 3667; x_wconf 86' lang='lat' dir='ltr'>sub</span> <span class='ocrx_word' id='word_1_366' title='bbox 323 3632 480 3669; x_wconf 84' lang='lat' dir='ltr'><strong>sextum</strong></span> <span class='ocrx_word' id='word_1_367' title='bbox 496 3633 536 3670; x_wconf 89' lang='lat' dir='ltr'>et</span> <span class='ocrx_word' id='word_1_368' title='bbox 562 3632 774 3674; x_wconf 87' lang='lat' dir='ltr'><strong>decimum.</strong></span> <span class='ocrx_word' id='word_1_369' title='bbox 828 3640 906 3677; x_wconf 85' lang='lat' dir='ltr'><strong>Sex</strong></span> <span class='ocrx_word' id='word_1_370' title='bbox 932 3650 1053 3680; x_wconf 91' lang='lat' dir='ltr'><strong>annos</strong></span> <span class='ocrx_word' id='word_1_371' title='bbox 1075 3652 1098 3679; x_wconf 91' lang='lat' dir='ltr'>a</span> <span class='ocrx_word' id='word_1_372' title='bbox 1120 3645 1246 3682; x_wconf 78' lang='lat' dir='ltr'><strong>matre</strong></span> <span class='ocrx_word' id='word_1_373' title='bbox 1267 3645 1515 3686; x_wconf 89' lang='lat' dir='ltr'><strong>nutriuntur.</strong></span> 
     </span>
     <span class='ocr_line' id='line_1_48' title="bbox 229 3693 1517 3761; baseline 0.015 -29"><span class='ocrx_word' id='word_1_374' title='bbox 229 3693 381 3735; x_wconf 76' lang='lat' dir='ltr'><strong>vivunt</strong></span> <span class='ocrx_word' id='word_1_375' title='bbox 420 3696 598 3747; x_wconf 85' lang='lat' dir='ltr'><strong>plerique</strong></span> <span class='ocrx_word' id='word_1_376' title='bbox 637 3704 830 3749; x_wconf 84' lang='lat' dir='ltr'><strong>quantum</strong></span> <span class='ocrx_word' id='word_1_377' title='bbox 868 3703 969 3754; x_wconf 85' lang='lat' dir='ltr'><strong>long·</strong></span> <span class='ocrx_word' id='word_1_378' title='bbox 969 3706 1142 3746; x_wconf 68' lang='lat' dir='ltr'><strong>levissimi</strong></span> <span class='ocrx_word' id='word_1_379' title='bbox 1188 3708 1389 3760; x_wconf 89' lang='lat' dir='ltr'><strong>homines,</strong></span> <span class='ocrx_word' id='word_1_380' title='bbox 1425 3712 1517 3761; x_wconf 84' lang='lat' dir='ltr'><strong>qui-</strong></span> 
     </span>
     <span class='ocr_line' id='line_1_49' title="bbox 224 3756 1517 3826; baseline 0.015 -30"><span class='ocrx_word' id='word_1_381' title='bbox 224 3756 316 3797; x_wconf 89' lang='lat' dir='ltr'>dam</span> <span class='ocrx_word' id='word_1_382' title='bbox 332 3759 450 3799; x_wconf 89' lang='lat' dir='ltr'><strong>etiam</strong></span> <span class='ocrx_word' id='word_1_383' title='bbox 474 3760 524 3799; x_wconf 90' lang='lat' dir='ltr'>ad</span> <span class='ocrx_word' id='word_1_384' title='bbox 549 3761 860 3805; x_wconf 89' lang='lat' dir='ltr'><strong>ducentesimum</strong></span> <span class='ocrx_word' id='word_1_385' title='bbox 881 3770 1115 3818; x_wconf 79' lang='lat' dir='ltr'><strong>perveniunt</strong></span> <span class='ocrx_word' id='word_1_386' title='bbox 1141 3782 1305 3813; x_wconf 90' lang='lat' dir='ltr'><strong>annum.</strong></span> <span class='ocrx_word' id='word_1_387' title='bbox 1363 3775 1517 3826; x_wconf 82' lang='lat' dir='ltr'><strong>Alioqui</strong></span> 
     </span>
     <span class='ocr_line' id='line_1_50' title="bbox 226 3821 1518 3879; baseline 0.015 -20"><span class='ocrx_word' id='word_1_388' title='bbox 226 3821 374 3861; x_wconf 85' lang='lat' dir='ltr'><strong>morbis</strong></span> <span class='ocrx_word' id='word_1_389' title='bbox 393 3823 555 3863; x_wconf 84' lang='lat' dir='ltr'><strong>obnoxii</strong></span> <span class='ocrx_word' id='word_1_390' title='bbox 583 3828 734 3866; x_wconf 88' lang='lat' dir='ltr'><strong>suntet</strong></span> <span class='ocrx_word' id='word_1_391' title='bbox 761 3828 920 3878; x_wconf 88' lang='lat' dir='ltr'><strong>quidem</strong></span> <span class='ocrx_word' id='word_1_392' title='bbox 951 3836 1090 3872; x_wconf 86' lang='lat' dir='ltr'><strong>curatu</strong></span> <span class='ocrx_word' id='word_1_393' title='bbox 1113 3834 1350 3876; x_wconf 80' lang='lat' dir='ltr'><strong>difficilibus,</strong></span> <span class='ocrx_word' id='word_1_394' title='bbox 1400 3838 1518 3879; x_wconf 84' lang='lat' dir='ltr'><strong>Vitiis</strong></span> 
     </span>
     <span class='ocr_line' id='line_1_51' title="bbox 226 3885 1519 3952; baseline 0.015 -29"><span class='ocrx_word' id='word_1_395' title='bbox 226 3885 432 3927; x_wconf 86' lang='lat' dir='ltr'><strong>oculorum</strong></span> <span class='ocrx_word' id='word_1_396' title='bbox 449 3888 624 3929; x_wconf 88' lang='lat' dir='ltr'><strong>remedio</strong></span> <span class='ocrx_word' id='word_1_397' title='bbox 642 3891 725 3938; x_wconf 84' lang='lat' dir='ltr'><strong>est,</strong></span> <span class='ocrx_word' id='word_1_398' title='bbox 743 3901 874 3932; x_wconf 81' lang='lat' dir='ltr'><strong>vaccoe</strong></span> <span class='ocrx_word' id='word_1_399' title='bbox 889 3893 990 3934; x_wconf 89' lang='lat' dir='ltr'><strong>lacte</strong></span> <span class='ocrx_word' id='word_1_400' title='bbox 1005 3895 1036 3934; x_wconf 89' lang='lat' dir='ltr'>si</span> <span class='ocrx_word' id='word_1_401' title='bbox 1052 3898 1304 3950; x_wconf 87' lang='lat' dir='ltr'><strong>perluantur;</strong></span> <span class='ocrx_word' id='word_1_402' title='bbox 1327 3902 1519 3952; x_wconf 88' lang='lat' dir='ltr'><strong>plurimos</strong></span> 
     </span>
     <span class='ocr_line' id='line_1_52' title="bbox 227 3949 1514 4005; baseline 0.016 -18"><span class='ocrx_word' id='word_1_403' title='bbox 227 3949 385 3990; x_wconf 85' lang='lat' dir='ltr'><strong>morbos</strong></span> <span class='ocrx_word' id='word_1_404' title='bbox 419 3952 557 3991; x_wconf 88' lang='lat' dir='ltr'><strong>vinum</strong></span> <span class='ocrx_word' id='word_1_405' title='bbox 594 3953 750 4003; x_wconf 86' lang='lat' dir='ltr'><strong>nigrum</strong></span> <span class='ocrx_word' id='word_1_406' title='bbox 787 3958 948 4005; x_wconf 81' lang='lat' dir='ltr'><strong>epotum</strong></span> <span class='ocrx_word' id='word_1_407' title='bbox 993 3962 1119 4000; x_wconf 88' lang='lat' dir='ltr'><strong>curat.</strong></span> <span class='ocrx_word' id='word_1_408' title='bbox 1158 3963 1400 4005; x_wconf 84' lang='lat' dir='ltr'><strong>Vulneribus</strong></span> <span class='ocrx_word' id='word_1_409' title='bbox 1435 3966 1514 4005; x_wconf 85' lang='lat' dir='ltr'><strong>bu-</strong></span> 
     </span>
    </p>
   </div>
   <div class='ocr_carea' id='block_1_6' title="bbox 228 4014 1519 4121">
    <p class='ocr_par' dir='ltr' id='par_1_8' title="bbox 228 4014 1519 4121">
     <span class='ocr_line' id='line_1_53' title="bbox 228 4014 1519 4075; baseline 0.015 -25"><span class='ocrx_word' id='word_1_410' title='bbox 228 4014 358 4062; x_wconf 84' lang='lat' dir='ltr'><strong>tyrum</strong></span> <span class='ocrx_word' id='word_1_411' title='bbox 376 4016 513 4064; x_wconf 88' lang='lat' dir='ltr'><strong>potum</strong></span> <span class='ocrx_word' id='word_1_412' title='bbox 529 4017 742 4057; x_wconf 84' lang='lat' dir='ltr'><strong>auxiliatur</strong></span> <span class='ocrx_word' id='word_1_413' title='bbox 760 4019 931 4068; x_wconf 84' lang='lat' dir='ltr'><strong>(serrum</strong></span> <span class='ocrx_word' id='word_1_414' title='bbox 951 4022 1054 4062; x_wconf 88' lang='lat' dir='ltr'><strong>enim</strong></span> <span class='ocrx_word' id='word_1_415' title='bbox 1071 4023 1176 4073; x_wconf 87' lang='lat' dir='ltr'><strong>ejicit</strong></span> <span class='ocrx_word' id='word_1_416' title='bbox 1195 4026 1225 4075; x_wconf 94' lang='lat'>);</span> <span class='ocrx_word' id='word_1_417' title='bbox 1244 4028 1375 4068; x_wconf 88' lang='lat' dir='ltr'><strong>ulcera</strong></span> <span class='ocrx_word' id='word_1_418' title='bbox 1394 4030 1519 4070; x_wconf 91' lang='lat' dir='ltr'><strong>suillis</strong></span> 
     </span>
     <span class='ocr_line' id='line_1_54' title="bbox 228 4068 622 4121; baseline 0.02 -9"><span class='ocrx_word' id='word_1_419' title='bbox 228 4075 409 4115; x_wconf 76' lang='lat' dir='ltr'><strong>carnibus</strong></span> <span class='ocrx_word' id='word_1_420' title='bbox 426 4068 622 4121; x_wconf 72' lang='lat' dir='ltr'><strong>foventur.</strong></span> 
     </span>
    </p>
   </div>
   <div class='ocr_carea' id='block_1_7' title="bbox 827 4157 899 4198">
    <p class='ocr_par' dir='ltr' id='par_1_9' title="bbox 827 4157 899 4198">
     <span class='ocr_line' id='line_1_55' title="bbox 827 4157 899 4198; baseline 0.028 -2"><span class='ocrx_word' id='word_1_421' title='bbox 827 4157 899 4198; x_wconf 87' lang='grc'>38.</span> 
     </span>
    </p>
   </div>
   <div class='ocr_carea' id='block_1_8' title="bbox 282 4249 1518 4320">
    <p class='ocr_par' dir='ltr' id='par_1_10' title="bbox 282 4249 1518 4320">
     <span class='ocr_line' id='line_1_56' title="bbox 282 4249 1518 4320; baseline 0.02 -34"><span class='ocrx_word' id='word_1_422' title='bbox 282 4249 483 4290; x_wconf 73' lang='lat' dir='ltr'><strong>venantur</strong></span> <span class='ocrx_word' id='word_1_423' title='bbox 499 4252 580 4292; x_wconf 79' lang='lat' dir='ltr'><strong>indi</strong></span> <span class='ocrx_word' id='word_1_424' title='bbox 599 4255 766 4306; x_wconf 84' lang='lat' dir='ltr'><strong>reliquas</strong></span> <span class='ocrx_word' id='word_1_425' title='bbox 781 4256 879 4298; x_wconf 85' lang='lat' dir='ltr'><strong>feras</strong></span> <span class='ocrx_word' id='word_1_426' title='bbox 891 4269 971 4308; x_wconf 90' lang='lat' dir='ltr'><strong>quo</strong></span> <span class='ocrx_word' id='word_1_427' title='bbox 985 4260 1111 4301; x_wconf 79' lang='lat' dir='ltr'><strong>Graeci</strong></span> <span class='ocrx_word' id='word_1_428' title='bbox 1127 4262 1245 4303; x_wconf 88' lang='lat' dir='ltr'><strong>modo</strong></span> <span class='ocrx_word' id='word_1_429' title='bbox 1262 4280 1269 4304; x_wconf 88' lang='lat'>:</span> <span class='ocrx_word' id='word_1_430' title='bbox 1286 4268 1518 4320; x_wconf 82' lang='lat' dir='ltr'><strong>ateleplian-</strong></span> 
     </span>
    </p>
   </div>
   <div class='ocr_carea' id='block_1_9' title="bbox 1330 255 1777 306">
    <p class='ocr_par' dir='ltr' id='par_1_11' title="bbox 1330 255 1777 306">
     <span class='ocr_line' id='line_1_57' title="bbox 1330 255 1777 306; baseline -0.004 -2"><span class='ocrx_word' id='word_1_431' title='bbox 1330 257 1625 306; x_wconf 76' lang='lat' dir='ltr'>MEGASTH</span> <span class='ocrx_word' id='word_1_432' title='bbox 1638 255 1777 303; x_wconf 70' lang='lat' dir='ltr'>13le</span> 
     </span>
    </p>
   </div>
   <div class='ocr_carea' id='block_1_10' title="bbox 2819 463 3016 4628">
    <p class='ocr_par' dir='ltr' id='par_1_12' title="bbox 2819 463 3016 4628">
     <span class='ocr_line' id='line_1_58' title="bbox 2933 463 3016 674; baseline 0 -65"><span class='ocrx_word' id='word_1_433' title='bbox 2933 463 3016 674; x_wconf 95' lang='lat' dir='ltr'>   </span> 
     </span>
     <span class='ocr_line' id='line_1_59' title="bbox 2934 674 3016 755; baseline 0 3873"><span class='ocrx_word' id='word_1_434' title='bbox 2934 674 3016 755; x_wconf 95' lang='lat' dir='ltr'> </span> 
     </span>
     <span class='ocr_line' id='line_1_60' title="bbox 2934 755 3016 827; baseline 0 3801"><span class='ocrx_word' id='word_1_435' title='bbox 2934 755 3016 827; x_wconf 95' lang='lat' dir='ltr'> </span> 
     </span>
     <span class='ocr_line' id='line_1_61' title="bbox 2934 827 3016 900; baseline 0 3728"><span class='ocrx_word' id='word_1_436' title='bbox 2934 827 3016 900; x_wconf 95' lang='lat' dir='ltr'> </span> 
     </span>
     <span class='ocr_line' id='line_1_62' title="bbox 2929 900 3016 968; baseline 0 3660"><span class='ocrx_word' id='word_1_437' title='bbox 2929 900 3016 968; x_wconf 95' lang='lat' dir='ltr'> </span> 
     </span>
     <span class='ocr_line' id='line_1_63' title="bbox 2927 968 3016 1040; baseline 0 3588"><span class='ocrx_word' id='word_1_438' title='bbox 2927 968 3016 1040; x_wconf 95' lang='lat' dir='ltr'> </span> 
     </span>
     <span class='ocr_line' id='line_1_64' title="bbox 2925 1040 3016 1116; baseline 0 3512"><span class='ocrx_word' id='word_1_439' title='bbox 2925 1040 3016 1116; x_wconf 95' lang='lat' dir='ltr'> </span> 
     </span>
     <span class='ocr_line' id='line_1_65' title="bbox 2921 1116 3016 1257; baseline 0 -88"><span class='ocrx_word' id='word_1_440' title='bbox 2921 1116 3016 1257; x_wconf 95' lang='lat' dir='ltr'>  </span> 
     </span>
     <span class='ocr_line' id='line_1_66' title="bbox 2921 1257 3016 1325; baseline 0 3303"><span class='ocrx_word' id='word_1_441' title='bbox 2921 1257 3016 1325; x_wconf 95' lang='lat' dir='ltr'> </span> 
     </span>
     <span class='ocr_line' id='line_1_67' title="bbox 2923 1325 3016 1402; baseline 0 3226"><span class='ocrx_word' id='word_1_442' title='bbox 2923 1325 3016 1402; x_wconf 95' lang='lat' dir='ltr'> </span> 
     </span>
     <span class='ocr_line' id='line_1_68' title="bbox 2928 1402 3016 1472; baseline 0 3156"><span class='ocrx_word' id='word_1_443' title='bbox 2928 1402 3016 1472; x_wconf 95' lang='lat' dir='ltr'> </span> 
     </span>
     <span class='ocr_line' id='line_1_69' title="bbox 2930 1472 3016 1549; baseline 0 3079"><span class='ocrx_word' id='word_1_444' title='bbox 2930 1472 3016 1549; x_wconf 95' lang='lat' dir='ltr'> </span> 
     </span>
     <span class='ocr_line' id='line_1_70' title="bbox 2930 1549 3016 1622; baseline 0 3006"><span class='ocrx_word' id='word_1_445' title='bbox 2930 1549 3016 1622; x_wconf 95' lang='lat' dir='ltr'> </span> 
     </span>
     <span class='ocr_line' id='line_1_71' title="bbox 2934 1622 3016 1695; baseline 0 2933"><span class='ocrx_word' id='word_1_446' title='bbox 2934 1622 3016 1695; x_wconf 95' lang='lat' dir='ltr'> </span> 
     </span>
     <span class='ocr_line' id='line_1_72' title="bbox 2934 1695 3016 1760; baseline 0 2868"><span class='ocrx_word' id='word_1_447' title='bbox 2934 1695 3016 1760; x_wconf 95' lang='lat' dir='ltr'> </span> 
     </span>
     <span class='ocr_line' id='line_1_73' title="bbox 2934 1760 3016 1837; baseline 0 2791"><span class='ocrx_word' id='word_1_448' title='bbox 2934 1760 3016 1837; x_wconf 95' lang='lat' dir='ltr'> </span> 
     </span>
     <span class='ocr_line' id='line_1_74' title="bbox 2934 1837 3016 1911; baseline 0 2717"><span class='ocrx_word' id='word_1_449' title='bbox 2934 1837 3016 1911; x_wconf 95' lang='lat' dir='ltr'> </span> 
     </span>
     <span class='ocr_line' id='line_1_75' title="bbox 2934 1911 3016 1979; baseline 0 2649"><span class='ocrx_word' id='word_1_450' title='bbox 2934 1911 3016 1979; x_wconf 95' lang='lat' dir='ltr'> </span> 
     </span>
     <span class='ocr_line' id='line_1_76' title="bbox 2934 1979 3016 2053; baseline 0 2575"><span class='ocrx_word' id='word_1_451' title='bbox 2934 1979 3016 2053; x_wconf 95' lang='lat' dir='ltr'> </span> 
     </span>
     <span class='ocr_line' id='line_1_77' title="bbox 2935 2053 3016 2129; baseline 0 2499"><span class='ocrx_word' id='word_1_452' title='bbox 2935 2053 3016 2129; x_wconf 95' lang='lat' dir='ltr'> </span> 
     </span>
     <span class='ocr_line' id='line_1_78' title="bbox 2935 2129 3016 2203; baseline 0 2425"><span class='ocrx_word' id='word_1_453' title='bbox 2935 2129 3016 2203; x_wconf 95' lang='lat' dir='ltr'> </span> 
     </span>
     <span class='ocr_line' id='line_1_79' title="bbox 2935 2203 3016 2276; baseline 0 2352"><span class='ocrx_word' id='word_1_454' title='bbox 2935 2203 3016 2276; x_wconf 95' lang='lat' dir='ltr'> </span> 
     </span>
     <span class='ocr_line' id='line_1_80' title="bbox 2939 2276 3016 2508; baseline 0 -162"><span class='ocrx_word' id='word_1_455' title='bbox 2939 2276 3016 2508; x_wconf 95' lang='lat' dir='ltr'>     </span> 
     </span>
     <span class='ocr_line' id='line_1_81' title="bbox 2939 2508 3016 2684; baseline 0 -113"><span class='ocrx_word' id='word_1_456' title='bbox 2939 2508 3016 2684; x_wconf 95' lang='lat' dir='ltr'>    </span> 
     </span>
     <span class='ocr_line' id='line_1_82' title="bbox 2935 2684 3016 2876; baseline 0 0"><span class='ocrx_word' id='word_1_457' title='bbox 2935 2684 3016 2876; x_wconf 95' lang='lat' dir='ltr'>   </span> 
     </span>
     <span class='ocr_line' id='line_1_83' title="bbox 2935 2876 3016 2942; baseline 0 1686"><span class='ocrx_word' id='word_1_458' title='bbox 2935 2876 3016 2942; x_wconf 95' lang='lat' dir='ltr'> </span> 
     </span>
     <span class='ocr_line' id='line_1_84' title="bbox 2935 2942 3016 3005; baseline 0 1623"><span class='ocrx_word' id='word_1_459' title='bbox 2935 2942 3016 3005; x_wconf 95' lang='lat' dir='ltr'> </span> 
     </span>
     <span class='ocr_line' id='line_1_85' title="bbox 2936 3005 3016 3069; baseline 0 1559"><span class='ocrx_word' id='word_1_460' title='bbox 2936 3005 3016 3069; x_wconf 95' lang='lat' dir='ltr'> </span> 
     </span>
     <span class='ocr_line' id='line_1_86' title="bbox 2937 3069 3016 3133; baseline 0 1495"><span class='ocrx_word' id='word_1_461' title='bbox 2937 3069 3016 3133; x_wconf 95' lang='lat' dir='ltr'> </span> 
     </span>
     <span class='ocr_line' id='line_1_87' title="bbox 2933 3133 3016 3199; baseline 0 1429"><span class='ocrx_word' id='word_1_462' title='bbox 2933 3133 3016 3199; x_wconf 95' lang='lat' dir='ltr'> </span> 
     </span>
     <span class='ocr_line' id='line_1_88' title="bbox 2924 3199 3016 3264; baseline 0 1364"><span class='ocrx_word' id='word_1_463' title='bbox 2924 3199 3016 3264; x_wconf 95' lang='lat' dir='ltr'> </span> 
     </span>
     <span class='ocr_line' id='line_1_89' title="bbox 2915 3264 3016 3392; baseline 0 -65"><span class='ocrx_word' id='word_1_464' title='bbox 2915 3264 3016 3392; x_wconf 95' lang='lat' dir='ltr'>  </span> 
     </span>
     <span class='ocr_line' id='line_1_90' title="bbox 2910 3392 3016 3583; baseline 0 -62"><span class='ocrx_word' id='word_1_465' title='bbox 2910 3392 3016 3583; x_wconf 95' lang='lat' dir='ltr'>   </span> 
     </span>
     <span class='ocr_line' id='line_1_91' title="bbox 2898 3583 3016 3712; baseline 0 -63"><span class='ocrx_word' id='word_1_466' title='bbox 2898 3583 3016 3712; x_wconf 95' lang='lat' dir='ltr'>  </span> 
     </span>
     <span class='ocr_line' id='line_1_92' title="bbox 2892 3712 3016 3840; baseline 0 -62"><span class='ocrx_word' id='word_1_467' title='bbox 2892 3712 3016 3840; x_wconf 95' lang='lat' dir='ltr'>  </span> 
     </span>
     <span class='ocr_line' id='line_1_93' title="bbox 2819 3840 3016 4030; baseline 0 -104"><span class='ocrx_word' id='word_1_468' title='bbox 2819 3840 3016 4030; x_wconf 95' lang='lat' dir='ltr'>    </span> 
     </span>
     <span class='ocr_line' id='line_1_94' title="bbox 2844 4030 3016 4180; baseline 0 0"><span class='ocrx_word' id='word_1_469' title='bbox 2844 4030 3016 4180; x_wconf 95' lang='lat' dir='ltr'>   </span> 
     </span>
     <span class='ocr_line' id='line_1_95' title="bbox 2838 4180 3016 4628; baseline 0 -281"><span class='ocrx_word' id='word_1_470' title='bbox 2838 4180 3016 4628; x_wconf 95' lang='lat' dir='ltr'>    </span> 
     </span>
    </p>
   </div>
   <div class='ocr_carea' id='block_1_11' title="bbox 1590 354 2986 2461">
    <p class='ocr_par' dir='ltr' id='par_1_13' title="bbox 1597 354 2949 865">
     <span class='ocr_line' id='line_1_96' title="bbox 1598 354 2888 430; baseline -0.001 -17"><span class='ocrx_word' id='word_1_471' title='bbox 1598 369 1742 423; x_wconf 89' lang='grc' dir='ltr'>ληνες·</span> <span class='ocrx_word' id='word_1_472' title='bbox 1768 369 1793 422; x_wconf 73' lang='grc' dir='ltr'>ἡ</span> <span class='ocrx_word' id='word_1_473' title='bbox 1830 365 1873 412; x_wconf 86' lang='grc' dir='ltr'>δὲ</span> <span class='ocrx_word' id='word_1_474' title='bbox 1911 367 1993 411; x_wconf 78' lang='grc' dir='ltr'>τῶν</span> <span class='ocrx_word' id='word_1_475' title='bbox 2019 354 2260 430; x_wconf 83' lang='grc' dir='ltr'>ἐλεφάντων</span> <span class='ocrx_word' id='word_1_476' title='bbox 2297 362 2394 428; x_wconf 85' lang='grc' dir='ltr'>σφὶν</span> <span class='ocrx_word' id='word_1_477' title='bbox 2430 363 2539 427; x_wconf 81' lang='grc' dir='ltr'>θήρη</span> <span class='ocrx_word' id='word_1_478' title='bbox 2567 363 2684 411; x_wconf 82' lang='grc' dir='ltr'>οὗδέν</span> <span class='ocrx_word' id='word_1_479' title='bbox 2712 380 2751 411; x_wconf 87' lang='grc' dir='ltr'>τι</span> <span class='ocrx_word' id='word_1_480' title='bbox 2776 363 2888 428; x_wconf 78' lang='grc' dir='ltr'>ἄλλῃ</span> 
     </span>
     <span class='ocr_line' id='line_1_97' title="bbox 1599 434 2890 500; baseline 0.001 -16"><span class='ocrx_word' id='word_1_481' title='bbox 1599 437 1746 497; x_wconf 85' lang='grc' dir='ltr'>ἔοικεν,</span> <span class='ocrx_word' id='word_1_482' title='bbox 1773 438 1838 484; x_wconf 80' lang='grc' dir='ltr'>ὅτι</span> <span class='ocrx_word' id='word_1_483' title='bbox 1874 437 1948 483; x_wconf 86' lang='grc' dir='ltr'>καὶ</span> <span class='ocrx_word' id='word_1_484' title='bbox 1975 441 2112 483; x_wconf 77' lang='grc' dir='ltr'>ταῦτα</span> <span class='ocrx_word' id='word_1_485' title='bbox 2135 435 2190 483; x_wconf 87' lang='grc' dir='ltr'>τὰ</span> <span class='ocrx_word' id='word_1_486' title='bbox 2208 434 2336 500; x_wconf 88' lang='grc' dir='ltr'>θηρία</span> <span class='ocrx_word' id='word_1_487' title='bbox 2353 435 2603 497; x_wconf 75' lang='grc' dir='ltr'>οὐδαμοῖσιν</span> <span class='ocrx_word' id='word_1_488' title='bbox 2622 435 2791 484; x_wconf 85' lang='grc' dir='ltr'>ἄλλοισι</span> <span class='ocrx_word' id='word_1_489' title='bbox 2814 441 2890 494; x_wconf 87' lang='grc' dir='ltr'>θη·</span> 
     </span>
     <span class='ocr_line' id='line_1_98' title="bbox 1599 504 2941 574; baseline 0 -18"><span class='ocrx_word' id='word_1_490' title='bbox 1599 509 1746 574; x_wconf 87' lang='grc' dir='ltr'>ρίοισιν</span> <span class='ocrx_word' id='word_1_491' title='bbox 1758 507 1963 556; x_wconf 87' lang='grc' dir='ltr'>ἐπέοικεν.</span> <span class='ocrx_word' id='word_1_492' title='bbox 1982 509 2036 571; x_wconf 87' lang='lat'>(2)</span> <span class='ocrx_word' id='word_1_493' title='bbox 2055 505 2187 555; x_wconf 76' lang='grc' dir='ltr'>Ἀλλὰ</span> <span class='ocrx_word' id='word_1_494' title='bbox 2199 505 2330 553; x_wconf 84' lang='grc' dir='ltr'>τόπον</span> <span class='ocrx_word' id='word_1_495' title='bbox 2339 504 2422 571; x_wconf 87' lang='grc' dir='ltr'>γὰρ</span> <span class='ocrx_word' id='word_1_496' title='bbox 2433 505 2728 569; x_wconf 84' lang='grc' dir='ltr'>ἐπιλεξάμενοι</span> <span class='ocrx_word' id='word_1_497' title='bbox 2736 507 2896 556; x_wconf 77' lang='grc' dir='ltr'>ἄπεδον</span> <span class='ocrx_word' id='word_1_498' title='bbox 2940 511 2941 514; x_wconf 62' lang='grc'>’</span> 
     </span>
     <span class='ocr_line' id='line_1_99' title="bbox 1597 577 2894 643; baseline 0.001 -14"><span class='ocrx_word' id='word_1_499' title='bbox 1597 582 1671 629; x_wconf 85' lang='grc' dir='ltr'>καὶ</span> <span class='ocrx_word' id='word_1_500' title='bbox 1706 580 1997 643; x_wconf 83' lang='grc' dir='ltr'>καυματώδεα</span> <span class='ocrx_word' id='word_1_501' title='bbox 2035 581 2095 626; x_wconf 83' lang='grc' dir='ltr'>ἓν</span> <span class='ocrx_word' id='word_1_502' title='bbox 2113 577 2261 643; x_wconf 86' lang='grc' dir='ltr'>κύκλῳ</span> <span class='ocrx_word' id='word_1_503' title='bbox 2291 577 2453 643; x_wconf 86' lang='grc' dir='ltr'>τάφρον</span> <span class='ocrx_word' id='word_1_504' title='bbox 2491 577 2763 643; x_wconf 84' lang='grc' dir='ltr'>ὀρύσσουσιν,</span> <span class='ocrx_word' id='word_1_505' title='bbox 2793 580 2894 630; x_wconf 78' lang='grc' dir='ltr'>ὅσον</span> 
     </span>
     <span class='ocr_line' id='line_1_100' title="bbox 1600 650 2949 720; baseline 0.001 -19"><span class='ocrx_word' id='word_1_506' title='bbox 1600 653 1777 718; x_wconf 85' lang='grc' dir='ltr'>μεγάλῳ</span> <span class='ocrx_word' id='word_1_507' title='bbox 1806 651 2083 718; x_wconf 88' lang='grc' dir='ltr'>στρατοπέδῳ</span> <span class='ocrx_word' id='word_1_508' title='bbox 2105 651 2439 699; x_wconf 82' lang='grc' dir='ltr'>ἐπαυλίσασθαι.</span> <span class='ocrx_word' id='word_1_509' title='bbox 2459 653 2553 710; x_wconf 77' lang='grc' dir='ltr'>Τῆς</span> <span class='ocrx_word' id='word_1_510' title='bbox 2581 650 2625 700; x_wconf 84' lang='grc' dir='ltr'>δὲ</span> <span class='ocrx_word' id='word_1_511' title='bbox 2658 654 2820 720; x_wconf 79' lang='grc' dir='ltr'>τάφρου</span> <span class='ocrx_word' id='word_1_512' title='bbox 2845 653 2896 703; x_wconf 75' lang='grc' dir='ltr'>τὸ</span> <span class='ocrx_word' id='word_1_513' title='bbox 2946 706 2949 707; x_wconf 17' lang='lat'><em>⁷</em></span> 
     </span>
     <span class='ocr_line' id='line_1_101' title="bbox 1598 723 2896 793; baseline 0.001 -20"><span class='ocrx_word' id='word_1_514' title='bbox 1598 731 1718 790; x_wconf 80' lang='grc' dir='ltr'>εὖρος</span> <span class='ocrx_word' id='word_1_515' title='bbox 1741 729 1781 780; x_wconf 85' lang='grc' dir='ltr'>ἐς</span> <span class='ocrx_word' id='word_1_516' title='bbox 1796 724 1923 772; x_wconf 80' lang='grc' dir='ltr'>πέντε</span> <span class='ocrx_word' id='word_1_517' title='bbox 1941 724 2115 790; x_wconf 72' lang='grc' dir='ltr'>ὀργυιὰς</span> <span class='ocrx_word' id='word_1_518' title='bbox 2135 725 2374 782; x_wconf 88' lang='grc' dir='ltr'>ποιέονται,</span> <span class='ocrx_word' id='word_1_519' title='bbox 2395 723 2523 789; x_wconf 90' lang='grc' dir='ltr'>βάθος</span> <span class='ocrx_word' id='word_1_520' title='bbox 2539 743 2586 772; x_wconf 86' lang='grc' dir='ltr'>τε</span> <span class='ocrx_word' id='word_1_521' title='bbox 2606 727 2648 780; x_wconf 80' lang='grc' dir='ltr'>ἐς</span> <span class='ocrx_word' id='word_1_522' title='bbox 2667 725 2933 795; x_wconf 85' lang='grc' dir='ltr'>τέσσαρας.</span> 
     </span>
     <span class='ocr_line' id='line_1_102' title="bbox 1603 795 2895 865; baseline 0.002 -21"><span class='ocrx_word' id='word_1_523' title='bbox 1603 799 1640 860; x_wconf 98' lang='grc'>(3</span> <span class='ocrx_word' id='word_1_524' title='bbox 1620 798 1654 863; x_wconf 92' lang='grc'>3)</span> <span class='ocrx_word' id='word_1_525' title='bbox 1685 797 1774 846; x_wconf 85' lang='grc' dir='ltr'>Τὸν</span> <span class='ocrx_word' id='word_1_526' title='bbox 1790 797 1834 844; x_wconf 81' lang='grc' dir='ltr'>δὲ</span> <span class='ocrx_word' id='word_1_527' title='bbox 1851 797 1953 862; x_wconf 87' lang='grc' dir='ltr'>χόον</span> <span class='ocrx_word' id='word_1_528' title='bbox 1973 796 2046 844; x_wconf 79' lang='grc' dir='ltr'>δ’ντ</span> <span class='ocrx_word' id='word_1_529' title='bbox 2021 815 2116 843; x_wconf 63' lang='grc' dir='ltr'>τινα</span> <span class='ocrx_word' id='word_1_530' title='bbox 2137 795 2420 844; x_wconf 75' lang='grc' dir='ltr'>ἐκὸάλλουσιν</span> <span class='ocrx_word' id='word_1_531' title='bbox 2451 799 2500 844; x_wconf 89' lang='grc' dir='ltr'>ἐκ</span> <span class='ocrx_word' id='word_1_532' title='bbox 2525 816 2600 844; x_wconf 92' lang='grc' dir='ltr'>του</span> <span class='ocrx_word' id='word_1_533' title='bbox 2627 798 2895 865; x_wconf 82' lang='grc' dir='ltr'>ὀρύγματος,</span> 
     </span>
    </p>

    <p class='ocr_par' dir='ltr' id='par_1_14' title="bbox 1590 867 2986 2389">
     <span class='ocr_line' id='line_1_103' title="bbox 1598 867 2931 935; baseline 0.005 -18"><span class='ocrx_word' id='word_1_534' title='bbox 1598 869 1670 917; x_wconf 79' lang='grc' dir='ltr'>ἐπὶ</span> <span class='ocrx_word' id='word_1_535' title='bbox 1693 869 1748 917; x_wconf 78' lang='grc' dir='ltr'>τὰ</span> <span class='ocrx_word' id='word_1_536' title='bbox 1768 869 1917 934; x_wconf 83' lang='grc' dir='ltr'>χείλεα</span> <span class='ocrx_word' id='word_1_537' title='bbox 1937 867 2121 934; x_wconf 81' lang='grc' dir='ltr'>ἑκάτερα</span> <span class='ocrx_word' id='word_1_538' title='bbox 2141 873 2217 928; x_wconf 78' lang='grc' dir='ltr'>τῆς</span> <span class='ocrx_word' id='word_1_539' title='bbox 2233 868 2396 934; x_wconf 84' lang='grc' dir='ltr'>τάφρου</span> <span class='ocrx_word' id='word_1_540' title='bbox 2419 869 2778 935; x_wconf 76' lang='grc' dir='ltr'>ἐπιφορήσαντες,</span> <span class='ocrx_word' id='word_1_541' title='bbox 2801 872 2898 921; x_wconf 55' lang='grc' dir='ltr'>ἀντὶ</span> <span class='ocrx_word' id='word_1_542' title='bbox 2921 914 2931 923; x_wconf 82' lang='grc'><strong><em>.</em></strong></span> 
     </span>
     <span class='ocr_line' id='line_1_104' title="bbox 1598 939 2896 1007; baseline 0.003 -18"><span class='ocrx_word' id='word_1_543' title='bbox 1598 942 1760 1007; x_wconf 89' lang='grc' dir='ltr'>τείχεος</span> <span class='ocrx_word' id='word_1_544' title='bbox 1782 941 2078 1006; x_wconf 78' lang='grc' dir='ltr'>διαχρέονται·</span> <span class='ocrx_word' id='word_1_545' title='bbox 2106 942 2156 1004; x_wconf 78' lang='grc'>(4)</span> <span class='ocrx_word' id='word_1_546' title='bbox 2189 941 2312 989; x_wconf 79' lang='grc' dir='ltr'>αὐτοὶ</span> <span class='ocrx_word' id='word_1_547' title='bbox 2335 939 2380 989; x_wconf 85' lang='grc' dir='ltr'>δὲ</span> <span class='ocrx_word' id='word_1_548' title='bbox 2414 941 2485 989; x_wconf 77' lang='grc' dir='ltr'>ἐπὶ</span> <span class='ocrx_word' id='word_1_549' title='bbox 2521 945 2583 1006; x_wconf 82' lang='grc' dir='ltr'>τῷ</span> <span class='ocrx_word' id='word_1_550' title='bbox 2615 943 2792 1007; x_wconf 63' lang='grc' dir='ltr'>χώματι</span> <span class='ocrx_word' id='word_1_551' title='bbox 2821 949 2896 993; x_wconf 69' lang='grc' dir='ltr'>τοῦ</span> 
     </span>
     <span class='ocr_line' id='line_1_105' title="bbox 1598 1012 2943 1082; baseline 0.004 -22"><span class='ocrx_word' id='word_1_552' title='bbox 1598 1014 1834 1078; x_wconf 86' lang='grc' dir='ltr'>ἐπιχειλέος</span> <span class='ocrx_word' id='word_1_553' title='bbox 1867 1033 1940 1060; x_wconf 89' lang='grc' dir='ltr'>του</span> <span class='ocrx_word' id='word_1_554' title='bbox 1976 1013 2058 1068; x_wconf 79' lang='grc' dir='ltr'>ἔξω</span> <span class='ocrx_word' id='word_1_555' title='bbox 2092 1017 2169 1071; x_wconf 77' lang='grc' dir='ltr'>τῆς</span> <span class='ocrx_word' id='word_1_556' title='bbox 2201 1012 2364 1080; x_wconf 89' lang='grc' dir='ltr'>τάφρου</span> <span class='ocrx_word' id='word_1_557' title='bbox 2401 1014 2561 1072; x_wconf 90' lang='grc' dir='ltr'>σκηνάς</span> <span class='ocrx_word' id='word_1_558' title='bbox 2591 1033 2705 1081; x_wconf 90' lang='grc' dir='ltr'>σφιν</span> <span class='ocrx_word' id='word_1_559' title='bbox 2716 1014 2943 1082; x_wconf 47' lang='grc' dir='ltr'>ὀρυκτὰςξῑ</span> 
     </span>
     <span class='ocr_line' id='line_1_106' title="bbox 1597 1081 2942 1143; baseline 0.004 -11"><span class='ocrx_word' id='word_1_560' title='bbox 1597 1086 1841 1143; x_wconf 80' lang='grc' dir='ltr'>ποιέονται,</span> <span class='ocrx_word' id='word_1_561' title='bbox 1867 1085 1941 1132; x_wconf 87' lang='grc' dir='ltr'>καὶ</span> <span class='ocrx_word' id='word_1_562' title='bbox 1965 1084 2037 1133; x_wconf 86' lang='grc' dir='ltr'>διὰ</span> <span class='ocrx_word' id='word_1_563' title='bbox 2064 1084 2249 1133; x_wconf 87' lang='grc' dir='ltr'>τουτέων</span> <span class='ocrx_word' id='word_1_564' title='bbox 2270 1084 2380 1140; x_wconf 84' lang='grc' dir='ltr'>ὀπὰς</span> <span class='ocrx_word' id='word_1_565' title='bbox 2403 1086 2730 1134; x_wconf 83' lang='grc' dir='ltr'>ὑπολείπονται·</span> <span class='ocrx_word' id='word_1_566' title='bbox 2758 1088 2812 1136; x_wconf 88' lang='grc' dir='ltr'>δι’</span> <span class='ocrx_word' id='word_1_567' title='bbox 2837 1081 2898 1137; x_wconf 62' lang='grc' dir='ltr'>ὧν</span> <span class='ocrx_word' id='word_1_568' title='bbox 2919 1108 2942 1128; x_wconf 65' lang='lat'><em>0</em></span> 
     </span>
     <span class='ocr_line' id='line_1_107' title="bbox 1597 1152 2896 1224; baseline 0.002 -19"><span class='ocrx_word' id='word_1_569' title='bbox 1597 1161 1686 1224; x_wconf 85' lang='grc' dir='ltr'>φῶς</span> <span class='ocrx_word' id='word_1_570' title='bbox 1707 1177 1752 1205; x_wconf 89' lang='grc' dir='ltr'>τε</span> <span class='ocrx_word' id='word_1_571' title='bbox 1775 1160 1943 1205; x_wconf 77' lang='grc' dir='ltr'>αὐτοῖσι</span> <span class='ocrx_word' id='word_1_572' title='bbox 1967 1156 2289 1222; x_wconf 84' lang='grc' dir='ltr'>συνεισέρχεται</span> <span class='ocrx_word' id='word_1_573' title='bbox 2309 1156 2452 1205; x_wconf 79' lang='grc' dir='ltr'>καὶτὰ</span> <span class='ocrx_word' id='word_1_574' title='bbox 2467 1157 2594 1223; x_wconf 84' lang='grc' dir='ltr'>θηρία</span> <span class='ocrx_word' id='word_1_575' title='bbox 2618 1152 2896 1224; x_wconf 79' lang='grc' dir='ltr'>προσάγοντα</span> 
     </span>
     <span class='ocr_line' id='line_1_108' title="bbox 1597 1229 2945 1294; baseline 0.002 -17"><span class='ocrx_word' id='word_1_576' title='bbox 1597 1229 1672 1277; x_wconf 75' lang='grc' dir='ltr'>καὶ</span> <span class='ocrx_word' id='word_1_577' title='bbox 1701 1229 1986 1291; x_wconf 67' lang='grc' dir='ltr'>ἐσελαύνοντα</span> <span class='ocrx_word' id='word_1_578' title='bbox 2011 1232 2053 1284; x_wconf 85' lang='grc' dir='ltr'>ἐς</span> <span class='ocrx_word' id='word_1_579' title='bbox 2079 1229 2128 1278; x_wconf 81' lang='grc' dir='ltr'>τὸ</span> <span class='ocrx_word' id='word_1_580' title='bbox 2145 1229 2268 1293; x_wconf 80' lang='grc' dir='ltr'>ἕρκος</span> <span class='ocrx_word' id='word_1_581' title='bbox 2284 1231 2559 1280; x_wconf 88' lang='grc' dir='ltr'>σκέπτονται.</span> <span class='ocrx_word' id='word_1_582' title='bbox 2595 1231 2694 1294; x_wconf 77' lang='lat'><strong>(5)’</strong></span> <span class='ocrx_word' id='word_1_583' title='bbox 2697 1234 2899 1281; x_wconf 80' lang='grc' dir='ltr'>Ενταυθα</span> <span class='ocrx_word' id='word_1_584' title='bbox 2943 1234 2945 1237; x_wconf 68' lang='grc'><strong>’</strong></span> 
     </span>
     <span class='ocr_line' id='line_1_109' title="bbox 1597 1300 2900 1369; baseline 0.003 -21"><span class='ocrx_word' id='word_1_585' title='bbox 1597 1302 1711 1356; x_wconf 85' lang='grc' dir='ltr'>ἐντὸς</span> <span class='ocrx_word' id='word_1_586' title='bbox 1729 1306 1804 1349; x_wconf 82' lang='grc' dir='ltr'>τοῦ</span> <span class='ocrx_word' id='word_1_587' title='bbox 1825 1301 1969 1367; x_wconf 79' lang='grc' dir='ltr'>ἕρκεος</span> <span class='ocrx_word' id='word_1_588' title='bbox 1988 1300 2340 1359; x_wconf 86' lang='grc' dir='ltr'>καταστήσαντες</span> <span class='ocrx_word' id='word_1_589' title='bbox 2363 1305 2448 1349; x_wconf 80' lang='grc' dir='ltr'>τῶν</span> <span class='ocrx_word' id='word_1_590' title='bbox 2473 1321 2592 1357; x_wconf 90' lang='grc' dir='ltr'>τινας</span> <span class='ocrx_word' id='word_1_591' title='bbox 2607 1302 2771 1362; x_wconf 86' lang='grc' dir='ltr'>θηλέων</span> <span class='ocrx_word' id='word_1_592' title='bbox 2786 1304 2900 1369; x_wconf 75' lang='grc' dir='ltr'>τρεῖς</span> 
     </span>
     <span class='ocr_line' id='line_1_110' title="bbox 1594 1369 2939 1440; baseline 0.001 -18"><span class='ocrx_word' id='word_1_593' title='bbox 1594 1372 1879 1437; x_wconf 78' lang='grc' dir='ltr'>ἢτέσσαρας,</span> <span class='ocrx_word' id='word_1_594' title='bbox 1903 1375 2002 1422; x_wconf 80' lang='grc' dir='ltr'>ὅσαι</span> <span class='ocrx_word' id='word_1_595' title='bbox 2035 1374 2227 1437; x_wconf 85' lang='grc' dir='ltr'>μάλιστα</span> <span class='ocrx_word' id='word_1_596' title='bbox 2247 1373 2320 1422; x_wconf 84' lang='grc' dir='ltr'>τὸν</span> <span class='ocrx_word' id='word_1_597' title='bbox 2342 1373 2475 1437; x_wconf 80' lang='grc' dir='ltr'>θυμὸν</span> <span class='ocrx_word' id='word_1_598' title='bbox 2499 1374 2762 1440; x_wconf 84' lang='grc' dir='ltr'>χειροήθεες,</span> <span class='ocrx_word' id='word_1_599' title='bbox 2794 1376 2900 1440; x_wconf 79' lang='grc' dir='ltr'>μίαν</span> <span class='ocrx_word' id='word_1_600' title='bbox 2916 1369 2939 1414; x_wconf 51' lang='lat' dir='ltr'>-J</span> 
     </span>
     <span class='ocr_line' id='line_1_111' title="bbox 1597 1444 2900 1537; baseline 0 -43"><span class='ocrx_word' id='word_1_601' title='bbox 1597 1447 1758 1495; x_wconf 88' lang='grc' dir='ltr'>εἴσοδον</span> <span class='ocrx_word' id='word_1_602' title='bbox 1784 1447 2136 1511; x_wconf 86' lang='grc' dir='ltr'>ἀπολιμπάνουσι</span> <span class='ocrx_word' id='word_1_603' title='bbox 2155 1445 2268 1493; x_wconf 86' lang='grc' dir='ltr'>κατὰ</span> <span class='ocrx_word' id='word_1_604' title='bbox 2288 1444 2365 1504; x_wconf 79' lang='grc' dir='ltr'>τὴν</span> <span class='ocrx_word' id='word_1_605' title='bbox 2380 1445 2562 1537; x_wconf 82' lang='grc' dir='ltr'>τάφρον,</span> <span class='ocrx_word' id='word_1_606' title='bbox 2574 1447 2900 1514; x_wconf 72' lang='grc' dir='ltr'>γεφυρώσαντεξ</span> 
     </span>
     <span class='ocr_line' id='line_1_112' title="bbox 1594 1518 2900 1588; baseline 0.002 -20"><span class='ocrx_word' id='word_1_607' title='bbox 1594 1521 1672 1579; x_wconf 80' lang='grc' dir='ltr'>τὴν</span> <span class='ocrx_word' id='word_1_608' title='bbox 1693 1521 1870 1586; x_wconf 88' lang='grc' dir='ltr'>τάφρον·</span> <span class='ocrx_word' id='word_1_609' title='bbox 1883 1540 1957 1568; x_wconf 91' lang='grc' dir='ltr'>και</span> <span class='ocrx_word' id='word_1_610' title='bbox 1978 1519 2115 1585; x_wconf 83' lang='grc' dir='ltr'>ταύτῃ</span> <span class='ocrx_word' id='word_1_611' title='bbox 2132 1519 2236 1583; x_wconf 92' lang='grc' dir='ltr'>χόον</span> <span class='ocrx_word' id='word_1_612' title='bbox 2256 1538 2301 1566; x_wconf 88' lang='grc' dir='ltr'>τε</span> <span class='ocrx_word' id='word_1_613' title='bbox 2323 1518 2396 1566; x_wconf 85' lang='grc' dir='ltr'>καὶ</span> <span class='ocrx_word' id='word_1_614' title='bbox 2418 1518 2546 1578; x_wconf 91' lang='grc' dir='ltr'>ποίην</span> <span class='ocrx_word' id='word_1_615' title='bbox 2564 1520 2771 1580; x_wconf 79' lang='grc' dir='ltr'>πὸλλὴν</span> <span class='ocrx_word' id='word_1_616' title='bbox 2750 1521 2900 1588; x_wconf 59' lang='grc' dir='ltr'>επιφέφ</span> 
     </span>
     <span class='ocr_line' id='line_1_113' title="bbox 1597 1591 2897 1661; baseline 0.002 -21"><span class='ocrx_word' id='word_1_617' title='bbox 1597 1612 1716 1658; x_wconf 91' lang='grc' dir='ltr'>ρουσι</span> <span class='ocrx_word' id='word_1_618' title='bbox 1736 1613 1809 1640; x_wconf 90' lang='grc' dir='ltr'>του</span> <span class='ocrx_word' id='word_1_619' title='bbox 1831 1591 1892 1654; x_wconf 82' lang='grc' dir='ltr'>μὴ</span> <span class='ocrx_word' id='word_1_620' title='bbox 1916 1593 2117 1657; x_wconf 78' lang='grc' dir='ltr'>ἀρίδηλον</span> <span class='ocrx_word' id='word_1_621' title='bbox 2142 1595 2250 1639; x_wconf 84' lang='grc' dir='ltr'>εἰναι</span> <span class='ocrx_word' id='word_1_622' title='bbox 2269 1593 2378 1639; x_wconf 84' lang='grc' dir='ltr'>τοῖσι</span> <span class='ocrx_word' id='word_1_623' title='bbox 2395 1591 2578 1658; x_wconf 89' lang='grc' dir='ltr'>θηρίοισι</span> <span class='ocrx_word' id='word_1_624' title='bbox 2594 1591 2672 1650; x_wconf 82' lang='grc' dir='ltr'>τὴν</span> <span class='ocrx_word' id='word_1_625' title='bbox 2687 1591 2897 1661; x_wconf 75' lang='grc' dir='ltr'>γέφυραν,</span> 
     </span>
     <span class='ocr_line' id='line_1_114' title="bbox 1595 1658 2898 1728; baseline 0.002 -16"><span class='ocrx_word' id='word_1_626' title='bbox 1595 1665 1657 1728; x_wconf 89' lang='grc' dir='ltr'>μή</span> <span class='ocrx_word' id='word_1_627' title='bbox 1690 1685 1786 1712; x_wconf 91' lang='grc' dir='ltr'>τινα</span> <span class='ocrx_word' id='word_1_628' title='bbox 1825 1665 1947 1713; x_wconf 92' lang='grc' dir='ltr'>δόλον</span> <span class='ocrx_word' id='word_1_629' title='bbox 1982 1667 2200 1713; x_wconf 80' lang='grc' dir='ltr'>ὀϊσθῶσιν.</span> <span class='ocrx_word' id='word_1_630' title='bbox 2231 1667 2280 1728; x_wconf 95' lang='grc'>(6)</span> <span class='ocrx_word' id='word_1_631' title='bbox 2314 1664 2448 1714; x_wconf 78' lang='grc' dir='ltr'>Αὐτοὶ</span> <span class='ocrx_word' id='word_1_632' title='bbox 2492 1663 2570 1727; x_wconf 83' lang='grc' dir='ltr'>μὲν</span> <span class='ocrx_word' id='word_1_633' title='bbox 2602 1658 2675 1714; x_wconf 82' lang='grc' dir='ltr'>οὖν</span> <span class='ocrx_word' id='word_1_634' title='bbox 2703 1665 2898 1718; x_wconf 82' lang='grc' dir='ltr'>ἐκποδὼν</span> 
     </span>
     <span class='ocr_line' id='line_1_115' title="bbox 1593 1736 2898 1806; baseline 0.002 -21"><span class='ocrx_word' id='word_1_635' title='bbox 1593 1746 1703 1805; x_wconf 84' lang='grc' dir='ltr'>σφᾶς</span> <span class='ocrx_word' id='word_1_636' title='bbox 1717 1737 1864 1803; x_wconf 82' lang='grc' dir='ltr'>ἔχουσι</span> <span class='ocrx_word' id='word_1_637' title='bbox 1893 1736 2008 1785; x_wconf 82' lang='grc' dir='ltr'>κατὰ</span> <span class='ocrx_word' id='word_1_638' title='bbox 2024 1741 2107 1784; x_wconf 83' lang='grc' dir='ltr'>τῶν</span> <span class='ocrx_word' id='word_1_639' title='bbox 2138 1737 2328 1796; x_wconf 86' lang='grc' dir='ltr'>σκηνέων</span> <span class='ocrx_word' id='word_1_640' title='bbox 2349 1741 2444 1785; x_wconf 84' lang='grc' dir='ltr'>τῶν</span> <span class='ocrx_word' id='word_1_641' title='bbox 2460 1736 2544 1785; x_wconf 82' lang='grc' dir='ltr'>ὑπὸ</span> <span class='ocrx_word' id='word_1_642' title='bbox 2571 1741 2626 1798; x_wconf 79' lang='grc' dir='ltr'>τῇ</span> <span class='ocrx_word' id='word_1_643' title='bbox 2649 1737 2802 1806; x_wconf 81' lang='grc' dir='ltr'>τάφρῳ</span> <span class='ocrx_word' id='word_1_644' title='bbox 2828 1741 2898 1789; x_wconf 84' lang='grc' dir='ltr'>δε-</span> 
     </span>
     <span class='ocr_line' id='line_1_116' title="bbox 1592 1809 2899 1877; baseline 0.002 -19"><span class='ocrx_word' id='word_1_645' title='bbox 1592 1810 1778 1865; x_wconf 88' lang='grc' dir='ltr'>δυκότες.</span> <span class='ocrx_word' id='word_1_646' title='bbox 1794 1813 1852 1859; x_wconf 85' lang='grc' dir='ltr'>Οἱ</span> <span class='ocrx_word' id='word_1_647' title='bbox 1881 1810 1926 1858; x_wconf 86' lang='grc' dir='ltr'>δὲ</span> <span class='ocrx_word' id='word_1_648' title='bbox 1951 1809 2092 1877; x_wconf 85' lang='grc' dir='ltr'>ἄγριοι</span> <span class='ocrx_word' id='word_1_649' title='bbox 2119 1809 2344 1877; x_wconf 87' lang='grc' dir='ltr'>ἐλέφαντες</span> <span class='ocrx_word' id='word_1_650' title='bbox 2373 1809 2539 1875; x_wconf 80' lang='grc' dir='ltr'>ἡμέρης</span> <span class='ocrx_word' id='word_1_651' title='bbox 2574 1809 2652 1874; x_wconf 80' lang='grc' dir='ltr'>μὲν</span> <span class='ocrx_word' id='word_1_652' title='bbox 2683 1813 2732 1859; x_wconf 80' lang='grc' dir='ltr'>οὔ</span> <span class='ocrx_word' id='word_1_653' title='bbox 2761 1812 2899 1860; x_wconf 69' lang='grc' dir='ltr'>πελά·</span> 
     </span>
     <span class='ocr_line' id='line_1_117' title="bbox 1591 1883 2899 1948; baseline 0.002 -16"><span class='ocrx_word' id='word_1_654' title='bbox 1591 1887 1711 1940; x_wconf 86' lang='grc' dir='ltr'>ζουσι</span> <span class='ocrx_word' id='word_1_655' title='bbox 1750 1890 1884 1931; x_wconf 89' lang='grc' dir='ltr'>τοῖσιν</span> <span class='ocrx_word' id='word_1_656' title='bbox 1930 1885 2235 1946; x_wconf 79' lang='grc' dir='ltr'>οἰκεομένοισι,</span> <span class='ocrx_word' id='word_1_657' title='bbox 2277 1883 2445 1948; x_wconf 89' lang='grc' dir='ltr'>νύκτωρ</span> <span class='ocrx_word' id='word_1_658' title='bbox 2486 1883 2530 1931; x_wconf 84' lang='grc' dir='ltr'>δὲ</span> <span class='ocrx_word' id='word_1_659' title='bbox 2567 1885 2816 1934; x_wconf 82' lang='grc' dir='ltr'>πλανῶνταί</span> <span class='ocrx_word' id='word_1_660' title='bbox 2849 1904 2899 1935; x_wconf 76' lang='grc' dir='ltr'>τε</span> 
     </span>
     <span class='ocr_line' id='line_1_118' title="bbox 1592 1955 2897 2022; baseline 0.002 -18"><span class='ocrx_word' id='word_1_661' title='bbox 1592 1957 1734 2015; x_wconf 88' lang='grc' dir='ltr'>πάντη</span> <span class='ocrx_word' id='word_1_662' title='bbox 1755 1955 1833 2004; x_wconf 79' lang='grc' dir='ltr'>καὶ</span> <span class='ocrx_word' id='word_1_663' title='bbox 1855 1955 2064 2019; x_wconf 85' lang='grc' dir='ltr'>ἀγεληδὸν</span> <span class='ocrx_word' id='word_1_664' title='bbox 2080 1956 2283 2020; x_wconf 87' lang='grc' dir='ltr'>νέμονται</span> <span class='ocrx_word' id='word_1_665' title='bbox 2299 1960 2361 2004; x_wconf 84' lang='grc' dir='ltr'>τῶ</span> <span class='ocrx_word' id='word_1_666' title='bbox 2379 1955 2569 2022; x_wconf 87' lang='grc' dir='ltr'>μεγίστῳ</span> <span class='ocrx_word' id='word_1_667' title='bbox 2598 1957 2672 2005; x_wconf 79' lang='grc' dir='ltr'>καὶ</span> <span class='ocrx_word' id='word_1_668' title='bbox 2702 1973 2897 2021; x_wconf 69' lang='grc' dir='ltr'>γενναιοέ-</span> 
     </span>
     <span class='ocr_line' id='line_1_119' title="bbox 1590 2026 2937 2121; baseline 0.001 -45"><span class='ocrx_word' id='word_1_669' title='bbox 1590 2027 1710 2094; x_wconf 87' lang='grc' dir='ltr'>τάτῳ</span> <span class='ocrx_word' id='word_1_670' title='bbox 1731 2031 1875 2104; x_wconf 79' lang='grc' dir='ltr'>σφῶν</span> <span class='ocrx_word' id='word_1_671' title='bbox 1870 2028 2099 2091; x_wconf 87' lang='grc' dir='ltr'>ἑπόμενοι,</span> <span class='ocrx_word' id='word_1_672' title='bbox 2122 2026 2320 2095; x_wconf 87' lang='grc' dir='ltr'>κατάπερ</span> <span class='ocrx_word' id='word_1_673' title='bbox 2338 2032 2383 2077; x_wconf 81' lang='grc' dir='ltr'>αἱ</span> <span class='ocrx_word' id='word_1_674' title='bbox 2405 2030 2501 2121; x_wconf 87' lang='grc' dir='ltr'>βόες</span> <span class='ocrx_word' id='word_1_675' title='bbox 2519 2049 2631 2078; x_wconf 90' lang='grc' dir='ltr'>τοισι</span> <span class='ocrx_word' id='word_1_676' title='bbox 2656 2030 2899 2097; x_wconf 80' lang='grc' dir='ltr'>ταύροισιν.</span> <span class='ocrx_word' id='word_1_677' title='bbox 2934 2075 2937 2077; x_wconf 88' lang='grc'>,</span> 
     </span>
     <span class='ocr_line' id='line_1_120' title="bbox 1592 2100 2900 2169; baseline 0.003 -20"><span class='ocrx_word' id='word_1_678' title='bbox 1592 2101 1643 2168; x_wconf 86' lang='grc'>(7)</span> <span class='ocrx_word' id='word_1_679' title='bbox 1665 2100 1869 2151; x_wconf 66' lang='lat' dir='ltr'><strong>’Eneizv&#39;</strong></span> <span class='ocrx_word' id='word_1_680' title='bbox 1843 2121 1902 2149; x_wconf 89' lang='grc' dir='ltr'>ων</span> <span class='ocrx_word' id='word_1_681' title='bbox 1917 2104 1978 2149; x_wconf 84' lang='grc' dir='ltr'>τῶ</span> <span class='ocrx_word' id='word_1_682' title='bbox 1990 2100 2105 2167; x_wconf 80' lang='grc' dir='ltr'>ἔρκεὶ</span> <span class='ocrx_word' id='word_1_683' title='bbox 2099 2101 2355 2159; x_wconf 87' lang='grc' dir='ltr'>“πελάσωσι,</span> <span class='ocrx_word' id='word_1_684' title='bbox 2367 2122 2446 2162; x_wconf 86' lang='grc' dir='ltr'>την</span> <span class='ocrx_word' id='word_1_685' title='bbox 2455 2121 2500 2150; x_wconf 88' lang='grc' dir='ltr'>τε</span> <span class='ocrx_word' id='word_1_686' title='bbox 2511 2103 2696 2169; x_wconf 57' lang='lat' dir='ltr'><strong>‹pom-&gt;09³</strong></span> <span class='ocrx_word' id='word_1_687' title='bbox 2673 2104 2900 2163; x_wconf 68' lang='grc' dir='ltr'>ακούοντες</span> 
     </span>
     <span class='ocr_line' id='line_1_121' title="bbox 1590 2173 2896 2243; baseline 0.005 -21"><span class='ocrx_word' id='word_1_688' title='bbox 1590 2178 1676 2222; x_wconf 83' lang='grc' dir='ltr'>τῶν</span> <span class='ocrx_word' id='word_1_689' title='bbox 1702 2174 1865 2234; x_wconf 86' lang='grc' dir='ltr'>θηλέων</span> <span class='ocrx_word' id='word_1_690' title='bbox 1892 2174 1967 2222; x_wconf 88' lang='grc' dir='ltr'>καὶ</span> <span class='ocrx_word' id='word_1_691' title='bbox 2000 2179 2054 2240; x_wconf 85' lang='grc' dir='ltr'>τῇ</span> <span class='ocrx_word' id='word_1_692' title='bbox 2087 2176 2200 2240; x_wconf 83' lang='grc' dir='ltr'>ὀδμῇ</span> <span class='ocrx_word' id='word_1_693' title='bbox 2229 2174 2558 2240; x_wconf 83' lang='grc' dir='ltr'>αἰσθανόμενοι,</span> <span class='ocrx_word' id='word_1_694' title='bbox 2587 2173 2735 2243; x_wconf 83' lang='grc' dir='ltr'>δρόμῳ</span> <span class='ocrx_word' id='word_1_695' title='bbox 2757 2176 2896 2229; x_wconf 68' lang='grc' dir='ltr'>ἵενται</span> 
     </span>
     <span class='ocr_line' id='line_1_122' title="bbox 1591 2246 2986 2314; baseline 0.003 -19"><span class='ocrx_word' id='word_1_696' title='bbox 1591 2251 1649 2301; x_wconf 82' lang='grc' dir='ltr'>ὥς</span> <span class='ocrx_word' id='word_1_697' title='bbox 1672 2247 1743 2296; x_wconf 83' lang='grc' dir='ltr'>ἐπὶ</span> <span class='ocrx_word' id='word_1_698' title='bbox 1769 2246 1841 2295; x_wconf 83' lang='grc' dir='ltr'>τὸν</span> <span class='ocrx_word' id='word_1_699' title='bbox 1871 2251 2014 2314; x_wconf 87' lang='grc' dir='ltr'>χῶρον</span> <span class='ocrx_word' id='word_1_700' title='bbox 2048 2247 2120 2296; x_wconf 82' lang='grc' dir='ltr'>τὸν</span> <span class='ocrx_word' id='word_1_701' title='bbox 2143 2247 2463 2314; x_wconf 82' lang='grc' dir='ltr'>πεφραγμένον·</span> <span class='ocrx_word' id='word_1_702' title='bbox 2485 2249 2829 2314; x_wconf 84' lang='grc' dir='ltr'>ἐκπεριελθόντες</span> <span class='ocrx_word' id='word_1_703' title='bbox 2850 2249 2898 2300; x_wconf 72' lang='grc' dir='ltr'>δὲ</span> <span class='ocrx_word' id='word_1_704' title='bbox 2982 2302 2986 2303; x_wconf 16' lang='lat'><em>⁷</em></span> 
     </span>
     <span class='ocr_line' id='line_1_123' title="bbox 1590 2319 2937 2389; baseline 0.004 -21"><span class='ocrx_word' id='word_1_705' title='bbox 1590 2324 1666 2379; x_wconf 81' lang='grc' dir='ltr'>τῆς</span> <span class='ocrx_word' id='word_1_706' title='bbox 1688 2321 1852 2387; x_wconf 86' lang='grc' dir='ltr'>τάφρου</span> <span class='ocrx_word' id='word_1_707' title='bbox 1883 2321 1939 2368; x_wconf 80' lang='grc' dir='ltr'>τὰ</span> <span class='ocrx_word' id='word_1_708' title='bbox 1971 2320 2120 2386; x_wconf 83' lang='grc' dir='ltr'>χείλεα</span> <span class='ocrx_word' id='word_1_709' title='bbox 2146 2325 2232 2369; x_wconf 82' lang='grc' dir='ltr'>εὖτ’</span> <span class='ocrx_word' id='word_1_710' title='bbox 2265 2342 2318 2369; x_wconf 91' lang='grc' dir='ltr'>αν</span> <span class='ocrx_word' id='word_1_711' title='bbox 2354 2325 2410 2387; x_wconf 81' lang='grc' dir='ltr'>τῇ</span> <span class='ocrx_word' id='word_1_712' title='bbox 2448 2319 2613 2388; x_wconf 86' lang='grc' dir='ltr'>γεφύρῃ</span> <span class='ocrx_word' id='word_1_713' title='bbox 2639 2321 2896 2389; x_wconf 60' lang='grc' dir='ltr'>ἐπιτύχωαῇ</span> <span class='ocrx_word' id='word_1_714' title='bbox 2926 2340 2937 2382; x_wconf 68' lang='lat' dir='ltr'>j.</span> 
     </span>
    </p>

    <p class='ocr_par' dir='ltr' id='par_1_15' title="bbox 1590 2388 2936 2461">
     <span class='ocr_line' id='line_1_124' title="bbox 1590 2388 2936 2461; baseline 0.004 -21"><span class='ocrx_word' id='word_1_715' title='bbox 1590 2392 1707 2441; x_wconf 84' lang='grc' dir='ltr'>κατὰ</span> <span class='ocrx_word' id='word_1_716' title='bbox 1728 2392 1891 2452; x_wconf 91' lang='grc' dir='ltr'>ταύτην</span> <span class='ocrx_word' id='word_1_717' title='bbox 1916 2394 1957 2447; x_wconf 85' lang='grc' dir='ltr'>ἐς</span> <span class='ocrx_word' id='word_1_718' title='bbox 1979 2392 2028 2440; x_wconf 86' lang='grc' dir='ltr'>τὸ</span> <span class='ocrx_word' id='word_1_719' title='bbox 2051 2391 2172 2459; x_wconf 76' lang='grc' dir='ltr'>ἕρκος</span> <span class='ocrx_word' id='word_1_720' title='bbox 2197 2393 2417 2445; x_wconf 80' lang='grc' dir='ltr'>ὠθέονται.</span> <span class='ocrx_word' id='word_1_721' title='bbox 2447 2396 2484 2457; x_wconf 89' lang='grc'>(8</span> <span class='ocrx_word' id='word_1_722' title='bbox 2463 2393 2497 2458; x_wconf 88' lang='grc'>8)</span> <span class='ocrx_word' id='word_1_723' title='bbox 2536 2396 2594 2444; x_wconf 85' lang='grc' dir='ltr'>Οἱ</span> <span class='ocrx_word' id='word_1_724' title='bbox 2614 2395 2659 2444; x_wconf 87' lang='grc' dir='ltr'>δὲ</span> <span class='ocrx_word' id='word_1_725' title='bbox 2680 2395 2930 2461; x_wconf 72' lang='grc' dir='ltr'>ἄνθρωποι</span> <span class='ocrx_word' id='word_1_726' title='bbox 2924 2388 2936 2406; x_wconf 41' lang='lat'>⁸</span> 
     </span>
    </p>
   </div>
   <div class='ocr_carea' id='block_1_12' title="bbox 1592 2459 2946 2556">
    <p class='ocr_par' dir='ltr' id='par_1_16' title="bbox 1592 2459 2946 2556">
     <span class='ocr_line' id='line_1_125' title="bbox 1592 2459 2946 2556; baseline 0.002 -42"><span class='ocrx_word' id='word_1_727' title='bbox 1592 2465 1839 2529; x_wconf 84' lang='grc' dir='ltr'>αἰσθόμενοι</span> <span class='ocrx_word' id='word_1_728' title='bbox 1870 2464 1949 2524; x_wconf 81' lang='grc' dir='ltr'>τὴν</span> <span class='ocrx_word' id='word_1_729' title='bbox 1983 2465 2130 2514; x_wconf 83' lang='grc' dir='ltr'>ἔσοδον</span> <span class='ocrx_word' id='word_1_730' title='bbox 2163 2469 2248 2515; x_wconf 84' lang='grc' dir='ltr'>τῶν</span> <span class='ocrx_word' id='word_1_731' title='bbox 2273 2467 2516 2534; x_wconf 85' lang='grc' dir='ltr'>ἐλεφάντων</span> <span class='ocrx_word' id='word_1_732' title='bbox 2548 2470 2633 2515; x_wconf 82' lang='grc' dir='ltr'>τῶν</span> <span class='ocrx_word' id='word_1_733' title='bbox 2640 2464 2833 2534; x_wconf 84' lang='grc' dir='ltr'>ἀγρίων,</span> <span class='ocrx_word' id='word_1_734' title='bbox 2855 2471 2898 2522; x_wconf 63' lang='grc' dir='ltr'><em>ἅ</em></span> <span class='ocrx_word' id='word_1_735' title='bbox 2867 2459 2946 2556; x_wconf 55' lang='lat'>⁴}</span> 
     </span>
    </p>
   </div>
   <div class='ocr_carea' id='block_1_13' title="bbox 2978 475 2990 1012">
    <p class='ocr_par' dir='ltr' id='par_1_17' title="bbox 2963 42 2990 1012">
     <span class='ocr_line' id='line_1_126' title="bbox 2978 475 2990 1012; textangle 90"><span class='ocrx_word' id='word_1_736' title='bbox 2976 352 2990 1012; x_wconf 40' lang='lat' dir='ltr'>„m--wmffvvnwr</span> 
     </span>
    </p>
   </div>
   <div class='ocr_carea' id='block_1_14' title="bbox 2980 1021 2991 1074">
    <p class='ocr_par' dir='ltr' id='par_1_18' title="bbox 2980 1021 2991 1074">
     <span class='ocr_line' id='line_1_127' title="bbox 2980 1021 2991 1074; textangle 90"><span class='ocrx_word' id='word_1_737' title='bbox 2980 1021 2991 1074; x_wconf 56' lang='lat' dir='ltr'>„vv-&#39;-</span> 
     </span>
    </p>
   </div>
   <div class='ocr_carea' id='block_1_15' title="bbox 2980 1075 2991 1185">
    <p class='ocr_par' dir='ltr' id='par_1_19' title="bbox 2980 1075 2991 1185">
     <span class='ocr_line' id='line_1_128' title="bbox 2980 1075 2991 1185; textangle 90"><span class='ocrx_word' id='word_1_738' title='bbox 2980 1161 2987 1185; x_wconf 55' lang='lat'>⁴-</span> <span class='ocrx_word' id='word_1_739' title='bbox 2980 1093 2991 1146; x_wconf 54' lang='grc' dir='ltr'>,ρ-μωι</span> <span class='ocrx_word' id='word_1_740' title='bbox 2982 1075 2987 1079; x_wconf 90' lang='grc'><em>,</em></span> 
     </span>
    </p>
   </div>
   <div class='ocr_carea' id='block_1_16' title="bbox 2981 1198 2990 1691">
    <p class='ocr_par' dir='ltr' id='par_1_20' title="bbox 2981 1198 2990 1691">
     <span class='ocr_line' id='line_1_129' title="bbox 2981 1198 2990 1691; textangle 90"><span class='ocrx_word' id='word_1_741' title='bbox 2983 1675 2988 1691; x_wconf 78' lang='grc'>-</span> <span class='ocrx_word' id='word_1_742' title='bbox 2982 1643 2987 1653; x_wconf 55' lang='lat'><em>0</em></span> <span class='ocrx_word' id='word_1_743' title='bbox 2983 1589 2987 1613; x_wconf 76' lang='grc'>,..-</span> <span class='ocrx_word' id='word_1_744' title='bbox 2983 1530 2988 1576; x_wconf 54' lang='lat'>⁴.-</span> <span class='ocrx_word' id='word_1_745' title='bbox 2981 1226 2990 1522; x_wconf 49' lang='grc' dir='ltr'>,.,..,....,..,,-.,..-,,,,..,-«.η,.»-</span> <span class='ocrx_word' id='word_1_746' title='bbox 2982 1198 2986 1215; x_wconf 69' lang='grc'>,-</span> 
     </span>
    </p>
   </div>
   <div class='ocr_carea' id='block_1_17' title="bbox 1589 2584 2942 4327">
    <p class='ocr_par' dir='ltr' id='par_1_21' title="bbox 1590 2584 2942 2658">
     <span class='ocr_line' id='line_1_130' title="bbox 1590 2584 2942 2658; baseline 0.002 -12"><span class='ocrx_word' id='word_1_747' title='bbox 1590 2609 1726 2646; x_wconf 88' lang='lat' dir='ltr'><strong>torum</strong></span> <span class='ocrx_word' id='word_1_748' title='bbox 1755 2606 1861 2656; x_wconf 91' lang='lat' dir='ltr'><strong>apud</strong></span> <span class='ocrx_word' id='word_1_749' title='bbox 1884 2617 1952 2646; x_wconf 90' lang='lat' dir='ltr'>eos</span> <span class='ocrx_word' id='word_1_750' title='bbox 1981 2606 2139 2646; x_wconf 86' lang='lat' dir='ltr'><strong>venatio</strong></span> <span class='ocrx_word' id='word_1_751' title='bbox 2165 2606 2264 2646; x_wconf 83' lang='lat' dir='ltr'><strong>nihil</strong></span> <span class='ocrx_word' id='word_1_752' title='bbox 2293 2606 2456 2658; x_wconf 81' lang='lat' dir='ltr'><strong>prorsus</strong></span> <span class='ocrx_word' id='word_1_753' title='bbox 2484 2606 2551 2647; x_wconf 88' lang='lat' dir='ltr'><strong>alii</strong></span> <span class='ocrx_word' id='word_1_754' title='bbox 2576 2607 2748 2648; x_wconf 84' lang='lat' dir='ltr'><strong>venandi</strong></span> <span class='ocrx_word' id='word_1_755' title='bbox 2774 2584 2942 2648; x_wconf 75' lang='grc'>1110118</span> 
     </span>
    </p>

    <p class='ocr_par' dir='ltr' id='par_1_22' title="bbox 1592 2664 2901 2722">
     <span class='ocr_line' id='line_1_131' title="bbox 1592 2664 2901 2722; baseline 0.002 -12"><span class='ocrx_word' id='word_1_756' title='bbox 1592 2670 1730 2711; x_wconf 90' lang='lat' dir='ltr'><strong>similis</strong></span> <span class='ocrx_word' id='word_1_757' title='bbox 1748 2672 1821 2718; x_wconf 90' lang='lat' dir='ltr'><strong>est,</strong></span> <span class='ocrx_word' id='word_1_758' title='bbox 1838 2670 2034 2720; x_wconf 88' lang='lat' dir='ltr'><strong>siquidem</strong></span> <span class='ocrx_word' id='word_1_759' title='bbox 2053 2672 2093 2710; x_wconf 89' lang='lat' dir='ltr'>et</span> <span class='ocrx_word' id='word_1_760' title='bbox 2113 2670 2175 2710; x_wconf 82' lang='lat' dir='ltr'>hae</span> <span class='ocrx_word' id='word_1_761' title='bbox 2188 2671 2282 2710; x_wconf 84' lang='lat' dir='ltr'><strong>serae</strong></span> <span class='ocrx_word' id='word_1_762' title='bbox 2295 2670 2414 2710; x_wconf 90' lang='lat' dir='ltr'><strong>nullis</strong></span> <span class='ocrx_word' id='word_1_763' title='bbox 2436 2670 2584 2711; x_wconf 81' lang='lat' dir='ltr'><strong>similes</strong></span> <span class='ocrx_word' id='word_1_764' title='bbox 2595 2673 2703 2711; x_wconf 91' lang='lat' dir='ltr'><strong>sunt.</strong></span> <span class='ocrx_word' id='word_1_765' title='bbox 2723 2664 2901 2722; x_wconf 57' lang='lat' dir='ltr'><strong>(vileli-</strong></span> 
     </span>
    </p>

    <p class='ocr_par' dir='ltr' id='par_1_23' title="bbox 1590 2723 2904 2786">
     <span class='ocr_line' id='line_1_132' title="bbox 1590 2723 2904 2786; baseline 0.002 -12"><span class='ocrx_word' id='word_1_766' title='bbox 1590 2737 1689 2784; x_wconf 80' lang='lat' dir='ltr'><strong>gunt</strong></span> <span class='ocrx_word' id='word_1_767' title='bbox 1706 2735 1916 2774; x_wconf 80' lang='lat' dir='ltr'><strong>venatores</strong></span> <span class='ocrx_word' id='word_1_768' title='bbox 1931 2734 2065 2773; x_wconf 91' lang='lat' dir='ltr'><strong>locum</strong></span> <span class='ocrx_word' id='word_1_769' title='bbox 2082 2735 2246 2783; x_wconf 89' lang='lat' dir='ltr'><strong>planum</strong></span> <span class='ocrx_word' id='word_1_770' title='bbox 2277 2736 2317 2773; x_wconf 86' lang='lat' dir='ltr'>et</span> <span class='ocrx_word' id='word_1_771' title='bbox 2333 2734 2511 2785; x_wconf 88' lang='lat' dir='ltr'><strong>apricum</strong></span> <span class='ocrx_word' id='word_1_772' title='bbox 2523 2764 2535 2783; x_wconf 94' lang='lat'>,</span> <span class='ocrx_word' id='word_1_773' title='bbox 2553 2735 2684 2786; x_wconf 85' lang='lat' dir='ltr'><strong>magni</strong></span> <span class='ocrx_word' id='word_1_774' title='bbox 2698 2723 2904 2776; x_wconf 74' lang='lat' dir='ltr'><strong>exercitus</strong></span> 
     </span>
    </p>

    <p class='ocr_par' dir='ltr' id='par_1_24' title="bbox 1591 2791 2930 2916">
     <span class='ocr_line' id='line_1_133' title="bbox 1591 2791 2930 2850; baseline 0.001 -12"><span class='ocrx_word' id='word_1_775' title='bbox 1591 2809 1799 2850; x_wconf 88' lang='lat' dir='ltr'><strong>capacem,</strong></span> <span class='ocrx_word' id='word_1_776' title='bbox 1819 2799 1860 2838; x_wconf 93' lang='lat' dir='ltr'>in</span> <span class='ocrx_word' id='word_1_777' title='bbox 1878 2798 1993 2848; x_wconf 85' lang='lat' dir='ltr'><strong>cujus</strong></span> <span class='ocrx_word' id='word_1_778' title='bbox 2016 2794 2192 2837; x_wconf 84' lang='lat' dir='ltr'><strong>circuitu</strong></span> <span class='ocrx_word' id='word_1_779' title='bbox 2203 2798 2348 2838; x_wconf 87' lang='lat' dir='ltr'><strong>fossam</strong></span> <span class='ocrx_word' id='word_1_780' title='bbox 2368 2798 2536 2838; x_wconf 87' lang='lat' dir='ltr'><strong>ducunt.</strong></span> <span class='ocrx_word' id='word_1_781' title='bbox 2569 2801 2702 2839; x_wconf 86' lang='lat' dir='ltr'><strong>Fossae</strong></span> <span class='ocrx_word' id='word_1_782' title='bbox 2723 2798 2896 2840; x_wconf 81' lang='lat' dir='ltr'><strong>latitudo</strong></span> <span class='ocrx_word' id='word_1_783' title='bbox 2926 2791 2930 2795; x_wconf 21' lang='grc' dir='ltr'><em>Α</em></span> 
     </span>
     <span class='ocr_line' id='line_1_134' title="bbox 1591 2863 2895 2916; baseline 0.002 -13"><span class='ocrx_word' id='word_1_784' title='bbox 1591 2865 1640 2903; x_wconf 89' lang='lat' dir='ltr'>ad</span> <span class='ocrx_word' id='word_1_785' title='bbox 1655 2864 1831 2915; x_wconf 87' lang='lat' dir='ltr'><strong>quinque</strong></span> <span class='ocrx_word' id='word_1_786' title='bbox 1838 2864 1992 2914; x_wconf 86' lang='lat' dir='ltr'><strong>orgyias</strong></span> <span class='ocrx_word' id='word_1_787' title='bbox 2004 2864 2137 2912; x_wconf 90' lang='lat' dir='ltr'><strong>hahet,</strong></span> <span class='ocrx_word' id='word_1_788' title='bbox 2157 2863 2327 2904; x_wconf 87' lang='lat' dir='ltr'><strong>altitudo</strong></span> <span class='ocrx_word' id='word_1_789' title='bbox 2340 2864 2496 2904; x_wconf 87' lang='lat' dir='ltr'><strong>circiter</strong></span> <span class='ocrx_word' id='word_1_790' title='bbox 2510 2866 2716 2915; x_wconf 85' lang='lat' dir='ltr'><strong>quattuor.</strong></span> <span class='ocrx_word' id='word_1_791' title='bbox 2735 2866 2895 2916; x_wconf 78' lang='grc' dir='ltr'>(3)Τ81·-</span> 
     </span>
    </p>

    <p class='ocr_par' dir='ltr' id='par_1_25' title="bbox 1593 2929 2904 2982">
     <span class='ocr_line' id='line_1_135' title="bbox 1593 2929 2904 2982; baseline 0.002 -15"><span class='ocrx_word' id='word_1_792' title='bbox 1593 2939 1676 2967; x_wconf 87' lang='lat' dir='ltr'>ram</span> <span class='ocrx_word' id='word_1_793' title='bbox 1689 2959 1701 2979; x_wconf 94' lang='lat'>‚</span> <span class='ocrx_word' id='word_1_794' title='bbox 1723 2940 1844 2980; x_wconf 90' lang='lat' dir='ltr'><strong>quam</strong></span> <span class='ocrx_word' id='word_1_795' title='bbox 1862 2929 2046 2968; x_wconf 79' lang='lat' dir='ltr'><strong>fodiendo</strong></span> <span class='ocrx_word' id='word_1_796' title='bbox 2069 2930 2234 2977; x_wconf 90' lang='lat' dir='ltr'><strong>eruunt,</strong></span> <span class='ocrx_word' id='word_1_797' title='bbox 2254 2929 2459 2980; x_wconf 89' lang='lat' dir='ltr'><strong>utrimque</strong></span> <span class='ocrx_word' id='word_1_798' title='bbox 2474 2929 2525 2969; x_wconf 89' lang='lat' dir='ltr'>ad</span> <span class='ocrx_word' id='word_1_799' title='bbox 2540 2929 2651 2969; x_wconf 88' lang='lat' dir='ltr'><strong>labra</strong></span> <span class='ocrx_word' id='word_1_800' title='bbox 2667 2930 2781 2970; x_wconf 64' lang='lat' dir='ltr'><strong>fossae</strong></span> <span class='ocrx_word' id='word_1_801' title='bbox 2796 2941 2904 2982; x_wconf 38' lang='grc'>8011(</span> 
     </span>
    </p>

    <p class='ocr_par' dir='ltr' id='par_1_26' title="bbox 1589 2988 2895 4327">
     <span class='ocr_line' id='line_1_136' title="bbox 1591 2988 2893 3044; baseline 0.002 -12"><span class='ocrx_word' id='word_1_802' title='bbox 1591 2996 1754 3044; x_wconf 86' lang='lat' dir='ltr'><strong>gerunt,</strong></span> <span class='ocrx_word' id='word_1_803' title='bbox 1773 2988 1899 3044; x_wconf 84' lang='lat' dir='ltr'><strong>eaque</strong></span> <span class='ocrx_word' id='word_1_804' title='bbox 1914 3005 1985 3044; x_wconf 89' lang='lat' dir='ltr'>pro</span> <span class='ocrx_word' id='word_1_805' title='bbox 2007 3005 2124 3033; x_wconf 89' lang='lat' dir='ltr'><strong>muro</strong></span> <span class='ocrx_word' id='word_1_806' title='bbox 2144 2995 2328 3033; x_wconf 89' lang='lat' dir='ltr'><strong>utuntur.</strong></span> <span class='ocrx_word' id='word_1_807' title='bbox 2385 2994 2441 3043; x_wconf 81' lang='lat'>(4)</span> <span class='ocrx_word' id='word_1_808' title='bbox 2466 2995 2544 3044; x_wconf 84' lang='lat' dir='ltr'><strong>Ipsi</strong></span> <span class='ocrx_word' id='word_1_809' title='bbox 2569 2994 2763 3034; x_wconf 80' lang='grc'>8018111111</span> <span class='ocrx_word' id='word_1_810' title='bbox 2779 2998 2893 3035; x_wconf 81' lang='lat' dir='ltr'><strong>exte·</strong></span> 
     </span>
     <span class='ocr_line' id='line_1_137' title="bbox 1592 3057 2892 3109; baseline 0.002 -13"><span class='ocrx_word' id='word_1_811' title='bbox 1592 3058 1706 3097; x_wconf 86' lang='lat' dir='ltr'><strong>rioris</strong></span> <span class='ocrx_word' id='word_1_812' title='bbox 1721 3058 1822 3097; x_wconf 88' lang='lat' dir='ltr'><strong>labri</strong></span> <span class='ocrx_word' id='word_1_813' title='bbox 1840 3069 1978 3108; x_wconf 83' lang='lat' dir='ltr'><strong>aggere</strong></span> <span class='ocrx_word' id='word_1_814' title='bbox 1993 3057 2165 3098; x_wconf 83' lang='lat' dir='ltr'><strong>tentoria</strong></span> <span class='ocrx_word' id='word_1_815' title='bbox 2180 3057 2255 3109; x_wconf 91' lang='lat' dir='ltr'><strong>sibi</strong></span> <span class='ocrx_word' id='word_1_816' title='bbox 2278 3057 2424 3097; x_wconf 85' lang='lat' dir='ltr'><strong>fossilia</strong></span> <span class='ocrx_word' id='word_1_817' title='bbox 2439 3057 2614 3108; x_wconf 82' lang='lat' dir='ltr'><strong>faciunt,</strong></span> <span class='ocrx_word' id='word_1_818' title='bbox 2641 3059 2682 3098; x_wconf 90' lang='lat' dir='ltr'>et</span> <span class='ocrx_word' id='word_1_819' title='bbox 2697 3058 2892 3099; x_wconf 77' lang='lat' dir='ltr'><strong>foramina</strong></span> 
     </span>
     <span class='ocr_line' id='line_1_138' title="bbox 1590 3121 2892 3173; baseline 0.003 -13"><span class='ocrx_word' id='word_1_820' title='bbox 1590 3122 1633 3161; x_wconf 92' lang='lat' dir='ltr'>in</span> <span class='ocrx_word' id='word_1_821' title='bbox 1663 3121 1732 3172; x_wconf 88' lang='lat' dir='ltr'><strong>iis,</strong></span> <span class='ocrx_word' id='word_1_822' title='bbox 1761 3133 1832 3172; x_wconf 90' lang='lat' dir='ltr'>per</span> <span class='ocrx_word' id='word_1_823' title='bbox 1853 3133 1946 3173; x_wconf 86' lang='lat' dir='ltr'><strong>quae</strong></span> <span class='ocrx_word' id='word_1_824' title='bbox 1969 3123 2100 3162; x_wconf 89' lang='lat' dir='ltr'><strong>lucem</strong></span> <span class='ocrx_word' id='word_1_825' title='bbox 2121 3121 2358 3171; x_wconf 86' lang='lat' dir='ltr'><strong>admittant,</strong></span> <span class='ocrx_word' id='word_1_826' title='bbox 2379 3121 2640 3172; x_wconf 84' lang='lat' dir='ltr'><strong>relinquunt:</strong></span> <span class='ocrx_word' id='word_1_827' title='bbox 2663 3121 2816 3173; x_wconf 84' lang='lat' dir='ltr'><strong>ipsique</strong></span> <span class='ocrx_word' id='word_1_828' title='bbox 2840 3133 2892 3164; x_wconf 84' lang='lat' dir='ltr'>ex</span> 
     </span>
     <span class='ocr_line' id='line_1_139' title="bbox 1592 3185 2892 3238; baseline 0.003 -14"><span class='ocrx_word' id='word_1_829' title='bbox 1592 3185 1638 3224; x_wconf 90' lang='lat' dir='ltr'>iis</span> <span class='ocrx_word' id='word_1_830' title='bbox 1654 3185 1756 3225; x_wconf 82' lang='lat' dir='ltr'><strong>seras</strong></span> <span class='ocrx_word' id='word_1_831' title='bbox 1772 3185 2132 3236; x_wconf 86' lang='lat' dir='ltr'><strong>appropinquantes</strong></span> <span class='ocrx_word' id='word_1_832' title='bbox 2152 3187 2274 3235; x_wconf 91' lang='lat' dir='ltr'><strong>atque</strong></span> <span class='ocrx_word' id='word_1_833' title='bbox 2289 3185 2331 3224; x_wconf 90' lang='lat' dir='ltr'>in</span> <span class='ocrx_word' id='word_1_834' title='bbox 2346 3187 2502 3236; x_wconf 88' lang='lat' dir='ltr'><strong>septum</strong></span> <span class='ocrx_word' id='word_1_835' title='bbox 2519 3185 2783 3236; x_wconf 63' lang='lat' dir='ltr'><strong>ingredientes*</strong></span> <span class='ocrx_word' id='word_1_836' title='bbox 2803 3194 2892 3238; x_wconf 63' lang='lat' dir='ltr'>pm*</span> 
     </span>
     <span class='ocr_line' id='line_1_140' title="bbox 1589 3251 2889 3302; baseline 0.002 -12"><span class='ocrx_word' id='word_1_837' title='bbox 1589 3252 1786 3301; x_wconf 88' lang='lat' dir='ltr'><strong>spectant.</strong></span> <span class='ocrx_word' id='word_1_838' title='bbox 1843 3252 1899 3301; x_wconf 83' lang='lat'>(5)</span> <span class='ocrx_word' id='word_1_839' title='bbox 1927 3253 2040 3290; x_wconf 89' lang='lat' dir='ltr'><strong>Tunc</strong></span> <span class='ocrx_word' id='word_1_840' title='bbox 2070 3252 2152 3290; x_wconf 89' lang='lat' dir='ltr'><strong>tres</strong></span> <span class='ocrx_word' id='word_1_841' title='bbox 2169 3251 2240 3290; x_wconf 86' lang='lat' dir='ltr'>aut</span> <span class='ocrx_word' id='word_1_842' title='bbox 2257 3251 2448 3301; x_wconf 88' lang='lat' dir='ltr'><strong>quattuor</strong></span> <span class='ocrx_word' id='word_1_843' title='bbox 2477 3251 2708 3302; x_wconf 86' lang='lat' dir='ltr'><strong>elephantos</strong></span> <span class='ocrx_word' id='word_1_844' title='bbox 2729 3251 2889 3293; x_wconf 71' lang='lat' dir='ltr'><strong>feminei</strong></span> 
     </span>
     <span class='ocr_line' id='line_1_141' title="bbox 1590 3314 2891 3366; baseline 0.002 -12"><span class='ocrx_word' id='word_1_845' title='bbox 1590 3325 1708 3355; x_wconf 86' lang='lat' dir='ltr'><strong>sexus</strong></span> <span class='ocrx_word' id='word_1_846' title='bbox 1719 3326 1771 3355; x_wconf 83' lang='lat' dir='ltr'>ex</span> <span class='ocrx_word' id='word_1_847' title='bbox 1782 3314 2107 3355; x_wconf 84' lang='lat' dir='ltr'><strong>mansuetissimis</strong></span> <span class='ocrx_word' id='word_1_848' title='bbox 2119 3317 2230 3365; x_wconf 90' lang='lat' dir='ltr'><strong>septo</strong></span> <span class='ocrx_word' id='word_1_849' title='bbox 2245 3314 2508 3364; x_wconf 64' lang='lat' dir='ltr'><strong>includentes,</strong></span> <span class='ocrx_word' id='word_1_850' title='bbox 2522 3325 2649 3354; x_wconf 88' lang='lat' dir='ltr'><strong>unum</strong></span> <span class='ocrx_word' id='word_1_851' title='bbox 2666 3326 2735 3366; x_wconf 87' lang='lat' dir='ltr'>per</span> <span class='ocrx_word' id='word_1_852' title='bbox 2750 3315 2891 3356; x_wconf 76' lang='lat' dir='ltr'><strong>fossam</strong></span> 
     </span>
     <span class='ocr_line' id='line_1_142' title="bbox 1590 3378 2890 3430; baseline 0.002 -12"><span class='ocrx_word' id='word_1_853' title='bbox 1590 3378 1745 3418; x_wconf 90' lang='lat' dir='ltr'><strong>aditum</strong></span> <span class='ocrx_word' id='word_1_854' title='bbox 1768 3378 2018 3429; x_wconf 85' lang='lat' dir='ltr'><strong>relinquunt,</strong></span> <span class='ocrx_word' id='word_1_855' title='bbox 2041 3379 2144 3418; x_wconf 81' lang='lat' dir='ltr'><strong>fossa</strong></span> <span class='ocrx_word' id='word_1_856' title='bbox 2163 3382 2285 3429; x_wconf 89' lang='lat' dir='ltr'><strong>ponte</strong></span> <span class='ocrx_word' id='word_1_857' title='bbox 2302 3378 2469 3428; x_wconf 89' lang='lat' dir='ltr'><strong>juncta,</strong></span> <span class='ocrx_word' id='word_1_858' title='bbox 2490 3389 2611 3430; x_wconf 90' lang='lat' dir='ltr'><strong>quem</strong></span> <span class='ocrx_word' id='word_1_859' title='bbox 2637 3378 2768 3419; x_wconf 85' lang='lat' dir='ltr'><strong>multa</strong></span> <span class='ocrx_word' id='word_1_860' title='bbox 2785 3379 2890 3421; x_wconf 71' lang='lat' dir='ltr'>tem</span> 
     </span>
     <span class='ocr_line' id='line_1_143' title="bbox 1592 3440 2893 3494; baseline 0.003 -12"><span class='ocrx_word' id='word_1_861' title='bbox 1592 3444 1633 3482; x_wconf 90' lang='lat' dir='ltr'>et</span> <span class='ocrx_word' id='word_1_862' title='bbox 1651 3443 1778 3483; x_wconf 90' lang='lat' dir='ltr'><strong>multo</strong></span> <span class='ocrx_word' id='word_1_863' title='bbox 1794 3443 1942 3494; x_wconf 88' lang='lat' dir='ltr'><strong>cespite</strong></span> <span class='ocrx_word' id='word_1_864' title='bbox 1956 3444 2163 3492; x_wconf 85' lang='lat' dir='ltr'><strong>sternunt,</strong></span> <span class='ocrx_word' id='word_1_865' title='bbox 2179 3453 2230 3482; x_wconf 92' lang='lat' dir='ltr'>ne</span> <span class='ocrx_word' id='word_1_866' title='bbox 2249 3441 2422 3493; x_wconf 87' lang='lat' dir='ltr'><strong>conspici</strong></span> <span class='ocrx_word' id='word_1_867' title='bbox 2433 3453 2459 3482; x_wconf 87' lang='lat' dir='ltr'>a</span> <span class='ocrx_word' id='word_1_868' title='bbox 2474 3443 2566 3483; x_wconf 81' lang='lat' dir='ltr'><strong>seris</strong></span> <span class='ocrx_word' id='word_1_869' title='bbox 2580 3453 2705 3493; x_wconf 86' lang='lat' dir='ltr'><strong>pons,</strong></span> <span class='ocrx_word' id='word_1_870' title='bbox 2721 3443 2763 3483; x_wconf 85' lang='lat' dir='ltr'>et</span> <span class='ocrx_word' id='word_1_871' title='bbox 2776 3440 2893 3486; x_wconf 54' lang='lat' dir='ltr'><strong>dol*</strong></span> 
     </span>
     <span class='ocr_line' id='line_1_144' title="bbox 1591 3506 2891 3558; baseline 0 -11"><span class='ocrx_word' id='word_1_872' title='bbox 1591 3507 1728 3547; x_wconf 88' lang='lat' dir='ltr'><strong>sentiri</strong></span> <span class='ocrx_word' id='word_1_873' title='bbox 1746 3507 1883 3558; x_wconf 76' lang='lat' dir='ltr'><strong>possit.</strong></span> <span class='ocrx_word' id='word_1_874' title='bbox 1929 3507 1995 3557; x_wconf 86' lang='grc'>(6)</span> <span class='ocrx_word' id='word_1_875' title='bbox 2016 3507 2236 3547; x_wconf 83' lang='lat' dir='ltr'><strong>venatores</strong></span> <span class='ocrx_word' id='word_1_876' title='bbox 2255 3507 2390 3546; x_wconf 80' lang='lat' dir='ltr'><strong>autem</strong></span> <span class='ocrx_word' id='word_1_877' title='bbox 2421 3506 2564 3547; x_wconf 85' lang='lat' dir='ltr'><strong>remoti</strong></span> <span class='ocrx_word' id='word_1_878' title='bbox 2581 3513 2668 3548; x_wconf 89' lang='grc'>8688</span> <span class='ocrx_word' id='word_1_879' title='bbox 2686 3506 2733 3546; x_wconf 85' lang='lat' dir='ltr'>in</span> <span class='ocrx_word' id='word_1_880' title='bbox 2750 3512 2891 3547; x_wconf 66' lang='grc' dir='ltr'>881αό</span> 
     </span>
     <span class='ocr_line' id='line_1_145' title="bbox 1590 3552 2889 3622; baseline 0.002 -11"><span class='ocrx_word' id='word_1_881' title='bbox 1590 3571 1652 3611; x_wconf 89' lang='grc'>1118</span> <span class='ocrx_word' id='word_1_882' title='bbox 1674 3582 1776 3622; x_wconf 90' lang='lat' dir='ltr'><strong>pone</strong></span> <span class='ocrx_word' id='word_1_883' title='bbox 1793 3571 1937 3610; x_wconf 82' lang='lat' dir='ltr'><strong>fossam</strong></span> <span class='ocrx_word' id='word_1_884' title='bbox 1957 3570 2180 3611; x_wconf 84' lang='lat' dir='ltr'><strong>continent.</strong></span> <span class='ocrx_word' id='word_1_885' title='bbox 2233 3572 2336 3611; x_wconf 84' lang='lat' dir='ltr'>Nam</span> <span class='ocrx_word' id='word_1_886' title='bbox 2357 3570 2429 3610; x_wconf 76' lang='lat' dir='ltr'><strong>seri</strong></span> <span class='ocrx_word' id='word_1_887' title='bbox 2449 3570 2650 3621; x_wconf 83' lang='lat' dir='ltr'><strong>elephanti</strong></span> <span class='ocrx_word' id='word_1_888' title='bbox 2670 3552 2889 3613; x_wconf 83' lang='grc' dir='ltr'>1088118ὴῖ4</span> 
     </span>
     <span class='ocr_line' id='line_1_146' title="bbox 1590 3633 2889 3686; baseline 0 -11"><span class='ocrx_word' id='word_1_889' title='bbox 1590 3636 1674 3675; x_wconf 88' lang='lat' dir='ltr'><strong>tata</strong></span> <span class='ocrx_word' id='word_1_890' title='bbox 1689 3633 1863 3674; x_wconf 88' lang='lat' dir='ltr'><strong>interdiu</strong></span> <span class='ocrx_word' id='word_1_891' title='bbox 1878 3645 1959 3674; x_wconf 90' lang='lat' dir='ltr'>non</span> <span class='ocrx_word' id='word_1_892' title='bbox 1985 3634 2165 3674; x_wconf 82' lang='lat' dir='ltr'><strong>adeunt:</strong></span> <span class='ocrx_word' id='word_1_893' title='bbox 2187 3635 2311 3674; x_wconf 89' lang='lat' dir='ltr'><strong>noctu</strong></span> <span class='ocrx_word' id='word_1_894' title='bbox 2327 3645 2422 3675; x_wconf 88' lang='lat' dir='ltr'><strong>vero</strong></span> <span class='ocrx_word' id='word_1_895' title='bbox 2442 3634 2588 3685; x_wconf 88' lang='lat' dir='ltr'><strong>passim</strong></span> <span class='ocrx_word' id='word_1_896' title='bbox 2604 3636 2782 3675; x_wconf 80' lang='lat' dir='ltr'><strong>errantes</strong></span> <span class='ocrx_word' id='word_1_897' title='bbox 2798 3642 2889 3686; x_wconf 74' lang='lat' dir='ltr'><strong>gro·-</strong></span> 
     </span>
     <span class='ocr_line' id='line_1_147' title="bbox 1590 3688 2895 3751; baseline 0.002 -12"><span class='ocrx_word' id='word_1_898' title='bbox 1590 3700 1713 3751; x_wconf 84' lang='lat' dir='ltr'><strong>gatim</strong></span> <span class='ocrx_word' id='word_1_899' title='bbox 1729 3701 1963 3751; x_wconf 85' lang='lat' dir='ltr'><strong>pascuntur,</strong></span> <span class='ocrx_word' id='word_1_900' title='bbox 1977 3709 2148 3750; x_wconf 89' lang='lat' dir='ltr'><strong>eumque</strong></span> <span class='ocrx_word' id='word_1_901' title='bbox 2162 3698 2305 3738; x_wconf 88' lang='lat' dir='ltr'><strong>ducem</strong></span> <span class='ocrx_word' id='word_1_902' title='bbox 2317 3700 2542 3750; x_wconf 84' lang='lat' dir='ltr'><strong>sequuntur</strong></span> <span class='ocrx_word' id='word_1_903' title='bbox 2556 3699 2624 3750; x_wconf 91' lang='lat' dir='ltr'>qui</span> <span class='ocrx_word' id='word_1_904' title='bbox 2639 3688 2895 3741; x_wconf 60' lang='grc' dir='ltr'>8111188111ιῆ</span> 
     </span>
     <span class='ocr_line' id='line_1_148' title="bbox 1591 3761 2889 3819; baseline 0 -17"><span class='ocrx_word' id='word_1_905' title='bbox 1591 3765 1650 3803; x_wconf 88' lang='lat' dir='ltr'>est</span> <span class='ocrx_word' id='word_1_906' title='bbox 1665 3764 1706 3802; x_wconf 92' lang='lat' dir='ltr'>et</span> <span class='ocrx_word' id='word_1_907' title='bbox 1719 3762 2040 3813; x_wconf 87' lang='lat' dir='ltr'><strong>generosissimus</strong></span> <span class='ocrx_word' id='word_1_908' title='bbox 2058 3778 2068 3800; x_wconf 85' lang='lat'>=</span> <span class='ocrx_word' id='word_1_909' title='bbox 2085 3772 2169 3804; x_wconf 87' lang='lat' dir='ltr'>non</span> <span class='ocrx_word' id='word_1_910' title='bbox 2182 3761 2298 3803; x_wconf 86' lang='lat' dir='ltr'><strong>aliter</strong></span> <span class='ocrx_word' id='word_1_911' title='bbox 2312 3773 2360 3802; x_wconf 88' lang='lat' dir='ltr'>ac</span> <span class='ocrx_word' id='word_1_912' title='bbox 2374 3763 2511 3802; x_wconf 87' lang='lat' dir='ltr'><strong>tauros</strong></span> <span class='ocrx_word' id='word_1_913' title='bbox 2524 3772 2660 3805; x_wconf 76' lang='lat' dir='ltr'><strong>vaccae</strong></span> <span class='ocrx_word' id='word_1_914' title='bbox 2674 3761 2788 3813; x_wconf 84' lang='lat' dir='ltr'><strong>sequi</strong></span> <span class='ocrx_word' id='word_1_915' title='bbox 2802 3765 2889 3819; x_wconf 45' lang='lat' dir='ltr'>oq}</span> 
     </span>
     <span class='ocr_line' id='line_1_149' title="bbox 1590 3820 2886 3878; baseline 0 -12"><span class='ocrx_word' id='word_1_916' title='bbox 1590 3827 1758 3868; x_wconf 88' lang='lat' dir='ltr'><strong>nuntur.</strong></span> <span class='ocrx_word' id='word_1_917' title='bbox 1813 3825 1869 3876; x_wconf 88' lang='grc'>(7)</span> <span class='ocrx_word' id='word_1_918' title='bbox 1902 3828 2118 3878; x_wconf 85' lang='lat' dir='ltr'><strong>Postquam</strong></span> <span class='ocrx_word' id='word_1_919' title='bbox 2145 3825 2268 3876; x_wconf 84' lang='lat' dir='ltr'><strong>septis</strong></span> <span class='ocrx_word' id='word_1_920' title='bbox 2300 3826 2503 3876; x_wconf 87' lang='lat' dir='ltr'><strong>propiores</strong></span> <span class='ocrx_word' id='word_1_921' title='bbox 2526 3825 2622 3866; x_wconf 81' lang='lat' dir='ltr'><strong>facti</strong></span> <span class='ocrx_word' id='word_1_922' title='bbox 2648 3820 2886 3866; x_wconf 65' lang='lat' dir='ltr'><strong>feminarum</strong></span> 
     </span>
     <span class='ocr_line' id='line_1_150' title="bbox 1593 3888 2850 3940; baseline 0.001 -13"><span class='ocrx_word' id='word_1_923' title='bbox 1593 3900 1734 3930; x_wconf 80' lang='lat' dir='ltr'><strong>vocem</strong></span> <span class='ocrx_word' id='word_1_924' title='bbox 1757 3888 1991 3939; x_wconf 88' lang='lat' dir='ltr'><strong>audierunt,</strong></span> <span class='ocrx_word' id='word_1_925' title='bbox 2008 3899 2155 3940; x_wconf 85' lang='lat' dir='ltr'><strong>easque</strong></span> <span class='ocrx_word' id='word_1_926' title='bbox 2174 3899 2245 3940; x_wconf 88' lang='lat' dir='ltr'>per</span> <span class='ocrx_word' id='word_1_927' title='bbox 2259 3888 2473 3930; x_wconf 87' lang='lat' dir='ltr'><strong>odoratum</strong></span> <span class='ocrx_word' id='word_1_928' title='bbox 2493 3899 2714 3940; x_wconf 81' lang='lat' dir='ltr'><strong>cognovere</strong></span> <span class='ocrx_word' id='word_1_929' title='bbox 2726 3918 2740 3939; x_wconf 88' lang='lat'>,</span> <span class='ocrx_word' id='word_1_930' title='bbox 2767 3898 2819 3930; x_wconf 87' lang='grc'>88</span> <span class='ocrx_word' id='word_1_931' title='bbox 2832 3910 2850 3921; x_wconf 75' lang='lat'>›-</span> 
     </span>
     <span class='ocr_line' id='line_1_151' title="bbox 1592 3952 2874 4011; baseline -0.002 -16"><span class='ocrx_word' id='word_1_932' title='bbox 1592 3955 1775 3995; x_wconf 76' lang='grc'>181011181-</span> <span class='ocrx_word' id='word_1_933' title='bbox 1800 3953 1849 3993; x_wconf 88' lang='lat' dir='ltr'>ad</span> <span class='ocrx_word' id='word_1_934' title='bbox 1869 3955 1979 4004; x_wconf 83' lang='lat' dir='ltr'><strong>septa</strong></span> <span class='ocrx_word' id='word_1_935' title='bbox 1993 3983 2013 4004; x_wconf 90' lang='grc'>,.</span> <span class='ocrx_word' id='word_1_936' title='bbox 2026 3954 2066 3994; x_wconf 84' lang='grc'>81</span> <span class='ocrx_word' id='word_1_937' title='bbox 2082 3953 2196 3994; x_wconf 78' lang='lat' dir='ltr'><strong>fossae</strong></span> <span class='ocrx_word' id='word_1_938' title='bbox 2222 3952 2333 3993; x_wconf 87' lang='lat' dir='ltr'><strong>labra</strong></span> <span class='ocrx_word' id='word_1_939' title='bbox 2367 3953 2663 3994; x_wconf 87' lang='lat' dir='ltr'><strong>circumeuntes</strong></span> <span class='ocrx_word' id='word_1_940' title='bbox 2677 3962 2821 4011; x_wconf 17' lang='lat' dir='ltr'><strong>quum*</strong></span> <span class='ocrx_word' id='word_1_941' title='bbox 2844 3967 2874 3986; x_wconf 85' lang='lat'>.·</span> 
     </span>
     <span class='ocr_line' id='line_1_152' title="bbox 1591 4017 2855 4070; baseline -0.002 -11"><span class='ocrx_word' id='word_1_942' title='bbox 1591 4020 1755 4070; x_wconf 90' lang='lat' dir='ltr'><strong>pontem</strong></span> <span class='ocrx_word' id='word_1_943' title='bbox 1777 4018 2051 4069; x_wconf 89' lang='lat' dir='ltr'><strong>pervenerint,</strong></span> <span class='ocrx_word' id='word_1_944' title='bbox 2068 4029 2139 4070; x_wconf 84' lang='lat' dir='ltr'>per</span> <span class='ocrx_word' id='word_1_945' title='bbox 2162 4017 2311 4058; x_wconf 86' lang='lat' dir='ltr'><strong>eumin</strong></span> <span class='ocrx_word' id='word_1_946' title='bbox 2333 4019 2443 4069; x_wconf 89' lang='lat' dir='ltr'><strong>septa</strong></span> <span class='ocrx_word' id='word_1_947' title='bbox 2465 4019 2606 4059; x_wconf 86' lang='lat' dir='ltr'><strong>ruunt.</strong></span> <span class='ocrx_word' id='word_1_948' title='bbox 2626 4017 2695 4069; x_wconf 76' lang='grc'>’(8)</span> <span class='ocrx_word' id='word_1_949' title='bbox 2711 4019 2823 4058; x_wconf 80' lang='lat' dir='ltr'><strong>Vena·</strong></span> <span class='ocrx_word' id='word_1_950' title='bbox 2848 4033 2855 4051; x_wconf 87' lang='lat'>·</span> 
     </span>
     <span class='ocr_line' id='line_1_153' title="bbox 1590 4081 2846 4133; baseline -0.002 -11"><span class='ocrx_word' id='word_1_951' title='bbox 1590 4093 1654 4123; x_wconf 86' lang='lat' dir='ltr'>res</span> <span class='ocrx_word' id='word_1_952' title='bbox 1683 4082 1754 4122; x_wconf 92' lang='lat' dir='ltr'>ubi</span> <span class='ocrx_word' id='word_1_953' title='bbox 1774 4082 1966 4133; x_wconf 84' lang='lat' dir='ltr'><strong>ingressos</strong></span> <span class='ocrx_word' id='word_1_954' title='bbox 1984 4082 2087 4122; x_wconf 77' lang='lat' dir='ltr'><strong>feros</strong></span> <span class='ocrx_word' id='word_1_955' title='bbox 2116 4082 2346 4133; x_wconf 84' lang='lat' dir='ltr'><strong>elephantos</strong></span> <span class='ocrx_word' id='word_1_956' title='bbox 2371 4082 2574 4132; x_wconf 86' lang='lat' dir='ltr'><strong>sentiunt,</strong></span> <span class='ocrx_word' id='word_1_957' title='bbox 2601 4081 2671 4122; x_wconf 76' lang='lat' dir='ltr'><strong>alii</strong></span> <span class='ocrx_word' id='word_1_958' title='bbox 2697 4081 2846 4123; x_wconf 82' lang='grc'>80111181</span> 
     </span>
     <span class='ocr_line' id='line_1_154' title="bbox 1591 4143 2844 4196; baseline -0.002 -11"><span class='ocrx_word' id='word_1_959' title='bbox 1591 4146 1752 4195; x_wconf 80' lang='lat' dir='ltr'><strong>pontem</strong></span> <span class='ocrx_word' id='word_1_960' title='bbox 1770 4145 2024 4196; x_wconf 89' lang='lat' dir='ltr'><strong>subtrahunt,</strong></span> <span class='ocrx_word' id='word_1_961' title='bbox 2040 4145 2105 4186; x_wconf 82' lang='lat' dir='ltr'><strong>alii</strong></span> <span class='ocrx_word' id='word_1_962' title='bbox 2120 4146 2325 4196; x_wconf 89' lang='lat' dir='ltr'><strong>proximos</strong></span> <span class='ocrx_word' id='word_1_963' title='bbox 2335 4155 2454 4196; x_wconf 83' lang='lat' dir='ltr'><strong>pagos</strong></span> <span class='ocrx_word' id='word_1_964' title='bbox 2468 4146 2646 4196; x_wconf 84' lang='lat' dir='ltr'><strong>petentes</strong></span> <span class='ocrx_word' id='word_1_965' title='bbox 2661 4143 2844 4195; x_wconf 78' lang='lat' dir='ltr'><strong>elephant</strong></span> 
     </span>
     <span class='ocr_line' id='line_1_155' title="bbox 1591 4206 2857 4259; baseline 0.002 -12"><span class='ocrx_word' id='word_1_966' title='bbox 1591 4210 1703 4259; x_wconf 88' lang='lat' dir='ltr'><strong>septo</strong></span> <span class='ocrx_word' id='word_1_967' title='bbox 1733 4208 1906 4248; x_wconf 88' lang='lat' dir='ltr'><strong>inclusos</strong></span> <span class='ocrx_word' id='word_1_968' title='bbox 1935 4219 2018 4248; x_wconf 87' lang='lat' dir='ltr'><strong>esse</strong></span> <span class='ocrx_word' id='word_1_969' title='bbox 2044 4209 2244 4249; x_wconf 86' lang='lat' dir='ltr'><strong>nuntiant.</strong></span> <span class='ocrx_word' id='word_1_970' title='bbox 2300 4208 2356 4258; x_wconf 84' lang='lat'>(9)</span> <span class='ocrx_word' id='word_1_971' title='bbox 2378 4211 2468 4256; x_wconf 89' lang='lat' dir='ltr'><strong>Quo</strong></span> <span class='ocrx_word' id='word_1_972' title='bbox 2495 4208 2652 4259; x_wconf 80' lang='lat' dir='ltr'><strong>cognito</strong></span> <span class='ocrx_word' id='word_1_973' title='bbox 2681 4206 2857 4258; x_wconf 76' lang='lat' dir='ltr'><strong>popular</strong></span> 
     </span>
     <span class='ocr_line' id='line_1_156' title="bbox 1593 4270 2895 4327; baseline -0.002 -15"><span class='ocrx_word' id='word_1_974' title='bbox 1593 4272 1800 4312; x_wconf 77' lang='lat' dir='ltr'><strong>confestim</strong></span> <span class='ocrx_word' id='word_1_975' title='bbox 1838 4272 2066 4322; x_wconf 84' lang='lat' dir='ltr'><strong>elephantos</strong></span> <span class='ocrx_word' id='word_1_976' title='bbox 2111 4271 2418 4312; x_wconf 85' lang='lat' dir='ltr'><strong>animosissimos</strong></span> <span class='ocrx_word' id='word_1_977' title='bbox 2462 4283 2509 4312; x_wconf 85' lang='lat' dir='ltr'>ac</span> <span class='ocrx_word' id='word_1_978' title='bbox 2550 4270 2862 4327; x_wconf 73' lang='lat' dir='ltr'>mansuetissimv</span> <span class='ocrx_word' id='word_1_979' title='bbox 2887 4288 2895 4298; x_wconf 47' lang='grc' dir='ltr'><strong>ν</strong></span> 
     </span>
    </p>
   </div>
  </div>
 </body>
</html>
