3016 4628
287 313 873 412 muninus
928 313 1433 416 13431115.-
1481 325 2164 426 DEMocLEs
2217 333 2984 461 PYGELENSI

569 517 1604 617 AMELESAGORAS
1674 523 2704 633 CHALCEDONIUS;
2974 496 3016 505 ”

372 920 633 968 Eudemum
675 925 860 966 Parium
899 938 953 967 ex
996 939 1092 966 uno
1133 925 1348 967 novimus
1378 926 1605 983 Dionysio

302 998 376 1041 l.l.
399 996 521 1061 (v.p.
549 997 640 1057 16).
661 1016 679 1035 «
702 996 843 1055 Apud
861 994 1147 1040 Clementem
1166 994 1433 1053 Strom.VI,
1448 1013 1495 1056 p.
1511 997 1601 1053 267

300 1079 588 1114 memoratur
610 1067 843 1112 Eudemus
859 1070 1063 1123 Naxiae,
1085 1084 1225 1127 quem
1244 1069 1485 1114 historiam
1509 1070 1605 1114 edi-

301 1142 417 1187 disse
426 1144 505 1198 ait,
517 1143 597 1187 sed
607 1157 707 1186 eam
718 1157 774 1186 ex
783 1142 1067 1202 Melesagora
1079 1143 1429 1201 transcripsisse.
1450 1144 1601 1187 Porro

298 1216 372 1258 vel
390 1216 634 1275 ignoratur
647 1214 785 1271 hujus
813 1224 940 1269 aetas,
967 1215 1041 1258 vel
1065 1213 1193 1258 idem
1211 1223 1276 1258 est
1300 1225 1439 1274 atque
1456 1214 1603 1260 Eude-

298 1305 399 1333 mus
414 1290 583 1334 Parius.
611 1289 726 1333 Mihi
747 1288 939 1347 quidem
955 1287 1081 1331 idem
1102 1288 1288 1332 videtur
1313 1304 1323 1332 ι
1345 1304 1512 1349 nempe
1532 1291 1604 1333 vi-

298 1363 459 1407 cinitas
480 1363 569 1417 loci
596 1362 755 1406 fecerit
769 1396 780 1416 ,
806 1370 859 1404 ut
880 1362 955 1405 alii
981 1362 1199 1416 Naxium,
1219 1362 1298 1405 alii
1319 1364 1506 1406 Parium
1522 1379 1602 1407 vo-

298 1445 472 1480 carent.
502 1456 520 1475 υ
546 1435 652 1481 Haec
671 1436 849 1481 Vossius
870 1432 1007 1494 (Hist.
1029 1434 1107 1478 Gr.
1129 1450 1178 1493 p.
1210 1434 1326 1495 440)
1352 1445 1504 1491 recte,
1529 1438 1599 1480 uti

295 1509 499 1553 videtur.
531 1509 685 1553 Verba
709 1506 959 1552 Clementis
989 1507 1086 1551 haec
1114 1516 1220 1551 sunt
1248 1522 1259 1550 ;
1289 1506 1598 1570 Μελεσαγόρου

295 1578 379 1644 γὰρ
405 1579 558 1645 ἔκλεψε
582 1578 765 1644 Γοργίας
784 1582 804 1624 ὁ
844 1578 1066 1631 Λεοντῖνος
1087 1577 1162 1624 καὶ
1184 1576 1385 1640 Εὔδημος
1399 1583 1420 1626 ὁ
1441 1578 1598 1634 Νάξιος

296 1654 334 1699 οἱ
355 1653 576 1717 ἱστορικοί.
605 1655 753 1698 Miror
776 1654 1000 1713 Gorgiam
1019 1653 1321 1708 historicum,
1350 1662 1489 1712 atque
1510 1670 1594 1698 eo—

296 1728 403 1772 dem
415 1727 521 1786 jure
547 1729 685 1771 etiam
707 1725 970 1771 Eudemum
993 1741 1152 1769 rerum
1182 1726 1491 1785 scriptoribus
1514 1742 1596 1771 ac-

295 1802 471 1846 censeri
496 1801 729 1860 suspicans
764 1800 920 1843 nescio
943 1814 1001 1842 an
1034 1795 1237 1858 Εὔδημος
1253 1832 1264 1854 ,
1291 1814 1468 1843 nomen
1492 1800 1596 1844 fre-

295 1874 644 1931 quentissimum
658 1906 669 1927 ,
691 1881 967 1930 corruptum
988 1873 1113 1915 sitex
1145 1868 1298 1933 Εὐήνῳ
1317 1906 1328 1926 ,
1361 1869 1502 1915 Pario
1519 1888 1596 1918 so-

292 1946 472 2004 phista,
499 1943 725 1998 Socratis,
754 1954 807 1987 ut
826 1944 1042 1987 nonnulli
1069 1944 1314 2000 dicebant,
1352 1946 1591 2004 magistro.

291 2019 416 2062 Num
458 2017 574 2076 quid
604 2017 816 2060 historici
861 2017 1123 2076 argumenti
1164 2013 1375 2069 Euenus,
1418 2017 1597 2060 Philisti

292 2091 524 2146 historici,
551 2099 603 2133 ut
629 2088 911 2148 quibusdam
947 2089 1148 2148 placuit,
1174 2099 1454 2148 praeceptor,
1482 2091 1597 2133 scri—

292 2165 459 2223 pserit,
487 2163 643 2207 dicere
662 2178 761 2206 non
790 2162 943 2205 habeo
957 2195 968 2217 ,
988 2177 1142 2220 neque
1162 2171 1318 2206 tamen
1338 2177 1412 2206 res
1432 2163 1490 2206 ab
1515 2164 1592 2206 in-

292 2237 429 2295 genio
450 2236 763 2294 sophistarum
783 2235 1024 2278 abhorret.

357 2307 505 2353 Clem.
524 2309 598 2352 Al.
619 2305 790 2351 Strom.
802 2307 835 2349 l.
851 2307 883 2349 l.
906 2322 916 2349 ;
936 2302 1007 2351 Τὰ
1021 2302 1225 2352 Ἡσιόδου
1241 2303 1516 2373 μετήλλαξαν
1532 2306 1589 2358 εἷς

291 2378 417 2434 πεζὸν
441 2377 565 2442 λόγον
601 2378 674 2425 καὶ
710 2380 768 2430 ὡς
805 2376 894 2423 ἴδια
921 2375 1149 2441 ἐξήνεγκαν
1191 2376 1394 2439 Εὔμηλός
1434 2396 1481 2424 τε
1514 2377 1589 2424 καὶ

294 2450 586 2505 Ἀκουσίλαος.
633 2453 709 2498 Ad
745 2468 847 2512 quae
897 2453 1282 2496 Westermannus
1321 2451 1334 2513 (
1370 2454 1420 2495 in
1461 2456 1590 2499 Voss.

294 2527 406 2574 llist.
425 2543 474 2587 p.
500 2527 561 2587 6)
593 2543 602 2570 :
631 2547 646 2566 «
677 2524 777 2570 Hoc
803 2526 910 2569 loco
936 2534 1016 2569 aut
1041 2525 1220 2569 dealio
1250 2523 1448 2570 Eumelo
1471 2527 1594 2586 cogi-

290 2600 507 2654 tandum,
535 2609 613 2644 aut
636 2595 837 2659 Εὔμηλος
860 2599 910 2641 ἰιι
935 2594 1135 2657 Εὔδημος
1156 2598 1439 2642 mutandum
1462 2608 1543 2645 est.
1567 2619 1586 2638 »

289 2675 397 2717 Non
414 2673 557 2717 credo
594 2688 604 2716 :
632 2673 726 2715 imo
749 2687 806 2715 ex
828 2680 991 2715 nostro
1009 2672 1116 2715 loco
1142 2681 1188 2715 et
1214 2686 1273 2715 ex
1292 2672 1447 2715 verbis
1464 2670 1593 2716 Pau—

291 2748 428 2790 saniae
448 2747 514 2802 II,
556 2762 574 2789 ι
595 2780 606 2801 ,
637 2762 654 2789 1
686 2761 696 2788 ε
723 2741 970 2804 Εὔμηλος..
995 2740 1038 2795 ὃς
1059 2739 1133 2787 καὶ
1162 2739 1245 2799 ἔπη
1267 2741 1442 2805 λέγεται
1466 2746 1591 2800 ποιῆ-

291 2835 381 2873 σαι,
403 2815 531 2880 φησὶν
552 2818 594 2862 ἐν
631 2819 683 2878 τῇ
720 2813 923 2879 Κορινθίᾳ
948 2817 1177 2878 συγγραφῇ
1209 2814 1222 2876 (
1244 2815 1280 2860 εἶ
1305 2813 1355 2869 δὴ
1384 2813 1590 2876 Εὐμήλου

289 2908 335 2951 γε
362 2893 388 2946 ἡ
411 2887 666 2953 συγγραφή)
695 2887 887 2952 Ἐφύραν
905 2888 1019 2944 κτλ.,
1042 2897 1173 2947 patet
1186 2888 1448 2947 prosarium
1477 2904 1594 2947 opus

289 2964 374 3009 sub
417 2962 600 3007 Eumeli
635 2964 826 3006 nomine
851 2962 1177 3005 circumlatum
1213 2975 1329 3015 esse,
1362 2961 1431 3002 uti
1465 2970 1592 3003 recte

289 3038 444 3081 statuit
485 3035 825 3081 Markschesfel.
869 3035 918 3077 in
969 3031 1160 3077 Hesiodi
1203 3041 1290 3076 etc.
1336 3032 1500 3092 fragm.
1538 3048 1588 3092 p.

291 3110 384 3155 223
410 3125 515 3169 sqq.
538 3109 775 3166 Reliquias
799 3106 936 3164 hujus
970 3108 1123 3164 operis
1155 3105 1262 3149 vide
1280 3121 1358 3164 ap.
1385 3106 1587 3150 eundem

286 3183 450 3243 1³4397
477 3198 580 3241 §qq-
608 3177 661 3243 (*)

341 3350 390 3399 (Ἴ
424 3365 441 3383 «
466 3347 605 3388 Varias
631 3345 856 3385 liistoriolas
886 3355 937 3384 ex
961 3344 1141 3383 Eudemo
1177 3343 1309 3382 nescio
1333 3354 1414 3393 quo
1447 3345 1584 3383 narrat

288 3409 465 3449 ,titianus
478 3407 519 3446 in
534 3406 704 3446 Historia
721 3404 978 3452 Animalium,
999 3405 1044 3442 ut
1061 3405 1134 3452 ΙΙΙ,
1165 3407 1234 3451 21,
1252 3402 1302 3440 de
1315 3402 1428 3441 leone
1443 3401 1590 3441 leaena·

282 3478 366 3518 >que
405 3475 540 3506 ursam
573 3464 739 3503 mirifice
761 3462 1045 3502 ulciscentibus
1065 3462 1118 3501 ob
1152 3460 1380 3499 catulorum
1410 3460 1586 3526 cae·(lem;

288 3527 383 3564 item
403 3527 456 3564 IV
470 3553 481 3573 ,
504 3527 542 3573 8,
557 3523 607 3562 de
622 3521 815 3572 supplicio
831 3520 939 3570 quod
961 3520 1095 3571 pullus
1118 3518 1306 3559 sumserit
1318 3518 1367 3558 de
1383 3529 1587 3568 equisone,

287 3583 381 3632 quia
402 3592 548 3632 equam
576 3581 747 3628 iniisset3
769 3580 809 3618 et
827 3578 1004 3626 eiusdem
1024 3578 1114 3617 libri
1139 3588 1225 3626 cap.
1252 3579 1300 3615 45
1318 3576 1368 3616 de
1393 3577 1507 3616 leone
1524 3579 1586 3617 ul-

287 3640 459 3680 ciscente
472 3639 581 3679 canis
598 3638 892 3677 contubernalis
903 3636 963 3676 sui
977 3636 1128 3675 caedem
1146 3636 1195 3674 ab
1211 3646 1303 3674 ursa
1320 3637 1532 3685 patratam,
1550 3639 1590 3675 et

287 3710 375 3750 cap.
394 3702 442 3744 43
456 3698 609 3738 deseris
625 3697 780 3746 Libycis
797 3695 1047 3735 undecimam
1058 3704 1260 3744 quamque
1277 3692 1422 3758 praedqe
1435 3696 1587 3743 partem

288 3756 605 3807 relinquentibus
634 3754 850 3802 intactam;
878 3754 918 3792 et
952 3763 987 3790 c.
1024 3757 1072 3790 56
1092 3751 1142 3790 de
1162 3751 1288 3790 vitulo
1311 3761 1465 3817 marino
1481 3782 1492 3801 ,
1518 3752 1589 3801 qui

287 3825 424 3854 amore
445 3813 594 3854 exarsit
620 3812 802 3863 spongias
821 3810 1031 3862 piscantis3
1051 3811 1091 3849 ct
1107 3811 1143 3848 V
1156 3839 1167 3861 ,
1186 3813 1206 3848 7
1237 3809 1287 3848 de
1302 3820 1417 3848 simia
1437 3820 1461 3848 a
1484 3821 1592 3849 sum-

286 3885 365 3913 mae
385 3873 538 3912 arboris
566 3882 677 3911 ramo
706 3869 954 3920 dependente
973 3870 1093 3918 atquc
1114 3868 1167 3906 ita
1185 3878 1227 3906 se
1246 3868 1384 3906 tuente
1400 3867 1589 3908 adversus

287 3934 384 3972 feles
409 3931 540 3982 (Adde
556 3934 636 3980 ΙΙΙ,
656 3936 704 3969 20
721 3933 761 3968 et
778 3928 954 3978 Apostol.
980 3930 1013 3966 V
1027 3957 1038 3976 ,
1058 3931 1121 3966 96.
1145 3928 1222 3976 ΙΧ,
1239 3930 1300 3966 27.
1324 3928 1421 3975 Xll,
1439 3931 1477 3992 93
1497 3929 1586 3976 XX,

289 3993 375 4042 39).
396 4007 415 4026 n
432 3993 552 4030 voss.
571 4000 610 4040 p.
633 3992 708 4028 440
731 3987 792 4027 ed.
824 3988 1044 4028 Westerm.
1061 3988 1162 4031 Quae
1181 3995 1315 4023 omnia
1335 3984 1520 4049 nui-<erint
1537 3996 1589 4024 ex

287 4060 408 4100 opere
434 4047 602 4090 AElianci
633 4045 764 4086 simili.
797 4045 915 4084 Certe
942 4055 964 4082 a
984 4046 1127 4083 Nostro
1143 4042 1330 4080 historico
1358 4042 1486 4107 aliena
1503 4053 1587 4109 esse

288 4106 464 4147 dubitari
483 4106 553 4145 vix
578 4106 720 4156 potest.
752 4103 991 4152 Quanquam
1017 4100 1196 4140 adhunc
1227 4100 1300 4138 ista
1325 4100 1506 4139 retulisse
1530 4112 1589 4139 vi-

1961 931 2285 980 DEMOCLES
2313 936 2696 987 PYGELENSIS.

1754 1067 1773 1085 «
1799 1048 2002 1105 Quartus
2022 1048 2034 1112 (
2053 1066 2219 1096 eorum
2241 1069 2360 1113 quos
2381 1058 2633 1117 Dionysius
2656 1062 2763 1106 Hal.
2787 1063 2820 1123 l.
2840 1063 2872 1108 l.
2905 1079 2957 1108 ι·
2978 1104 2980 1106 ,

1681 1120 1864 1182 censet)
1908 1132 1976 1166 est
1994 1125 2242 1171 Democles
2277 1130 2299 1173 ὁ
2326 1128 2575 1190 Φυγελεύς,
2614 1143 2668 1177 ut
2697 1136 2891 1194 quidem
2931 1139 2948 1182 i
2978 1165 2990 1199 ς

1681 1194 2377 1256 omnibusDionysiicodicibus
2397 1204 2594 1264 legitur3
2617 1207 2698 1250 sed
2716 1218 2835 1254 vera
2842 1210 2971 1254 lecti·

1679 1275 1746 1309 est
1778 1265 2027 1327 Φυγαλεύς.
2053 1271 2172 1314 Ν3ιιι
2201 1272 2260 1316 de
2281 1275 2435 1332 prima
2458 1278 2654 1335 quidem
2684 1280 2858 1339 syllaba
2887 1282 2959 1327 dis
2981 1279 2989 1330 ζ
3015 1297 3016 1300 ’

1680 1349 1873 1398 crepant
1901 1341 2174 1400 scriptores,
2203 1333 2311 1404 quia
2334 1348 2411 1391 alii
2443 1348 2672 1411 Φυγάλεια
2700 1354 2904 1411 malunt,
2930 1371 2986 1400 ιι-

1672 1411 1845 1470 Polyb.
1868 1414 1948 1468 IV,
1981 1414 2026 1470 3,
2057 1413 2101 1470 5,
2122 1417 2199 1459 alu
2216 1415 2453 1479 Φιγαλεια,
2480 1431 2534 1465 ut
2548 1423 2784 1470 Rhianus
2772 1442 2822 1470 ιιι
2842 1428 2942 1472 Mes
2974 1408 2985 1450 3

1676 1485 1867 1528 seniacis
1901 1448 2136 1545 Stephano
2156 1498 2292 1547 teste,
2330 1493 2409 1535 alii
2443 1493 2572 1538 item.
2579 1495 2809 1558 Φιγαλέα,
2841 1500 2989 1546 ntes·

1666 1557 1803 1615 apud
1828 1559 2030 1603 eundem
2047 1561 2349 1620 Stephanum,
2373 1566 2450 1609 alii
2465 1565 2681 1628 Φιγαλία,
2700 1580 2754 1615 ut
2771 1581 2838 1616 est
2851 1588 2981 1634 apua¹
3014 1591 3016 1621 ζ

1674 1630 1846 1674 Athen.
1869 1633 1939 1675 XI
1954 1649 2035 1692 ,.p
2066 1633 2176 1691 465,
2198 1638 2268 1693 1),
2305 1641 2417 1697 [,79,
2445 1639 2496 1684 C.
2525 1641 2618 1685 Sed
2647 1651 2802 1689 tamen
2818 1645 2882 1690 de
2907 1661 2956 1691 se
2984 1671 2986 1682 =
3014 1688 3016 1690 ,

1676 1703 1830 1747 cunda
1853 1707 2005 1749 vocali
2023 1722 2184 1751 omnes
2200 1712 2520 1770 conspirant»
2510 1715 2668 1759 »Haec
2683 1718 2870 1763 Vossius
2889 1721 2956 1783 (D
3014 1775 3016 1779 Δ

1675 1773 1791 1819 Hist.
1832 1791 1903 1836 gr.
1928 1793 1978 1836 p.
2018 1794 2077 1822 22
2104 1780 2180 1824 ed.
2199 1783 2421 1828 VVestrm.
2445 1783 2479 1845 ),
2504 1785 2634 1843 cujus
2668 1787 2860 1834 decreto
2894 1792 2938 1835 vi
2977 1790 2987 1801 ³
3014 1787 3016 1798 '

1676 1846 1805 1891 docti
1841 1851 2191 1908 acquieverunt.
2224 1852 2318 1898 Sed
2340 1857 2511 1900 mirum
2536 1868 2604 1902 est
2636 1855 2981 1908 inter'Ionico
3011 1852 3015 1901 Ῐ

1672 1923 1899 1966 nascentis
1914 1922 2319 1986 historiographiae
2337 1930 2590 1989 scriptores
2608 1943 2801 1991 repente
2819 1951 2956 2001 exsur
2974 1927 2985 1985 ᾖ

1673 2007 1784 2052 gere
1816 1995 1972 2038 virum
2006 2012 2031 2041 e
2062 1998 2218 2043 media
2258 2002 2515 2058 oriundum
2534 2005 2754 2050 Arcadia.
2780 1993 2976 2052 Accedi
2978 2050 2982 2053 .
3010 2019 3014 2075 [

1673 2066 1806 2123 quod
1825 2066 1884 2111 de
1898 2069 2038 2113 rebus
2054 2072 2198 2115 Ioniae
2218 2074 2464 2119 Democles
2479 2087 2689 2136 sc11p51t
2711 2080 2780 2122 uti
2797 2080 2969 2142 colligi
2977 2096 2982 2117 ³
3010 2079 3013 2115 ἓ

1674 2152 1729 2181 ex
1772 2141 1940 2196 unico,
1980 2143 2112 2200 quod
2149 2156 2381 2204 superest,
2430 2147 2710 2209 fragmento.
2749 2153 2901 2212 Igitur
2940 2154 2995 2198 s'·

1673 2211 1790 2268 quid
1813 2215 2087 2259 mutandum
2096 2219 2393 2277 ,scripserim
2412 2218 2632 2282 Πυγελεύς
2656 2223 2723 2284 (v.
2745 2207 3016 2290 Xenoph423

1675 2280 1795 2327 Hell.
1822 2285 1868 2340 Ι,
1902 2301 1952 2329 2
1944 2320 1955 2342 ,
1983 2302 2038 2330 2·
2027 2321 2040 2343 ,
2077 2289 2374 2351 Theopomp.
2418 2293 2477 2336 fr.
2510 2293 2600 2350 62,
2637 2296 2806 2340 Strabo
2844 2299 2958 2343 XIV
3007 2312 3014 2324 “

1671 2371 1721 2413 p.
1737 2355 1856 2416 639,
1876 2358 2097 2418 Stephan.
2117 2363 2210 2421 Byz
2225 2379 2260 2407 s.
2281 2380 2326 2408 v.
2333 2363 2367 2426 ).
2388 2363 2482 2410 Sed
2498 2382 2556 2410 ne
2571 2367 2665 2412 hoc
2687 2369 2876 2428 quidem
2898 2387 2987 2416 ne

1674 2431 1920 2474 cessarium
1942 2442 2024 2476 est.
2044 2435 2162 2477 Nam
2185 2432 2365 2497 Πύγελα
2387 2439 2619 2497 oppidum
2635 2441 2693 2484 ab
2715 2441 2812 2486 aliis
2827 2443 2924 2487 min

1674 2502 1829 2546 ionice
1850 2503 1932 2547 sed
1952 2504 2191 2551 decentius
2213 2509 2486 2554 nominatur
2507 2508 2708 2573 Φύγελα.
2727 2513 2847 2559 Vid.
2861 2512 3012 2616 δογΔγ

1673 2574 1749 2617 lax
1767 2591 1817 2633 p.
1838 2591 1926 2619 221
1959 2577 2036 2629 ed.
2061 2579 2234 2637 Claus.,
2274 2583 2397 2627 Mela
2417 2584 2464 2639 Ι,
2498 2599 2573 2640 17,
2599 2600 2626 2628 2
2653 2594 2700 2629 et
2716 2586 2892 2631 Plinius
2914 2586 2972 2632 H.

1673 2647 1731 2690 N.
1753 2649 1790 2691 V
1797 2663 1910 2708 ,29,
1935 2649 2013 2705 31,
2033 2651 2117 2695 ubi
2135 2653 2269 2697 haec:
2293 2657 2354 2698 In
2372 2671 2573 2716 oraquoe
2591 2658 2798 2717 Trogilia
2813 2619 3011 2722 φορεῖ-’γΞ

1677 2720 1811 2775 latur,
1846 2684 2013 2765 Geminus
2030 2729 2200 2771 amnis.
2218 2728 2365 2784 Regio
2384 2729 2596 2772 omnibus
2610 2731 2803 2775 I'om'buis·
2818 2747 2966 2786 sacra,
2976 2783 3013 2806 Δγ

1673 2801 1723 2834 et
1742 2793 1844 2836 ideo
1871 2794 2098 2839 Panionia
2117 2800 2378 2857 appellata.
2400 2801 2551 2843 Juxta
2586 2818 2618 2844 a
2629 2799 2846 2861 fugitivis
2865 2820 2983 2850 con
3003 2828 3013 2884 ξ

1671 2864 1813 2908 ditum
1839 2865 1932 2926 (uti
1938 2882 2114 2912 nomen
2131 2872 2300 2915 indicio
2319 2870 2387 2915 es‘t
2407 2870 2419 2932 )
2441 2872 2512 2916 Pl
2499 2876 2655 2932 ygela
2663 2872 2773 2932 fult
2796 2886 2845 2920 et
2863 2878 2981 2959 Ma
3002 2886 3014 2924 5

1670 2936 1919 2982 ratltesimn
1944 2944 2178 3000 oppidum
2363 3004 2366 3008 .
2995 2913 3013 2960 Ξ

2309 3026 2349 3056 1.

1738 3088 1904 3134 Strabo
1925 3092 1962 3148 Ι,
1998 3107 2048 3151 p.
2090 3091 2198 3138 58:
2226 3093 2536 3185 Μιμνήσκεται
2567 3094 2611 3143 δὲ
2638 3097 2651 3158 (
2672 3097 2980 3164 Δημήτριοςο·

1670 3158 1889 3224 Σκήψιος)
1876 3161 2018 3226 )πρὸς
2039 3182 2177 3210 ταυτα
2199 3184 2283 3212 των
2302 3166 2386 3214 ὑπὸ
2411 3167 2688 3231 Δημοκλέους
2707 3169 3006 3260 λεγομένων

1670 3232 1870 3292 σεισμούς
1895 3253 2009 3288 τινας
2035 3255 2089 3298 με
2092 3237 2269 3299 γάλους,
2290 3237 2386 3294 τους
2417 3239 2495 3303 μὲν
2517 3241 2656 3289 πάλαι
2680 3242 2779 3307 περὶ
2806 3236 2974 3296 Λυδία
3002 3277 3008 3286 ι

1668 3304 1918 3366 γενομένους
1961 3307 2035 3354 καὶ
2081 3308 2250 3357 Ἰωνίαν
2293 3311 2422 3378 μέχρι
2470 3333 2547 3371 της
2594 3313 2803 3380 Ἰρῳάδος
2858 3317 2975 3363 ἵστα
2999 3250 3008 3339 i

1671 3395 1862 3440 ρουντος,
1891 3381 1961 3444 uzp’
1997 3384 2057 3427 ὧν
2081 3381 2155 3428 καὶ
2177 3386 2324 3447 κῶμαι
2350 3385 2653 3444 κατεπόθησαν
2680 3386 2754 3434 καὶ
2783 3387 2975 3436 Σίπυλο.
2994 3451 3007 3454 ,.

1667 3450 1944 3517 κατεστράφη
1970 3451 2083 3500 κατὰ
2079 3452 2179 3551 γγτὴν
2202 3457 2431 3505 Ταντάλου
2456 3458 2679 3523 βασιλείαν
2699 3459 2774 3506 καὶ
2798 3459 2841 3516 εξ
2861 3462 2942 3508 ἑλίἶ
2997 3460 3008 3519 ff

1667 3520 1859 3584 λίμναι’
1841 3524 2101 3587 εγίνοντο,
2106 3527 2226 3586 *τὴν
2252 3528 2297 3576 δὲ
2314 3532 2475 3595 Ιροίαν
2498 3530 2708 3579 ἐπέκλυσε
2732 3536 2867 3595 κῦμα.

1665 3635 1783 3676 detur
1795 3640 2191 3683 CreuzerusinHisc.
2207 3647 2365 3695 Kunst‚
2381 3656 2421 3696 p.
2433 3647 2523 3696 274,
2537 3644 2600 3685 ed.
2618 3646 2813 3696 1845,ub1
2825 3629 3009 3688 deEl

1665 3694 1786 3735 demo
1800 3700 1906 3737 Par
1893 3710 1931 3738 ιο
1946 3700 2066 3740 habet
2079 3701 2194 3741 liaec·
2217 3704 2487 3754 «Fragmente
2501 3703 2602 3742 sehr
2617 3705 2748 3752 viele,
2767 3705 2863 3746 aber
2874 3717 2943 3746 zu

1665 3754 1778 3794 Theil
1793 3755 1885 3795 dem
1908 3758 2111 3799 Eudemus
2125 3771 2206 3799 von
2218 3763 2350 3801 Naxos
2363 3761 2602 3811 angehoeri'g‚
2639 3762 2722 3802 und
2735 3762 2843 3803 daun
2857 3775 2953 3805 που,

1664 3823 1713 3850 zu
1731 3814 2034 3856 unterscheiden
2055 3828 2147 3856 vom
2166 3818 2451 3869 Peripatetiker
2464 3819 2689 3874 Eudemus,
2707 3821 2779 3861 der
2798 3821 2922 3862 sehr
2955 3815 2965 3868 f·
3001 3827 3006 3877 ᾗ

1665 3871 1874 3920 angeliibrt
1899 3873 2016 3913 wird.
2043 3890 2062 3910 υ
2089 3875 2397 3926 Peripateticum
2424 3860 2650 3928 Rhodium,
2680 3879 2750 3929 qui
2777 3878 2957 3930 physica'
3001 3879 3006 3883 ’

1664 3928 1949 3970 mathematica
1965 3933 2005 3971 et
2022 3942 2062 3970 a
2047 3933 2258 3983 trologlca
2277 3935 2455 3985 scripsit,
2482 3946 2576 3974 cum
2603 3938 2750 3976 Nostro
2778 3937 2885 3976 haud
2905 3937 2969 4018 13

1669 3987 1746 4026 cile
1763 3990 1983 4030 confunder
1985 4002 2007 4030 e
2027 3991 2134 4032 licet.
2153 3995 2212 4032 De
2229 3993 2390 4044 reliquis
2405 3993 2594 4034 Eudemis
2607 3995 2854 4046 rhetoribus,
2877 4007 2908 4036 ι

1662 4045 1781 4095 dicis,
1757 4047 1910 4145 ὸρὶίὴ,
1925 4050 1994 4099 qui
2014 4060 2038 4088 3
2049 4050 2164 4099 nobis
2176 4062 2339 4101 prorsus
2355 4052 2472 4092 alieni
2497 4054 2613 4103 sunt,
2627 4053 2720 4094 vide
2735 4054 2948 4094 Fabriciu

1661 4102 1701 4142 in
1721 4104 1766 4143 Bi
1840 4107 1896 4145 Gr

2999 4103 3005 4143 f

2966 4150 3004 4204 l

916 4230 955 4270 1.
1661 4227 1784 4276 Lydia
1808 4229 1970 4270 suerunt
1986 4232 2026 4272 et
2043 4232 2152 4272 Ionia
2175 4243 2303 4284 usque
2325 4233 2376 4272 ad
2398 4234 2619 4283 Troadem,
2635 4235 2782 4285 quibus
2807 4236 2847 4275 et
2872 4211 2992 4287 pagi}

343 4303 535 4341 Memorat
558 4301 782 4340 Demetrius
798 4299 980 4349 Scepsius
997 4308 1042 4336 ea
1059 4307 1147 4347 qum
1169 4308 1191 4335 a
1216 4295 1401 4334 Dcmorle
1422 4305 1587 4334 narran-
1661 4294 1755 4332 sunt
1773 4294 1948 4346 absorpti
1965 4298 2004 4336 et
2021 4297 2177 4349 Sipylus
2192 4308 2328 4338 eversa
2346 4301 2533 4348 regnante
2549 4300 2742 4372 Tantalo,
2756 4301 2797 4339 et
2818 4305 2870 4339 ex
2884 4310 2959 4372 pa-

287 4370 372 4415 tur,
393 4368 508 4406 terrac
534 4365 719 4404 nimirum
737 4362 930 4414 quosdam
949 4362 1126 4411 ingentes
1152 4362 1304 4408 molus,
1329 4361 1396 4408 qui
1426 4360 1519 4402 olim
1549 4360 1587 4399 in
1666 4359 1821 4400 indibus
1840 4361 1949 4401 lacus
1964 4361 2093 4412 magui
2112 4362 2220 4412 facti,
2238 4362 2279 4382 **
2301 4363 2541 4413 Trojamque
2564 4362 2708 4403 nucius
2726 4363 2987 4407 mundavit„

2993 4448 3001 4463 a-
2996 4330 3003 4397 ..η-..-

2988 4401 3001 4443 ἰζ

2968 4488 3000 4512 „71

2967 4514 2973 4524 ³
2988 4512 3000 4552 1

2994 4575 2999 4583 .
