3016 4628
285 271 377 311 ²242
1047 334 1051 338 .
1206 286 1210 290 ²
1268 262 1626 312 DICAEARCHI
1663 263 1953 315 MESSENII
2006 306 2014 313 .

284 371 442 419 λιτικὸν
468 390 556 418 non
578 377 755 417 invenio
779 373 1094 434 etEpistolam
1115 379 1212 432 ejus
1235 391 1371 435 quam
1393 376 1459 419 acl
1471 379 1577 420 Ari-

283 455 520 490 stoxenum
543 449 682 491 misit.
829 487 831 490 ⁴
1469 454 1479 461 ”

832 560 834 562 ,
892 510 969 555 23.

350 605 595 649 Athenaeus
610 606 671 649 lv
683 640 694 661 ,
710 620 756 663 p.
780 610 829 656 ιζ.
846 619 884 658 ι,
898 606 938 648 Α
961 620 970 647 2
991 601 1102 665 Περὶ
1117 601 1159 648 δὲ
1176 607 1248 648 τοῦ
1265 606 1347 650 τῶν
1365 603 1576 668 φειδιτίων

285 674 453 720 δείπνου
477 673 736 739 Δικαίαρχος
771 673 872 720 τάδε
897 676 1056 738 ἱστορεῖ
1082 676 1123 720 ἐν
1159 678 1219 738 τῷ
1245 675 1576 742 ἐπιγραφομένῳ

283 748 597 812 Ἰριπολιτικῶ·
623 770 641 789 «
666 747 771 795 Τὸ
749 753 918 793 οεῐπνον
955 750 1124 810 πρῶτον
1147 746 1225 808 μὲν
1248 747 1417 811 ἑκάστῳ
1446 748 1577 812 χωρὶς

286 817 621 893 παρατιθέμενον
639 819 711 866 καὶ
729 818 832 883 πρὸς
848 817 987 883 ἕτερον
1003 817 1226 865 κοινωνίαν
1244 818 1482 880 οὐδεμίαν”
1460 839 1573 883 εχον·

283 894 376 936 εἶτα
409 895 550 954 μᾶζαν
577 891 654 954 μὲν
694 891 797 948 ὅσην
834 890 884 937 ἂν
921 889 1100 944 ἕκαστος
1130 884 1159 954 ᾐ
1196 890 1474 952 βουλόμενος,
1501 893 1576 939 καὶ

281 963 393 1010 πιεῖν
417 962 571 1022 πάλιν,
593 962 736 1010 ὅταν’
715 983 741 1026 ῃ
770 962 921 1024 θυμὸς,
944 961 1114 1009 ἑκάστω
1134 959 1282 1008 κώθων
1305 964 1572 1026 παρακείμε-

279 1052 348 1089 νος
379 1035 507 1082 ἐστίν*
540 1034 642 1101 ὄψον
671 1035 713 1082 δὲ
730 1033 883 1080 ταύτὸν
905 1033 971 1079 ἀεί
995 1052 1098 1080 ποτε
1124 1033 1255 1079 πᾶσίν
1290 1036 1430 1092 ἐστιν,
1463 1034 1574 1083 ὕειον

280 1107 407 1172 κρέας
438 1106 562 1173 ἑφθόν
578 1127 587 1136 ·
631 1107 762 1154 ἐνίοτε
804 1108 839 1153 δ’
881 1107 969 1152 οὐδ’
994 1108 1214 1167 ὁτιμενοῦν
1240 1105 1353 1164 πλὴν
1393 1106 1497 1172 ὄψον
1533 1127 1574 1154 τι

280 1179 432 1245 μικρὸν
459 1178 556 1245 ἔχον
579 1180 767 1242 σταθμὸν
793 1181 848 1231 ὡς
880 1177 1081 1242 τέταρτον
1113 1179 1258 1240 [μνᾶς
1291 1179 1400 1227 add.
1438 1181 1571 1245 Cas.]

283 1250 495 1313 μάλιστα,
527 1252 600 1299 καὶ
632 1250 751 1315 παρὰ
776 1253 900 1296 τοῦτο
925 1250 1066 1314 ἓτερον
1092 1246 1210 1296 οὐδὲν
1235 1248 1348 1307 πλὴν
1368 1252 1391 1296 ὅ
1414 1270 1462 1314 γε
1488 1250 1573 1298 ἀπὸ

281 1323 442 1371 τούτοιν
468 1323 606 1385 ζωμὸς
621 1360 633 1384 ,
662 1321 806 1375 ἱκανὸς
826 1318 884 1367 ὢν
907 1321 1027 1386 παρὰ
1047 1329 1134 1368 πᾶν
1159 1322 1208 1369 τὸ
1230 1323 1399 1370 δεῖπνον
1431 1322 1574 1370 ἅπαν-

280 1412 357 1449 τας
387 1395 538 1449 αὐτοὺς
562 1395 894 1460 παραπέμπειν·
935 1392 1014 1441 κᾶν
1041 1394 1125 1459 ἄρα
1162 1394 1269 1442 ἐλάα
1294 1415 1356 1449 τις
1391 1394 1418 1453 ἢ
1451 1397 1574 1461 τυρὸς

282 1467 309 1524 ἢ
332 1473 472 1516 σῦκον.
496 1467 624 1515 Ἀλλὰ
642 1466 722 1513 κᾶν
740 1486 781 1513 τι
799 1465 989 1513 λάὸωσιν
1009 1466 1257 1530 ἐπιδόσιμον
1271 1505 1282 1526 ,
1300 1468 1421 1532 ἰχθὺν
1453 1468 1478 1526 ἢ
1499 1471 1571 1516 λα-

216 1580 222 1586 .
280 1540 366 1603 γὼν
392 1539 419 1597 ἢ
443 1539 606 1606 φάτταν
627 1539 654 1596 ἤ
676 1558 715 1585 τι
740 1543 955 1600 τοιοῦτον,
981 1532 1056 1585 εἶτ’
1081 1538 1207 1594 ὀξέως
1239 1540 1322 1599 ἤδη
1349 1542 1570 1600 δεδειπνη-

276 1612 395 1659 κόσιν
414 1611 569 1677 ὕστερα
583 1611 857 1677 περιφέρεται
874 1616 1012 1659 ταῦτα
1030 1615 1084 1658 τὰ
1100 1609 1289 1660 ἓπάϊκλα
1306 1613 1568 1677 καλούμενα.

281 1684 500 1750 Συμφέρει
534 1686 570 1730 δ’
598 1685 776 1738 ἕκαστος
797 1685 854 1737 εἰς
883 1683 932 1731 τὸ
957 1684 1160 1750 φειδίτιον
1193 1684 1383 1750 ἀλφίτων
1411 1686 1487 1748 μὲν
1513 1689 1570 1740 ὡς

279 1757 375 1821 τρία
394 1756 582 1819 μάλιστα
597 1756 868 1819 ἡμιμέδιμνα
889 1756 1087 1817 Ἀττικὰ,
1102 1757 1213 1805 οἴνου
1234 1756 1278 1805 δὲ
1293 1757 1400 1821 χόας
1420 1757 1569 1805 ἕνδεκά

276 1849 392 1883 τινας
418 1828 444 1886 ἢ
471 1828 658 1886 δώδεκα,
693 1828 813 1894 παρὰ
838 1828 881 1877 δὲ
920 1833 1060 1877 ταῦτα
1093 1835 1221 1895 τυροῦ
1259 1830 1449 1893 σταθμόν
1474 1850 1569 1878 τινα

277 1901 351 1949 καὶ
375 1900 537 1959 σύκων,
561 1900 622 1948 ἔτι
643 1899 689 1948 δὲ
714 1904 773 1956 εἰς
791 1901 982 1967 ὀψωνίαν
1015 1902 1114 1967 περὶ
1143 1901 1259 1950 δέκα
1284 1902 1400 1957 τινὰς
1434 1905 1567 1967 Αἰγι-

276 1973 418 2028 ναίους
446 1973 636 2027 ὂὸολούς.
678 1995 698 2015 »
738 1976 807 2023 Cf.
846 1978 1071 2034 Persaeus,
1093 1978 1330 2031 Nicocles,
1373 1978 1567 2036 Molpis‚

275 2049 516 2108 Sphaerus,
539 2049 824 2108 Phylarchus
847 2064 922 2108 ap.
944 2050 1113 2093 Athen.
1135 2051 1165 2096 l.
1183 2051 1214 2093 l.
1230 2066 1242 2105 ;
1259 2050 1441 2095 Muller.
1467 2051 1569 2093 Dor.

275 2122 340 2175 ΙΙ,
367 2136 417 2179 p.
440 2136 527 2164 201
555 2137 657 2180 sqq.
1235 2156 1259 2180 ,ι

343 2194 535 2237 Photius
545 2194 663 2239 Bibl.
682 2194 789 2238 cod.
805 2194 863 2251 37
879 2193 1110 2240 ed.Bekk.
1130 2210 1139 2240 :
1159 2192 1421 2281 Ἀνεγνώσθη
1438 2194 1479 2240 Π
1494 2211 1512 2238 ε
1524 2192 1570 2258 ρὶ

274 2265 370 2309 πολ
385 2283 556 2321 ιτικης
572 2266 628 2317 ὥς
653 2265 696 2310 ἐν
719 2264 930 2328 διαλόγῳ,
958 2267 1115 2322 Μηνᾶν
1136 2265 1363 2329 πατρίκιον
1380 2283 1454 2311 και
1473 2269 1570 2314 00)-

277 2357 305 2396 υ
311 2343 362 2381 ᾶν
387 2335 712 2401 ρεφερενδάριον
727 2334 781 2382 τὰ
815 2335 1102 2400 διαλεγόμενα
1130 2336 1313 2400 εἰσάγων
1334 2335 1565 2400 πρόσωπα.

274 2408 477 2472 Περιέχει
499 2407 542 2454 δὲ
564 2412 590 2465 ἡ
618 2407 912 2500 πραγματεία
922 2407 1072 2472 λόγους
1095 2406 1206 2467 ἓξ,’
1188 2428 1229 2455 εν
1252 2413 1311 2462 οἷς
1331 2408 1405 2455 καὶ
1426 2407 1567 2474 ἕτερον

275 2473 381 2534 εἶδος
400 2480 616 2534 πολιτείας
635 2482 756 2546 παρὰ
773 2479 826 2528 τὰ
845 2482 931 2535 τοῖς
945 2483 1145 2536 παλαιοῖς
1161 2480 1366 2546 εἰρημένα
1385 2482 1566 2564 εἰσάγει,

274 2545 296 2592 ὃ
330 2565 403 2592 και
442 2547 564 2592 καλεῖ
593 2549 726 2594 Δικα
740 2545 1004 2612 ιαρχικόν.
1054 2547 1379 2611 Ἐπιμέμφεται
1414 2546 1457 2594 δὲ
1492 2567 1567 2605 της

280 2618 546 2671 Πλάτωνος
524 2618 694 2673 οικαίως
707 2619 940 2674 πολιτείας·
958 2620 1011 2678 ἣν
1027 2620 1063 2667 δ’
1081 2621 1202 2667 αὐτοὶ
1216 2620 1435 2667 πολιτείαν
1450 2620 1567 2667 εἰσά-

274 2709 420 2754 γουσιν
438 2728 451 2751 ,
472 2693 521 2738 ἐκ
546 2694 628 2738 τῶν
658 2695 787 2757 τριῶν
810 2694 933 2739 εἰδῶν
959 2696 1035 2750 τῆς
1059 2693 1280 2746 πολιτείας
1304 2692 1397 2740 δέον
1434 2693 1568 2750 αὐτὴν

277 2762 527 2824 συγκεῖσθαί
559 2782 687 2828 φασι,
727 2766 951 2829 βασιλικοῦ
989 2765 1064 2813 καὶ
1099 2768 1458 2830 ἀριστοκρατικοῦ
1494 2765 1568 2812 καὶ

277 2837 617 2899 δημοκρατικοῦ,
654 2837 700 2883 τὸ
737 2837 956 2904 εἰλικρινὲς
989 2840 1099 2904 αὐτῇ
1128 2838 1313 2897 ἑκάστης
1348 2839 1568 2892 πολιτείας

277 2907 633 2971 συνεισαγούσης,
653 2910 852 2969 κάκείνην
872 2910 949 2969 τὴν
974 2914 1032 2966 ὡς
1055 2913 1223 2970 ἀληθῶς
1244 2910 1423 2976 ἀρίστην
1446 2912 1566 2958 πολι-

279 2978 396 3024 τείαν
419 2979 729 3039 ἀποτελούσης.

343 3055 444 3103 Hoc
468 3055 574 3098 loco
609 3056 757 3100 nitens
777 3059 984 3102 Osannus
1009 3055 1272 3121 (Beitroege
1296 3074 1333 3101 z.
1362 3074 1496 3101 roem.
1523 3074 1566 3102 ιι.

275 3141 347 3184 gr.
371 3128 462 3173 Lit.
481 3136 589 3171 tom.
610 3129 673 3183 ΙΙ,
697 3142 742 3187 p.
764 3145 792 3187 9
809 3129 926 3191 sqq.)
948 3131 1233 3174 demonstrat
1247 3131 1567 3174 Dicaearchum

276 3198 326 3240 in
349 3198 623 3255 Tripolitico
654 3200 793 3258 egisse
814 3201 872 3245 de
905 3203 1083 3260 optima
1107 3203 1302 3247 civitatis
1334 3201 1483 3245 forma
1509 3218 1566 3246 ex

276 3270 582 3324 monarchiae,
622 3272 914 3316 aristocratiae
938 3284 985 3318 et
1009 3273 1303 3318 democratiae
1322 3275 1566 3333 principiis

276 3350 547 3399 temperata.
597 3361 615 3380 «
659 3343 763 3385 Hoc
799 3345 992 3389 civitatis
1032 3361 1199 3404 genus,
1242 3346 1374 3406 quod
1402 3346 1565 3390 Cicero

276 3426 467 3469 quoque
490 3412 584 3470 (De
600 3414 718 3471 Rep.
738 3414 784 3468 Ι,
814 3429 894 3474 293
913 3417 982 3472 ΙΙ,
1006 3416 1088 3477 39)
1110 3419 1321 3461 omnium
1339 3418 1567 3477 optimum

298 3506 1148 3520 -ῇ-ᾑ--ᾐ

687 3550 1140 3602 TRlPOLlTlCUS.
1154 3513 1168 3520 ⁸

885 3653 956 3692 23.

330 3743 388 3780 De
425 3739 687 3779 Pliiditiorum
711 3751 823 3779 coena
854 3743 1105 3782 Dicaearelius
1138 3745 1177 3783 in
1206 3745 1307 3785 libro
1327 3747 1392 3785 cui
1428 3746 1568 3785 titulus

276 3803 555 3854 'l‘ripoliticus‚
573 3803 658 3842 baec
672 3803 808 3843 scribit
827 3820 835 3843 :
859 3822 877 3838 «ι
901 3806 1076 3845 Primum
1089 3808 1248 3856 quidem
1266 3821 1442 3861 seorsum
1458 3821 1570 3849 coena

277 3868 440 3918 singulis
470 3867 696 3917 apponitur,
738 3868 850 3907 nulla
888 3880 979 3908 cum
1019 3871 1144 3909 altero
1183 3875 1567 3924 communicatione3

276 3931 416 3971 deinde
430 3941 555 3981 maza,
570 3933 765 3982 quantum
783 3932 948 3982 quisque
962 3933 1093 3984 cupit;
1110 3936 1152 3973 et
1168 3946 1246 3984 quo
1262 3937 1398 3977 bibant
1409 3937 1569 3988 quando

278 3995 423 4045 volupe
443 3995 524 4043 est,
541 3994 732 4044 poculum
753 3995 969 4046 unicuique
985 3997 1210 4046 apponitur.
1233 3999 1456 4040 obsonium
1474 4012 1568 4040 vero

276 4070 430 4109 semper
458 4058 650 4098 universis
680 4058 808 4108 idem,
832 4071 924 4098 caro
958 4060 1074 4099 suilla
1102 4061 1204 4100 elixa
1241 4079 1248 4101 ι
1280 4072 1568 4119 nonnunquam

278 4135 373 4163 vero
400 4123 496 4162 niliil
516 4122 734 4174 quidquam
757 4126 900 4173 pra-ier
922 4123 1124 4163 minutum
1148 4126 1310 4175 aliquod
1333 4128 1540 4168 obsonium
1557 4161 1567 4180 ,

274 4186 385 4236 quod
409 4186 459 4225 ad
479 4196 678 4226 summum
695 4188 878 4235 quartam
910 4187 1018 4225 librar
1049 4191 1198 4235 partem
1224 4190 1389 4238 pen‹lal;
1413 4194 1451 4230 et
1476 4193 1570 4232 nibil

1636 1978 1639 1981 “
1699 1976 1823 2026 (**)“

1629 3089 1736 3129 quae
1767 3089 1872 3117 anno
1896 3082 1971 3118 709
2002 3081 2109 3128 gesta
2137 3082 2238 3119 esset
2265 3080 2427 3130 respici,
2456 3081 2622 3122 eandem
2652 3093 2775 3133 quam
2799 3082 2938 3122 Cicero

1652 378 1900 425 arbitratus
1948 388 2036 437 est,
2093 377 2211 443 γένος
2255 382 2573 447 Δικαιαρχικόν
2625 378 2977 456 nuncupatiir,J·
2966 377 2978 403 ³

1653 451 1783 509 quod
1807 468 1980 497 nomen
2004 469 2030 498 a
2056 455 2325 500 Dicaearcho
2360 455 2458 513 ejus
2488 461 2670 518 generis
2703 459 2968 528 potissim'o

1651 532 1840 568 auctore
1862 541 1914 569 ac
1939 526 2181 571 laudatore
2205 536 2404 571 tractum
2428 544 2521 574 esse
2545 532 2752 578 Osannus
2774 539 2975 585 merito

1651 595 1943 644 existimavit.
1973 600 2104 642 Hanc
2134 608 2288 643 autem
2317 615 2446 644 suam
2477 606 2771 663 sententiam,
2803 623 2974 674 quarn·

1646 665 1741 723 jam
1765 668 1944 726 aliquot
1967 670 2245 730 Pythagorei
2273 669 2328 730 (v
2333 673 2592 734 ‚Archytas
2611 691 2684 736 ap.
2705 676 2861 726 Stobae
2907 704 2927 722 ι
2949 677 2978 734 l

1651 739 1904 793 Serm.141
1924 741 1939 803 )
1962 751 2068 786 ante
2089 757 2195 786 eum
2213 758 2494 803 quamquam
2519 749 2671 794 minus
2699 751 2945 812 perspicu
2974 769 2976 772 ’

1651 812 1963 857 enuntiassent
2013 811 2065 875 (¹⁶)
2080 848 2092 870 ,
2138 816 2460 860 Dicaearchum
2492 819 2542 862 in
2576 822 2894 894 Tripolitico
2879 843 2895 871 1
2925 845 2973 876 t

1650 886 1912 942 exposuisse
1939 885 2112 942 videri,
2133 895 2186 930 ut
2208 903 2306 931 non
2330 903 2386 932 ex
2407 892 2589 936 ratione
2612 895 2761 940 solum
2773 888 2974 947 ''ffirma

1649 965 1744 1011 ret,
1783 957 1864 1001 sed
1895 959 2060 1014 etiam,
2097 960 2497 1018 quemadmodum
2531 968 2688 1012 omnia
2717 968 2777 1013 ad
2807 950 2975 1034 usuQ

1648 1037 1929 1084 revocasset,
1957 1032 2176 1090 exemplis
2195 1033 2443 1079 illustraret
2465 1037 2588 1080 inter
2610 1053 2756 1098 eaque
2794 1041 2965 1110 ἰιιρῑίο·

1648 1099 1734 1143 mis
1750 1103 2088 1160 rempublicam
2106 1105 2384 1163 Spartanam
2408 1120 2693 1155 memoraret
2712 1121 2761 1156 et
2775 1112 2950 1159 recen

1647 1179 1782 1215 seret.
1819 1175 1887 1217 Ita
1922 1174 2094 1218 factum
2130 1191 2224 1220 esse
2259 1186 2310 1220 ut
2344 1177 2543 1237 phiditia
2577 1183 2627 1225 'm
2667 1185 2947 1244 Tripolitico
2972 1162 3014 1246 ‚

1648 1252 1737 1287 tam
1753 1259 1892 1289 accm
1894 1255 1966 1290 ate
1981 1247 2371 1310 describerentur,
2388 1254 2609 1311 quoniam
2622 1270 2675 1300 ea
2691 1256 2970 1322 descriptio
3012 1287 3013 1290 ¹

1648 1326 1787 1376 caput
1807 1316 2023 1372 πολιτείας
2044 1320 2333 1384 Σπαρτιατῶν
2355 1325 2473 1381 sive,
2502 1327 2633 1386 quod
2655 1328 2781 1374 idem
2806 1341 2946 1389 esset,

1646 1391 1790 1448 partis
1813 1407 1952 1450 quam
1976 1409 2062 1438 nos
2085 1394 2345 1440 diceremus
2369 1401 2584 1457 practicae
2604 1402 2653 1446 in
2668 1403 2967 1463 Tripolitico

1647 1462 1886 1508 effecisset.
1926 1467 2141 1525 Denique
2177 1469 2387 1513 Osannus
2420 1471 2694 1518 Ciceronem
2733 1477 2943 1538 Tripoli-
3008 1471 3011 1510 Ϊ

1646 1535 1790 1578 ticum
1810 1536 1868 1579 ab
1889 1539 2044 1582 Attico
2069 1539 2177 1583 ideo
2196 1541 2380 1599 petiisse
2403 1558 2503 1586 non
2522 1545 2619 1590 sine
2649 1550 2817 1607 magna
2843 1551 2943 1596 veri

1645 1609 1797 1666 specie
1822 1610 2034 1668 conjicit,
2061 1623 2113 1656 ut
2137 1614 2186 1656 in
2206 1617 2536 1673 componendo
2556 1618 2680 1663 libro
2702 1620 2774 1664 De
2785 1623 2942 1679 gloria
3006 1651 3010 1675 3

1647 1696 1701 1724 eo
1720 1691 1929 1726 uteretur
1956 1683 2054 1746 (**).
2089 1705 2107 1724 »
2130 1688 2278 1733 Fumz.
2294 1702 2344 1746 p.
2368 1704 2446 1748 29.
2468 1691 2684 1738 Priorum
2705 1692 2940 1754 interpre-

2965 1385 2969 1407 ,

1699 1802 1790 1852 (*)«
1781 1803 2020 1853 ‹Polybium
2043 1804 2195 1854 (V1‚3
2220 1808 2261 1847 et
2284 1809 2351 1856 10)
2378 1808 2484 1849 idem
2505 1811 2613 1860 γένος
2631 1813 2938 1865 Δικαιαρχικὸν,

1641 1861 1706 1909 et,
1722 1862 1767 1898 ul
1786 1860 1987 1900 videretur
2000 1863 2176 1914 quidem,
2194 1865 2414 1905 secundum
2434 1867 2654 1908 Dicaearchi
2669 1871 2941 1933 Tripoliticum

1645 1917 1874 1967 exposuisse
1898 1922 2083 1959 Osannus
2102 1921 2403 1964 existimavit.»

1815 1980 2036 2017 ‹Osannus
2056 1979 2288 2020 Ciceronem
2314 1982 2595 2033 Tripoliticnm
2614 1984 2666 2024 ab
2694 1986 2829 2026 Attico
2851 1961 2946 2030 ideo

1648 2035 1808 2084 petiisse
1824 2035 2009 2085 conjicit,
2029 2039 2076 2076 ut
2103 2038 2144 2077 in
2160 2041 2436 2090 componendo
2464 2041 2598 2092 aliquo
2624 2043 2727 2084 libro
2745 2047 2941 2094 uteretur

1645 2089 1880 2132 Ciceronem
1900 2095 2036 2133 autem
2057 2106 2148 2135 eum
2173 2097 2320 2137 librum
2332 2130 2345 2149 ,
2365 2110 2486 2149 quem
2502 2101 2627 2139 tunc
2616 2113 2656 2140 in
2673 2102 2858 2144 manibus
2871 2105 2942 2162 ba}

1645 2150 1777 2200 beret‚
1799 2151 1946 2202 dialogi
1967 2153 2095 2193 forma
2117 2156 2367 2196 conscribere
2383 2168 2557 2208 eumque
2579 2157 2782 2210 dialogum
2801 2153 2954 2205 decem

1643 2209 1782 2259 legatis
1800 2211 2009 2277 Romanis,
2030 2213 2156 2262 quiin
2176 2214 2367 2254 Achaiam
2382 2215 2433 2255 ad
2453 2227 2587 2256 rerum
2603 2220 2753 2258 statum
2780 2225 2955 2293 compo}

1643 2267 1817 2307 nendum
1841 2269 1946 2308 missi
1963 2270 2149 2320 fuissent,
2174 2271 2438 2313 demandare
2429 2285 2471 2313 ιιι
2486 2274 2620 2314 animo
2636 2275 2835 2318 habuisse.
2868 2277 2942 2320 iai-¹

1643 2325 1761 2364 brum
1789 2328 1922 2365 autem
1949 2327 2063 2366 illum
2095 2332 2155 2368 De
2178 2330 2318 2379 qlorz'a
2349 2331 2468 2371 fuisse
2496 2331 2665 2374 videri:
2657 2334 2736 2384 ·a)
2761 2336 2951 2397 omniun}

1644 2383 1748 2422 enim
1766 2383 1968 2424 Ciceronis
1991 2386 2230 2436 scriptorum
2246 2383 2405 2428 nullum
2425 2390 2465 2428 et
2488 2389 2707 2430 secundum
2725 2395 2952 2454 argumen-

1642 2443 1729 2480 tum
1743 2443 1783 2481 et
1794 2442 2015 2482 secundum
2029 2446 2187 2495 tempus
2199 2446 2342 2486 melius
2354 2447 2565 2488 convenire
2577 2459 2723 2499 ,quam
2737 2452 2794 2491 De
2804 2451 2874 2506 gl

1643 2498 1751 2548 quod
1774 2509 1883 2538 anno
1900 2504 1975 2540 710
1990 2501 2042 2540 ab
2057 2502 2147 2541 urb.
2166 2502 2282 2542 cond.
2307 2504 2538 2544 absolutum
2556 2506 2706 2547 ruisset.
2727 2508 2792 2549 Cf.
2817 2511 2852 2550 0

1643 2557 1825 2606 fragmm.
1845 2558 1930 2598 Cic
1950 2562 2040 2600 487.
2059 2560 2109 2610 b)
2130 2561 2281 2611 Conjici
2303 2573 2440 2612 posse,
2457 2563 2499 2602 in
2515 2564 2746 2619 Tripolitico
2766 2565 2818 2608 de
2839 2558 2960 2609 ciue?

1643 2616 1772 2654 tatum
1803 2616 1953 2666 origine
1981 2628 2206 2658 sermonem
2236 2619 2377 2667 fuisse,
2391 2655 2393 2657 ,
2423 2621 2681 2673 ejusdemque
2713 2625 2957 2678 argumenti

1645 2672 1909 2721 fragmentum
1932 2685 1982 2713 ex
2002 2675 2204 2716 Ciceronis
2224 2677 2325 2716 libro
2355 2678 2484 2727 primo
2501 2682 2560 2719 De
2574 2680 2697 2730 gloria
2720 2692 2938 2734 superesse

1643 2731 1694 2770 cs.
1716 2732 1838 2770 orell
1858 2733 2039 2782 fragmm.
2058 2737 2149 2774 488.
2172 2735 2216 2785 c)
2235 2738 2516 2786 Fragmentum
2533 2743 2580 2776 ex·
2598 2737 2702 2778 libro
2717 2736 2936 2790 Degloria.

1647 2803 1666 2822 «
1687 2790 1938 2828 statuerunt
1952 2800 2117 2830 oeneam
2134 2791 2315 2831 leoenam
2333 2808 2352 2826 ι
2375 2792 2427 2832 ad
2444 2793 2574 2834 Laidis
2594 2794 2851 2846 sepulchrum
2866 2795 2940 2834 ΟΦ

1643 2845 1763 2885 rintbi
1787 2848 2038 2886 exstructum
2058 2839 2177 2899 idque
2195 2850 2321 2889 leaena
2340 2851 2380 2890 et
2398 2851 2522 2891 ariete
2543 2851 2846 2892 celeberrimum
2869 2847 2989 2893 1⁹4³·ss

1644 2903 1850 2943 ferendum
1873 2915 1957 2944 esse
1979 2916 2104 2956 eaque
2129 2907 2251 2946 verba
2274 2907 2325 2946 ab
2345 2919 2424 2948 uno
2444 2908 2582 2948 decem
2602 2909 2823 2960 legatorum
2840 2921 2936 2961 pro·
2988 2926 2989 2930 ¹

1644 2961 1827 3000 nuntiata
1848 2961 1964 3002 fuisse
1990 2962 2128 3002 videri.
2152 2962 2201 3012 d)
2220 2967 2264 3002 ln
2280 2964 2441 3003 secundi
2458 2965 2549 3004 libri
2565 2966 2814 3016 fragmento:
2840 2983 2860 3002 α
2889 2970 2936 3006 in
2987 2974 2993 2993 -“

1649 3021 1938 3060 Tusculanum
1951 3019 2398 3062 mihi'nuntiabantur
2410 3024 2661 3070 yladiacorli
2673 3025 2790 3065 sibili
2814 3041 2835 3060 ιι
2853 3035 2938 3066 rem

1644 3138 1765 3176 etiarn
1786 3141 1858 3187 Ep.
1880 3137 1930 3176 ad
1948 3140 2028 3176 Att.
2057 3140 2175 3188 Xlll,
2198 3142 2244 3178 37
2269 3141 2506 3179 memoraret
2533 3155 2543 3179 ε
2574 3156 2594 3174 «
2614 3139 2666 3180 de
2684 3140 2937 3190 ,aladiatori-

1645 3195 1742 3244 bus,
1764 3195 1816 3234 de
1835 3197 2009 3243 ceteris,
2027 3206 2125 3247 quae
2144 3197 2292 3236 scribis
2319 3196 2680 3248 ἀνεμοφόρητα,
2704 3197 2847 3248 facies
2869 3207 2938 3239 me

1643 3253 1834 3303 quotidie
1853 3256 2089 3294 certiorem.
2111 3270 2130 3288 ³>
2149 3255 2196 3303 e)
2219 3252 2360 3293 Verbis
2377 3254 2439 3294 Ad
2454 3256 2534 3294 Ait.
2554 3256 2671 3303 xm,
2688 3257 2737 3295 32
2761 3271 2771 3295 :
2792 3270 2811 3289 α
2827 3254 2920 3295 vide

1645 3311 1706 3350 bis
1720 3313 1870 3360 imiter,
1888 3314 1925 3350 ει·
1943 3314 2125 3361 poterim
2157 3314 2338 3356 ceteros,
2357 3314 2408 3352 uc
2433 3314 2641 3362 possimus
2655 3316 2914 3364 πομπεῦσαι

1643 3371 1847 3414 καὶτοῖς
1867 3371 2184 3421 προσώποις)
2203 3372 2332 3436 operis
2346 3370 2395 3410 de
2410 3370 2533 3421 gloria
2547 3370 2754 3431 rationem
2760 3369 2883 3411 habi

1644 3438 1728 3468 esse
1743 3429 1782 3475 et
1802 3431 2026 3478 πομπεῦσαι
2043 3428 2166 3468 verbo
2180 3428 2266 3478 ejus
2281 3428 2442 3468 titulum
2457 3429 2592 3479 jocose
2609 3408 2887 3480 significatum.

1646 3554 1806 3602 insuper
1822 3540 1932 3591 aliud
1944 3552 2016 3592 nisi
2031 3553 2081 3592 de
2107 3553 2292 3592 carnibus
2309 3553 2394 3592 istis
2401 3552 2606 3602 jusculum
2620 3583 2632 3604 ‚
2650 3553 2759 3604 quod
2770 3565 2816 3594 su
2828 3553 2910 3593 ’ῖικε

1646 3618 1690 3656 ut
1711 3627 1779 3667 per
1793 3618 1920 3655 totam
1944 3626 2098 3655 coenam
2116 3616 2320 3656 universos
2335 3616 2516 3656 comitari
2533 3613 2673 3667 possib
2687 3617 2828 3670 quodsi
2845 3629 2871 3668 q

1645 3682 1838 3740 amplius,
1863 3682 1922 3720 est
1951 3681 2055 3720 oliva
2088 3681 2221 3731 aliqua
2260 3682 2332 3721 aut
2351 3691 2488 3721 caseus
2510 3679 2582 3721 aut
2618 3681 2728 3723 ficus.
2753 3681 2908 3723 Ubiv

1646 3746 1766 3785 etiam
1787 3744 2018 3783 auctariumv
2036 3743 2196 3795 aliquod
2227 3744 2472 3795 acceperint,
2506 3745 2654 3795 piscem
2672 3746 2744 3786 aut
2765 3744 2855 3797 lepo
2885 3760 2897 3780 ·.

1647 3805 1718 3844 aut
1749 3803 1978 3844 columbam
2005 3806 2075 3842 aut
2102 3803 2253 3854 aliquid
2277 3803 2431 3852 simile,
2464 3806 2556 3844 tum
2583 3814 2701 3855 vero,
2728 3807 2886 3856 postqu

1646 3878 1813 3919 propere
1826 3877 1981 3907 coenam
1993 3868 2270 3917 sumpserunt,
2286 3867 2622 3908 circumferuntur
2637 3870 2838 3920 postremo

1646 3944 1736 3983 qum
1770 3931 1940 3983 epaicla
1977 3933 2185 3972 vocantur.
2216 3932 2380 3972 Confert
2415 3934 2553 3972 autem
2593 3926 2886 3987 unusquisque

1646 3997 1861 4048 pliiditium
1889 3997 2062 4047 polentae
2078 3998 2158 4036 tres
2181 3997 2260 4036 sere
2275 3996 2526 4047 semimodios
2546 3997 2722 4049 Atticos,
2745 3997 2827 4038 vini
2850 4015 2859 4032 ι

1646 4062 1729 4111 gios
1752 4060 1936 4101 undecim
1961 4061 2112 4112 aliquot
2139 4063 2209 4100 aut
2239 4061 2472 4111 duodecim,
2490 4063 2530 4102 et
2553 4062 2698 4112 praeter
2728 4061 2814 4102 baec

1647 4126 1808 4178 aliquod
1826 4126 1980 4178 pondus
1997 4129 2066 4166 aut
2083 4125 2276 4175 ficorum,
2300 4125 2473 4178 denique
2498 4126 2549 4166 ad
2576 4126 2790 4168 emendum
2826 4142 2834 4162 ο

1650 4193 1759 4231 nium
1778 4192 1915 4233 decem
1938 4192 2093 4231 circitor
2113 4192 2251 4232 obolos
2267 4191 2508 4242 AEginenses.
2535 4209 2553 4228 υ
2875 4194 2888 4213 ³*
