3016 4628
265 298 356 338 492

261 393 284 436 ὃ
307 387 539 479 Φαληρευς
560 387 807 454 Δημήτριος
829 387 953 454 ἄρξαι
975 407 1046 436 τον
1072 390 1247 455 ἄνδρα(
1268 389 1556 453 Ἀριστείδην)

261 460 412 527 μικρὸν
437 459 674 525 ἔμπροσθεν
694 465 768 508 τοῦ
796 459 996 521 θανάτου,
1018 459 1129 524 μετὰ
1150 459 1227 518 τὴν
1245 463 1286 508 ἐν
1311 463 1557 513 Πλαταιαῖς

263 533 428 598 μάχην.
449 535 626 594 Quod
613 551 663 580 m
683 536 882 581 dubium
904 544 1042 581 vocat
1061 536 1336 580 Plutarchus
1354 536 1557 579 archon-

261 618 356 654 tem
374 609 626 654 Aristidem
652 610 704 654 in
727 609 997 673 ἀναγραφαῖς
1019 624 1228 668 quaerens
1250 608 1432 652 frustra.
1458 609 1558 653 Sci-

258 683 367 726 licet
390 682 558 727 accidit
575 684 643 739 ei,
677 682 810 741 quod
843 683 1001 726 multis
1023 681 1220 734 accidit,
1247 690 1300 724 ut
1320 695 1450 734 eum,
1477 681 1559 738 qui

259 754 348 798 alia
370 769 648 813 quacunque
670 754 784 816 ἀρχῇ
802 754 949 798 functi
969 761 1125 810 erant,
1145 765 1402 810 eponymos
1422 749 1558 792 fuisse

259 825 520 870 crederent.
542 826 659 871 Vide
679 824 864 870 Boeckh.
890 829 960 871 De
980 823 1279 869 archontibus
1294 821 1557 881 pseudepo-

257 914 383 958 nym.
403 914 454 958 p.
476 897 502 943 5
525 915 594 958 sq.
611 900 826 944 Ceterum
845 913 1092 958 quamnam
1115 894 1256 957 ἀρχὴν
1274 894 1556 938 Idomeneus

261 971 568 1027 intellexerit,
591 972 795 1015 innuunt
818 970 1070 1030 sequentia.

874 1086 949 1116 10.

323 1167 456 1212 Idem
487 1166 601 1213 ibid.
626 1183 665 1213 c.
698 1172 750 1221 4,
780 1171 806 1218 4
836 1181 846 1209 :
881 1165 982 1211 Τῶν
1008 1161 1050 1208 δὲ
1076 1160 1292 1223 δημοσίων
1329 1160 1552 1222 προσόδων

259 1237 439 1299 αἱρεθεὶς
459 1233 722 1297 ἐπιμελητὴς
742 1237 787 1281 οὐ
804 1235 930 1296 μόνον
947 1233 1042 1287 τοὺς
1058 1233 1153 1280 καθ’
1176 1233 1320 1294 αὑτὸν,
1342 1231 1454 1280 ἀλλὰ
1475 1232 1550 1279 καὶ

261 1307 358 1362 τοὺς
384 1307 467 1372 πρὸ
489 1311 617 1354 αὑτοῦ
641 1305 889 1369 γενομένους
914 1305 1124 1370 ἄρχοντας
1145 1304 1393 1351 ἀπεδείκνυε
1410 1306 1554 1352 πολλα

257 1381 598 1446 νενοσφισμένους
610 1382 682 1431 καὶ
697 1378 886 1440 μάλιστα
914 1378 984 1424 τὸν
1010 1375 1339 1439 Θεμιστοκλέα·

360 1477 479 1528 Σοφὸς
497 1477 569 1528 γὰρ
589 1476 702 1526 ἁνὴρ,
719 1480 785 1523 τῆς
806 1475 845 1513 δὲ
864 1475 987 1525 χειρὸς
1008 1474 1053 1513 οὐ
1074 1477 1239 1525 κρατῶν.

257 1562 336 1612 Διὸ
353 1562 426 1609 καὶ
447 1550 698 1624 συναγαγὼν
718 1559 900 1614 πολλοὺς
919 1559 992 1606 ἐπὶ
1015 1559 1085 1607 τὸν
1103 1559 1366 1623 Ἀριστείδην
1393 1561 1435 1606 ἐν
1458 1580 1555 1614 ταις

261 1633 452 1688 εὐθύναις
470 1632 632 1681 διώκων
647 1636 808 1690 κλοπῆς
827 1632 1038 1696 καταδίκῃ
1057 1631 1331 1698 περιέὸαλεν,
1348 1630 1406 1686 ὥς
1424 1651 1552 1697 φησιν

259 1705 511 1769 Ἰδομενεύς.
583 1704 954 1769 Ἄγανακτούντων
990 1705 1034 1752 δὲ
1069 1709 1153 1752 τῶν
1193 1703 1376 1771 πρώτων
1412 1708 1455 1752 ἐν
1499 1709 1552 1764 τῆ

259 1778 382 1825 πόλει
407 1779 480 1825 καὶ
502 1778 731 1843 βελτίστων
757 1780 802 1825 οὗ
825 1777 950 1839 μόνον
972 1777 1124 1843 ἀφείθη
1145 1782 1221 1836 τῆς
1241 1777 1419 1841 ζημίας,
1442 1779 1553 1825 ἄλλα

260 1850 334 1898 καὶ
358 1850 488 1898 πάλιν
521 1850 664 1915 ἅρχων
689 1849 758 1896 ἐπὶ
791 1848 867 1906 τὴν
895 1849 1027 1908 αὐτὴν
1050 1850 1259 1909 διοίκησιν
1297 1850 1549 1915 ἀπεδείχθη.

261 1921 632 1988 Προσποιούμενος
653 1921 696 1968 δὲ
721 1924 805 1968 τῶν
829 1922 1048 1988 προτέρων
1066 1923 1324 1987 μεταμέλειν
1345 1927 1463 1989 αὑτῷ
1479 1923 1553 1970 καὶ

261 1994 568 2060 μαλακώτερον
600 1993 781 2048 ἐνδιδοὺς
815 1995 979 2054 ἑαυτὸν,
1022 1996 1179 2061 ἤρεσκε
1204 2001 1290 2051 τοῖς
1332 1994 1388 2044 τὰ
1430 1996 1553 2044 κοινὰ

259 2068 529 2127 κλέπτουσιν,
544 2069 620 2114 οὐκ
637 2066 868 2131 ἐξελέγχων
888 2069 974 2114 οὐδ’
994 2067 1420 2133 ἀκριὸολογούμενος,
1441 2069 1554 2116 ὥστε

259 2140 701 2202 καταπιμπλαμένους
748 2143 832 2187 τῶν
877 2141 1096 2202 δημοσίων
1138 2145 1438 2206 ὑπερεπαινεῖν
1480 2140 1554 2188 τὸν

259 2211 516 2278 Ἀριστείδην
536 2213 609 2259 καὶ
637 2211 873 2268 δεξιοῦσθαι
891 2213 960 2260 τὸν
984 2215 1118 2276 δῆμον
1141 2213 1248 2279 ὑπὲρ
1267 2215 1395 2262 αὐτοῦ
1418 2233 1551 2262 σπου·

259 2287 458 2341 δάζοντας
483 2285 670 2351 ἄρχοντα
694 2285 825 2333 πάλιν
852 2289 1091 2351 αἱρεθῆναι.

869 2405 887 2433 1
902 2406 919 2435 1
932 2423 942 2434 .

324 2483 456 2527 Idem
482 2482 598 2527 ibid.
627 2499 670 2529 c.
702 2499 782 2540 10,
809 2483 838 2527 8
868 2500 877 2528 :
907 2481 1206 2544 Ἔμὸαλόντος
1236 2481 1280 2529 δὲ
1311 2482 1555 2547 Μαρδονίου

259 2551 307 2599 τὸ
328 2552 520 2618 δεύτερον
544 2555 601 2607 εἷς
618 2552 696 2611 τὴν
718 2553 915 2612 Ἀττικὴν
934 2547 1052 2608 αὖθις
1074 2557 1133 2609 εἷς
1154 2557 1388 2616 Σαλαμῖνα
1410 2554 1556 2602 διεπέ-

262 2645 412 2690 ρασαν.
485 2626 742 2691 Ἀριστείδης
764 2629 807 2674 δὲ
827 2629 1036 2692 πεμφθεὶς
1065 2631 1123 2682 εἷς
1147 2628 1456 2691 Λακεδαίμονα
1481 2632 1557 2687 τῆς

262 2698 337 2761 μὲν
358 2699 618 2762 βραδυτῆτος
636 2701 778 2755 αὐτοῖς
798 2700 990 2748 ἐνεκάλει
1006 2700 1080 2748 καὶ
1097 2705 1173 2758 τῆς
1192 2701 1420 2766 ὀλιγωρίας
1435 2719 1558 2765 προε-

723 2768 2935 2827 m———Q

866 2845 937 2885 10.

313 2906 499 2947 Aristides
524 2909 773 2957 publicorum
801 2911 1002 2951 redituum
1033 2914 1267 2961 procurator
1293 2912 1557 2962 constitutus,

263 2982 344 3010 non
361 2972 458 3012 alios
479 2975 635 3013 tantum
654 2975 713 3014 sui
731 2977 942 3027 temporis,
963 2977 1032 3017 sed
1063 2978 1183 3017 etiam
1210 2977 1280 3027 qui
1303 2979 1396 3016 ante
1429 2978 1558 3028 ipsum

264 3034 426 3075 fuissent
441 3038 689 3086 magistratus
700 3069 711 3089 ‚
729 3040 852 3079 multa
870 3042 1072 3091 peculatos
1086 3041 1282 3091 ostendit,
1298 3041 1470 3081 maxime
1488 3052 1556 3080 au-

264 3099 346 3137 tem
362 3099 663 3151 Themistoclem
678 3132 689 3152 ‚
710 3103 779 3152 qui

354 3178 463 3212 catus
478 3177 631 3220 quidem
647 3204 656 3220 ‚
675 3181 731 3214 ast
744 3180 1012 3218 incontinentis
1031 3182 1091 3218 vir
1107 3191 1254 3218 manus.

266 3247 405 3295 ltaque
424 3247 478 3296 is,
502 3248 671 3289 coitione
701 3252 919 3291 multorum
937 3255 1074 3293 contra
1103 3253 1314 3294 Aristidem
1342 3253 1470 3302 sacta,
1491 3264 1558 3293 ra-

267 3310 394 3349 tiones
431 3310 693 3351 administrati
725 3314 845 3353 officii
878 3316 1108 3356 reddentem
1147 3318 1355 3368 peculatus
1394 3316 1560 3357 crimine

268 3375 568 3426 condemnavit,
589 3379 634 3416 ut
658 3379 774 3418 refert
803 3381 1046 3422 idomeneus.
1069 3383 1146 3423 Sed
1175 3383 1311 3434 primis
1330 3383 1371 3422 et
1400 3383 1560 3432 optimis

269 3439 416 3478 civium
445 3439 601 3488 indigne
616 3440 691 3480 hoc
719 3444 955 3494 serentibus,
985 3457 1065 3485 non
1101 3447 1219 3486 modo
1251 3447 1468 3486 mulctatus
1495 3446 1561 3486 ille

269 3508 348 3542 non
365 3503 445 3551 est,
467 3502 533 3541 sed
552 3514 686 3543 rursus
701 3506 827 3545 eidem
845 3509 999 3557 negotio
1019 3512 1241 3559 praefectus.
1261 3514 1364 3551 'sum
1376 3510 1562 3551 Aristides

270 3565 496 3616 poenituisse
509 3566 649 3615 prioris
664 3579 704 3607 se
722 3568 887 3610 instituti
901 3573 1105 3623 simulans,
1119 3586 1239 3626 seque
1255 3576 1446 3618 leniorem
1463 3589 1560 3628 prae-

270 3629 366 3669 bens
380 3660 391 3679 ,
404 3630 698 3680 peculatoribus
709 3632 876 3683 placuit,
893 3646 1018 3684 quum
1038 3648 1117 3676 non
1134 3639 1351 3689 inquireret
1366 3642 1407 3680 in
1422 3654 1560 3682 eorum

269 3694 394 3743 sacta,
415 3705 544 3745 neque
564 3706 610 3734 ea
625 3695 852 3746 detegeret:
872 3699 1003 3749 itaque
1034 3702 1073 3740 hi
1094 3703 1252 3752 publica
1278 3707 1409 3746 onusti
1439 3719 1559 3758 pecu-

269 3758 356 3807 nia,
380 3761 546 3800 summis
567 3759 750 3800 laudibus
772 3762 978 3803 Aristidem
1003 3767 1160 3818 tollere,
1194 3781 1456 3840 prensareque
1477 3774 1562 3824 ejus

269 3822 430 3863 nomine
453 3824 667 3874 populum,
689 3827 733 3864 ut
757 3836 890 3865 rursus
909 3838 1055 3869 munus
1074 3830 1148 3870 hoc
1171 3833 1205 3871 ei
1225 3833 1524 3878 demandarent

883 3897 951 3937 11.

323 3958 527 3998 Mardonio
543 3959 685 3999 lterum
704 3961 742 4000 in
763 3962 933 4002 Atticam
952 3964 1216 4016 irrumpente,
1236 3980 1371 4011 rursus
1389 3972 1427 4011 in
1450 3975 1559 4014 Sala-

271 4023 417 4062 minem
438 4023 690 4073 traiecerunt.
716 4026 902 4066 Aristides
917 4030 1050 4067 autem
1069 4033 1249 4080 Spartam
1274 4035 1416 4074 missus
1434 4038 1560 4077 tardi·

273 4089 394 4125 taleni
411 4089 450 4126 et
476 4087 750 4138 negligentiam
770 4090 827 4130 eis
849 4091 1125 4142 exprobravit,
1146 4095 1212 4143 qui
1236 4106 1371 4136 rursus
1389 4100 1562 4141 Athenas

272 4150 437 4191 barbaro
479 4153 761 4204 prodidissent,
796 4155 993 4206 simulque
1033 4157 1167 4207 petiit,
1197 4162 1242 4198 ut
1276 4162 1395 4201 salvis
1432 4164 1562 4205 adhuc

273 4215 435 4255 Graeciae
477 4217 653 4266 partibus
689 4218 927 4269 opitulatum
967 4221 1079 4260 irent.
1116 4224 1211 4262 Haec
1249 4226 1291 4263 ut
1326 4226 1561 4270 audiverunt

1326 252 1645 339 monitum
1677 290 2083 354 LAMrsAceNJ

1543 391 1599 500 1

1593 3773 1603 4251 ι

1634 387 1774 450 μένοις
1799 381 1916 442 αυθις
1949 390 2010 453 τῶ
2046 386 2270 452 βαρὸάρω
2285 407 2371 442 τας
2386 387 2585 451 Αθήνας,
2607 388 2726 446 ἠξίου
2757 389 2801 437 δὲ
2825 389 2908 456 πρὸ
2950 391 2952 393 ’

1632 459 1686 506 τὰ
1711 459 1772 506 ἔτι
1795 460 2016 520 σωζόμενα
2042 463 2118 517 τῆς
2138 458 2348 512 Ἑλλάδος
2369 463 2554 523 βοηθεῖν.
2625 463 2821 510 Ταυτα’
2799 462 2917 510 ακού
2952 471 2957 482 ²

1633 543 1784 578 σαντες
1807 526 1844 570 οἱ
1864 521 2044 589 Εφοροι
2065 523 2158 587 μεθ’
2174 524 2347 615 ἡμέραν
2373 525 2465 587 μὲν
2460 525 2640 574 ἐδόκουν
2664 525 2831 582 παίζειν
2853 539 2910 595 κα
2954 527 2965 588 '5

1634 600 1838 661 ῥαθυμεῖν
1861 595 2154 660 ἑορτάζοντες·
2172 616 2224 654 ην
2242 595 2325 662 γὰρ
2350 599 2492 652 αὐτοῖς
2511 597 2763 652 Ὑακίνθια·
2785 618 2902 648 νυκτ·
2955 589 2962 641 ³.

1633 671 1677 715 δε
1662 667 2064 732 πεντακισχιλίους
2082 670 2370 744 Σπαρτιατῶν
2384 669 2660 731 ἐπιλέξαντες,
2674 663 2776 718 ὧν“
2750 691 2900 720 εκαστ
2914 668 2966 718 ἶ

1632 741 1742 787 ἑπτὰ
1765 759 1865 805 περι
1883 739 2012 787 αὑτὸν
2033 739 2215 794 εἵλωτας
2235 745 2369 805 εἶχεν,
2391 740 2636 808 ἐξέπεμψαν
2656 744 2740 791 οὐκ
2753 742 2866 790 ειδότ
2908 752 2910 754 ’
2957 732 2966 758 '⁵

1631 816 1714 860 τῶν
1734 811 1984 871 Ἀθηναίων.
2058 812 2112 860 Γ
2115 831 2186 860 πει
2205 812 2250 860 δὲ
2266 813 2396 860 πάλιν
2414 815 2608 876 ἐγκαλῶν
2625 817 2648 861 ὃ
2667 814 2921 879 Ἀριστείδ

1631 886 1888 947 προσῆλθεν,
1909 886 1948 931 οἱ
1972 882 2015 931 δὲ
2038 883 2114 930 συν
2138 883 2294 947 γέλωτι
2322 887 2467 950 ληρεῖν
2494 885 2622 933 αυτὸν
2646 885 2833 952 ἔφασκον
2856 905 2894 936 κ

1631 957 1869 1019 καθεύδειν,
1889 956 1970 1015 ἤδη
1993 955 2076 1021 γὰρ
2101 959 2144 1004 ἐν
2161 956 2398 1023 Ὀρεστείῳ
2422 957 2494 1005 τὸν
2517 958 2697 1024 στρατὸν
2722 951 2831 1008 εἶναι
2852 976 2914 1007 π
2962 955 2966 1014 ’,

1635 1027 1861 1093 ρευόμενον
1895 1028 1967 1076 ἐπὶ
1993 1027 2091 1082 τους
2126 1027 2266 1084 ξένους
2301 1029 2470 1093 (ξένους
2500 1029 2584 1096 γὰρ
2619 1030 2812 1082 ἐκάλουν
2835 1051 2877 1077 τ
2963 1021 2967 1037 ί

1633 1100 1858 1166 Πέρσας),
1883 1103 1930 1149 οὗ
1966 1103 2081 1148 κατὰ
2107 1101 2256 1166 καιρὸν
2289 1101 2370 1166 ἔφη
2402 1102 2568 1158 παίζειν
2593 1102 2745 1158 αὐτους
2762 1108 2808 1152 ὁ
2814 1050 2929 1170 'Api-3,
2906 1141 2930 1176 ..1
2967 1144 2969 1148 «

1633 1173 1848 1233 στείδης
1825 1173 1920 1221 αντὶ
1943 1177 2029 1222 τῶν
2057 1173 2278 1237 πολεμίοιν
2308 1173 2405 1228 τους
2435 1175 2580 1242 φίλους
2606 1175 2930 1231 ἐξαπατῶντα
2967 1220 2970 1230 2

1631 1248 1770 1294 Ταῦθ’
1795 1249 1833 1294 οἳ
1852 1265 1950 1311 περι
1969 1246 2041 1293 τὸν
2063 1245 2284 1309 Ἰδομενέα
2307 1246 2520 1309 λέγουσιν.
2593 1248 2670 1298 Ἐν
2692 1248 2736 1296 δὲ
2756 1251 2819 1316 τῷ
2841 1235 2977 1317 ψηζί

1631 1318 1814 1384 φίσματι
1838 1338 1912 1365 του
1937 1318 2199 1383 Ἀριστείδου
2229 1318 2497 1384 πρεσὸευτὴς
2527 1321 2605 1368 οὒκ
2629 1320 2843 1385 αὖτὸς,α
2908 1376 2910 1378 v

1632 1391 1789 1455 Κίμων
1815 1411 1890 1439 και
1910 1391 2163 1446 Ξάνθιππος
2182 1411 2256 1439 και
2284 1393 2542 1460 Μυρωνίδης
2565 1391 2795 1460 φέρονται,
2898 1393 2903 1426 1

2247 1504 2324 1534 12.

1694 1583 1942 1627 Athenaeus
1959 1583 2103 1639 XIII,
2122 1598 2173 1643 p.
2202 1581 2295 1643 590
2309 1618 2321 1639 ,
2345 1583 2380 1628 C
2400 1597 2412 1630 t
2430 1580 2666 1646 Ὑπερίδης
2686 1582 2725 1629 δ’
2749 1579 2771 1629 ὅ
2789 1581 2894 1647 ῥήτ
2916 1610 2921 1622 ι

1629 1654 1677 1700 ἐκ
1692 1656 1769 1711 τῆς
1791 1653 1997 1719 πατρώοις
2019 1653 2154 1707 οἰκίας
2170 1651 2242 1700 τὸν
2264 1652 2353 1700 υἱὸν
2373 1653 2606 1701 ἀποὸαλὼν
2625 1653 2925 1704 Γλαύκιππον

1630 1725 1854 1792 Μυρρίνην
1886 1730 1964 1784 τήν
1981 1725 2368 1817 πολυτελεστάτην
2401 1725 2577 1792 ἑταίραν
2613 1725 2819 1775 ἀνέλαὸε·
2857 1746 2914 1776 κα

1627 1798 1788 1857 ταύτην
1810 1797 1924 1861 μέν’
1905 1819 1948 1846 εν
1972 1797 2095 1847 ἄστει
2110 1803 2238 1863 εἶχεν,
2259 1802 2301 1848 ἐν
2325 1801 2524 1864 Πειραιεῖ
2543 1798 2585 1847 δὲ
2603 1799 2929 1893 Ἀρισταγόραν,

1629 1871 1775 1920 Φίλαν
1794 1871 1866 1918 δ”
1848 1891 1890 1918 εν
1905 1871 2135 1932 Ἐλευσῖνι,
2153 1872 2206 1930 ἣν
2218 1874 2430 1920 πολλῶν’
2405 1871 2680 1936 ωνησάμενος
2691 1873 2923 1939 χρημάτώ

1628 1948 1743 2008 εἶχεν
1781 1942 2100 2009 ἐλευθερώσας,
2139 1944 2344 2008 υστερον
2341 1943 2405 1991 δὲ
2450 1943 2526 1991 καὶ
2565 1946 2758 2010 οικουρον
2795 1944 2929 2006 adria

1630 2014 1889 2075 ἐποιήσατο,
1910 2019 1968 2070 ὡς
1990 2014 2229 2078 Ιδομενευς
2253 2018 2432 2081 ἱστορεῖ.
2891 2017 2925 2043 ¹

1696 2092 1764 2134 Ex
1796 2090 1967 2135 eodem
2002 2090 2259 2145 idomeneo
2293 2105 2374 2135 sua
2405 2091 2548 2136 habet
2579 2093 2855 2138 Plutarchus
2879 2092 2933 2162 m

1630 2163 1718 2208 Vit.
1735 2162 1800 2208 X.
1818 2160 1901 2207 Or.
1917 2177 1965 2221 p.
1987 2161 2098 2221 849,
2117 2164 2188 2208 D:
2205 2159 2408 2223 Ἐγένετο
2424 2160 2498 2208 και
2517 2160 2690 2226 πρὸςτὰ
2704 2159 2903 2228 ἀφροδί

1631 2251 1797 2298 καταφε
1783 2231 1907 2297 ,1ρὴς
1943 2234 2001 2286 ως
2033 2231 2109 2279 εκίΒ
2112 2233 2208 2279 αλ
2193 2252 2229 2279 ιν
2258 2231 2335 2294 μὲν
2367 2232 2437 2280 τὸν
2470 2233 2573 2293 υἱὸν,
2603 2236 2853 2298 εἰσαγαγεῖν
2886 2242 2905 2288 ’ς
2930 2238 2943 2269 ³¹

1633 2307 1860 2370 Μυρρίνην
1895 2304 1973 2362 τὴν
2009 2305 2382 2364 πολυτελεστάτην
2419 2305 2614 2372 ἑταίραν,
2653 2310 2698 2355 ἐν
2733 2310 2914 2374 Πειρα

1631 2377 1708 2424 δ”’
1686 2397 1799 2442 εχειν
1823 2377 2181 2443 Αρισταγοραν,
2162 2398 2205 2426 εν
2225 2377 2442 2427 Ἐλευσῖνι
2464 2379 2507 2426 δὲ
2531 2381 2573 2427 ἐν
2593 2398 2680 2434 τοις
2693 2379 2814 2435 ιδιοις
2870 2409 2899 2430 τ

1632 2470 1740 2512 μασι
1759 2450 1904 2499 Φίλαν
1924 2449 2002 2542 τὴν
2021 2450 2287 2510 Θηὸαίαν”
2246 2471 2381 2500 εικοσι
2401 2472 2516 2516 μνων
2536 2447 2955 2520 λυτριιισιιίμενιιςςὲ’ι
2939 2443 2949 2452 ¹

2248 2541 2380 2598 13.Ἴ

1696 2630 1945 2675 Athenaeus
1962 2629 2081 2674 XIII
2087 2644 2160 2689 ,.p
2187 2626 2298 2689 592,
2317 2631 2353 2675 F
2375 2630 2434 2675 de
2445 2631 2788 2676 Demosthene.
2898 2680 2910 2693 ,Δ
2933 2682 2938 2686 ,

1631 2700 1839 2754 λαστος
1815 2699 1852 2746 0’
1879 2703 1931 2757 ἦν
1962 2703 1984 2747 ὃ
2017 2699 2161 2764 ῥήτωρ
2199 2719 2299 2765 περι
2325 2699 2380 2747 τὰ
2416 2699 2676 2766 ἀφροδίσια,
2710 2695 2768 2756 ὥς
2804 2711 2939 2790 φησίὶι

2910 2185 2943 2232 ἰ

2919 2292 2946 2334 ί

2895 2367 2899 2369 ’
2904 2343 2949 2452 3

2942 2454 2950 2473 ‘i

1631 2841 1800 2890 Ephori,
1821 2840 1993 2879 interdiu
2021 2840 2165 2880 festum
2193 2839 2299 2881 diem
2319 2840 2470 2891 agendo
2488 2840 2630 2880 ludum
2650 2841 2690 2880 et
2712 2831 2933 2886 socordi&

1634 2915 1717 2955 prae
1739 2915 1782 2944 se
1804 2904 1982 2943 serebant
2002 2903 2234 2954 (agebantur
2247 2903 2354 2943 enim
2374 2904 2651 2954 Hyacinthia),
2678 2905 2801 2944 noctu
2827 2902 2935 2963 clam

1635 2969 1940 3009 Atheniensibus
1969 2969 2146 3019 quinque
2180 2969 2304 3008 millia
2340 2969 2588 3008 delectorum
2617 2970 2894 3021 spartanoru

1634 3044 1809 3084 quorum
1825 3031 1958 3083 quivis
1977 3034 2131 3082 septem
2147 3043 2282 3072 secum
2299 3032 2458 3072 Helotas
2475 3032 2683 3082 trahebat,
2701 3033 2886 3074 emiseri
2901 3035 2953 3088 ¹9

1633 3101 1769 3144 Quum
1800 3096 1932 3136 denuo
1965 3095 2163 3135 incusaret
2195 3099 2263 3136 eos
2295 3096 2504 3146 Aristides,
2524 3099 2643 3146 atque
2669 3095 2744 3147 ipsi
2763 3096 2863 3137 rid·-

1631 3163 1834 3202 hominem
1853 3161 2022 3201 delirare
2041 3162 2082 3200 et
2097 3161 2294 3201 somniare
2313 3161 2519 3201 dicerent.
2534 3161 2619 3212 Jam
2634 3161 2740 3202 enim
2760 3162 2811 3203 ad
2843 3171 2855 3197 ι
2877 3155 2947 3214 sss}

1631 3231 1762 3268 steum
1783 3227 2006 3267 exercitum
2023 3236 2108 3266 esse
2125 3231 2262 3266 contra
2278 3227 2504 3277 peregrinos
2519 3228 2580 3277 (eo
2607 3227 2768 3269 nomine

1632 3292 1919 3344 significabant)
1943 3291 2256 3353 proficiscentem
2290 3305 2300 3331 τ
2329 3292 2456 3332 alieno
2490 3295 2671 3344 tempore
2699 3304 2785 3335 eos
2823 3299 2910 3329 δῖ’

1633 3370 1680 3399 ac
1699 3370 1771 3409 pro
1803 3358 1983 3398 hostilius
2005 3357 2154 3397 amicos
2184 3357 2366 3408 decipere
2393 3357 2584 3399 Aristides
2601 3355 2857 3409 respondit,

1633 3425 1809 3465 narratio
1829 3426 1887 3464 est
1909 3423 2143 3464 Idomenei.
2162 3423 2308 3474 quippe
2334 3423 2375 3464 in
2398 3423 2574 3464 Aristidis
2601 3423 2730 3464 edicto
2747 3431 2863 3493 ιισι

1634 3489 1810 3539 legatus,
1830 3487 1899 3528 sed
1922 3487 2087 3535 Cimon,
2105 3487 2355 3538 Xanthippus
2373 3489 2414 3527 et
2429 3486 2654 3538 Myronides
2667 3483 2822 3529 ferun

2248 3565 2319 3605 12.

1686 3638 1903 3688 Hyperides
1923 3639 2072 3688 orator,
2084 3639 2264 3690 paterna
2287 3639 2408 3679 domo
2428 3639 2554 3689 ejecto
2581 3638 2664 3680 filio
2683 3639 2825 3681 Glau
2882 3687 2883 3690 Ἰ

1633 3704 1879 3754 Myrrhinam
1898 3704 2280 3754 sumptuosissimam
2307 3704 2555 3744 meretricem
2575 3705 2745 3756 recepit,
2768 3662 2857 3759 etsi*

1635 3767 1796 3817 quidem
1812 3767 1976 3807 hahuit
1966 3778 2007 3806 ιιι
2025 3768 2146 3818 urbe3
2163 3767 2203 3807 in
2225 3767 2375 3807 Piraeeo
2394 3778 2490 3808 vero
2509 3768 2845 3819 Aristagoram3
2821 3814 2824 3820 ,

1634 3830 1719 3871 sine
1737 3831 1886 3870 Philam
1899 3861 1910 3878 ‚
1929 3841 2051 3881 quam
2078 3831 2225 3881 ingenti
2242 3830 2407 3881 pecunia
2425 3833 2624 3882 emptam,
2643 3831 2736 3872 dein
2805 3717 2925 3899 ἐξ.)

1635 3895 1805 3945 dimisit,
1826 3897 1865 3934 et
1880 3895 2150 3945 dispensandis
2165 3896 2282 3936 rebus
2296 3895 2522 3937 domesticis
2549 3897 2743 3948 proefecit‚
2769 3887 2854 3960 uls·
2870 3936 2889 3939 ,.

1635 3972 1801 4001 meneus
1815 3959 1952 4000 tradit.

2841 3591 2898 3606 -,

2241 4030 2308 4070 13.

1688 4102 2004 4151 Intemperanter
2027 4102 2258 4143 libidinosus
2280 4103 2343 4143 hic
2358 4105 2492 4144 orator
2507 4105 2614 4153 erat,
2635 4104 2680 4144 ut
2701 4103 2759 4144 ait
2773 4105 2804 4144 1·
2829 4120 2879 4136 *w

1636 4174 1750 4203 neus.
1777 4165 1842 4204 Sic
1868 4165 2078 4205 Aristarchi
2095 4166 2300 4216 enjusdam
2319 4166 2600 4207 adolescentuli
2623 4177 2761 4208 amore
2783 4177 2864 4199 νων

1637 4231 1689 4270 ob
1720 4231 1913 4281 illumque
1939 4232 2039 4272 inter
2070 4233 2211 4282 pocula
2245 4233 2439 4275 insultans
2469 4233 2708 4282 Nicodemo,
2726 4228 2879 4300 oeulps
