3016 4628
257 290 347 331 156

761 380 1017 430 ΛΥΚΙΩΝ.

312 498 480 548 Λυκίων
498 496 692 562 πολιτείᾳ
713 499 969 544 Aristotelis
986 512 1093 542 usus
1107 505 1174 541 est
1196 496 1391 555 Sopater
1411 493 1532 537 libro

247 573 544 629 duodecimo,
564 580 674 618 teste
695 571 862 616 Photio
884 569 992 616 cod.
1018 569 1120 614 161.

729 691 1032 753 κΥιιΡιΩΝ.

832 806 941 850 203.

245 906 266 930 Υ
312 907 692 968 Harpociation:
714 900 966 952 Ανακτες
988 917 1078 945 και
1106 898 1362 944 ἄνασσαι·
1391 909 1428 938 οι
1453 889 1505 953 μὲ
1515 908 1528 930 v

246 978 328 1025 υἳοι
351 997 426 1025 του
453 975 663 1041 βασιλέως
697 974 771 1021 καὶ
806 976 842 1019 οἱ
870 970 1042 1035 ἀδελφοὶ
1065 970 1297 1015 καλοῦνται
1324 964 1529 1020 ἄνακτες,

247 1052 293 1096 αἳ
329 1048 373 1096 δὲ
395 1047 578 1113 ἀδελφαὶ
599 1046 675 1095 καὶ
698 1045 892 1109 γυναῖκες
923 1042 1129 1089 ἄνασσαι·
1156 1035 1451 1103 Ἀριστοτέλης
1485 1053 1529 1080 εν

246 1125 301 1187 τῇ
329 1121 535 1187 Κυπρίων
562 1118 773 1166 πολιτεία.

312 1197 488 1242 Eadem
511 1194 674 1240 Suidas
690 1202 735 1236 et
757 1194 908 1250 Etym.
929 1191 991 1235 M.
1018 1182 1387 1233 «Aristotelem'
1375 1198 1424 1225 ιιι
1443 1181 1528 1224 ob-

247 1270 504 1314 servatione
521 1276 610 1310 tam
626 1280 711 1324 per
711 1264 893 1323 vulgata
908 1260 1038 1322 (vide
1052 1260 1127 1302 vel
1139 1259 1310 1316 Musgl.
1326 1256 1374 1298 in
1384 1254 1528 1329 Soph.

246 1335 367 1379 OEd.
388 1336 448 1377 R.
475 1328 556 1392 85)
579 1329 801 1389 appellari
823 1327 1023 1386 potuisse
1043 1325 1337 1375 miraremur,
1363 1321 1447 1363 nisi
1472 1319 1530 1363 de

247 1406 504 1454 nationibus
517 1404 794 1462 Cypriorum
809 1396 1001 1444 ἀνάκτων
1019 1404 1231 1441 accurate
1257 1393 1393 1437 nobis
1417 1407 1527 1436 con·

247 1488 449 1523 staretex
464 1476 683 1521 Athenaeo
698 1473 775 1529 VI,
789 1488 838 1532 p.
855 1470 947 1515 256
966 1471 1060 1514 sive
1080 1466 1343 1512 Eustathio
1332 1481 1382 1508 m
1391 1466 1449 1509 Il.
1468 1466 1527 1509 N.

246 1566 293 1609 p.
309 1556 367 1610 94
377 1566 399 1607 7
418 1549 470 1610 [e
486 1547 692 1593 Clearchi
702 1540 976 1604 Gergithio].
998 1561 1016 1580 >2
1038 1539 1316 1596 Bernhardy
1327 1537 1386 1582 ad
1396 1537 1527 1583 Suid.

807 1628 939 1691 [204.
946 1626 964 1688 ]

316 1727 535 1813 [Aristot.
574 1726 673 1769 Pol.
707 1725 762 1778 V,
791 1722 843 1777 8,
884 1736 939 1764 10
975 1717 1106 1766 τΚαι
1134 1719 1162 1774 ἡ
1194 1715 1431 1779 (ἐπίθεσις)
1457 1735 1531 1764 του

248 1797 448 1887 εὐνούχου
469 1794 670 1865 Εὐαγόρα
695 1812 755 1856 τῳ
777 1790 955 1856 Κυπρίῳ
977 1792 1065 1853 (sc.
1089 1789 1142 1836 δι’
1165 1788 1287 1854 ὕὸριν
1317 1787 1528 1853 ἐγένετο)·

248 1871 317 1916 διὰ
330 1869 413 1935 γὰρ
432 1868 479 1915 τὸ
491 1867 568 1924 τὴν
586 1872 766 1928 γυναῖκα
787 1863 1047 1927 παρελέσθαι
1071 1862 1142 1909 τὸν
1171 1861 1261 1909 υιὸν
1283 1863 1411 1910 αὐτου
1432 1862 1533 1909 ἀπέ-

247 1961 408 1993 κτεινεν
432 1945 487 1993 ὡς
504 1937 772 2004 ὑδρισμένος.
781 1938 864 2000 ]V.
887 1938 1087 1984 Diodor.
1118 1935 1193 1994 15,
1219 1945 1296 1994 47.

837 2028 942 2075 205.

317 2138 474 2182 Schol.
508 2134 694 2180 Pindar.
726 2133 860 2192 Pyth.
898 2133 968 2187 ΙΙ,
1002 2146 1089 2187 127
1120 2144 1131 2177 :
1166 2127 1465 2193 Ἀριστοτέλης
1488 2126 1533 2176 δὲ

245 2210 410 2272 πρῶτον
432 2203 633 2269 Ἀχιλλέα
662 2202 733 2251 ἐπὶ
756 2206 810 2267 τῇ
834 2205 910 2262 τοῦ
934 2200 1190 2266 Πατρόκλου
1210 2208 1329 2267 πυρᾷ
1347 2204 1400 2266 τῇ
1422 2220 1534 2267 πυρ-

247 2279 345 2343 ρίχῃ
370 2275 475 2342 φησὶ
498 2279 757 2340 κεχρῆσθαι,
788 2273 839 2332 ἣν
864 2272 985 2338 παρὰ
1004 2274 1213 2339 Κυπρίοις
1235 2272 1340 2339 φησὶ
1367 2272 1533 2339 Πρύλιν

246 2350 457 2413 λέγεσθαι,
475 2347 585 2395 ὥστε
609 2348 728 2413 παρὰ
746 2346 823 2404 τὴν
843 2345 982 2412 πυρὰν
1007 2349 1084 2404 τῆς
1103 2344 1319 2411 πυρρίχης
1334 2345 1382 2393 τὸ
1397 2346 1533 2409 ὄνομα

244 2423 407 2470 θέσθαι.
423 2427 478 2470 V.
497 2424 686 2468 Boeckh.
706 2425 776 2468 De
791 2421 1099 2480 metris-Pind.
1119 2437 1171 2481 p..
1198 2437 1310 2479 271.
1330 2421 1530 2467 Hoeckh.

250 2499 383 2542 Creta
409 2498 506 2552 III,
531 2494 623 2549 345
667 2511 768 2555 sqq.
795 2496 1012 2540 Ceterum
1035 2496 1150 2551 num
1179 2504 1307 2540 reete
1346 2496 1446 2540 haec
1470 2496 1532 2542 ad

248 2571 523 2630 Cypriorum
546 2584 691 2628 remp.
716 2568 994 2625 referantur,
1018 2575 1174 2631 potest
1195 2568 1418 2632 dubitari.

696 2676 1082 2724 ΚΥΡΗΝΑΙΩΝ.

834 2777 942 2824 206.

322 2890 475 2934 schol.
511 2890 747 2948 Aristoph.
773 2891 896 2936 Plut.
938 2890 1034 2950 925
1074 2908 1085 2935 :
1121 2889 1286 2943 Βάττος
1326 2889 1533 2956 Κυρήνην

144 2994 176 3023 3
259 2959 420 3007 ἔκτισεν
457 2958 588 3005 ἐλθὼν
615 2959 702 3005 ἀπὸ
735 2960 887 3023 Θήρας
910 2965 986 3018 τῆς
1024 2961 1136 3009 κατὰ
1171 2962 1352 3028 Κρήτην
1384 2962 1537 3020 νήσου·

254 3095 442 3144 cepisset,-
471 3094 619 3144 impetu
648 3096 751 3135 sacto
770 3107 838 3136 eos
866 3096 1027 3138 adortus
1052 3098 1298 3148 profligavit,
1323 3111 1539 3150 rerumque

254 3158 403 3209 potitus
417 3160 488 3197 est.
511 3158 757 3198 Imbecillum
776 3159 879 3198 enim
898 3164 954 3199 est
973 3172 1089 3202 omne
1115 3162 1223 3213 quod
1243 3163 1454 3203 discordat.
1472 3163 1487 3215 ]

693 3251 1092 3302 CYPRIORUM.

843 3360 942 3400 203.

308 3445 396 3484 Filii
418 3445 518 3494 regis
536 3446 576 3485 et
597 3446 734 3487 fratres
750 3450 995 3499 appellantur
1012 3453 1190 3504 ἄνακτες,
1209 3466 1363 3496 sorores
1379 3457 1418 3496 et
1439 3466 1540 3495 uxo-

258 3522 320 3551 res
339 3510 520 3550 ἄνασσαι.
539 3512 764 3553 Aristoteles
778 3515 816 3553 in
833 3517 1067 3566 Cypriorum
1086 3522 1181 3570 Rep.

832 3594 966 3650 [204]

262 3664 267 3668 ’
315 3669 328 3718 [
353 3669 515 3719 Propter
535 3669 682 3709 illatam
714 3672 784 3722 ipsi
806 3677 1085 3716 contumeliam
1103 3680 1220 3719 etiam
1242 3682 1451 3725 eunuchus
1478 3682 1543 3722 ille

260 3734 477 3782 Evagoram
504 3734 694 3783 Cyprium
728 3736 895 3776 adortus
929 3741 1003 3778 est.
1045 3743 1144 3781 Nam
1166 3746 1394 3793 propterea,
1434 3745 1543 3795 quod

259 3807 361 3835 uxor
378 3796 448 3846 ipsi
469 3797 519 3835 al)
534 3797 639 3836 illius
655 3797 735 3837 filio
751 3799 934 3850 adempta
954 3806 1077 3853 esset,
1110 3816 1203 3844 eum
1218 3807 1434 3861 interfecit,
1451 3811 1542 3866 tan-

259 3869 378 3909 quam
399 3861 638 3900 contumelia
653 3864 824 3912 accepta.
844 3862 860 3913 ]

851 3940 950 3979 2οη.

264 4011 539 4058 Aristoteles
561 4018 657 4058 «licit
685 4020 858 4070 priunum
889 4022 1083 4063 Achillem
1111 4026 1160 4064 ad
1186 4027 1377 4069 Patroclis
1404 4042 1543 4082 rogum

261 4080 470 4129 pyrrhiclw
504 4093 618 4121 usum
649 4095 754 4133 esse,
788 4096 909 4134 (piam
936 4088 1184 4128 saltationem
1228 4092 1382 4141 Cypriis
1413 4097 1545 4145 l‘rylin

263 4144 446 4192 appellari
468 4146 535 4186 ait.
564 4114 778 4196 Pyrrichiin
812 4160 903 4187 ι’·-ιιο
934 4151 1176 4192 ιιοιιιίιιιιῑιιιιι
1200 4164 1281 4194 esse
1305 4166 1325 4222 ιι
1352 4167 1447 4206 pyra
1481 4159 1545 4200 illa

265 4206 346 4250 §ive
362 4220 469 4259 rogo.

1091 270 1493 324 AmsToTELls
1530 263 1939 318 FRAGMENTA.

1558 1969 1560 1971 ’
1608 1961 1810 2006 Leutsch
1832 1962 1890 2006 V.
1924 1961 2096 2022 Thr-ige
2130 1963 2203 2007 De
2235 1962 2336 2018 reb.
2360 1963 2713 2022 'Cyrenaeorum
2763 1978 2818 2024 p.
2847 1962 2910 2008 30

1610 372 1654 419 ὃν
1690 369 1948 433 τιμήσαντες
1979 362 2177 416 Λίὸυες’
2161 361 2422 429 εχαρίσαντο
2446 365 2564 431 αὐτῶ
2591 365 2640 414 τὸ
2668 366 2902 417 κάλλιστον
2941 350 2950 360 ⁸

1608 445 1693 490 τῶν
1714 439 1917 504 λαχάνων
1938 435 1987 483 τὸ
2014 433 2198 499 σίλφιον,
2223 434 2343 482 ’toti’
2323 455 2367 483 εν
2385 435 2625 500 νομίσματι
2648 440 2776 488 αὐτὸν
2797 441 2903 506 ἐχά-

1610 513 1757 576 ραξαν,
1771 531 1811 558 τ
1802 531 1823 572 1
1843 508 1919 572 μὲν
1935 507 2175 572 βασιλείαν,
2193 511 2247 573 τῇ
2262 506 2306 554 δὲ
2323 505 2489 573 σίλφιον
2509 508 2631 574 παρὰ
2647 514 2724 570 τῆς
2739 511 2906 569 πόλεως
2930 556 2934 559 .
2996 535 2998 539 ’

1609 584 1854 648 δεχόμενον,
1879 584 1935 634 ὡς
1954 576 2283 670 Ἄριστοτέλης’
2264 599 2307 628 εν
2324 583 2378 644 τῇ
2401 581 2660 646 Κυρηναίων
2684 585 2901 653 πολιτεία.

1606 656 1666 706 ”E
1668 661 1759 702 νθεν
1775 654 1849 702 καὶ
1873 651 2129 717 ἡπαροιμία
2160 653 2233 699 ἐπὶ
2255 655 2342 700 τῶν
2369 653 2595 719 διαφόρους
2622 653 2698 703 καὶ
2734 654 2909 723 ἒξόχους
2939 681 2943 683 “

1605 727 1735 789 τιμὰς
1773 724 2089 790 δεχομένων...
2125 724 2314 785 Βάττος,
2336 728 2359 774 6
2380 725 2457 773 καὶ
2490 726 2822 793 Ἀριστοτέλης,
2854 732 2901 779 ἐν
2931 718 2953 775 3
2995 740 3000 781 ἒ

1612 797 1756 862 Λιὸύῃ
1799 797 2003 863 Κυρήνην
2033 796 2272 861 λεγομένην
2312 797 2454 846 ἔκτισε
2483 799 2598 847 κατὰ
2633 799 2707 849 τὸν
2729 801 2907 851 δοθέντα
2947 827 2949 829 ·
2995 792 3000 840 i

1606 874 1723 935 αὐτῷ
1748 869 1870 935 παρὰ
1898 869 2266 924 τοῦι-Ἀπόλλωνος
2297 871 2521 936 χρησμόν·
2555 872 2631 920 καὶ
2654 875 2694 921 οἱ
2721 876 2902 925 πολῖται
2995 873 3000 893 “

1604 945 1644 991 οἱ
1676 945 1915 1008 Κυρηναῖοι
1937 941 2220 991 ἀνταπόδοσιν
2271 946 2349 1001 τῆς
2374 944 2619 1009 εὐεργεσίας
2655 946 2903 1013 βουλόμενοι
2996 998 2999 999 ⁷

1604 1015 1870 1080 χαρίσασθαι
1889 1017 1952 1079 τῷ
1979 1016 2168 1080 βασιλεῖ,
2191 1014 2401 1074 ἐποίησαν
2426 1016 2625 1080 [εἷκόνα,
2651 1021 2712 1074 ὣς
2731 1018 2777 1068 δὲ
2795 1017 2908 1075 τινὲς
2996 1011 3003 1055 ἶ

1603 1091 1701 1134 haec
1729 1090 1990 1148 interponit
2022 1088 2228 1152 Aldina]
2272 1087 2518 1149 δακτύλίον,
2557 1091 2602 1139 ἐν
2634 1083 2673 1157 ᾧ
2719 1093 2761 1150 ἡ»
2781 1091 2908 1147 πόλις
2943 1106 2959 1151 32
2996 1082 3001 1133 f·

1606 1161 1746 1206 αὐτῶν
1771 1159 2007 1225 προσφέρει
2026 1162 2088 1225 τῷ
2112 1162 2283 1225 βασιλεῖ
2306 1160 2356 1209 τὸ
2375 1160 2559 1228 σίλφιον·
2581 1162 2727 1213 καὶτὸ
2745 1163 2914 1231 φύλλον,
2939 1159 2953 1200 2²
2996 1149 3002 1165 ἶ

1606 1231 1651 1279 δὲ
1677 1234 1809 1280 αὐτοῦ
1841 1232 1916 1279 καὶ
1953 1235 1976 1279 6
2009 1232 2176 1297 καρπὸς
2203 1233 2279 1281 καὶ
2304 1236 2326 1282 6
2350 1234 2510 1289 καυλὸς
2539 1235 2620 1283 καὶ
2641 1237 2664 1284 6
2700 1236 2804 1293 ὀπὸς
2830 1238 2908 1286 καὶ
2944 1231 2956 1281 s
2998 1234 3001 1280 ἶ

1674 1379 1745 1426 Cf.
1791 1378 1958 1424 Suidas
1998 1392 2010 1425 :
2046 1376 2267 1426 Βάττου
2306 1377 2552 1444 σίλφιον·
2577 1379 2650 1427 ἐπὶ
2672 1381 2770 1429 ,τῶν
2793 1399 2908 1430 σπα-

1605 1449 1718 1503 νίους
1737 1448 1866 1514 τιμὰς
1887 1449 2220 1514 λαμὸανόντων·
2261 1453 2301 1499 οἱ
2334 1451 2420 1518 γὰρ
2450 1453 2693 1518 Κυρηναῖοι
2723 1451 2788 1501 ἑνὶ
2820 1457 2908 1502 τῶν
2946 1455 2947 1458 ’
2998 1455 3001 1458 ’

1608 1522 1790 1571 Βάττων
1808 1521 2026 1588 ἐξαίρετον
2050 1523 2205 1571 ἔδοσαν
2225 1523 2274 1572 τὸ
2293 1524 2459 1592 σίλφιον
2489 1544 2564 1573 και
2589 1544 2664 1574 του
2684 1525 2906 1592 νομίσμα-

1605 1614 1674 1650 τος
1693 1594 1765 1643 ἐπὶ
1792 1593 1868 1659 μὲν
1893 1596 2074 1662 θατέρου
2103 1595 2354 1660 Ἄμμωνα,
2378 1597 2449 1645 ἐπὶ
2469 1597 2515 1646 δὲ
2535 1597 2715 1667 θατέρου
2739 1598 2909 1668 σίλφιον

1605 1667 1849 1716 ἕτύπωσαν·
1885 1670 1925 1716 οἱ
1945 1666 1990 1716 δὲ
2021 1668 2092 1716 ἐπι
2123 1668 2293 1727 Λιὸύης
2315 1669 2612 1734 Ἀμπελιῶται
2639 1673 2698 1728 εἷς
2715 1672 2909 1740 Δελφους
2925 1677 2943 1708 ἒ

1608 1739 1811 1789 ἀνέθεσαν
1839 1739 1999 1796 καυλὸν
2026 1741 2213 1807 σιλφίου.
2237 1746 2482 1806 Hesych.:
2501 1742 2716 1807 Ἀμμους,
2734 1747 2758 1792 6
2781 1745 2915 1801 Ζεύς,
2955 1779 2958 1782 ·

1607 1813 1823 1880 Ἀριστοτε
1805 1812 1922 1872 έλης.
1959 1818 2175 1876 Apostol.
2187 1819 2245 1875 V,
2272 1827 2355 1875 403
2377 1819 2600 1863 Arsenius
2635 1819 2744 1877 137;
2784 1820 2910 1865 Bek-

1606 1888 1708 1933 ker.
1735 1889 1827 1932 An.
1859 1890 1907 1944 I,
1943 1903 1994 1947 p.
2025 1894 2149 1946 2243
2181 1889 2435 1949 Appendix
2454 1892 2596 1938 Prov.
2636 1888 2679 1946 I,
2709 1882 2766 1935 51
2794 1891 2909 1951 ibiq.

1607 2047 1709 2093 sqq·
2307 2080 2312 2088 ·

2195 2122 2306 2165 207.

1673 2172 1844 2217 Pollux
1869 2173 1965 2229 IX,
2009 2173 2070 2218 62
2100 2189 2111 2216 ε
2136 2161 2225 2219 ’Ἦν
2248 2170 2411 2234 μέντοι,
2435 2172 2493 2225 ὡς
2509 2168 2822 2236 Ἀριστοτέλης
2830 2183 2914 2238 φη-

1610 2241 1740 2301 σὶν,’
1721 2261 1765 2290 εν
1804 2241 1984 2308 Κυρήνῃ
2012 2242 2088 2291 καὶ
2119 2241 2466 2308 τετραστάτηρον
2505 2241 2581 2290 καὶ
2629 2241 2798 2310 στατὴρ
2833 2243 2912 2292 καὶ

1608 2314 1907 2391 ἡμιστάτηρον
1933 2323 2078 2381 χρυσᾶ
2113 2315 2382 2380 νομίσματα.
2408 2317 2477 2364 Cf.
2500 2318 2671 2364 Pollux
2693 2317 2783 2376 IX,
2810 2319 2908 2367 60:
2937 2362 2956 2372 ,

1608 2379 1697 2436 Ἠν
1714 2387 1760 2435 δὲ
1777 2389 1825 2435 οὗ
1849 2388 2027 2454 δραχμὴ
2046 2388 2239 2452 νόμισμα
2260 2388 2405 2453 μόνον;
2432 2387 2546 2435 ἀλλὰ
2566 2387 2644 2438 καὶ
2659 2407 2911 2450 πεντηκον-

1609 2460 1867 2527 τάδραχμον
1887 2461 1962 2508 καὶ
1990 2461 2329 2527 πεντάδραχμον
2363 2459 2486 2526 παρὰ
2509 2459 2795 2525 Κυρηναίοις,
2835 2481 2910 2510 και
2954 2520 2955 2523 ¹

1609 2533 1939 2599 τετράδραχμον
1951 2536 2148 2598 ἐκαλεῖτο
2165 2554 2239 2583 και
2259 2534 2527 2600 τρίδραχμον
2552 2533 2628 2581 καὶ
2655 2533 2911 2599 δίδραχμον.

1675 2608 1818 2670 Apud
1849 2611 2006 2669 Etym.
2049 2611 2114 2657 M.
2140 2625 2188 2669 p.
2215 2609 2294 2666 33,
2324 2609 2350 2653 3
2381 2625 2392 2654 ε
2427 2605 2595 2671 Αἰθὴρ,
2619 2605 2742 2676 παρὰ
2776 2605 2913 2655 τὸάεὶ
2948 2620 2950 2625 ’

1610 2682 1696 2726 θεῖν
1709 2681 2045 2746 κυκλοφορικῶς,
2062 2699 2191 2746 φησιν
2208 2678 2512 2771 Ἀριστοτέλης
2525 2677 2912 2744 περιΚυρηναίων,

1611 2754 1862 2815 legendum
1887 2752 1982 2832 Ἀρ.
2009 2753 2107 2815 περὶ
2131 2752 2339 2819 οὐρανίων
2361 2764 2440 2799 aut
2456 2751 2758 2818 Ἀριστοτέλης
2771 2753 2802 2798 6
2817 2753 2912 2801 Ku-

1614 2829 1741 2887 ρηναῑ
1729 2843 1800 2876 ιος.

2190 2897 2347 2960 [208.]

1680 2971 1890 3029 [Aristot.
1907 2972 2008 3017 Pol.
2028 2972 2114 3028 VI,
2141 2986 2167 3015 2
2183 2963 2201 3027 ,¹
2233 2986 2289 3015 10
2318 2986 2328 3014 :
2357 2967 2471 3033 Πρὸς
2503 2967 2547 3016 δὲ
2569 2966 2618 3014 τὸ
2641 2966 2915 3015 καταστάναι

2018 3094 2502 3169 CYRENAEORUM.

2217 3224 2319 3269 206.

1667 3320 1810 3360 Battus
1837 3330 1860 3359 a
1887 3319 2045 3369 Thera,
2067 3329 2159 3369 quae
2187 3318 2316 3358 insula
2345 3328 2369 3363 e
2399 3316 2558 3367 regione
2579 3315 2708 3356 Cretae
2729 3313 2805 3355 sita
2829 3315 2913 3365 est,

1615 3385 1817 3434 profectus
1837 3386 2011 3434 cyrenas
2027 3382 2218 3423 condidit.
2242 3375 2373 3432 Quem
2389 3372 2516 3432 quum
2538 3379 2580 3419 in
2599 3378 2751 3419 honore
2773 3377 2918 3429 Lihyes
2939 3371 2945 3427 J-

1617 3449 1809 3488 haherent
1813 3447 2040 3499 ‚gratificati
2049 3448 2085 3490 ei
2097 3448 2190 3487 sunt
2203 3446 2516 3498 pulcherrimum
2529 3445 2700 3494 olerum,
2710 3441 2914 3495 silphium,

1618 3517 1740 3565 atque
1757 3514 1970 3566 imaginem
1986 3513 2117 3554 Batti
2105 3524 2148 3555 ιιι
2166 3523 2334 3552 ιιιιιιιιιιο
2356 3503 2635 3562 expresserunt
2649 3509 2776 3549 altera
2791 3519 2932 3549 mauu.

1617 3579 1855 3629 potestatem
1873 3577 2046 3628 regiam,
2073 3567 2200 3616 altera
2221 3575 2411 3627 silphium
2430 3574 2482 3614 ab
2500 3573 2602 3613 urbe
2625 3571 2913 3633 accipientem,

1619 3643 1664 3682 ut
1686 3641 1918 3682 Aristoteles
1937 3639 2094 3680 tradit
2082 3651 2124 3680 ιιι
2140 3641 2426 3690 cyrenaeorum
2454 3647 2537 3688 rep.
2561 3636 2663 3676 Hinc
2684 3635 2805 3676 etiam
2819 3645 2913 3686 pro-
2931 3653 2938 3667 a

1619 3705 1804 3746 verbium
1826 3704 1999 3754 (Βάττου
2020 3703 2192 3754 σίλφιον)
2209 3701 2260 3742 de
2282 3701 2329 3742 iis
2347 3701 2492 3752 quibus
2522 3698 2658 3742 eximii
2685 3698 2756 3761 et·
2746 3698 2920 3757 insignes

1618 3769 1790 3810 honores
1804 3768 2015 3817 habentur,
2032 3765 2215 3816 usurpari
2231 3765 2375 3806 solet.

1670 3837 1857 3882 Ammon,
1884 3831 1908 3871 i.
1925 3841 1961 3871 e.
1977 3830 2147 3882 Jupiter.
2164 3816 2409 3870 Aristoteles.

2212 3912 2315 3953 207.

1672 3997 1767 4039 Erat
1782 3996 1930 4045 etiam,
1948 3995 1994 4036 ut
2010 3991 2240 4035 Aristoteles
2254 3991 2391 4040 tradit,
2410 3990 2579 4043 Cyrenis
2596 3988 2860 4041 quadristater
2876 3984 2921 4090 οξ

1620 4064 1741 4103 stater
1756 4064 1797 4102 et
1815 4061 2058 4110 semistater,
2079 4056 2201 4098 aurea
2215 4057 2469 4098 numismata.
