3016 4628
275 261 365 300 1142

260 354 615 421 ἀπορρηγνύμενα
629 357 834 420 πυροειδῆ
851 355 1095 418 σπάσματα
1112 354 1314 421 φέρεσθαι
1326 358 1548 421 πολλαχοῦ

258 431 330 478 καὶ
361 428 639 493 ἀστράπτειν,
672 426 820 494 ὥσπερ
849 431 888 477 οἵ
921 427 1156 496 διᾴττοντες
1190 429 1381 495 ἀστέρες.
1422 429 1549 478 Ἐπεὶ

259 504 302 550 δὲ
329 506 509 550 ἐνταῦθα
533 506 608 560 τῆς
632 505 711 565 γῆς
735 501 878 568 ἔὸρισε
903 502 977 550 καὶ
1008 501 1281 564 παυσάμενοι
1313 502 1446 567 φόὸου
1477 502 1549 549 καὶ

257 573 445 637 θάμὸους
464 576 502 622 οἱ
524 573 747 639 ἐπιχώριοι
770 576 990 632 συνῆλθον,
1015 572 1136 639 ὤφθη
1161 573 1291 637 πυρὸς
1327 573 1404 635 μὲν
1431 572 1549 620 οὐδὲν

257 647 378 710 ἔργον
417 647 502 694 οὐδ’
537 646 655 711 ἴχνος
694 652 914 707 τοσοῦτον,
941 646 1055 700 λίθος
1080 646 1125 692 δὲ
1156 646 1373 707 κείμενος,
1410 644 1551 698 ἄλλως

257 720 333 782 μὲν
359 719 518 783 μέγας,
540 719 659 768 οὐθὲν
685 718 731 767 δὲ
757 718 904 784 μέρος,
923 722 980 773 ὡς
1003 722 1150 777 εἰπεῖν,
1171 717 1333 774 ἐκείνης
1357 721 1432 774 τῆς
1465 737 1551 763 πυ-

257 793 440 856 ροειδοῧς
477 796 682 858 περιοχῆς
727 811 854 856 εχων.
901 790 1007 840 Ὅτι
1043 790 1120 853 μὲν
1150 794 1221 837 οὖν
1268 789 1545 854 εὐγνωμόνων

254 867 278 910 ὁ
301 860 527 929 Δαιμαχος
552 867 773 927 ἀκροατῶν
799 865 933 910 δεῖται
957 861 1119 919 δῆλός’
1101 880 1235 909 εστιν.

851 1066 954 1130 (6.)

317 1179 518 1238 Diogen.
545 1180 597 1223 L.
620 1179 641 1221 Ι
657 1211 669 1232 ,
695 1176 754 1220 3ο
783 1192 793 1219 :
820 1171 1037 1235 Δαΐδαχος
1061 1170 1096 1216 δ’
1117 1173 1139 1217 6
1175 1169 1456 1222 Πλατωνικὸς
1474 1168 1548 1216 καὶ

253 1250 479 1313 Κλέαρχος
493 1251 566 1310 (fr.
588 1255 663 1302 44.
687 1247 744 1310 c.)
765 1245 920 1311 φιάλην
939 1245 1234 1298 ἀποσταλῆναι
1257 1242 1337 1289 ὑπὸ
1360 1242 1545 1307 Κροίσου

253 1322 488 1385 Πιττακῷ,
510 1319 582 1366 καὶ
607 1318 716 1366 οὕτω
740 1320 1062 1381 περιενεχθῆναι
1091 1315 1271 1378 (φασίν).

319 1391 546 1456 Δαΐμαχος
583 1395 604 1438 6
626 1389 868 1442 Πλαταιεὺς
884 1389 1194 1461 'scribendum
1219 1405 1312 1434 esse
1345 1390 1548 1449 suspica·

253 1476 329 1511 tur
345 1468 653 1512 Casaubonus.
681 1464 843 1510 Cobet.
872 1464 921 1506 in
939 1462 1185 1506 novissima
1202 1462 1424 1522 Diogenis
1445 1462 1548 1506 edi—

251 1539 380 1583 tione
399 1538 478 1583 dat
503 1552 514 1584 ε
541 1535 751 1584 Δαίδαλος
767 1534 790 1578 6
818 1532 1112 1585 Πλατωνικός.

867 1646 889 1659 Η

871 1659 908 1686 s·

316 1740 552 1784 Plutarch.
591 1739 807 1797 Compar.
846 1737 1007 1781 Solon.
1046 1745 1092 1779 et
1123 1737 1256 1796 Popl.
1283 1752 1323 1783 c,
1350 1741 1375 1789 4
1405 1750 1417 1782 ε
1444 1737 1545 1782 Τῶν

254 1808 398 1872 μέντοι
433 1811 690 1870 πολεμικῶν,
712 1808 877 1856 Σόλωνι
901 1806 976 1868 μὲν
1001 1805 1096 1853 οὐδὲ
1123 1806 1175 1853 τὰ
1200 1805 1303 1872 πρὸς
1331 1809 1547 1871 Μεγαρεῖς

249 1876 476 1946 Δαίμαχος
511 1885 532 1928 6
569 1880 812 1934 Πλαταιεὺς
848 1878 1197 1944 μεμαρτύρηκεν,
1237 1878 1385 1946 ὥσπερ
1421 1883 1547 1943 ἡμεῖς

253 1958 451 2017 (Solon.
494 1971 535 2000 e.
576 1954 635 2017 8)
663 1953 990 2014 διεληλύθαμεν.
1022 1955 1091 2002 Cf.
1123 1955 1309 2000 Miiller.
1347 1957 1461 2000 Dor.
1490 1958 1512 2000 I
1531 1991 1544 2013 ,

246 2045 296 2088 p.
332 2029 418 2086 176
440 2044 507 2086 sq.
530 2028 711 2072 Referri
733 2029 827 2072 haec
851 2036 1043 2087 possunt
1066 2027 1126 2072 ad
1145 2043 1250 2072 eum
1272 2028 1444 2072 librum
1459 2063 1472 2085 ,
1499 2030 1550 2074 in

249 2116 344 2158 quo
371 2101 429 2144 de
449 2109 621 2159 septem
640 2101 919 2159 sapientibus
938 2116 1092 2145 sermo
1117 2109 1215 2146 erat
1257 2099 1330 2162 (fr.
1369 2101 1439 2162 6),
1472 2102 1548 2146 vel

250 2173 386 2216 etiam
419 2172 478 2216 ad
513 2173 879 2217 Commentarios
913 2174 1248 2230 obsidionales,
1281 2175 1315 2219 si
1351 2174 1545 2235 quidem

250 2252 374 2288 recte
396 2252 441 2288 et
459 2245 507 2288 hi
530 2253 575 2288 et
595 2246 670 2288 ille
694 2246 865 2290 Nostro
890 2245 1207 2290 vindicantur.

857 2363 902 2410 8.

309 2468 465 2513 Schol.
487 2470 707 2528 Apollon.
730 2469 820 2514 Rh.
839 2470 887 2525 I,
910 2467 1002 2514 558
1023 2483 1034 2516 ζ
1056 2463 1284 2532 Δηίμαχος
1305 2468 1349 2515 δὲ
1375 2469 1423 2515 ἐκ
1453 2469 1540 2516 Φι-

242 2538 434 2599 λομήλης
446 2543 521 2596 τῆς
535 2535 734 2603 Ἄκτορος
760 2543 936 2601 (natum
947 2558 1040 2587 esse
1053 2544 1283 2588 Achillem
1300 2542 1449 2604 dicit).
1467 2542 1536 2587 Cf.

243 2612 453 2670 Dionysii
473 2613 783 2659 Chalcidensis
803 2614 860 2660 fr.
885 2614 932 2662 6.
960 2617 1028 2659 Ex
1054 2631 1260 2675 quonam
1282 2631 1424 2675 opere
1443 2615 1542 2659 haec

242 2685 385 2741 petita
405 2686 516 2742 sint,
540 2687 779 2732 nescimus.
806 2687 939 2731 Idem
953 2689 1077 2733 valet
1093 2688 1151 2733 de
1163 2689 1474 2748 sequentibus.

309 2756 841 2817 Scl101.11.X111,218:
864 2759 1058 2812 Αἰτωλὸς
1091 2765 1192 2813 παῖς
1216 2758 1335 2822 μὲν
1315 2779 1364 2817 ην
1391 2758 1542 2807 Ἐνδυ-

246 2824 424 2886 μίωνος,
443 2826 486 2881 ὃς
514 2831 678 2876 ‘’Amv
655 2831 861 2886 ακουσίως
886 2831 957 2878 τὸν
984 2831 1225 2898 Φορωνέως
1247 2831 1462 2879 ἀνελὼν”
1438 2851 1540 2897 εφυ-

244 2915 317 2959 γεν
357 2900 413 2952 εἷς
457 2899 534 2957 τὴν
559 2901 632 2948 ἀπ’
676 2905 814 2950 αὐτου
845 2909 1261 2980 προσαγορευθεῖσαν
1303 2904 1541 2963 Αἰτωλίαν,

244 2971 350 3019 >tobis
353 2974 374 3017 ῒ
401 2977 621 3020 τεκνοῦται
663 2976 927 3041 Πλευρῶνα,
957 2979 1028 3042 ἀφ’
1083 2981 1096 2998 ⁶
1133 2981 1146 2997 ‘
1183 2979 1196 2996 ⁹

248 3043 311 3096 λις
346 3044 550 3110 Πλευρὼν
585 3047 757 3105 ἐκλήθη.
796 3048 961 3097 Τούτου
987 3048 1031 3096 δὲ
1055 3050 1243 3112 γίνονται
1268 3049 1343 3097 δύο
1367 3050 1541 3107 παιδες,

249 3113 424 3179 Κούρης’
460 3117 534 3164 καὶ
570 3119 796 3179 Καλυδὼν,
823 3121 894 3186 ἀφ’
935 3126 993 3168 ὧν
1033 3122 1162 3170 ἄλλαι
1204 3122 1277 3171 δύο
1321 3120 1465 3176 πόλεις
1500 3123 1542 3167 ἐν

247 3188 440 3252 Αἰτωλίᾳ
463 3191 882 3257 προσηγορεύθησαν.
911 3194 1040 3243 Οὕτω
1060 3192 1301 3260 Δηίμαχος.

247 3326 464 3374 fragmenta
498 3329 607 3378 ignea
637 3330 816 3371 fulserint
845 3335 1044 3374 stellarum
1075 3336 1299 3376 salientium
1330 3335 1465 3375 modo.
1493 3334 1536 3375 Id

246 3391 454 3439 postquam
481 3391 522 3430 in
547 3394 693 3432 terram
715 3395 875 3435 tandem
906 3409 952 3437 eo
982 3399 1161 3439 locorum
1199 3399 1432 3440 decubuerit
1457 3410 1538 3439 me·

247 3453 371 3502 tuque
397 3456 438 3492 et
462 3456 612 3495 terrore
637 3457 791 3498 liberati
812 3460 950 3500 incolae
973 3464 1229 3504 convenerint
1256 3465 1306 3504 ad
1334 3464 1537 3514 spectacu-

247 3515 348 3563 lum,
368 3517 524 3557 nullum
542 3518 581 3558 in
593 3530 639 3558 eo
656 3520 752 3570 ignis
767 3533 890 3573 opus,
905 3526 1059 3565 nullum
1074 3528 1282 3577 vestigium
1294 3527 1534 3579 apparuisse,

246 3579 314 3618 sed
332 3590 519 3630 magnum
537 3582 729 3633 lapidem,
747 3586 815 3635 qui
839 3589 970 3627 tamen
984 3590 1053 3628 vix
1070 3591 1251 3641 exiguam
1268 3592 1402 3642 ignitae
1421 3592 1536 3632 istius

248 3643 363 3683 molis
393 3646 685 3695 portiunculam
716 3652 905 3700 expleret
943 3654 1083 3705 Liquet
1121 3668 1236 3708 sane,
1271 3659 1534 3698 Daimachum

248 3707 424 3759 benignis
442 3711 688 3753 auditoribus
706 3725 805 3764 opus
820 3716 977 3757 habere.

871 3786 914 3824 6.

303 3844 562 3885 Daimachus
595 3847 846 3888 Platoeensis
862 3853 901 3889 et
923 3852 1135 3895 Clearchus
1167 3857 1323 3905 pliialen
1352 3870 1375 3897 a
1396 3861 1533 3899 Croeso

249 3908 405 3953 missam
423 3920 505 3948 esse
530 3911 705 3960 Pittaco,
726 3923 774 3951 ac
789 3914 844 3952 sic
863 3914 1045 3967 deinceps
1061 3930 1128 3967 per
1143 3921 1279 3962 orbem
1297 3919 1531 3973 sapientium

247 3982 331 4010 esse
347 3972 619 4013 circumlatam
641 3975 817 4015 tradunt.

870 4047 911 4085 7.

301 4107 413 4150 Quoi
432 4108 479 4146 ad
502 4120 562 4147 res
578 4109 736 4149 bellicas
756 4111 918 4161 attinet,
948 4124 1036 4164 qum
1053 4126 1123 4155 nos
1139 4117 1188 4155 ad
1205 4122 1381 4160 Solonis
1373 4134 1412 4162 m
1430 4123 1533 4163 bello

252 4171 455 4273 {tongam-o
475 4183 533 4209 rr
517 4175 678 4221 gestas
698 4174 927 4225 attulimus,
957 4180 1013 4217 est
1043 4179 1110 4228 qui
1149 4184 1262 4230 neget
1297 4186 1534 4228 Daimaclius

311 4231 508 4275 «lirensis

1233 250 1609 300 DAIMACHUS
1643 248 2047 299 PLATAEENSlS
2061 284 2071 294 ,

1599 3675 1722 3724 sugit,
1740 3674 1874 3724 ibique
1889 3675 2024 3724 genuit
2043 3675 2294 3724 Pleuronem,
2308 3685 2332 3714 a
2343 3685 2424 3726 quo
2449 3675 2619 3715 Pleuron
2635 3675 2731 3716 urbs
2746 3673 2901 3724 AEtolbs

1777 457 2227 507 ΥΠΟΜΝΗΜΑΤΑ
2249 380 2772 511 εἰῙΟΛΙΟΡΚΗΤῙΚΑ.

1691 566 1911 625 Stephan.
1938 580 1982 610 v.
1999 567 2105 624 Byz.
2125 562 2444 626 Λακεδαίμων·
2463 563 2593 613 Ἔστι
2615 566 2728 614 καὶ..
2734 566 2819 616 .τὸ
2835 570 2924 619 Λα-

1626 634 1805 682 κωνικὸν
1827 635 2031 699 σιδήριον·
2054 635 2353 697 στομωμάτων
2370 635 2454 703 γὰρ
2473 636 2523 685 τὸ
2537 637 2613 700 μὲν
2630 639 2934 707 Χαλυὸδικὸν,--

1626 708 1674 753 τὸ
1691 706 1734 753 δὲ
1717 706 2008 764 εΣινωπικὸν,
2024 706 2073 754 τὸ
2090 706 2133 753 δὲ
2153 707 2328 767 Λύδιον,
2344 708 2398 756 τὸ
2411 707 2454 756 δὲ
2467 711 2736 761 Λακωνικόν.
2755 712 2845 761 Καὶ
2855 708 2943 774 &⁸1
2950 714 2951 717 ¹

1626 779 1868 826 Σινωπικὸν
1887 779 1960 825 καὶ
1982 777 2258 828 Χαλυὸδικὸν
2274 782 2332 834 εἷς
2349 780 2405 828 τὰ
2424 781 2670 842 τεκτονικὰ,
2689 782 2737 832 τὸ
2761 783 2807 833 δὲ
2826 771 2941 861 Ait-{⁸

1625 851 1805 898 κωνικὸν
1830 852 1888 904 εἷς
1915 854 2031 917 ῥῖνας
2053 851 2128 898 καὶ
2151 851 2500 918 σιδηροτρύπανα
2531 855 2606 903 και
2641 850 2940 924 χαρακτῆρας

1624 923 1698 970 καὶ
1720 924 1779 976 εἰς
1799 921 1854 969 τὰ
1877 924 2151 988 λιθουργικὰ,
2170 923 2220 972 τὸ
2240 923 2285 972 δὲ
2308 925 2466 975 Λύδιον
2500 926 2575 974 καὶ
2597 927 2702 976 αὐτὸ
2723 931 2783 985 εἷς
2804 932 2938 996 ῥῖνας

1624 995 1697 1041 καὶ
1735 994 1954 1085 μαχαίρας
1981 995 2055 1043 καὶ
2082 994 2203 1061 ξυρία
2229 996 2304 1044 καὶ
2329 996 2621 1063 ξυστῆρας,“’
2589 1019 2646 1054 ως
2668 1019 2773 1067 φησι
2808 1000 2943 1069 Aut-{ss

1625 1086 1685 1130 μα
1689 1085 1765 1131 ,(ος
1789 1070 1831 1114 ἐν
1855 1068 2240 1133 πολιορκητικοῖς
2224 1070 2510 1134 υπομνήμασι
2536 1071 2616 1121 λε’.
2637 1055 2946 1144 Stephanus-'³
2982 1076 2995 1137 Ξ]

1623 1144 1862 1215 exscripsit
1898 1144 2106 1191 Eustath.
2143 1144 2204 1189 ad
2238 1145 2294 1192 Il.
2332 1161 2392 1206 2,
2435 1145 2546 1194 581.
2581 1147 2654 1197 Cf
2692 1148 2839 1197 schol.
2859 1146 2947 1197 n'.
2982 1156 2990 1203 ξ

1629 1205 1704 1271 13,
1730 1214 1846 1272 218;
1864 1217 2051 1264 Miiller.
2070 1218 2182 1264 Dor.
2210 1219 2282 1275 ΙΙ,
2302 1217 2381 1267 28.
2983 1234 2987 1249 ²

2947 520 2949 522 '
2947 355 2971 495 --·‘.,.124‚5
2946 317 2971 341 jx,
2949 276 2955 284 ⁴
2948 127 2970 230 „4257—
2951 59 2966 80 κ,
2948 12 2963 35 a.

2983 1120 2990 1140 w
2969 274 2995 1086 <vm-0r-2212m-wa-m-w-ne-wm>1‡-vvae.-v:invem-zemeaevvffl'sffl„·=
2978 227 2985 246 ‘¹¹
2976 171 2992 196 “⁷¹¹5
2956 8 2995 158 ἣὴζὲ-’ζῖἶὶί

2133 1379 2402 1408 ——QOOO-—ss-

1991 1524 2544 1597 PATROCLES.

1688 1702 1948 1747 Patroclem
1976 1699 2035 1762 (*)
2055 1702 2395 1764 et-Dionysium
2419 1703 2479 1749 ad
2503 1703 2687 1750 Indicas
2708 1707 2931 1768 regiones.
2983 1681 2988 1752 ξ

1623 1775 1880 1819 accuratius
1919 1775 2229 1834 explorandas
2261 1777 2466 1824 multum
2506 1779 2754 1824 contulisse
2780 1795 2920 1842 supra
2984 1787 2985 1790 ’

1621 1846 1823 1891 vidimus
1867 1862 1924 1892 ex
1963 1848 2071 1892 loco
2110 1848 2249 1891 Plinii
2292 1846 2386 1912 (VI,
2424 1865 2503 1896 21.
2532 1853 2586 1905 V,
2631 1852 2916 1912 Megasthen.

1622 1918 1880 1963 introduct.
1909 1918 1943 1980 ).
1978 1921 2049 1964 De
2070 1920 2296 1979 Dionysio
2335 1936 2475 1980 quem
2514 1922 2565 1966 in
2590 1923 2773 1969 Indiam
2798 1927 2920 1972 misit

1622 1991 1893 2035 Ptolemaeus
1930 1990 2286 2051 Philadelphus,
2312 1981 2388 2039 vel
2423 2002 2478 2038 ut
2509 2009 2655 2040 novas
2689 1995 2938 2044 commer-v
2982 2036 2985 2043 ,-

1623 2063 1702 2107 ciis
1717 2064 1812 2108 vias
1832 2063 2137 2123 patefaceret,
2167 2065 2242 2108 vel
2261 2066 2528 2111 societatem
2549 2083 2655 2112 cum
2690 2068 2920 2122 Indorum
2982 2126 2984 2128 V

1620 2135 1808 2196 regibus
1833 2136 2077 2197 jungeret,
2112 2137 2300 2182 aliunde
2322 2138 2440 2182 nihil
2467 2148 2662 2187 constat.
2685 2142 2922 2191 Patrocles
2981 2199 2984 2202 ⁴

1621 2223 1733 2252 vero
1758 2209 1843 2253 sub
1878 2210 2072 2254 Seleuco
2096 2209 2316 2254 Nicatore
2346 2209 2536 2269 ejusque
2561 2209 2658 2256 filio
2681 2214 2937 2264 Antiocho-⁴

1620 2296 1706 2340 per
1731 2290 1912 2341 tempus
1935 2280 2131 2339 aliquod
2163 2282 2655 2342 regionibuspraefuit,
2682 2300 2785 2344 quae
2812 2284 2939 2334 sunt
2983 2310 2986 2311 ⁷

1622 2354 1744 2398 circa
1781 2369 1910 2398 mare
1934 2354 2249 2413 Hyrcanicum
2283 2363 2422 2415 atque
2456 2357 2672 2416 Caspium
2710 2358 2796 2415 (fr.
2843 2342 2943 2429 7)‚}'·

1620 2442 1766 2486 eaque
1788 2428 1940 2472 maria
1968 2442 2091 2471 cum
2089 2428 2236 2473 classe
2259 2430 2583 2488 perlustravit,
2610 2446 2668 2477 eo
2705 2441 2758 2477 ut
2785 2432 2936 2482 vidais<

1620 2508 1696 2544 tur
1713 2502 1932 2558 consilio,
1950 2509 2003 2544 ut
2018 2501 2263 2560 utriusque
2283 2501 2662 2560 conjunctionem
2682 2484 2951 2580 quanda&

1618 2573 1939 2635 investigaret,
1971 2574 2201 2633 simulque
2239 2584 2494 2635 quaereret,
2522 2592 2617 2636 quo
2650 2577 2798 2622 modo
2822 2577 2949 2638 huoi?

1619 2644 1806 2691 deflecti
1850 2647 2028 2705 possint
2073 2642 2353 2692 commercia
2394 2663 2501 2693 cum
2531 2646 2936 2710 septemtrionalm

1618 2717 1764 2762 Indiae
1790 2719 1980 2778 populis
1998 2718 2239 2780 jungenda
2265 2719 2359 2780 (Cf.
2378 2719 2610 2781 Droysen.
2633 2724 2812 2770 Hellen.
2840 2724 2913 2780 11,

1621 2806 1672 2850 p.
1720 2791 1827 2853 63).
1873 2793 2091 2837 Ceterum
2123 2793 2359 2837 Patrocles
2389 2802 2550 2840 noster
2588 2794 2716 2840 idem
2747 2796 2916 2857 procul

1618 2863 1765 2908 dubio
1789 2871 1856 2908 est
1876 2879 1983 2908 cum
2003 2879 2059 2909 eo
2073 2898 2086 2920 ,
2105 2865 2187 2924 qui
2209 2880 2284 2911 an.
2309 2864 2399 2911 312
2421 2866 2651 2932 Babyloni
2672 2881 2700 2914 a
2721 2869 2914 2916 Seleuco
2977 2874 2981 2891 ³

1617 2935 1863 2995 praefectus
1895 2945 1994 2981 erat
2020 2935 2231 2997 (Diodor
2245 2938 2389 2993 XIX,
2422 2938 2560 3000 100),
2596 2938 2770 2987 deinde
2811 2935 2908 3005 (an.
2979 2979 2983 2982 .

1620 3005 1743 3070 286)
1767 3009 1965 3055 Seleuco
1979 3009 2228 3070 persuasit,
2266 3024 2326 3054 ne
2352 3008 2519 3056 fideret
2540 3012 2783 3057 Demetrio
2819 3014 2911 3059 Po·

1671 3149 1722 3200 (*)
1749 3149 1882 3189 Alium
1920 3149 2159 3200 Patroclem‚
2190 3149 2381 3190 Thurium
2408 3151 2589 3202 poetam,
2625 3153 2912 3210 commemorat

1618 3208 1746 3248 clem.
1768 3208 1881 3247 Alex.
1900 3209 2029 3247 Protr.
2054 3218 2093 3258 p.
2114 3214 2154 3256 9,
2170 3208 2211 3247 et
2230 3207 2610 3259 StobaeusFlorileg.
2631 3210 2735 3260 cxl,
2753 3212 2793 3251 3

2235 3338 2287 3377 8.’

1612 3406 1855 3447 Daimachus
1885 3405 2077 3447 Achillem
2106 3406 2345 3446 Philomeles
2368 3407 2511 3446 Actore
2540 3406 2646 3447 natae
2672 3405 2800 3448 filium
2822 3416 2910 3454 uo

1613 3471 1723 3512 dicit.

1660 3544 1830 3592 AEtoluS‚
1853 3542 2118 3594 Endymionis
2137 3543 2258 3593 filius,
2279 3553 2404 3595 quum
2423 3545 2522 3595 Apin
2557 3544 2756 3586 Phoronei
2773 3544 2900 3603 filiun

1608 3610 1758 3650 invitus
1774 3609 2004 3659 occidisset,
2024 3609 2065 3648 in
2084 3599 2269 3649 AE⁰toliam
2285 3609 2367 3649 ab
2355 3620 2440 3660 ipso
2454 3619 2601 3650 nomen
2615 3609 2800 3662 adeptam
2814 3599 2907 3657 oon

1607 3739 1812 3779 nominata
1842 3739 1914 3779 est.
1935 3739 2108 3779 Pleuron
2141 3749 2238 3779 vero
2257 3738 2357 3779 duos
2387 3738 2529 3780 habuit
2551 3739 2669 3790 filios,
2701 3741 2900 3796 curans

1607 3804 1867 3855 Calydonem,
1887 3814 1910 3843 a
1925 3804 2072 3854 quibus
2083 3804 2172 3844 aliae
2190 3803 2281 3844 duae
2296 3804 2416 3844 urbes
2437 3805 2477 3844 in
2497 3804 2642 3846 AEtolia
2664 3814 2799 3846 nuncu
2812 3825 2826 3863 ι·
2848 3823 2867 3835 »ι

1605 3871 1712 3910 sunt.
1734 3869 1798 3910 Sic
1817 3869 2071 3910 Daimachus.

2231 3951 2272 3990 9.

1773 4030 2228 4079 OBSIDIONALES
2265 4031 2733 4081 COMMENTARII.

1658 4122 1897 4162 Laconicum
1917 4122 2198 4162 ferramentum
2215 4138 2223 4162 :
2243 4123 2416 4163 acierum
2433 4122 2537 4163 enim
2554 4122 2630 4163 alia
2645 4122 2705 4162 est
2721 4098 2868 4173 cmlv*

1606 4187 1693 4227 dica
1708 4217 1720 4237 ,
1749 4187 1824 4227 alia
1843 4188 2023 4237 Sinopica
2040 4217 2051 4236 ,
2076 4187 2152 4227 alia
2169 4188 2310 4238 Lydia,
2330 4189 2405 4228 alia
2426 4188 2629 4228 Laconica.
2661 4186 2793 4238 Sinopi
2826 4203 2864 4238 ι,

1607 4253 1846 4302 Clialybdica
1874 4252 1921 4292 ad
1945 4253 2092 4292 fabrilia
2108 4284 2120 4302 ,
2140 4254 2329 4294 Laconica
2347 4254 2394 4293 ad
2414 4254 2526 4293 limas
2543 4255 2581 4293 et
2600 4252 2723 4293 terrea
2740 4251 2844 4293 tere'
