3016 4628
905 255 981 313 ET
1017 266 1353 315 TlMONibis
1393 266 1689 314 LEUCADH
1731 268 2141 320 FRAGMENTA.

203 379 287 440 μὴν
313 380 552 435 ἀποστῆναι
579 375 648 422 διὰ
671 378 792 432 τοῦτο
817 376 890 429 τῆς
915 374 1186 435 πολιορκίας,
1214 374 1308 418 ἀλλ’
1333 372 1489 434 ἐμμεί-

201 469 333 500 ναντα
357 452 417 513 τῷ
447 446 625 511 πολέμῳ
657 445 805 493 λαὸεῖν
839 443 933 497 τοὺς
958 443 1209 508 τυράννους·
1230 445 1287 496 ὡς
1311 443 1355 490 δὲ
1376 446 1489 490 ἐπα·

200 525 349 580 νῆλθεν
370 523 425 575 εἷς
443 517 734 583 Συρακούσας,
756 516 875 570 εὐθὺς
894 515 1128 563 ἀποθέσθαι
1150 514 1226 572 τὴν
1249 516 1488 580 μοναρχίαν

199 593 283 642 καὶ·
296 594 599 657 παραιτεῖσθαι
617 588 713 643 τοὺς
730 587 908 642 πολίτας
923 625 935 648 ,
953 590 1037 638 τῶν
1061 587 1332 651 πραγμάτων
1353 591 1411 642 εἷς
1440 587 1488 637 τὸ

199 664 427 713 κάλλιστον
452 661 641 719 ἡκόντων
660 659 795 714 τέλος.

263 739 328 782 Cf.
360 737 546 781 Cornel.
565 737 683 794 Nep.
711 736 830 780 Tim.
853 749 892 779 c,
917 732 942 777 3
978 749 987 777 :
1020 734 1170 790 Quam
1190 737 1390 792 primum
1403 750 1491 793 po—

198 814 299 863 tuit,
327 812 565 867 imperitam
585 808 794 866 deposuit
805 815 853 849 ct
861 809 1070 865 privatus
1092 805 1350 862 Syracusis,
1371 807 1493 864 quod

198 883 417 945 reliquum
444 877 692 936 vitoefuit,
732 882 897 923 vixit...
933 877 1021 919 Hic
1052 892 1186 935 quum
1224 887 1364 920 oetatc
1382 883 1488 934 J'am

193 962 434 1012 pmvectus
464 961 595 1005 esset,
620 955 720 994 sine
750 951 842 993 ullo
867 950 1020 993 morbo
1053 950 1230 992 lumina
1263 952 1488 993 oculorum

197 1028 370 1068 amisit.

691 1136 991 1157 ‚w

457 1226 813 1274 TlMONlDES
854 1224 1225 1301 LEUCAmUs.

261 1360 387 1404 Dion
423 1360 498 1414 iis,
526 1374 626 1417 quae
662 1358 944 1416 Speusippus
964 1357 1136 1400 amicus
1160 1354 1217 1398 de
1241 1352 1487 1412 Syracusa-

196 1448 366 1476 norum
388 1433 437 1474 in
459 1440 703 1490 tyrannum
727 1431 881 1473 animo
907 1429 1156 1482 retulerat,
1175 1428 1222 1470 in
1240 1442 1368 1484 spem
1393 1442 1488 1470 ere-

195 1515 316 1559 ctus,
349 1504 517 1548 reverti
542 1501 785 1562 Syracusas
817 1503 1111 1561 patriamque
1145 1501 1194 1544 in
1228 1499 1488 1545 libertatem

195 1576 432 1622 vindicare
457 1574 677 1619 decrevit.
707 1571 1006 1634 Συνέπραττον
1033 1568 1076 1615 δὲ
1104 1568 1178 1615 καὶ
1209 1571 1293 1615 τῶν
1317 1570 1488 1614 πολιτι-

194 1650 280 1694 κῶν
298 1644 446 1692 πολλοὶ
465 1643 538 1691 καὶ
556 1647 639 1690 τῶν
662 1643 920 1708 φιλοσόφων,
940 1641 965 1688 ὅ
979 1661 1024 1688 τε
1050 1641 1239 1706 Κύπριος
1261 1639 1485 1702 Εὔδημος,

193 1720 251 1772 εἷς
271 1717 316 1764 ὃν
338 1715 628 1781 Ἀριστοτέλης
655 1715 921 1763 ἀποθανόντα
942 1713 1013 1761 τὸν
1043 1713 1150 1777 Περὶ
1175 1715 1315 1777 ψυχῆς
1337 1712 1486 1763 διάλο-

194 1809 268 1853 γον
289 1789 486 1851 ἕποίησε,
511 1787 584 1834 καὶ
619 1786 929 1849 Τιμωνίδης
961 1789 982 1832 ὃ
1018 1784 1317 1837 Λευκάδιος
1352 1787 1488 1846 (ΡΙιι-

192 1865 339 1910 tarch.
361 1864 487 1908 Dion
508 1877 549 1907 e.
576 1860 674 1920 22).
702 1860 969 1904 Timonides
992 1858 1041 1920 (*)
1060 1860 1201 1919 igitur
1220 1859 1422 1902 Dionem
1440 1860 1486 1902 in

193 1938 392 1981 Siciliam
410 1943 590 1980 secutus
613 1943 701 1989 est,
723 1933 954 1991 rebusque
971 1933 1028 1976 ab
1053 1947 1109 1975 eo
1136 1932 1271 1991 gestis
1289 1947 1387 1974 non
1411 1948 1486 1975 so·

194 2010 290 2052 lum
320 2009 528 2052 oculatus
551 2007 674 2050 testis
698 2005 906 2049 interfuit
934 2000 1211 2065 (Τιμωνίδης
1235 2002 1486 2065 πραττομέ-

191 2097 282 2132 ναις
301 2073 344 2133 ἐξ
368 2080 504 2143 ἀρχῆς
520 2083 614 2129 ταῖς
628 2075 808 2140 πράξεσι
827 2075 1003 2128 ταύταις
1027 2073 1138 2136 μετὰ
1158 2074 1318 2128 Δίωνος
1341 2093 1487 2139 παρα-

192 2149 431 2212 γενόμενος,
450 2152 506 2196 fr.
523 2150 586 2212 2),
607 2151 691 2195 sed
707 2166 813 2196 suas-
827 2151 965 2194 etiarn
983 2151 1033 2192 in
1055 2150 1108 2194 iis
1126 2158 1280 2208 partes
1301 2149 1481 2193 habuit.

192 2226 308 2268 Nam
321 2226 402 2268 ubi
414 2225 540 2269 Dion
551 2232 714 2268 contra
726 2223 1039 2267 mercenarios
1052 2223 1258 2280 Dionysii
1275 2236 1486 2281 pugnans

192 2297 359 2342 vulnus
381 2282 644 2357 acceperat,
669 2295 893 2340 recedens
917 2295 1012 2352 ipse
1042 2293 1336 2338 Timonidem
1358 2294 1485 2336 mili-

192 2377 294 2412 tum
308 2366 703 2427 Syracusanorum
728 2366 893 2410 ducem
912 2367 1152 2410 constituit
1174 2362 1368 2425 (ἐκείνοις
1389 2366 1486 2425 ἡγε-

184 2427 304 2499 ’μόνα
324 2437 572 2500 Τιμωνίδην
607 2435 840 2493 ἐπέστησεν
860 2439 980 2484 Plut.
1006 2439 1038 2482 l.
1060 2439 1089 2484 l.
1108 2454 1148 2482 c.
1179 2434 1273 2498 30).
1296 2463 1356 2470 -
1373 2439 1484 2494 Quae

191 2511 650 2556 videratTimonides
667 2511 991 2566 Academicus,
1013 2525 1065 2554 ea
1084 2511 1228 2554 literis
1248 2510 1485 2569 consigna-

191 2594 237 2628 ta
265 2585 387 2628 misit
405 2584 463 2628 ad
489 2584 813 2642 Speusippum.
1416 2581 1421 2584 '

263 2646 494 2716 Diogenes
512 2659 565 2702 L.
587 2658 665 2711 IV,
687 2655 747 2699 5:
772 2651 887 2716 Πρὸς
902 2656 1050 2700 τοῦτον
1072 2653 1161 2713 (sc.
1185 2650 1482 2713 Σπεύσιππον)

189 2726 344 2817 γράφει
364 2726 437 2773 καὶ
458 2725 701 2789 Σιμωνίδης
721 2727 884 2788 (scrib
903 2727 944 2773 'l
949 2724 1172 2788 ιμωνίδης)
1190 2723 1266 2777 τὰς
1279 2723 1483 2789 ἱστορίας,

183 2801 234 2846 ἐν
255 2803 323 2852 αἱς
341 2798 628 2862 κατατετάχει
646 2796 722 2851 τὰς
739 2797 912 2862 πράξεις
929 2796 1087 2850 Δίωνός
1108 2798 1172 2860 [τε
1196 2797 1269 2843 καὶ
1289 2796 1480 2860 Bienor}

190 2875 427 2917 Postrema
450 2888 506 2917 ex
531 2874 797 2932 cerruptela
827 2874 1029 2916 nominis
1053 2870 1212 2922 Δίωνος
1247 2881 1355 2916 nata
1375 2871 1484 2916 fue-

181 2947 301 2990 rint.
321 2971 385 2981 -—
406 2947 620 2991 Ceterum
633 2942 964 3007 iorepiou,quas
983 2945 1215 3004 Diogenes
1235 2943 1363 3000 dicit,
1386 2960 1485 2988 non

183 3087 191 3109 ·'
245 3077 294 3129 (*)
327 3081 399 3118 Pro
428 3077 664 3119 Timonides
680 3077 1026 3127 corruptelegitur
1045 3076 1278 3117 Simonides
1295 3079 1342 3117 fr.
1366 3080 1404 3116 3.
1420 3079 1482 3116 Τι-

193 3137 321 3189 μῶναξ
333 3137 370 3175 ἐν
384 3143 419 3175 α’
434 3140 509 3175 τῶν
527 3137 732 3175 Σικελικῶν
749 3135 937 3175 laudatur
949 3146 1012 3185 ap.
1032 3135 1163 3175 schol.
1177 3165 1189 3183 ‚
1208 3137 1336 3185 Apoll.
1353 3135 1482 3174 Rhod.

194 3194 232 3243 Ι,
256 3197 363 3234 1217.
390 3196 527 3233 Latere
541 3194 582 3232 in
597 3194 658 3233 his
676 3193 892 3233 'simonidis
911 3193 1060 3233 mentio
1080 3193 1212 3243 putari
1238 3194 1373 3243 possit.
1408 3192 1485 3232 Sed

189 3250 431 3300 probabilius
477 3262 547 3302 pro
591 3253 798 3291 Σικελικῶν
831 3251 950 3290 scrib.
982 3261 1066 3289 osse
1094 3251 1312 3299 Σκυθικῶν,
1359 3261 1484 3300 quum

191 3308 375 3358 scythica
401 3319 425 3348 a
455 3309 686 3348 Timonacte
712 3307 931 3358 composita
950 3319 1038 3348 esse
1070 3310 1245 3358 constet,
1277 3308 1486 3359 ipsumque

180 3366 453 3416 fragmentum
472 3367 523 3407 sit
543 3367 593 3407 de
610 3367 741 3407 tabula
756 3366 956 3407 colchica.

592 3421 714 3478 ,ιζ-κ
736 3452 746 3455 -
763 3453 769 3455 .
792 3452 806 3455 -

190 3478 293 3528 visse
306 3518 318 3538 ,
341 3488 410 3528 sed
429 3489 466 3528 in
483 3489 586 3529 bello
607 3481 901 3540 perseverasse,
920 3493 1191 3540 tyrannosque
1213 3491 1255 3530 in
1276 3501 1388 3529 suam
1413 3502 1478 3529 re-

191 3550 338 3602 degisse
346 3554 581 3603 potestatem
597 3569 606 3592 z
618 3552 708 3593 inde
721 3556 938 3603 Syracusas
947 3565 1161 3604 reversum,
1173 3555 1307 3595 statim
1318 3555 1481 3604 imperio

174 3617 234 3654 'se
247 3614 444 3660 abdicasse
463 3618 503 3656 et
517 3617 772 3667 deprecatum
793 3628 876 3656 esse
893 3617 999 3657 cives
1015 3618 1133 3658 rebus
1148 3622 1300 3669 optimo
1316 3618 1359 3656 in
1375 3620 1480 3657 statu

174 3679 406 3722 collocatis.

534 3882 616 3930 DE
653 3884 856 3932 REBUS
894 3883 1130 3931 DioNIS.

816 3991 855 4029 1.

175 4120 178 4123 Δ
246 4068 535 4110 caduceatores
549 4081 573 4109 a
589 4070 774 4120 Dionysio
790 4071 1036 4110 devenerunt
1052 4081 1145 4109 cum
1159 4069 1337 4120 epistolis
1350 4100 1361 4119 ‚
1382 4081 1482 4120 quas

193 4131 247 4190 ad
273 4133 439 4172 Dionem
464 4134 698 4184 scripserant
720 4135 905 4174 mulieres
920 4135 1167 4185 propinqum.
1190 4136 1277 4173 Una
1299 4146 1392 4173 vero
1419 4135 1481 4174 in-

195 4196 443 4254 scriptionem
470 4198 640 4240 habebat
669 4217 678 4240 ε
702 4200 806 4239 Patri
831 4200 881 4239 ab
909 4199 1137 4249 HipparinO.
1167 4199 1211 4238 Id
1239 4210 1384 4240 nomen
1409 4200 1482 4239 luit

174 4256 175 4259 ’
198 4254 332 4300 filonis
347 4261 452 4310 filio,
476 4262 567 4304 iicet
590 4266 787 4302 Arelaeum
815 4263 926 4302 illum
942 4263 1038 4302 dicit
1062 4263 1235 4302 Timaeus
1261 4274 1311 4301 ex
1341 4264 1480 4302 matris

2711 245 2731 268 b

2791 292 2851 332 83

1566 390 1683 434 opus
1702 392 1809 420 vere
1833 377 2102 422 historicum
2116 414 2127 435 ,
2149 382 2228 424 sed
2246 385 2447 441 epistolae
2466 388 2595 431 fuisse
2619 390 2855 439 videnlur.

1572 448 1734 505 Neque
1752 448 1877 491 aliud
1893 448 2103 493 indicant
2117 453 2258 496 verba
2286 454 2515 499 Plutarchi
2537 458 2611 516 (fr.
2633 476 2659 503 ἰ
2681 457 2693 522 )
2721 478 2732 505 :
2754 463 2860 523 Τιμ.

1570 515 1746 581 γράφων
1771 516 1875 581 πρὸς
1912 518 2266 570 Σπεύσιππον....
2291 525 2466 588 ἱστορεῖ.
2496 530 2614 574 Num
2653 536 2863 590 genuinae

1570 590 1743 634 fuerint
1762 591 1852 646 istae
1874 593 2077 650 epistolae
2105 609 2190 637 nos
2208 594 2313 651 jure
2337 599 2607 654 quaerimus,
2633 604 2713 645 etsi
2739 619 2862 661 quae·

1564 661 1759 704 stioncm
1785 663 2005 706 dirimere
2030 679 2127 707 non
2149 665 2271 709 licet.
2300 665 2572 713 Plutarchus
2596 674 2785 729 quidem
2803 676 2861 720 de

1565 731 1658 776 fide
1676 748 1830 776 earum
1851 749 1947 777 non
1967 737 2110 795 magis
2127 736 2331 793 dubitat,
2355 754 2493 796 quam
2511 741 2568 785 de
2586 747 2859 791 auctoritate

1566 806 1866 863 epistolarum
1891 807 2260 865 Platonicarum‚
2298 825 2354 854 ex
2389 812 2560 870 quibus
2594 818 2736 872 petita
2759 814 2863 863 sunt

1568 885 1745 920 tantum
1765 893 1862 920 non
1886 881 2065 934 omnia,
2101 899 2118 918 «
2146 896 2248 938 quae
2276 881 2335 925 de
2356 883 2559 927 Platonis
2591 901 2696 929 cum
2712 890 2863 934 Dione

1568 949 1791 1004 amicitia,
1821 949 1879 993 de
1903 951 2173 1009 philosophi
2192 954 2239 995 in
2257 954 2459 997 Siciliam
2482 959 2865 1016 peregrinationi-

1568 1019 1654 1064 bus
1682 1035 1733 1064 ac
1756 1036 1861 1064 cum
1883 1023 2107 1081 Dionysio
2135 1035 2368 1069 conventu
2392 1037 2641 1071 narrantur
2667 1050 2684 1069 υ
2714 1030 2862 1089 (Hee-

1564 1107 1664 1135 ren.
1688 1094 1757 1136 De
1777 1093 1914 1137 sontt.
1942 1096 2063 1138 Plut.
2090 1111 2140 1154 p.
2175 1094 2273 1158 53).
2304 1100 2369 1141 Ac
2409 1097 2637 1155 ejusmodi
2663 1100 2860 1145 fontium

1565 1163 1771 1211 indolem
1794 1175 1889 1209 tota
1905 1168 2067 1210 Dionis
2086 1170 2203 1223 vita,
2228 1170 2353 1213 haud
2378 1185 2544 1229 magno
2562 1171 2725 1228 judicii
2753 1190 2861 1217 acu-

1564 1237 1688 1279 mine
1714 1239 1973 1296 conscripta
1989 1273 2000 1295 ,
2020 1241 2182 1298 prodit
2205 1242 2462 1285 manifesto,

2064 1371 2362 1390 dm..

1939 1483 2021 1529 ΤΑ
2062 1483 2095 1529 Κ
2107 1483 2228 1528 Α’[Α
2265 1481 2480 1531 ΔΙΩΝΑ.

2202 1595 2241 1624 1.

1627 1661 1863 1705 Plutarch.
1897 1664 2041 1706 Dion.
2071 1679 2111 1707 c.
2138 1664 2195 1707 31
2221 1681 2233 1708 :
2262 1667 2370 1708 Post
2396 1668 2637 1711 victoriam
2663 1684 2686 1713 a
2710 1671 2861 1714 Dione

1563 1733 1621 1779 de
1635 1734 1859 1792 Dionysio
1876 1745 2162 1794 ieportatam
2181 1736 2255 1795 (ci
2279 1738 2464 1783 Diodor
2483 1741 2611 1795 XVI,
2637 1743 2756 1804 12.):
2773 1740 2863 1798 Κη-

1564 1822 1684 1866 ρυκες
1705 1823 1825 1868 παρα
1845 1824 1920 1851 του
1952 1805 2174 1852 Διονυσίου
2200 1806 2476 1866 κατέὸαινον,
2507 1811 2682 1857 ἐπιστο)
2673 1810 2734 1864 ὰς
2757 1812 2860 1876 πρὸς

1561 1875 1706 1923 Δίωνα
1727 1874 1846 1937 παρὰ
1871 1880 1954 1923 τῶν
1976 1877 2144 1924 οἰκείων
2170 1882 2382 1940 γυναικῶν
2405 1881 2664 1941 κομίζοντες.
2701 1884 2795 1931 Μία
2821 1886 2858 1930 δ’

1560 1952 1611 2006 ἠν
1634 1947 1819 2003 ἔξωθεν’
1801 1949 2167 2014 επιγεγραμαένη·
2189 1954 2265 2015 Τῷ
2291 1952 2422 2016 πατρὶ
2452 1957 2554 2017 παρ’
2587 1953 2855 2020 Ῑιτπαρίνου·

1561 2041 1686 2068 τουτο
1710 2020 1792 2086 γὰρ
1827 2026 1877 2078 ἠν
1914 2021 2048 2083 ὄνομα
2070 2026 2129 2068 τιΝο)
2154 2028 2227 2069 τοῦ
2252 2023 2414 2078 Δίωνος
2438 2027 2533 2090 υἱῷ.
2573 2026 2729 2075 Καίτοι
2751 2048 2855 2091 φησι

1560 2092 1743 2155 Τίμαιος
1766 2093 1836 2159 (fr.
1865 2094 1993 2156 129),
2025 2093 2238 2158 Ἀρεταῖον
2261 2095 2388 2142 αὐτὸν
2410 2097 2495 2144 ἀπὸ
2515 2101 2590 2156 τ’ἧς
2606 2098 2768 2164 μητρὸς
2785 2099 2859 2148 ’A-

1563 2164 1686 2230 ρέτης
1711 2167 1952 2213 καλεῖσθαι.
1981 2166 2205 2230 Τιμωνίδῃ
2233 2166 2275 2213 δὲ
2304 2170 2483 2229 μᾶλλον,
2501 2172 2557 2222 ὡς
2578 2169 2741 2232 οἴομαι,
2758 2173 2859 2236 περί

1561 2255 1607 2300 γε
1644 2236 1804 2283 τούτοιν
1845 2238 2108 2296 πιστευτέον,
2149 2239 2269 2303 ἀνδρὶ
2307 2240 2417 2304 φίλῳ
2457 2242 2531 2287 καὶ
2562 2243 2856 2307 συστρατιώτῃ

1560 2308 1718 2362 Δίωνος
1739 2311 1946 2372 (Olymp.
1977 2311 2091 2368 105,
2118 2318 2162 2366 4.
2197 2329 2238 2357 a.
2269 2314 2319 2358 C.
2349 2314 2486 2372 357).
2511 2317 2624 2373 Quae
2656 2328 2859 2377 sequun-

1563 2392 1638 2427 tur
1658 2399 1733 2442 ap.
1759 2385 1880 2427 Plut.
1905 2399 1963 2427 ex
1989 2384 2158 2428 eodem
2182 2386 2431 2429 'simonide
2454 2384 2688 2430 fluxerint.

1678 2454 1690 2469 ι
2176 2486 2222 2515 2.

1626 2557 1758 2601 Idem
1781 2557 1897 2629 ibid.
1926 2555 2004 2612 35,
2031 2557 2089 2601 de
2110 2567 2263 2602 morte
2299 2558 2475 2602 Philisti
2512 2574 2524 2602 :
2548 2553 2736 2622 Ἔφορος
2768 2559 2851 2622 (tr

1566 2628 1680 2688 152)
1711 2647 1762 2689 με
1746 2647 1786 2673 ν
1809 2630 1880 2673 οὐν
1906 2646 2050 2692 φησιν,
2076 2630 2133 2682 ὡς
2157 2628 2444 2690 ἁλισκομένης
2462 2649 2538 2686 της
2557 2648 2683 2687 νεως,
2705 2630 2854 2676 ἓαυτον

1561 2698 1716 2746 ἀνέλοι·
1736 2699 1984 2762 Τιμωνίδης
2000 2699 2044 2747 δὲ
2056 2737 2067 2758 ,
2089 2698 2405 2765 πραττομέναις
2419 2700 2461 2755 ἐξ
2483 2705 2619 2765 ἀρχῆς
2635 2722 2728 2756 ταις
2745 2703 2855 2767 προί-

1558 2770 1645 2826 ξεσι
1673 2772 1847 2825 ταύταις
1879 2771 1989 2834 μετὰ
2013 2772 2173 2825 Δίωνος
2196 2773 2559 2837 παραγενόμενος,
2578 2772 2652 2821 καὶ
2678 2774 2854 2841 γράφων

1557 2843 1661 2908 πρὸς
1677 2843 1987 2914 Σπεύσιππον,
2012 2845 2084 2891 τὸν
2113 2844 2357 2909 φιλόσοφον,
2381 2847 2564 2909 ἱστορεῖ,
2598 2849 2737 2901 ζῶντα
2772 2850 2855 2904 λη·-

1557 2921 1736 2982 φθῆναι,
1753 2920 1829 2973 τῆς
1855 2916 2049 2981 τριήρους
2067 2919 2123 2970 εἰς
2146 2915 2224 2974 τὴν
2242 2920 2321 2978 γῆν
2346 2918 2622 2976 ἐκπεσούσης,
2640 2918 2711 2966 τὸν
2725 2921 2854 2967 Φίλι-

1557 3005 1673 3036 στον·
1695 2988 1769 3035 καὶ
1800 2993 1967 3053 πρῶτον
1990 2988 2066 3051 μὲν
2094 2988 2393 3043 ἀποδύσαντας
2424 2992 2555 3038 αὐτοῦ
2584 2991 2656 3038 τὸν
2680 2990 2853 3056 θώρακα

1555 3060 1653 3115 τους
1679 3061 2020 3127 Συρακουσίους,
2043 3080 2118 3108 και
2137 3060 2298 3124 γυμνὸν
2326 3062 2675 3126 ἐπιδειξαμένους
2696 3064 2744 3111 τὸ
2769 3067 2853 3111 σῶ-

1558 3153 1646 3195 μα,
1685 3133 2042 3198 προπηλακίζειν,
2082 3133 2200 3188 ὄντος
2224 3136 2308 3193 ἤδη
2347 3135 2556 3200 γέροντος·
2594 3136 2743 3183 ἔπειτα
2774 3136 2851 3195 τὴν

1557 3205 1792 3271 κεφαλην’
1770 3207 2001 3267 αποτεμεῖν
2019 3227 2093 3253 και
2106 3207 2192 3261 τοῖς
2208 3207 2335 3254 παισὶ
2343 3210 2622 3271 παραδοῦναι
2645 3210 2694 3256 τὸ
2711 3213 2851 3272 σῶμα,

1557 3278 1840 3332 κελεύσαντας
1861 3278 1999 3325 ἕλκειν
2014 3278 2082 3325 διὰ
2097 3298 2174 3336 της
2195 3279 2238 3326 Α
2241 3280 2470 3342 Αραδινης,
2495 3279 2569 3327 καὶ
2586 3281 2850 3328 καταὸαλεῖν

1558 3351 1711 3406 εἰςτὰς
1735 3350 1959 3412 Λατομίας
1987 3355 2205 3413 (Olymp.
2234 3354 2349 3409 106,
2386 3371 2425 3401 1.
2450 3370 2491 3398 a.
2519 3356 2570 3399 C.
2600 3354 2748 3418 356).

1557 3492 1686 3530 Aretae
1703 3490 1864 3529 nomine
1879 3458 2167 3540 nuncupatum.
2187 3491 2396 3530 Verumin
2412 3491 2472 3530 his
2489 3490 2685 3530 'limonidi
2705 3492 2847 3541 potius,

1555 3565 1644 3592 meo
1665 3554 1827 3604 quidun
1841 3553 2015 3603 judicio,
2033 3555 2102 3604 qui
2122 3554 2276 3594 amicus
2295 3555 2433 3595 Dionis
2449 3557 2489 3595 et
2513 3555 2730 3594 commilito
2750 3556 2846 3605 fuit,

1555 3618 1797 3658 credendum
1815 3621 1888 3658 est.

2130 3701 2154 3721 s
2183 3681 2226 3720 2.

1607 3754 1787 3804 Ephorus
1813 3754 1934 3794 tradit
1966 3751 2196 3804 Philistum,
2216 3765 2317 3793 nave
2348 3754 2432 3803 ejus
2459 3757 2595 3804 capta.
2620 3755 2748 3803 ipsum
2772 3752 2845 3791 sibi

1550 3829 1717 3857 manum
1736 3818 1930 3867 intulisse;
1949 3818 2175 3858 “simonides
2190 3829 2286 3857 vero
2298 3848 2309 3867 ‚
2327 3819 2395 3867 qui
2416 3817 2506 3856 inde
2526 3817 2576 3855 ab
2599 3816 2711 3854 initio
2728 3815 2844 3854 rebus

1554 3882 1660 3921 hisce
1684 3882 1883 3930 interfuit,
1914 3882 1957 3920 in
1991 3882 2158 3932 epistola
2188 3882 2238 3920 ad
2272 3882 2533 3931 Speus³ppum
2566 3879 2843 3928 philosophum

1553 3945 1711 3994 scribit,
1734 3945 1943 3984 Philistum
1958 3974 1968 3993 ‚
1986 3945 2105 3984 triere
2121 3944 2207 3994 ejus
2222 3944 2273 3983 ad
2289 3946 2436 3982 terram
2461 3942 2560 3980 illisa
2572 3971 2582 3990 ,
2602 3941 2738 3979 vivum
2757 3951 2842 3980 esse

1550 4009 1904 4058 comprehensum3
1931 4019 1978 4047 ac
2005 4009 2179 4058 primum
2206 4007 2367 4057 quidem
2398 4008 2660 4054 Syracusanos
2681 4004 2841 4042 thorace

1552 4076 1718 4112 exutum
1735 4073 1889 4112 nudum
1912 4074 2163 4113 ostendentes
2185 4072 2292 4111 omni
2317 4069 2555 4109 contumelia
2581 4068 2758 4108 affecisse
2778 4069 2838 4110 vi-

1552 4148 1641 4176 rum
1658 4137 1789 4176 senilis
1800 4137 1881 4186 J'am
1898 4136 2053 4185 oetatis;
2072 4135 2213 4174 deinde
2228 4134 2355 4183 capite
2374 4131 2543 4170 abscisso
2559 4130 2692 4180 pueris
2713 4131 2837 4170 tradi-

1551 4201 1654 4241 disse
1676 4212 1819 4251 corpus
1843 4201 2025 4250 jubentes
2051 4203 2094 4239 ut
2126 4211 2194 4249 per
2226 4197 2485 4237 Achradinam
2511 4197 2682 4234 tractum
2710 4196 2748 4234 in
2778 4197 2837 4235 la·

1519 4292 1521 4298 .
1552 4263 1742 4313 picidinas
1757 4263 1984 4312 abjicerent.

2641 4330 2671 4354 U.

2221 4352 2239 4367 b
