<?xml version="1.0" encoding="UTF-8"?>
<!DOCTYPE html PUBLIC "-//W3C//DTD XHTML 1.0 Transitional//EN"
    "http://www.w3.org/TR/xhtml1/DTD/xhtml1-transitional.dtd">
<html xmlns="http://www.w3.org/1999/xhtml" xml:lang="en" lang="en">
 <head>
  <title>
</title>
<meta http-equiv="Content-Type" content="text/html;charset=utf-8" />
  <meta name='ocr-system' content='tesseract 3.04.00' />
  <meta name='ocr-capabilities' content='ocr_page ocr_carea ocr_par ocr_line ocrx_word'/>
</head>
<body>
  <div class='ocr_page' id='page_1' title='image "./fragmentahistori02mueluoft/fragmentahistori02mueluoft_0309.png"; bbox 0 0 3016 4628; ppageno 0'>
   <div class='ocr_carea' id='block_1_1' title="bbox 1217 297 1626 344">
    <p class='ocr_par' dir='ltr' id='par_1_1' title="bbox 1217 297 1626 344">
     <span class='ocr_line' id='line_1_1' title="bbox 1217 297 1626 344; baseline 0.002 -1"><span class='ocrx_word' id='word_1_1' title='bbox 1217 297 1381 343; x_wconf 71' lang='lat' dir='ltr'>FRAG</span> <span class='ocrx_word' id='word_1_2' title='bbox 1392 297 1626 344; x_wconf 69' lang='lat' dir='ltr'><strong>MEM‘A.</strong></span> 
     </span>
    </p>
   </div>
   <div class='ocr_carea' id='block_1_2' title="bbox 53 399 1386 821">
    <p class='ocr_par' dir='ltr' id='par_1_2' title="bbox 53 399 1386 821">
     <span class='ocr_line' id='line_1_2' title="bbox 61 399 1385 472; baseline -0.007 -17.676"><span class='ocrx_word' id='word_1_3' title='bbox 61 406 232 472; x_wconf 81' lang='grc' dir='ltr'>μένη·</span> <span class='ocrx_word' id='word_1_4' title='bbox 270 406 496 452; x_wconf 77' lang='grc' dir='ltr'>τελωνοῧσι</span> <span class='ocrx_word' id='word_1_5' title='bbox 535 401 617 466; x_wconf 79' lang='grc' dir='ltr'><strong>γὰρ</strong></span> <span class='ocrx_word' id='word_1_6' title='bbox 652 401 724 448; x_wconf 86' lang='grc' dir='ltr'><strong>καὶ</strong></span> <span class='ocrx_word' id='word_1_7' title='bbox 760 400 812 448; x_wconf 78' lang='grc' dir='ltr'><strong>τὰ</strong></span> <span class='ocrx_word' id='word_1_8' title='bbox 846 399 1057 462; x_wconf 82' lang='grc' dir='ltr'>μέλλοντα</span> <span class='ocrx_word' id='word_1_9' title='bbox 1095 399 1200 464; x_wconf 84' lang='grc' dir='ltr'>πρὸς</span> <span class='ocrx_word' id='word_1_10' title='bbox 1233 400 1385 453; x_wconf 84' lang='grc' dir='ltr'>αὐτους</span> 
     </span>
     <span class='ocr_line' id='line_1_3' title="bbox 72 470 1384 542; baseline -0.008 -14"><span class='ocrx_word' id='word_1_11' title='bbox 72 500 73 508; x_wconf 69' lang='grc'>’</span> <span class='ocrx_word' id='word_1_12' title='bbox 104 478 366 542; x_wconf 74' lang='grc' dir='ltr'>εἰσάγεσθαι.</span> <span class='ocrx_word' id='word_1_13' title='bbox 394 478 451 523; x_wconf 82' lang='grc' dir='ltr'><strong>Οἱ</strong></span> <span class='ocrx_word' id='word_1_14' title='bbox 474 472 626 520; x_wconf 87' lang='grc' dir='ltr'>πολλοὶ</span> <span class='ocrx_word' id='word_1_15' title='bbox 651 474 790 519; x_wconf 80' lang='grc' dir='ltr'>αὐτῶν</span> <span class='ocrx_word' id='word_1_16' title='bbox 823 479 997 537; x_wconf 81' lang='grc' dir='ltr'>τραχεῖς</span> <span class='ocrx_word' id='word_1_17' title='bbox 1021 474 1064 519; x_wconf 81' lang='grc' dir='ltr'><strong>ἓν</strong></span> <span class='ocrx_word' id='word_1_18' title='bbox 1087 478 1178 524; x_wconf 85' lang='grc' dir='ltr'>ταῖς</span> <span class='ocrx_word' id='word_1_19' title='bbox 1199 470 1384 532; x_wconf 82' lang='grc' dir='ltr'>ὁμιλίαις</span> 
     </span>
     <span class='ocr_line' id='line_1_4' title="bbox 53 542 1386 607; baseline -0.007 -8"><span class='ocrx_word' id='word_1_20' title='bbox 53 554 68 560; x_wconf 79' lang='grc'><strong>’</strong></span> <span class='ocrx_word' id='word_1_21' title='bbox 103 549 198 604; x_wconf 84' lang='grc' dir='ltr'>τους</span> <span class='ocrx_word' id='word_1_22' title='bbox 217 545 410 600; x_wconf 84' lang='grc' dir='ltr'>συνετους</span> <span class='ocrx_word' id='word_1_23' title='bbox 426 542 743 606; x_wconf 82' lang='grc' dir='ltr'>ἐπανελόμενοι.</span> <span class='ocrx_word' id='word_1_24' title='bbox 767 543 1034 607; x_wconf 84' lang='grc' dir='ltr'>Ἀρνούμενοι</span> <span class='ocrx_word' id='word_1_25' title='bbox 1054 562 1150 598; x_wconf 88' lang='grc' dir='ltr'>τους</span> <span class='ocrx_word' id='word_1_26' title='bbox 1175 542 1386 596; x_wconf 75' lang='grc' dir='ltr'>Βοιωτούς</span> 
     </span>
     <span class='ocr_line' id='line_1_5' title="bbox 54 611 1124 680; baseline -0.007 -12"><span class='ocrx_word' id='word_1_27' title='bbox 54 651 75 659; x_wconf 59' lang='grc'><strong>»</strong></span> <span class='ocrx_word' id='word_1_28' title='bbox 99 611 317 680; x_wconf 53' lang='grc' dir='ltr'>Ἀθηναῖοι</span> <span class='ocrx_word' id='word_1_29' title='bbox 338 617 419 666; x_wconf 84' lang='grc' dir='ltr'>εἶσὶ</span> <span class='ocrx_word' id='word_1_30' title='bbox 437 616 634 665; x_wconf 84' lang='grc' dir='ltr'>Βοιωτοί.</span> <span class='ocrx_word' id='word_1_31' title='bbox 660 618 718 664; x_wconf 76' lang='grc' dir='ltr'><strong>Οἱ</strong></span> <span class='ocrx_word' id='word_1_32' title='bbox 740 615 882 679; x_wconf 84' lang='grc' dir='ltr'>στίχοι</span> <span class='ocrx_word' id='word_1_33' title='bbox 910 613 1124 667; x_wconf 84' lang='grc' dir='ltr'>Ξένωνος·</span> 
     </span>
     <span class='ocr_line' id='line_1_6' title="bbox 66 698 1017 763; baseline -0.008 -5"><span class='ocrx_word' id='word_1_34' title='bbox 66 698 78 707; x_wconf 83' lang='lat'><strong>.</strong></span> <span class='ocrx_word' id='word_1_35' title='bbox 152 733 155 736; x_wconf 91' lang='lat'>·</span> <span class='ocrx_word' id='word_1_36' title='bbox 203 717 348 761; x_wconf 80' lang='grc' dir='ltr'><strong>Πάντες</strong></span> <span class='ocrx_word' id='word_1_37' title='bbox 367 716 551 763; x_wconf 85' lang='grc' dir='ltr'>τελῶναι,</span> <span class='ocrx_word' id='word_1_38' title='bbox 570 712 706 759; x_wconf 83' lang='grc' dir='ltr'>πάντες</span> <span class='ocrx_word' id='word_1_39' title='bbox 722 713 818 751; x_wconf 83' lang='grc' dir='ltr'>εἰσὶν</span> <span class='ocrx_word' id='word_1_40' title='bbox 835 711 1017 763; x_wconf 84' lang='grc' dir='ltr'>ἅρπαγες.</span> 
     </span>
     <span class='ocr_line' id='line_1_7' title="bbox 207 769 972 821; baseline -0.009 -7"><span class='ocrx_word' id='word_1_41' title='bbox 207 774 336 815; x_wconf 76' lang='grc' dir='ltr'>Κακὸν</span> <span class='ocrx_word' id='word_1_42' title='bbox 355 774 460 816; x_wconf 84' lang='grc' dir='ltr'>τέλος</span> <span class='ocrx_word' id='word_1_43' title='bbox 482 772 628 821; x_wconf 88' lang='grc' dir='ltr'>γένοιτο</span> <span class='ocrx_word' id='word_1_44' title='bbox 647 775 726 815; x_wconf 87' lang='grc' dir='ltr'>τοῖς</span> <span class='ocrx_word' id='word_1_45' title='bbox 750 769 972 820; x_wconf 81' lang='grc' dir='ltr'>Ὠρωπίοις.</span> 
     </span>
    </p>
   </div>
   <div class='ocr_carea' id='block_1_3' title="bbox 166 843 1386 909">
    <p class='ocr_par' dir='ltr' id='par_1_3' title="bbox 166 843 1386 909">
     <span class='ocr_line' id='line_1_8' title="bbox 166 843 1386 909; baseline -0.005 -12"><span class='ocrx_word' id='word_1_46' title='bbox 166 869 204 900; x_wconf 79' lang='lat' dir='ltr'><strong>s.</strong></span> <span class='ocrx_word' id='word_1_47' title='bbox 227 850 444 899; x_wconf 77' lang='grc' dir='ltr'>Ἐντεῦθεν</span> <span class='ocrx_word' id='word_1_48' title='bbox 466 849 523 900; x_wconf 87' lang='grc' dir='ltr'><strong>εἷς</strong></span> <span class='ocrx_word' id='word_1_49' title='bbox 544 846 776 909; x_wconf 84' lang='grc' dir='ltr'>Τάναγραν</span> <span class='ocrx_word' id='word_1_50' title='bbox 797 845 951 892; x_wconf 86' lang='grc' dir='ltr'>στάδια</span> <span class='ocrx_word' id='word_1_51' title='bbox 971 845 1033 892; x_wconf 91' lang='grc' dir='ltr'><strong>λ·</strong></span> <span class='ocrx_word' id='word_1_52' title='bbox 1055 843 1149 898; x_wconf 81' lang='grc' dir='ltr'>ὁδὸς</span> <span class='ocrx_word' id='word_1_53' title='bbox 1167 844 1219 892; x_wconf 86' lang='grc' dir='ltr'><strong>δι’</strong></span> <span class='ocrx_word' id='word_1_54' title='bbox 1243 845 1386 892; x_wconf 83' lang='grc' dir='ltr'>ἐλαιο-</span> 
     </span>
    </p>
   </div>
   <div class='ocr_carea' id='block_1_4' title="bbox 56 915 1403 1001">
    <p class='ocr_par' dir='ltr' id='par_1_4' title="bbox 56 915 1403 1001">
     <span class='ocr_line' id='line_1_9' title="bbox 56 915 1403 1001; baseline -0.007 -31"><span class='ocrx_word' id='word_1_55' title='bbox 56 948 71 970; x_wconf 87' lang='lat'><strong>:</strong></span> <span class='ocrx_word' id='word_1_56' title='bbox 87 966 91 969; x_wconf 47' lang='lat'><strong>.</strong></span> <span class='ocrx_word' id='word_1_57' title='bbox 105 921 235 990; x_wconf 60' lang='lat' dir='ltr'><strong>‹psi-tou</strong></span> <span class='ocrx_word' id='word_1_58' title='bbox 255 920 328 968; x_wconf 87' lang='grc' dir='ltr'><strong>καὶ</strong></span> <span class='ocrx_word' id='word_1_59' title='bbox 346 918 594 1001; x_wconf 84' lang='grc' dir='ltr'>συνδένδρου</span> <span class='ocrx_word' id='word_1_60' title='bbox 612 915 785 981; x_wconf 81' lang='grc' dir='ltr'>χώρας,</span> <span class='ocrx_word' id='word_1_61' title='bbox 807 916 966 970; x_wconf 82' lang='grc' dir='ltr'>παντὸς</span> <span class='ocrx_word' id='word_1_62' title='bbox 992 915 1292 980; x_wconf 83' lang='grc' dir='ltr'>καθαρεύουσα</span> <span class='ocrx_word' id='word_1_63' title='bbox 1311 921 1403 963; x_wconf 79' lang='grc' dir='ltr'>τοῦ,</span> 
     </span>
    </p>
   </div>
   <div class='ocr_carea' id='block_1_5' title="bbox 2 986 1401 2706">
    <p class='ocr_par' dir='ltr' id='par_1_5' title="bbox 0 986 1401 2704">
     <span class='ocr_line' id='line_1_10' title="bbox 47 986 1389 1056; baseline -0.006 -16"><span class='ocrx_word' id='word_1_64' title='bbox 47 1014 62 1040; x_wconf 68' lang='grc' dir='ltr'><strong>υ·</strong></span> <span class='ocrx_word' id='word_1_65' title='bbox 106 993 192 1042; x_wconf 83' lang='grc' dir='ltr'><strong>ἀπὸ</strong></span> <span class='ocrx_word' id='word_1_66' title='bbox 212 992 397 1040; x_wconf 78' lang='grc' dir='ltr'>κλώπιιν</span> <span class='ocrx_word' id='word_1_67' title='bbox 423 989 508 1056; x_wconf 49' lang='grc' dir='ltr'>φοῗ</span> <span class='ocrx_word' id='word_1_68' title='bbox 511 1008 572 1036; x_wconf 94' lang='grc' dir='ltr'>ου</span> <span class='ocrx_word' id='word_1_69' title='bbox 600 988 652 1037; x_wconf 82' lang='lat' dir='ltr'><strong>‘ll</strong></span> <span class='ocrx_word' id='word_1_70' title='bbox 682 989 726 1036; x_wconf 86' lang='grc' dir='ltr'><strong>δὲ</strong></span> <span class='ocrx_word' id='word_1_71' title='bbox 751 988 872 1043; x_wconf 85' lang='grc' dir='ltr'>πόλις</span> <span class='ocrx_word' id='word_1_72' title='bbox 894 992 1078 1053; x_wconf 80' lang='grc' dir='ltr'>τραχεῖα</span> <span class='ocrx_word' id='word_1_73' title='bbox 1107 986 1184 1049; x_wconf 83' lang='grc' dir='ltr'><strong>μὲν</strong></span> <span class='ocrx_word' id='word_1_74' title='bbox 1210 986 1283 1034; x_wconf 81' lang='grc' dir='ltr'><strong>καὶ</strong></span> <span class='ocrx_word' id='word_1_75' title='bbox 1315 1006 1389 1048; x_wconf 87' lang='grc' dir='ltr'><strong>με</strong></span> 
     </span>
     <span class='ocr_line' id='line_1_11' title="bbox 104 1059 1389 1129; baseline -0.006 -16.408"><span class='ocrx_word' id='word_1_76' title='bbox 104 1065 281 1129; x_wconf 75' lang='grc' dir='ltr'>τέωρος,</span> <span class='ocrx_word' id='word_1_77' title='bbox 316 1062 448 1120; x_wconf 84' lang='grc' dir='ltr'>λευκὴ</span> <span class='ocrx_word' id='word_1_78' title='bbox 471 1062 515 1109; x_wconf 83' lang='grc' dir='ltr'><strong>δὲ</strong></span> <span class='ocrx_word' id='word_1_79' title='bbox 549 1065 602 1126; x_wconf 81' lang='grc' dir='ltr'><strong>τῇ</strong></span> <span class='ocrx_word' id='word_1_80' title='bbox 641 1060 864 1126; x_wconf 77' lang='grc' dir='ltr'>επιφανεία</span> <span class='ocrx_word' id='word_1_81' title='bbox 889 1060 963 1108; x_wconf 86' lang='grc' dir='ltr'><strong>καὶ</strong></span> <span class='ocrx_word' id='word_1_82' title='bbox 991 1059 1278 1125; x_wconf 85' lang='grc' dir='ltr'>ἀργιλλώδης·</span> <span class='ocrx_word' id='word_1_83' title='bbox 1303 1066 1389 1112; x_wconf 89' lang='grc' dir='ltr'>τοῖς</span> 
     </span>
     <span class='ocr_line' id='line_1_12' title="bbox 20 1132 1389 1218; baseline -0.006 -33"><span class='ocrx_word' id='word_1_84' title='bbox 20 1148 32 1188; x_wconf 61' lang='grc' dir='ltr'>ε</span> <span class='ocrx_word' id='word_1_85' title='bbox 107 1136 152 1185; x_wconf 81' lang='grc' dir='ltr'><strong>δὲ</strong></span> <span class='ocrx_word' id='word_1_86' title='bbox 171 1140 253 1184; x_wconf 80' lang='grc' dir='ltr'><strong>τῶν</strong></span> <span class='ocrx_word' id='word_1_87' title='bbox 267 1137 414 1182; x_wconf 58' lang='grc' dir='ltr'>ὀἰκιῶν</span> <span class='ocrx_word' id='word_1_88' title='bbox 433 1133 653 1198; x_wconf 81' lang='grc' dir='ltr'>προθύροις</span> <span class='ocrx_word' id='word_1_89' title='bbox 669 1132 743 1180; x_wconf 84' lang='grc' dir='ltr'><strong>καὶ</strong></span> <span class='ocrx_word' id='word_1_90' title='bbox 767 1132 1035 1196; x_wconf 80' lang='grc' dir='ltr'>ἐγκαύμασιν</span> <span class='ocrx_word' id='word_1_91' title='bbox 1055 1134 1389 1218; x_wconf 45' lang='grc' dir='ltr'>ἀναθηηματικοῒς</span> 
     </span>
     <span class='ocr_line' id='line_1_13' title="bbox 38 1203 1389 1269; baseline -0.007 -12"><span class='ocrx_word' id='word_1_92' title='bbox 38 1203 55 1215; x_wconf 41' lang='grc'><strong>’</strong></span> <span class='ocrx_word' id='word_1_93' title='bbox 58 1207 317 1257; x_wconf 77' lang='grc' dir='ltr'>κάλλιστα</span> <span class='ocrx_word' id='word_1_94' title='bbox 357 1205 752 1266; x_wconf 80' lang='grc' dir='ltr'>κατεσκευασμένη.</span> <span class='ocrx_word' id='word_1_95' title='bbox 798 1207 990 1269; x_wconf 86' lang='grc' dir='ltr'>Καρποῒς</span> <span class='ocrx_word' id='word_1_96' title='bbox 1028 1203 1072 1252; x_wconf 83' lang='grc' dir='ltr'><strong>δὲ</strong></span> <span class='ocrx_word' id='word_1_97' title='bbox 1106 1205 1192 1257; x_wconf 84' lang='grc' dir='ltr'>τοῖς</span> <span class='ocrx_word' id='word_1_98' title='bbox 1228 1205 1277 1250; x_wconf 83' lang='grc' dir='ltr'>ἐκ</span> <span class='ocrx_word' id='word_1_99' title='bbox 1314 1207 1389 1261; x_wconf 76' lang='grc' dir='ltr'><strong>τῆς</strong></span> 
     </span>
     <span class='ocr_line' id='line_1_14' title="bbox 50 1275 1389 1345; baseline -0.005 -17.779"><span class='ocrx_word' id='word_1_100' title='bbox 50 1278 252 1345; x_wconf 55' lang='grc' dir='ltr'>χώρας</span> <span class='ocrx_word' id='word_1_101' title='bbox 277 1280 450 1331; x_wconf 85' lang='grc' dir='ltr'>σιτικοῖς</span> <span class='ocrx_word' id='word_1_102' title='bbox 469 1278 516 1324; x_wconf 77' lang='grc' dir='ltr'>οὐ</span> <span class='ocrx_word' id='word_1_103' title='bbox 539 1276 635 1324; x_wconf 84' lang='grc' dir='ltr'>λίαν</span> <span class='ocrx_word' id='word_1_104' title='bbox 666 1275 864 1339; x_wconf 62' lang='grc' dir='ltr'>ἄφθονος,</span> <span class='ocrx_word' id='word_1_105' title='bbox 888 1275 986 1342; x_wconf 84' lang='grc' dir='ltr'>οἴνῳ</span> <span class='ocrx_word' id='word_1_106' title='bbox 1013 1275 1058 1322; x_wconf 80' lang='grc' dir='ltr'><strong>δὲ</strong></span> <span class='ocrx_word' id='word_1_107' title='bbox 1091 1295 1152 1340; x_wconf 78' lang='grc' dir='ltr'><strong>τῳ</strong></span> <span class='ocrx_word' id='word_1_108' title='bbox 1178 1278 1389 1340; x_wconf 83' lang='grc' dir='ltr'>γινομένῳ</span> 
     </span>
     <span class='ocr_line' id='line_1_15' title="bbox 23 1347 1391 1412; baseline -0.007 -11"><span class='ocrx_word' id='word_1_109' title='bbox 23 1379 30 1401; x_wconf 80' lang='grc'><strong>;-.</strong></span> <span class='ocrx_word' id='word_1_110' title='bbox 70 1351 220 1399; x_wconf 79' lang='grc' dir='ltr'>κατὰ</span> <span class='ocrx_word' id='word_1_111' title='bbox 250 1348 329 1407; x_wconf 86' lang='grc' dir='ltr'><strong>τὴν</strong></span> <span class='ocrx_word' id='word_1_112' title='bbox 351 1348 560 1397; x_wconf 82' lang='grc' dir='ltr'>Βοιωτίαν</span> <span class='ocrx_word' id='word_1_113' title='bbox 581 1347 877 1412; x_wconf 74' lang='grc' dir='ltr'>πρωτεύουσα.</span> <span class='ocrx_word' id='word_1_114' title='bbox 917 1354 953 1412; x_wconf 83' lang='grc'><strong>(9</strong></span> <span class='ocrx_word' id='word_1_115' title='bbox 933 1349 967 1411; x_wconf 92' lang='grc'><strong>9)</strong></span> <span class='ocrx_word' id='word_1_116' title='bbox 991 1349 1047 1396; x_wconf 79' lang='grc' dir='ltr'><strong>Οἱ</strong></span> <span class='ocrx_word' id='word_1_117' title='bbox 1072 1348 1107 1394; x_wconf 88' lang='grc' dir='ltr'><strong>δ’</strong></span> <span class='ocrx_word' id='word_1_118' title='bbox 1133 1349 1391 1400; x_wconf 80' lang='grc' dir='ltr'>ἐνοικοῦντες</span> 
     </span>
     <span class='ocr_line' id='line_1_16' title="bbox 56 1415 1392 1485; baseline -0.005 -14.282"><span class='ocrx_word' id='word_1_119' title='bbox 56 1415 61 1427; x_wconf 46' lang='grc'><strong>”</strong></span> <span class='ocrx_word' id='word_1_120' title='bbox 108 1429 201 1476; x_wconf 86' lang='grc' dir='ltr'>ταῖς</span> <span class='ocrx_word' id='word_1_121' title='bbox 225 1420 302 1484; x_wconf 83' lang='grc' dir='ltr'><strong>μὲν</strong></span> <span class='ocrx_word' id='word_1_122' title='bbox 322 1420 482 1474; x_wconf 84' lang='grc' dir='ltr'>οὐσίαις</span> <span class='ocrx_word' id='word_1_123' title='bbox 504 1419 732 1485; x_wconf 77' lang='grc' dir='ltr'>λαμπροὶ,</span> <span class='ocrx_word' id='word_1_124' title='bbox 753 1426 838 1474; x_wconf 82' lang='grc' dir='ltr'>τοῖς</span> <span class='ocrx_word' id='word_1_125' title='bbox 866 1419 912 1466; x_wconf 83' lang='grc' dir='ltr'><strong>δὲ</strong></span> <span class='ocrx_word' id='word_1_126' title='bbox 949 1419 1055 1484; x_wconf 86' lang='grc' dir='ltr'>βίοις</span> <span class='ocrx_word' id='word_1_127' title='bbox 1087 1418 1216 1466; x_wconf 90' lang='grc' dir='ltr'>λιτοί·</span> <span class='ocrx_word' id='word_1_128' title='bbox 1236 1418 1392 1471; x_wconf 82' lang='grc' dir='ltr'>πάντες</span> 
     </span>
     <span class='ocr_line' id='line_1_17' title="bbox 2 1489 1392 1558; baseline -0.004 -17"><span class='ocrx_word' id='word_1_129' title='bbox 2 1489 4 1526; x_wconf 65' lang='grc' dir='ltr'>Ῑ</span> <span class='ocrx_word' id='word_1_130' title='bbox 106 1493 310 1558; x_wconf 83' lang='grc' dir='ltr'>γεωργοὶ,</span> <span class='ocrx_word' id='word_1_131' title='bbox 346 1494 422 1539; x_wconf 85' lang='grc' dir='ltr'><strong>οὐκ</strong></span> <span class='ocrx_word' id='word_1_132' title='bbox 461 1491 661 1558; x_wconf 81' lang='grc' dir='ltr'>ἐργάται·</span> <span class='ocrx_word' id='word_1_133' title='bbox 702 1491 1000 1553; x_wconf 81' lang='grc' dir='ltr'>δικαιοσύνην,</span> <span class='ocrx_word' id='word_1_134' title='bbox 1043 1491 1211 1548; x_wconf 78' lang='grc' dir='ltr'>πίστιν,</span> <span class='ocrx_word' id='word_1_135' title='bbox 1255 1489 1392 1544; x_wconf 84' lang='grc' dir='ltr'>ξενίαν</span> 
     </span>
     <span class='ocr_line' id='line_1_18' title="bbox 108 1560 1392 1630; baseline -0.004 -17.368"><span class='ocrx_word' id='word_1_136' title='bbox 108 1565 260 1629; x_wconf 82' lang='grc' dir='ltr'>ἀγαθοὶ</span> <span class='ocrx_word' id='word_1_137' title='bbox 289 1563 564 1630; x_wconf 80' lang='grc' dir='ltr'>διαφυλάξαι·</span> <span class='ocrx_word' id='word_1_138' title='bbox 596 1566 684 1616; x_wconf 84' lang='grc' dir='ltr'>τοῖς</span> <span class='ocrx_word' id='word_1_139' title='bbox 723 1562 934 1626; x_wconf 85' lang='grc' dir='ltr'>δεομένοις</span> <span class='ocrx_word' id='word_1_140' title='bbox 967 1565 1051 1610; x_wconf 73' lang='grc' dir='ltr'><strong>τῶν</strong></span> <span class='ocrx_word' id='word_1_141' title='bbox 1093 1564 1281 1609; x_wconf 81' lang='grc' dir='ltr'>πολιτῶν</span> <span class='ocrx_word' id='word_1_142' title='bbox 1318 1560 1392 1607; x_wconf 77' lang='grc' dir='ltr'><strong>καὶ</strong></span> 
     </span>
     <span class='ocr_line' id='line_1_19' title="bbox 106 1631 1386 1699; baseline -0.004 -16.386"><span class='ocrx_word' id='word_1_143' title='bbox 106 1638 194 1690; x_wconf 82' lang='grc' dir='ltr'>τοῖς</span> <span class='ocrx_word' id='word_1_144' title='bbox 217 1634 601 1699; x_wconf 76' lang='grc' dir='ltr'>στειχοπλανήταις</span> <span class='ocrx_word' id='word_1_145' title='bbox 618 1637 701 1681; x_wconf 82' lang='grc' dir='ltr'><strong>τῶν</strong></span> <span class='ocrx_word' id='word_1_146' title='bbox 727 1635 1066 1696; x_wconf 82' lang='grc' dir='ltr'>ἀποδημητικῶν</span> <span class='ocrx_word' id='word_1_147' title='bbox 1090 1635 1164 1697; x_wconf 76' lang='grc' dir='ltr'><strong>ἀφ’</strong></span> <span class='ocrx_word' id='word_1_148' title='bbox 1190 1636 1249 1679; x_wconf 84' lang='grc' dir='ltr'><strong>ὥν</strong></span> <span class='ocrx_word' id='word_1_149' title='bbox 1272 1631 1386 1696; x_wconf 76' lang='grc' dir='ltr'>ἔχου</span> 
     </span>
     <span class='ocr_line' id='line_1_20' title="bbox 105 1703 1394 1771; baseline -0.003 -16.247"><span class='ocrx_word' id='word_1_150' title='bbox 105 1727 175 1755; x_wconf 85' lang='grc' dir='ltr'><strong>σιν</strong></span> <span class='ocrx_word' id='word_1_151' title='bbox 201 1706 501 1771; x_wconf 87' lang='grc' dir='ltr'>ἀπαρχόμενοί</span> <span class='ocrx_word' id='word_1_152' title='bbox 515 1721 565 1753; x_wconf 75' lang='grc' dir='ltr'><strong>τε</strong></span> <span class='ocrx_word' id='word_1_153' title='bbox 582 1705 655 1753; x_wconf 87' lang='grc' dir='ltr'><strong>καὶ</strong></span> <span class='ocrx_word' id='word_1_154' title='bbox 675 1704 904 1770; x_wconf 81' lang='grc' dir='ltr'>ἐλευθέρως</span> <span class='ocrx_word' id='word_1_155' title='bbox 925 1704 1245 1767; x_wconf 83' lang='grc' dir='ltr'>μεταδιδόντες,</span> <span class='ocrx_word' id='word_1_156' title='bbox 1270 1703 1394 1751; x_wconf 83' lang='grc' dir='ltr'>ἀλλό-</span> 
     </span>
     <span class='ocr_line' id='line_1_21' title="bbox 22 1772 1395 1844; baseline -0.003 -17"><span class='ocrx_word' id='word_1_157' title='bbox 22 1772 27 1813; x_wconf 55' lang='grc' dir='ltr'><strong>ἷ</strong></span> <span class='ocrx_word' id='word_1_158' title='bbox 67 1822 79 1838; x_wconf 61' lang='grc'>,</span> <span class='ocrx_word' id='word_1_159' title='bbox 108 1798 216 1844; x_wconf 87' lang='grc' dir='ltr'>τριοι</span> <span class='ocrx_word' id='word_1_160' title='bbox 257 1778 401 1836; x_wconf 84' lang='grc' dir='ltr'>πάσης</span> <span class='ocrx_word' id='word_1_161' title='bbox 439 1778 586 1824; x_wconf 84' lang='grc' dir='ltr'>ἀδίκου</span> <span class='ocrx_word' id='word_1_162' title='bbox 624 1776 879 1831; x_wconf 83' lang='grc' dir='ltr'>πλεονεξίας.</span> <span class='ocrx_word' id='word_1_163' title='bbox 918 1777 1007 1825; x_wconf 84' lang='grc' dir='ltr'><strong>Καὶ</strong></span> <span class='ocrx_word' id='word_1_164' title='bbox 1045 1778 1312 1842; x_wconf 71' lang='grc' dir='ltr'>ἐνδιατρῖψαι</span> <span class='ocrx_word' id='word_1_165' title='bbox 1351 1775 1395 1823; x_wconf 82' lang='grc' dir='ltr'><strong>δὲ</strong></span> 
     </span>
     <span class='ocr_line' id='line_1_22' title="bbox 23 1843 1394 1916; baseline -0.003 -17"><span class='ocrx_word' id='word_1_166' title='bbox 23 1843 35 1891; x_wconf 79' lang='lat'><strong>.&#39;</strong></span> <span class='ocrx_word' id='word_1_167' title='bbox 56 1854 79 1913; x_wconf 52' lang='lat'><strong>‘4</strong></span> <span class='ocrx_word' id='word_1_168' title='bbox 108 1851 239 1908; x_wconf 81' lang='grc' dir='ltr'>ξένοις</span> <span class='ocrx_word' id='word_1_169' title='bbox 260 1850 565 1916; x_wconf 77' lang='grc' dir='ltr'>ἀσφαλεστάτη</span> <span class='ocrx_word' id='word_1_170' title='bbox 592 1853 619 1907; x_wconf 87' lang='grc' dir='ltr'>ἡ</span> <span class='ocrx_word' id='word_1_171' title='bbox 648 1849 770 1903; x_wconf 86' lang='grc' dir='ltr'>πόλις</span> <span class='ocrx_word' id='word_1_172' title='bbox 795 1853 879 1896; x_wconf 82' lang='grc' dir='ltr'><strong>τῶν</strong></span> <span class='ocrx_word' id='word_1_173' title='bbox 904 1849 1016 1898; x_wconf 82' lang='grc' dir='ltr'>κατὰ</span> <span class='ocrx_word' id='word_1_174' title='bbox 1045 1849 1122 1908; x_wconf 81' lang='grc' dir='ltr'><strong>τὴν</strong></span> <span class='ocrx_word' id='word_1_175' title='bbox 1158 1849 1368 1899; x_wconf 86' lang='grc' dir='ltr'>Βοιωτίαν</span> <span class='ocrx_word' id='word_1_176' title='bbox 1384 1869 1394 1879; x_wconf 89' lang='grc'>·</span> 
     </span>
     <span class='ocr_line' id='line_1_23' title="bbox 106 1920 1396 1987; baseline -0.003 -15.186"><span class='ocrx_word' id='word_1_177' title='bbox 106 1922 260 1972; x_wconf 76' lang='grc' dir='ltr'>ὕπεστι</span> <span class='ocrx_word' id='word_1_178' title='bbox 297 1922 379 1987; x_wconf 84' lang='grc' dir='ltr'><strong>γὰρ</strong></span> <span class='ocrx_word' id='word_1_179' title='bbox 412 1920 670 1976; x_wconf 81' lang='grc' dir='ltr'>αὐθέκαστός</span> <span class='ocrx_word' id='word_1_180' title='bbox 707 1941 754 1968; x_wconf 89' lang='grc' dir='ltr'><strong>τε</strong></span> <span class='ocrx_word' id='word_1_181' title='bbox 785 1921 859 1968; x_wconf 82' lang='grc' dir='ltr'><strong>καὶ</strong></span> <span class='ocrx_word' id='word_1_182' title='bbox 882 1921 1187 1986; x_wconf 86' lang='grc' dir='ltr'>παραύστηρος</span> <span class='ocrx_word' id='word_1_183' title='bbox 1211 1940 1396 1984; x_wconf 88' lang='grc' dir='ltr'>μισοπο-</span> 
     </span>
     <span class='ocr_line' id='line_1_24' title="bbox 109 1993 1397 2062; baseline -0.002 -19.18"><span class='ocrx_word' id='word_1_184' title='bbox 109 1995 234 2062; x_wconf 82' lang='grc' dir='ltr'>νηρία</span> <span class='ocrx_word' id='word_1_185' title='bbox 272 1994 342 2042; x_wconf 84' lang='grc' dir='ltr'><strong>διὰ</strong></span> <span class='ocrx_word' id='word_1_186' title='bbox 365 1993 452 2052; x_wconf 74' lang='grc' dir='ltr'><strong>τὴν</strong></span> <span class='ocrx_word' id='word_1_187' title='bbox 485 2013 568 2041; x_wconf 83' lang='grc' dir='ltr'><strong>των</strong></span> <span class='ocrx_word' id='word_1_188' title='bbox 608 1993 922 2041; x_wconf 85' lang='grc' dir='ltr'>κατοικούντων</span> <span class='ocrx_word' id='word_1_189' title='bbox 960 1994 1220 2059; x_wconf 81' lang='grc' dir='ltr'>αυτάρκειοίν</span> <span class='ocrx_word' id='word_1_190' title='bbox 1252 2014 1296 2040; x_wconf 82' lang='grc' dir='ltr'><strong>τε</strong></span> <span class='ocrx_word' id='word_1_191' title='bbox 1322 1995 1397 2040; x_wconf 82' lang='grc' dir='ltr'><strong>καὶ</strong></span> 
     </span>
     <span class='ocr_line' id='line_1_25' title="bbox 53 2065 1401 2138; baseline -0.002 -22"><span class='ocrx_word' id='word_1_192' title='bbox 53 2107 75 2135; x_wconf 37' lang='lat'><strong>2·</strong></span> <span class='ocrx_word' id='word_1_193' title='bbox 110 2067 346 2138; x_wconf 64' lang='grc' dir='ltr'>φιλεργίαν.</span> <span class='ocrx_word' id='word_1_194' title='bbox 369 2068 441 2128; x_wconf 85' lang='grc' dir='ltr'>(ιο)</span> <span class='ocrx_word' id='word_1_195' title='bbox 462 2066 766 2131; x_wconf 84' lang='grc' dir='ltr'>Προσπάθειαν</span> <span class='ocrx_word' id='word_1_196' title='bbox 786 2065 870 2132; x_wconf 79' lang='grc' dir='ltr'><strong>γὰρ</strong></span> <span class='ocrx_word' id='word_1_197' title='bbox 887 2065 991 2132; x_wconf 88' lang='grc' dir='ltr'>πρός</span> <span class='ocrx_word' id='word_1_198' title='bbox 1007 2087 1048 2114; x_wconf 86' lang='grc' dir='ltr'><strong>τι</strong></span> <span class='ocrx_word' id='word_1_199' title='bbox 1061 2066 1179 2130; x_wconf 89' lang='grc' dir='ltr'>γένος</span> <span class='ocrx_word' id='word_1_200' title='bbox 1193 2066 1401 2129; x_wconf 86' lang='grc' dir='ltr'>ἀκρασίας</span> 
     </span>
     <span class='ocr_line' id='line_1_26' title="bbox 31 2137 1400 2201; baseline -0.001 -14"><span class='ocrx_word' id='word_1_201' title='bbox 31 2143 35 2178; x_wconf 62' lang='lat' dir='ltr'><strong>T</strong></span> <span class='ocrx_word' id='word_1_202' title='bbox 71 2151 82 2181; x_wconf 73' lang='grc' dir='ltr'><strong>’ῑ</strong></span> <span class='ocrx_word' id='word_1_203' title='bbox 106 2139 267 2199; x_wconf 79' lang='grc' dir='ltr'>ἥκιστα</span> <span class='ocrx_word' id='word_1_204' title='bbox 291 2140 333 2185; x_wconf 82' lang='grc' dir='ltr'><strong>ἐν</strong></span> <span class='ocrx_word' id='word_1_205' title='bbox 355 2137 494 2201; x_wconf 80' lang='grc' dir='ltr'>ταύτῃ</span> <span class='ocrx_word' id='word_1_206' title='bbox 519 2141 572 2201; x_wconf 79' lang='grc' dir='ltr'><strong>τῇ</strong></span> <span class='ocrx_word' id='word_1_207' title='bbox 597 2137 722 2185; x_wconf 90' lang='grc' dir='ltr'>πόλει</span> <span class='ocrx_word' id='word_1_208' title='bbox 737 2137 1004 2199; x_wconf 64' lang='grc' dir='ltr'>κατενόησα,</span> <span class='ocrx_word' id='word_1_209' title='bbox 1027 2140 1079 2185; x_wconf 85' lang='grc' dir='ltr'><strong>δι’</strong></span> <span class='ocrx_word' id='word_1_210' title='bbox 1105 2139 1157 2197; x_wconf 80' lang='grc' dir='ltr'><strong>ἣν</strong></span> <span class='ocrx_word' id='word_1_211' title='bbox 1182 2143 1238 2193; x_wconf 81' lang='grc' dir='ltr'><strong>ὡς</strong></span> <span class='ocrx_word' id='word_1_212' title='bbox 1261 2138 1332 2186; x_wconf 77' lang='grc' dir='ltr'>ἐπὶ</span> <span class='ocrx_word' id='word_1_213' title='bbox 1351 2138 1400 2186; x_wconf 86' lang='grc' dir='ltr'><strong>τὸ</strong></span> 
     </span>
     <span class='ocr_line' id='line_1_27' title="bbox 52 2203 1398 2276; baseline -0.003 -18"><span class='ocrx_word' id='word_1_214' title='bbox 52 2203 66 2250; x_wconf 59' lang='grc' dir='ltr'><strong>’Ῐῗ</strong></span> <span class='ocrx_word' id='word_1_215' title='bbox 99 2209 220 2268; x_wconf 83' lang='grc' dir='ltr'>πολυ</span> <span class='ocrx_word' id='word_1_216' title='bbox 243 2209 298 2257; x_wconf 84' lang='grc' dir='ltr'><strong>τὰ</strong></span> <span class='ocrx_word' id='word_1_217' title='bbox 324 2210 505 2274; x_wconf 81' lang='grc' dir='ltr'>μέγιστα</span> <span class='ocrx_word' id='word_1_218' title='bbox 531 2209 691 2271; x_wconf 88' lang='grc' dir='ltr'>γίνεται</span> <span class='ocrx_word' id='word_1_219' title='bbox 715 2212 757 2257; x_wconf 79' lang='grc' dir='ltr'><strong>ἐν</strong></span> <span class='ocrx_word' id='word_1_220' title='bbox 776 2216 862 2263; x_wconf 86' lang='grc' dir='ltr'>τοῖς</span> <span class='ocrx_word' id='word_1_221' title='bbox 885 2209 1118 2276; x_wconf 85' lang='grc' dir='ltr'>ἀνθρώποις</span> <span class='ocrx_word' id='word_1_222' title='bbox 1135 2209 1398 2271; x_wconf 77' lang='grc' dir='ltr'>ἀδικήματα.</span> 
     </span>
     <span class='ocr_line' id='line_1_28' title="bbox 63 2275 1400 2347; baseline 0 -19"><span class='ocrx_word' id='word_1_223' title='bbox 63 2275 175 2332; x_wconf 67' lang='grc' dir='ltr'><strong>Οἶ</strong></span> <span class='ocrx_word' id='word_1_224' title='bbox 193 2281 274 2347; x_wconf 82' lang='grc' dir='ltr'><strong>γὰρ</strong></span> <span class='ocrx_word' id='word_1_225' title='bbox 303 2281 390 2346; x_wconf 87' lang='grc' dir='ltr'>βίος</span> <span class='ocrx_word' id='word_1_226' title='bbox 414 2280 526 2329; x_wconf 83' lang='grc' dir='ltr'>ἐστιν</span> <span class='ocrx_word' id='word_1_227' title='bbox 557 2280 724 2339; x_wconf 83' lang='grc' dir='ltr'>ἱκανὸς,</span> <span class='ocrx_word' id='word_1_228' title='bbox 762 2279 1000 2344; x_wconf 84' lang='grc' dir='ltr'>πρὸσπάθει</span> <span class='ocrx_word' id='word_1_229' title='bbox 1004 2302 1031 2329; x_wconf 86' lang='grc' dir='ltr'><strong>α</strong></span> <span class='ocrx_word' id='word_1_230' title='bbox 1061 2282 1164 2347; x_wconf 82' lang='grc' dir='ltr'>πρὸς</span> <span class='ocrx_word' id='word_1_231' title='bbox 1187 2283 1334 2346; x_wconf 86' lang='grc' dir='ltr'>κέρδος</span> <span class='ocrx_word' id='word_1_232' title='bbox 1353 2283 1400 2328; x_wconf 82' lang='grc' dir='ltr'>οὗ</span> 
     </span>
     <span class='ocr_line' id='line_1_29' title="bbox 67 2347 1293 2442; baseline -0.002 -41.928"><span class='ocrx_word' id='word_1_233' title='bbox 67 2347 280 2420; x_wconf 73' lang='grc' dir='ltr'>ιρ-ύεται·</span> <span class='ocrx_word' id='word_1_234' title='bbox 305 2351 545 2416; x_wconf 78' lang='grc' dir='ltr'>χαλεπον”</span> <span class='ocrx_word' id='word_1_235' title='bbox 519 2371 601 2442; x_wconf 83' lang='grc' dir='ltr'><strong>αρα</strong></span> <span class='ocrx_word' id='word_1_236' title='bbox 627 2350 787 2405; x_wconf 73' lang='grc' dir='ltr'>τούτοις</span> <span class='ocrx_word' id='word_1_237' title='bbox 812 2351 1048 2415; x_wconf 82' lang='grc' dir='ltr'>ἐγγίνεσθαι</span> <span class='ocrx_word' id='word_1_238' title='bbox 1070 2352 1293 2416; x_wconf 85' lang='grc' dir='ltr'>πονηρίαν.</span> 
     </span>
     <span class='ocr_line' id='line_1_30' title="bbox 279 2423 1400 2486; baseline -0.004 -12.942"><span class='ocrx_word' id='word_1_239' title='bbox 279 2425 503 2474; x_wconf 81' lang='grc' dir='ltr'>Ἐντεῦθεν</span> <span class='ocrx_word' id='word_1_240' title='bbox 523 2426 584 2477; x_wconf 82' lang='grc' dir='ltr'><strong>εἰς</strong></span> <span class='ocrx_word' id='word_1_241' title='bbox 604 2424 829 2476; x_wconf 84' lang='grc' dir='ltr'>Πλαταιὰς</span> <span class='ocrx_word' id='word_1_242' title='bbox 854 2425 1006 2471; x_wconf 85' lang='grc' dir='ltr'>στάδια</span> <span class='ocrx_word' id='word_1_243' title='bbox 1031 2424 1085 2470; x_wconf 83' lang='grc' dir='ltr'>σ’.</span> <span class='ocrx_word' id='word_1_244' title='bbox 1112 2423 1238 2477; x_wconf 59' lang='lat' dir='ltr'><strong>‘Odor</strong></span> <span class='ocrx_word' id='word_1_245' title='bbox 1257 2427 1400 2486; x_wconf 77' lang='grc' dir='ltr'>ἡσυχῇ</span> 
     </span>
     <span class='ocr_line' id='line_1_31' title="bbox 86 2494 1400 2563; baseline -0.002 -18.935"><span class='ocrx_word' id='word_1_246' title='bbox 86 2494 242 2559; x_wconf 50' lang='lat' dir='ltr'><strong>&#39;Qasr’</strong></span> <span class='ocrx_word' id='word_1_247' title='bbox 217 2516 374 2563; x_wconf 86' lang='grc' dir='ltr'>ερημος</span> <span class='ocrx_word' id='word_1_248' title='bbox 400 2497 472 2543; x_wconf 84' lang='grc' dir='ltr'><strong>καὶ</strong></span> <span class='ocrx_word' id='word_1_249' title='bbox 492 2495 700 2556; x_wconf 76' lang='grc' dir='ltr'>λιθώδης,</span> <span class='ocrx_word' id='word_1_250' title='bbox 724 2495 1002 2542; x_wconf 85' lang='grc' dir='ltr'>ἀνατείνουσα</span> <span class='ocrx_word' id='word_1_251' title='bbox 1026 2495 1070 2542; x_wconf 83' lang='grc' dir='ltr'><strong>δὲ</strong></span> <span class='ocrx_word' id='word_1_252' title='bbox 1095 2496 1198 2560; x_wconf 78' lang='grc' dir='ltr'>πρὸς</span> <span class='ocrx_word' id='word_1_253' title='bbox 1223 2495 1294 2542; x_wconf 84' lang='grc' dir='ltr'><strong>τὸν</strong></span> <span class='ocrx_word' id='word_1_254' title='bbox 1318 2499 1400 2543; x_wconf 83' lang='grc' dir='ltr'><strong>Κι-</strong></span> 
     </span>
     <span class='ocr_line' id='line_1_32' title="bbox 69 2567 1400 2634; baseline -0.002 -17.941"><span class='ocrx_word' id='word_1_255' title='bbox 69 2571 323 2634; x_wconf 72' lang='grc' dir='ltr'>θαιρωνα,</span> <span class='ocrx_word' id='word_1_256' title='bbox 361 2570 408 2615; x_wconf 82' lang='grc' dir='ltr'>οὗ</span> <span class='ocrx_word' id='word_1_257' title='bbox 428 2567 570 2615; x_wconf 83' lang='grc' dir='ltr'>λίαν</span> <span class='ocrx_word' id='word_1_258' title='bbox 548 2567 591 2614; x_wconf 86' lang='grc' dir='ltr'>οὲ</span> <span class='ocrx_word' id='word_1_259' title='bbox 616 2567 868 2633; x_wconf 72' lang='grc' dir='ltr'>ἐπισφαλής.</span> <span class='ocrx_word' id='word_1_260' title='bbox 894 2567 951 2616; x_wconf 88' lang='grc' dir='ltr'>Ἡ</span> <span class='ocrx_word' id='word_1_261' title='bbox 976 2567 1020 2615; x_wconf 84' lang='grc' dir='ltr'><strong>δὲ</strong></span> <span class='ocrx_word' id='word_1_262' title='bbox 1051 2567 1171 2622; x_wconf 84' lang='grc' dir='ltr'>πόλις</span> <span class='ocrx_word' id='word_1_263' title='bbox 1195 2567 1306 2614; x_wconf 87' lang='grc' dir='ltr'>κατὰ</span> <span class='ocrx_word' id='word_1_264' title='bbox 1329 2568 1400 2615; x_wconf 75' lang='grc' dir='ltr'><strong>τὸν</strong></span> 
     </span>
     <span class='ocr_line' id='line_1_33' title="bbox 92 2639 879 2706; baseline -0.005 -16.922"><span class='ocrx_word' id='word_1_265' title='bbox 92 2643 345 2706; x_wconf 70' lang='grc' dir='ltr'>κωμῳδιῶν</span> <span class='ocrx_word' id='word_1_266' title='bbox 366 2639 557 2698; x_wconf 83' lang='grc' dir='ltr'>ποιητὴν</span> <span class='ocrx_word' id='word_1_267' title='bbox 585 2639 879 2688; x_wconf 80' lang='grc' dir='ltr'>Ποσείδιππον</span> 
     </span>
    </p>
   </div>
   <div class='ocr_carea' id='block_1_6' title="bbox 210 2747 1158 2914">
    <p class='ocr_par' dir='ltr' id='par_1_6' title="bbox 210 2747 1146 2914">
     <span class='ocr_line' id='line_1_34' title="bbox 211 2747 966 2798; baseline -0.001 -11"><span class='ocrx_word' id='word_1_268' title='bbox 211 2749 294 2788; x_wconf 88' lang='grc' dir='ltr'>ναοὶ</span> <span class='ocrx_word' id='word_1_269' title='bbox 313 2747 370 2786; x_wconf 85' lang='grc' dir='ltr'><strong>δύ’</strong></span> <span class='ocrx_word' id='word_1_270' title='bbox 389 2749 464 2787; x_wconf 52' lang='grc' dir='ltr'>εἰσι</span> <span class='ocrx_word' id='word_1_271' title='bbox 479 2748 545 2786; x_wconf 86' lang='grc' dir='ltr'><strong>καὶ</strong></span> <span class='ocrx_word' id='word_1_272' title='bbox 565 2748 663 2787; x_wconf 82' lang='grc' dir='ltr'>στοὰ</span> <span class='ocrx_word' id='word_1_273' title='bbox 685 2748 753 2786; x_wconf 78' lang='grc' dir='ltr'><strong>καὶ</strong></span> <span class='ocrx_word' id='word_1_274' title='bbox 773 2747 966 2798; x_wconf 81' lang='grc' dir='ltr'>τοῦνομα,</span> 
     </span>
     <span class='ocr_line' id='line_1_35' title="bbox 210 2804 1039 2856; baseline -0.001 -12"><span class='ocrx_word' id='word_1_275' title='bbox 210 2807 276 2844; x_wconf 79' lang='grc' dir='ltr'><strong>καὶ</strong></span> <span class='ocrx_word' id='word_1_276' title='bbox 291 2807 336 2844; x_wconf 90' lang='grc' dir='ltr'><strong>τὸ</strong></span> <span class='ocrx_word' id='word_1_277' title='bbox 353 2807 551 2856; x_wconf 82' lang='grc' dir='ltr'>βαλανεῖον</span> <span class='ocrx_word' id='word_1_278' title='bbox 566 2806 633 2844; x_wconf 68' lang='grc' dir='ltr'><strong>καὶ</strong></span> <span class='ocrx_word' id='word_1_279' title='bbox 646 2806 690 2844; x_wconf 89' lang='grc' dir='ltr'><strong>τὸ</strong></span> <span class='ocrx_word' id='word_1_280' title='bbox 710 2804 883 2855; x_wconf 77' lang='grc' dir='ltr'>Σαράὸου</span> <span class='ocrx_word' id='word_1_281' title='bbox 903 2806 1011 2849; x_wconf 84' lang='grc' dir='ltr'>κλέος</span> <span class='ocrx_word' id='word_1_282' title='bbox 1028 2834 1039 2853; x_wconf 97' lang='grc'>,</span> 
     </span>
     <span class='ocr_line' id='line_1_36' title="bbox 215 2862 1158 2914; baseline -0.002 -12"><span class='ocrx_word' id='word_1_283' title='bbox 215 2865 259 2902; x_wconf 84' lang='grc' dir='ltr'><strong>τὸ</strong></span> <span class='ocrx_word' id='word_1_284' title='bbox 275 2865 374 2902; x_wconf 88' lang='grc' dir='ltr'>πο)ὺ</span> <span class='ocrx_word' id='word_1_285' title='bbox 394 2864 461 2914; x_wconf 89' lang='grc' dir='ltr'><strong>μὲν</strong></span> <span class='ocrx_word' id='word_1_286' title='bbox 479 2863 576 2909; x_wconf 78' lang='grc' dir='ltr'>ἀκτὴ</span> <span class='ocrx_word' id='word_1_287' title='bbox 586 2889 599 2907; x_wconf 84' lang='grc'>,</span> <span class='ocrx_word' id='word_1_288' title='bbox 626 2867 705 2909; x_wconf 83' lang='grc' dir='ltr'>τοῖς</span> <span class='ocrx_word' id='word_1_289' title='bbox 727 2863 759 2901; x_wconf 84' lang='grc' dir='ltr'><strong>δ’</strong></span> <span class='ocrx_word' id='word_1_290' title='bbox 777 2863 1022 2913; x_wconf 88' lang='grc' dir='ltr'>Ἐλευθερίοις</span> <span class='ocrx_word' id='word_1_291' title='bbox 1038 2862 1158 2906; x_wconf 88' lang='grc' dir='ltr'>πόλις</span> 
     </span>
    </p>
   </div>
   <div class='ocr_carea' id='block_1_7' title="bbox 0 2962 1411 4246">
    <p class='ocr_par' dir='ltr' id='par_1_7' title="bbox 0 2962 1403 4246">
     <span class='ocr_line' id='line_1_37' title="bbox 70 2962 1396 3041; baseline -0.003 -14.1"><span class='ocrx_word' id='word_1_292' title='bbox 70 2962 208 3041; x_wconf 71' lang='grc' dir='ltr'>.ριιιο</span> <span class='ocrx_word' id='word_1_293' title='bbox 234 2986 384 3026; x_wconf 89' lang='lat' dir='ltr'><strong>latere</strong></span> <span class='ocrx_word' id='word_1_294' title='bbox 374 2998 414 3025; x_wconf 89' lang='grc' dir='ltr'><strong>ιιι</strong></span> <span class='ocrx_word' id='word_1_295' title='bbox 443 2983 604 3035; x_wconf 89' lang='lat' dir='ltr'><strong>vulgata</strong></span> <span class='ocrx_word' id='word_1_296' title='bbox 624 2983 802 3036; x_wconf 78' lang='lat' dir='ltr'><strong>ejusdem</strong></span> <span class='ocrx_word' id='word_1_297' title='bbox 826 2986 977 3036; x_wconf 85' lang='lat' dir='ltr'><strong>generis</strong></span> <span class='ocrx_word' id='word_1_298' title='bbox 995 2986 1197 3036; x_wconf 83' lang='lat' dir='ltr'>epitheton</span> <span class='ocrx_word' id='word_1_299' title='bbox 1225 2995 1370 3023; x_wconf 89' lang='lat' dir='ltr'><strong>ornans</strong></span> <span class='ocrx_word' id='word_1_300' title='bbox 1386 3014 1396 3033; x_wconf 97' lang='lat'><strong>,</strong></span> 
     </span>
     <span class='ocr_line' id='line_1_38' title="bbox 48 3044 1398 3133; baseline -0.003 -49"><span class='ocrx_word' id='word_1_301' title='bbox 48 3051 59 3055; x_wconf 80' lang='grc'>”</span> <span class='ocrx_word' id='word_1_302' title='bbox 87 3072 89 3075; x_wconf 90' lang='grc'>-</span> <span class='ocrx_word' id='word_1_303' title='bbox 102 3045 227 3133; x_wconf 61' lang='lat' dir='ltr'><strong>nius</strong></span> <span class='ocrx_word' id='word_1_304' title='bbox 251 3046 345 3084; x_wconf 83' lang='lat' dir='ltr'><strong>sunt</strong></span> <span class='ocrx_word' id='word_1_305' title='bbox 362 3045 589 3094; x_wconf 77' lang='lat' dir='ltr'><strong>sequentia,</strong></span> <span class='ocrx_word' id='word_1_306' title='bbox 611 3045 831 3095; x_wconf 79' lang='grc' dir='ltr'>μεταὸόλων</span> <span class='ocrx_word' id='word_1_307' title='bbox 859 3044 1042 3094; x_wconf 84' lang='grc' dir='ltr'>ἐργασία,</span> <span class='ocrx_word' id='word_1_308' title='bbox 1068 3045 1241 3082; x_wconf 86' lang='grc' dir='ltr'>τελωνῶν</span> <span class='ocrx_word' id='word_1_309' title='bbox 1270 3044 1398 3081; x_wconf 89' lang='grc' dir='ltr'>πλεον·</span> 
     </span>
     <span class='ocr_line' id='line_1_39' title="bbox 134 3100 1401 3155; baseline -0.003 -14"><span class='ocrx_word' id='word_1_310' title='bbox 134 3152 152 3155; x_wconf 39' lang='lat'><strong>..</strong></span> <span class='ocrx_word' id='word_1_311' title='bbox 172 3103 363 3152; x_wconf 77' lang='lat' dir='ltr'><strong>‚ltaque</strong></span> <span class='ocrx_word' id='word_1_312' title='bbox 379 3101 600 3151; x_wconf 80' lang='lat' dir='ltr'><strong>scripserim</strong></span> <span class='ocrx_word' id='word_1_313' title='bbox 625 3101 730 3140; x_wconf 83' lang='grc' dir='ltr'>οἰκία</span> <span class='ocrx_word' id='word_1_314' title='bbox 742 3100 867 3147; x_wconf 87' lang='grc' dir='ltr'>θητῶν</span> <span class='ocrx_word' id='word_1_315' title='bbox 884 3102 896 3150; x_wconf 88' lang='grc'>&lt;</span> <span class='ocrx_word' id='word_1_316' title='bbox 911 3100 1057 3139; x_wconf 84' lang='lat' dir='ltr'><strong>domus</strong></span> <span class='ocrx_word' id='word_1_317' title='bbox 1069 3100 1272 3148; x_wconf 72' lang='lat' dir='ltr'><strong>famma</strong></span> <span class='ocrx_word' id='word_1_318' title='bbox 1293 3109 1401 3137; x_wconf 87' lang='lat' dir='ltr'><strong>mer-</strong></span> 
     </span>
     <span class='ocr_line' id='line_1_40' title="bbox 94 3157 1401 3210; baseline -0.005 -10"><span class='ocrx_word' id='word_1_319' title='bbox 94 3163 150 3200; x_wconf 58' lang='lat'><strong>&#39;²5‘</strong></span> <span class='ocrx_word' id='word_1_320' title='bbox 187 3161 398 3207; x_wconf 78' lang='lat' dir='ltr'><strong>ariorum,</strong></span> <span class='ocrx_word' id='word_1_321' title='bbox 427 3159 654 3210; x_wconf 84' lang='grc' dir='ltr'>βαναύσων,</span> <span class='ocrx_word' id='word_1_322' title='bbox 681 3160 878 3210; x_wconf 85' lang='grc' dir='ltr'>πονηρῶν)</span> <span class='ocrx_word' id='word_1_323' title='bbox 902 3159 965 3198; x_wconf 85' lang='lat' dir='ltr'><strong>vel</strong></span> <span class='ocrx_word' id='word_1_324' title='bbox 992 3158 1102 3197; x_wconf 84' lang='grc' dir='ltr'>αἰκία</span> <span class='ocrx_word' id='word_1_325' title='bbox 1129 3159 1253 3204; x_wconf 86' lang='grc' dir='ltr'>θητῶν</span> <span class='ocrx_word' id='word_1_326' title='bbox 1284 3157 1401 3206; x_wconf 84' lang='lat' dir='ltr'><strong>(con-</strong></span> 
     </span>
     <span class='ocr_line' id='line_1_41' title="bbox 134 3188 1399 3308; baseline -0.003 -51.891"><span class='ocrx_word' id='word_1_327' title='bbox 134 3188 496 3308; x_wconf 38' lang='lat' dir='ltr'><strong>3}?melia,foe&#39;dum</strong></span> <span class='ocrx_word' id='word_1_328' title='bbox 511 3217 662 3266; x_wconf 76' lang='lat' dir='ltr'><strong>vulqus</strong></span> <span class='ocrx_word' id='word_1_329' title='bbox 682 3218 964 3256; x_wconf 80' lang='lat' dir='ltr'><strong>mercenarior</strong></span> <span class='ocrx_word' id='word_1_330' title='bbox 968 3215 1085 3264; x_wconf 81' lang='lat' dir='ltr'><strong>um),</strong></span> <span class='ocrx_word' id='word_1_331' title='bbox 1107 3215 1163 3254; x_wconf 86' lang='lat' dir='ltr'><strong>ita</strong></span> <span class='ocrx_word' id='word_1_332' title='bbox 1183 3217 1226 3254; x_wconf 86' lang='lat' dir='ltr'><strong>ut</strong></span> <span class='ocrx_word' id='word_1_333' title='bbox 1238 3215 1288 3253; x_wconf 88' lang='lat' dir='ltr'><strong>ab</strong></span> <span class='ocrx_word' id='word_1_334' title='bbox 1309 3212 1399 3253; x_wconf 86' lang='lat' dir='ltr'><strong>infi-</strong></span> 
     </span>
     <span class='ocr_line' id='line_1_42' title="bbox 177 3273 1394 3325; baseline -0.003 -12.89"><span class='ocrx_word' id='word_1_335' title='bbox 177 3274 434 3325; x_wconf 83' lang='lat' dir='ltr'><strong>procedens</strong></span> <span class='ocrx_word' id='word_1_336' title='bbox 474 3276 614 3313; x_wconf 82' lang='lat' dir='ltr'><strong>auctor</strong></span> <span class='ocrx_word' id='word_1_337' title='bbox 651 3273 730 3313; x_wconf 89' lang='lat' dir='ltr'><strong>tria</strong></span> <span class='ocrx_word' id='word_1_338' title='bbox 761 3273 949 3324; x_wconf 84' lang='lat' dir='ltr'><strong>nequitiae</strong></span> <span class='ocrx_word' id='word_1_339' title='bbox 980 3282 1122 3322; x_wconf 87' lang='lat' dir='ltr'><strong>genera</strong></span> <span class='ocrx_word' id='word_1_340' title='bbox 1151 3274 1344 3312; x_wconf 85' lang='lat' dir='ltr'><strong>memoret</strong></span> <span class='ocrx_word' id='word_1_341' title='bbox 1383 3287 1394 3310; x_wconf 88' lang='lat'><strong>:</strong></span> 
     </span>
     <span class='ocr_line' id='line_1_43' title="bbox 58 3328 1398 3382; baseline -0.002 -11"><span class='ocrx_word' id='word_1_342' title='bbox 58 3343 59 3347; x_wconf 74' lang='grc'>’</span> <span class='ocrx_word' id='word_1_343' title='bbox 114 3335 132 3353; x_wconf 84' lang='grc'><strong>’-</strong></span> <span class='ocrx_word' id='word_1_344' title='bbox 150 3343 153 3347; x_wconf 91' lang='grc'><strong>’</strong></span> <span class='ocrx_word' id='word_1_345' title='bbox 187 3345 231 3376; x_wconf 86' lang='grc' dir='ltr'><strong>ας</strong></span> <span class='ocrx_word' id='word_1_346' title='bbox 245 3360 257 3380; x_wconf 90' lang='grc'>,</span> <span class='ocrx_word' id='word_1_347' title='bbox 275 3332 529 3382; x_wconf 76' lang='grc' dir='ltr'>μεταὸὀλους,</span> <span class='ocrx_word' id='word_1_348' title='bbox 550 3333 730 3375; x_wconf 87' lang='grc' dir='ltr'>τελώνας.</span> <span class='ocrx_word' id='word_1_349' title='bbox 748 3355 800 3364; x_wconf 84' lang='lat'><strong>—-</strong></span> <span class='ocrx_word' id='word_1_350' title='bbox 813 3328 1057 3382; x_wconf 77' lang='grc' dir='ltr'>μεταὸόλων]</span> <span class='ocrx_word' id='word_1_351' title='bbox 1075 3331 1137 3369; x_wconf 86' lang='lat' dir='ltr'><strong>vel</strong></span> <span class='ocrx_word' id='word_1_352' title='bbox 1156 3330 1398 3380; x_wconf 76' lang='grc' dir='ltr'>μεταὸολέων</span> 
     </span>
     <span class='ocr_line' id='line_1_44' title="bbox 129 3382 1397 3444; baseline -0.003 -16.865"><span class='ocrx_word' id='word_1_353' title='bbox 129 3387 356 3444; x_wconf 43' lang='grc' dir='ltr'>ῑΗριιιιιιιιε</span> <span class='ocrx_word' id='word_1_354' title='bbox 377 3389 597 3439; x_wconf 78' lang='grc' dir='ltr'>μεταὸολῶν</span> <span class='ocrx_word' id='word_1_355' title='bbox 614 3388 756 3428; x_wconf 81' lang='lat' dir='ltr'><strong>codex.</strong></span> <span class='ocrx_word' id='word_1_356' title='bbox 775 3411 826 3420; x_wconf 90' lang='lat'>—</span> <span class='ocrx_word' id='word_1_357' title='bbox 845 3392 892 3438; x_wconf 75' lang='grc' dir='ltr'><strong>τῇ</strong></span> <span class='ocrx_word' id='word_1_358' title='bbox 908 3401 993 3426; x_wconf 91' lang='grc' dir='ltr'>πον.</span> <span class='ocrx_word' id='word_1_359' title='bbox 1005 3387 1020 3438; x_wconf 89' lang='grc'>]</span> <span class='ocrx_word' id='word_1_360' title='bbox 1040 3384 1231 3426; x_wconf 82' lang='lat' dir='ltr'><strong>articulus</strong></span> <span class='ocrx_word' id='word_1_361' title='bbox 1246 3382 1397 3435; x_wconf 86' lang='lat' dir='ltr'><strong>ejicien-</strong></span> 
     </span>
     <span class='ocr_line' id='line_1_45' title="bbox 139 3432 1398 3495; baseline -0.002 -11.945"><span class='ocrx_word' id='word_1_362' title='bbox 139 3432 213 3494; x_wconf 66' lang='grc' dir='ltr'><strong>ιι,</strong></span> <span class='ocrx_word' id='word_1_363' title='bbox 231 3444 305 3484; x_wconf 79' lang='lat' dir='ltr'><strong>nisi</strong></span> <span class='ocrx_word' id='word_1_364' title='bbox 325 3443 488 3484; x_wconf 79' lang='lat' dir='ltr'><strong>fortasse</strong></span> <span class='ocrx_word' id='word_1_365' title='bbox 507 3444 583 3484; x_wconf 83' lang='lat' dir='ltr'><strong>suit</strong></span> <span class='ocrx_word' id='word_1_366' title='bbox 603 3445 723 3495; x_wconf 81' lang='grc' dir='ltr'>ταύτῃ</span> <span class='ocrx_word' id='word_1_367' title='bbox 740 3449 786 3495; x_wconf 81' lang='grc' dir='ltr'><strong>τῇ</strong></span> <span class='ocrx_word' id='word_1_368' title='bbox 803 3458 888 3483; x_wconf 91' lang='grc' dir='ltr'>πον.</span> <span class='ocrx_word' id='word_1_369' title='bbox 908 3464 956 3477; x_wconf 62' lang='grc' dir='ltr'><strong>ι-</strong></span> <span class='ocrx_word' id='word_1_370' title='bbox 973 3438 1307 3494; x_wconf 88' lang='grc' dir='ltr'>συντεθραμμένη]</span> <span class='ocrx_word' id='word_1_371' title='bbox 1341 3454 1398 3481; x_wconf 87' lang='lat' dir='ltr'><strong>sc.</strong></span> 
     </span>
     <span class='ocr_line' id='line_1_46' title="bbox 111 3493 1399 3557; baseline -0.001 -16.959"><span class='ocrx_word' id='word_1_372' title='bbox 111 3493 282 3557; x_wconf 70' lang='grc' dir='ltr'>πολι,</span> <span class='ocrx_word' id='word_1_373' title='bbox 309 3519 358 3527; x_wconf 91' lang='lat'><strong>--</strong></span> <span class='ocrx_word' id='word_1_374' title='bbox 376 3503 582 3541; x_wconf 82' lang='grc' dir='ltr'>τελωνοῦσι</span> <span class='ocrx_word' id='word_1_375' title='bbox 602 3502 674 3554; x_wconf 83' lang='grc' dir='ltr'><strong>γὰρ</strong></span> <span class='ocrx_word' id='word_1_376' title='bbox 694 3499 775 3540; x_wconf 78' lang='grc' dir='ltr'>κτλ.</span> <span class='ocrx_word' id='word_1_377' title='bbox 788 3500 802 3552; x_wconf 86' lang='grc'>]</span> <span class='ocrx_word' id='word_1_378' title='bbox 825 3517 844 3535; x_wconf 78' lang='grc' dir='ltr'><strong>α</strong></span> <span class='ocrx_word' id='word_1_379' title='bbox 870 3502 939 3542; x_wconf 87' lang='lat' dir='ltr'><strong>His</strong></span> <span class='ocrx_word' id='word_1_380' title='bbox 962 3502 1092 3540; x_wconf 88' lang='lat' dir='ltr'><strong>verbis</strong></span> <span class='ocrx_word' id='word_1_381' title='bbox 1113 3501 1319 3540; x_wconf 71' lang='lat' dir='ltr'><strong>Boeckliius</strong></span> <span class='ocrx_word' id='word_1_382' title='bbox 1344 3503 1399 3539; x_wconf 90' lang='lat' dir='ltr'><strong>De</strong></span> 
     </span>
     <span class='ocr_line' id='line_1_47' title="bbox 157 3555 1401 3608; baseline -0.002 -8.923"><span class='ocrx_word' id='word_1_383' title='bbox 157 3559 336 3599; x_wconf 75' lang='lat' dir='ltr'><strong>onomia</strong></span> <span class='ocrx_word' id='word_1_384' title='bbox 351 3560 647 3600; x_wconf 69' lang='lat' dir='ltr'><strong>Atheniensium</strong></span> <span class='ocrx_word' id='word_1_385' title='bbox 664 3571 702 3608; x_wconf 88' lang='lat' dir='ltr'><strong>p.</strong></span> <span class='ocrx_word' id='word_1_386' title='bbox 724 3559 798 3598; x_wconf 66' lang='lat'><strong>342</strong></span> <span class='ocrx_word' id='word_1_387' title='bbox 818 3559 924 3598; x_wconf 88' lang='lat' dir='ltr'><strong>haud</strong></span> <span class='ocrx_word' id='word_1_388' title='bbox 939 3560 1188 3608; x_wconf 88' lang='lat' dir='ltr'><strong>compertum</strong></span> <span class='ocrx_word' id='word_1_389' title='bbox 1204 3569 1246 3597; x_wconf 90' lang='lat' dir='ltr'><strong>se</strong></span> <span class='ocrx_word' id='word_1_390' title='bbox 1257 3555 1401 3597; x_wconf 82' lang='lat' dir='ltr'><strong>hahere</strong></span> 
     </span>
     <span class='ocr_line' id='line_1_48' title="bbox 92 3611 1401 3672; baseline -0.002 -15"><span class='ocrx_word' id='word_1_391' title='bbox 92 3667 100 3672; x_wconf 41' lang='lat'>-</span> <span class='ocrx_word' id='word_1_392' title='bbox 145 3611 311 3659; x_wconf 52' lang='lat' dir='ltr'><strong>{Ul&#39;essus</strong></span> <span class='ocrx_word' id='word_1_393' title='bbox 321 3617 408 3666; x_wconf 86' lang='lat' dir='ltr'><strong>·,est</strong></span> <span class='ocrx_word' id='word_1_394' title='bbox 431 3619 568 3656; x_wconf 79' lang='lat' dir='ltr'><strong>utrum</strong></span> <span class='ocrx_word' id='word_1_395' title='bbox 587 3617 755 3667; x_wconf 86' lang='lat' dir='ltr'><strong>vectigal</strong></span> <span class='ocrx_word' id='word_1_396' title='bbox 783 3617 821 3655; x_wconf 89' lang='lat' dir='ltr'><strong>in</strong></span> <span class='ocrx_word' id='word_1_397' title='bbox 850 3617 1022 3656; x_wconf 83' lang='lat' dir='ltr'><strong>confinio</strong></span> <span class='ocrx_word' id='word_1_398' title='bbox 1054 3616 1174 3655; x_wconf 90' lang='lat' dir='ltr'><strong>modo</strong></span> <span class='ocrx_word' id='word_1_399' title='bbox 1200 3627 1224 3654; x_wconf 95' lang='lat' dir='ltr'><strong>a</strong></span> <span class='ocrx_word' id='word_1_400' title='bbox 1256 3616 1401 3656; x_wconf 81' lang='lat' dir='ltr'><strong>Boeotis</strong></span> 
     </span>
     <span class='ocr_line' id='line_1_49' title="bbox 46 3643 1396 3726; baseline -0.001 -13.999"><span class='ocrx_word' id='word_1_401' title='bbox 46 3643 175 3726; x_wconf 31' lang='grc' dir='ltr'><strong>’.Ὺ-κ</strong></span> <span class='ocrx_word' id='word_1_402' title='bbox 221 3689 228 3707; x_wconf 87' lang='lat'><strong>·</strong></span> <span class='ocrx_word' id='word_1_403' title='bbox 257 3673 308 3712; x_wconf 85' lang='lat' dir='ltr'><strong>ab</strong></span> <span class='ocrx_word' id='word_1_404' title='bbox 325 3673 628 3714; x_wconf 74' lang='lat' dir='ltr'><strong>Atheniensibus</strong></span> <span class='ocrx_word' id='word_1_405' title='bbox 651 3675 856 3725; x_wconf 82' lang='lat' dir='ltr'><strong>sumptum</strong></span> <span class='ocrx_word' id='word_1_406' title='bbox 875 3685 948 3724; x_wconf 92' lang='lat' dir='ltr'><strong>an,</strong></span> <span class='ocrx_word' id='word_1_407' title='bbox 973 3685 1096 3724; x_wconf 85' lang='lat' dir='ltr'><strong>quum</strong></span> <span class='ocrx_word' id='word_1_408' title='bbox 1121 3676 1278 3722; x_wconf 83' lang='lat' dir='ltr'><strong>Oropus</strong></span> <span class='ocrx_word' id='word_1_409' title='bbox 1296 3672 1396 3711; x_wconf 86' lang='lat' dir='ltr'><strong>mari</strong></span> 
     </span>
     <span class='ocr_line' id='line_1_50' title="bbox 184 3728 1400 3781; baseline -0.003 -9.4"><span class='ocrx_word' id='word_1_410' title='bbox 184 3746 190 3765; x_wconf 70' lang='grc' dir='ltr'><strong>ι</strong></span> <span class='ocrx_word' id='word_1_411' title='bbox 208 3741 276 3770; x_wconf 85' lang='lat' dir='ltr'><strong>ue</strong></span> <span class='ocrx_word' id='word_1_412' title='bbox 305 3729 540 3780; x_wconf 80' lang='lat' dir='ltr'><strong>adjacuisset</strong></span> <span class='ocrx_word' id='word_1_413' title='bbox 560 3734 596 3772; x_wconf 87' lang='lat' dir='ltr'><strong>et</strong></span> <span class='ocrx_word' id='word_1_414' title='bbox 623 3739 685 3772; x_wconf 89' lang='lat' dir='ltr'><strong>res</strong></span> <span class='ocrx_word' id='word_1_415' title='bbox 713 3744 762 3772; x_wconf 89' lang='lat' dir='ltr'><strong>ex</strong></span> <span class='ocrx_word' id='word_1_416' title='bbox 786 3733 935 3772; x_wconf 71' lang='grc' dir='ltr'>Ειιιιωει</span> <span class='ocrx_word' id='word_1_417' title='bbox 953 3732 1048 3771; x_wconf 90' lang='lat' dir='ltr'><strong>olim</strong></span> <span class='ocrx_word' id='word_1_418' title='bbox 1067 3742 1136 3781; x_wconf 87' lang='lat' dir='ltr'><strong>per</strong></span> <span class='ocrx_word' id='word_1_419' title='bbox 1160 3729 1339 3780; x_wconf 78' lang='lat' dir='ltr'><strong>Oropum</strong></span> <span class='ocrx_word' id='word_1_420' title='bbox 1359 3728 1400 3768; x_wconf 79' lang='lat' dir='ltr'><strong>iri</strong></span> 
     </span>
     <span class='ocr_line' id='line_1_51' title="bbox 109 3774 1388 3840; baseline -0.003 -11.892"><span class='ocrx_word' id='word_1_421' title='bbox 109 3774 288 3828; x_wconf 73' lang='lat' dir='ltr'><strong>tticam</strong></span> <span class='ocrx_word' id='word_1_422' title='bbox 302 3787 470 3827; x_wconf 81' lang='lat' dir='ltr'><strong>invectae</strong></span> <span class='ocrx_word' id='word_1_423' title='bbox 483 3788 669 3838; x_wconf 79' lang='lat' dir='ltr'><strong>fuissent,</strong></span> <span class='ocrx_word' id='word_1_424' title='bbox 683 3786 937 3840; x_wconf 85' lang='lat' dir='ltr'><strong>portitorium</strong></span> <span class='ocrx_word' id='word_1_425' title='bbox 950 3788 1213 3839; x_wconf 85' lang='lat' dir='ltr'><strong>significatum</strong></span> <span class='ocrx_word' id='word_1_426' title='bbox 1231 3787 1388 3826; x_wconf 85' lang='lat' dir='ltr'><strong>fuerit.›</strong></span> 
     </span>
     <span class='ocr_line' id='line_1_52' title="bbox 46 3839 1399 3895; baseline -0.004 -7.989"><span class='ocrx_word' id='word_1_427' title='bbox 46 3847 77 3888; x_wconf 65' lang='grc' dir='ltr'>ἱ</span> <span class='ocrx_word' id='word_1_428' title='bbox 95 3839 256 3887; x_wconf 60' lang='lat' dir='ltr'><strong>nuh»-</strong></span> <span class='ocrx_word' id='word_1_429' title='bbox 275 3849 315 3895; x_wconf 70' lang='grc' dir='ltr'><strong>ιι.</strong></span> <span class='ocrx_word' id='word_1_430' title='bbox 334 3847 421 3884; x_wconf 81' lang='grc'>238.</span> <span class='ocrx_word' id='word_1_431' title='bbox 439 3847 626 3885; x_wconf 86' lang='lat' dir='ltr'><strong>Ceterum</strong></span> <span class='ocrx_word' id='word_1_432' title='bbox 642 3847 740 3886; x_wconf 82' lang='lat' dir='ltr'><strong>vitio</strong></span> <span class='ocrx_word' id='word_1_433' title='bbox 754 3847 818 3886; x_wconf 81' lang='lat' dir='ltr'><strong>vel</strong></span> <span class='ocrx_word' id='word_1_434' title='bbox 835 3847 978 3885; x_wconf 90' lang='lat' dir='ltr'><strong>lacuna</strong></span> <span class='ocrx_word' id='word_1_435' title='bbox 989 3846 1100 3885; x_wconf 84' lang='lat' dir='ltr'><strong>locus</strong></span> <span class='ocrx_word' id='word_1_436' title='bbox 1115 3845 1282 3884; x_wconf 73' lang='lat' dir='ltr'><strong>laborat</strong></span> <span class='ocrx_word' id='word_1_437' title='bbox 1301 3847 1399 3883; x_wconf 83' lang='lat' dir='ltr'><strong>Nam</strong></span> 
     </span>
     <span class='ocr_line' id='line_1_53' title="bbox 49 3894 1402 3979; baseline 0 -39"><span class='ocrx_word' id='word_1_438' title='bbox 49 3904 80 3934; x_wconf 66' lang='grc' dir='ltr'><strong>Ἰ·</strong></span> <span class='ocrx_word' id='word_1_439' title='bbox 99 3894 159 3979; x_wconf 52' lang='lat'><strong>¹³3·</strong></span> <span class='ocrx_word' id='word_1_440' title='bbox 156 3916 180 3935; x_wconf 82' lang='grc' dir='ltr'><strong>ι</strong></span> <span class='ocrx_word' id='word_1_441' title='bbox 218 3899 312 3940; x_wconf 77' lang='lat' dir='ltr'><strong>tia</strong></span> <span class='ocrx_word' id='word_1_442' title='bbox 337 3899 535 3952; x_wconf 83' lang='lat' dir='ltr'><strong>flagitatur</strong></span> <span class='ocrx_word' id='word_1_443' title='bbox 550 3899 771 3968; x_wconf 84' lang='lat' dir='ltr'><strong>ejusmodi,</strong></span> <span class='ocrx_word' id='word_1_444' title='bbox 789 3905 835 3942; x_wconf 91' lang='lat' dir='ltr'><strong>ut</strong></span> <span class='ocrx_word' id='word_1_445' title='bbox 852 3902 989 3952; x_wconf 87' lang='lat' dir='ltr'><strong>Oropii</strong></span> <span class='ocrx_word' id='word_1_446' title='bbox 1004 3901 1190 3941; x_wconf 87' lang='lat' dir='ltr'><strong>dicantur</strong></span> <span class='ocrx_word' id='word_1_447' title='bbox 1208 3901 1326 3940; x_wconf 84' lang='lat' dir='ltr'><strong>etiam</strong></span> <span class='ocrx_word' id='word_1_448' title='bbox 1352 3901 1402 3940; x_wconf 91' lang='lat' dir='ltr'><strong>de</strong></span> 
     </span>
     <span class='ocr_line' id='line_1_54' title="bbox 0 3957 1403 4016; baseline 0 -18"><span class='ocrx_word' id='word_1_449' title='bbox 0 4006 18 4016; x_wconf 63' lang='lat'><strong>..</strong></span> <span class='ocrx_word' id='word_1_450' title='bbox 55 3975 75 4011; x_wconf 67' lang='lat'><strong>.&#39;</strong></span> <span class='ocrx_word' id='word_1_451' title='bbox 108 3962 143 4007; x_wconf 63' lang='lat' dir='ltr'><strong>t</strong></span> <span class='ocrx_word' id='word_1_452' title='bbox 159 3957 301 3998; x_wconf 58' lang='lat' dir='ltr'><strong>rebus</strong></span> <span class='ocrx_word' id='word_1_453' title='bbox 322 3958 485 4008; x_wconf 86' lang='lat' dir='ltr'><strong>vectigal</strong></span> <span class='ocrx_word' id='word_1_454' title='bbox 501 3957 679 4010; x_wconf 77' lang='lat' dir='ltr'><strong>exigere,</strong></span> <span class='ocrx_word' id='word_1_455' title='bbox 696 3966 787 4011; x_wconf 76' lang='lat' dir='ltr'><strong>quae</strong></span> <span class='ocrx_word' id='word_1_456' title='bbox 806 3960 911 4012; x_wconf 90' lang='lat' dir='ltr'><strong>apud</strong></span> <span class='ocrx_word' id='word_1_457' title='bbox 931 3959 1030 3999; x_wconf 88' lang='lat' dir='ltr'><strong>alios</strong></span> <span class='ocrx_word' id='word_1_458' title='bbox 1045 3970 1093 3999; x_wconf 89' lang='lat' dir='ltr'><strong>eo</strong></span> <span class='ocrx_word' id='word_1_459' title='bbox 1112 3961 1307 4008; x_wconf 76' lang='lat' dir='ltr'><strong>exemptae</strong></span> <span class='ocrx_word' id='word_1_460' title='bbox 1320 3969 1403 3998; x_wconf 86' lang='lat' dir='ltr'><strong>esse</strong></span> 
     </span>
     <span class='ocr_line' id='line_1_55' title="bbox 78 4011 1402 4082; baseline -0.002 -24.93"><span class='ocrx_word' id='word_1_461' title='bbox 78 4022 144 4082; x_wconf 93' lang='lat'><em>3</em></span> <span class='ocrx_word' id='word_1_462' title='bbox 154 4017 261 4057; x_wconf 61' lang='lat' dir='ltr'><strong>em</strong></span> <span class='ocrx_word' id='word_1_463' title='bbox 279 4015 392 4061; x_wconf 88' lang='lat' dir='ltr'><strong>Quod</strong></span> <span class='ocrx_word' id='word_1_464' title='bbox 421 4015 590 4056; x_wconf 81' lang='lat' dir='ltr'><strong>Fuhrius</strong></span> <span class='ocrx_word' id='word_1_465' title='bbox 615 4020 731 4068; x_wconf 79' lang='lat' dir='ltr'><strong>putat</strong></span> <span class='ocrx_word' id='word_1_466' title='bbox 745 4028 815 4058; x_wconf 87' lang='lat' dir='ltr'><strong>eos</strong></span> <span class='ocrx_word' id='word_1_467' title='bbox 838 4017 1046 4068; x_wconf 85' lang='lat' dir='ltr'><strong>portitoria</strong></span> <span class='ocrx_word' id='word_1_468' title='bbox 1079 4016 1254 4066; x_wconf 80' lang='lat' dir='ltr'><strong>exegisse</strong></span> <span class='ocrx_word' id='word_1_469' title='bbox 1283 4011 1402 4055; x_wconf 86' lang='lat' dir='ltr'><strong>etiam</strong></span> 
     </span>
     <span class='ocr_line' id='line_1_56' title="bbox 53 4072 1401 4182; baseline 0 -13"><span class='ocrx_word' id='word_1_470' title='bbox 71 4082 85 4098; x_wconf 85' lang='grc'>”</span> <span class='ocrx_word' id='word_1_471' title='bbox 53 4074 171 4145; x_wconf 58' lang='lat'><strong>⁵²³</strong></span> <span class='ocrx_word' id='word_1_472' title='bbox 177 4071 1072 4182; x_wconf 55' lang='lat' dir='ltr'><strong>qioffmffiuiiriussssissessffl‘ioim{3533ssssss</strong></span> <span class='ocrx_word' id='word_1_473' title='bbox 1090 4072 1401 4170; x_wconf 51' lang='lat' dir='ltr'><strong>{Zielisse‘eiffi’</strong></span> 
     </span>
     <span class='ocr_line' id='line_1_57' title="bbox 134 4143 1411 4246; baseline -0.002 -18.113"><span class='ocrx_word' id='word_1_474' title='bbox 134 4182 208 4246; x_wconf 65' lang='lat'><strong>¹{³5</strong></span> <span class='ocrx_word' id='word_1_475' title='bbox 246 4215 251 4218; x_wconf 74' lang='lat'><em>-</em></span> <span class='ocrx_word' id='word_1_476' title='bbox 279 4185 337 4237; x_wconf 85' lang='grc' dir='ltr'><strong>οι]</strong></span> <span class='ocrx_word' id='word_1_477' title='bbox 351 4186 637 4238; x_wconf 67' lang='grc' dir='ltr'>ἐπανελλομενοι</span> <span class='ocrx_word' id='word_1_478' title='bbox 653 4189 800 4238; x_wconf 76' lang='lat' dir='ltr'><strong>codex</strong></span> <span class='ocrx_word' id='word_1_479' title='bbox 817 4144 910 4234; x_wconf 56' lang='lat' dir='ltr'><strong>5..er</strong></span> <span class='ocrx_word' id='word_1_480' title='bbox 929 4143 1048 4229; x_wconf 68' lang='lat' dir='ltr'><strong>1¹⁷uln‘.</strong></span> <span class='ocrx_word' id='word_1_481' title='bbox 1060 4187 1215 4238; x_wconf 87' lang='lat' dir='ltr'><strong>,nescio</strong></span> <span class='ocrx_word' id='word_1_482' title='bbox 1235 4197 1320 4226; x_wconf 91' lang='lat' dir='ltr'><strong>cur</strong></span> <span class='ocrx_word' id='word_1_483' title='bbox 1339 4188 1411 4227; x_wconf 78' lang='lat' dir='ltr'><strong>Ja-</strong></span> 
     </span>
    </p>
   </div>
   <div class='ocr_carea' id='block_1_8' title="bbox 375 4269 1061 4300">
    <p class='ocr_par' dir='ltr' id='par_1_8' title="bbox 375 4269 1061 4300">
     <span class='ocr_line' id='line_1_58' title="bbox 375 4269 1061 4300; baseline -0.001 -2"><span class='ocrx_word' id='word_1_484' title='bbox 375 4271 607 4300; x_wconf 66' lang='lat' dir='ltr'><strong>mmmmm</strong></span> <span class='ocrx_word' id='word_1_485' title='bbox 633 4271 730 4300; x_wconf 76' lang='lat' dir='ltr'><strong>nls&#39;r.</strong></span> <span class='ocrx_word' id='word_1_486' title='bbox 754 4271 820 4299; x_wconf 80' lang='lat' dir='ltr'><strong>Gn.</strong></span> <span class='ocrx_word' id='word_1_487' title='bbox 847 4281 889 4289; x_wconf 88' lang='grc'>-</span> <span class='ocrx_word' id='word_1_488' title='bbox 913 4270 1000 4300; x_wconf 80' lang='lat' dir='ltr'><strong>vol.</strong></span> <span class='ocrx_word' id='word_1_489' title='bbox 1017 4269 1061 4298; x_wconf 87' lang='lat' dir='ltr'><strong>n.</strong></span> 
     </span>
    </p>
   </div>
   <div class='ocr_carea' id='block_1_9' title="bbox 0 1666 162 4628">
    <p class='ocr_par' dir='ltr' id='par_1_9' title="bbox 0 1666 162 4628">
     <span class='ocr_line' id='line_1_59' title="bbox 0 1666 162 4628; baseline 0.981 -158"><span class='ocrx_word' id='word_1_490' title='bbox 0 1666 43 4472; x_wconf 95' lang='lat' dir='ltr'><strong> </strong></span> <span class='ocrx_word' id='word_1_491' title='bbox 52 4306 162 4628; x_wconf 95' lang='lat' dir='ltr'><strong> </strong></span> 
     </span>
    </p>
   </div>
   <div class='ocr_carea' id='block_1_10' title="bbox 1452 316 2748 668">
    <p class='ocr_par' dir='ltr' id='par_1_10' title="bbox 1452 316 2748 668">
     <span class='ocr_line' id='line_1_60' title="bbox 2647 316 2736 356; baseline 0.011 -1"><span class='ocrx_word' id='word_1_492' title='bbox 2647 316 2736 356; x_wconf 66' lang='lat'><strong>2:27</strong></span> 
     </span>
     <span class='ocr_line' id='line_1_61' title="bbox 1466 402 2746 459; baseline 0.01 -21"><span class='ocrx_word' id='word_1_493' title='bbox 1466 410 1558 439; x_wconf 89' lang='lat' dir='ltr'><strong>nam</strong></span> <span class='ocrx_word' id='word_1_494' title='bbox 1583 402 1786 451; x_wconf 83' lang='lat' dir='ltr'><strong>vectigalia</strong></span> <span class='ocrx_word' id='word_1_495' title='bbox 1804 404 1964 452; x_wconf 82' lang='lat' dir='ltr'><strong>exigunt</strong></span> <span class='ocrx_word' id='word_1_496' title='bbox 1979 405 2097 443; x_wconf 78' lang='lat' dir='ltr'><strong>etiam</strong></span> <span class='ocrx_word' id='word_1_497' title='bbox 2116 406 2166 444; x_wconf 87' lang='lat' dir='ltr'><strong>ob</strong></span> <span class='ocrx_word' id='word_1_498' title='bbox 2183 418 2228 445; x_wconf 81' lang='lat' dir='ltr'><strong>ea</strong></span> <span class='ocrx_word' id='word_1_499' title='bbox 2243 419 2331 456; x_wconf 77' lang='lat' dir='ltr'><strong>qua·</strong></span> <span class='ocrx_word' id='word_1_500' title='bbox 2349 409 2398 448; x_wconf 86' lang='lat' dir='ltr'><strong>ad</strong></span> <span class='ocrx_word' id='word_1_501' title='bbox 2419 411 2521 459; x_wconf 75' lang='lat' dir='ltr'><strong>ipsos</strong></span> <span class='ocrx_word' id='word_1_502' title='bbox 2535 411 2746 451; x_wconf 69' lang='lat' dir='ltr'><strong>deferenda</strong></span> 
     </span>
     <span class='ocr_line' id='line_1_62' title="bbox 1452 474 2748 529; baseline 0.01 -18"><span class='ocrx_word' id='word_1_503' title='bbox 1452 475 1568 511; x_wconf 90' lang='lat' dir='ltr'><strong>sunt.</strong></span> <span class='ocrx_word' id='word_1_504' title='bbox 1593 475 1742 512; x_wconf 89' lang='lat' dir='ltr'><strong>Eorum</strong></span> <span class='ocrx_word' id='word_1_505' title='bbox 1771 474 1931 524; x_wconf 86' lang='lat' dir='ltr'><strong>plurimi</strong></span> <span class='ocrx_word' id='word_1_506' title='bbox 1958 477 2085 526; x_wconf 88' lang='lat' dir='ltr'><strong>asperi</strong></span> <span class='ocrx_word' id='word_1_507' title='bbox 2115 477 2154 515; x_wconf 86' lang='lat' dir='ltr'><strong>in</strong></span> <span class='ocrx_word' id='word_1_508' title='bbox 2186 479 2477 529; x_wconf 78' lang='lat' dir='ltr'><strong>congressibus,</strong></span> <span class='ocrx_word' id='word_1_509' title='bbox 2508 483 2748 524; x_wconf 72' lang='lat' dir='ltr'><strong>cordatiores</strong></span> 
     </span>
     <span class='ocr_line' id='line_1_63' title="bbox 1463 546 2747 604; baseline 0.012 -20"><span class='ocrx_word' id='word_1_510' title='bbox 1463 546 1567 585; x_wconf 90' lang='lat' dir='ltr'><strong>viros</strong></span> <span class='ocrx_word' id='word_1_511' title='bbox 1596 546 1647 586; x_wconf 91' lang='lat' dir='ltr'><strong>de</strong></span> <span class='ocrx_word' id='word_1_512' title='bbox 1680 547 1811 587; x_wconf 89' lang='lat' dir='ltr'><strong>medio</strong></span> <span class='ocrx_word' id='word_1_513' title='bbox 1838 549 1986 588; x_wconf 86' lang='lat' dir='ltr'><strong>tollunt</strong></span> <span class='ocrx_word' id='word_1_514' title='bbox 2027 566 2037 589; x_wconf 71' lang='grc' dir='ltr'><strong>ι</strong></span> <span class='ocrx_word' id='word_1_515' title='bbox 2071 552 2228 592; x_wconf 72' lang='lat' dir='ltr'><strong>Boeotos</strong></span> <span class='ocrx_word' id='word_1_516' title='bbox 2270 560 2495 604; x_wconf 80' lang='lat' dir='ltr'><strong>respuentes</strong></span> <span class='ocrx_word' id='word_1_517' title='bbox 2532 562 2669 599; x_wconf 80' lang='lat' dir='ltr'><strong>mente</strong></span> <span class='ocrx_word' id='word_1_518' title='bbox 2706 563 2747 598; x_wconf 80' lang='lat' dir='ltr'><strong>ee</strong></span> 
     </span>
     <span class='ocr_line' id='line_1_64' title="bbox 1463 617 2581 668; baseline 0.01 -11"><span class='ocrx_word' id='word_1_519' title='bbox 1463 617 1620 658; x_wconf 75' lang='lat' dir='ltr'><strong>studiis</strong></span> <span class='ocrx_word' id='word_1_520' title='bbox 1641 619 1898 660; x_wconf 78' lang='lat' dir='ltr'><strong>Athenienses</strong></span> <span class='ocrx_word' id='word_1_521' title='bbox 1916 623 2009 661; x_wconf 90' lang='lat' dir='ltr'><strong>sunt</strong></span> <span class='ocrx_word' id='word_1_522' title='bbox 2027 621 2068 661; x_wconf 89' lang='lat' dir='ltr'><strong>in</strong></span> <span class='ocrx_word' id='word_1_523' title='bbox 2086 623 2247 662; x_wconf 85' lang='lat' dir='ltr'><strong>Boeotia.</strong></span> <span class='ocrx_word' id='word_1_524' title='bbox 2271 627 2329 665; x_wconf 91' lang='lat' dir='ltr'><strong>De</strong></span> <span class='ocrx_word' id='word_1_525' title='bbox 2347 627 2423 666; x_wconf 91' lang='lat' dir='ltr'><strong>illis</strong></span> <span class='ocrx_word' id='word_1_526' title='bbox 2440 631 2549 668; x_wconf 82' lang='lat' dir='ltr'><strong>xeno</strong></span> <span class='ocrx_word' id='word_1_527' title='bbox 2572 646 2581 668; x_wconf 87' lang='lat'>:</span> 
     </span>
    </p>
   </div>
   <div class='ocr_carea' id='block_1_11' title="bbox 1456 726 2775 2422">
    <p class='ocr_par' dir='ltr' id='par_1_11' title="bbox 1550 726 2357 830">
     <span class='ocr_line' id='line_1_65' title="bbox 1552 726 2357 774; baseline 0.006 -13"><span class='ocrx_word' id='word_1_528' title='bbox 1552 730 1689 762; x_wconf 87' lang='lat' dir='ltr'><strong>omnes</strong></span> <span class='ocrx_word' id='word_1_529' title='bbox 1704 726 1911 771; x_wconf 79' lang='lat' dir='ltr'><strong>publicani,</strong></span> <span class='ocrx_word' id='word_1_530' title='bbox 1931 735 2060 763; x_wconf 83' lang='lat' dir='ltr'><strong>omnes</strong></span> <span class='ocrx_word' id='word_1_531' title='bbox 2075 731 2163 764; x_wconf 86' lang='lat' dir='ltr'><strong>sunt</strong></span> <span class='ocrx_word' id='word_1_532' title='bbox 2179 733 2357 774; x_wconf 81' lang='lat' dir='ltr'><strong>raptores.</strong></span> 
     </span>
     <span class='ocr_line' id='line_1_66' title="bbox 1550 783 1994 830; baseline 0.002 -11"><span class='ocrx_word' id='word_1_533' title='bbox 1550 785 1663 820; x_wconf 67' lang='lat' dir='ltr'><strong>litatus</strong></span> <span class='ocrx_word' id='word_1_534' title='bbox 1678 783 1762 820; x_wconf 85' lang='lat' dir='ltr'><strong>tinis</strong></span> <span class='ocrx_word' id='word_1_535' title='bbox 1777 784 1822 820; x_wconf 87' lang='lat' dir='ltr'><strong>sit</strong></span> <span class='ocrx_word' id='word_1_536' title='bbox 1838 785 1994 830; x_wconf 67' lang='lat' dir='ltr'><strong>Oropiist</strong></span> 
     </span>
    </p>

    <p class='ocr_par' dir='ltr' id='par_1_12' title="bbox 1456 863 2775 2422">
     <span class='ocr_line' id='line_1_67' title="bbox 1514 863 2749 920; baseline 0.008 -17"><span class='ocrx_word' id='word_1_537' title='bbox 1514 867 1551 903; x_wconf 86' lang='grc'><strong>8.</strong></span> <span class='ocrx_word' id='word_1_538' title='bbox 1584 863 1685 903; x_wconf 83' lang='grc' dir='ltr'>Ηιιιο</span> <span class='ocrx_word' id='word_1_539' title='bbox 1710 863 1766 903; x_wconf 89' lang='lat' dir='ltr'><strong>ad</strong></span> <span class='ocrx_word' id='word_1_540' title='bbox 1791 866 2010 914; x_wconf 80' lang='lat' dir='ltr'><strong>Tanagram</strong></span> <span class='ocrx_word' id='word_1_541' title='bbox 2029 865 2156 904; x_wconf 83' lang='lat' dir='ltr'><strong>stadia</strong></span> <span class='ocrx_word' id='word_1_542' title='bbox 2170 866 2344 916; x_wconf 79' lang='lat' dir='ltr'><strong>triginta.</strong></span> <span class='ocrx_word' id='word_1_543' title='bbox 2364 869 2443 907; x_wconf 88' lang='lat' dir='ltr'><strong>lter</strong></span> <span class='ocrx_word' id='word_1_544' title='bbox 2470 881 2538 919; x_wconf 88' lang='lat' dir='ltr'><strong>per</strong></span> <span class='ocrx_word' id='word_1_545' title='bbox 2555 872 2749 920; x_wconf 83' lang='lat' dir='ltr'><strong>regionem</strong></span> 
     </span>
     <span class='ocr_line' id='line_1_68' title="bbox 1463 932 2744 988; baseline 0.008 -14"><span class='ocrx_word' id='word_1_546' title='bbox 1463 936 1561 976; x_wconf 88' lang='lat' dir='ltr'><strong>oleis</strong></span> <span class='ocrx_word' id='word_1_547' title='bbox 1586 935 1780 975; x_wconf 84' lang='lat' dir='ltr'><strong>consitam</strong></span> <span class='ocrx_word' id='word_1_548' title='bbox 1803 937 1843 975; x_wconf 91' lang='lat' dir='ltr'><strong>et</strong></span> <span class='ocrx_word' id='word_1_549' title='bbox 1861 932 2049 976; x_wconf 84' lang='lat' dir='ltr'><strong>silvosam</strong></span> <span class='ocrx_word' id='word_1_550' title='bbox 2065 938 2184 988; x_wconf 82' lang='lat' dir='ltr'><strong>atque</strong></span> <span class='ocrx_word' id='word_1_551' title='bbox 2206 938 2316 976; x_wconf 89' lang='lat' dir='ltr'><strong>omni</strong></span> <span class='ocrx_word' id='word_1_552' title='bbox 2340 949 2364 977; x_wconf 91' lang='lat' dir='ltr'><strong>a</strong></span> <span class='ocrx_word' id='word_1_553' title='bbox 2394 939 2612 981; x_wconf 87' lang='lat' dir='ltr'><strong>latronibus</strong></span> <span class='ocrx_word' id='word_1_554' title='bbox 2636 949 2744 984; x_wconf 85' lang='lat' dir='ltr'><strong>metu</strong></span> 
     </span>
     <span class='ocr_line' id='line_1_69' title="bbox 1465 1007 2753 1064; baseline 0.008 -19"><span class='ocrx_word' id='word_1_555' title='bbox 1465 1007 1646 1047; x_wconf 84' lang='lat' dir='ltr'><strong>liberam.</strong></span> <span class='ocrx_word' id='word_1_556' title='bbox 1669 1007 1772 1048; x_wconf 88' lang='lat' dir='ltr'><strong>Urbs</strong></span> <span class='ocrx_word' id='word_1_557' title='bbox 1798 1009 1933 1048; x_wconf 82' lang='lat' dir='ltr'><strong>autem</strong></span> <span class='ocrx_word' id='word_1_558' title='bbox 1951 1007 2076 1048; x_wconf 88' lang='lat' dir='ltr'><strong>ardua</strong></span> <span class='ocrx_word' id='word_1_559' title='bbox 2106 1019 2271 1049; x_wconf 86' lang='lat' dir='ltr'><strong>ascensu</strong></span> <span class='ocrx_word' id='word_1_560' title='bbox 2297 1011 2339 1050; x_wconf 89' lang='lat' dir='ltr'><strong>et</strong></span> <span class='ocrx_word' id='word_1_561' title='bbox 2358 1010 2398 1050; x_wconf 88' lang='lat' dir='ltr'><strong>in</strong></span> <span class='ocrx_word' id='word_1_562' title='bbox 2418 1012 2499 1051; x_wconf 89' lang='lat' dir='ltr'><strong>alto</strong></span> <span class='ocrx_word' id='word_1_563' title='bbox 2518 1014 2665 1064; x_wconf 86' lang='lat' dir='ltr'><strong>posita;</strong></span> <span class='ocrx_word' id='word_1_564' title='bbox 2682 1027 2753 1055; x_wconf 87' lang='lat' dir='ltr'><strong>su·</strong></span> 
     </span>
     <span class='ocr_line' id='line_1_70' title="bbox 1466 1079 2755 1136; baseline 0.007 -18"><span class='ocrx_word' id='word_1_565' title='bbox 1466 1079 1624 1130; x_wconf 87' lang='lat' dir='ltr'><strong>perticie</strong></span> <span class='ocrx_word' id='word_1_566' title='bbox 1641 1079 1732 1119; x_wconf 88' lang='lat' dir='ltr'><strong>alba</strong></span> <span class='ocrx_word' id='word_1_567' title='bbox 1747 1080 1789 1120; x_wconf 85' lang='lat' dir='ltr'><strong>et</strong></span> <span class='ocrx_word' id='word_1_568' title='bbox 1808 1080 2038 1130; x_wconf 86' lang='lat' dir='ltr'><strong>argillacea,</strong></span> <span class='ocrx_word' id='word_1_569' title='bbox 2058 1080 2273 1121; x_wconf 84' lang='lat' dir='ltr'><strong>domorum</strong></span> <span class='ocrx_word' id='word_1_570' title='bbox 2298 1083 2502 1124; x_wconf 85' lang='lat' dir='ltr'><strong>vestibulis</strong></span> <span class='ocrx_word' id='word_1_571' title='bbox 2524 1088 2564 1125; x_wconf 90' lang='lat' dir='ltr'><strong>et</strong></span> <span class='ocrx_word' id='word_1_572' title='bbox 2592 1087 2755 1136; x_wconf 82' lang='lat' dir='ltr'><strong>picturis</strong></span> 
     </span>
     <span class='ocr_line' id='line_1_71' title="bbox 1466 1151 2752 1207; baseline 0.007 -17"><span class='ocrx_word' id='word_1_573' title='bbox 1466 1151 1701 1191; x_wconf 87' lang='lat' dir='ltr'><strong>encausticis</strong></span> <span class='ocrx_word' id='word_1_574' title='bbox 1717 1152 1981 1202; x_wconf 84' lang='lat' dir='ltr'><strong>pulcherrime</strong></span> <span class='ocrx_word' id='word_1_575' title='bbox 1996 1153 2214 1203; x_wconf 84' lang='lat' dir='ltr'><strong>instructa;</strong></span> <span class='ocrx_word' id='word_1_576' title='bbox 2245 1154 2439 1195; x_wconf 77' lang='lat' dir='ltr'><strong>fructibus</strong></span> <span class='ocrx_word' id='word_1_577' title='bbox 2455 1157 2730 1199; x_wconf 75' lang='lat' dir='ltr'><strong>frumentaceis</strong></span> <span class='ocrx_word' id='word_1_578' title='bbox 2742 1191 2752 1207; x_wconf 92' lang='lat'><strong>,</strong></span> 
     </span>
     <span class='ocr_line' id='line_1_72' title="bbox 1465 1215 2775 1278; baseline 0.007 -17"><span class='ocrx_word' id='word_1_579' title='bbox 1465 1235 1565 1273; x_wconf 90' lang='lat' dir='ltr'><strong>quos</strong></span> <span class='ocrx_word' id='word_1_580' title='bbox 1594 1223 1700 1274; x_wconf 88' lang='lat' dir='ltr'><strong>regio</strong></span> <span class='ocrx_word' id='word_1_581' title='bbox 1733 1225 1904 1274; x_wconf 81' lang='lat' dir='ltr'><strong>profert,</strong></span> <span class='ocrx_word' id='word_1_582' title='bbox 1936 1235 2017 1264; x_wconf 90' lang='lat' dir='ltr'><strong>non</strong></span> <span class='ocrx_word' id='word_1_583' title='bbox 2051 1225 2271 1266; x_wconf 86' lang='lat' dir='ltr'><strong>admodum</strong></span> <span class='ocrx_word' id='word_1_584' title='bbox 2298 1226 2527 1278; x_wconf 50' lang='lat' dir='ltr'><strong>almadana„</strong></span> <span class='ocrx_word' id='word_1_585' title='bbox 2565 1230 2634 1270; x_wconf 88' lang='lat' dir='ltr'><strong>sed</strong></span> <span class='ocrx_word' id='word_1_586' title='bbox 2665 1215 2775 1270; x_wconf 25' lang='lat' dir='ltr'><strong>vino·</strong></span> 
     </span>
     <span class='ocr_line' id='line_1_73' title="bbox 1466 1295 2754 1358; baseline 0.007 -24"><span class='ocrx_word' id='word_1_587' title='bbox 1466 1295 1574 1345; x_wconf 90' lang='lat' dir='ltr'><strong>quod</strong></span> <span class='ocrx_word' id='word_1_588' title='bbox 1601 1295 1774 1336; x_wconf 88' lang='lat' dir='ltr'><strong>nascitur</strong></span> <span class='ocrx_word' id='word_1_589' title='bbox 1797 1296 1837 1335; x_wconf 88' lang='lat' dir='ltr'><strong>in</strong></span> <span class='ocrx_word' id='word_1_590' title='bbox 1864 1297 2015 1337; x_wconf 83' lang='lat' dir='ltr'><strong>Boeotia</strong></span> <span class='ocrx_word' id='word_1_591' title='bbox 2044 1299 2192 1358; x_wconf 81' lang='lat' dir='ltr'><strong>primas</strong></span> <span class='ocrx_word' id='word_1_592' title='bbox 2216 1300 2367 1339; x_wconf 87' lang='lat' dir='ltr'><strong>tenens.</strong></span> <span class='ocrx_word' id='word_1_593' title='bbox 2407 1301 2463 1350; x_wconf 88' lang='lat'><strong>(9)</strong></span> <span class='ocrx_word' id='word_1_594' title='bbox 2486 1303 2630 1342; x_wconf 79' lang='lat' dir='ltr'><strong>Incolae</strong></span> <span class='ocrx_word' id='word_1_595' title='bbox 2651 1307 2754 1354; x_wconf 85' lang='lat' dir='ltr'><strong>quod</strong></span> 
     </span>
     <span class='ocr_line' id='line_1_74' title="bbox 1468 1368 2756 1425; baseline 0.007 -18"><span class='ocrx_word' id='word_1_596' title='bbox 1468 1368 1645 1408; x_wconf 75' lang='lat' dir='ltr'><strong>fortunas</strong></span> <span class='ocrx_word' id='word_1_597' title='bbox 1658 1369 1799 1408; x_wconf 87' lang='lat' dir='ltr'><strong>attinet</strong></span> <span class='ocrx_word' id='word_1_598' title='bbox 1814 1368 2030 1419; x_wconf 88' lang='lat' dir='ltr'><strong>splendidi,</strong></span> <span class='ocrx_word' id='word_1_599' title='bbox 2047 1369 2117 1410; x_wconf 86' lang='lat' dir='ltr'><strong>sed</strong></span> <span class='ocrx_word' id='word_1_600' title='bbox 2130 1371 2172 1410; x_wconf 91' lang='lat' dir='ltr'><strong>in</strong></span> <span class='ocrx_word' id='word_1_601' title='bbox 2186 1371 2295 1411; x_wconf 84' lang='lat' dir='ltr'><strong>victu</strong></span> <span class='ocrx_word' id='word_1_602' title='bbox 2311 1373 2503 1423; x_wconf 88' lang='lat' dir='ltr'><strong>cultuque</strong></span> <span class='ocrx_word' id='word_1_603' title='bbox 2521 1376 2628 1425; x_wconf 87' lang='lat' dir='ltr'><strong>parci</strong></span> <span class='ocrx_word' id='word_1_604' title='bbox 2649 1381 2756 1417; x_wconf 89' lang='lat' dir='ltr'><strong>sunt.</strong></span> 
     </span>
     <span class='ocr_line' id='line_1_75' title="bbox 1468 1439 2755 1496; baseline 0.007 -18"><span class='ocrx_word' id='word_1_605' title='bbox 1468 1442 1618 1479; x_wconf 87' lang='lat' dir='ltr'><strong>Omnes</strong></span> <span class='ocrx_word' id='word_1_606' title='bbox 1633 1439 1886 1490; x_wconf 83' lang='lat' dir='ltr'><strong>agriculturae</strong></span> <span class='ocrx_word' id='word_1_607' title='bbox 1897 1470 1908 1490; x_wconf 95' lang='lat'><em>‚</em></span> <span class='ocrx_word' id='word_1_608' title='bbox 1933 1451 2014 1480; x_wconf 88' lang='lat' dir='ltr'><strong>non</strong></span> <span class='ocrx_word' id='word_1_609' title='bbox 2035 1442 2202 1492; x_wconf 86' lang='lat' dir='ltr'><strong>opificiis</strong></span> <span class='ocrx_word' id='word_1_610' title='bbox 2217 1454 2383 1494; x_wconf 82' lang='lat' dir='ltr'><strong>operam</strong></span> <span class='ocrx_word' id='word_1_611' title='bbox 2399 1445 2496 1486; x_wconf 77' lang='lat' dir='ltr'><strong>dant</strong></span> <span class='ocrx_word' id='word_1_612' title='bbox 2515 1459 2524 1485; x_wconf 91' lang='lat'>:</span> <span class='ocrx_word' id='word_1_613' title='bbox 2536 1446 2755 1496; x_wconf 86' lang='lat' dir='ltr'><strong>justitiam,</strong></span> 
     </span>
     <span class='ocr_line' id='line_1_76' title="bbox 1468 1511 2759 1569; baseline 0.007 -19"><span class='ocrx_word' id='word_1_614' title='bbox 1468 1511 1586 1550; x_wconf 82' lang='lat' dir='ltr'><strong>tidem</strong></span> <span class='ocrx_word' id='word_1_615' title='bbox 1610 1514 1731 1562; x_wconf 88' lang='lat' dir='ltr'><strong>atque</strong></span> <span class='ocrx_word' id='word_1_616' title='bbox 1758 1512 1917 1562; x_wconf 84' lang='lat' dir='ltr'><strong>hospitii</strong></span> <span class='ocrx_word' id='word_1_617' title='bbox 1935 1512 2002 1562; x_wconf 90' lang='lat' dir='ltr'><strong>jus</strong></span> <span class='ocrx_word' id='word_1_618' title='bbox 2022 1513 2199 1564; x_wconf 79' lang='lat' dir='ltr'><strong>religiose</strong></span> <span class='ocrx_word' id='word_1_619' title='bbox 2226 1516 2437 1557; x_wconf 79' lang='lat' dir='ltr'><strong>observant</strong></span> <span class='ocrx_word' id='word_1_620' title='bbox 2466 1530 2476 1556; x_wconf 70' lang='grc' dir='ltr'><strong>ι</strong></span> <span class='ocrx_word' id='word_1_621' title='bbox 2501 1520 2759 1569; x_wconf 79' lang='lat' dir='ltr'><strong>popularibus</strong></span> 
     </span>
     <span class='ocr_line' id='line_1_77' title="bbox 1468 1584 2758 1643; baseline 0.008 -21"><span class='ocrx_word' id='word_1_622' title='bbox 1468 1584 1551 1623; x_wconf 88' lang='lat' dir='ltr'><strong>suis</strong></span> <span class='ocrx_word' id='word_1_623' title='bbox 1577 1584 1710 1634; x_wconf 84' lang='lat' dir='ltr'><strong>egenis</strong></span> <span class='ocrx_word' id='word_1_624' title='bbox 1729 1586 1769 1624; x_wconf 88' lang='lat' dir='ltr'><strong>et</strong></span> <span class='ocrx_word' id='word_1_625' title='bbox 1785 1585 2000 1635; x_wconf 78' lang='lat' dir='ltr'><strong>peregrinis</strong></span> <span class='ocrx_word' id='word_1_626' title='bbox 2018 1586 2140 1626; x_wconf 84' lang='lat' dir='ltr'><strong>etiam</strong></span> <span class='ocrx_word' id='word_1_627' title='bbox 2166 1588 2359 1628; x_wconf 86' lang='lat' dir='ltr'><strong>mendicis</strong></span> <span class='ocrx_word' id='word_1_628' title='bbox 2376 1590 2617 1640; x_wconf 85' lang='lat' dir='ltr'><strong>vagabundis</strong></span> <span class='ocrx_word' id='word_1_629' title='bbox 2639 1604 2758 1643; x_wconf 81' lang='lat' dir='ltr'><strong>opum</strong></span> 
     </span>
     <span class='ocr_line' id='line_1_78' title="bbox 1469 1656 2758 1715; baseline 0.007 -20"><span class='ocrx_word' id='word_1_630' title='bbox 1469 1666 1633 1695; x_wconf 84' lang='lat' dir='ltr'><strong>suarum</strong></span> <span class='ocrx_word' id='word_1_631' title='bbox 1655 1657 1770 1707; x_wconf 86' lang='lat' dir='ltr'><strong>quasi</strong></span> <span class='ocrx_word' id='word_1_632' title='bbox 1787 1656 1977 1697; x_wconf 89' lang='lat' dir='ltr'><strong>libamina</strong></span> <span class='ocrx_word' id='word_1_633' title='bbox 1996 1659 2191 1708; x_wconf 81' lang='lat' dir='ltr'><strong>offerunt,</strong></span> <span class='ocrx_word' id='word_1_634' title='bbox 2208 1662 2250 1700; x_wconf 86' lang='lat' dir='ltr'><strong>et</strong></span> <span class='ocrx_word' id='word_1_635' title='bbox 2267 1660 2481 1712; x_wconf 81' lang='lat' dir='ltr'><strong>liberaliter</strong></span> <span class='ocrx_word' id='word_1_636' title='bbox 2511 1668 2688 1715; x_wconf 87' lang='lat' dir='ltr'><strong>erogant,</strong></span> <span class='ocrx_word' id='word_1_637' title='bbox 2709 1666 2758 1704; x_wconf 89' lang='lat' dir='ltr'><strong>ab</strong></span> 
     </span>
     <span class='ocr_line' id='line_1_79' title="bbox 1470 1728 2751 1787; baseline 0.008 -20"><span class='ocrx_word' id='word_1_638' title='bbox 1470 1728 1578 1768; x_wconf 88' lang='lat' dir='ltr'><strong>omni</strong></span> <span class='ocrx_word' id='word_1_639' title='bbox 1614 1728 1786 1779; x_wconf 86' lang='lat' dir='ltr'><strong>denique</strong></span> <span class='ocrx_word' id='word_1_640' title='bbox 1817 1731 1925 1778; x_wconf 88' lang='lat' dir='ltr'><strong>turpi</strong></span> <span class='ocrx_word' id='word_1_641' title='bbox 1966 1731 2079 1771; x_wconf 89' lang='lat' dir='ltr'><strong>lucro</strong></span> <span class='ocrx_word' id='word_1_642' title='bbox 2109 1732 2337 1773; x_wconf 87' lang='lat' dir='ltr'><strong>abhorrent.</strong></span> <span class='ocrx_word' id='word_1_643' title='bbox 2380 1736 2495 1775; x_wconf 84' lang='lat' dir='ltr'><strong>Nulla</strong></span> <span class='ocrx_word' id='word_1_644' title='bbox 2529 1748 2597 1787; x_wconf 90' lang='lat' dir='ltr'><strong>per</strong></span> <span class='ocrx_word' id='word_1_645' title='bbox 2626 1739 2751 1777; x_wconf 84' lang='lat' dir='ltr'><strong>totam</strong></span> 
     </span>
     <span class='ocr_line' id='line_1_80' title="bbox 1471 1801 2759 1860; baseline 0.007 -20"><span class='ocrx_word' id='word_1_646' title='bbox 1471 1801 1661 1841; x_wconf 86' lang='lat' dir='ltr'><strong>Boeotiam</strong></span> <span class='ocrx_word' id='word_1_647' title='bbox 1685 1802 1780 1841; x_wconf 89' lang='lat' dir='ltr'><strong>urbs</strong></span> <span class='ocrx_word' id='word_1_648' title='bbox 1799 1804 1880 1852; x_wconf 63' lang='lat' dir='ltr'><strong>est,</strong></span> <span class='ocrx_word' id='word_1_649' title='bbox 1900 1802 1940 1842; x_wconf 91' lang='lat' dir='ltr'><strong>in</strong></span> <span class='ocrx_word' id='word_1_650' title='bbox 1970 1814 2049 1854; x_wconf 86' lang='lat' dir='ltr'><strong>qua</strong></span> <span class='ocrx_word' id='word_1_651' title='bbox 2075 1804 2200 1844; x_wconf 81' lang='lat' dir='ltr'><strong>tutius</strong></span> <span class='ocrx_word' id='word_1_652' title='bbox 2218 1806 2369 1855; x_wconf 88' lang='lat' dir='ltr'><strong>possint</strong></span> <span class='ocrx_word' id='word_1_653' title='bbox 2385 1810 2625 1848; x_wconf 85' lang='lat' dir='ltr'><strong>commorari</strong></span> <span class='ocrx_word' id='word_1_654' title='bbox 2645 1821 2759 1860; x_wconf 89' lang='lat' dir='ltr'><strong>pere-</strong></span> 
     </span>
     <span class='ocr_line' id='line_1_81' title="bbox 1456 1874 2759 1931; baseline 0.008 -21"><span class='ocrx_word' id='word_1_655' title='bbox 1456 1874 1570 1924; x_wconf 66' lang='lat' dir='ltr'><strong>..grini</strong></span> <span class='ocrx_word' id='word_1_656' title='bbox 1591 1890 1600 1913; x_wconf 74' lang='grc' dir='ltr'>ε</span> <span class='ocrx_word' id='word_1_657' title='bbox 1620 1874 1730 1914; x_wconf 89' lang='lat' dir='ltr'><strong>adest</strong></span> <span class='ocrx_word' id='word_1_658' title='bbox 1747 1875 1854 1915; x_wconf 91' lang='lat' dir='ltr'><strong>enim</strong></span> <span class='ocrx_word' id='word_1_659' title='bbox 1877 1874 2047 1926; x_wconf 90' lang='lat' dir='ltr'><strong>rigidum</strong></span> <span class='ocrx_word' id='word_1_660' title='bbox 2065 1878 2106 1916; x_wconf 90' lang='lat' dir='ltr'><strong>et</strong></span> <span class='ocrx_word' id='word_1_661' title='bbox 2122 1877 2310 1917; x_wconf 86' lang='lat' dir='ltr'><strong>acerbum</strong></span> <span class='ocrx_word' id='word_1_662' title='bbox 2325 1879 2366 1918; x_wconf 92' lang='lat' dir='ltr'><strong>in</strong></span> <span class='ocrx_word' id='word_1_663' title='bbox 2385 1879 2585 1930; x_wconf 89' lang='lat' dir='ltr'><strong>improbos</strong></span> <span class='ocrx_word' id='word_1_664' title='bbox 2600 1881 2735 1922; x_wconf 90' lang='lat' dir='ltr'><strong>odium</strong></span> <span class='ocrx_word' id='word_1_665' title='bbox 2747 1913 2759 1931; x_wconf 89' lang='lat'><strong>,</strong></span> 
     </span>
     <span class='ocr_line' id='line_1_82' title="bbox 1472 1946 2762 1997; baseline 0.006 -11"><span class='ocrx_word' id='word_1_666' title='bbox 1472 1958 1519 1986; x_wconf 92' lang='lat' dir='ltr'><strong>eo</strong></span> <span class='ocrx_word' id='word_1_667' title='bbox 1557 1946 1663 1997; x_wconf 86' lang='lat' dir='ltr'><strong>quod</strong></span> <span class='ocrx_word' id='word_1_668' title='bbox 1699 1947 1840 1987; x_wconf 83' lang='lat' dir='ltr'><strong>incolae</strong></span> <span class='ocrx_word' id='word_1_669' title='bbox 1874 1950 1980 1988; x_wconf 90' lang='lat' dir='ltr'><strong>sorte</strong></span> <span class='ocrx_word' id='word_1_670' title='bbox 2009 1959 2081 1988; x_wconf 90' lang='lat' dir='ltr'><strong>sua</strong></span> <span class='ocrx_word' id='word_1_671' title='bbox 2112 1950 2287 1990; x_wconf 86' lang='lat' dir='ltr'><strong>contenti</strong></span> <span class='ocrx_word' id='word_1_672' title='bbox 2322 1952 2458 1992; x_wconf 89' lang='lat' dir='ltr'><strong>vivant</strong></span> <span class='ocrx_word' id='word_1_673' title='bbox 2487 1954 2529 1992; x_wconf 84' lang='lat' dir='ltr'><strong>et</strong></span> <span class='ocrx_word' id='word_1_674' title='bbox 2562 1953 2762 1994; x_wconf 88' lang='lat' dir='ltr'><strong>laboribus</strong></span> 
     </span>
     <span class='ocr_line' id='line_1_83' title="bbox 1473 2020 2761 2075; baseline 0.005 -17"><span class='ocrx_word' id='word_1_675' title='bbox 1473 2030 1557 2059; x_wconf 90' lang='lat' dir='ltr'><strong>sese</strong></span> <span class='ocrx_word' id='word_1_676' title='bbox 1598 2021 1822 2059; x_wconf 84' lang='lat' dir='ltr'><strong>exerceant.</strong></span> <span class='ocrx_word' id='word_1_677' title='bbox 1902 2020 1985 2070; x_wconf 90' lang='lat'>(10)</span> <span class='ocrx_word' id='word_1_678' title='bbox 2031 2022 2170 2071; x_wconf 88' lang='lat' dir='ltr'><strong>Neque</strong></span> <span class='ocrx_word' id='word_1_679' title='bbox 2208 2021 2313 2060; x_wconf 82' lang='lat' dir='ltr'><strong>enim</strong></span> <span class='ocrx_word' id='word_1_680' title='bbox 2345 2022 2418 2062; x_wconf 87' lang='lat' dir='ltr'><strong>ulli</strong></span> <span class='ocrx_word' id='word_1_681' title='bbox 2445 2023 2761 2075; x_wconf 61' lang='lat' dir='ltr'><strong>intemperantia}</strong></span> 
     </span>
     <span class='ocr_line' id='line_1_84' title="bbox 1474 2092 2759 2147; baseline 0.005 -17"><span class='ocrx_word' id='word_1_682' title='bbox 1474 2092 1607 2142; x_wconf 84' lang='lat' dir='ltr'><strong>generi</strong></span> <span class='ocrx_word' id='word_1_683' title='bbox 1626 2092 1690 2131; x_wconf 88' lang='lat' dir='ltr'><strong>vel</strong></span> <span class='ocrx_word' id='word_1_684' title='bbox 1722 2092 1932 2132; x_wconf 84' lang='lat' dir='ltr'><strong>minimum</strong></span> <span class='ocrx_word' id='word_1_685' title='bbox 1963 2092 2117 2133; x_wconf 86' lang='lat' dir='ltr'><strong>deditos</strong></span> <span class='ocrx_word' id='word_1_686' title='bbox 2138 2104 2222 2133; x_wconf 88' lang='lat' dir='ltr'><strong>esse</strong></span> <span class='ocrx_word' id='word_1_687' title='bbox 2245 2093 2335 2133; x_wconf 89' lang='lat' dir='ltr'><strong>illos</strong></span> <span class='ocrx_word' id='word_1_688' title='bbox 2361 2095 2645 2146; x_wconf 84' lang='lat' dir='ltr'><strong>animadverti,</strong></span> <span class='ocrx_word' id='word_1_689' title='bbox 2667 2109 2759 2147; x_wconf 81' lang='lat' dir='ltr'><strong>quoe</strong></span> 
     </span>
     <span class='ocr_line' id='line_1_85' title="bbox 1475 2165 2758 2215; baseline 0.004 -11"><span class='ocrx_word' id='word_1_690' title='bbox 1475 2165 1710 2215; x_wconf 82' lang='lat' dir='ltr'><strong>plerumque</strong></span> <span class='ocrx_word' id='word_1_691' title='bbox 1727 2175 1847 2204; x_wconf 89' lang='lat' dir='ltr'><strong>causa</strong></span> <span class='ocrx_word' id='word_1_692' title='bbox 1866 2167 1924 2204; x_wconf 90' lang='lat' dir='ltr'><strong>est</strong></span> <span class='ocrx_word' id='word_1_693' title='bbox 1943 2165 2211 2204; x_wconf 80' lang='lat' dir='ltr'><strong>maximorum</strong></span> <span class='ocrx_word' id='word_1_694' title='bbox 2234 2165 2337 2205; x_wconf 90' lang='lat' dir='ltr'><strong>inter</strong></span> <span class='ocrx_word' id='word_1_695' title='bbox 2350 2166 2531 2207; x_wconf 89' lang='lat' dir='ltr'><strong>homines</strong></span> <span class='ocrx_word' id='word_1_696' title='bbox 2550 2170 2758 2209; x_wconf 89' lang='lat' dir='ltr'><strong>scelerum.</strong></span> 
     </span>
     <span class='ocr_line' id='line_1_86' title="bbox 1476 2236 2760 2287; baseline 0.003 -10"><span class='ocrx_word' id='word_1_697' title='bbox 1476 2241 1574 2278; x_wconf 90' lang='lat' dir='ltr'><strong>Nam</strong></span> <span class='ocrx_word' id='word_1_698' title='bbox 1591 2237 1661 2277; x_wconf 86' lang='lat' dir='ltr'><strong>ubi</strong></span> <span class='ocrx_word' id='word_1_699' title='bbox 1674 2236 1808 2276; x_wconf 84' lang='lat' dir='ltr'><strong>omnia</strong></span> <span class='ocrx_word' id='word_1_700' title='bbox 1821 2236 1871 2275; x_wconf 92' lang='lat' dir='ltr'><strong>ad</strong></span> <span class='ocrx_word' id='word_1_701' title='bbox 1883 2237 2005 2276; x_wconf 85' lang='lat' dir='ltr'><strong>vitam</strong></span> <span class='ocrx_word' id='word_1_702' title='bbox 2019 2237 2238 2277; x_wconf 89' lang='lat' dir='ltr'><strong>necessaria</strong></span> <span class='ocrx_word' id='word_1_703' title='bbox 2255 2238 2416 2287; x_wconf 89' lang='lat' dir='ltr'><strong>adsunt,</strong></span> <span class='ocrx_word' id='word_1_704' title='bbox 2434 2240 2544 2279; x_wconf 88' lang='lat' dir='ltr'><strong>nulla</strong></span> <span class='ocrx_word' id='word_1_705' title='bbox 2560 2240 2612 2280; x_wconf 92' lang='lat' dir='ltr'><strong>ibi</strong></span> <span class='ocrx_word' id='word_1_706' title='bbox 2639 2242 2760 2281; x_wconf 89' lang='lat' dir='ltr'><strong>homi·</strong></span> 
     </span>
     <span class='ocr_line' id='line_1_87' title="bbox 1476 2308 2760 2363; baseline 0.002 -13"><span class='ocrx_word' id='word_1_707' title='bbox 1476 2322 1545 2350; x_wconf 88' lang='lat' dir='ltr'><strong>nes</strong></span> <span class='ocrx_word' id='word_1_708' title='bbox 1567 2309 1755 2349; x_wconf 88' lang='lat' dir='ltr'><strong>sollicitat</strong></span> <span class='ocrx_word' id='word_1_709' title='bbox 1781 2308 1882 2348; x_wconf 86' lang='lat' dir='ltr'><strong>lucri</strong></span> <span class='ocrx_word' id='word_1_710' title='bbox 1897 2309 2113 2359; x_wconf 81' lang='lat' dir='ltr'><strong>cupiditas;</strong></span> <span class='ocrx_word' id='word_1_711' title='bbox 2135 2309 2296 2349; x_wconf 80' lang='lat' dir='ltr'><strong>difficile</strong></span> <span class='ocrx_word' id='word_1_712' title='bbox 2311 2310 2445 2360; x_wconf 85' lang='lat' dir='ltr'><strong>itaque</strong></span> <span class='ocrx_word' id='word_1_713' title='bbox 2463 2313 2760 2363; x_wconf 80' lang='lat' dir='ltr'><strong>improbitatem</strong></span> 
     </span>
     <span class='ocr_line' id='line_1_88' title="bbox 1476 2381 1754 2422; baseline -0.011 0"><span class='ocrx_word' id='word_1_714' title='bbox 1476 2394 1543 2422; x_wconf 80' lang='lat' dir='ltr'><strong>ens</strong></span> <span class='ocrx_word' id='word_1_715' title='bbox 1556 2381 1754 2421; x_wconf 85' lang='lat' dir='ltr'><strong>invadere.</strong></span> 
     </span>
    </p>
   </div>
   <div class='ocr_carea' id='block_1_12' title="bbox 1476 2465 2759 2663">
    <p class='ocr_par' dir='ltr' id='par_1_13' title="bbox 1476 2465 2759 2663">
     <span class='ocr_line' id='line_1_89' title="bbox 1532 2465 2757 2519; baseline 0.004 -13"><span class='ocrx_word' id='word_1_716' title='bbox 1532 2472 1590 2507; x_wconf 82' lang='lat' dir='ltr'><strong>ll.</strong></span> <span class='ocrx_word' id='word_1_717' title='bbox 1620 2467 1718 2506; x_wconf 83' lang='lat' dir='ltr'><strong>Hinc</strong></span> <span class='ocrx_word' id='word_1_718' title='bbox 1734 2465 1782 2505; x_wconf 90' lang='lat' dir='ltr'><strong>ad</strong></span> <span class='ocrx_word' id='word_1_719' title='bbox 1804 2466 1969 2506; x_wconf 79' lang='lat' dir='ltr'><strong>Plataeas</strong></span> <span class='ocrx_word' id='word_1_720' title='bbox 1987 2466 2114 2505; x_wconf 85' lang='lat' dir='ltr'><strong>stadia</strong></span> <span class='ocrx_word' id='word_1_721' title='bbox 2130 2466 2300 2506; x_wconf 87' lang='lat' dir='ltr'><strong>ducenta</strong></span> <span class='ocrx_word' id='word_1_722' title='bbox 2334 2468 2408 2507; x_wconf 89' lang='lat' dir='ltr'><strong>Via</strong></span> <span class='ocrx_word' id='word_1_723' title='bbox 2426 2470 2674 2519; x_wconf 87' lang='lat' dir='ltr'><strong>aliquantum</strong></span> <span class='ocrx_word' id='word_1_724' title='bbox 2689 2473 2757 2511; x_wconf 84' lang='lat' dir='ltr'><strong>de-</strong></span> 
     </span>
     <span class='ocr_line' id='line_1_90' title="bbox 1477 2539 2757 2590; baseline 0.002 -10"><span class='ocrx_word' id='word_1_725' title='bbox 1477 2542 1580 2581; x_wconf 84' lang='lat' dir='ltr'><strong>serta</strong></span> <span class='ocrx_word' id='word_1_726' title='bbox 1602 2542 1643 2579; x_wconf 90' lang='lat' dir='ltr'><strong>et</strong></span> <span class='ocrx_word' id='word_1_727' title='bbox 1661 2539 1837 2589; x_wconf 89' lang='lat' dir='ltr'><strong>lapidosa</strong></span> <span class='ocrx_word' id='word_1_728' title='bbox 1864 2539 1911 2578; x_wconf 89' lang='lat' dir='ltr'><strong>ad</strong></span> <span class='ocrx_word' id='word_1_729' title='bbox 1935 2539 2200 2578; x_wconf 78' lang='lat' dir='ltr'><strong>Cithaeronem</strong></span> <span class='ocrx_word' id='word_1_730' title='bbox 2221 2540 2405 2579; x_wconf 88' lang='lat' dir='ltr'><strong>attollens</strong></span> <span class='ocrx_word' id='word_1_731' title='bbox 2431 2552 2495 2590; x_wconf 89' lang='lat' dir='ltr'><strong>se,</strong></span> <span class='ocrx_word' id='word_1_732' title='bbox 2526 2553 2605 2582; x_wconf 92' lang='lat' dir='ltr'><strong>non</strong></span> <span class='ocrx_word' id='word_1_733' title='bbox 2625 2546 2757 2583; x_wconf 86' lang='lat' dir='ltr'><strong>tamen</strong></span> 
     </span>
     <span class='ocr_line' id='line_1_91' title="bbox 1476 2610 2759 2663; baseline 0.004 -12"><span class='ocrx_word' id='word_1_734' title='bbox 1476 2612 1590 2651; x_wconf 82' lang='lat' dir='ltr'><strong>valde</strong></span> <span class='ocrx_word' id='word_1_735' title='bbox 1616 2612 1847 2661; x_wconf 86' lang='lat' dir='ltr'><strong>periculosa.</strong></span> <span class='ocrx_word' id='word_1_736' title='bbox 1869 2611 1982 2650; x_wconf 84' lang='lat' dir='ltr'><strong>&#39;Urbs</strong></span> <span class='ocrx_word' id='word_1_737' title='bbox 2001 2622 2096 2650; x_wconf 85' lang='lat' dir='ltr'><strong>vero</strong></span> <span class='ocrx_word' id='word_1_738' title='bbox 2121 2610 2237 2660; x_wconf 83' lang='lat' dir='ltr'><strong>juxta</strong></span> <span class='ocrx_word' id='word_1_739' title='bbox 2259 2612 2509 2663; x_wconf 86' lang='lat' dir='ltr'><strong>Posidippum</strong></span> <span class='ocrx_word' id='word_1_740' title='bbox 2526 2616 2723 2655; x_wconf 86' lang='lat' dir='ltr'><strong>comicum</strong></span> <span class='ocrx_word' id='word_1_741' title='bbox 2752 2631 2759 2656; x_wconf 93' lang='lat'>:</span> 
     </span>
    </p>
   </div>
   <div class='ocr_carea' id='block_1_13' title="bbox 1565 2716 2586 2799">
    <p class='ocr_par' dir='ltr' id='par_1_14' title="bbox 1565 2716 2586 2799">
     <span class='ocr_line' id='line_1_92' title="bbox 1565 2716 2586 2799; baseline 0.003 -11"><span class='ocrx_word' id='word_1_742' title='bbox 1565 2753 1662 2788; x_wconf 88' lang='lat' dir='ltr'><strong>Nihil</strong></span> <span class='ocrx_word' id='word_1_743' title='bbox 1682 2752 1781 2788; x_wconf 83' lang='lat' dir='ltr'><strong>aliud</strong></span> <span class='ocrx_word' id='word_1_744' title='bbox 1798 2716 1907 2797; x_wconf 57' lang='lat' dir='ltr'><strong>quam</strong></span> <span class='ocrx_word' id='word_1_745' title='bbox 1922 2753 1998 2788; x_wconf 89' lang='lat' dir='ltr'><strong>duo</strong></span> <span class='ocrx_word' id='word_1_746' title='bbox 2016 2754 2169 2798; x_wconf 83' lang='lat' dir='ltr'><strong>templa,</strong></span> <span class='ocrx_word' id='word_1_747' title='bbox 2189 2754 2354 2798; x_wconf 81' lang='lat' dir='ltr'><strong>porticus</strong></span> <span class='ocrx_word' id='word_1_748' title='bbox 2375 2757 2411 2790; x_wconf 73' lang='lat' dir='ltr'><strong>et</strong></span> <span class='ocrx_word' id='word_1_749' title='bbox 2427 2764 2564 2791; x_wconf 85' lang='lat' dir='ltr'><strong>nomen</strong></span> <span class='ocrx_word' id='word_1_750' title='bbox 2576 2783 2586 2799; x_wconf 78' lang='lat'><strong>,</strong></span> 
     </span>
    </p>
   </div>
   <div class='ocr_carea' id='block_1_14' title="bbox 1562 2801 2763 2911">
    <p class='ocr_par' dir='ltr' id='par_1_15' title="bbox 1562 2801 2763 2911">
     <span class='ocr_line' id='line_1_93' title="bbox 1562 2801 2759 2855; baseline 0 -11"><span class='ocrx_word' id='word_1_751' title='bbox 1562 2813 1600 2844; x_wconf 87' lang='lat' dir='ltr'><strong>et</strong></span> <span class='ocrx_word' id='word_1_752' title='bbox 1615 2801 1785 2844; x_wconf 80' lang='lat' dir='ltr'><strong>balneum</strong></span> <span class='ocrx_word' id='word_1_753' title='bbox 1802 2812 1839 2844; x_wconf 90' lang='lat' dir='ltr'><strong>et</strong></span> <span class='ocrx_word' id='word_1_754' title='bbox 1855 2809 1978 2844; x_wconf 76' lang='lat' dir='ltr'><strong>sarabi</strong></span> <span class='ocrx_word' id='word_1_755' title='bbox 1994 2808 2107 2844; x_wconf 84' lang='lat' dir='ltr'><strong>decus</strong></span> <span class='ocrx_word' id='word_1_756' title='bbox 2119 2822 2133 2843; x_wconf 62' lang='grc' dir='ltr'><strong>ι</strong></span> <span class='ocrx_word' id='word_1_757' title='bbox 2675 2816 2759 2855; x_wconf 73' lang='lat' dir='ltr'><strong>[est.</strong></span> 
     </span>
     <span class='ocr_line' id='line_1_94' title="bbox 1569 2857 2763 2911; baseline 0.004 -10"><span class='ocrx_word' id='word_1_758' title='bbox 1569 2857 1714 2910; x_wconf 81' lang='lat' dir='ltr'><strong>reliquo</strong></span> <span class='ocrx_word' id='word_1_759' title='bbox 1730 2865 1877 2910; x_wconf 76' lang='lat' dir='ltr'><strong>quidem</strong></span> <span class='ocrx_word' id='word_1_760' title='bbox 1894 2869 2060 2911; x_wconf 85' lang='lat' dir='ltr'><strong>tempore</strong></span> <span class='ocrx_word' id='word_1_761' title='bbox 2079 2866 2183 2908; x_wconf 85' lang='lat' dir='ltr'><strong>litus,</strong></span> <span class='ocrx_word' id='word_1_762' title='bbox 2203 2866 2423 2902; x_wconf 75' lang='lat' dir='ltr'><strong>Eleutheriis</strong></span> <span class='ocrx_word' id='word_1_763' title='bbox 2447 2868 2546 2903; x_wconf 75' lang='lat' dir='ltr'><strong>festis</strong></span> <span class='ocrx_word' id='word_1_764' title='bbox 2570 2879 2659 2905; x_wconf 88' lang='lat' dir='ltr'><strong>vero</strong></span> <span class='ocrx_word' id='word_1_765' title='bbox 2675 2872 2763 2906; x_wconf 73' lang='lat' dir='ltr'><strong>urbs</strong></span> 
     </span>
    </p>
   </div>
   <div class='ocr_carea' id='block_1_15' title="bbox 1469 2983 2760 4235">
    <p class='ocr_par' dir='ltr' id='par_1_16' title="bbox 1470 2983 2760 3319">
     <span class='ocr_line' id='line_1_95' title="bbox 1471 2983 2760 3037; baseline 0.004 -15"><span class='ocrx_word' id='word_1_766' title='bbox 1471 2983 1628 3022; x_wconf 90' lang='lat' dir='ltr'><strong>cobsius</strong></span> <span class='ocrx_word' id='word_1_767' title='bbox 1654 2983 1705 3020; x_wconf 90' lang='lat' dir='ltr'><strong>ad</strong></span> <span class='ocrx_word' id='word_1_768' title='bbox 1726 2983 1907 3021; x_wconf 83' lang='lat' dir='ltr'><strong>Philostr.</strong></span> <span class='ocrx_word' id='word_1_769' title='bbox 1942 2985 1995 3029; x_wconf 90' lang='lat' dir='ltr'><strong>ll,</strong></span> <span class='ocrx_word' id='word_1_770' title='bbox 2025 2985 2071 3022; x_wconf 85' lang='lat'><strong>24</strong></span> <span class='ocrx_word' id='word_1_771' title='bbox 2094 2983 2213 3022; x_wconf 89' lang='lat' dir='ltr'><strong>vertit</strong></span> <span class='ocrx_word' id='word_1_772' title='bbox 2242 2999 2252 3023; x_wconf 77' lang='grc' dir='ltr'>ε</span> <span class='ocrx_word' id='word_1_773' title='bbox 2284 2987 2423 3034; x_wconf 74' lang='lat' dir='ltr'><strong>asperi</strong></span> <span class='ocrx_word' id='word_1_774' title='bbox 2450 2985 2635 3026; x_wconf 77' lang='lat' dir='ltr'><strong>homines</strong></span> <span class='ocrx_word' id='word_1_775' title='bbox 2654 3016 2665 3036; x_wconf 89' lang='lat'><strong>,</strong></span> <span class='ocrx_word' id='word_1_776' title='bbox 2685 2990 2760 3037; x_wconf 76' lang='lat' dir='ltr'><strong>qui</strong></span> 
     </span>
     <span class='ocr_line' id='line_1_96' title="bbox 1471 3040 2759 3091; baseline 0.005 -12"><span class='ocrx_word' id='word_1_777' title='bbox 1471 3040 1674 3080; x_wconf 67' lang='lat' dir='ltr'><strong>absurdis</strong></span> <span class='ocrx_word' id='word_1_778' title='bbox 1692 3041 1955 3079; x_wconf 74' lang='lat' dir='ltr'><strong>sermonibus</strong></span> <span class='ocrx_word' id='word_1_779' title='bbox 1986 3041 2250 3080; x_wconf 71' lang='lat' dir='ltr'><strong>cordatiores</strong></span> <span class='ocrx_word' id='word_1_780' title='bbox 2280 3046 2472 3081; x_wconf 79' lang='lat' dir='ltr'><strong>enecant.</strong></span> <span class='ocrx_word' id='word_1_781' title='bbox 2499 3066 2547 3074; x_wconf 94' lang='lat'>-</span> <span class='ocrx_word' id='word_1_782' title='bbox 2574 3044 2759 3091; x_wconf 76' lang='grc' dir='ltr'>Ἀθηναῖοι</span> 
     </span>
     <span class='ocr_line' id='line_1_97' title="bbox 1470 3094 2756 3148; baseline 0.007 -14"><span class='ocrx_word' id='word_1_783' title='bbox 1470 3098 1544 3135; x_wconf 83' lang='grc' dir='ltr'>εἰσὶ</span> <span class='ocrx_word' id='word_1_784' title='bbox 1562 3098 1602 3135; x_wconf 89' lang='lat' dir='ltr'><strong>B.</strong></span> <span class='ocrx_word' id='word_1_785' title='bbox 1615 3096 1630 3147; x_wconf 94' lang='lat'>]</span> <span class='ocrx_word' id='word_1_786' title='bbox 1649 3097 1782 3135; x_wconf 88' lang='lat' dir='ltr'><strong>malim</strong></span> <span class='ocrx_word' id='word_1_787' title='bbox 1802 3094 1878 3136; x_wconf 77' lang='grc' dir='ltr'><strong>Ἀθ.</strong></span> <span class='ocrx_word' id='word_1_788' title='bbox 1901 3099 1946 3136; x_wconf 87' lang='grc' dir='ltr'><strong>Β.</strong></span> <span class='ocrx_word' id='word_1_789' title='bbox 1973 3098 2071 3143; x_wconf 85' lang='grc' dir='ltr'>εἰσὶ,</span> <span class='ocrx_word' id='word_1_790' title='bbox 2089 3099 2134 3136; x_wconf 84' lang='lat' dir='ltr'><strong>ut</strong></span> <span class='ocrx_word' id='word_1_791' title='bbox 2154 3097 2254 3137; x_wconf 78' lang='lat' dir='ltr'><strong>infra</strong></span> <span class='ocrx_word' id='word_1_792' title='bbox 2271 3097 2316 3148; x_wconf 81' lang='lat'><strong>(§</strong></span> <span class='ocrx_word' id='word_1_793' title='bbox 2338 3101 2405 3146; x_wconf 82' lang='grc' dir='ltr'><strong>ιι)</strong></span> <span class='ocrx_word' id='word_1_794' title='bbox 2427 3102 2486 3139; x_wconf 88' lang='lat' dir='ltr'><strong>est</strong></span> <span class='ocrx_word' id='word_1_795' title='bbox 2506 3100 2555 3140; x_wconf 91' lang='lat' dir='ltr'><strong>de</strong></span> <span class='ocrx_word' id='word_1_796' title='bbox 2576 3098 2756 3144; x_wconf 80' lang='lat' dir='ltr'><strong>Plataeen</strong></span> 
     </span>
     <span class='ocr_line' id='line_1_98' title="bbox 1470 3154 2757 3213; baseline 0.005 -20"><span class='ocrx_word' id='word_1_797' title='bbox 1470 3154 1590 3193; x_wconf 90' lang='lat' dir='ltr'><strong>sibus.</strong></span> <span class='ocrx_word' id='word_1_798' title='bbox 1622 3154 1797 3193; x_wconf 77' lang='lat' dir='ltr'><strong>Marxius</strong></span> <span class='ocrx_word' id='word_1_799' title='bbox 1825 3155 1930 3204; x_wconf 88' lang='lat' dir='ltr'><strong>conj.</strong></span> <span class='ocrx_word' id='word_1_800' title='bbox 1963 3155 2169 3201; x_wconf 81' lang='grc' dir='ltr'>Ἀθηναίοις</span> <span class='ocrx_word' id='word_1_801' title='bbox 2191 3157 2265 3195; x_wconf 83' lang='grc' dir='ltr'>εἰσὶ</span> <span class='ocrx_word' id='word_1_802' title='bbox 2299 3157 2446 3206; x_wconf 77' lang='grc' dir='ltr'>βοηθοί.</span> <span class='ocrx_word' id='word_1_803' title='bbox 2485 3182 2537 3190; x_wconf 87' lang='grc'>-</span> <span class='ocrx_word' id='word_1_804' title='bbox 2564 3159 2734 3207; x_wconf 77' lang='grc' dir='ltr'>Ξένωνος</span> <span class='ocrx_word' id='word_1_805' title='bbox 2744 3163 2757 3213; x_wconf 74' lang='lat'>]</span> 
     </span>
     <span class='ocr_line' id='line_1_99' title="bbox 1471 3210 2757 3270; baseline 0.006 -18"><span class='ocrx_word' id='word_1_806' title='bbox 1471 3211 1656 3252; x_wconf 88' lang='lat' dir='ltr'><strong>Comicus</strong></span> <span class='ocrx_word' id='word_1_807' title='bbox 1675 3210 1833 3251; x_wconf 87' lang='lat' dir='ltr'><strong>aliunde</strong></span> <span class='ocrx_word' id='word_1_808' title='bbox 1860 3223 1940 3251; x_wconf 89' lang='lat' dir='ltr'><strong>non</strong></span> <span class='ocrx_word' id='word_1_809' title='bbox 1969 3216 2099 3252; x_wconf 88' lang='lat' dir='ltr'><strong>notus.</strong></span> <span class='ocrx_word' id='word_1_810' title='bbox 2123 3217 2172 3253; x_wconf 89' lang='lat' dir='ltr'><strong>V.</strong></span> <span class='ocrx_word' id='word_1_811' title='bbox 2203 3214 2372 3254; x_wconf 83' lang='lat' dir='ltr'><strong>Meinek.</strong></span> <span class='ocrx_word' id='word_1_812' title='bbox 2403 3217 2558 3266; x_wconf 85' lang='lat' dir='ltr'><strong>Fragm.</strong></span> <span class='ocrx_word' id='word_1_813' title='bbox 2582 3218 2695 3257; x_wconf 88' lang='lat' dir='ltr'><strong>Com.</strong></span> <span class='ocrx_word' id='word_1_814' title='bbox 2717 3224 2757 3270; x_wconf 92' lang='lat' dir='ltr'><strong>l,</strong></span> 
     </span>
     <span class='ocr_line' id='line_1_100' title="bbox 1471 3272 1905 3319; baseline 0.002 -11"><span class='ocrx_word' id='word_1_815' title='bbox 1471 3280 1510 3319; x_wconf 86' lang='lat' dir='ltr'><strong>p.</strong></span> <span class='ocrx_word' id='word_1_816' title='bbox 1534 3274 1631 3316; x_wconf 60' lang='lat' dir='ltr'><strong>som</strong></span> <span class='ocrx_word' id='word_1_817' title='bbox 1657 3272 1736 3316; x_wconf 84' lang='lat' dir='ltr'><strong>lv,</strong></span> <span class='ocrx_word' id='word_1_818' title='bbox 1756 3280 1797 3319; x_wconf 87' lang='lat' dir='ltr'><strong>p.</strong></span> <span class='ocrx_word' id='word_1_819' title='bbox 1817 3274 1905 3309; x_wconf 83' lang='lat'><strong>596</strong></span> 
     </span>
    </p>

    <p class='ocr_par' dir='ltr' id='par_1_17' title="bbox 1469 3327 2758 3664">
     <span class='ocr_line' id='line_1_101' title="bbox 1522 3327 2758 3383; baseline 0.005 -16"><span class='ocrx_word' id='word_1_820' title='bbox 1522 3331 1559 3367; x_wconf 92' lang='lat'><strong>8.</strong></span> <span class='ocrx_word' id='word_1_821' title='bbox 1589 3327 1646 3377; x_wconf 83' lang='grc' dir='ltr'><strong>λ’]</strong></span> <span class='ocrx_word' id='word_1_822' title='bbox 1675 3327 1824 3375; x_wconf 74' lang='lat' dir='ltr'><strong>codex3</strong></span> <span class='ocrx_word' id='word_1_823' title='bbox 1848 3327 1900 3378; x_wconf 89' lang='grc' dir='ltr'><strong>ρλ’</strong></span> <span class='ocrx_word' id='word_1_824' title='bbox 1921 3327 2032 3366; x_wconf 89' lang='lat' dir='ltr'><strong>editt.</strong></span> <span class='ocrx_word' id='word_1_825' title='bbox 2049 3330 2186 3376; x_wconf 88' lang='lat' dir='ltr'><strong>aperto</strong></span> <span class='ocrx_word' id='word_1_826' title='bbox 2207 3339 2352 3368; x_wconf 88' lang='lat' dir='ltr'><strong>errore.</strong></span> <span class='ocrx_word' id='word_1_827' title='bbox 2370 3331 2627 3383; x_wconf 82' lang='grc' dir='ltr'>-κλώπων]</span> <span class='ocrx_word' id='word_1_828' title='bbox 2646 3335 2758 3373; x_wconf 84' lang='lat' dir='ltr'><strong>Hem·</strong></span> 
     </span>
     <span class='ocr_line' id='line_1_102' title="bbox 1470 3380 2757 3457; baseline 0.005 -34"><span class='ocrx_word' id='word_1_829' title='bbox 1470 3385 1688 3424; x_wconf 84' lang='lat' dir='ltr'><strong>sterhusius</strong></span> <span class='ocrx_word' id='word_1_830' title='bbox 1711 3380 1759 3422; x_wconf 89' lang='lat' dir='ltr'><strong>ad</strong></span> <span class='ocrx_word' id='word_1_831' title='bbox 1785 3384 1942 3423; x_wconf 80' lang='lat' dir='ltr'><strong>Lucian.</strong></span> <span class='ocrx_word' id='word_1_832' title='bbox 1972 3389 2022 3424; x_wconf 87' lang='lat' dir='ltr'><strong>D.</strong></span> <span class='ocrx_word' id='word_1_833' title='bbox 2051 3387 2104 3424; x_wconf 89' lang='lat' dir='ltr'>M</span> <span class='ocrx_word' id='word_1_834' title='bbox 2134 3389 2192 3433; x_wconf 90' lang='lat' dir='ltr'><strong>ll,</strong></span> <span class='ocrx_word' id='word_1_835' title='bbox 2212 3397 2251 3436; x_wconf 91' lang='lat' dir='ltr'><strong>p.</strong></span> <span class='ocrx_word' id='word_1_836' title='bbox 2280 3393 2351 3426; x_wconf 78' lang='lat'><strong>535</strong></span> <span class='ocrx_word' id='word_1_837' title='bbox 2371 3387 2430 3426; x_wconf 90' lang='lat' dir='ltr'><strong>ed.</strong></span> <span class='ocrx_word' id='word_1_838' title='bbox 2463 3389 2569 3457; x_wconf 61' lang='lat' dir='ltr'><strong>¹3wa</strong></span> <span class='ocrx_word' id='word_1_839' title='bbox 2559 3404 2569 3412; x_wconf 92' lang='lat'><strong>·</strong></span> <span class='ocrx_word' id='word_1_840' title='bbox 2594 3392 2757 3430; x_wconf 78' lang='grc' dir='ltr'>κλωπῶν</span> 
     </span>
     <span class='ocr_line' id='line_1_103' title="bbox 1472 3442 2756 3495; baseline 0.006 -16"><span class='ocrx_word' id='word_1_841' title='bbox 1472 3443 1622 3491; x_wconf 86' lang='lat' dir='ltr'><strong>codex,</strong></span> <span class='ocrx_word' id='word_1_842' title='bbox 1644 3444 1799 3480; x_wconf 83' lang='grc' dir='ltr'>κλοπῶν</span> <span class='ocrx_word' id='word_1_843' title='bbox 1830 3442 1942 3481; x_wconf 82' lang='lat' dir='ltr'><strong>editt.</strong></span> <span class='ocrx_word' id='word_1_844' title='bbox 1972 3464 2024 3471; x_wconf 89' lang='lat'><strong>——</strong></span> <span class='ocrx_word' id='word_1_845' title='bbox 2051 3443 2756 3495; x_wconf 72' lang='grc' dir='ltr'>ἐγκαύμασιν]ει1ἰῐῐ.;ἐκκ.οοιίειι.</span> 
     </span>
     <span class='ocr_line' id='line_1_104' title="bbox 1469 3497 2753 3561; baseline 0.004 -23"><span class='ocrx_word' id='word_1_846' title='bbox 1469 3521 1521 3528; x_wconf 90' lang='lat'>—</span> <span class='ocrx_word' id='word_1_847' title='bbox 1537 3501 1698 3549; x_wconf 86' lang='grc' dir='ltr'>ἀναθημ.</span> <span class='ocrx_word' id='word_1_848' title='bbox 1713 3497 1894 3549; x_wconf 83' lang='lat' dir='ltr'><strong>]codex,</strong></span> <span class='ocrx_word' id='word_1_849' title='bbox 1909 3502 2044 3550; x_wconf 84' lang='lat' dir='ltr'><strong>Marx;</strong></span> <span class='ocrx_word' id='word_1_850' title='bbox 2065 3500 2177 3539; x_wconf 83' lang='grc' dir='ltr'>ἀναθε</span> <span class='ocrx_word' id='word_1_851' title='bbox 2161 3515 2235 3551; x_wconf 76' lang='grc' dir='ltr'>ε.μ.</span> <span class='ocrx_word' id='word_1_852' title='bbox 2246 3503 2407 3552; x_wconf 85' lang='lat' dir='ltr'><strong>..vulgo</strong></span> <span class='ocrx_word' id='word_1_853' title='bbox 2426 3524 2478 3531; x_wconf 89' lang='lat'>—</span> <span class='ocrx_word' id='word_1_854' title='bbox 2497 3504 2588 3553; x_wconf 77' lang='grc' dir='ltr'>οϊνῳ</span> <span class='ocrx_word' id='word_1_855' title='bbox 2611 3518 2728 3554; x_wconf 85' lang='grc' dir='ltr'>πρωτ.</span> <span class='ocrx_word' id='word_1_856' title='bbox 2738 3511 2753 3561; x_wconf 73' lang='lat' dir='ltr'>J</span> 
     </span>
     <span class='ocr_line' id='line_1_105' title="bbox 1471 3556 2753 3662; baseline 0.002 -65"><span class='ocrx_word' id='word_1_857' title='bbox 1471 3558 1649 3597; x_wconf 88' lang='lat' dir='ltr'><strong>Bacchus</strong></span> <span class='ocrx_word' id='word_1_858' title='bbox 1672 3557 1711 3595; x_wconf 90' lang='lat' dir='ltr'><strong>in</strong></span> <span class='ocrx_word' id='word_1_859' title='bbox 1734 3556 1866 3662; x_wconf 52' lang='lat' dir='ltr'><strong>nimiis</strong></span> <span class='ocrx_word' id='word_1_860' title='bbox 1887 3559 2073 3607; x_wconf 81' lang='lat' dir='ltr'><strong>Tanagra</strong></span> <span class='ocrx_word' id='word_1_861' title='bbox 2077 3570 2206 3598; x_wconf 90' lang='lat' dir='ltr'><strong>orum.</strong></span> <span class='ocrx_word' id='word_1_862' title='bbox 2225 3561 2274 3598; x_wconf 88' lang='lat' dir='ltr'><strong>V.</strong></span> <span class='ocrx_word' id='word_1_863' title='bbox 2293 3556 2434 3600; x_wconf 83' lang='lat' dir='ltr'><strong>Rasch.</strong></span> <span class='ocrx_word' id='word_1_864' title='bbox 2454 3562 2548 3600; x_wconf 77' lang='lat' dir='ltr'><strong>Lex.</strong></span> <span class='ocrx_word' id='word_1_865' title='bbox 2569 3561 2753 3600; x_wconf 85' lang='lat' dir='ltr'><strong>numism.</strong></span> 
     </span>
     <span class='ocr_line' id='line_1_106' title="bbox 1470 3617 1962 3664; baseline -0.002 -11"><span class='ocrx_word' id='word_1_866' title='bbox 1470 3617 1523 3657; x_wconf 84' lang='lat' dir='ltr'><strong>V,</strong></span> <span class='ocrx_word' id='word_1_867' title='bbox 1543 3619 1579 3663; x_wconf 84' lang='lat'><strong>1,</strong></span> <span class='ocrx_word' id='word_1_868' title='bbox 1597 3625 1636 3664; x_wconf 87' lang='lat' dir='ltr'><strong>p.</strong></span> <span class='ocrx_word' id='word_1_869' title='bbox 1661 3619 1728 3652; x_wconf 79' lang='lat'><strong>501</strong></span> <span class='ocrx_word' id='word_1_870' title='bbox 1960 3632 1962 3634; x_wconf 86' lang='lat'>·</span> 
     </span>
    </p>

    <p class='ocr_par' dir='ltr' id='par_1_18' title="bbox 1471 3670 2755 3951">
     <span class='ocr_line' id='line_1_107' title="bbox 1522 3670 2755 3723; baseline 0.002 -12"><span class='ocrx_word' id='word_1_871' title='bbox 1522 3676 1560 3711; x_wconf 86' lang='lat'><strong>9.</strong></span> <span class='ocrx_word' id='word_1_872' title='bbox 1592 3670 1807 3721; x_wconf 77' lang='grc' dir='ltr'>στειχοπλ].</span> <span class='ocrx_word' id='word_1_873' title='bbox 1830 3672 2034 3722; x_wconf 86' lang='grc' dir='ltr'>στιχοπλ.</span> <span class='ocrx_word' id='word_1_874' title='bbox 2021 3683 2063 3710; x_wconf 89' lang='grc' dir='ltr'><strong>ιιι</strong></span> <span class='ocrx_word' id='word_1_875' title='bbox 2073 3673 2297 3723; x_wconf 83' lang='lat' dir='ltr'><strong>apographo</strong></span> <span class='ocrx_word' id='word_1_876' title='bbox 2317 3674 2585 3713; x_wconf 83' lang='lat' dir='ltr'><strong>Hervartiano.</strong></span> <span class='ocrx_word' id='word_1_877' title='bbox 2601 3698 2649 3707; x_wconf 89' lang='lat'>—</span> <span class='ocrx_word' id='word_1_878' title='bbox 2664 3676 2755 3713; x_wconf 85' lang='grc' dir='ltr'>ἀπο-</span> 
     </span>
     <span class='ocr_line' id='line_1_108' title="bbox 1471 3727 2753 3781; baseline 0.002 -15"><span class='ocrx_word' id='word_1_879' title='bbox 1471 3727 1586 3778; x_wconf 53' lang='grc' dir='ltr'>δημκ]</span> <span class='ocrx_word' id='word_1_880' title='bbox 1610 3743 1628 3761; x_wconf 73' lang='grc' dir='ltr'><strong>«ι</strong></span> <span class='ocrx_word' id='word_1_881' title='bbox 1652 3729 1751 3767; x_wconf 82' lang='lat' dir='ltr'><strong>forte</strong></span> <span class='ocrx_word' id='word_1_882' title='bbox 1766 3729 1919 3777; x_wconf 84' lang='grc' dir='ltr'>ἐπιδημ.</span> <span class='ocrx_word' id='word_1_883' title='bbox 1951 3744 1970 3762; x_wconf 84' lang='lat'><strong>»</strong></span> <span class='ocrx_word' id='word_1_884' title='bbox 1988 3730 2176 3778; x_wconf 83' lang='lat' dir='ltr'><strong>stephan.</strong></span> <span class='ocrx_word' id='word_1_885' title='bbox 2195 3735 2234 3770; x_wconf 86' lang='lat' dir='ltr'><strong>et</strong></span> <span class='ocrx_word' id='word_1_886' title='bbox 2251 3732 2420 3770; x_wconf 82' lang='lat' dir='ltr'><strong>casaub.</strong></span> <span class='ocrx_word' id='word_1_887' title='bbox 2439 3755 2488 3763; x_wconf 91' lang='lat'><em>-</em></span> <span class='ocrx_word' id='word_1_888' title='bbox 2504 3731 2663 3781; x_wconf 85' lang='grc' dir='ltr'>ὕπεστι]</span> <span class='ocrx_word' id='word_1_889' title='bbox 2684 3743 2753 3769; x_wconf 84' lang='lat' dir='ltr'><strong>co·</strong></span> 
     </span>
     <span class='ocr_line' id='line_1_109' title="bbox 1471 3785 2751 3838; baseline -0.002 -12"><span class='ocrx_word' id='word_1_890' title='bbox 1471 3786 1580 3835; x_wconf 84' lang='lat' dir='ltr'><strong>dex.‚</strong></span> <span class='ocrx_word' id='word_1_891' title='bbox 1600 3791 1707 3824; x_wconf 78' lang='lat' dir='ltr'><strong>Marx</strong></span> <span class='ocrx_word' id='word_1_892' title='bbox 1723 3798 1734 3834; x_wconf 93' lang='lat'>;</span> <span class='ocrx_word' id='word_1_893' title='bbox 1752 3786 1889 3824; x_wconf 85' lang='grc' dir='ltr'>ἄπεστι</span> <span class='ocrx_word' id='word_1_894' title='bbox 1907 3785 2038 3836; x_wconf 82' lang='lat' dir='ltr'><strong>vulgo.</strong></span> <span class='ocrx_word' id='word_1_895' title='bbox 2052 3809 2102 3816; x_wconf 89' lang='lat'>-</span> <span class='ocrx_word' id='word_1_896' title='bbox 2122 3793 2182 3827; x_wconf 84' lang='lat'><strong>10.</strong></span> <span class='ocrx_word' id='word_1_897' title='bbox 2200 3787 2290 3838; x_wconf 85' lang='grc' dir='ltr'>ἄρα]</span> <span class='ocrx_word' id='word_1_898' title='bbox 2304 3789 2407 3838; x_wconf 79' lang='grc' dir='ltr'>παρὰ</span> <span class='ocrx_word' id='word_1_899' title='bbox 2427 3788 2550 3827; x_wconf 84' lang='lat' dir='ltr'><strong>codex</strong></span> <span class='ocrx_word' id='word_1_900' title='bbox 2562 3791 2602 3826; x_wconf 85' lang='lat' dir='ltr'><strong>et</strong></span> <span class='ocrx_word' id='word_1_901' title='bbox 2617 3788 2751 3835; x_wconf 85' lang='lat' dir='ltr'><strong>editt.;</strong></span> 
     </span>
     <span class='ocr_line' id='line_1_110' title="bbox 1471 3843 2751 3896; baseline 0.002 -14"><span class='ocrx_word' id='word_1_902' title='bbox 1471 3845 1536 3882; x_wconf 83' lang='grc' dir='ltr'><strong>καὶ</strong></span> <span class='ocrx_word' id='word_1_903' title='bbox 1557 3844 1723 3893; x_wconf 87' lang='grc' dir='ltr'>χαλεπὸν</span> <span class='ocrx_word' id='word_1_904' title='bbox 1743 3843 1846 3893; x_wconf 88' lang='grc' dir='ltr'>παρὰ</span> <span class='ocrx_word' id='word_1_905' title='bbox 1865 3857 1901 3883; x_wconf 87' lang='grc' dir='ltr'><strong>τ.</strong></span> <span class='ocrx_word' id='word_1_906' title='bbox 1918 3845 2055 3894; x_wconf 86' lang='lat' dir='ltr'><strong>Marx;</strong></span> <span class='ocrx_word' id='word_1_907' title='bbox 2076 3846 2141 3883; x_wconf 83' lang='grc' dir='ltr'><strong>καὶ</strong></span> <span class='ocrx_word' id='word_1_908' title='bbox 2159 3846 2445 3896; x_wconf 85' lang='grc' dir='ltr'>προσπάθεια...</span> <span class='ocrx_word' id='word_1_909' title='bbox 2469 3846 2619 3894; x_wconf 81' lang='grc' dir='ltr'>φύεται,</span> <span class='ocrx_word' id='word_1_910' title='bbox 2638 3847 2751 3895; x_wconf 87' lang='grc' dir='ltr'>χαλε·</span> 
     </span>
     <span class='ocr_line' id='line_1_111' title="bbox 1471 3901 2166 3951; baseline 0 -10"><span class='ocrx_word' id='word_1_911' title='bbox 1471 3903 1543 3941; x_wconf 86' lang='grc' dir='ltr'><strong>πὸν</strong></span> <span class='ocrx_word' id='word_1_912' title='bbox 1560 3901 1663 3951; x_wconf 82' lang='grc' dir='ltr'>παρὰ</span> <span class='ocrx_word' id='word_1_913' title='bbox 1679 3902 1761 3939; x_wconf 88' lang='grc' dir='ltr'>κτλ.</span> <span class='ocrx_word' id='word_1_914' title='bbox 1783 3901 2029 3950; x_wconf 86' lang='lat' dir='ltr'><strong>Stephanus,</strong></span> <span class='ocrx_word' id='word_1_915' title='bbox 2049 3902 2166 3942; x_wconf 87' lang='lat' dir='ltr'><strong>Fuhr.</strong></span> 
     </span>
    </p>

    <p class='ocr_par' dir='ltr' id='par_1_19' title="bbox 1472 3957 2752 4235">
     <span class='ocr_line' id='line_1_112' title="bbox 1527 3957 2750 4009; baseline -0.002 -11"><span class='ocrx_word' id='word_1_916' title='bbox 1527 3962 1586 3998; x_wconf 88' lang='grc'>11.</span> <span class='ocrx_word' id='word_1_917' title='bbox 1609 3958 1679 3997; x_wconf 69' lang='grc' dir='ltr'><strong>οὐκ</strong></span> <span class='ocrx_word' id='word_1_918' title='bbox 1694 3957 1929 4009; x_wconf 83' lang='grc' dir='ltr'>ἐπισφαλής]</span> <span class='ocrx_word' id='word_1_919' title='bbox 1946 3970 2004 3998; x_wconf 88' lang='lat' dir='ltr'><strong>sc.</strong></span> <span class='ocrx_word' id='word_1_920' title='bbox 2025 3959 2264 4009; x_wconf 70' lang='lat' dir='ltr'><strong>praecipitiis.</strong></span> <span class='ocrx_word' id='word_1_921' title='bbox 2290 3958 2522 3998; x_wconf 79' lang='lat' dir='ltr'><strong>Particulam</strong></span> <span class='ocrx_word' id='word_1_922' title='bbox 2544 3958 2612 3995; x_wconf 78' lang='grc' dir='ltr'>οὐκ</span> <span class='ocrx_word' id='word_1_923' title='bbox 2633 3957 2750 3996; x_wconf 85' lang='lat' dir='ltr'><strong>deleri</strong></span> 
     </span>
     <span class='ocr_line' id='line_1_113' title="bbox 1473 4013 2752 4065; baseline -0.002 -10"><span class='ocrx_word' id='word_1_924' title='bbox 1473 4016 1600 4056; x_wconf 87' lang='lat' dir='ltr'><strong>voluit</strong></span> <span class='ocrx_word' id='word_1_925' title='bbox 1626 4018 1754 4055; x_wconf 82' lang='lat' dir='ltr'><strong>Marx.</strong></span> <span class='ocrx_word' id='word_1_926' title='bbox 1771 4046 1783 4064; x_wconf 94' lang='lat'><strong>,</strong></span> <span class='ocrx_word' id='word_1_927' title='bbox 1809 4026 1936 4065; x_wconf 91' lang='lat' dir='ltr'><strong>quum</strong></span> <span class='ocrx_word' id='word_1_928' title='bbox 1956 4016 2172 4055; x_wconf 88' lang='lat' dir='ltr'><strong>latrociniis</strong></span> <span class='ocrx_word' id='word_1_929' title='bbox 2191 4016 2392 4055; x_wconf 80' lang='lat' dir='ltr'><strong>Cithaeron</strong></span> <span class='ocrx_word' id='word_1_930' title='bbox 2418 4015 2580 4053; x_wconf 84' lang='lat' dir='ltr'><strong>infestus</strong></span> <span class='ocrx_word' id='word_1_931' title='bbox 2599 4013 2752 4053; x_wconf 79' lang='lat' dir='ltr'><strong>dicatur</strong></span> 
     </span>
     <span class='ocr_line' id='line_1_114' title="bbox 1472 4071 2749 4123; baseline -0.002 -11"><span class='ocrx_word' id='word_1_932' title='bbox 1472 4084 1536 4123; x_wconf 87' lang='lat' dir='ltr'><strong>ap.</strong></span> <span class='ocrx_word' id='word_1_933' title='bbox 1557 4073 1666 4121; x_wconf 85' lang='lat' dir='ltr'><strong>Diog.</strong></span> <span class='ocrx_word' id='word_1_934' title='bbox 1686 4074 1730 4111; x_wconf 58' lang='grc' dir='ltr'><strong>ιι.</strong></span> <span class='ocrx_word' id='word_1_935' title='bbox 1751 4075 1784 4111; x_wconf 91' lang='lat' dir='ltr'><strong>ll</strong></span> <span class='ocrx_word' id='word_1_936' title='bbox 1800 4102 1811 4121; x_wconf 93' lang='lat'><strong>,</strong></span> <span class='ocrx_word' id='word_1_937' title='bbox 1841 4077 1911 4111; x_wconf 82' lang='grc'><strong>136</strong></span> <span class='ocrx_word' id='word_1_938' title='bbox 1927 4102 1937 4121; x_wconf 94' lang='grc'>,</span> <span class='ocrx_word' id='word_1_939' title='bbox 1965 4074 2123 4112; x_wconf 86' lang='lat' dir='ltr'><strong>Lucian.</strong></span> <span class='ocrx_word' id='word_1_940' title='bbox 2160 4075 2204 4111; x_wconf 90' lang='lat' dir='ltr'><strong>D.</strong></span> <span class='ocrx_word' id='word_1_941' title='bbox 2225 4075 2261 4111; x_wconf 87' lang='lat' dir='ltr'>M</span> <span class='ocrx_word' id='word_1_942' title='bbox 2276 4102 2286 4119; x_wconf 91' lang='lat'><strong>,</strong></span> <span class='ocrx_word' id='word_1_943' title='bbox 2305 4077 2376 4118; x_wconf 87' lang='lat'><strong>27,</strong></span> <span class='ocrx_word' id='word_1_944' title='bbox 2406 4071 2472 4108; x_wconf 92' lang='lat' dir='ltr'><strong>ubi</strong></span> <span class='ocrx_word' id='word_1_945' title='bbox 2495 4071 2749 4109; x_wconf 78' lang='lat' dir='ltr'><strong>Henisterhu-</strong></span> 
     </span>
     <span class='ocr_line' id='line_1_115' title="bbox 1474 4128 2750 4178; baseline -0.002 -9"><span class='ocrx_word' id='word_1_946' title='bbox 1474 4131 1554 4170; x_wconf 91' lang='lat' dir='ltr'><strong>sius</strong></span> <span class='ocrx_word' id='word_1_947' title='bbox 1569 4130 1693 4169; x_wconf 87' lang='lat' dir='ltr'><strong>nostri</strong></span> <span class='ocrx_word' id='word_1_948' title='bbox 1712 4130 1789 4169; x_wconf 91' lang='lat' dir='ltr'><strong>loci</strong></span> <span class='ocrx_word' id='word_1_949' title='bbox 1809 4140 1961 4168; x_wconf 89' lang='lat' dir='ltr'><strong>memor</strong></span> <span class='ocrx_word' id='word_1_950' title='bbox 1978 4130 2180 4178; x_wconf 86' lang='lat' dir='ltr'><strong>vulgatam</strong></span> <span class='ocrx_word' id='word_1_951' title='bbox 2201 4129 2409 4167; x_wconf 85' lang='lat' dir='ltr'><strong>lectionem</strong></span> <span class='ocrx_word' id='word_1_952' title='bbox 2426 4128 2568 4165; x_wconf 83' lang='lat' dir='ltr'><strong>tuetur.</strong></span> <span class='ocrx_word' id='word_1_953' title='bbox 2585 4150 2635 4158; x_wconf 91' lang='lat'><strong>—</strong></span> <span class='ocrx_word' id='word_1_954' title='bbox 2651 4130 2750 4166; x_wconf 81' lang='grc' dir='ltr'>κατὰ</span> 
     </span>
     <span class='ocr_line' id='line_1_116' title="bbox 1473 4182 2752 4235; baseline -0.005 -9"><span class='ocrx_word' id='word_1_955' title='bbox 1473 4184 1560 4235; x_wconf 72' lang='grc' dir='ltr'>τὸν]</span> <span class='ocrx_word' id='word_1_956' title='bbox 1581 4201 1619 4226; x_wconf 87' lang='grc' dir='ltr'><strong>κ.</strong></span> <span class='ocrx_word' id='word_1_957' title='bbox 1638 4191 1714 4226; x_wconf 86' lang='grc' dir='ltr'><strong>τῶν</strong></span> <span class='ocrx_word' id='word_1_958' title='bbox 1734 4201 1770 4226; x_wconf 89' lang='grc' dir='ltr'><strong>κ.</strong></span> <span class='ocrx_word' id='word_1_959' title='bbox 1801 4200 1843 4224; x_wconf 88' lang='grc' dir='ltr'><strong>π.</strong></span> <span class='ocrx_word' id='word_1_960' title='bbox 1876 4186 2116 4225; x_wconf 80' lang='grc' dir='ltr'>Ποσὶδιππον</span> <span class='ocrx_word' id='word_1_961' title='bbox 2142 4185 2277 4224; x_wconf 77' lang='lat' dir='ltr'><strong>codex.</strong></span> <span class='ocrx_word' id='word_1_962' title='bbox 2311 4207 2356 4214; x_wconf 90' lang='lat'><strong>-—</strong></span> <span class='ocrx_word' id='word_1_963' title='bbox 2383 4182 2492 4232; x_wconf 69' lang='lat' dir='ltr'><strong>moi]</strong></span> <span class='ocrx_word' id='word_1_964' title='bbox 2523 4198 2540 4214; x_wconf 78' lang='lat' dir='ltr'><strong>u</strong></span> <span class='ocrx_word' id='word_1_965' title='bbox 2574 4184 2752 4224; x_wconf 67' lang='lat' dir='ltr'><strong>Fortasse</strong></span> 
     </span>
    </p>
   </div>
   <div class='ocr_carea' id='block_1_16' title="bbox 2523 4269 2552 4298">
    <p class='ocr_par' dir='ltr' id='par_1_20' title="bbox 2523 4269 2552 4298">
     <span class='ocr_line' id='line_1_117' title="bbox 2523 4269 2552 4298; baseline 0.034 -1"><span class='ocrx_word' id='word_1_966' title='bbox 2523 4269 2552 4298; x_wconf 80' lang='lat' dir='ltr'><strong>l&#39;1</strong></span> 
     </span>
    </p>
   </div>
  </div>
 </body>
</html>
