3016 4628
112 605 118 618 ·-
510 582 547 626 E
581 580 764 627 Lumo
781 586 786 592 ·
801 579 1039 624 ΤΕιιΤιο.

208 674 512 736 Harpocratio
541 690 553 719 ε
587 668 921 736 Σκαφηφόροι...
947 669 1203 734 -Δημήτριος
1240 676 1339 734 γοῦν
1378 674 1419 719 ἐν

59 779 61 783 .
131 745 172 808 γ’
209 743 478 809 Νομοθεσίας
505 742 631 810 φησὶν
656 741 721 790 ὅτι
745 741 1032 806 προσέταττεν
1055 745 1078 790 ὃ
1096 743 1224 805 νόμος
1241 747 1328 797 τοῖς
1345 762 1419 806 με·

135 815 346 870 τοίκοιςέν
361 816 454 870 ταῖς
469 817 661 878 πομπαῖς
669 812 821 869 αὐτοὺς
831 813 908 877 μὲν
929 814 1097 882 σκάφας
1105 814 1265 881 φέρειν,
1281 815 1357 869 τὰς
1372 815 1417 864 δὲ

41 901 70 951 4
110 887 365 954 ’θυγατέρας
386 888 527 935 αὐτῶν
550 887 696 951 ὖδρεῖα
730 885 805 934 καὶ
833 885 1022 935 σκιάδια.
1055 887 1297 936 Διείλεκται
1319 886 1436 952 περὶ

126 957 286 1007 τούτων
310 959 383 1006 καὶ
397 955 671 1023 Θεόφραστος
683 959 725 1005 ἐν
738 957 762 1005 ι’
777 957 954 1019 Νόμων.
969 960 1037 1007 Cf.
1055 962 1248 1006 Photius
1258 969 1303 1005 et
1323 962 1420 1006 Sui-

125 1030 205 1083 ‹las
217 1046 254 1077 s.
276 1046 322 1076 v.
347 1031 511 1076 Pollux
529 1032 600 1076 111
615 1065 628 1087 ,
653 1028 712 1076 55
739 1045 752 1076 ε
778 1029 1079 1096 Σκαφηφόρος·
1104 1029 1236 1084 οὕτως
1261 1031 1303 1077 δὲ
1325 1030 1420 1086 τοὺς

133 1099 353 1170 μετοίκους
375 1099 616 1163 ὠνόμαζον·
641 1101 714 1149 καὶ
737 1099 812 1155 τὰς
835 1105 1041 1166 γυναῖκας
1061 1103 1200 1149 αὐτῶν
1217 1102 1418 1168 ὑδριαφό-

43 1172 45 1174 ’
66 1219 79 1233 ι,
131 1190 224 1239 ρους
239 1209 252 1230 ,
279 1172 364 1220 ἀπὸ
383 1176 456 1220 τοῦ
483 1171 605 1237 ἔργου
625 1173 864 1238 ἑκατέρους.
893 1177 1062 1221 AElian.
1084 1178 1138 1222 V.
1158 1178 1219 1222 H.
1241 1179 1302 1222 VI
1319 1211 1330 1232 ,
1363 1191 1416 1224 1:

52 1247 89 1301 ,ἐκ
103 1243 218 1301 Τὰς
239 1248 338 1309 γοῦν
359 1242 591 1310 παρθένους
606 1246 698 1292 ,τῶν
718 1244 926 1308 μετοίκων
946 1247 1245 1312 σκιαδηφορεῖν
1263 1249 1305 1294 ἐν
1326 1249 1418 1302 ταῖς

35 1349 48 1373 2
77 1368 79 1370 ,
129 1323 322 1379 πομπαῖς
333 1315 576 1380 ἠνάγκαζον
595 1317 687 1371 ταῖς
701 1320 863 1366 ἑαυτῶν
880 1317 1043 1385 κόραις,
1061 1318 1136 1372 τὰς
1153 1316 1198 1366 δὲ
1213 1326 1418 1383 γυναῖκας

33 1380 61 1416 ¹²·
88 1408 94 1422 2
126 1386 219 1441 ταῖς
253 1385 442 1452 γυναιξὶ,
470 1389 568 1443 τοὺς
600 1386 644 1436 δὲ
662 1387 828 1455 ,ἄνδρας
853 1392 1159 1455 σκαφηφορεῒν.
1187 1390 1350 1437 Suidas
1371 1402 1418 1438 et

41 1518 43 1523 J
121 1461 274 1522 Etym.
300 1477 346 1506 v.
374 1458 660 1526 Ἀσκοφορεῒν;
684 1465 958 1508 Ammonius
979 1480 1024 1507 v.
1041 1461 1269 1521 Ἰσοτέλης.
1289 1465 1416 1510 Her-

32 1581 43 1591 .
120 1548 279 1581 mann.
305 1535 504 1580 Gottesd.
528 1535 730 1599 Altertk.
760 1533 818 1588 54
833 1569 844 1591 ,
869 1551 947 1592 27.

473 1651 510 1694 E
544 1650 740 1696 LIBRIS
769 1652 832 1696 ΙΝ
835 1651 1045 1697 CERTIS
1056 1682 1065 1692 .

739 1749 785 1796 6.

188 1863 495 1921 Harpocratio
539 1877 550 1908 :
586 1858 787 1926 ’Έρκειος
826 1858 993 1923 Ζεύς,.
1003 1898 1031 1910 ..
1064 1866 1100 1909 ὧ
1128 1863 1272 1926 βωμὸς
1301 1862 1415 1919 ἐντὸς

33 1934 92 2004 {¹5
120 1928 309 1996 lpxouc'
290 1949 334 1978 εν
355 1934 410 1996 τῇ
437 1932 549 1995 αὐλῇ
582 1930 773 1996 ἵδρυται·
809 1933 882 1980 τὸν
916 1932 999 2007 γὰρ
1036 1934 1265 1999 περίὸολον
1293 1934 1414 2001 ἕρκος

28 2012 90 2070 Ἃ,
121 2001 282 2065 ἔλεγον.
316 2001 423 2052 ’Ότι
459 2003 503 2051 δὲ
528 2003 687 2059 τούτοις
720 2009 854 2068 μετῆν
877 2026 953 2064 της
976 2007 1220 2067 πολιτείας,
1256 2001 1317 2063 οἷς
1346 2009 1411 2069 εἴη

31 2104 41 2140 J·
60 2078 97 2111 ³³3
122 2074 229 2130 Ζευς
251 2072 432 2140 ἕρκειος,
455 2075 669 2134 δεδήλωκε
690 2077 763 2124 καὶ
783 2076 1056 2143 Ὑπερίδης’
1037 2098 1080 2126 εν
1109 2083 1170 2144 τῷ
1202 2080 1308 2146 υπὲρ
1332 2082 1411 2139 δηκ

35 2144 94 2218 ἰζ
99 2147 382 2237 μοποιήτου,
407 2149 444 2195 εἰ
479 2147 682 2212 γνήσιος,
708 2150 783 2197 καὶ
821 2150 1116 2217 Δημήτριος’
1098 2172 1140 2199 εν
1178 2156 1265 2208 τοῖς
1302 2153 1411 2220 Περὶ

70 2202 113 2284 [s
119 2221 195 2279 τῆς
210 2219 408 2278 Ἀθήνησι
432 2221 694 2284 νομοθεσίας.
717 2225 784 2270 Cf.
804 2223 942 2270 Phot.
972 2235 1016 2270 et
1036 2227 1210 2272 Suidas.

736 2349 781 2390 7·

35 2439 46 2475 ,Γ
90 2436 129 2490 2³ss
180 2429 529 2492 'Harpocratioz
555 2430 897 2496 Παράστασις...
922 2431 1011 2479 ἔστι
1043 2433 1087 2479 δὲ
1113 2432 1286 2497 δραχμὴ
1323 2453 1407 2479 κα-

39 2557 42 2560 ,
102 2510 106 2522 ἶ
148 2499 417 2564 Βαλλομένη
452 2500 536 2549 ὑπὸ
573 2505 656 2550 τῶν
699 2503 986 2565 δικαζομένων
1025 2504 1101 2558 τὰς
1141 2505 1249 2558 ἰδίας
1289 2505 1408 2559 δίκας

6 2575 9 2598 ³
36 2567 43 2595 ³⁵
84 2622 88 2634 ,Ι
115 2573 351 2639 (Sequitur
368 2577 626 2622 Aristotelis
644 2577 702 2624 fr.
731 2575 864 2640 31)...
903 2576 1151 2641 Δημήτριος
1174 2576 1219 2623 δὲ
1246 2581 1269 2625 ὁ
1302 2580 1405 2628 Φα-

0 2643 267 2750 ,γ’γ’ῗῇληρευς
299 2647 342 2692 ἐν
377 2652 462 2700 τοῖς
488 2646 598 2710 Περὶ
634 2647 882 2709 νομοθεσίας
915 2647 1011 2702 τους
1049 2649 1270 2707 διαιτητάς
1303 2668 1406 2716 φησι

291 2735 350 2764 ειν
369 2717 445 2772 τὰς
465 2716 664 2782 δραχμὰς
680 2756 693 2781 ,
719 2718 823 2781 μίαν
847 2719 923 2781 μὲν
946 2720 1030 2767 ἀπὸ
1052 2725 1128 2779 τῆς
1146 2721 1331 2782 λήξεως,
1350 2721 1403 2780 ἣν

55 2831 63 2834 ⁴.
80 2786 382 2858 ,ηπαράστασιν
393 2790 572 2838 ἐκάλουν
574 2784 747 2856 ,ἑτέραν
760 2791 805 2839 δὲ
814 2792 928 2839 κατὰ
938 2793 1190 2856 ὑπωμοσίαν
1201 2793 1401 2851 ἑκάστην.

242 2930 325 3009 DE
359 2930 824 2982 LEGISLATIONE
860 2933 1262 2982 ATHENIENSI.

725 3026 780 3067 5.

74 3128 131 3184 1⁶42
469 3108 510 3156 E
546 3108 735 3158 LIBRO
769 3109 1018 3160 TERTIO.

87 3220 129 3243 ·.›
139 3203 690 3253 DomemuslihrotcrtioDe
706 3206 950 3258 legislatione
966 3207 1294 3257 (Athenienstum)
1308 3208 1403 3247 dicit

26 3268 33 3322 ξ
208 3282 226 3300 ¹³
248 3266 416 3318 iubere,
434 3270 480 3309 ut
494 3270 676 3320 inquilini
691 3270 865 3320 ligones
854 3281 896 3309 m
906 3271 1063 3322 pompis
1081 3272 1233 3320 ferant,
1250 3282 1403 3310 eorum-

28 3355 38 3379 4
80 3320 196 3385 fitne
220 3329 312 3370 filiae
336 3331 496 3382 hydrias
516 3335 668 3384 gestent
701 3335 742 3374 et
771 3334 980 3375 umbellas.
1021 3338 1082 3375 De
1115 3335 1176 3374 his
1215 3335 1401 3375 disseruit

21 3395 43 3467 ,¹
100 3389 175 3460 ζιιῗ
247 3394 538 3448 Theophrastus
552 3398 654 3438 libro
673 3398 828 3439 decimo
847 3401 907 3440 De
925 3399 1091 3450 legibus.

40 3535 118 3587 5
139 3512 348 3580 luppiter
374 3531 570 3581 Herceus‚
587 3531 652 3571 cui
673 3543 742 3571 ara
756 3533 859 3572 intra
881 3533 1036 3582 septum
1064 3533 1105 3572 in
1132 3533 1222 3572 aula
1251 3534 1402 3573 structa

58 3598 82 3622 ι·
107 3595 111 3605 “·
127 3613 129 3615 -
199 3589 333 3630 Nam
355 3590 512 3639 septum
533 3590 786 3640 appellabant
808 3591 930 3641 ἕρκος.
959 3591 1154 3631 Habuisse
1181 3593 1313 3631 autem
1337 3592 1402 3641 jus

99 3642 304 3699 anath,
321 3651 469 3702 quibus
482 3655 585 3693 esset
606 3654 788 3704 Juppiter
809 3657 1004 3704 Hermus,
1028 3653 1245 3704 Hyperides
1267 3654 1399 3694 decla-

27 3743 44 3758 2
96 3711 242 3754 ‘invit
231 3725 273 3754 m
285 3716 464 3757 oratione
475 3728 549 3768 pro
558 3717 645 3758 cive
660 3718 786 3768 sacta,
799 3719 832 3758 si
842 3721 1011 3769 genuina
1026 3720 1108 3768 est,
1124 3721 1163 3759 et
1178 3719 1401 3759 Demetrius

17 3791 30 3843 ςς
58 3782 95 3841 J
81 3768 278 3823 ‚hm
291 3782 351 3821 De
365 3781 605 3832 legislatione
620 3783 933 3825 Atheniensium.

135 3871 378 3956 mastasis
400 3915 590 3959 drachma
605 3918 680 3958 tuit
694 3918 871 3970 deposita
889 3920 1004 3959 abiis
1014 3921 1102 3970 ,qui
1121 3920 1283 3971 privatis
1299 3922 1399 3960 inter

26 3973 91 4005 ·'
81 3969 159 4019 ῧο
173 3977 226 4018 de
249 3975 525 4022 controversiis
541 3982 854 4034 disceptarent...
879 3986 1103 4025 Demetrius
1127 3987 1261 4025 autem
1295 3986 1396 4024 Pha-

83 4028 242 4083 huus
273 4042 314 4083 in
355 4044 466 4085 libris
501 4049 563 4087 De
597 4047 839 4097 legislatione
875 4039 998 4088 tradit
1038 4049 1209 4088 arbitros
1251 4048 1397 4099 cepisse

18 4096 76 4157 ‘31³
90 4088 341 4153 ⁶&helimam
376 4118 499 4148 unam
533 4111 620 4159 post
649 4109 895 4151 sortitionem
925 4122 1076 4161 eausae,
1099 4112 1216 4182 aliam
1243 4111 1397 4161 quoties

79 4159 209 4214 ³⁸oe
213 4166 385 4209 diffissus
404 4173 518 4212 esset.

14 4239 19 4244 ’
73 4247 98 4266 ·.
728 4243 773 4282 8.

1077 365 1438 416 DEMETRIUS
1479 370 1602 420 PHA
1610 373 1861 422 LEREUS.

12 4305 23 4363 ἶ.-
46 4302 80 4351 'g
102 4294 106 4297 ’
165 4299 245 4340 Sed
263 4300 367 4351 [eges
394 4303 548 4344 Solonis
567 4305 615 4346 de
638 4306 870 4347 mulieribus
900 4307 1079 4347 omnium
1105 4307 1395 4348 absurdissimae
1410 4314 1425 4324 χ

2681 389 2771 436 365

1493 480 1549 523 V.
1571 479 1915 525 Hudtwalcker.
1937 482 2005 526 De
2038 481 2226 527 diaetetis
2259 501 2304 543 p.
2349 487 2448 543 134,
2481 490 2772 540 Seltoemann.

1496 551 1611 596 Hist.
1632 551 1725 609 jur.
1749 551 1882 611 publ,
1924 551 2034 605 284.
2059 553 2167 609 267.

1563 623 1630 666 Ex
1653 623 1818 667 eodem
1843 638 1987 682 opere
2007 622 2240 668 fluxerunt
2265 631 2512 685 sequentia.

2125 722 2168 767 8.

1563 820 1792 867 Plutarch.
1829 821 1989 867 Solon.
2010 836 2048 866 c.
2075 820 2174 866 23:
2190 819 2337 875 Ὀλως
2375 821 2418 868 δὲ
2444 825 2644 883 πλείστην
2663 828 2775 891 ἔχειν

1498 888 1678 935 ἀτοπίαν
1695 891 1734 936 οἱ
1755 889 1853 955 περὶ
1871 892 1955 936 τῶν
1971 894 2182 953 γυναικῶν
2199 892 2321 954 νόμοι
2337 895 2397 939 τῶ
2416 894 2577 942 Σόλωνι
2591 899 2774 949 δοκουσι.

1498 961 1663 1026 Μοιχὸν
1710 961 1788 1025 μὲν
1833 962 1915 1028 γὰρ
1965 965 2129 1011 ἀνελεῖν
2178 968 2238 1012 τῶ
2279 963 2455 1012 λαὸόντι
2487 967 2664 1016 ἔδωκεν·
2704 972 2775 1018 ἐὰν

1496 1035 1533 1081 δ’
1558 1034 1736 1099 ἁρπάσῃ
1757 1054 1817 1088 τις
1839 1035 2061 1099 ἐλευθέραν
2085 1042 2266 1099 γυναῖκα
2285 1037 2358 1084 καὶ
2382 1039 2605 1101 βιάσηται,
2623 1043 2778 1103 ζημίαν

1496 1105 1645 1154 ἑκατὸν
1663 1107 1862 1171 δραχμὰς
1887 1106 2030 1162 ἔταξε·
2050 1106 2130 1154 καν
2160 1107 2466 1173 προαγωγεύῃ,
2501 1111 2695 1175 δραχμὰς
2719 1114 2775 1160 εἴ·

1494 1197 1610 1238 κοσι,
1631 1177 1743 1236 πλὴν
1766 1178 1865 1226 ὅσαι
1889 1178 2170 1245 πεφασμένως
2193 1181 2460 1238 πωλοῦνται,
2479 1181 2613 1244 λέγων
2635 1184 2685 1242 δὴ
2704 1186 2780 1239 τὰς

1494 1249 1677 1316 ἑταίρας·
1693 1243 1818 1297 αυται
1833 1249 1953 1315 γὰρ’
1934 1254 2133 1315 εμφανῶς
2150 1254 2325 1317 φοιτῶσι
2343 1251 2446 1318 πρὸς
2462 1252 2555 1307 τοὺς
2575 1255 2775 1309 διδόντας.

1491 1320 1596 1371 Ἔτι
1626 1323 1662 1369 δ’
1694 1322 1790 1370 οὔτε
1824 1322 2058 1388 θυγατέρας
2088 1325 2247 1370 πωλεῖν
2274 1322 2361 1371 οὔτ’
2393 1325 2575 1389 ἀδελφὰς
2609 1328 2777 1386 δίδωσι,

1492 1393 1662 1451 πλὴν
1640 1414 1692 1442 αν
1729 1392 1790 1456 μὴ
1832 1392 1949 1458 λάὸῃ
1989 1394 2196 1460 παρθένον
2239 1396 2358 1460 ἀνδρὶ
2396 1400 2776 1460 συγγεγενημένην.

1494 1465 1559 1514 Τὸ
1583 1465 1619 1512 δ’
1641 1465 1745 1513 αὐτὸ
1771 1473 1957 1531 πρᾶγμα
1998 1465 2102 1514 ποτὲ
2138 1466 2215 1528 μὲν
2245 1469 2407 1532 πικρῶς
2439 1468 2513 1515 καὶ
2537 1470 2777 1534 ἀπαραιτή·

1490 1556 1572 1591 τως
1596 1537 1805 1597 κολάζειν,
1830 1536 1932 1585 ποτὲ
1957 1537 1995 1585 δ’
2016 1536 2200 1591 εὐκόλως
2218 1538 2292 1585 καὶ
2315 1538 2520 1595 παίζοντα
2543 1542 2777 1606 πρόστιμον

1491 1609 1649 1672 ζημίαν
1673 1610 1752 1669 τὴν
1772 1615 1989 1675 τυχοῦσαν
2014 1610 2205 1676 ὁρίζοντα
2227 1611 2379 1676 ἄλογόν
2399 1614 2511 1660 ἐστι·
2528 1614 2639 1672 πλὴν
2659 1618 2694 1662 εἷ
2715 1617 2775 1679 μὴ

1492 1681 1765 1738 σπανίζοντος
1790 1682 1882 1731 τότε
1907 1687 1980 1731 τοῦ
2003 1682 2266 1746 νομίσματος
2286 1685 2327 1731 ἐν
2351 1688 2405 1748 τῇ
2439 1684 2560 1733 πόλει
2589 1688 2777 1750 μεγάλας

1491 1755 1624 1802 ἐποίει
1649 1754 1723 1810 τὰς
1747 1755 1979 1821 ἀργυρικὰς
2010 1755 2165 1819 ζημίας
2187 1755 2235 1803 τὸ
2265 1756 2561 1822 δυσπόριστον.
2599 1762 2674 1814 Εἷς
2699 1761 2774 1822 μέν

1490 1845 1538 1888 γε
1570 1826 1621 1874 τὰ
1653 1827 1882 1890 τιμήματα
1919 1830 1999 1876 τῶν
2033 1830 2187 1876 θυσιῶν
2217 1828 2427 1894 λογίζεται
2456 1831 2668 1895 πρόὸατον
2703 1833 2776 1879 καὶ

1491 1898 1691 1963 δραχμὴν
1717 1899 1811 1947 ἀντὶ
1836 1899 2066 1963 μεδίμνου,
2087 1903 2146 1964 τῷ
2175 1900 2212 1946 δ’
2230 1898 2406 1963 Ἴσθμια
2436 1902 2657 1960 νικήσαντι
2677 1905 2775 1968 δρα-

1489 1971 1606 2059 χμὰς
1627 1970 1772 2027 ἔταξεν
1791 1971 1942 2020 ἑκατὸν
1964 1947 2174 2031 δίδοσθάι,
2192 1974 2252 2038 τῷ
2273 1973 2311 2019 δ’
2327 1971 2551 2035 Ὀλύμπια
2569 1994 2774 2023 πεντακο-

1490 2041 1607 2101 σίας,
1627 2042 1756 2091 λύκον
1774 2043 1818 2090 δὲ
1834 2047 1895 2116 τῷ
1912 2043 2137 2105 κομίσαντι
2160 2042 2287 2092 πέντε
2311 2044 2507 2109 δραχμὰς
2527 2045 2658 2093 ἔδωκε
2669 2047 2772 2106 ,·λυ

1488 2113 1610 2161 κιδέα
1631 2113 1675 2161 δὲ
1694 2114 1811 2175 μίαν,
1830 2117 1890 2161 ων
1910 2133 2036 2177 φησιν
2058 2119 2080 2163 ὁ
2100 2114 2332 2181 Φαληρεύς
2362 2115 2606 2180 Δημητριος
2631 2117 2678 2164 τὸ
2695 2116 2774 2179 μὲν

1490 2185 1584 2249 βοὸς
1608 2189 1740 2244 εἶναι,
1765 2185 1813 2234 τὸ
1837 2183 1880 2233 δε
1899 2185 2115 2251 προὸάτου
2131 2206 2280 2250 τιμην.

1551 2383 1707 2427 Schol.
1736 2384 1874 2429 Arist.
1904 2383 2030 2430 Nub.
2056 2382 2112 2440 37
2135 2396 2146 2429 :
2170 2382 2415 2446 Δημήτριος
2442 2381 2484 2429 δὲ
2503 2385 2525 2429 ὁ
2541 2382 2770 2448 Φαληρεύς

1486 2471 1607 2518 φησι·
1630 2475 1647 2495 «
1670 2454 1758 2502 Καὶ
1778 2453 2023 2518 δημάρχους
2044 2457 2086 2501 ὀἱ
2117 2455 2214 2517 περὶ
2244 2455 2421 2503 Σόλωνα
2447 2456 2700 2504 καθίσταντο
2724 2458 2767 2504 ἑν

1483 2527 1623 2589 πολλῇ
1647 2526 1841 2589 σπουδῇ,
1861 2525 1929 2572 ἵνα
1951 2529 1989 2572 οἱ
2015 2525 2127 2575 κατὰ
2152 2528 2284 2588 δῆμον
2321 2528 2467 2574 διδῶσι
2498 2527 2571 2574 καὶ
2593 2527 2766 2589 λαμὸά·

1482 2616 1586 2644 νωσι
1604 2595 1657 2644 τὰ
1674 2597 1818 2643 δίκαια
1833 2597 1937 2662 παρ’
1955 2597 2168 2655 ἀλλήλων.
2190 2620 2207 2641 »
2233 2601 2300 2647 Cf.
2326 2602 2580 2646 Aristotelis
2602 2602 2661 2647 fr.
2690 2601 2745 2646 18

2095 2715 2150 2744 10

1546 2796 1752 2839 Lexicon
1788 2795 1982 2840 Rhetor.
2018 2794 2077 2838 ad
2098 2794 2284 2848 ¹calcem
2308 2795 2458 2838 Photii
2494 2811 2541 2854 p.
2567 2795 2684 2853 667,
2716 2811 2761 2842 v.

1477 2931 1675 2970 videntur.
1695 2932 1719 2970 J
1724 2942 1769 2969 us
1782 2930 1886 2969 enim
1898 2929 2122 2970 adulterum
2136 2929 2340 2970 occidendi
2354 2930 2657 2980 deprehendenti
2676 2942 2765 2971 con-

1478 2996 1615 3045 cessit;
1643 2995 1785 3046 quodsi
1823 2996 1914 3045 quis
1949 2995 2114 3035 liberam
2142 2995 2347 3035 mulierem
2380 3000 2532 3047 raperet
2557 2999 2598 3036 et
2622 2998 2703 3036 vim
2729 2998 2764 3036 ei

1478 3061 1662 3110 inferret,
1695 3060 1889 3100 mulctam
1924 3059 1961 3099 ei
2002 3061 2162 3099 centum
2197 3059 2404 3099 drachmas
2449 3061 2667 3110 constituit;
2703 3062 2762 3100 sin
2840 3106 2850 3113 ,

1479 3124 1742 3176 prostituisset
1761 3123 1959 3175 (exeeptis
1985 3123 2056 3172 iis,
2076 3134 2168 3174 quae
2181 3123 2317 3174 palam
2340 3123 2580 3174 venduntur,
2604 3125 2680 3164 hoc
2705 3127 2764 3164 est

1478 3189 1772 3238 meretricibus,
1808 3199 1899 3239 quae
1924 3188 2095 3239 pretium
2128 3188 2238 3228 danti
2268 3189 2572 3239 obsequuntur),
2613 3189 2759 3239 viginti.

1477 3253 1596 3293 Filias
1623 3252 1795 3292 vendere
1832 3263 2066 3302 sororesque
2102 3252 2325 3302 prohibuit,
2376 3252 2451 3292 nisi
2485 3263 2577 3303 quae
2604 3252 2643 3292 in
2678 3254 2762 3292 stu-

1476 3329 1548 3368 pro
1577 3318 1831 3368 deprehensae
1862 3319 2005 3357 essent.
2045 3318 2255 3372 Enimvero
2284 3317 2425 3357 rationi
2457 3321 2760 3357 consentaneum

1475 3392 1555 3420 non
1578 3383 1638 3421 est
1650 3410 1662 3430 ‚
1679 3380 1785 3420 idem
1810 3380 1962 3420 facinus
1983 3380 2101 3420 modo
2120 3381 2201 3421 acri
2221 3382 2262 3421 et
2277 3383 2455 3421 extremo
2474 3375 2668 3431 supplicio
2682 3381 2759 3431 ple·

1475 3447 1604 3494 ctere,
1628 3445 1746 3485 modo
1762 3444 1901 3485 leviter
1918 3446 1958 3484 et
1976 3444 2088 3495 quasi
2105 3456 2175 3495 per
2185 3445 2322 3495 ‚iocum
2341 3456 2593 3496 quacumque
2613 3446 2760 3485 mulcta

1475 3510 1689 3560 proposita.
1723 3509 1803 3550 Nisi
1837 3509 1938 3549 sorte
1969 3520 2058 3549 rara
2076 3510 2165 3552 tum
2185 3510 2349 3550 AtheniS
2370 3510 2757 3561 pecunia,mulctam

1475 3573 1687 3614 difficultas
1726 3573 1838 3631 numi
1870 3573 2033 3624 parandi
2062 3585 2244 3625 magnam
2271 3575 2460 3615 effecerit.
2489 3577 2587 3615 Nam
2618 3575 2657 3612 et
2693 3584 2756 3613 sa·

1474 3639 1619 3678 crificia
1641 3650 1717 3678 ove
1739 3638 2053 3689 aestimabantur,
2074 3640 2114 3679 et
2142 3650 2215 3690 pro
2238 3639 2440 3679 medimno
2467 3639 2649 3678 denarius
2684 3654 2692 3676 :
2716 3639 2755 3677 et

1473 3703 1541 3752 qui
1561 3702 1723 3741 Isthmia
1742 3702 1923 3750 vicisset,
1947 3702 1982 3742 ei
2002 3704 2162 3742 centum
2182 3703 2363 3743 denarios
2384 3702 2466 3742 dari
2482 3702 2593 3751 jussit
2612 3701 2728 3740 Solon
2741 3730 2752 3748 ,

1473 3765 1542 3816 qui
1559 3765 1763 3815 Olympia,
1781 3765 2015 3816 quingentos
2036 3780 2048 3816 ς
2072 3766 2142 3817 qui
2162 3767 2301 3817 lupum
2327 3766 2539 3814 attulisset,
2557 3764 2750 3814 quinque,

1472 3829 1540 3879 qui
1564 3829 1741 3869 catulum
1771 3829 1879 3879 lupi,
1901 3840 2050 3879 unum,
2075 3841 2245 3880 quorum
2276 3830 2352 3868 hoc
2379 3829 2484 3875 ovis,
2516 3826 2609 3867 illud
2642 3826 2751 3865 bovis

1473 3893 1641 3943 pretium
1662 3903 1747 3933 esse
1769 3894 1992 3934 Demetrius
2014 3894 2227 3934 Phalereus
2245 3894 2398 3933 asserit.

2082 3969 2124 4008 9.

1522 4049 1743 4088 Demetrius
1771 4049 1980 4090 Phalereus
1993 4050 2088 4089 dicit
2107 4065 2117 4089 ε
2139 4045 2157 4083 ἆ
2174 4046 2414 4088 Demarchos
2434 4055 2590 4094 quoque
2625 4044 2743 4084 solon

1470 4110 1659 4161 instituit,
1674 4123 1911 4163 magnopere
1928 4112 2112 4161 studens,
2142 4114 2187 4150 ut
2205 4109 2344 4160 pagani
2363 4108 2403 4146 in
2429 4107 2588 4157 singulis
2602 4107 2708 4157 pagis
2722 4119 2744 4145 a

1469 4186 1512 4215 se
1538 4176 1706 4216 invicem
1721 4177 1787 4226 jus
1803 4176 2045 4227 acciperent,
2067 4175 2219 4224 sibique
2233 4173 2384 4212 darent.
2407 4189 2423 4204 n

2074 4243 2140 4281 10.

1523 4314 1564 4350 ln
1578 4311 1733 4359 judiciis
1744 4310 1793 4350 de
1808 4311 2058 4359 εἰσαγγελίαις
2071 4307 2285 4348 sectandum
2302 4307 2576 4347 Philochorum
2593 4305 2742 4354 judice-s
