3008 4542
178 229 195 269 δ
264 230 357 269 570

258 401 333 465 μγ’
361 401 807 464 (43-τ6-Ι-32-1-5)
845 400 922 449 καὶ
954 401 1148 460 Θηὸαῒοι
1177 405 1460 451 Διοσπολῐται
1489 403 1554 468 νγ’

259 476 348 536 (53).
368 473 505 535 Ὁμοῦ
523 477 561 521 οἱ
577 473 777 535 ποιμένες
796 473 919 522 καιοὶ
940 475 1130 533 Θηὸαῖοι
1147 475 1215 539 4ς’
1241 475 1329 540 (96).
1361 479 1453 537 Qui
1474 496 1557 524 nu·

254 563 411 592 merus
432 563 596 609 regum
617 548 678 607 96
700 549 810 593 hine
826 550 876 592 in
900 551 1138 611 epilogum
1175 552 1406 611 migravit.
1435 571 1454 591 ι»
1480 552 1550 597 Cf.

256 620 386 665 Idem
414 622 508 673 ΙΙΙ,
534 637 584 681 p.
609 637 688 666 20.
715 623 776 668 At
798 623 890 667 hoc
907 623 1071 668 ludere
1095 633 1176 668 est.
1198 626 1320 669 Ante
1343 640 1390 672 v.
1418 625 1554 670 Διοσ-

254 693 430 738 πολῒται
453 695 627 739 inserui
662 692 709 751 ἤ.
754 697 901 741 Fruin
934 696 1171 755 conjecit:
1207 693 1330 742 ἄλλοι
1364 697 1554 760 βασιλεῖς

255 763 328 822 ἔτη
355 764 429 827 μγ’
452 763 526 812 καὶ
550 767 604 812 ἐν
629 769 690 830 τῇ
718 765 966 825 Θηὸαΐδι
996 771 1153 815 Διοσπ.

869 894 943 947 48.

669 1010 790 1056 SEC.
832 1011 1151 1058 EUSEBIUM.

317 1129 518 1188 Syncell.
540 1144 590 1188 p.
617 1128 695 1184 61,
712 1131 787 1173 D:
809 1125 1196 1188 Ἑπτακαιδεκάτη
1220 1132 1447 1178 δυναστεία
1468 1152 1555 1180 ποι-

252 1199 373 1262 μένες
385 1192 1160 1264 ἠσανάδελφοὶ(ἀλλόφυλοιΜονετε.
1173 1205 1389 1251 Plzoem'z.
1401 1222 1451 1268 p.
1469 1206 1549 1287 35)

253 1271 490 1326 Φοίνικες”
472 1271 576 1326 ςένοι
606 1272 819 1335 βασιλεῖς,
837 1271 877 1319 οἳ
892 1273 966 1320 καὶ
992 1274 1170 1341 Μέμφιν
1197 1269 1326 1327 εἷλον.
1370 1316 1374 1320 ⁴

316 1338 403 1393 ἵΩν
421 1348 590 1410 πρῶτος
609 1347 646 1393 Σ
660 1364 686 1391 α
701 1365 815 1403 ιτης
835 1345 1157 1395 ἐδασίλευσεν”
1108 1369 1207 1435 ...Em
1229 1350 1280 1396 ‹6‘
1283 1352 1376 1416 ,ἀφ
1379 1344 1459 1399 ὀἷ
1480 1371 1554 1400 και

249 1422 271 1466 ὃ
296 1415 459 1476 Σαίτης
487 1437 613 1480 νομος
636 1418 813 1478 ἐκλήθη,
837 1417 877 1466 οἳ
898 1419 971 1466 καὶ
1000 1422 1042 1467 ἐν
1078 1424 1139 1486 τῷ
1161 1422 1370 1489 Σεθροίτῃ
1406 1426 1420 1488 (
1439 1427 1554 1475 Σαι-

249 1488 396 1556 θροΐτῃ
423 1493 531 1538 cod.
560 1494 619 1549 B,
648 1493 707 1538 Σε
712 1487 869 1555 θρωΐτῃ
894 1495 988 1539 sch.
1014 1497 1131 1542 Plat.
1174 1514 1223 1559 p.
1254 1505 1347 1554 424
1376 1502 1523 1549 Bekk.
1528 1501 1550 1564 )

247 1582 367 1628 νομῳ
384 1562 507 1610 πόλιν
533 1561 722 1624 ἔκτισαν,
742 1564 813 1630 ἀφ’
831 1569 880 1623 ἧς
900 1564 1144 1631 ὁρμώμενοι
1164 1570 1461 1632 Αἷγυπτίους’
1441 1592 1555 1638 εχει-

249 1634 456 1700 ρώσαντο.

318 1714 358 1778 β
384 1716 528 1762 Βνῶν
549 1713 708 1776 (Βηὼν
731 1733 795 1761 m.
808 1715 872 1777 )''
849 1735 923 1775 ετη
946 1717 991 1780 μ’
1018 1718 1115 1783 (μγ’
1133 1721 1320 1786 Goar..)

315 1785 415 1851 [γ’]
443 1786 676 1852 Ἄφωφις
706 1787 779 1846 ἔτη
804 1787 872 1836 ιδ’.

313 1860 424 1909 Μεθ’
455 1859 501 1907 ὃν
521 1858 725 1925 Ἄρχλη
745 1882 763 1916 ς
787 1862 861 1921 ἔτη
883 1861 941 1912 λ’.

312 1932 506 1997 “Ομο’ὗ”
482 1953 554 1990 ετη
573 1933 657 1997 ργ’.

316 2012 442 2061 Κατὰ
463 2013 635 2068 τούτους
652 2014 902 2077 Αἰγυπτίων
924 2016 1123 2080 βασιλεὺς
1139 2020 1413 2085 (βασιλεῦσαι
1429 2026 1549 2087 conj.

245 2089 436 2134 Boeckh.
458 2104 509 2148 p.
539 2087 657 2150 230)
685 2087 847 2154 Ἰωσὴφ
869 2089 1097 2140 δείκνυται,

318 2162 563 2221 Aphophis
585 2162 632 2205 in
659 2162 892 2207 Chronico
915 2168 1046 2211 Arm.
1075 2182 1174 2211 non
1197 2171 1359 2215 tertius
1383 2180 1449 2216 est
1467 2188 1550 2218 rex

246 2235 327 2278 sed
354 2244 560 2294 quartus.
587 2236 663 2280 Sic
684 2237 820 2281 etiam
845 2238 989 2286 schol.
1013 2241 1217 2286 Platonis
1235 2251 1279 2287 et
1306 2244 1404 2304 ipse
1425 2246 1548 2305 Syn—

244 2308 385 2352 cellus
403 2323 454 2368 p.
480 2308 541 2368 69
558 2342 570 2364 ‚
598 2309 633 2354 C
654 2322 666 2355 ε
692 2306 912 2371 Τέταρτον
937 2309 1010 2356 καὶ
1030 2312 1274 2360 τελευταῖον
1305 2318 1382 2372 τῆς
1408 2315 1457 2371 ιζ’
1477 2318 1551 2363 δυ-

243 2377 441 2432 ναστείας
460 2377 652 2445 Ἄφωφιν
691 2379 899 2435 Εὐσέὸιος
927 2381 1150 2448 παρέθετο.
1186 2389 1382 2433 Accedit
1416 2393 1549 2451 quod

243 2453 376 2497 litera
395 2451 435 2514 γ’
468 2454 631 2498 abest
619 2470 668 2497 m
689 2454 797 2498 cod.
829 2458 886 2502 A.
912 2456 1066 2515 Quare
1090 2475 1139 2504 n.
1161 2460 1191 2505 l.
1230 2476 1364 2506 error
1392 2472 1459 2508 est
1488 2465 1548 2508 li-

242 2525 526 2570 brariorum.
554 2526 623 2571 Cf.
650 2527 843 2573 Boeckh.
866 2544 913 2588 p.
938 2528 1049 2576 231.

309 2598 478 2644 Euseb.
504 2598 676 2643 Chron.
698 2615 748 2658 p.
773 2615 835 2659 99
853 2616 944 2660 sq:
965 2604 1161 2648 Decima
1182 2609 1379 2665 septima
1397 2609 1548 2665 dyna-

241 2674 331 2713 stia
343 2671 607 2725 Pastorum,
634 2688 708 2731 qm
704 2669 893 2728 fratres
905 2685 1042 2718 erant
1051 2675 1301 2722 Phoenices
1312 2685 1548 2742 exterique

242 2758 374 2802 reges
385 2775 399 2798 ,
424 2753 472 2787 ec
484 2745 728 2805 Memphin
748 2758 1037 2805 occuparunt.
1059 2749 1136 2792 Ex
1152 2749 1228 2793 leis
1238 2756 1423 2810 primus
1441 2754 1546 2798 Sai-

243 2827 309 2866 tes
343 2821 585 2876 Imperavit
610 2823 745 2862 armis
771 2821 925 2875 XIX,
958 2837 988 2887 q
1010 2838 1098 2880 quo
1120 2823 1355 2870 Saitarum
1373 2843 1547 2888 quoque

243 2905 399 2933 nomos
422 2905 584 2934 nomen
605 2895 765 2938 traxit.
790 2895 825 2936 I
823 2894 943 2937 idem
980 2899 1027 2938 in
1050 2895 1276 2942 Sethroite
1305 2915 1439 2945 nomo
1462 2917 1541 2944 ur·—

242 2963 342 3014 bem
373 2964 697 3018 condiderunt,
726 2967 847 3010 unde
870 2971 1122 3013 incursione
1134 2968 1277 3028 facta
1308 2975 1547 3033 AEgyptios

231 3036 606 3094 perdomuerunt.

234 3103 238 3106 ’
306 3107 541 3151 Secundus
563 3110 722 3153 Benon
746 3107 925 3170 (Aaou,
958 3113 1169 3175 margo),
1187 3120 1322 3160 annis
1340 3118 1445 3163 XL.

306 3180 489 3224 Deinde
505 3180 631 3224 Arch
638 3183 701 3225 les
709 3216 719 3236 ,
753 3187 891 3227 annis
906 3185 1080 3229 XXX.

306 3253 553 3314 Aphopleis
575 3258 710 3297 annis
725 3256 783 3298 X
786 3257 855 3298 W
857 3290 866 3300 .

308 3326 500 3370 Summa
517 3342 738 3371 annorum
769 3329 913 3375 CIII.
932 3331 1101 3375 Horum
1127 3342 1267 3378 oetate
1286 3342 1546 3397 regnavisse

243 3403 292 3443 in
316 3402 377 3444 AE
375 3409 519 3459 gypto
541 3400 771 3460 Josephus
793 3403 980 3447 ‹idetmu

308 3474 365 3516 In
387 3470 551 3516 Vetere
567 3473 659 3517 Ch1
663 3475 799 3518 onico
821 3476 1131 3535 respondent:
1150 3479 1389 3544 Μεμφιτῶν
1403 3479 1543 3544 γενεαὶ

247 3542 283 3588 δ’
307 3541 381 3600 ἔτη
410 3542 491 3608 ργ’.
517 3544 755 3604 Syneellus
787 3562 975 3607 quoque
999 3565 1046 3608 p.
1074 3550 1159 3595 103
1177 3553 1246 3607 ,D
1290 3553 1408 3598 hanc
1437 3557 1541 3603 Eus.

243 3618 305 3676 dy
309 3618 500 3661 nastiam
517 3618 566 3660 in
583 3618 947 3664 animohabuit:
966 3638 1039 3666 και
1054 3620 1186 3668 διεδέ
1144 3640 1290 3676 εςαντο
1307 3625 1446 3670 Ταν“’
1430 3646 1441 3672 ι
1457 3645 1543 3672 ται

244 3688 434 3760 βασιλεῖς
459 3686 514 3745 δ’,
540 3685 581 3734 οἳ
599 3707 673 3734 και
707 3687 991 3737 ἐδασίλευσαν
1014 3692 1101 3738 σνδ’
1131 3694 1265 3756 (deb.
1289 3695 1418 3753 σνθ’).
1445 3702 1540 3745 Nu-

241 3777 395 3812 merus
428 3758 519 3805 σνδ’
555 3770 728 3807 temere
754 3763 1037 3824 adjungitur,
1075 3782 1219 3825 quum
1258 3770 1295 3813 is
1317 3773 1544 3829 pertineat

242 3834 301 3887 ad
333 3843 507 3893 septem
543 3849 696 3895 reges,
731 3850 849 3894 quos
883 3838 980 3896 ipse
1008 3850 1231 3884 recenset.
1266 3846 1319 3889 V.
1351 3845 1541 3892 Boeckh.

240 3921 289 3976 p.
317 3906 426 3950 232.
449 3909 505 3951 In
526 3907 712 3953 Canone
751 3913 872 3967 17¹⁰ae
902 3909 1120 3970 dynastiae
1159 3915 1444 3974 assignantur
1463 3933 1538 3965 an.

241 3979 414 4024 Abrah.
447 3980 680 4040 191-293.

308 4050 525 4098 Ceterum
541 4054 781 4112 Syncellus
793 4070 841 4115 Ρ.
858 4055 935 4112 62,
952 4056 993 4100 A
1006 4056 1320 4114 subjicithaee:
1341 4060 1538 4120 Σημειιι)μ

242 4120 334 4167 τέον
355 4125 445 4176 πῶς
469 4125 491 4169 ὁ
526 4123 734 4178 Εὖσέὸιος
769 4124 874 4189 πρὸς
893 4123 965 4171 τὸν
991 4127 1145 4174 οἷκεῖον
1168 4127 1327 4176 σκοπὸν
1351 4128 1447 4185 τοὺς
1470 4135 1544 4189 τῆς

242 4195 626 4254 ’,πεντεκαιδεκάτης
651 4197 900 4251 δυναστείας
923 4199 1043 4263 παρὰ
1069 4202 1130 4264 τῷ
1159 4200 1398 4267 Ἀφρικανῷ
1415 4222 1543 4267 φερο-

1171 221 1592 272 MANETHONJS
1626 210 2022 273 SERENNYTAE

259 329 408 386 λεῖςὲ,
429 327 714 375 ἕὸασίλευσαν
731 326 805 385 ἔτη
825 328 934 393 ρνα’.
953 327 1094 391 Ὁμου
1114 331 1152 377 οἱ
1168 329 1349 392 πομένες
1368 333 1558 395 βασιλεῖς
1634 343 1687 386 με
1676 323 1784 378 'vous
1806 324 1920 373 κατὰ
1947 325 2027 384 τὴν
2054 325 2104 383 ιζ’
2127 327 2377 378 δυναστείαν
2400 330 2618 393 γεγονέναι
2645 331 2778 396 λέγει.
2803 333 2933 384 Ἐπεὶ
2960 332 3001 402 ’,ᾗ

1632 395 1834 462 γὰρπᾶσι
1855 398 2276 466 συμπεφώνηταιᾶτι
2296 400 2368 448 ἐπὶ
2384 400 2610 469 Ἀφώφεως
2627 397 2751 471 ἧρξεν
2772 406 2935 474 Ἰωσὴφ
2963 392 3001 476 ff

1630 472 1706 526 τῆς
1725 469 1972 532 Αἰγύπτου,
1998 471 2106 533 μὴ’
2082 491 2194 537 εχων
2219 476 2415 522 ὃπωσουν
2432 474 2504 523 ἐπὶ
2530 475 2664 524 ἄλλου
2681 477 2791 533 τινὸς
2807 479 2933 528 αὐτὸν

1632 542 1926 607 παραθέσθαι,
1947 545 2168 609 μετήγαγε
2191 545 2263 594 τὸν
2288 545 2481 614 Ἄφωφιν
2507 548 2594 597 ἀπὸ
2622 553 2698 608 τῆς
2724 550 2771 599 ιε’
2797 553 2936 600 δυνα-

1632 615 1775 671 στείας
1795 619 1854 672 εἷς
1875 616 1955 676 τὴν
1993 618 2073 682 ιζ’,
2094 619 2343 675 κολοὸωσας
2369 619 2425 668 τὰ
2445 620 2520 680 ἔτη
2548 624 2680 671 αὐτοῦ
2705 624 2770 682 ξα’
2790 625 2934 693 ὓπάρ-

1632 708 1768 754 χοντα
1789 691 1846 745 εἷς
1861 690 1920 751 λ’,
1946 691 2002 739 τὰ
2026 691 2070 739 δὲ
2086 696 2163 750 τῆς
2185 692 2288 750 ὅλης
2313 694 2565 750 δυναστείας
2585 697 2676 761 ρνα’
2699 697 2764 762 ργ’
2789 717 2932 765 παρα·
2960 698 2965 710 ”

1631 761 1736 821 θεὶς,
1756 761 1831 810 καὶ
1853 763 1949 811 ἀντὶ
1968 766 2054 811 τῶν
2074 763 2117 821 ἓξ
2146 764 2405 830 βασιλέων““
2382 766 2419 814 ο’
2445 766 2610 829 μόνους.
2632 770 2743 826 Quae
2761 787 2820 818 ue
2834 788 2936 819 cre-

1631 836 1822 900 damus,
1851 839 1925 884 vel
1947 854 2143 900 sequens
2166 839 2478 902 fragmentum
2499 843 2714 904 impedit.

2242 957 2321 1012 49·

1696 1054 1854 1102 Schol.
1881 1057 2065 1104 Platon.
2094 1073 2144 1118 Ρ.
2165 1062 2257 1112 424
2278 1060 2426 1104 Bekk.
2455 1059 2723 1126 ·Σαί’τικός]
2746 1061 2830 1111 Ἐκ
2848 1065 2936 1112 τῶν
3001 1027 3007 1031 ⁴

1630 1123 1820 1172 Μανεθὼ
1838 1128 2165 1188 Αἰγυπτιακῶν.
2179 1127 2566 1190 Ἓπτακαιδεκάτη
2581 1133 2810 1182 δυναστεία
2823 1128 2936 1196 ἦσαν
2997 1135 3004 1154 ²

1631 1196 1807 1272 ἀδελφοὶ
1843 1198 2045 1253 Φοίνικες
2069 1198 2175 1256 ξένοι
2197 1204 2409 1266 βασιλεῖς,
2429 1203 2471 1251 οἳ
2494 1203 2568 1251 καὶ
2591 1204 2770 1272 Μέμφιν
2803 1200 2954 1268 εἶλον,

1630 1273 1688 1317 ὧν
1714 1290 1882 1336 πρωτος
1910 1268 2118 1331 Σαιτης
2154 1273 2488 1323 ἓὸασίλευσεν”
2463 1296 2538 1335 ετη
2569 1278 2620 1325 ιθ’
2627 1279 2748 1346 ,ἀφ’
2781 1273 2831 1328 ου
2859 1281 2935 1330 καὶ

1632 1344 1832 1405 ὃΣαΐεης
1844 1345 1971 1409 νομὸς
1987 1347 2166 1407 ἔκληθη·
2154 1347 2220 1396 ·οἳ
2234 1349 2344 1396 καὶ’
2326 1369 2368 1397 εν
2385 1369 2446 1416 τῳ
2464 1349 2686 1417 Σεθρωιτῃ
2702 1354 2793 1417 (sic)
2814 1358 2935 1423 νομῷ
2964 1380 2978 1420 .'
3002 1366 3008 1386 ‘³

1631 1416 1811 1465 πόλιν”
1788 1438 1960 1466 εκτισαν
1966 1419 2060 1486 ,ἀφ’
2084 1424 2135 1478 ἡς
2174 1419 2421 1485 ὁρμώμενοι
2450 1422 2714 1487 Αἰγυπτίους
2747 1425 2928 1492 ἔχειρώ·
2975 1423 3008 1470 ἶ

1631 1509 1776 1539 σαντο.
1801 1490 2007 1558 Δεύτερος
2027 1494 2167 1541 αὐτῶν
2180 1494 2218 1542 Β
2229 1497 2326 1543 νῶν
2337 1494 2411 1553 ἔτη
2425 1494 2489 1559 μ’,
2500 1495 2640 1561 τρίτος
2657 1497 2706 1546 Ἀ
2719 1517 2742 1563 ρ
2750 1517 2820 1564 χα
2835 1518 2858 1564 ρ
2873 1518 2901 1558 η
2915 1520 2937 1554 ς
2971 1523 2973 1525 ·
3004 1515 3008 1552 1

1634 1564 1738 1627 (scr.
1752 1562 2054 1629 Αρχλης)ἔτη
2074 1565 2116 1614 λ’
2118 1566 2351 1634 ,τέταρτος
2358 1564 2690 1634 ’Ἀφωφιςέτη
2710 1570 2781 1622 ιδ’.
2794 1571 2934 1633 Ὁμου
2968 1574 2969 1577 ’
3004 1580 3008 1624 i

1631 1637 1712 1703 ργ’.
1738 1636 1794 1686 ‘O
1808 1638 1852 1685 δὲ
1874 1636 2039 1697 Σαΐτης
2060 1639 2299 1704 προσέθηκε
2316 1645 2378 1707 τῶ
2401 1640 2550 1704 μηνὶ“
2519 1661 2632 1708 ωρας
2653 1642 2710 1690 ‹6'
2714 1647 2807 1703 ,ὣς
2825 1638 2936 1694 εἶναι
2963 1685 2967 1692 .

1628 1713 1802 1776 ἡμερῶν
1819 1711 1876 1770 λ’,
1911 1711 1986 1758 καὶ
2022 1714 2084 1776 τῷ
2108 1714 2290 1778 ἐνιαυτῷ
2314 1713 2482 1781 ἡμέρας
2506 1713 2550 1768 ς’
2586 1714 2666 1780 (ε),
2691 1715 2767 1764 καὶ
2785 1715 2934 1782 γέγονε
2968 1715 2970 1719 ’
3003 1747 3006 1780 1

1631 1786 1803 1847 ἡμερῶν
1823 1782 1910 1838 τξέ.
3004 1830 3005 1851 γ

1693 1857 1833 1902 Vides
1851 1859 2143 1903 scholiastam
2173 1860 2337 1905 eadem
2360 1861 2500 1920 plane
2519 1861 2687 1908 afferre
2707 1879 2810 1923 quae
2833 1866 2934 1910 Eu-
2964 1895 2971 1911 2
3004 1915 3005 1919 ,

1627 1929 1808 1974 sebium
1838 1939 1884 1975 et
1911 1941 2134 1991 praeterea
2162 1932 2337 1978 addere
2361 1933 2491 1977 aliud
2523 1935 2766 1993 quoddam
2801 1939 2935 1997 quod

1627 2002 1856 2048 Eusebius
1866 2019 1965 2049 non
1978 2005 2138 2053 habet.
2158 2006 2308 2066 Igitur
2323 2006 2439 2050 nihil
2454 2004 2589 2050 finxit
2599 2008 2835 2065 Eusebius,
2850 2010 2933 2056 sed

1627 2090 1683 2120 ex
1703 2076 1862 2122 eadem
1879 2079 2032 2123 hausit
2057 2080 2329 2123 recensione
2353 2079 2668 2138 dynastiarum
2684 2082 2932 2129 Manetho-

1626 2149 1871 2194 nianarum
1884 2184 1897 2206 ,
1918 2166 2059 2210 quam
2076 2152 2320 2196 scholiasta
2336 2151 2567 2200 adhibuit.
2594 2154 2802 2199 Eandem
2822 2166 2930 2202 ante

1628 2216 1789 2260 oculos
1810 2216 1975 2261 habuit
2010 2217 2312 2275 Panodorus,
2338 2233 2363 2262 e
2387 2232 2510 2277 equo
2545 2219 2783 2279 Syncellus
2802 2236 2932 2269 suam

1625 2301 1790 2348 regum
1811 2290 1974 2334 seriem
1998 2289 2152 2346 affert;
2173 2305 2282 2334 nam
2295 2289 2498 2334 vidimus
2519 2290 2774 2350 dynastiam
2801 2292 2931 2338 deci-

1626 2375 1751 2405 mam
1772 2371 1947 2406 sextam
1972 2361 2157 2407 Eusebii
2175 2371 2217 2407 et
2233 2363 2435 2422 Syncelli
2465 2362 2635 2408 eodem
2667 2363 2812 2410 modo
2837 2380 2932 2412 esse

1626 2432 1918 2479 adornatam.
1953 2437 2127 2481 Verum
2154 2436 2204 2479 in
2221 2435 2335 2495 dyn.
2355 2436 2491 2480 XVII
2514 2436 2792 2482 Panodorus
2814 2439 2929 2484 reli-

1624 2506 1726 2566 quit
1742 2506 2074 2551 Manethonem
2086 2523 2238 2563 suum,
2253 2508 2342 2552 alia
2358 2523 2413 2552 ex
2427 2509 2707 2554 Manethone
2719 2511 2746 2555 J
2749 2512 2927 2572 osephi,

1623 2579 1711 2624 alia
1727 2581 1954 2625 nescimus
1971 2581 2099 2625 unde
2115 2596 2362 2626 assumens.
2385 2581 2690 2627 Panodorum
2703 2586 2931 2644 excerpsit

1623 2651 1889 2714 Syncellus3
1913 2654 1940 2697 J
1944 2654 2170 2714 osephum
2193 2669 2294 2698 non
2315 2654 2457 2714 legit;
2482 2654 2522 2698 si
2552 2653 2611 2699 de
2645 2656 2928 2703 Manethone

1622 2724 1849 2784 loquitur,
1880 2725 2211 2786 intelligendus
2245 2734 2312 2770 est
2334 2725 2661 2783 Panodoreus,
2686 2743 2785 2772 non
2813 2744 2927 2775 vero

1621 2797 1829 2842 Africani
1847 2799 1922 2842 vel
1938 2799 1965 2842 J
1969 2798 2156 2857 osephi;
2181 2798 2266 2842 etsi
2295 2798 2393 2858 ipse
2417 2798 2657 2856 Syncellus
2691 2814 2750 2843 ne
2769 2802 2928 2860 suspi-

1622 2878 1750 2915 catus
1779 2871 1971 2930 quidem
1991 2886 2085 2916 esse
2108 2870 2312 2926 videtur,
2341 2871 2468 2914 hunc
2501 2869 2739 2934 Panodori
2761 2873 2926 2918 Mane-

1621 2942 1814 2987 thonem
1836 2945 1974 3003 plane
1995 2943 2228 2988 diversum
2246 2958 2338 2987 esse
2363 2943 2420 2986 ab
2445 2958 2502 2986 eo
2526 2958 2666 3002 quem
2681 2943 2927 2991 Africanus
2972 2975 2973 2978 =

1619 3016 1846 3074 sequitur.
1875 3018 1988 3060 Tam
2010 3016 2149 3075 plena
2170 3024 2278 3059 sunt
2300 3015 2457 3059 omnia
2480 3015 2780 3061 confusionis.

1687 3087 1925 3146 Syncellus
1949 3104 1999 3147 p.
2037 3093 2123 3140 104
2139 3122 2151 3144 ,
2174 3096 2424 3147 postquam
2457 3087 2639 3132 dixerat
2677 3103 2725 3132 se
2755 3088 2815 3134 de
2836 3091 2926 3135 Pa-

1620 3167 1797 3203 storum
1821 3162 2114 3220 temporibus
2136 3161 2274 3205 malle
2311 3161 2338 3203 J
2342 3160 2569 3219 osephum
2608 3162 2740 3220 sequi
2782 3176 2926 3221 quam

1622 3233 1957 3278 Manethonem
1990 3234 2166 3296 (nescit
2202 3234 2277 3277 vel
2308 3249 2407 3277 non
2441 3242 2626 3293 reputat
2669 3235 2924 3295 Josephum

1621 3320 1811 3364 quoque
1855 3322 1935 3351 sua
1968 3322 1994 3351 e
2038 3306 2321 3351 Manethone
2367 3306 2646 3366 depromere
2667 3305 2711 3368 ),
2757 3322 2923 3368 regum

1620 3380 1811 3422 nomina
1837 3389 2046 3424 recenset
2059 3380 2158 3424 haec
2184 3393 2196 3426 :

1687 3464 1722 3498 1
1761 3447 1831 3502 κς’
1868 3448 2200 3507 Σιλίτηςέτη
2230 3449 2280 3498 ιθ’
2301 3451 2469 3515 πρῶτος
2486 3449 2627 3505 τῶνς’
2655 3449 2748 3515 (ζ’)
2773 3452 2850 3508 τῆς
2870 3448 2919 3506 ιζ’

1620 3521 1870 3575 δυναστείας
1891 3520 2012 3586 παρὰ
2036 3525 2224 3588 Μανεθῷ
2231 3559 2676 3572 .........
2746 3539 2789 3572 10

1684 3610 1719 3641 2-
1755 3595 1820 3649 κζ’
1860 3594 2033 3642 Βαίων
2075 3593 2150 3651 ἔτη
2193 3595 2265 3657 μδ’
2273 3630 2671 3645 ........
2744 3610 2788 3643 44

1685 3683 1721 3715 3.
1748 3665 1818 3724 κη’
1855 3666 2075 3731 Ἀπαχνᾶς
2099 3666 2175 3724 ἔτη
2206 3666 2277 3720 λς’
2283 3701 2673 3716 ........
2744 3683 2788 3716 3⁶

1685 3757 1721 3789 4.
1760 3738 1825 3787 κθ’
1860 3737 2051 3805 Ἄφωφις
2085 3739 2159 3798 ἔτη
2197 3738 2261 3794 Eo(
2269 3774 2675 3790 .........
2744 3757 2783 3789 61

1685 3830 1723 3862 5.
1776 3813 1816 3860 λ’
1875 3814 2019 3867 Σέθως
2064 3812 2137 3870 ἔτη
2180 3811 2214 3858 ν’
2219 3846 2674 3861 ..........
2743 3830 2787 3862 50

1679 3901 1715 3933 6.
1742 3884 1814 3931 λα’
1853 3884 2036 3950 Κήρτως
2059 3884 2133 3942 ἔτη
2151 3884 2216 3931 κθ’
2221 3918 2671 3930 ..........
2742 3902 2784 3934 2⁹

1863 3957 1975 4004 κατὰ
1995 3957 2039 4004 δὲ
2059 3956 2130 4003 τὸν
2157 3959 2346 4005 Μανεθῶ
2366 3956 2441 4016 ἔτη
2464 3958 2535 4020 μδ’

1685 4046 1721 4078 7.
1751 4028 1820 4076 w
1859 4027 1999 4086 Ἀσὴθ’
2020 4028 2096 4087 ἔτη
2117 4028 2158 4076 κ’
2162 4063 2671 4079 ...........
2741 4046 2784 4077 20

2723 4133 2787 4164 259

1686 4196 1823 4259 Οῧτος
1846 4203 2084 4268 προσέθηκε
2117 4206 2200 4252 τῶν
2223 4206 2425 4252 ἐνιαυτῶν
2447 4203 2523 4258 τὰς
2555 4204 2586 4251 ε’
2620 4203 2911 4284 ἐπαγομένας,
