3016 4628
250 291 335 329 150

219 390 310 436 τεία
349 386 460 434 κατὰ
496 385 664 452 μόριον·
706 386 799 434 ἀντὶ
836 384 922 451 γὰρ
954 388 1038 433 τῶν
1076 385 1307 450 φυλάρχων
1342 382 1500 447 βουλὴν

217 461 444 517 ἐποίησαν·
462 461 519 512 εἷς
543 458 587 505 δὲ
613 457 690 516 τὴν
711 458 914 508 Ἡλιαίαν
947 457 1186 520 ἐπάναγκές
1206 460 1317 504 ἐστιν
1342 456 1402 502 ἔτι
1422 458 1506 501 τῶν

218 535 262 579 ἐν
292 535 353 597 τῷ
376 530 659 592 πολιτεύματι
686 531 872 596 βαδίζειν
891 530 967 584 τὰς
991 530 1150 594 ἀρχὰς,
1171 528 1274 576 ὅταν
1307 526 1505 600 {tuq-mpi-

219 608 345 663 ζηται
365 601 481 668 ἀρχή
505 621 584 657 τις·
618 603 895 668 ὀλιγαρχικὸν
921 601 965 650 δὲ
1001 603 1075 649 καὶ
1099 605 1121 648 ὁ
1152 602 1296 665 ἄρχων
1321 603 1342 646 ὁ
1375 602 1432 651 εἱς
1457 602 1508 654 ἦν

220 679 262 723 ἐν
287 679 340 737 τῇ
363 674 561 737 πολιτείᾳ
585 674 723 740 ταύτῃ
740 695 749 705 ·
770 679 997 739 πανταχοῦ
1017 673 1099 737 γὰρ
1122 673 1192 719 διὰ
1222 672 1272 719 τὸ
1309 670 1453 717 ἄνισον
1480 672 1506 725 ἡ

219 748 382 803 στάσις.
407 750 558 795 Verba
585 746 797 810 ἐπάναγκ.
824 750 938 794 ἐστιν
963 745 1025 793 ἔτι
1050 748 1133 792 τῶν
1164 746 1199 793 ἐ.
1226 763 1268 790 τ.
1295 763 1341 789 π.
1365 746 1408 805 β.
1430 759 1508 787 va-

218 825 292 867 rio
337 821 482 866 modo
515 823 811 881 interpretati
845 830 952 866 sunt
992 821 1082 862 viri
1121 819 1168 862 d.
1208 816 1313 862 vid.
1340 824 1510 874 praeter

218 897 412 940 Aristot.
431 896 705 953 intrepretes
720 894 1068 946 Sclmeiderum,
1088 892 1282 943 Con-aen,
1300 887 1510 932 Goettlin-

218 970 371 1028 gium,
395 968 645 1021 Hilarium,
671 967 902 1011 Stahrium
920 998 932 1019 ,
956 966 1159 1007 Kortam
1187 967 1200 1016 (
1227 963 1323 1004 Zm
1345 957 1507 1002 Gesclt.

220 1040 330 1083 hell.
351 1037 618 1097 Seaatsverf.
645 1055 693 1098 p.
725 1055 741 1082 1
758 1037 866 1099 18),
892 1037 1074 1080 Miiller.
1096 1036 1206 1079 Dor.
1228 1035 1299 1087 ΙΙ,
1323 1047 1369 1089 p.
1400 1029 1506 1084 156,

221 1112 332 1158 coll.
356 1112 675 1157 WVachsmuth.
702 1113 890 1168 Atztiqq.
919 1110 1042 1163 1,2‚
1070 1122 1117 1165 p.
1145 1104 1235 1164 933
1260 1104 1507 1146 sittmann.

220 1181 487 1240 S·tactt.⁵‹·e1f.
515 1200 564 1243 p.
591 1188 703 1243 492.

288 1253 359 1311 II,
385 1262 408 1308 l.
428 1290 440 1312 ,
471 1257 561 1300 13:
586 1254 697 1300 ’m
724 1252 842 1316 εἴπερ
863 1252 926 1297 δεῖ
947 1248 1174 1311 δημοσίους
1199 1252 1307 1292 εἶναι
1335 1243 1430 1296 τοὺς
1451 1241 1506 1289 τὰ

221 1323 341 1372 κοινὰ
363 1325 689 1388 ἐργαζομένους,
713 1326 756 1371 δε
739 1321 985 1385 εἷκαθάπερ
1011 1324 1052 1368 ἐν
1079 1318 1337 1382 Ἐπιδάμνῳ
1361 1315 1508 1362 τεκαὶ

227 1401 284 1450 ὡς
322 1398 556 1463 Διόφαντός
596 1416 698 1444 ποτε
735 1393 1043 1447 κατεσκεύαζεν
1087 1390 1315 1449 Ἀθηνησι,
1357 1408 1506 1436 τουτον

221 1468 333 1533 ἔχειν
359 1470 430 1516 τὸν
450 1469 621 1533 τρόπον.
647 1473 700 1515 V.
725 1471 908 1515 Miiller.
927 1469 959 1512 l.
983 1469 1014 1511 l.
1042 1483 1090 1526 p.
1118 1483 1198 1523 27.

566 1577 582 1638 [
600 1572 1115 1624 ΑΠΟΛΛΩΝΙΑΤΩΝ.
1133 1571 1154 1632 ]

782 1680 859 1743 [14
874 1679 939 1743 1·]

294 1778 506 1838 [Aristot.
536 1779 634 1822 Pol.
663 1779 749 1833 IV,
779 1778 832 1838 3,
872 1777 899 1821 8
929 1794 940 1820 z
975 1775 1051 1822 Ἐν
1091 1771 1356 1836 Ἀπολλωνίᾳ
1385 1775 1438 1836 τῇ
1464 1774 1508 1818 ἐν

219 1850 280 1913 τῷ
306 1848 438 1912 Ἰονίῳ
462 1850 534 1895 καὶ
555 1851 597 1894 ἐν
618 1848 799 1913 Θήρᾳ...
829 1850 871 1894 ἐν
891 1850 984 1900 ταῖς
1002 1849 1146 1909 τιμαῖς
1171 1838 1281 1902 ἦσαν
1303 1846 1342 1891 οἱ
1361 1843 1510 1908 διαφέ·

223 1939 363 1985 ροντες
401 1920 497 1967 κατ’
536 1920 746 1982 εὐγένειαν
788 1920 875 1992 καὶ.
903 1922 1064 1984 πρῶτοι
1098 1917 1391 1982 κατασχόντες
1428 1917 1508 1971 τὰς

220 1994 443 2051 ἀποικίας,
467 1992 599 2055 ὀλίγοι
624 1993 739 2047 ὄντες
758 1993 977 2055 πολλῶν.]
998 1996 1055 2038 V.
1078 1993 1264 2040 Mulier.
1290 1994 1404 2036 Dor.
1430 1993 1477 2037 II
1493 2024 1506 2049 ,

220 2083 266 2126 p.
297 2066 402 2112 156.

703 2148 1010 2196 ΜΗΛΙΕΩΝ.

806 2249 913 2296 142.

280 2345 445 2388 Suiclas
471 2360 506 2388 5.
535 2361 576 2388 v.
616 2345 716 2391 Τῶν
756 2341 970 2408 φιλτάτων
1011 2340 1064 2388 τὰ
1108 2335 1292 2407 φίλτατα
1318 2358 1331 2390 z
1358 2340 1507 2399 Φησὶν

219 2414 509 2478 Ἀριστοτέλης
556 2417 598 2461 ἐν
643 2418 696 2480 τῇ
733 2415 940 2474 Μηλιέων
979 2414 1176 2482 πολιτείᾳ
1215 2414 1311 2470 τοὺς
1350 2416 1510 2469 παῖδας

216 2487 397 2548 γυμνοὺς
427 2486 614 2552 ἐκφέρειν
642 2488 697 2550 (l.
731 2487 998 2553 περιφέρειν)
1034 2487 1188 2554 μέχρις
1214 2490 1318 2534 ἐτῶν
1350 2488 1408 2541 ις’
1434 2487 1508 2534 καὶ

217 2562 464 2622 καταφιλεῖν
483 2559 630 2614 αὐτοὺς
651 2562 692 2607 ἐν
717 2566 801 2614 τοῖς
825 2560 1095 2623 συμποσίοις.

287 2633 353 2678 Cf.
373 2636 510 2681 prov,
532 2636 739 2680 Vatican.
762 2636 980 2695 Append.
998 2638 1079 2692 IV,
1109 2635 1135 2681 5
1163 2632 1377 2692 εΜηλίοις
1393 2635 1508 2680 ἀνεῖ-

221 2706 289 2748 λεν
314 2706 335 2748 ὂ
368 2704 480 2761 Θεὸς,
519 2707 651 2771 φιλεῖν
676 2709 759 2752 τῶν
790 2706 1004 2772 φιλτάτων
1030 2705 1084 2752 τὰ
1108 2705 1318 2772 φίλτατα·
1356 2703 1509 2769 μέχρις

219 2767 332 2820 οὖν’
315 2779 417 2822 ετῶν
443 2777 544 2823 δέκα
572 2776 611 2832 ες
641 2778 705 2841 (δ’
736 2778 762 2835 ἢ
794 2778 859 2832 ς’.
851 2778 892 2843 ἶ))
920 2799 1104 2841 γυυ.νου-ς
1128 2777 1376 2844 περιέφερον
1409 2797 1508 2832 τους

221 2848 396 2906 παῖδας,
418 2868 489 2894 και
514 2850 799 2915 κατεφίλουν
782 2871 823 2897 εν
850 2851 1072 2914 Ὀλυμπία
1107 2851 1182 2916 (9).

285 2923 376 2966 Res
426 2924 646 2967 obscurae.
715 2923 960 2980 Μηλιέων
1021 2923 1301 2983 πολιτεία,

221 2994 371 3039 Suidae
393 3011 437 3055 p.
468 2996 560 3039 828
585 2997 660 3041 ed.
687 2999 976 3058 Bernhardy.

1358 2926 1508 2986 glossa

273 3133 322 3170 Et
340 3132 541 3181 Epidamni
554 3135 707 3172 mutata
726 3137 785 3173 est
799 3135 1025 3184 reipublicae
1043 3136 1367 3176 administrandae
1382 3138 1509 3184 torma
1552 3188 1554 3191 Ι

221 3206 268 3234 ex
287 3198 397 3245 parte
419 3195 605 3245 quadam.
623 3200 722 3236 Nam
741 3208 811 3247 pro
830 3199 1055 3248 phylarchis
1071 3204 1251 3239 senatum
1267 3200 1323 3239 sic
1340 3200 1507 3250 popula—

222 3269 305 3298 rem
325 3259 509 3298 fecerant.
535 3262 578 3298 ln
596 3260 783 3299 lieiioeam
803 3273 896 3301 vero
915 3263 963 3312 (i.
983 3274 1019 3303 e.
1049 3267 1095 3303 in
1114 3265 1253 3315 βουλῆς
1271 3266 1398 3303 istius
1415 3274 1507 3303 con·

221 3327 382 3371 mones,
399 3326 462 3362 uti
484 3323 676 3374 videtur)
699 3336 854 3366 necesse
875 3328 1005 3367 adhuc
1025 3331 1131 3373 erat,
1159 3331 1206 3368 ut
1221 3340 1272 3368 ex
1302 3328 1508 3368 nobiliori-

223 3388 298 3428 bus
319 3387 473 3426 civibus
490 3388 537 3435 ii,
563 3388 631 3437 qui
652 3390 880 3438 magistratu
907 3393 1187 3442 fungebantur,
1204 3404 1245 3432 se
1260 3393 1508 3443 conferrent,

219 3451 381 3502 quando
396 3452 537 3501 aliquis
552 3453 801 3501 magistratus
814 3454 853 3492 in
867 3455 1067 3494 demortui
1077 3457 1211 3496 locum
1231 3457 1419 3507 suffragio
1434 3457 1510 3497 suf-

221 3515 413 3556 ficiendus
430 3519 529 3556 erat.
546 3517 780 3566 Oligarchiae
799 3521 931 3558 autem
945 3522 1207 3562 conveniebat
1227 3523 1348 3562 etiam
1363 3525 1510 3573 praetor

219 3591 290 3619 seu
318 3580 467 3619 archon
494 3591 598 3619 unus
617 3580 655 3619 in
681 3581 754 3619 hac
779 3583 978 3632 republica
1008 3596 1018 3622 z
1048 3584 1196 3636 ubique
1221 3587 1326 3626 enirn
1352 3588 1510 3638 propter

220 3645 532 3696 inaequalitatem
546 3645 684 3685 seditio
703 3647 841 3688 oritur.

270 3711 419 3757 Quodsi
446 3711 623 3761 publicos
643 3723 776 3750 servos
798 3723 881 3752 esse
912 3716 1066 3764 oportet
1081 3727 1170 3767 eos,
1195 3720 1262 3768 qui
1282 3719 1510 3759 communia

220 3776 385 3815 artificia
400 3778 606 3822 exercent,
627 3776 745 3815 debet
762 3777 835 3816 hoc
853 3778 907 3817 ita
924 3790 966 3818 se
982 3780 1126 3820 habere
1145 3784 1190 3822 ut
1216 3784 1448 3833 Dyrrhachii
1469 3786 1510 3824 et

220 3841 266 3882 ut
293 3840 507 3890 aliquando
521 3839 767 3890 Diophantus
783 3841 944 3881 Athenis
958 3843 1143 3885 instituit.

527 3919 1198 3988 [APOLLONJATARUM.]

796 4014 890 4066 [141
908 4015 935 4068 >]

271 4080 338 4132 [tn
362 4082 563 4131 Apollonia
583 4082 631 4120 ad
668 4093 775 4122 mare
795 4083 970 4122 lonicum
994 4084 1067 4124 sita
1083 4088 1123 4125 et
1143 4086 1181 4125 in
1203 4088 1330 4127 Thera
1355 4090 1509 4130 honori-

223 4144 296 4182 hns
314 4144 511 4194 poliebant
527 4146 597 4195 qui
619 4147 858 4195 praestabant
879 4147 1084 4187 nobilitate
1098 4178 1108 4197 ,
1133 4151 1279 4200 quique
1304 4153 1418 4200 primi
1440 4165 1507 4193 co-

223 4207 348 4246 lonias
367 4212 629 4259 occuparant,
649 4211 761 4259 pauci
780 4211 834 4249 ilii
857 4211 956 4250 inter
974 4213 1161 4263 muu‹›s.]

1081 276 1502 326 ARISTOTELIS
1538 275 1950 324 FRAGMENTA.

1574 3974 1755 4002 -uxornm
1783 3963 2079 4012 mtirmitatem‚
2103 3961 2171 4002 aiii
2199 3961 2319 4001 rimas
2342 3962 2592 4012 navigiorum
2619 3962 2891 4018 praetexentes

1571 4091 1790 4130 uterentur
1806 4090 1998 4141 navigiis,
2017 4089 2349 4140 senunarumque
2348 4089 2524 4140 imperio
2538 4101 2695 4142 semper
2711 4092 2824 4156 suble
2871 4082 2891 4137 s

2181 379 2286 432 143.

1649 456 1785 499 Phot.
1820 456 1934 498 Lex.
1962 467 2012 510 p.
2039 449 2153 505 594,
2178 466 2248 509 9·
2277 447 2344 496 Γὸ
2369 450 2658 507 Μηλιακον
2678 455 2878 503 πλοῖον·

1582 528 1707 570 τοῦτο
1731 522 1801 569 ἐπὶ
1821 525 1904 568 τῶν
1930 522 2155 583 (παλαιων
2181 520 2256 567 καὶ
2279 522 2389 570 add.
2412 522 2656 584 Suidas)’'
2627 543 2736 588 αγαν
2764 526 2879 592 ῥεόν·

1583 614 1668 641 των
1712 593 1873 641 πλοίων
1914 592 2001 639 ἀπὸ
2038 591 2230 656 ιστορίας
2263 591 2376 646 τινὸς
2424 592 2614 655 εἴρηται·
2652 615 2759 658 φησι
2797 597 2882 663 γὰρ

1584 666 1876 730 Ἀριστοτέλης
1929 663 2141 722 Ἱππότην
2190 666 2249 717 εἰς
2302 664 2506 712 ἀποικίαν
2551 669 2565 730 (
2590 668 2729 716 οἰκίαν
2773 676 2879 720 Vat.
2865 708 2893 720 ..

1583 742 1722 786 Prov.
1738 740 1751 800 )
1768 736 2050 800 στελλόμενον
2066 737 2152 790 τοῖς
2169 735 2230 797 μὴ
2251 737 2518 802 βουληθεῖσιν
2533 741 2651 787 αὐτῶ
2668 745 2882 805 συμπλεῖν

1583 809 1929 899 καταράσασθαι·
1956 808 2103 867 ἐπειδὴ
2129 808 2212 874 γὰρ
2229 810 2617 876 προφασιζόμενοι,
2641 815 2680 860 οἱ
2704 814 2783 877 μὲν
2805 819 2882 871 τὰς

1583 885 1789 944 γυναῖκας
1810 883 1952 936 αὐτοῖς
1977 883 2316 947 ἀρρωστεῖν,οἱ
2349 881 2394 930 δὲ
2418 881 2474 930 τὰ
2497 885 2628 936 πλοῖα
2657 889 2768 978 §5³¹3
2795 907 2882 937 κα-

1583 974 1627 1000 τε
1619 955 1784 1016 ’μενον,
1811 953 2095 1019 κατηράσατο
2121 954 2231 1016 μήτε
2263 956 2396 1003 πλοῖα
2422 957 2611 1021 στεγανὰ
2635 961 2779 1015 αὐτοῖς
2809 980 2880 1024 γε·
2885 1005 2892 1011 ,

1583 1027 1729 1075 νέσθαι
1750 1026 1855 1074 ποτὲ
1881 1027 1957 1074 καὶ
1980 1027 2062 1074 ὑπὸ
2104 1048 2189 1075 των
2209 1031 2424 1090 γυναικῶν
2448 1035 2700 1095 κρατεῖσθαι
2725 1033 2809 1082 ἀεί.

1651 1102 1828 1146 Eadem
1867 1102 2082 1159 brevius,
2121 1104 2258 1147 missa
2307 1104 2574 1150 Aristotelis
2615 1109 2880 1167 mentione,

1583 1175 1747 1220 Suidas
1780 1190 1826 1221 v.
1868 1171 2123 1232 Μηλιακόν,
2158 1177 2376 1235 Apostol.
2413 1178 2559 1225 Prov.
2603 1179 2748 1237 XIX,
2791 1181 2881 1243 89;

1582 1248 1722 1293 Prov.
1741 1250 1842 1293 Vat.
1859 1248 2078 1307 Append.
2103 1250 2192 1304 IV,
2216 1253 2259 1301 4.
2281 1249 2430 1294 Aliter
2451 1251 2731 1312 Diogenian.
2754 1255 2881 1312 VIII,

1587 1320 1725 1380 31‚p.
1746 1320 1839 1364 310
1861 1320 1971 1368 edd.
1993 1323 2051 1368 L.
2072 1329 2118 1366 et
2133 1322 2273 1368 Schn.
2294 1335 2306 1368 :
2326 1319 2391 1368 Τὸ
2407 1322 2472 1368 Μ.
2492 1322 2569 1370 πλ.
2583 1321 2653 1370 ἐπὶ
2669 1327 2753 1371 τῶν
2771 1323 2885 1389 ἄγαν

1586 1390 1764 1458 ῥεόντων
1790 1390 1969 1440 πλοίων.
1997 1391 2320 1456 Κατηρήσαντο
2339 1391 2422 1458 γὰρ
2445 1395 2782 1456 Λακεδαιμόνιοι
2801 1417 2885 1459 μη-

1586 1463 1737 1511 δέποτε
1761 1462 1918 1528 στεγνὰ
1942 1463 1997 1511 τὰ
2022 1467 2154 1511 πλοῖα
2177 1462 2364 1527 Μηλίων
2385 1463 2583 1527 γενέσθαι
2597 1486 2607 1496 ·
2627 1466 2888 1533 παραὸάται.

1583 1536 1686 1603 γάρ.
1714 1540 1988 1584 Leutschius
2005 1540 2036 1586 l.
2058 1540 2092 1587 l.
2111 1539 2272 1585 laudat
2285 1541 2503 1601 Kriegkii
2522 1538 2702 1590 dissert.
2720 1558 2882 1606 geogr,

1583 1613 1654 1656 De
1673 1613 1936 1660 Maliensib.
1962 1629 2009 1673 p.
2041 1613 2114 1660 16.
2143 1615 2215 1658 De
2237 1615 2476 1673 Hippote,
2495 1613 2644 1660 Aleta!
2668 1617 2886 1676 Corinthi

1585 1685 1848 1730 conditoris
1879 1695 2042 1746 patre,
2081 1702 2177 1732 una
2214 1702 2320 1731 cum
2355 1687 2619 1733 Heraclidis
2652 1689 2703 1733 in
2741 1691 2883 1736 Pelo-

1582 1773 1845 1817 ponnesum
1864 1758 2140 1817 trajiciente,
2160 1775 2207 1807 V.
2230 1758 2515 1820 Apollodor.
2536 1762 2601 1817 11,
2631 1760 2682 1818 8,
2709 1762 2767 1820 33
2791 1761 2884 1808 Co-

1583 1846 1700 1878 non.
1744 1831 1836 1892 263
1876 1833 2072 1876 Pausan.
2108 1833 2180 1888 ΙΙ,
2222 1837 2279 1891 4,
2310 1831 2355 1880 3.
2380 1834 2478 1891 III,
2521 1833 2608 1890 13,
2638 1833 2691 1892 33
2733 1836 2881 1882 schol.

1583 1905 1819 1952 Theocrit.
1845 1906 1908 1962 V,
1936 1904 2231 1962 833Miiller.
2263 1906 2378 1954 Dor.
2412 1908 2461 1963 Ι,
2498 1922 2551 1967 p.
2580 1906 2660 1964 84,
2694 1913 2885 1962 124.—

1583 1978 1846 2036 Quamnam
1863 1978 2097 2022 coloniam
2113 1976 2385 2028 Aristoteles
2399 1979 2697 2036 intellexerit,
2714 1981 2884 2030 obscu-

1582 2066 1719 2107 rum3
1743 2051 1803 2095 de
1820 2050 1973 2096 Cnido
1993 2052 2323 2112 cogitaverim3
2351 2051 2449 2110 ejus
2472 2053 2598 2097 enim
2620 2053 2751 2098 urbis
2767 2048 2886 2100 con4

1585 2123 1713 2169 ditor
1737 2121 1946 2181 Ἱππότης
1975 2125 1998 2169 ὃ
2019 2122 2180 2180 ἀλήτης
2201 2125 2463 2185 appellatur
2495 2140 2573 2186 ap.
2607 2126 2804 2172 Tzetzen
2823 2128 2886 2173 ad

1583 2194 1697 2256 Lyc.
1721 2195 1872 2258 1388,
1898 2197 2009 2244 coll.
2034 2197 2255 2242 Diodoro
2283 2200 2344 2254 V,
2372 2214 2429 2258 9,
2459 2214 2504 2243 2.
2525 2199 2679 2260 Vulgo
2709 2200 2885 2246 Cnidus

1583 2270 2049 2316 Lacedaemoniorum
2070 2271 2257 2315 colonia
2276 2270 2472 2327 dicitur3
2497 2271 2886 2324 Lacedaemonios

1583 2325 1699 2388 v⁵ero
1739 2345 1960 2403 Hippotae
1994 2344 2103 2387 loeo
2137 2343 2265 2402 apud
2299 2344 2646 2405 Diogenianum
2669 2361 2882 2392 comme-

1582 2418 1761 2462 morari
1785 2417 2011 2462 videmus,
2037 2417 2304 2475 Utrumque
2327 2416 2472 2477 igitur
2501 2418 2567 2463 ita
2597 2417 2883 2481 conjungere

1583 2490 1717 2547 licet,
1756 2499 1811 2534 ut
1850 2490 2088 2534 coloniam
2123 2489 2182 2534 ab
2223 2490 2278 2533 iis
2309 2490 2511 2536 maxime
2542 2491 2751 2537 Doribus
2788 2492 2884 2538 de—

1584 2564 1774 2609 ductam
1796 2572 2075 2618 statuamus,
2117 2563 2198 2622 qui
2222 2561 2307 2606 sub
2345 2564 2556 2623 Hippota
2588 2564 2640 2608 in
2668 2565 2882 2626 regioni-

1582 2634 1670 2679 bus
1690 2635 1813 2680 eirca
1843 2635 2094 2680 Maliacum
2122 2635 2275 2679 sinum
2305 2635 2420 2679 olim
2450 2635 2776 2683 habitaverant
2807 2641 2883 2684 vel

1584 2709 1723 2752 etiam
1746 2723 1803 2752 ex
1837 2709 1892 2752 iis
1924 2709 1975 2752 in
2010 2708 2279 2753 societatem
2310 2709 2507 2753 coloniae
2545 2709 2832 2756 deducendae
2856 2727 2883 2757 a

1582 2780 1948 2826 Lacedaemoniis
1989 2781 2207 2825 advocati
2243 2789 2364 2827 sunt.
2403 2783 2462 2825 In
2493 2783 2783 2828 Maliensium
2806 2800 2885 2830 re-

1583 2855 1772 2915 gionem
1787 2855 2050 2914 migrarunt
2065 2853 2310 2908 AEnianes3
2332 2852 2382 2896 hi
2402 2853 2568 2899 infensi
2589 2864 2722 2898 erant
2740 2855 2883 2900 Lace-

1584 2926 1848 2981 daemoniis3
1871 2933 1998 2969 certe
2018 2920 2209 2969 παλαιὰν
2234 2920 2392 2986 ἔχθραν
2414 2926 2879 2972 Lacedaemoniorum

1585 3007 1729 3056 atque
1755 2998 1841 3042 τῶν
1878 2993 1949 3040 ἐπὶ
1967 2998 2049 3044 ,τοῦ
2074 2996 2256 3052 Μηλιῶς
2281 2995 2444 3042 κόλπου
2478 2996 2671 3044 Οἰταίων
2700 3014 2883 3045 memo-

2002 3103 2443 3194 MALIENanM.
2476 3191 2478 3193 ‚

2179 3251 2280 3292 142.

1637 3349 1871 3391 Aristoteles
1887 3348 1929 3388 in
1949 3348 2199 3388 Maliensium
2226 3359 2315 3399 rep.
2333 3349 2390 3388 ait
2410 3349 2620 3391 Malienses
2642 3355 2799 3404 (quum
2814 3353 2881 3395 dei

1583 3415 1748 3455 oraculo
1765 3413 2063 3454 carissimorum
2088 3413 2291 3454 carissima
2306 3413 2468 3465 diligere
2492 3414 2592 3466 jussi
2615 3417 2766 3468 essent)
2786 3418 2879 3460 lihe-

1583 3490 1650 3519 ros
1665 3489 1790 3530 usque
1805 3477 1857 3517 ad
1870 3477 2000 3518 aetatis
2014 3487 2166 3517 annum
2182 3476 2382 3519 decimum
2394 3479 2555 3549 sextum
2566 3479 2697 3522 nudos
2710 3480 2879 3524 circum·
2913 3531 2915 3533 ,

1583 3546 1709 3595 serre,
1733 3545 1773 3584 et
1788 3541 2010 3584 deosculari
2032 3543 2075 3583 in
2090 3542 2297 3584 conviviis.

2173 3618 2275 3660 143.

1637 3705 1874 3744 Maliacum
1911 3703 2135 3754 naviqium
2164 3701 2319 3741 dicitur
2342 3701 2394 3742 de
2422 3702 2583 3743 vetusto
2609 3706 2652 3744 et
2679 3705 2874 3748 rimarum
2904 3719 2907 3723 ’

1583 3770 1700 3819 pleno
1726 3769 1882 3819 navigio
1899 3769 1951 3808 ab
1965 3766 2130 3808 historia
2145 3766 2339 3817 quadam.
2362 3766 2594 3808 Aristoteles
2619 3770 2728 3810 enim
2750 3772 2876 3813 refert

1586 3834 1803 3885 Hippoten,
1823 3845 1956 3886 quum
1977 3834 2179 3874 coloniam
2201 3832 2450 3874 deducturus
2472 3836 2593 3885 esset,
2616 3836 2880 3888 imprecatum

1583 3909 1667 3938 esse
1696 3899 1743 3938 iis
1768 3899 1853 3948 qui
1846 3908 1996 3938 secum
2015 3890 2216 3948 navigare
2237 3899 2496 3938 recusassent
2527 3901 2625 3940 Nam
2655 3911 2782 3951 quum
2813 3895 2901 3954 ali&⁴

1582 4026 1689 4066 domi
1721 4029 1949 4077 manerent,
1981 4026 2223 4076 imprecatus
2258 4025 2305 4065 iis
2332 4027 2414 4075 est,
2439 4028 2485 4066 ut
2518 4038 2724 4079 nunquam
2755 4029 2844 4070 tinn

1584 4156 1710 4195 essent
1718 4184 1732 4194 .
