3016 4628
1157 311 1562 394 FRAGMENTA.

41 470 208 530 Quem·
241 477 283 523 ἐν
308 474 390 539 γὰρ
417 475 469 538 τῆ
500 435 637 536 ἀγορᾷ
671 469 755 517 τῶν
793 464 1105 540 Ἡρακλεωτῶν
1143 461 1329 528 ὑπάρχει

41 554 73 600 ὃ
93 544 223 615 τάφος
253 546 341 610 (ὥς
367 563 495 611 φησιν
514 541 806 608 Ἡρόδωρος),
832 538 898 604 ἐφ’
917 542 967 585 οὓ
997 538 1110 583 ἐστιν
1135 537 1158 580 ὁ
1181 532 1329 598 ἀγριέ-

46 624 180 676 λαιος.
198 625 269 668 De
284 635 335 665 re
358 619 549 679 exponit
562 617 748 662 Miillei.
768 615 895 658 Min.
916 627 967 672 p.
997 609 1107 670 293.
1134 608 1203 656 Cf.
1224 610 1333 652 Pro·

45 695 270 759 mathidas
285 693 343 737 fr.
366 691 410 736 3.

649 778 726 826 58.

42 872 60 958 ’ἦ
113 901 245 947 Idem
268 901 340 955 ΙΙ,
366 895 495 949 854:
520 891 627 942 Ὅτι
647 893 689 939 ἐν
706 894 759 956 τῆ
777 887 1019 956 Ἡρακλεία
1038 886 1238 945 τέθνηκεν
1259 882 1333 930 καὶ

51 973 77 1022 ὃ
99 973 162 1020 Τῖ
160 989 250 1037 φυς,
285 960 377 1015 εἶπε
418 964 602 1031 Νύμφις.
649 963 901 1029 ζΗρόδωρος
938 960 987 1009 δέ
1017 978 1145 1025 φησιν
1170 959 1235 1004 ὅτι
1259 958 1335 1004 οὐκ

35 1042 307 1094 ἦπιόντων’
273 1060 330 1095 εις
350 1038 542 1103 Κόλχους
564 1036 763 1095 τέθνηκεν
788 1038 810 1082 ὃ
829 1036 987 1100 Τῖφυς,
1008 1034 1102 1079 ἀλλ’
1126 1034 1334 1092 ὑποστρε-

52 1113 228 1183 φόντων.

655 1203 730 1266 59.

43 1341 48 1347 ’
77 1307 79 1310 ¹
118 1326 249 1371 Idem
267 1327 314 1369 II
331 1359 342 1381 ,
370 1322 462 1384 895
493 1340 506 1368 :-
530 1319 775 1386 Ἡρόδωρος
806 1311 1018 1383 Ἐργῒνον”
1042 1312 1148 1380 φησὶ
1182 1310 1338 1384 κυβερ-

54 1399 182 1454 νῆσαι
219 1395 296 1453 τὴν
337 1394 474 1459 Ἀργὼ
495 1392 605 1455 μετὰ
627 1391 699 1440 τὸν
730 1390 910 1438 θάνατον
930 1388 1106 1454 Τίφυος.
1136 1386 1230 1432 Pro
1255 1387 1364 1434 Er-⁸

54 1471 164 1533 gino
209 1479 276 1515 est
303 1473 495 1515 Ancaeus
532 1484 607 1527 ap.
644 1467 951 1527 Apollonium
993 1472 1040 1508 et
1077 1459 1341 1520 Apollodo-

56 1559 173 1589 rum.

658 1611 718 1655 60
726 1644 736 1654 .

122 1731 367 1776 Athenaeus
379 1744 432 1788 p.
454 1729 540 1783 XI,
561 1726 673 1782 504,
692 1727 759 1770 Β·
779 1719 996 1781 Λυσανίας
1015 1721 1143 1783 φησὶν
1162 1720 1184 1764 ὃ
1201 1720 1346 1781 Κυρη-

43 1801 174 1858 ναῗος
201 1798 444 1865 Ἡρόδωρον
461 1792 695 1862 εἰρηκέναι·
728 1817 747 1837 «
777 1794 907 1843 Ἐπεὶ
933 1791 977 1840 δὲ
1002 1791 1203 1844 θύσαντες
1245 1807 1347 1853 προς

63 1875 228 1921 δεῖπνον
258 1872 331 1920 καὶ
376 1874 593 1936 κρατῆρας
621 1868 694 1916 καὶ
729 1865 858 1932 εὐχὰς
894 1884 968 1913 και
992 1871 1178 1918 παιᾶνας
1221 1859 1346 1927 ἐτρά-

64 1965 206 1994 ποντο.
223 1967 241 1988 »
261 1945 403 1992 Sedes
423 1944 559 2003 hujus
581 1943 831 2004 fragmenti
854 1942 1047 1987 incerta.

530 2137 874 2185 ΠΕΛΟΠΕΙΑ.

668 2245 745 2291 61.

0 2361 4 2397 ι
61 2316 67 2323 -
133 2343 377 2388 Athenaeus
399 2342 490 2397 VI,
512 2356 562 2400 p.
585 2340 698 2397 231,
722 2340 789 2386 C:
814 2335 908 2395 Τὴν
931 2336 1050 2400 Ἀτρε
1039 2334 1169 2390 ’ωςδὲ
1188 2339 1353 2400 χρυσῆν

0 2411 4 2483 ἶ
64 2413 202 2480 αρνα,
222 2413 320 2476 περὶ
339 2410 392 2469 ἣν
425 2409 648 2474 γεγόνασιν
671 2409 794 2467 ἡλίου
823 2426 870 2455 τε
892 2410 988 2454 ἐκλε
971 2407 1098 2472 είψεις
1126 2426 1198 2454 και
1225 2410 1357 2471 βασι-

0 2496 2 2553 ᾒ
68 2485 176 2534 λέων
197 2483 454 2545 μεταὸολαὶ,
477 2482 538 2529 ἔτι
560 2500 607 2529 τε
630 2484 705 2537 τῆς
725 2479 966 2545 τραγωδίας
981 2483 1008 2537 ἡ
1025 2478 1182 2537 πολλὴ,
1199 2479 1356 2544 φιάλην

0 2560 2 2595 ¹
72 2553 260 2623 ἀργυρᾶν
296 2574 401 2621 φησι
435 2553 653 2618 γεγονέναι
688 2552 930 2617 Ἡρόδωρος
967 2557 989 2599 ὁ
1024 2551 1357 2616 Ἡρακλεώτης,
1392 2588 1397 2591 ,

0 2684 2 2691 y
40 2685 43 2687 ‚
72 2629 257 2694 ἔχουσαν
278 2630 320 2675 ἐν
341 2626 510 2692 μέσφ’
483 2644 589 2690 αρνα
612 2629 795 2689 χρυσῆν.
824 2628 1038 2672 Ceterum
1059 2626 1117 2670 de
1129 2627 1199 2670 his
1223 2627 1360 2670 etiam

73 2718 223 2748 sermo
241 2717 333 2746 esse
356 2702 534 2762 potuit,
557 2698 640 2744 ubi
674 2699 733 2743 de
756 2700 926 2744 vellere
945 2714 1029 2744 am
1031 2713 1087 2743 eo
1111 2700 1360 2759 Argonau-

75 2785 225 2820 tarum
248 2774 381 2818 dixit.

78 2975 322 3023 Heracleam3
338 2985 430 3013 nam
446 2974 486 3013 ln
502 2975 586 3013 foro
602 2973 932 3023 lleracleensium,
950 2972 1152 3012 Herodoro
1167 2974 1282 3023 teste,
1300 2974 1367 3012 tu·

80 3040 212 3084 mulus
228 3039 404 3081 Idmonis
418 3040 499 3089 est,
517 3039 609 3079 etin
624 3039 778 3078 tumulo
791 3039 970 3078 oleaster.

674 3106 749 3147 58.
1204 3135 1210 3141 .

134 3174 179 3213 ln
193 3173 510 3214 Heracleensium
522 3173 680 3223 regione
694 3173 800 3213 diem
812 3173 954 3222 obiisse
969 3172 1123 3223 Tiphyn
1138 3173 1235 3212 dicit
1246 3176 1366 3223 Nym·

64 3286 69 3290 „
83 3238 185 3290 phis.
197 3236 420 3279 Herodorus
430 3247 525 3276 vero
535 3248 614 3276 non
629 3237 866 3276 abeuntibus
882 3237 932 3276 ad
944 3237 1117 3277 Colchos
1130 3237 1368 3288 Argonautis

85 3301 154 3345 sed
166 3302 256 3343 inde
276 3300 532 3341 redeuntibus
549 3300 705 3352 Tiphyn
730 3303 939 3340 mortuum
954 3312 1037 3341 esse
1051 3300 1191 3341 tradit.

138 3438 232 3479 Post
255 3437 415 3488 Tiphy1s
436 3435 590 3476 obitum
618 3437 809 3487 Erginum
838 3440 941 3489 Argo
969 3447 1114 3476 navem
1136 3436 1374 3486 gubernasse

88 3501 184 3542 dicit
206 3500 442 3543 Herodorus.

429 3557 433 3562 '
686 3570 759 3610 60.

142 3623 326 3688 Lysan'ias
353 3639 564 3687 Cyrenaeus
589 3637 839 3676 Herodorum
859 3636 1005 3676 dixisse
1034 3637 1089 3675 ait
1112 3652 1121 3675 ε
1151 3652 1169 3670 α
1190 3637 1266 3676 Ubi
1281 3648 1377 3675 vero

94 3701 261 3752 peractis
279 3700 400 3740 sacris
415 3699 466 3739 ad
491 3710 645 3739 caenam
662 3702 701 3740 et
718 3700 862 3751 pocula
877 3701 917 3739 et
937 3711 1074 3750 preces
1096 3702 1136 3740 et
1153 3711 1311 3751 paeanas
1337 3712 1379 3740 se

100 3763 391 3805 converterunt.
410 3778 431 3798 ι·

581 3826 883 3846 4000-

593 3879 881 3923 PELOPEA.

697 3969 747 4008 61
760 3998 768 4007 .

151 4029 257 4069 Atrei
272 4039 434 4068 aureum
449 4039 609 4079 agnum,
623 4029 736 4079 cujus
749 4041 868 4070 causa
881 4032 920 4070 et
940 4031 1033 4070 solis
1046 4030 1264 4079 deliquium
1293 4031 1382 4081 luit,

100 4092 144 4132 et
169 4103 284 4143 regna
304 4094 458 4133 mutata
482 4095 598 4142 sunt,
627 4095 668 4134 et
690 4094 830 4134 multae
853 4094 941 4134 aliae
971 4094 1198 4134 inciderunt
1233 4096 1379 4144 tragon·

73 2910 189 2961 iussit
209 2908 496 2960 Megarensibus
507 2909 547 2948 et
564 2888 712 2948 Boeotis
730 2908 775 2946 ut
792 2907 934 2947 urbem
953 2907 1195 2955 conderent,
1215 2907 1364 2946 seilicet
1400 2896 1404 2907 ’

2621 348 2675 387 41

2013 457 2093 500 62.

1475 566 2263 630 Sch01.Pindar.Pyth.X1‚25
2295 603 2305 611 .
2296 568 2575 630 ’Φερεκυδης
2604 571 2691 630 (fr.

1407 645 1545 710 96)
1522 644 1565 691 οὲ
1590 642 1867 704 Λαοδάμειαν
1893 641 2028 704 λέγων
2058 638 2192 696 αὐτὴν
2217 639 2470 701 (nutricem
2488 643 2693 703 Orestis).

1407 717 1480 765 τὸν
1505 717 1664 774 ταύτης
1695 733 1800 780 φησι
1822 714 1958 760 παῖδα
1984 713 2260 777 ἅνηρῆσθαι
2245 710 2327 757 υπὸ
2353 711 2557 773 Αἰγίσθου
2578 730 2699 773 νομι-

1408 789 1583 852 ζόμενον
1621 786 1836 853 Ὀρέστην
1863 777 1994 832 εἶναι·
2028 783 2165 831 τὸνδὲ
2191 782 2404 847 Ὀρέστην
2429 782 2699 830 ἐκκλαπέντα

1409 857 1518 910 εἶναι
1553 879 1683 924 τριυν
1710 861 1835 916 ἐτῶν,
1876 860 1932 911 ὥς
1956 855 2239 920 Ἡρόδωρος’
2222 874 2263 901 εν
2297 854 2515 919 Πελοπείᾳ
2545 856 2557 917 (
2572 855 2700 920 Ἱίρό-

1411 936 1565 988 δοτος
1547 954 1589 980 εν
1616 931 1782 981 Πέλοπι
1804 932 1912 977 cod.
1938 932 2155 990 Goe'tting.
2175 929 2209 991 ).
2230 932 2300 974 De
2319 929 2572 974 Laodamia
2593 947 2699 974 cum

1409 1006 1680 1066 Pherecyde
1727 1006 1836 1050 facit
1872 1003 2155 1048 Stesichorus
2197 1017 2270 1061 ap.
2314 1002 2456 1046 schol.
2496 1003 2697 1061 AEschyl.

1412 1081 1586 1139 Coeph.
1614 1078 1722 1135 731.

1479 1155 1549 1197 De
1586 1152 1710 1197 libro
1753 1145 2014 1199 Οἰδίπους
2067 1148 2292 1207 inscripto
2338 1146 2447 1190 vide
2496 1154 2595 1190 not.
2646 1147 2705 1191 ad

1413 1226 1470 1273 fr.
1502 1226 1548 1269 6.

1924 1440 2205 1486 INCERTA.

2019 1555 2098 1608 64.

1485 1670 1644 1717 Schol.
1669 1671 1832 1731 Odyss.
1858 1672 1915 1727 V,
1936 1671 1998 1731 96
2023 1686 2033 1714 :
2064 1667 2240 1733 Φόρκυς
2265 1668 2430 1731 δαίμων
2453 1668 2683 1724 θαλάσσιος
2699 1707 2711 1729 ,

1419 1742 1468 1790 τὸ
1492 1741 1698 1807 πρότερον
1724 1740 1957 1807 διατρίὸων
2000 1740 2105 1807 πρὸς
2142 1744 2204 1788 τῶ
2244 1740 2457 1806 Ἀρυμνίῳ
2494 1743 2713 1808 λεγομένω

1421 1814 1509 1879 ὄρει
1548 1817 1625 1871 τῆς
1656 1814 1696 1861 Α
1702 1833 1859 1878 ,(αιας,
1884 1816 2011 1861 οἰκῶν
2046 1833 2090 1861 τε
2113 1813 2191 1870 τὴν
2226 1814 2494 1878 Φόρκυνος’
2472 1817 2548 1860 απ’
2585 1835 2713 1864 αυτου

1425 1885 1697 1948 καλουμένην
1726 1890 1908 1951 βῆσσαν.
1932 1882 2071 1935 Κάτω
2091 1888 2103 1949 (
2126 1892 2240 1952 κᾴτα
2262 1905 2352 1933 em.
2383 1891 2522 1933 Bam.
2546 1888 2559 1951 )
2587 1887 2714 1952 φανὲν

1426 1960 1542 2005 αὖτυ
1562 1960 1818 2006 καταλιπεῖν
1846 1958 1920 2013 τὰς
1942 1958 2112 2024 τρίὸους
2131 1959 2309 2018 ταύτας,
2338 1961 2411 2024 ἀφ’.
2402 1959 2440 2006 ’κ
2445 1978 2513 2005 ετο
2545 1962 2603 2013 εἷς
2636 1961 2714 2017 τὴν
2759 1962 2765 1970 '

1433 2030 1761 2096 Κεφαλληνίαν,
1787 2030 1862 2079 καὶ
1878 2031 2008 2079 τόπον
2034 2030 2314 2094 ἐκλεξάμενος
2338 2031 2575 2088 ἐπιτήδειον
2600 2034 2718 2098 αὐτῷ
2787 2042 2790 2044 ’

1427 2103 1608 2149 ἐνταῦθα
1633 2101 1820 2168 ᾤκησεν.
1841 2101 2026 2165 Λέγεται
2053 2102 2096 2150 δὲ
2127 2100 2294 2164 ’Άμμος
2315 2105 2337 2149 ὅ
2359 2102 2502 2156 τόπος.
2530 2106 2717 2168 Προςορ·

1429 2174 1558 2237 μίσας
1581 2174 1665 2238 [δὲ]
1687 2177 1745 2229 εἷς
1769 2174 1840 2221 τὸν
1865 2179 1940 2233 τῆς
1969 2175 2141 2233 Ἰθάκης
2167 2177 2343 2237 λιμένα,
2378 2174 2558 2231 ἠξίωσεν
2591 2177 2718 2223 αὐτὸν

1429 2248 1502 2310 ἀφ’
1526 2249 1677 2293 ἑαυτοῦ
1711 2246 2103 2311 προσαγορεύεσθαι
2132 2246 2367 2307 Φόρκυνος.
2391 2246 2447 2295 Ἡ
2474 2246 2519 2294 δὲ
2551 2247 2719 2313 ἱστορία

1429 2316 1549 2380 παρὰ
1574 2317 1793 2382 Ἡροδότῳ
1822 2319 1835 2381 (
1851 2317 2084 2383 Ἥροδώρῳ
2099 2321 2119 2366 ⁸?
2135 2320 2169 2381 ).

1495 2394 1521 2436 J
1526 2407 1662 2439 oann.
1688 2395 1893 2439 Damaso.
1924 2408 1999 2452 ap.
2021 2393 2160 2438 Gaisf.
2184 2393 2233 2436 in
2253 2393 2328 2437 ed.
2364 2391 2535 2438 Stobaei
2557 2394 2719 2440 Floril.

1431 2473 1545 2509 tom.
1568 2466 1646 2520 IV,
1667 2459 1884 2524 App'end.
1910 2479 1957 2524 p.
1981 2470 2042 2517 40
2070 2461 2243 2528 εεΗρο
2258 2463 2420 2527 δώρου
2435 2481 2445 2490 ·
2477 2460 2583 2516 Νέος
2602 2460 2660 2509 ὧν
2678 2466 2721 2511 ἐν

1432 2533 1683 2580 πολυτελέσι
1712 2533 1916 2598 βρώμασι
1940 2537 2014 2581 καὶ
2033 2535 2177 2588 ποτοῖς
2194 2533 2256 2581 ἔτι
2278 2533 2321 2581 δὲ
2337 2534 2595 2600 ἀφροδισίοις
2617 2537 2719 2582 ἀνα-

1433 2606 1709 2671 τρεφόμενος,
1751 2607 1927 2664 λέληθεν
1953 2607 2101 2655 ἑαυτὸν
2134 2609 2178 2655 ἐν
2205 2610 2266 2672 τῷ
2300 2607 2411 2673 θέρει
2434 2607 2513 2666 τὴν
2536 2608 2724 2671 χλαῖναν

1436 2678 1723 2743 κατατρίὸων.

1939 2776 2208 2797 ἥθ’-

1438 2906 1538 2956 diae,
1565 2906 1738 2957 phialam
1754 2909 1981 2957 argenteam
2004 2907 2122 2947 fuisse
2142 2908 2198 2947 ait
2215 2908 2442 2948 Herodorus
2464 2910 2696 2949 Heracleola
2712 2939 2726 2959 ,

1441 2971 1555 3021 eujus
1571 2972 1612 3010 in
1628 2971 1760 3012 medio
1777 2983 1896 3012 aurea
1914 2972 2004 3022 agni
2021 2973 2157 3012 fuisset
2170 2973 2313 3024 imago.

1494 3106 1741 3158 Pherecydes
1770 3107 1974 3147 nutricem
1996 3107 2149 3147 Orestis
2170 3107 2268 3147 dicit
2292 3108 2565 3148 Laodamiam.
2596 3107 2727 3157 Hujus

1444 3169 1570 3209 filium
1595 3171 1651 3210 ait
1670 3172 1925 3211 interfectum
1955 3172 2006 3211 ab
2029 3172 2206 3222 AEgistho
2220 3202 2232 3222 ,
2251 3173 2318 3222 qui
2336 3184 2427 3212 eum
2445 3175 2623 3212 Orestem
2641 3181 2728 3211 esse

1443 3234 1628 3284 opinatus
1642 3235 1717 3284 sit;
1741 3234 1871 3286 ipsum
1891 3247 1988 3275 vero
2004 3237 2185 3275 Orestem
2197 3265 2208 3285 ,
2225 3247 2305 3285 quo
2320 3237 2500 3286 tempore
2516 3236 2737 3276 subductus

1444 3298 1527 3349 est,
1547 3299 1632 3338 tres
1644 3308 1771 3339 annos
1785 3301 1924 3338 natum
1945 3299 2065 3339 fuisse
2077 3328 2087 3348 ,
2105 3300 2151 3338 ut
2164 3299 2390 3339 Herodorus
2408 3300 2448 3340 in
2467 3303 2646 3351 Pelopea.

1946 3497 2206 3543 INCERTA
2214 3535 2224 3543 .

1502 3660 1679 3710 Phorcys
1690 3691 1701 3710 ,
1719 3660 1817 3700 deus
1833 3661 2033 3712 marinus,
2051 3663 2229 3712 primum
2259 3663 2426 3714 degebat
2441 3665 2489 3704 ad
2507 3667 2739 3716 Arymnium

1450 3726 1625 3764 montem
1650 3726 1831 3777 Achaiae,
1859 3727 2086 3778 vallemque
2111 3729 2384 3778 inhabitabat,
2410 3742 2502 3780 quae
2519 3732 2741 3781 Phorcynos

1451 3788 1600 3839 abipso
1619 3791 1815 3848 appellata
1837 3794 1910 3831 est.
1935 3793 2078 3832 Postea
2093 3822 2105 3842 ,
2127 3804 2255 3843 quum
2271 3794 2374 3832 hanc
2400 3795 2598 3844 regionem
2615 3795 2735 3834 relin-

1452 3863 1574 3903 quere
1589 3853 1815 3905 placuisset,
1830 3855 1940 3894 venit
1957 3855 1998 3894 in
2015 3857 2326 3907 Cephalleniam,
2344 3857 2411 3896 ubi
2427 3858 2581 3897 delecto
2600 3858 2741 3898 idoneo

1454 3918 1566 3967 loco,
1597 3919 1665 3968 qui
1684 3923 1852 3959 Ammus
1875 3919 2035 3969 dicitur,
2065 3921 2199 3960 sedem
2227 3921 2330 3960 fixit.
2364 3923 2572 3972 Appellens
2587 3933 2682 3961 vero
2700 3924 2740 3961 in

1455 3983 1603 4022 lthacae
1620 3985 1779 4033 portum
1794 4014 1806 4034 ,
1823 3996 1917 4024 eum
1947 3984 1997 4024 de
2023 3995 2095 4024 suo
2115 3984 2277 4024 nomine
2297 3985 2526 4034 Phoreynos
2554 3986 2743 4036 appellari

1455 4047 1594 4086 voluit.
1615 4047 1787 4087 Historia
1803 4048 1890 4087 haec
1906 4048 2049 4098 legitur
2068 4048 2174 4099 apud
2196 4048 2459 4088 Herodorum.

903 4287 1944 4318 *ww
