3016 4628
1159 332 1572 384 FRAGMENTA.

0 442 292 573 1ῗ15111111101115
325 458 580 507 tradiderit.
606 457 727 501 Num
759 451 946 496 Thasius
967 447 1230 493 Samiorum
1250 443 1327 486 hi-

1 538 233 585 storiam
254 534 425 588 texuit,
450 546 510 575 an
527 529 699 572 librum
717 524 895 582 scripsit
914 520 1049 566 talem
1068 519 1191 572 fere,
1215 530 1327 595 qua-

44 609 134 657 lem
157 606 356 654 Phanias
374 601 635 662 composuit
651 593 884 658 Τυράννων
913 583 1148 653 ἀναιρέσεις
1168 587 1328 631 1115011-

28 679 205 752 ptum?
225 681 295 727 De
310 684 460 720 morte
477 669 732 730 Polycratis
753 682 798 711 v.
816 668 1078 724 interprett.
1098 661 1157 706 ad
1175 662 1330 704 Hero-

28 738 145 799 dot.
166 750 259 805 111,
284 745 390 802 1253
410 744 613 791 Valerius
633 742 757 786 Max.
779 739 866 793 VI,
887 753 940 797 9,
966 734 1011 780 5.
1032 735 1247 779 Ceterum
1267 730 1326 775 01.

43 825 99 872 1..
118 820 304 868 Lersch.
326 820 396 864 De
414 815 677 876 Fulgentio,
703 807 1026 863 Βο1111.1844,
1044 822 1092 866 p.
1119 804 1195 848 36.

542 956 810 974 ⁴000*—

438 1069 583 1116 ΠΕΡΙ
618 1064 935 1116 ΤΕΛΕΤΩΝ.

652 1209 727 1254 13.

111 1359 264 1418 Etym.
285 1355 349 1401 Μ.
367 1368 417 1414 p.
435 1351 546 1408 465,
566 1351 655 1396 30:
679 1348 856 1396 Ἰδαῖοι
842 1343 1086 1402 ἐκλήθησαν
1107 1344 1145 1390 οἳ
1164 1341 1333 1390 Δάκτυ-

47 1429 113 1479 λοι
129 1426 192 1475 ὅτι
210 1429 237 1484 ἠ
254 1424 366 1477 κόνις
384 1423 437 1482 ἣν
459 1421 664 1487 ἔρριψαν
676 1437 738 1466 50.
758 1421 885 1464 Jovis
905 1417 1129 1478 nutrices)
1157 1415 1199 1469 ἐξ
1214 1412 1335 1471 Ἴδης

44 1492 114 1559 ἦν.
142 1495 512 1561 Στησίμὸροτος
489 1493 534 1541 οὲ
568 1495 610 1540 ἐν
635 1512 695 1539 τ11
718 1491 848 1555 Περὶ
872 1490 1098 1535 τελετῶν
1133 1486 1231 1540 Διὸς
1261 1485 1336 1532 καὶ

41 1566 165 1630 Ῑδης
180 1569 345 1634 νύμφης
364 1566 513 1618 αὐτους
531 1563 680 1628 λέγει’
698 1563 823 1627 φησὶν
844 1560 908 1608 ὅτι
929 1559 1002 1608 Ζε
970 1580 1034 1613 ευς
1051 1557 1245 1605 ἐκέλευσε
1261 1557 1336 1610 τὰς

46 1642 159 1696 ἳδίας
183 1659 357 1706 τροφούς
372 1638 520 1686 λαὸεῖν
542 1636 656 1683 κόνιν
678 1635 750 1681 καὶ
770 1637 890 1699 ῥῖψαι
913 1635 969 1686 εἷς
988 1630 1178 1679 τοῦπισω
1196 1630 1270 1677 καὶ
1289 1632 1336 1676 ἐκ

2 1721 4 1728 ’
45 1718 126 1774 τῆς
143 1713 298 1766 κόνεως
321 1709 517 1774 γενέσθαι
536 1728 632 1762 τους
657 1706 835 1759 Ἰδαίους
855 1704 1114 1756 Δακτύλους.

1 1865 5 1910 ἓ

115 1786 227 1833 Post
242 1783 357 1848 λέγει
373 1786 585 1829 lacunam
606 1781 821 1826 indicavi.
843 1782 1027 1824 Nomen
1044 1779 1245 1822 auctoris
1262 1793 1340 1822 ne-

51 1861 146 1907 scio
169 1859 295 1918 cujus
319 1856 538 1902 excidisse
561 1854 761 1900 videtur.
795 1852 863 1898 Cf.
892 1850 1122 1895 Welcker.
1163 1852 1333 1911 Trilog.

2 1966 4 2001 3
51 1948 102 1994 p.
129 1947 234 1992 1793
257 1929 469 1975 Lobeck.
491 1926 720 1987 Aglaoph.
740 1941 788 1984 p.
822 1923 962 1968 1158.

0 2003 6 2117 i

117 2004 336 2064 Apollon.
358 2000 518 2047 Rhod.
543 2001 591 2055 I,
624 2015 642 2042 1
657 2013 746 2058 129
767 2013 778 2041 :

117 2131 333 2181 Δάκτυλοι
352 2130 499 2178 Ἰδαῖοι
528 2126 762 2193 Κρηταιέες
776 2163 789 2188 ,
808 2124 877 2179 οὕς
896 2144 1000 2172 ποτε
1020 2123 1162 2190 νύμφη

2 2203 5 2217 ¹
75 2217 78 2221 “
113 2204 326 2269 Ἀγχιάλη
346 2206 548 2251 Δικταῖον
573 2199 653 2247 ἀνὰ
677 2197 828 2260 σπέος,
854 2196 1143 2262 ἀμφοτέρῃσιν

120 2274 361 2343 δραξαμένη
380 2273 504 2338 γαίης
525 2271 722 2327 Οἰαξίδος
734 2307 746 2331 ,
765 2270 1046 2329 ἕὸλάστησεν.

54 2400 129 2447 Ad
149 2400 245 2444 haec
268 2398 412 2445 schol.
438 2413 449 2442 t
470 2363 578 2443 “Oti
604 2391 649 2441 δὲ
672 2392 816 2457 νύμφη
836 2411 898 2446 τις
922 2390 1118 2446 Οἰαξίδος
1134 2394 1212 2454 γ’ἧς
1235 2391 1343 2456 δρα-

2 2493 6 2501 ·
57 2467 218 2532 ξαμένη
236 2467 331 2521 τοὺς
353 2465 641 2527 καλουμένους
666 2464 851 2518 Ἰδαίους
872 2462 1116 2516 Δακτύλους
1137 2461 1339 2524 ἐποίησε,

3 2551 4 2554 ’
55 2538 176 2605 ,παρὰ
219 2536 548 2602 Στησιμὸρότου
591 2535 761 2600 εἴληφε·
798 2535 873 2582 καὶ
910 2534 974 2582 ὅτι
1008 2533 1078 2581 διὰ
1116 2534 1165 2590 τὸ
1197 2536 1345 2599 ῥυῆναι

60 2612 212 2665 αὖτοὺς
235 2610 305 2658 διὰ
330 2613 413 2661 τῶν
436 2611 607 2674 χειρῶν,
633 2609 846 2656 Δάκτυλοι
870 2609 1097 2664 κληθῆναι.
1123 2608 1346 2671 Σοφοκλῆς

2 2688 6 2708 ³
44 2684 103 2732 ’δὲ
122 2685 200 2751 (fr.
223 2702 246 2742 7
259 2685 336 2746 12)
357 2682 505 2735 αὐτοὺς
519 2680 699 2745 Φρύγας
719 2682 842 2728 καλεῖ
860 2682 902 2727 ἐν
927 2680 1097 2744 Κωφοῖς
1115 2678 1343 2743 Σατύροις.

124 2758 193 2803 Cf.
212 2759 356 2803 Varro
370 2755 494 2815 apud
513 2756 638 2801 Serv.
659 2754 719 2798 ad
730 2756 855 2814 Virg.
870 2754 968 2798 Ecl.
986 2755 1024 2808 Ι,
1047 2753 1107 2796 66
1130 2768 1140 2795 :
1163 2772 1180 2791 «
1198 2754 1346 2797 Varro

59 2829 124 2875 ait
158 2843 170 2872 :
209 2829 332 2885 Quos
351 2842 518 2885 magno
532 2826 760 2870 Anchiale
774 2836 936 2885 partus
965 2826 1168 2868 adducta
1194 2826 1348 2869 dolore

59 2903 121 2947 Et
131 2905 324 2962 geminis
340 2904 525 2960 capiens
545 2899 749 2943 tellurem
774 2900 995 2944 OEaxida
1015 2900 1190 2957 palmis
1216 2895 1347 2960 (Edi-

60 2975 128 3018 dit
145 2977 190 3017 in
217 2974 364 3019 Creta.
382 2974 437 3018 V.
454 2974 585 3016 Poet.
602 2973 714 3018 Min.
735 2981 846 3028 tom.
871 2973 927 3026 V,
942 2987 992 3030 p.
1013 2971 1037 3015 3
1053 3006 1064 3027 ,
1082 2987 1128 3030 p.
1151 2970 1309 3031 1412),
1328 2992 1347 3009 »

28 3092 31 3095 .
61 3045 383 3092 —Diomedes
398 3045 600 3090 Gramm.
628 3046 721 3100 111,
742 3060 792 3102 p.
820 3049 911 3100 474
927 3046 977 3089 P.
1002 3059 1012 3087 :
1036 3049 1187 3087 Aiunt
1203 3044 1346 3102 Opem

62 3120 110 3163 in
141 3118 276 3162 Idam
310 3126 500 3161 montem
534 3118 699 3160 insula?
735 3117 883 3161 Cretoe
893 3115 1124 3175 fugiendo
1146 3117 1349 3159 delatam

65 3203 226 3234 manus
245 3203 351 3233 suas
366 3193 622 3248 imposuisse
635 3198 882 3232 memorato
899 3193 1040 3233 monti
1056 3198 1100 3232 et
1118 3193 1181 3232 sie
1198 3185 1352 3245 insan-

66 3270 154 3306 tem
191 3264 335 3320 ipsum
364 3261 571 3315 edidisse,
621 3271 668 3305 et
702 3277 764 3305 ex
802 3277 1020 3305 manuam
1060 3265 1353 3320 impressione

50 3334 297 3379 'emersisse
321 3332 506 3378 Curetas
526 3337 616 3377 sive
646 3331 951 3389 Corybantas,
981 3350 1089 3393 quos
1123 3350 1154 3377 a
1191 3337 1353 3377 montis

67 3407 244 3449 nomine
257 3414 303 3448 et
319 3419 350 3448 a
366 3407 586 3463 qualitate
597 3403 725 3462 sacti
742 3408 770 3449 1
772 3406 898 3449 doeos
912 3407 1128 3464 Dactylos
1142 3408 1353 3464 appella-

68 3485 187 3521 runt.
210 3501 272 3510 —
294 3475 382 3522 Καὶ
401 3472 465 3521 ὅτι
485 3475 522 3524 δ.
542 3493 585 3541 τ.
614 3478 674 3540 §.J
702 3480 805 3522 Haec
830 3478 891 3522 ad
915 3494 1015 3522 eam
1038 3479 1355 3522 narrationem

68 3555 296 3614 spectant,
313 3563 371 3594 ex
393 3563 485 3608 qua
501 3551 683 3608 Dactyli
705 3565 728 3594 e
746 3549 875 3607 jactu
895 3552 1099 3611 pulveris
1118 3548 1354 3609 Nympha-

72 3634 176 3665 rum
190 3620 343 3682 digitis
355 3623 496 3682 sparsi
507 3624 604 3666 nati
619 3625 938 3682 nominatique
951 3624 1188 3669 dicuntur.
1204 3625 1357 3680 Quare

72 3691 206 3750 plura
221 3692 436 3739 videntur
456 3696 642 3751 omissa3
666 3705 711 3740 et
725 3696 956 3739 scholiast.
978 3704 1023 3738 et
1036 3697 1191 3753 Etym.
1212 3695 1276 3740 M.
1300 3709 1357 3738 ex

76 3762 238 3809 eode'm
261 3764 386 3811 fonte
410 3777 631 3828 corrupto
653 3783 732 3812 sua
756 3768 928 3818 habere
950 3768 1196 3827 probabile
1220 3775 1302 3812 est.

2625 336 2684 376 ⁵7

2013 440 2086 487 14.

1468 524 1635 570 Strabo
1659 524 1728 579 X,
1750 539 1796 582 p.
1822 528 1949 579 472:
1971 515 2076 566 Ἔτι
2101 517 2144 565 δὲ
2167 518 2331 582 Κρόνου
2351 518 2458 571 τινὲς
2477 539 2569 574 τους
2597 523 2690 569 Ko-

1406 595 1641 660 ρύὸαντας,
1662 596 1699 640 οἱ
1724 592 1769 639 δὲ
1787 597 1862 639 τοῦ
1883 590 1982 645 Διος
2006 590 2080 637 καὶ
2104 589 2354 646 Καλλιόπης
2375 609 2478 654 φασι
2499 611 2593 644 τους
2618 594 2691 638 αὐ-

1404 665 1500 718 τοὺς
1519 668 1605 717 τοῖς
1628 662 1856 727 Καὸείροις
1877 660 2019 720 ὄντας,
2042 661 2238 707 ἀπελθεῖν
2269 659 2313 705 δὲ
2333 664 2503 714 τούτους
2528 663 2583 714 εἷς
2602 664 2694 708 Σα-

1407 736 1640 800 μοθράκην,
1658 733 1926 796 καλουμένην
1950 732 2154 797 πρότερον
2183 730 2375 796 μελίτην·
2408 731 2485 784 τὰς
2506 731 2549 779 δὲ
2579 734 2692 796 πρά-

1407 809 1486 864 ξεις
1505 809 1644 854 αὐτῶν
1665 805 1873 868 μυστικὰς
1903 811 2027 852 εἰναι.
2048 807 2202 852 'laum
2223 804 2261 849 δ’
2289 804 2366 850 οὐκ
2390 802 2543 850 ἀποδε”
2526 803 2696 865 άμενος

1407 885 1428 927 ὃ
1461 879 1655 944 Σκήψιος
1686 882 1707 926 ὁ
1733 898 1828 932 τους
1858 878 2013 940 μύθους
2033 875 2205 929 τούτους
2236 875 2505 938 συναγαγων,
2532 879 2587 929 ὡς
2613 896 2696 937 μη-

1409 950 1521 1003 δενὸς
1554 951 1597 996 ἐν
1633 949 1901 1017 Σαμοθρᾴκῃ
1936 952 2143 1010 μυστικοῦ
2174 945 2303 1008 λόγου
2328 946 2425 1010 περὶ
2471 946 2698 1010 Καὸείρων

1407 1022 1664 1084 λεγομένου,
1693 1022 1979 1087 παρατίθησιν
2013 1019 2127 1082 ὅμως
2159 1019 2236 1066 καὶ
2262 1018 2592 1082 Στησιμὸρότου
2625 1025 2697 1069 τοῦ

1410 1095 1582 1144 Θασίου
1601 1094 1741 1153 δόξαν,
1755 1097 1811 1148 ὡς
1830 1093 1884 1141 τὰ
1906 1095 1949 1140 ἐν
1969 1091 2236 1158 Σαμοθρᾴκῃ
2254 1091 2349 1157 ἱερὰ
2368 1098 2453 1145 τοῖς
2474 1091 2701 1157 Καὸείροις

1409 1169 1675 1215 ἐπετελεῐτο·
1697 1168 1922 1213 καλεῖσθαι
1948 1166 1993 1212 δέ
2016 1183 2143 1230 φησιν
2167 1163 2318 1218 αὐτοὺς
2338 1164 2494 1218 ἐκεῖνος
2518 1163 2604 1211 ἀπὸ
2628 1171 2703 1213 τοῦ

1409 1240 1528 1306 ὅρους
1543 1243 1616 1286 τοῦ
1637 1242 1679 1287 ἐν
1696 1237 1955 1304 Βερεκυντίᾳ
1976 1237 2209 1301 Καὸείρου.

1473 1317 1597 1374 Lege
1645 1315 1781 1358 etiam
1832 1329 1933 1372 quae
1971 1312 2252 1356 antecedunt
2293 1326 2369 1371 ap.
2411 1310 2702 1356 Strabonem.

1417 1406 1435 1426 «
1457 1388 1669 1444 Quorum
1683 1387 1800 1440 haec,
1816 1394 1869 1428 ut
1888 1383 2105 1441 conjicio,
2127 1384 2352 1427 sententia
2373 1389 2464 1426 est:
2484 1382 2707 1426 Nonnulli

1410 1459 1696 1518 Colybantes
1717 1458 1971 1518 (incertum
1991 1471 2152 1499 omnes
2172 1471 2230 1500 an
2252 1455 2477 1498 duntaxat
2498 1453 2703 1514 aliquos)

1411 1533 1459 1575 in
1474 1532 1838 1577 53111οῖ1113013111
1855 1530 2019 1575 abiisse
2032 1535 2309 1583 memorant,
2330 1536 2378 1571 et
2392 1541 2484 1571 esse
2504 1526 2707 1582 eosdem,

1413 1606 1493 1663 qui
1512 1604 1562 1649 in
1581 1604 1836 1648 hac'insula
1857 1597 2013 1647 Cabiri
2028 1602 2346 1655 nominentur,
2370 1600 2475 1655 sed,
2499 1601 2607 1658 quia
2626 1600 2711 1643 Co-

1411 1678 1661 1737 rybantum
1677 1676 1992 1735 phrygiorum
2008 1675 2083 1718 vel
2099 1673 2386 1718 Cretensium
2406 1669 2579 1732 πράξεις
2597 1672 2645 1717 h.
2667 1688 2708 1719 e.

1414 1766 1557 1810 opera
1581 1758 1627 1793 et
1647 1749 1901 1792 ministeria
1926 1748 2135 1791 omnium
2159 1759 2372 1790 sermone
2394 1745 2690 1789 celebrantm
2695 1778 2707 1799 ,

1415 1822 1473 1866 de
1490 1821 1817 1867 Samothraciis
1836 1829 1990 1863 autem
2007 1816 2350 1903 Corybantibus
2365 1816 2482 1859 nihil
2495 1817 2712 1871 innotuit,

1415 1893 1572 1937 dicere
1593 1892 1743 1936 coacti
1761 1900 1868 1935 sunt
1886 1887 1963 1942 τὰς
1988 1887 2161 1952 πράξεις
2183 1887 2323 1932 αὐτων
2347 1904 2556 1948 μυστικας
2579 1888 2704 1930 εἶναι.

1414 1965 1473 2009 Id
1506 1974 1658 2009 autem
1682 1966 1928 2024 impugnat
1949 1963 2239 2022 Demetrius,
2271 1962 2321 2004 in
2345 1961 2573 2019 mysteriis
2597 1960 2714 2004 nihil

1417 2037 1475 2082 de
1500 2037 1784 2082 cabirorum
1807 2036 1946 2080 rebus
1972 2036 2105 2095 gestis
2124 2034 2267 2089 tradi,
2293 2048 2445 2091 neque
2464 2041 2517 2076 ut
2536 2033 2715 2076 Rheam

1417 2110 1623 2154 comitati
1650 2110 1762 2165 sint,
1800 2124 1952 2167 neque
1976 2117 2028 2151 ut
2052 2109 2077 2151 J
2082 2122 2222 2151 ovem
2248 2106 2573 2163 Bacchumque
2595 2105 2715 2148 edu-

1418 2183 1649 2236 caverint,
1683 2181 1888 2240 ideoque
1911 2181 2087 2223 nullam
2113 2194 2294 2222 causam
2329 2192 2423 2221 esse
2455 2192 2538 2220 cur
2562 2177 2715 2220 Cabiri

1417 2254 1560 2298 iidem
1594 2253 1880 2312 Corybantes
1921 2267 2013 2296 esse
2045 2250 2310 2295 credantur.
2344 2249 2528 2293 Miilleri
2572 2247 2715 2309 (Pro-

1420 2328 1497 2369 letr
1461 2341 1543 2384 gg
1577 2341 1626 2385 p.
1658 2324 1774 2385 150)
1803 2323 2071 2382 conjectura
2093 2339 2182 2382 pro
2207 2319 2386 2382 μηδενὸς
2410 2338 2617 2381 μυστικου
2642 2319 2715 2366 λό-

1418 2414 1494 2456 γου
1515 2414 1613 2458 περι
1639 2394 1866 2460 Καὸείρων
1889 2395 1936 2440 λε
1920 2413 1980 2456 y.
2004 2395 2321 2439 substituentis
2340 2390 2439 2455 περὶ
2458 2391 2713 2455 Κουρήτων,

1419 2485 1518 2513 11011
1540 2470 1692 2513 50111111
1711 2468 1836 2526 justo
1876 2468 2115 2523 audacior,
2153 2467 2234 2510 sed
2269 2467 2408 2510 etiam
2431 2481 2456 2510 a
2488 2467 2716 2510 Demetrii

1421 2542 1846 2601 argumentatione,
1872 2556 1973 2599 quae
2009 2549 2107 2584 tota
2145 2540 2194 2582 in
2219 2540 2442 2584 Curetum
2475 2539 2716 2598 Coryban-

1420 2611 1581 2658 tumve'
1610 2622 1655 2658 et
1683 2613 1965 2658 Cabiro'rum
1995 2612 2292 2658 distinctione
2310 2621 2535 2666 versatur,
2571 2612 2719 2655 aliena

1420 2685 1632 2740 videtur3
1659 2700 1768 2728 nam
1794 2683 1924 2743 quod
1947 2684 2156 2742 sequitur
2186 2682 2224 2727 οἱ
2261 2679 2304 2727 δὲ
2335 2678 2525 2735 Ἑκάτης
2551 2679 2718 2743 προπό-
2765 2689 2775 2698 ’

1422 2757 1520 2808 λους
1548 2754 1769 2817 νομίζουσι
1794 2752 1889 2807 τοὺς
1914 2755 2139 2817 Κουρῆτας
2159 2751 2255 2805 τοὺς
2280 2749 2432 2804 αὐτοὺς
2455 2752 2541 2805 τοῖς
2568 2751 2716 2816 Κορύ-

1423 2830 1548 2874 ὅασιν
1581 2827 1727 2885 ὄντας,
1752 2829 1802 2873 111
1825 2829 2064 2873 Strabonis
2094 2827 2463 2871 additamentum
2497 2836 2587 2885 est,
2626 2843 2719 2885 quo

1424 2903 1693 2947 inchoatum
1715 2901 1773 2945 de
1789 2901 2035 2946 Curetibus
2050 2914 2313 2944 sermonem
2331 2899 2543 2942 absolvit.
2563 2899 2719 2943 Nihilo

1424 2976 1570 3035 magis
1591 2974 1748 3034 probo
1775 2973 1906 3032 quod
1927 2974 2005 3017 alii
2031 2973 2358 3031 subsequentia
2379 2973 2522 3016 verba
2542 2970 2722 3033 παρατί-

1425 3049 1546 3102 θησιν
1567 3043 1756 3107 ὁμοίως
1771 3046 2022 3090 sollicitant
2042 3041 2158 3104 ὅμως
2180 3053 2517 3104 praeoptantes3
2543 3059 2650 3087 nam
2673 3045 2723 3087 il-

1424 3120 1509 3164 lud
1535 3116 1691 3179 ὃμοίως
1721 3118 1924 3163 refertur
1959 3118 2020 3162 ad
2056 3117 2370 3177 praecedentia
2395 3117 2417 3160 ὃ
2441 3112 2537 3167 τοὺς
2568 3113 2723 3175 μύθους

1427 3187 1679 3253 συναγαγὼν
1695 3187 1887 3250 τούτους,
1907 3199 2151 3248 totumque
2165 3189 2454 3233 enuntiatum
2470 3188 2561 3232 hoc
2574 3189 2719 3233 valet:

1425 3267 1682 3309 Demetrius
1705 3273 1755 3308 ut
1781 3273 1932 3307 cetera
1953 3279 2058 3322 quoe
2081 3262 2170 3305 huc
2182 3267 2439 3321 pertinent,
2486 3264 2550 3304 ita
2585 3265 2720 3304 etiam

1426 3329 1703 3381 Stesimbroti
1726 3340 1995 3380 sententiam
2033 3343 2364 3387 commemorat,
2397 3348 2533 3376 sacra
2563 3333 2722 3375 Samo-

1428 3408 1604 3452 thracia
1631 3406 1895 3452 cabirorum
1930 3411 1976 3450 in
1999 3406 2212 3451 honorem
2239 3409 2442 3448 instituta
2473 3419 2566 3447 esse
2575 3418 2589 3456 ,·
2619 3417 2723 3460 quae

1430 3480 1723 3525 Stesimbroti
1738 3476 1836 3531 δόξα
1855 3480 1956 3522 suit.
1977 3479 2098 3522 Hinc
2110 3479 2410 3537 perspicuum
2423 3475 2473 3519 fit
2486 3491 2583 3519 non
2599 3474 2722 3518 idem

1431 3567 1592 3596 omnes
1603 3553 1812 3606 sensisse3
1834 3551 2199 3594 dissentientium
2215 3565 2327 3594 vero
2342 3565 2439 3593 non
2457 3549 2542 3592 alia
2563 3547 2723 3605 opinio

1430 3639 1522 3668 esse
1542 3624 1723 3682 potuit,
1751 3638 1891 3681 quam
1919 3638 1971 3667 ea
1997 3637 2126 3666 sacra
2149 3637 2250 3680 quae
2273 3619 2367 3683 ἱερὰ
2393 3617 2620 3680 Καὸείρων
2652 3617 2722 3660 di·

1431 3703 1609 3750 cantur,
1632 3696 1724 3738 hoc
1750 3709 1925 3737 nomen
1946 3694 2120 3738 habere
2147 3694 2256 3752 quia
2287 3708 2313 3736 a
2336 3692 2513 3736 Cabiris
2536 3689 2724 3733 condita

1431 3775 1477 3810 et
1495 3766 1807 3810 administrata
1833 3766 2031 3822 fuerint,
2051 3781 2149 3809 non
2166 3766 2274 3824 quia
2295 3764 2572 3809 Cabirorum
2592 3775 2722 3803 causa

556 3924 637 3968 DE
666 3924 874 3993 11111115.

2051 3906 2120 3945 14.

1486 3971 1559 4010 Alii
1572 3971 1817 4021 corybantes
1835 3971 1994 4011 Saturni
2010 3971 2163 4021 prolem
2180 3970 2353 4018 faciunt3
2379 3969 2471 4007 sunt
2487 3965 2554 4015 qui
2571 3967 2670 4004 Jove
2685 3966 2724 4003 et

131 4031 191 4070 1³.
217 4030 496 4072 Stesimbrotus
510 4033 551 4072 in
564 4033 665 4073 libro
686 4037 744 4074 De
760 4034 880 4074 mitiis
899 4034 1026 4074 Idaeos
1048 4033 1236 4084 Dactylos
1251 4033 1362 4073 Jovis
1438 4034 1614 4085 Calliope
1628 4037 1742 4074 natos
1761 4036 1991 4084 autument,
2015 4035 2173 4074 eosdem
2190 4045 2282 4072 cum
2298 4031 2446 4073 Cabiris
2466 4046 2475 4069 :
2494 4039 2638 4078 eosque
2654 4039 2723 4066 ve-

78 4093 119 4133 et
133 4092 212 4134 ldae
226 4097 410 4146 nymphae
423 4096 525 4137 filios
539 4098 647 4138 dicit.

133 4157 249 4204 Quod
266 4161 440 4210 nympha
462 4161 646 4211 quaedam
671 4162 884 4202 OEaxidem
903 4163 1051 4202 terram
1068 4160 1251 4200 manibus
1271 4172 1361 4211 pre-

81 4218 253 4260 hendens
279 4221 402 4262 ldaeos
424 4225 609 4274 Dactylos
624 4225 741 4266 enixa
755 4225 828 4275 sit,
858 4225 898 4264 id
914 4219 1143 4278 Apollonius
1160 4235 1183 4263 a
1199 4224 1360 4265 Stesim-

85 4281 197 4327 hroto
210 4285 415 4340 mutuatus
430 4288 502 4325 est.

1435 4100 1539 4138 nisse
1558 4100 1599 4139 in
1617 4101 1923 4150 Samothracen,
1947 4110 2039 4150 quae
2065 4101 2181 4138 antea
2207 4098 2341 4137 Melita
2357 4096 2459 4135 dicta
2481 4095 2558 4133 sit:
2587 4103 2723 4132 eorum

1434 4161 1608 4201 actiones
1630 4172 1714 4202 esse
1729 4163 1930 4212 mysticas.
1948 4164 2045 4201 Haec
2060 4173 2139 4200 non
2158 4161 2329 4210 probans
2349 4155 2618 4207 (Demetrius)
2636 4158 2723 4195 Sce-

1434 4224 1561 4274 psius,
1582 4225 1651 4274 qui
1667 4225 1818 4264 fabulas
1843 4226 1938 4265 istas
1957 4225 2135 4274 collegit,
2167 4223 2260 4272 quia
2280 4222 2320 4260 in
2337 4220 2589 4260 Samothrace
2616 4218 2725 4256 nulla

1434 4287 1484 4327 de
1500 4287 1651 4328 Cabiris
1660 4288 1822 4337 mystica
1832 4287 2004 4327 narratio
2020 4288 2178 4332 seratur,
2195 4283 2438 4325 Stesimbroti
2449 4283 2581 4322 tamen
2597 4282 2730 4325 Thasii
