3016 4628
179 310 338 343 XXXH'

175 411 197 452 ὁ
234 406 277 451 δὲ
304 405 375 452 τὸν
400 405 628 470 ἱππάρχην
650 408 670 427 *
689 406 909 456 ἐκέλευσεν
936 410 1078 475 ἔχοντι
1102 411 1178 473 (24)
1205 411 1300 464 τους
1332 414 1474 466 ἱππεῖς

174 477 292 533 ἥκειν
318 480 374 531 ὡς
396 476 522 524 αὐτὸν
547 479 646 543 περὶ
673 480 808 541 μέσας
830 479 998 536 νύκτας·
1019 485 1106 536 τοῖς
1126 482 1170 528 δὲ
1198 485 1471 546 βουλευταῖς,

173 551 229 602 εἷς
243 549 291 597 τὸ
314 550 588 599 Καπιτώλιον
605 551 733 600 ἔωθεν
755 553 817 600 ἔτι
839 554 1135 618 συλλέγεσθαι·
1157 559 1217 622 τῷ
1236 576 1281 602 τε
1307 558 1350 604 Μ
1360 575 1474 602 ινου-

173 621 251 688 κίῳ
275 621 347 669 τόν
371 641 418 671 τε
453 623 646 686 μηνυτὴν
679 625 827 690 ἄγοντι
853 627 927 673 καὶ
955 627 1030 681 τὰς
1064 629 1198 682 ἄλλας
1236 629 1475 684 ἀποδείξεις

171 695 394 757 κομίζοντι
411 696 516 762 πρὸς
539 697 588 745 τὸ
615 701 737 763 βῆμα
759 707 974 763 παρεῖναι·
1001 700 1163 748 ἅπασιν
1186 701 1228 747 δὲ
1247 702 1473 766 φυλάττειν

168 767 394 834 ἀπόρρητα
413 768 516 833 πρὸς
540 770 636 825 τοὺς
661 769 740 826 ἔξω
759 776 834 818 τοῦ
862 772 1082 836 συνεδρίου
1108 772 1161 819 τὰ
1178 773 1471 838 βουλεύματα·

170 838 272 901 μίαν
291 833 399 888 εἶναι
422 841 557 904 λέγων
584 844 845 909 ἀσφάλειαν,
869 846 904 892 εἷ
927 844 1060 906 μηδὲν
1081 848 1102 891 ὁ
1122 844 1316 899 Μάλλιος
1341 846 1474 893 ἀκού-

169 931 255 960 σειε
281 917 364 961 τῶν
397 915 498 979 περὶ
530 918 659 963 αὐτοῦ
692 918 933 980 λεγομένων
967 937 1011 965 τε
1037 917 1111 964 καὶ
1146 918 1469 982 πραττομένων.

168 987 381 1041 Διατάξας
414 986 458 1034 δὲ
486 988 626 1035 τᾶλλα
658 987 769 1035 ὅσων
807 990 962 1046 ἐδεῖτο,
989 988 1120 1054 μέχρι
1153 990 1313 1045 δύσεως
1347 992 1470 1048 ἡλίου

168 1058 332 1112 πάντας
357 1060 399 1106 ἐν
433 1062 494 1125 τῷ
522 1060 814 1125 βουλευτηρίῳ
843 1062 1103 1124 κατασχὼν,
1147 1062 1322 1116 σκότους
1354 1062 1472 1116 ὄντος

166 1129 249 1189 ἤδη
275 1131 443 1179 διέλυσε
472 1133 544 1180 τὸν
571 1133 797 1197 σύλλογον.
871 1133 948 1188 Ὡς
969 1134 1013 1181 δὲ
1037 1134 1149 1196 μέση
1181 1134 1252 1190 νὺξ
1278 1136 1470 1199 ἐγένετο,

166 1203 384 1269 προελθὼν
408 1207 455 1252 ἐκ
480 1210 557 1264 τῆς
577 1206 712 1260 οἰκίας
734 1207 846 1271 ἐξῄει
873 1208 944 1272 (25)
967 1207 1068 1272 περὶ
1101 1207 1174 1255 τὸν
1198 1208 1345 1274 ὄρθρον
1374 1209 1471 1264 τοὺς

165 1275 414 1331 ἐπιλέκτους
431 1278 687 1343 ἀμφοτέρων
712 1282 796 1326 τῶν
817 1281 991 1326 ὑπάτων
1017 1281 1280 1343 ἐπαγόμενος
1301 1281 1375 1329 καὶ
1393 1285 1472 1330 αὐ-

162 1347 262 1404 τοὺς
283 1349 380 1404 τοὺς
401 1350 606 1405 ὑπάτους.
651 1345 784 1400 Οὗτοι
807 1351 883 1415 μὲν
904 1345 976 1400 οὖν
1012 1353 1059 1401 τὸ
1079 1353 1356 1403 Καπιτώλιον
1372 1353 1468 1418 ἅμα

164 1426 250 1476 τοῖς
289 1425 538 1487 βουλευταῖς
570 1425 699 1472 ἔωθεν
739 1425 1043 1490 κατειληφότες
1082 1427 1329 1492 ἐφρούρουν·
1371 1432 1393 1475 ὃ
1424 1427 1467 1475 δὲ

166 1495 365 1550 Μάλλιος
399 1497 519 1543 οὐδὲν
557 1496 757 1556 ἀκηκοὼς
792 1498 978 1557 τούτων,
1016 1499 1182 1563 ἡμέρας
1212 1500 1468 1564 γενομένης,

167 1567 386 1632 προελθὼν
411 1571 469 1623 εἷς
486 1572 565 1627 τὴν
586 1570 746 1635 ἀγορὰν
769 1573 1032 1637 ἐχρημάτιζε
1057 1576 1143 1626 τοῖς
1169 1573 1379 1635 δεομένοις
1399 1574 1468 1621 ἐπὶ

164 1646 239 1688 τοῦ
269 1640 464 1706 βήματος
496 1643 793 1705 καθεζόμενος.
867 1644 956 1692 Καὶ
983 1648 1078 1707 μετ’
1109 1648 1156 1692 οὐ
1184 1647 1294 1692 πολὺ
1325 1650 1467 1711 παρῆν

163 1718 184 1760 ὁ
207 1712 430 1778 ἵππαρχος
455 1716 700 1779 Σερουίλιος
725 1715 830 1781 πρὸς
863 1715 991 1764 αὐτὸν
1017 1716 1135 1779 ἄγων
1157 1716 1254 1772 τοὺς
1279 1719 1464 1780 ἀκμαιο-

161 1786 313 1840 τάτους
350 1790 434 1834 τῶν
478 1787 672 1846 ἱππέων,
713 1788 891 1853 ἔχοντας
925 1788 1007 1835 ὑπὸ
1045 1790 1120 1854 (26)
1162 1796 1247 1843 τοῖς
1282 1790 1467 1851 ἱματίοις

162 1858 276 1923 ξίφη.
306 1858 396 1907 Καὶ
419 1862 523 1914 στὰς
553 1860 735 1918 πλησίον
764 1862 892 1908 αὐτοῦ
917 1861 1049 1924 λέγει·
1125 1884 1144 1903 (ι
1166 1861 1222 1910 ‘O
1254 1863 1468 1929 δικτάτωρ

162 1950 208 1978 σε
247 1930 438 1993 κελεύει,
477 1934 674 1991 Μάλλιε,
717 1934 824 1999 πρὸς
867 1935 995 1982 αὐτὸν
1032 1934 1169 1993 ἥκειν.
1200 1958 1219 1977 »
1257 1938 1469 1993 Κάκεῖνος

162 2003 405 2069 ὑποτυχὼν,
427 2029 445 2047 α
465 2008 616 2063 Ποῖος,
643 2006 746 2070 ἔφη,
766 2007 932 2055 κελεύει
951 2026 1004 2063 με
1019 2048 1031 2067 ,
1062 2008 1302 2077 Σερουίλιε,
1325 2010 1468 2060 δικτά-

159 2096 248 2142 τωρ
273 2079 382 2141 πρὸς
419 2079 548 2126 αὐτὸν
583 2082 747 2144 ἐλθεῖν;
784 2079 890 2129 ὅπου
924 2081 998 2130 καὶ
1032 2083 1136 2130 πότε
1171 2083 1421 2148 γενόμενος
1450 2108 1467 2129 »

160 2149 250 2201 Καὶ
292 2149 386 2214 ἅμα
414 2152 719 2218 διαταραχθεὶς
755 2155 1036 2221 περιέὸλεψεν
1074 2158 1130 2209 εἷς
1164 2156 1260 2209 τοὺς
1297 2159 1396 2222 περὶ
1421 2157 1468 2205 τὸ

160 2227 300 2288 β’ῆμα.
375 2224 581 2290 Ἀ’ρασίας
602 2227 646 2272 δὲ
673 2226 870 2281 ἅπαντας
893 2229 1198 2292 κατασχούσης
1220 2230 1289 2276 διὰ
1310 2230 1357 2277 τὸ
1382 2251 1465 2292 μη·

159 2297 259 2343 δένα
303 2296 528 2360 γινώσκειν
568 2297 622 2344 τὰ
646 2298 898 2364 πραχθέντα
921 2300 1004 2347 ὑπὸ
1031 2306 1104 2358 τῆς
1148 2303 1327 2365 βουλῆς,
1354 2303 1469 2367 λέγει

157 2369 288 2416 πάλιν
329 2372 351 2416 ὁ
381 2371 627 2433 Σερουίλιος
645 2391 654 2400 ·
690 2394 709 2412 «ι
735 2372 1028 2435 Ιίῖσηγγέλθης
1051 2371 1150 2436 χθὲς
1181 2376 1238 2426 εἷς
1263 2375 1338 2431 τὴν
1368 2378 1469 2438 βου·-

157 2440 236 2501 λῆν
252 2480 265 2503 ‚
289 2433 325 2489 ‹3⁴›
347 2444 520 2491 Μάλλιε
536 2480 547 2501 ,
571 2444 792 2507 νεωτέροις
809 2447 1041 2509 ἐπιχειρεῖν
1065 2445 1341 2509 πράγμασιν,
1366 2445 1468 2501 ἴσως

158 2516 234 2562 οὔκ
261 2516 449 2573 ἀληθῶς·
476 2516 644 2571 οὐδενος
669 2516 752 2582 γὰρ
784 2516 899 2588 ἄξιον
922 2516 1008 2564 ἀπὸ
1037 2521 1114 2575 τῆς
1140 2517 1283 2573 αἰτίας
1303 2538 1467 2583 προκα-

157 2588 452 2651 ταγινώσκειν·
507 2589 670 2647 ταύτην
705 2589 900 2645 ἐξετάσαι
936 2591 1014 2644 τὴν
1052 2590 1235 2652 μήνυσιν
1272 2595 1298 2650 ἡ
1334 2591 1466 2656 βουλὴ

157 2660 460 2724 προελομένη,
503 2662 751 2726 δικτάτορος
791 2663 924 2724 ἔφησε
959 2664 1043 2710 δεῖν
1068 2671 1154 2718 τοῖς
1187 2665 1467 2730 πράγμασιν,

156 2735 214 2785 ὡς
236 2730 286 2780 οὐ
311 2733 383 2781 τὸν
409 2734 635 2799 ἐλάχιστον
661 2739 746 2781 τῶν
779 2735 985 2783 κινδύνων
1006 2735 1236 2801 τρέχουσαι·
1266 2738 1341 2785 καὶ
1363 2738 1468 2784 ἀπέ-

158 2804 267 2859 δειξε
306 2809 383 2863 τ’ῆς
422 2807 616 2862 ἐξουσίας
654 2807 815 2866 ταύτης
857 2809 1001 2873 κύριον
1043 2809 1226 2857 Λεύκιον
1269 2806 1468 2857 Κοΐντιον

162 2878 440 2941 Κικιννάτον,
477 2879 523 2926 ὃν
548 2872 672 2927 οἶσθα
697 2880 748 2938 δή
789 2901 872 2928 που
906 2881 980 2928 καὶ
1008 2881 1059 2928 σὺ
1099 2883 1329 2947 κράτιστον
1367 2881 1468 2929 ὄντα

155 2954 240 2998 τῶν
266 2951 506 3015 πατρικίων
547 2951 622 2999 καὶ
647 2953 708 3007 δὶς
734 2954 817 3011 ἤδη
838 2953 1000 3012 ταύτην
1030 2954 1330 3012 ἀνεπιλήπτως
1352 2974 1468 3001 τετε·-

158 3023 312 3070 λεκότα
332 3022 409 3079 τὴν
431 3023 591 3087 ἀρχήν.
668 3019 808 3080 Οἷτος
832 3029 853 3072 ὃ
876 3025 983 3090 ἀνὴρ
1003 3025 1276 3091 δικαστήριόν
1302 3046 1366 3074 σοι
1393 3045 1466 3073 κα-

158 3095 272 3144 θίσαι
318 3096 393 3143 καὶ
436 3097 562 3158 λόγον
608 3099 843 3145 ἀποδοῦναι
903 3098 1188 3162 βουλόμενος,
1246 3099 1466 3147 ἀπέσταλ-

158 3187 229 3216 κεν
256 3172 396 3230 ἡμᾶς,
428 3168 504 3227 ἐμὲ
527 3169 597 3215 τὸν
616 3167 838 3235 ἵππαρχον
865 3170 958 3233 ἅμα
980 3173 1118 3220 τοῖσδε
1143 3180 1230 3228 τοῖς
1255 3173 1467 3237 ἀνδράσι,

161 3239 338 3294 ἄξοντάς
361 3259 406 3287 σε
424 3242 709 3306 ἀσφαλῶςέπὶ
730 3242 808 3300 τὴν
823 3244 1076 3308 ἀπολογίαν.
1097 3246 1149 3292 Ei
1165 3244 1207 3291 δὲ
1223 3245 1355 3307 μηδὲν
1369 3247 1460 3291 ἀδι-

135 3336 137 3339 ·
158 3318 249 3372 κεῖν
269 3312 478 3367 πέποιθας
493 3350 504 3372 ,
523 3311 580 3359 ἴθι
605 3314 678 3359 καὶ
702 3314 801 3376 λέγε
820 3316 874 3361 τὰ
896 3315 1040 3362 δίκαια
1058 3316 1156 3381 περὶ
1179 3322 1335 3364 σαυτοῦ
1362 3317 1467 3381 πρὸς

160 3383 292 3450 ἄνδρα
305 3384 546 3451 φιλόπολιν,
566 3384 609 3439 ὃς
620 3385 717 3433 οὔτε
730 3385 799 3433 διὰ
817 3387 887 3434 τὸν
901 3389 1040 3435 κοινὸν
1052 3389 1201 3453 φθόνον
1217 3389 1312 3436 οὔτε
1333 3389 1385 3436 δι’
1397 3390 1469 3436 ἅλ-

158 3459 237 3514 λην
249 3457 616 3522 ἄδικονπρόφασιν
627 3459 827 3521 οὐδεμίαν
839 3460 1030 3507 ἐκποδὼν
1043 3462 1274 3519 ,τοιῆσαίσε
1287 3465 1357 3525 (27)
1374 3465 1467 3526 ssou-

156 3528 352 3587 λήσεται.
377 3552 398 3572 ιο
426 3529 483 3578 ‘0
503 3531 538 3576 δ’
568 3534 625 3584 ὡς
647 3531 827 3588 ἤκουσεν
845 3571 857 3591 ,
885 3534 1079 3590 ἀνεπήδα
1114 3554 1159 3580 τε
1187 3534 1261 3581 καὶ
1298 3535 1468 3597 μεγάλα

162 3601 440 3664 ἆναὸοήσας,
467 3627 483 3644 «ι
510 3601 710 3669 Ἄνδρες,
745 3603 848 3670 ἔφη,
879 3606 1133 3668 δημοτικοὶ,
1164 3608 1359 3671 βοηθεῖτέ
1396 3625 1469 3669 μοι

159 3674 528 3740 συναρπαζομένῳ
551 3676 621 3723 διὰ
646 3676 722 3734 τὴν
740 3677 845 3741 πρὸς
866 3681 978 3740 ὑμᾶς
999 3678 1164 3726 εὔνοιαν
1184 3679 1268 3727 ὑπὸ
1292 3683 1375 3726 τῶν
1394 3680 1462 3726 δυ·

159 3750 312 3795 νατῶν·
334 3750 382 3796 οὗ
399 3747 484 3814 γὰρ
508 3749 578 3795 ἐπὶ
597 3749 719 3807 δίκην
744 3753 966 3812 καλοῦμαι
986 3750 1091 3815 πρὸς
1109 3752 1234 3799 αὐτὸν
1249 3789 1263 3814 ‚
1285 3752 1380 3799 ἀλλ’
1397 3751 1469 3799 ἐπὶ

161 3819 347 3869 θάνατον
377 3822 613 3884 καλοῦμαι.
651 3844 668 3862 υ
699 3824 810 3879 Βοῆς
836 3823 879 3870 δὲ
919 3824 1152 3885 γενομένης
1177 3823 1250 3871 καὶ
1287 3823 1468 3889 0ορύέου

743 295 819 342 ΕΚ
857 296 985 344 ΤΗΣ
1021 297 1320 347 ΙΣἸῸΡΙΑΣ
1356 299 1693 349 ΔΙΟΝΥΣΙΟΥ
1731 303 2285 354 ΑΛΙΚΑΡΝΑΣΣΕΩΣ.

1552 422 1733 471 equitum
1755 422 1987 473 magistrum
2006 425 2417 475 deleqicserm‘le'aecm,
2438 426 2738 476 eiunquejussit
2758 439 2850 467 cum

1551 504 1751 554 equitibus
1766 506 1978 545 convenire
1993 517 2036 545 se
2051 507 2156 547 circa
2173 510 2328 547 noctem
2347 507 2518 547 mediam
2531 522 2540 554 ;
2559 510 2761 549 senatores
2775 520 2850 549 au-

1551 591 1634 628 tem
1646 599 1670 627 a
1682 588 1810 640 primo
1822 594 1941 630 mane
1953 591 2233 642 congregatim
2243 591 2480 642 Capitolium
2494 607 2505 642 ;
2523 591 2740 632 Minucium
2757 593 2852 635 veto

1551 682 1644 710 cum
1666 671 1843 711 delatore
1871 672 2045 712 criminis
2063 654 2394 724 documentisque
2420 674 2469 713 ad
2490 674 2665 715 tribunal
2688 675 2850 726 adesseg

1550 754 1716 791 cunctos
1736 751 1907 803 denique
1934 763 2101 802 cavere,
2125 764 2176 793 ne
2194 754 2234 793 in
2254 755 2395 804 vulgus
2421 765 2565 794 arcana
2585 755 2671 795 llaec
2691 758 2851 796 senatus

1550 835 1709 875 decreta
1726 837 1979 884 emanarent;
1994 847 2085 875 nam
2104 836 2208 876 lianc
2225 848 2347 876 unam
2363 815 2616 878 securitatem
2636 840 2718 879 sore
2732 839 2849 890 dixit,

1548 921 1580 959 si
1599 920 1683 959 nibi
1706 920 1859 960 leorum
1881 930 1973 970 quae
1990 920 2104 959 dietis
2121 920 2214 960 sacti
2234 931 2313 970 que
2331 924 2470 961 contra
2489 923 2664 963 Maelium
2685 926 2849 974 ageren-

1548 1011 1637 1056 tus,
1661 1009 1726 1048 ille
1745 1009 1995 1060 comperiret.
2055 1008 2204 1049 Deinde
2233 1008 2409 1058 reliqua,
2434 1007 2579 1058 quibus
2608 1018 2709 1058 opus
2738 1010 2848 1056 erat,

1547 1093 1766 1143 disposuit,
1788 1095 1827 1131 et
1849 1092 1897 1131 ad
1922 1093 2014 1132 solis
2035 1103 2159 1142 usque
2177 1102 2366 1132 oceasum
2397 1092 2437 1130 in
2457 1092 2566 1130 curia
2586 1101 2723 1130 omnes
2744 1090 2847 1130 deti·

1548 1188 1643 1216 nens
1665 1174 1822 1215 tandem
1839 1173 2275 1223 abortisjam·tenebris
2293 1173 2525 1232 concionem
2543 1172 2706 1212 dimisit.
2726 1174 2850 1212 Nocte

1547 1256 1677 1295 media
1698 1268 1830 1307 ᾳιιιιηι
1852 1257 2055 1297 Servilius
2070 1257 2131 1298 ad
2153 1257 2408 1297 dictatorem
2432 1268 2474 1296 se
2492 1257 2746 1304 contulisset,
2764 1256 2846 1307 ipse

1545 1341 1674 1390 primo
1687 1341 1864 1380 diluculo
1877 1341 1981 1380 foras
1990 1351 2218 1391 progressus
2229 1340 2335 1379 viros
2346 1340 2512 1379 selectos
2524 1340 2696 1380 consulis
2705 1341 2846 1380 utrius·

1546 1435 1625 1473 que
1647 1426 1687 1463 et
1707 1425 1888 1463 consules
1911 1424 2017 1475 ipsos
2042 1434 2178 1463 secum
2198 1423 2379 1463 abduxit.
2436 1425 2484 1462 Hi
2514 1423 2630 1473 igitur
2656 1434 2736 1462 una
2754 1435 2848 1464 cum

1545 1508 1794 1547 senatoribus
1815 1507 2056 1558 Capitolium
2078 1506 2206 1556 primo
2233 1516 2351 1545 mane
2370 1507 2612 1556 occupatum
2644 1505 2846 1546 custodie·

1546 1589 1656 1630 bant.

1546 1674 1756 1721 illuxerat,
1780 1674 1821 1713 in
1846 1674 1974 1713 sorum
2001 1673 2168 1724 prodiit,
2198 1683 2245 1712 ac
2265 1683 2450 1722 responsa
2477 1672 2596 1712 dabat
2623 1673 2850 1722 petentibus

1713 1590 1868 1630 Maelius
1886 1592 2044 1639 autem,
2067 1590 2247 1629 omnium
2275 1589 2418 1628 borum
2449 1588 2633 1639 ignarus,
2665 1589 2734 1628 ubi
2763 1589 2850 1629 dies

1545 1758 1685 1798 sedens
1704 1757 1744 1796 in
1768 1761 1967 1808 suggestu.
2024 1759 2103 1797 Nec
2128 1757 2257 1795 multo
2282 1758 2372 1806 post
2399 1755 2566 1795 ad'eum
2591 1758 2700 1796 venit
2719 1757 2844 1807 magi-

1545 1840 1626 1877 ster
1646 1838 1826 1888 equitum
1847 1837 2041 1877 Servilius
2068 1847 2161 1875 eum
2189 1837 2285 1875 tlore
2312 1835 2534 1886 equitatus,
2559 1836 2628 1886 qui
2644 1836 2719 1876 sub
2739 1839 2848 1877 veste

1545 1920 1751 1970 gestabant
1767 1919 1931 1970 gladios.
1986 1924 2043 1959 Ac
2058 1919 2220 1969 propius
2237 1918 2444 1968 accedenS,
2455 1935 2473 1952 «ι
2496 1919 2690 1968 Dictator,
2701 1919 2846 1970 inquit,

1545 2006 1607 2053 te,
1635 2003 1764 2053 Maeli,
1782 2000 1832 2042 ad
1860 2011 1902 2042 se
1922 2001 2057 2041 venire
2070 2000 2196 2051 iubet.
2215 2016 2234 2034 »
2258 2057 2260 2059 Ι
2289 1999 2351 2043 Ad
2374 2000 2461 2041 haec
2485 1999 2724 2051 respondens
2743 2000 2809 2039 ille
2834 2016 2844 2039 ε

1549 2104 1569 2123 (ι
1587 2088 1778 2135 Quisnam
1790 2118 1802 2137 ,
1820 2087 1975 2137 Servili,
1997 2097 2062 2126 me
2078 2087 2248 2126 dictator
2264 2087 2405 2126 vocat?
2425 2086 2586 2125 ubinam
2604 2089 2663 2126 est
2682 2086 2749 2126 ille
2768 2088 2808 2125 et
2823 2098 2846 2125 a

1545 2181 1624 2221 quo
1644 2169 1736 2209 inde
1751 2170 1960 2220 tempore?
1984 2185 2003 2204 »
2028 2168 2235 2218 Simulque
2262 2168 2516 2218 perturbatus
2537 2168 2664 2208 oculis
2679 2168 2846 2207 circum·

1545 2254 1715 2291 stantem
1739 2250 1932 2302 percurrit
1948 2261 2152 2290 coronam.
2208 2252 2266 2289 Ex
2287 2261 2367 2300 qua
2386 2260 2513 2300 quum
2529 2260 2645 2288 nemo
2662 2249 2844 2300 hisceret,

1545 2335 1654 2385 quod
1669 2346 1692 2374 a
1708 2335 1845 2374 'senatu
1866 2335 1970 2374 sacta
1984 2345 2123 2374 ornnes
2136 2333 2384 2384 ignorarent,
2404 2344 2541 2372 rursus
2558 2333 2744 2373 Servilius
2759 2333 2814 2373 ait
2834 2349 2843 2372 ε

1547 2435 1565 2452 «ι
1593 2419 1688 2458 Heri
1707 2420 1776 2468 tu,
1795 2417 1899 2458 lilaeli
1915 2447 1926 2465 ,
1948 2416 1996 2455 ad
2024 2418 2204 2455 senatum
2226 2415 2383 2454 delatus
2405 2426 2468 2465 es,
2486 2417 2623 2465 utpote
2639 2426 2701 2455 res
2724 2425 2847 2454 novas

1548 2501 1734 2548 moliens;
1757 2499 1855 2539 salso
1877 2499 2067 2548 tortasse3
2089 2508 2181 2536 nam
2205 2507 2256 2535 ex
2271 2496 2523 2536 accusatione
2540 2496 2845 2547 nihirproeJ’udi·

1546 2580 1718 2620 candum
1739 2582 1812 2620 est.
1868 2582 1926 2619 De
1947 2579 2022 2618 hac
2044 2578 2242 2618 delatione
2261 2580 2423 2617 senatus
2444 2578 2643 2628 inquirere
2669 2580 2847 2618 statuens

1545 2665 1736 2704 dictatore
1758 2675 1859 2714 opus
1882 2674 1965 2702 esse
1985 2663 2162 2712 censuit,
2179 2662 2325 2712 quippe
2345 2661 2451 2701 baud
2472 2662 2635 2701 minimo
2655 2663 2846 2702 constitu·

1542 2751 1607 2788 tus
1631 2747 1670 2786 in
1682 2747 1871 2797 periculo.
1889 2749 2069 2795 Eamque
2097 2747 2332 2796 potestatem
2360 2744 2557 2784 commisit
2582 2747 2626 2785 L.
2659 2745 2846 2793 Quinctio

1544 2831 1802 2878 cincinnate,
1824 2839 1943 2878 quem
1962 2830 2005 2866 tu
2029 2837 2191 2877 quoque
2215 2827 2318 2865 nosti
2339 2826 2478 2876 procul
2508 2826 2631 2865 dubio
2650 2829 2843 2877 praestan-

1546 2912 1742 2952 tissimum
1759 2921 1842 2950 esse
1862 2909 2119 2960 patriciorum
2132 2939 2144 2959 ‚
2165 2920 2213 2948 ac
2230 2909 2292 2948 bis
2307 2909 2390 2958 jam
2412 2920 2577 2949 munere
2594 2910 2669 2949 hoc
2684 2921 2842 2950 summa

1542 3006 1635 3036 eum
1654 2994 1771 3034 laude
1793 2993 2060 3044 perfunctum.
2116 2995 2154 3031 ls
2172 2992 2306 3042 igitur,
2329 2995 2374 3031 ut
2391 2991 2583 3042 iudicium
2617 2991 2689 3032 tibi
2710 2993 2842 3043 sistat,

1541 3087 1587 3115 ac
1604 3075 1838 3115 defendendi
1854 3077 1895 3114 te
1911 3075 2139 3114 facultatem
2158 3075 2354 3124 praebeat,
2372 3085 2445 3113 nos
2462 3075 2589 3124 misit,
2610 3086 2675 3115 me
2691 3076 2840 3116 seilicet

1541 3171 1588 3198 ac
1607 3159 1713 3198 viros
1735 3159 1873 3206 hosce,
1896 3159 1940 3196 ut
1970 3157 2017 3195 a‹l
2037 3167 2197 3195 causam
2222 3136 2429 3195 dicendam
2460 3167 2598 3196 secure
2618 3158 2657 3195 te
2676 3156 2844 3196 adduca-

1543 3257 1646 3285 mus.
1680 3248 1767 3285 Jam
1785 3245 1817 3284 si
1833 3243 1981 3283 nullius
1996 3242 2068 3282 tibi
2097 3242 2255 3282 sceleris
2271 3242 2450 3281 conscius
2462 3252 2517 3290 es,
2537 3241 2671 3280 venias
2689 3243 2728 3280 et
2751 3253 2825 3297 cau

1543 3340 1627 3368 sam
1647 3328 1755 3368 dicas
1774 3338 1908 3366 coram
1938 3326 2045 3375 viro,
2068 3324 2161 3376 qui,
2182 3335 2309 3374 quum
2342 3324 2489 3363 civium
2516 3303 2736 3364 commodis
2755 3328 2841 3365 stu-

1543 3413 1655 3462 deat,
1679 3422 1809 3462 neque
1831 3410 1883 3450 ob
1909 3420 2164 3448 communem
2186 3418 2267 3458 qua
2289 3405 2479 3457 premeris
2496 3405 2684 3444 invidiam
2711 3406 2842 3456 neque

1543 3496 1619 3535 alio
1639 3495 1721 3534 ullo
1741 3494 1937 3545 praetextu
1960 3504 1981 3532 e
2009 3492 2139 3531 medio
2154 3492 2195 3530 te
2215 3500 2417 3530 removere
2438 3488 2624 3528 voluerit.
2645 3503 2665 3523 υ
2688 3487 2841 3534 Quibus

1542 3579 1687 3618 auditis
1699 3560 1882 3618 exsiliens
1899 3560 2238 3625 iiiaeliu's‚1sun1ma
2255 3565 2367 3622 voce,
2386 3587 2405 3606 α
2425 3558 2511 3611 Viri
2527 3551 2750 3621 popiil'a‘ies]
2763 3550 2847 3609 <337

1543 3662 1692 3711 mavit,
1716 3661 1812 3701 milii
1835 3661 2081 3706 succurrite,
2109 3658 2179 3709 qui
2205 3657 2257 3696 ob
2284 3666 2414 3695 meam
2439 3654 2479 3693 in
2501 3664 2573 3694 vos
2595 3651 2836 3692 benevolen-

1544 3744 1641 3784 tiam
1665 3744 1715 3784 ab
1738 3742 1999 3795 optimatibus
2015 3740 2219 3791 corripior.
2273 3742 2411 3789 Neque
2425 3738 2532 3777 enim
2554 3737 2592 3776 in
2605 3736 2797 3787 ‚iudicium
2814 3747 2838 3775 u

1542 3831 1752 3879 dictatore,
1767 3828 1838 3869 sed
1853 3827 1902 3867 ad
1915 3837 2054 3867 necem
2068 3836 2204 3864 vocor.
2228 3841 2246 3858 υ
2273 3823 2466 3873 Editoque
2487 3820 2591 3861 circa
2609 3823 2834 3871 suggestum

167 3962 256 4000 tam
275 3961 451 4012 trepidis
469 3961 592 4000 rebus
610 3961 767 4001 damno
786 3962 1030 4002 dedecorive
1049 3963 1299 4014 reipublic-ce
1320 3967 1440 4011 esset,
1456 3963 1648 4002 dictator
1663 3973 1690 4002 a
1706 3961 1874 4001 consule
1891 3959 2049 3999 dicitur
2069 3970 2077 3995 :
2101 3959 2190 4007 ipse
2200 3954 2352 3995 deinde
2375 3956 2416 3993 C.
2434 3952 2665 3992 Servilium
2680 3954 2835 4000 mams-

164 4020 280 4059 trum
289 4023 485 4071 equitum
503 4019 622 4060 dicit.
643 4042 692 4048 —-
708 4024 769 4060 24.
790 4021 969 4072 ἔχοντι]
986 4021 1091 4071 quod
1111 4033 1189 4061 non
1206 4023 1441 4062 mutandum
1458 4033 1540 4061 esse
1562 4023 1600 4061 in
1621 4022 1774 4070 ἔχοντα,
1787 4027 1956 4067 sequens
1974 4013 2282 4055 suadetdativus
2295 4012 2430 4076 τοῖςδὲ
2450 4012 2684 4075 βουλευταῖς.
2700 4013 2838 4075 ltaque

162 4079 346 4117 lacunam
362 4080 511 4119 notavi.
531 4084 586 4119 Ac
601 4080 763 4118 omnino
778 4080 879 4118 male
891 4083 1094 4119 contracta
1112 4083 1170 4119 est
1183 4082 1356 4119 narratio
1370 4082 1557 4131 Dionysii,
1576 4079 1643 4130 qui
1658 4081 1697 4117 et
1713 4076 1918 4116 dictatoris
1933 4084 2075 4113 nomen
2089 4073 2196 4112 certe
2212 4073 2254 4110 et
2266 4072 2387 4108 creati
2404 4067 2456 4134 ³.b
2472 4079 2520 4107 eo
2534 4071 2710 4133 magistri
2727 4071 2834 4118 eqni-

160 4139 247 4175 tum
264 4148 342 4176 non
362 4138 488 4187 potuit
505 4138 703 4177 omittere.
717 4137 790 4175 Sed
804 4137 889 4175 liaec
899 4141 1107 4186 excerptor
1117 4136 1167 4176 ad
1185 4137 1344 4176 insidias
1359 4148 1449 4176 suas
1465 4147 1677 4186 properans
1691 4135 1786 4174 nihil
1804 4133 1971 4172 curavit.
1989 4133 2136 4172 Contra
2144 4129 2175 4168 si
2191 4126 2286 4178 quid
2298 4127 2481 4166 librarius
2490 4127 2726 4176 peccaverit,
2743 4135 2835 4175 sup-

164 4193 348 4241 plendum
365 4197 428 4234 τὸν
446 4198 502 4235 ἱπ.
529 4188 728 4240 ἀποδείξας
748 4194 806 4233 ve!
827 4195 990 4238 καλέσας
1008 4195 1184 4233 ἐκέλευσε
1203 4195 1264 4234 vel
1282 4197 1360 4234 tale
1376 4194 1484 4245 quid.
1502 4217 1551 4222 --
1569 4200 1629 4233 25·
1653 4190 1795 4243 ἐξῄει]
1812 4192 1896 4236 ἐξίει
1913 4189 2001 4229 eod.
2021 4190 2208 4229 Ceterum
2228 4185 2340 4224 locus
2356 4184 2488 4222 noster
2507 4182 2610 4222 male
2629 4185 2835 4222 truncatus

163 4253 233 4289 est.
254 4252 366 4291 Circa
377 4253 546 4292 mediam
562 4253 718 4290 noctem
737 4251 925 4290 Servilius
935 4251 983 4289 ad
993 4250 1226 4290 dictatorem
1243 4262 1284 4290 se
1297 4254 1474 4291 conferre
1489 4250 1620 4299 jussus
1631 4251 1730 4297 erat,
1742 4251 1786 4288 ut
1802 4259 1922 4297 supra
1937 4246 2119 4285 vidimus.
2142 4245 2224 4283 {loc
2242 4242 2368 4291 ipsum
2382 4239 2418 4278 h.
2433 4239 2460 4278 l.
2477 4241 2837 4287 commemoratum

164 4310 261 4346 erat.
282 4310 324 4347 In
342 4319 449 4359 seqq.
473 4309 608 4359 scripsi
622 4309 735 4347 ἕωθεν
754 4320 822 4359 pro
839 4308 987 4357 ἔξωθεν,
1006 4308 1113 4358 qnod
1131 4307 1250 4346 codex
1272 4310 1431 4358 praebet.
1454 4331 1504 4337 —
1520 4315 1581 4347 20.
1598 4306 1705 4358 ὑπὸ]
1721 4307 1781 4345 ἐπὶ
1795 4306 1882 4344 coil.
1903 4327 1949 4332 -—
1966 4307 2028 4343 27.
2048 4316 2074 4342 π
2087 4300 2252 4348 οιῆσαί
2271 4296 2338 4348 σε]
2354 4310 2558 4344 ποιησεσαι
2576 4296 2714 4335 codex.

2976 756 3013 1477 -2›⁴3„-5fflnitsszss„w:3mwmssk³z
2989 684 3013 743 ste
2998 459 3013 494 »ς
2991 405 3013 419 .-
