2990 4712
329 285 2193 326 «ama-‹fflinoezc'nza-‹ae-«cmxc-«zoeaeaezaennwwwu-»ovbwwbwoe-
2201 285 2600 314 wwwbwwb-w·

1088 532 1859 682 PRAEFATIQ

410 1125 676 1188 Historiae
706 1126 969 1184 studium
1001 1128 1069 1182 iis
1107 1126 1356 1181 maxime
1382 1117 1750 1202 ‘temporibus
1776 1124 1849 1180 ad
1874 1125 2130 1180 fructum
2165 1123 2532 1179 uberrimum
2564 1134 2612 1175 et

325 1236 397 1292 ad
433 1232 777 1290 suavitatem
804 1227 1309 1305 jucundissimum
1346 1237 1460 1295 est,
1495 1225 1713 1302 quibus
1753 1238 1950 1280 motus
1989 1224 2068 1279 illi
2098 1223 2485 1279 revolvuntur
2531 1224 2623 1278 in-

325 1348 554 1413 genteS,
583 1331 743 1388 unde
774 1350 964 1386 novus
998 1348 1193 1384 rerum
1215 1327 1608 1382 humanarum
1651 1325 1798 1380 ordo
1823 1325 2105 1401 exsurgit,
2126 1345 2191 1379 ac
2213 1345 2362 1379 nova
2386 1323 2622 1401 populis

329 1438 439 1493 fata
481 1433 869 1490 destinantur.
918 1428 1438 1486 Verumenimvero
1483 1426 1626 1481 dum
1669 1446 1925 1504 praesens
1972 1438 2344 1481 momentum
2395 1425 2625 1480 animos

328 1545 577 1612 occupat
608 1545 666 1588 et
707 1531 886 1587 futuri
912 1529 1267 1607 exspectatio
1308 1529 1462 1585 inter
1495 1549 1660 1607 spem
1700 1541 2045 1606 metumque
2082 1541 2237 1584 tenet
2280 1548 2626 1604 suspenSOS,

327 1636 609 1694 exterritae
622 1638 797 1690 Musae
812 1632 1207 1688 conticescere
1221 1651 1287 1686 ac
1300 1630 1528 1687 deserta
1543 1631 1874 1709 priscorum
1891 1650 2072 1686 monn
2083 1639 2279 1684 menta
2295 1630 2629 1686 seculorum

331 1737 594 1815 squalere
630 1733 838 1790 solent.
860 1736 1097 1801 Quaeras
1131 1732 1305 1808 igitur
1331 1752 1588 1808 quanam
1621 1729 1984 1787 confidentia
2021 1742 2077 1785 et
2112 1731 2449 1800 securitate,
2485 1730 2628 1785 dum

330 1835 630 1892 ruentium
661 1832 884 1908 fragore
910 1851 1227 1907 regnorum
1262 1831 1463 1886 omnia
1493 1831 1836 1910 implentur,
1871 1852 1979 1887 nos
2001 1830 2231 1887 tabulas
2260 1831 2482 1907 quibus
2510 1831 2634 1886 lon-

331 1938 549 2015 ginqua
574 1933 933 2012 populorum
975 1933 1262 1989 memoria
1294 1933 1636 2010 consignata
1655 1946 1760 2004 est,
1801 1933 2103 2009 colligere,
2134 1932 2380 1988 collecta
2414 1934 2474 1988 in
2518 1953 2627 2009 pu-

304 2038 555 2094 ‘blicum
597 2054 757 2090 nunc
802 2033 975 2089 edere
1019 2042 1324 2089 conemur.
1375 2033 1670 2091 Nimirum
1709 2055 1830 2089 non
1883 2046 2003 2089 tam
2060 2046 2368 2110 stupemus
2414 2034 2475 2088 in
2522 2033 2634 2088 hac

337 2148 680 2214 tempestate
710 2134 933 2210 fulgura
965 2133 1061 2189 illa
1088 2133 1332 2204 Gallica,
1366 2134 1584 2211 quibus
1614 2155 1902 2191 concussa
1926 2137 2158 2209 Europa
2188 2135 2467 2190 miscetur
2500 2136 2634 2189 11111-

335 2259 526 2307 versa,
553 2255 729 2314 quam
760 2234 1122 2291 admiramur
1146 2233 1276 2306 coeli
1299 2234 1557 2311 solisque
1582 2237 1954 2291 serenitatem
1971 2278 1985 2305 ‚
2013 2255 2140 2312 quae
2167 2247 2417 2290 sonante
2443 2234 2638 2299 adhue

339 2339 561 2394 tonitru
586 2357 690 2413 per
716 2348 866 2391 atras
902 2335 1091 2391 nubes
1117 2334 1390 2411 refulget,
1420 2337 1538 2392 sive
1555 2380 1568 2406 ,
1594 2349 1658 2391 ut
1693 2336 1968 2392 disertius
1994 2335 2326 2412 loquamur,
2361 2337 2633 2391 eximiam

340 2438 575 2494 victoris
603 2435 808 2513 populi
833 2435 1302 2490 moderationem
1331 2456 1744 2513 summamque
1764 2437 2025 2492 virorum
2052 2435 2272 2513 qtiibus
2300 2436 2638 2512 reipublicae

341 2536 737 2616 gubernacula
770 2537 1083 2591 commissa
1118 2547 1286 2604 511111,
1328 2536 1702 2612 prudentiam
1740 2559 1750 2592 z
1787 2546 1903 2614 qua
1938 2536 2180 2616 quidem
2219 2536 2494 2592 effectum
2523 2550 2636 2605 est,

345 2635 406 2694 ut
433 2638 504 2694 ad
533 2648 695 2692 sueta
731 2636 965 2712 negotia
997 2636 1181 2691 cuivis
1206 2635 1327 2710 jam
1355 2636 1544 2692 redire
1573 2637 1768 2707 liceat,
1804 2621 1984 2693 modo
2014 2657 2088 2692 ne
2124 2657 2269 2692 vana
2298 2639 2538 2693 terroris
2568 2639 2639 2692 si-

345 2739 598 2794 mulacra
625 2735 805 2813 fingat
830 2735 1160 2813 trepidatio.
1190 2739 1439 2791 Tantum
1478 2738 1652 2813 igitur
1684 2738 1877 2808 abest,
1909 2750 1973 2793 ut
2013 2738 2382 2814 antiquitatis
2412 2739 2639 2808 studia,

345 2839 610 2918 praeclara
629 2838 826 2916 patriae
841 2837 1053 2893 amoris
1074 2837 1485 2908 instrumenta,
1506 2838 1871 2894 oblivionem
1883 2837 2003 2914 jam
2025 2857 2259 2894 manere
2278 2859 2639 2907 censeamuS,

346 2954 407 2997 ut
436 2932 503 2996 ex
546 2959 697 2995 nova
732 2938 1000 2994 libertate
1031 2958 1254 2993 novum
1283 2938 1352 2993 iis
1378 2937 1562 2994 robur
1593 2958 1966 2995 accessurum
2000 2960 2124 2995 esse
2158 2959 2503 3016 persuasum
2548 2941 2638 2995 sit.

343 3046 539 3119 Neque
562 3041 937 3118 desperamus
959 3038 1368 3095 collectionem
1399 3040 1753 3116 scriptorum
1770 3042 2129 3111 Graecorum,
2162 3061 2336 3118 quam
2369 3061 2473 3118 per
2500 3040 2645 3097 duo-

346 3143 536 3198 decim
562 3162 723 3198 nunc
755 3161 943 3197 annos
968 3144 1256 3196 FliNus
1283 3144 1475 3196 DmoT
1507 3153 1806 3196 crescente
1835 3141 1896 3196 in
1941 3141 2097 3197 diem
2133 3141 2311 3197 studii
2349 3141 2643 3197 alacritate

347 3265 483 3299 cum
510 3244 731 3319 ingenti
765 3261 948 3319 opum
983 3240 1300 3318 dispendio
1332 3241 1613 3310 instituit,
1654 3241 1972 3318 plaudente.
2000 3242 2301 3297 literarum
2345 3242 2643 3319 republica

348 3344 408 3399 in
442 3343 734 3399 honorem
758 3342 955 3419 patriae
978 3356 1150 3417 posse
1179 3341 1431 3411 absolvi,
1458 3341 1722 3420 adeoque
1767 3342 1944 3397 semel
1985 3355 2139 3398 certe
2173 3344 2543 3417 contingere,
2582 3356 2639 3398 ut

349 3442 844 3498 literariaGraeciae
867 3453 1257 3497 monumenta
1273 3442 1329 3496 in
1353 3463 1539 3497 unum
1565 3442 1763 3498 omnia
1779 3442 1945 3520 quasi
1961 3463 2175 3518 corpus
2191 3454 2643 3518 componantur.

400 3545 698 3598 'Ceterum
735 3542 871 3597 satis
903 3554 1132 3597 constat
1162 3563 1280 3596 non
1314 3543 1683 3618 acquiescere
1720 3543 2051 3597 Firminum
2090 3542 2272 3597 Didot
2299 3543 2358 3597 in
2399 3541 2647 3597 edendis

353 3640 658 3718 operibus,
700 3661 828 3716 quae
869 3640 1091 3716 integra
1121 3639 1194 3695 ad
1227 3661 1334 3695 nos
1373 3641 1799 3718 perdurarunt,
1837 3642 1938 3698 sed
1975 3643 2150 3698 etiam
2198 3641 2645 3718 ‹leperditorum

355 3733 566 3797 rudera
579 3740 911 3817 colligenda
935 3753 989 3796 et
1015 3739 1089 3796 ad
1114 3741 1290 3817 prisci
1309 3741 1537 3797 ordinis
1561 3742 2010 3798 similitudinem
2037 3741 2410 3818 disponenda
2426 3762 2646 3796 curare.

354 3840 531 3910 Quod
557 3841 894 3896 institutum
928 3861 1115 3917 quum
1144 3842 1203 3895 in
1226 3840 1468 3918 reliquis
1501 3842 1686 3898 literis
1712 3842 1962 3919 perutile
1989 3854 2103 3910 est,
2132 3855 2256 3896 tum
2289 3862 2424 3897 vero
2452 3842 2510 3896 in
2548 3841 2646 3908 iis,

355 3959 483 4016 quae
521 3939 594 3995 ad
629 3939 931 3995 historiam
960 3940 1288 4016 pertinent,
1324 3943 1540 3997 summi
1570 3955 1729 4020 patet
1762 3963 1887 3998 esse
1920 3942 2226 3998 momenti.
2258 3942 2423 3996 Viam
2450 3942 2507 3996 in
2555 3939 2648 3994 his

357 4060 593 4116 quoque
619 4041 841 4117 praeivit
864 4062 928 4096 ac
956 4041 1137 4096 facem
1162 4042 1416 4118 praetulit
1443 4041 1596 4099 libro
1626 4042 2031 4100 laudatissimo
2059 4044 2428 4120 (Fragmema
2458 4042 2648 4095 hislo-

363 4141 609 4195 tz'corcmz
634 4144 1186 4217 antiquissimorum,
1218 4141 1607 4218 Heiclelbetgce
1631 4143 1799 4219 1806)
1819 4143 2199 4199 Venerandus
2219 4146 2430 4197 Nestor
2456 4141 2650 4216 philo-

365 4238 1005 4314 logorum,FmDER1cus
1033 4247 1383 4298 CREUZERUS.
1402 4242 1580 4317 Cujus
1609 4245 1715 4298 viri
1739 4244 2103 4299 celeberrimi
2131 4254 2461 4319 prementes
2485 4242 2654 4295 westi-

572 4352 823 4384 ,FRAGMENTA
849 4329 962 4377 llls'T0—
977 4350 1038 4377 GR.
1060 4362 1100 4367 —
1118 4352 1206 4378 VOL.
1242 4353 1280 4379 ΙΙ.
1505 4356 1512 4364 ”
2396 4356 2423 4386 a
