3008 4542
422 218 444 235 ἱ»

270 280 362 322 554

255 382 417 427 eadem
446 398 553 426 cum
581 380 977 436 Manethonianis,
1008 396 1063 424 ex
1087 389 1220 440 parte
1246 381 1409 425 similia
1431 379 1556 437 ejus-

255 456 457 515 demque
481 454 664 507 familiae
685 468 779 498 esse
803 461 1015 514 apparet.
1040 455 1100 498 At
1119 454 1257 498 series
1277 467 1441 497 eorum
1457 468 1557 496 non

254 527 523 588 respondet.
539 527 738 572 Videtur
754 528 913 586 itaque
928 535 1093 571 auctor
1115 526 1213 585 ejus
1228 542 1326 570 non
1345 525 1394 570 id
1412 526 1555 585 egisse

253 611 306 645 ut
330 616 491 661 regum
506 600 815 645 successiones
836 600 1150 660 consignaret,
1163 599 1246 643 sed
1267 608 1320 642 ut
1336 599 1557 659 genealo-

255 674 404 733 gicam
427 674 592 718 seriem
608 673 791 718 familiae
816 672 1055 731 cujusdam
1066 671 1349 730 principum,
1368 685 1425 714 ex
1435 669 1553 728 qui-

254 745 343 790 bus
363 746 580 790 nonnulli
600 747 740 791 etiam
760 760 893 806 reges
916 759 1009 789 esse
1029 750 1273 803 poterant,
1293 742 1489 786 exhibei
1491 750 1552 786 et.

252 821 545 880 Argumenta
573 817 711 876 hujus
747 818 983 863 sententiae
1027 817 1126 875 ipsa
1147 815 1276 875 signa
1316 814 1559 874 hierogly-

255 891 394 948 phica
430 890 757 950 suppeditant,
794 890 853 934 de
897 889 1066 948 quibus
1104 887 1319 947 pluribus
1355 886 1561 946 disputat

256 963 456 1008 Bunsen.
477 979 528 1023 p.
556 962 644 1007 188
662 979 730 1021 sq.

637 1095 834 1139 SEXTA
867 1093 1191 1139 DYNASTIA.

867 1209 946 1238 20.

639 1302 761 1352 SEC.
803 1308 876 1351 AF
880 1307 1176 1352 RICANUM.

326 1418 630 1477 Syncellusp.
654 1415 731 1472 58,
772 1412 1028 1471 ΒεἽΞκτη
1055 1412 1346 1460 δυναστεία
1398 1417 1559 1478 βασι-

258 1487 387 1536 λέων
411 1486 460 1542 ἓξ
483 1489 793 1551 Μεμφιτῶν.

329 1559 370 1607 α’
397 1559 590 1617 Ὀθόης
623 1557 815 1623 (Ὁθώης
839 1561 917 1619 Α.,
939 1558 1104 1618 Ὀθώης
1127 1558 1290 1623 Goar.)
1324 1559 1398 1618 ἔτη
1423 1559 1480 1617 λ’,
1517 1558 1561 1613 ὃς

262 1631 345 1679 ὑπὸ
364 1634 449 1680 τῶν
469 1631 712 1697 δορυφόρων
733 1631 937 1696 ἀνῃρέθη.

329 1705 369 1769 β’
405 1704 537 1758 Φιὸς
557 1703 631 1762 ἔτη
651 1702 730 1766 νγ’.

325 1777 365 1839 γ’
405 1780 764 1842 Μεθουσοῦφις
783 1775 857 1834 ἔτη
884 1776 938 1830 ζ’.

327 1848 363 1896 δ’
401 1848 586 1914 Φίωψ,
619 1847 794 1907 ἑξαέτης
819 1847 1053 1913 ἀρξάμενος
1079 1845 1319 1913 βασιλεύειν
1353 1846 1562 1911 διεγένετο

263 1919 393 1985 μέχρι
413 1922 518 1967 ἐτῶν
541 1921 597 1984 ρ’.

329 1993 361 2038 ε’
400 1994 447 2040 Μ
465 1996 770 2058 ενθεσοῦφις
793 1990 884 2045 ἔτος
914 1989 972 2038 ἕν.

327 2064 368 2118 ς’
408 2063 703 2129 Νίτωκρις,
740 2062 1029 2126 γεννικωτάτη
1047 2063 1121 2110 καὶ
1148 2064 1447 2130 εὖμορφοτάτη
1478 2068 1561 2111 τῶν

260 2138 371 2190 κατ’Ἰ
392 2135 525 2195 αὐτὴν
549 2136 782 2201 γενομένη,
809 2135 934 2192 ξανθὴ
951 2136 1027 2193 τὴν
1048 2136 1216 2200 χροιὰν,
1248 2137 1275 2195 ἣ
1306 2137 1382 2195 τὴν
1414 2138 1561 2203 τρίτην

260 2210 408 2273 ἤγειρε
426 2209 676 2272 πυραμίδα,
708 2208 984 2256 ἐδασίλευσεν
1011 2207 1084 2267 ἔτη
1113 2208 1184 2256 ιδ’.

330 2282 468 2343 Ὁμοῦ
483 2280 556 2341 ἔτη
573 2281 657 2345 σγ’.
673 2282 869 2330 Γίνονται
880 2280 955 2328 σὺν
971 2282 1057 2334 τοῖς
1067 2282 1562 2348 προτεταγμένοιςΙασζὲ

262 2358 347 2401 τῶν
386 2354 418 2401 ε’
447 2357 704 2402 δυναστειῶν
749 2354 822 2412 ἔτη
858 2352 976 2419 ,αυζί
1020 2355 1183 2416 ([497.
1235 2358 1559 2419 12944—203).

875 2497 953 2524 21.

691 2597 812 2643 SEC.
848 2599 1173 2644 EUSEBIUM.

1533 2691 1557 2705 C·

331 2708 568 2767 Syncellus
585 2722 633 2766 p.
661 2705 737 2763 58,
761 2709 804 2751 D
829 2703 1024 2763 :‘'Extn
1051 2706 1361 2757 δυναστεία.

334 2776 446 2834 Γυνὴ
473 2776 744 2841 Νίτωκρις
764 2776 1015 2824 ἐὸασίλευσε
1036 2781 1119 2825 τῶν
1145 2779 1240 2826 κατ’
1267 2779 1398 2838 αὐτὴν
1425 2800 1564 2845 γεννι-

266 2848 441 2907 κωτάτη
465 2849 539 2896 καὶ
558 2848 880 2914 εὖμορφοτοίτη,
913 2849 1041 2908 ξανθή
1080 2870 1125 2898 τε
1149 2851 1226 2909 τὴν
1246 2853 1396 2917 χροιὰν
1418 2854 1565 2919 ὑπάρ-

268 2921 431 2980 ξασα,ἣ
445 2920 520 2968 καὶ
539 2920 709 2984 λέγεται
727 2921 804 2979 τὴν
816 2921 963 2986 τρίτην
981 2925 1207 2988 πυραμίδα
1217 2925 1562 2990 ᾠκοδομηκέναι.

471 3147 805 3186 ΕΒΑΤΟδῊΙΕΝ
813 3148 885 3186 Es.

347 3321 435 3358 XX.
466 3322 665 3369 Apappus.

347 3397 437 3434 ΧΧΙ
445 3425 454 3434 .
482 3394 812 3446 [Menthuophis].

1142 3325 1180 3362 4.
1212 3321 1373 3372 Phiops.

1143 3405 1179 3439 5.
1209 3399 1502 3450 Menthesuphis

1193 3475 1250 3527 [2.
1281 3477 1402 3517 Phios
1429 3476 1512 3528 53.]

1195 3554 1251 3605 [3.
1281 3554 1559 3605 Methusuphis
1589 3559 1626 3595 7.

1144 3638 1182 3670 6.
1212 3631 1398 3671 Nitocris.

351 3627 476 3666 XXH.
509 3625 693 3664 Nitocris.

349 3955 386 4000 Ι.
420 3958 647 4016 Apappus
672 3971 761 4002 sec.
782 3956 1132 3999 Eratosthenem
1155 3953 1382 4015 significat
1405 3957 1426 3999 ὁ
1450 3953 1574 4018 μέγι-

1340 3153 1607 3192 ΜΑΝΕΤΗΟ.

1179 266 1598 319 ΜΑΝΕΤΗΟΝ18
1630 266 2022 317 SEBENNYTAE

1697 373 1758 423 Οἳ
1778 372 1853 422 καὶ
1869 374 2155 423 ἐὸασίλευσαν
2184 376 2241 439 (ἣ
2263 376 2338 424 καὶ
2360 373 2634 426 ἑὸασίλευσεν
2652 381 2831 443 margo)
2857 381 2932 440 ἔτη

1631 446 1747 511 τρία·
1776 448 1820 493 ἐν
1844 446 1964 512 ἄλλῳ
1987 449 2055 511 σγ’
2077 452 2163 512 (sic
2187 451 2356 498 Euseb.
2382 454 2510 498 Arm.
2530 452 2563 514 ).
2960 451 2962 453 ’
2985 439 2996 459 ⁸⁴

1699 519 1896 568 Γίνονται
1924 518 2000 567 σὺν
2038 521 2124 574 τοῖς
2151 519 2508 585 προτεταγμένοις
2529 522 2660 587 'ach'
2686 527 2771 570 τῶν
2806 524 2935 572 πέντε

1632 592 1891 639 δυναστειῶν
1907 591 1981 651 ἔτη
2001 591 2156 656 ,eust-d.
2182 595 2197 655 (
2220 596 2366 655 1498,
2389 597 2422 641 i.
2442 611 2485 643 e.
2513 596 2633 657 1295
2648 602 2718 653 -4-
2733 597 2866 658 203).
2966 645 2969 650 Δ

1699 665 1847 710 Addjt
1877 667 2116 726 Syncellus
2156 682 2190 713 :-
2209 666 2484 727 Σημειωτέον
2526 667 2683 716 ὁπόσον
2722 666 2952 722 Εὔσέὸιος

1634 735 1886 803 Ἀφρικανοῦ
1908 736 2105 784 λείπεται
2129 738 2349 803 ἀκριὸείας
2369 741 2411 786 ἐν
2441 757 2489 786 τε
2517 743 2572 803 τῇ
2599 742 2686 787 τῶν
2721 739 2935 804 βασιλέων
2963 771 2965 774 <

1633 809 1843 867 ποσότητι
1866 810 1940 857 καὶ
1969 810 2063 863 ταῖς
2099 812 2184 856 τῶν
2219 811 2442 871 ὀνομάτων
2468 810 2718 876 ὑφαιρέσεσι
2739 812 2815 860 καὶ
2848 815 2939 868 τοῖς
2975 856 2977 859 .

1632 881 1824 947 χρόνοις,
1846 880 2004 947 σχεδὸν
2019 882 2075 930 τὰ
2096 882 2352 947 Ἀφρικανοῦ
2380 884 2528 938 αὐταῖς
2548 881 2688 938 λέξεσι
2710 882 2900 949 γράφων.
2962 926 2965 939 2
2996 877 2999 886 Ἦ

1706 957 1871 1001 Euseb.
1899 957 2078 1004 Chron.
2103 973 2155 1017 p.
2182 973 2241 1017 97
2279 973 2290 1001 :
2312 958 2459 1002 Sexta
2477 959 2712 1017 dynastia.
2738 960 2938 1004 Femina

1635 1029 1850 1088 qaoedam
1887 1030 2093 1074 Nicocris
2131 1034 2360 1090 regnavit,
2406 1035 2609 1074 omnium
2646 1035 2805 1076 «etatis
2838 1047 2938 1076 suoe
2965 1032 2969 1035 ’
3001 1039 3003 1041 ’

1634 1104 1838 1144 virorum
1846 1097 2113 1157 fortissima
2127 1110 2172 1144 et
2190 1103 2430 1145 mulierum
2435 1100 2795 1159 formosissima,
2802 1103 2939 1160 flava
3003 1143 3005 1160 3

1635 1173 1783 1215 rubris
1796 1177 1944 1232 genis.
1966 1172 2142 1226 Abhac
2155 1176 2292 1216 tertia
2299 1178 2516 1232 pyramis
2524 1178 2731 1218 excitata
2748 1175 2928 1230 dicitur,
2968 1183 2979 1204 Ψ

1634 1249 1831 1303 speciem
1855 1247 1987 1289 collis
2005 1260 2112 1304 proe
2132 1260 2182 1288 se
2192 1241 2376 1300 ferens.
2407 1245 2483 1289 Ab
2496 1244 2571 1288 his
2589 1261 2764 1306 quoque
2775 1261 2938 1306 regna·

1622 1327 1732 1373 ,tum
1753 1328 1824 1362 est
1843 1322 1980 1362 annis
2005 1318 2193 1362 CCIII.

2252 1433 2330 1461 22.

2049 1513 2444 1558 ERATOSTHEN
2452 1514 2539 1560 Es,

1704 1627 1943 1686 Syncellus
1962 1626 2226 1687 Chronogr.
2252 1643 2302 1686 p.
2334 1628 2498 1684 104,c
2536 1681 2538 1684 .
2963 1688 2965 1692 X

1706 1699 1811 1746 XX.
1819 1696 2060 1788 ΝΘηὸαίων
2093 1697 2132 1744 κ’
2155 1697 2433 1745 ἐὸασίλευσεν
2468 1698 2783 1759 Ἀπάππους,
2805 1700 2939 1765 μέγα·
2962 1695 3008 1764 ¹3

1641 1788 1753 1821 στος.
1779 1762 1969 1824 Οὖτος“
1939 1789 1996 1822 ως
2021 1788 2127 1834 φασι
2149 1768 2327 1835 παρὰ“’
2296 1789 2413 1834 ωραν
2440 1771 2544 1834 μίαν
2567 1770 2885 1820 &acinum-:W
2861 1793 2939 1832 ετη
2963 1811 2967 1814 -
3003 1765 3008 1804 Ξ

1641 1844 1696 1910 ρ’.
1685 1847 1808 1894 ,Του
1835 1843 1879 1891 δὲ
1898 1843 2061 1906 κόσμου
2089 1848 2141 1902 ἠν
2163 1843 2253 1898 ἔτος
2271 1844 2414 1909 γυξθ’.

1706 1918 1832 1965 ΧΧΙ.
1850 1915 2063 1974 Θηὸαίων
2089 1916 2158 1964 κα’
2182 1916 2460 1966 ἐδασίλευσεν
2494 1914 2941 1985 Ἐχεσκοσοκοίρα
2972 1910 3006 1942 7²

1643 1989 1736 2051 (sic
1758 1990 1810 2036 Β.
1829 1988 2004 2053 ἐχεσκος
2020 1988 2255 2053 ὃκάραςΑ.
2279 1988 2491 2053 Ἀχεσκὸς
2507 1989 2701 2057 Ὀκάρας
2720 1994 2866 2052 Goa13
2876 1993 2968 2056 ***j
3005 2006 3008 2047 ξ

1640 2060 1836 2123 σχετικὸς
1870 2064 1927 2114 ὡς
1949 2056 2080 2126 Ἄρης
2111 2065 2311 2107 Bunseu.
2320 2061 2404 2125 )‚’'
2379 2081 2470 2116 ετος
2499 2062 2558 2109 α’.
2585 2065 2678 2111 Tou
2700 2062 2789 2111 δὲ
2773 2064 2941 2128 κόσμου
3005 2055 3008 2072 ¹

1639 2137 1691 2191 ην
1725 2132 1814 2186 ἔτος
1836 2131 1985 2198 γφξθᾌ

1707 2207 1856 2253 XXII.
1895 2204 2106 2263 Θηὸαίων
2125 2204 2196 2252 κδ’
2213 2203 2465 2253 ἕὸασίλευσε
2486 2205 2749 2273 Νίτωκρις
2775 2209 2942 2276 (vt-:po-
2995 2214 3008 2242 *-

1641 2297 1705 2331 κις
1731 2280 1820 2340 Β),
1824 2279 1950 2367 ’'yma-h
1979 2278 2074 2324 ἀντὶ
2114 2297 2189 2324 του
2220 2277 2437 2354 ἀνδρός,
2420 2277 2445 2324 0'
2473 2281 2586 2326 ἐστιν
2622 2279 2777 2339 Ἀθηνα
2817 2301 2942 2331 νικα-
2991 2314 2994 2317 -

1642 2350 1791 2415 φόρος,
1819 2349 1970 2406 ἔτης·’.
1992 2353 2082 2398 Του
2107 2351 2152 2397 δὲ
2171 2349 2336 2413 κόσμου
2357 2355 2408 2410 ἠν
2441 2350 2532 2400 ἔτος
2550 2352 2676 2418 γφᾶ.

1709 2425 1776 2471 De
1795 2425 1996 2469 Eusebio
2021 2432 2152 2484 'reges
2171 2425 2390 2485 dynastiae
2413 2436 2551 2471 sextae
2575 2428 2625 2471 in
2655 2427 2768 2473 duas
2792 2428 2942 2489 dyna-

1639 2498 1744 2541 stias
1757 2497 2099 2542 distribuente
2081 2513 2179 2556 Jam
2193 2500 2477 2545 monuimus,
2502 2500 2691 2545 Summa
2707 2515 2940 2547 annorum

1641 2569 1804 2613 eadem
1834 2579 1972 2629 atque
1997 2586 2072 2630 ap.
2118 2571 2389 2615 Africanum
2425 2581 2471 2616 et
2499 2572 2782 2629 Barbarum,
2807 2574 2891 2618 ubi
2916 2587 2932 2620 t

1644 2642 1785 2686 Othoz‘
1815 2639 1870 2704 (i.
1895 2658 1935 2688 e.
1959 2640 2113 2689 Ὀθόου
2133 2643 2145 2704 )
2167 2653 2212 2687 et
2230 2645 2427 2689 aliorum
2450 2660 2595 2688 annos
2618 2645 2805 2690 CCIII.

1707 2715 1915 2758 Primum
1947 2730 2107 2775 regem
2140 2716 2329 2761 Othoen
2358 2718 2667 2777 relegavimus
2704 2717 2766 2762 ad
2797 2716 2937 2763 finem

1643 2787 1862 2846 dynastiae
1889 2788 2220 2834 antecedentis,
2252 2789 2493 2834 Secundus
2529 2799 2574 2834 et
2613 2791 2773 2835 tertius
2793 2790 2935 2835 iidem

1643 2868 1751 2903 sunt
1772 2869 1913 2919 atque
1937 2869 2130 2919 quartus
2161 2871 2206 2905 et
2227 2863 2432 2920 quintus.
2459 2864 2649 2907 Restant
2668 2878 2801 2924 reges
2823 2872 2940 2924 tres,

1642 2933 1725 2991 qui
1748 2934 1926 2992 optime
1948 2933 2233 2992 respondent
2253 2935 2614 2979 Eratosthenicis
2640 2951 2652 2978 τ

2041 3155 2378 3194 MONUMENTA.
2409 3153 2515 3203 (tab.
2546 3156 2600 3195 111
2627 3155 2763 3205 Leps)

1937 3331 2049 3368 Mem
2078 3339 2231 3367 ιιειιιΝΑ
2260 3340 2361 3367 Ρενι.
2393 3333 2532 3369 Arma.

1938 3407 2222 3444 Manno-nm».
2259 3427 2261 3429 -

1605 3984 1607 4002 ;
1648 3959 1808 4002 Museo
1819 3954 2141 4016 Britannico),
2165 3956 2248 4000 ubi
2270 3968 2442 3998 nomen
2455 3951 2684 3996 scribitur
2703 3957 2860 4013 αμφὶ.
2877 3978 2951 4010 -ῂ

283 4041 406 4084 στος,
430 4027 561 4086 quod
577 4028 829 4089 aegyptiace
842 4035 1009 4072 sonat:
1025 4031 1103 4086 pi·
1106 4042 1195 4086 ape
1210 4029 1283 4071 vel
1290 4044 1448 4088 pape
1466 4030 1576 4074 hinc
1648 4030 1788 4088 Quod
1808 4029 1867 4074 de
1891 4036 2078 4073 centum
2099 4029 2232 4089 regui
2254 4027 2384 4085 qnnis
2406 4024 2624 4084 traditur,
2646 4026 2763 4069 nihil
2787 4025 2953 4069 offen·

283 4099 527 4158 quomodo
561 4099 662 4145 fieri
685 4100 894 4160 potuerit
920 4098 1037 4160 phe·-
1042 4115 1125 4159 ops
1163 4109 1209 4144 et
1240 4115 1346 4144 cum
1379 4099 1572 4160 praefixo
1651 4102 1791 4145 sionis
1817 4101 1989 4144 habere
2008 4101 2263 4144 Bunsenius
2283 4105 2460 4154 censet;
2477 4112 2624 4141 annos
2643 4094 2701 4140 53
2729 4111 2846 4155 quos
2868 4097 2940 4143 alq-

284 4187 496 4231 1pappus
519 4172 650 4217 facile
669 4173 964 4232 intelligitur3
991 4187 1085 4230 quo
1109 4171 1290 4216 accedit
1308 4172 1438 4231 quod
1458 4189 1575 4232 prae·

1652 4173 1738 4217 teri
1785 4171 1949 4230 Phiopi
1989 4171 2153 4214 tnibuit
2200 4169 2400 4224 anetho,
2455 4168 2645 4213 fortasse
2683 4167 2741 4213 de
2785 4169 2950 4224 ποίη

287 4241 430 4286 fixum
451 4243 571 4288 istud
589 4245 776 4288 exhibet
796 4245 931 4288 etiam
947 4259 1151 4303 papyrus
1167 4244 1343 4288 Sallieri
1364 4243 1511 4306 (nunc
1531 4247 1620 4294 in
1652 4244 1821 4304 quibus
1856 4258 2087 4287 successor
2125 4257 2211 4286 una
2240 4258 2343 4286 cum
2377 4250 2510 4300 pane
2547 4241 2617 4285 vel
2644 4255 2730 4284 avo
2765 4235 2962 4302 Phiope-
