3016 4628
1196 302 1604 354 FRAGMENTA.

523 428 584 492 Π
597 425 939 490 ΕΡΣΙΚΑ.

409 564 422 623 (
438 561 652 610 ΠΡΩΤΗ
689 555 1027 606 ΣΥΝΤΑΞΙΣ.
1044 555 1057 618 )

542 664 927 713 ἈΣΣΥΡΙΑΚΑ.

715 781 754 809 1.

161 871 327 916 AElian.
363 870 418 914 V.
450 868 510 912 H.
534 867 650 923 VII,’
671 881 690 910 1
722 880 733 909 :
771 861 1015 926 Σεμίραμιν
1050 860 1128 919 τὴν
1156 859 1381 924 Ἀσσυρίαν

28 929 54 951 ”“
87 940 215 988 ’ἄλλοι
232 936 309 1002 μὲν
330 935 471 989 ἄλλως
483 934 678 1000 ᾅδουσιν·
699 932 946 1000 ὡραιοτάτη
965 932 1010 980 δὲ
1037 931 1204 996 ἐγένετο
1229 951 1398 996 γυναι--

93 1014 206 1073 κῶν,
231 1008 357 1057 εἶκαὶ
381 1006 705 1073 ἀφελέστερον’
686 1024 845 1071 εχρητο
861 1008 922 1052 τῶ
938 1005 1104 1053 κάλλει.
1124 1003 1380 1069 Ἀφικομένη

93 1083 138 1132 δὲ
157 1082 260 1148 πρὸς
278 1081 350 1129 τὸν
373 1083 458 1128 τῶν
477 1078 710 1145 Ἀσσυρίων
734 1076 917 1143 βασιλέα
941 1076 1110 1136 κλητὴ,
1129 1075 1239 1125 κατὰ
1260 1075 1382 1130 κλέος

91 1158 166 1214 τῆς
168 1153 319 1245 νῶρας,
343 1151 412 1200 ὅδε
432 1150 622 1216 ἐντυχὼν
644 1154 698 1215 τῇ
720 1148 933 1215 ἀνθρώπῳ
955 1148 1124 1213 ἠράσθη
1146 1150 1290 1206 αὐτῆς.
1322 1146 1381 1196 ‘H

93 1225 188 1276 δὲ’
160 1245 319 1292 ῃτησεν
351 1227 398 1274 ἐκ
427 1228 503 1272 τοῦ
530 1222 742 1314 βασιλέως
765 1222 843 1280 τὴν
874 1220 1088 1286 βασίλειον
1111 1219 1269 1276 στολὴν
1301 1221 1384 1266 λα·-

93 1299 180 1348 ὅεῖν
210 1301 351 1364 δῶρα,
390 1297 464 1345 καὶ
488 1295 615 1344 πέντε
647 1298 823 1359 ἡμερῶν
856 1314 932 1352 της
960 1293 1105 1348 Ἀσίας
1136 1291 1283 1357 ἄρξαι,
1309 1290 1383 1339 καὶ

92 1370 147 1420 τὰ
185 1371 271 1418 ἀπὸ
293 1369 452 1428 ταύτης
485 1366 840 1434 προσταττόμενα
864 1367 1046 1432 δρᾶσαι·
1072 1364 1147 1412 καὶ
1180 1362 1277 1411 οὐδὲ
1308 1367 1384 1421 τῆς

95 1443 306 1501 αἰτήσεως
333 1441 571 1505 ἠτύχησεν.
595 1439 724 1488 Ἐπεὶ
752 1437 797 1485 δὲ
831 1437 1026 1486 ἐκάθισεν
1051 1435 1185 1494 αὐτὴν
1206 1439 1228 1483 ὃ
1257 1440 1385 1500 βασι-

92 1515 228 1570 λευς’
210 1515 281 1562 επὶ
311 1534 386 1562 του
418 1511 591 1578 θρόνου,
615 1511 690 1559 καὶ
721 1510 830 1575 ἔγνω
853 1508 924 1557 διὰ
945 1509 1087 1574 χειρὸς
1113 1507 1188 1556 καὶ
1211 1505 1385 1570 γνώμης

94 1587 255 1654 ἔχουσα
279 1586 447 1644 πάντα,
479 1582 716 1650 προσέταξε
750 1588 837 1636 τοῖς
868 1580 1115 1647 δορυφόροις
1149 1580 1277 1627 αὐτὸν
1309 1579 1380 1626 τὸν

99 1657 283 1725 βασιλέα
303 1658 494 1705 κτεῖναι·
530 1656 605 1702 καὶ
632 1654 743 1702 οὕτω
773 1653 852 1711 τὴν
874 1673 960 1701 των
985 1650 1218 1716 Ἀσσυρίων
1243 1652 1384 1717 ἀρχὴν

97 1730 301 1795 κατέσχε.
323 1728 456 1791 Λέγει
482 1726 526 1774 δὲ
543 1730 681 1774 ταῦτα
706 1724 883 1774 Δείνων.

693 1837 787 1869 Ia.

162 1919 362 1966 Diodor.
378 1918 451 1976 ΙΙ,
477 1932 537 1962 20
551 1951 564 1978 ,
588 1917 613 1962 3
640 1932 651 1961 :
679 1913 872 1971 Κτησίας
892 1910 969 1975 μὲν
986 1903 1058 1959 οῧν
1075 1913 1098 1958 ὃ
1118 1909 1288 1964 Κνίδιος
1305 1910 1384 1974 (fr.

102 1993 128 2040 5
146 1991 275 2053 sqq.)
297 1988 394 2054 περὶ
413 1987 707 2054 Σεμιράμιδος
722 1986 882 2034 τοιαῦθ’
899 1984 1126 2050 ἱστόρηκεν
1139 2003 1150 2013 ·
1171 1983 1390 2050 Ἀθήναιος

102 2062 148 2112 δὲ
167 2061 240 2111 καί
261 2079 370 2115 τινες
388 2063 473 2108 τῶν
498 2060 642 2107 ἄλλων
667 2057 948 2124 συγγραφέων
964 2057 1092 2122 φασὶν
1114 2056 1246 2114 αὐτὴν
1272 2055 1390 2103 ἑταί-

62 2172 68 2179 .
103 2154 180 2201 ραν
203 2132 421 2198 γεγονέναι
455 2133 675 2197 εὖπρεπη,
714 2130 789 2178 καὶ
814 2128 885 2178 διὰ
918 2128 968 2176 τὸ
991 2128 1149 2182 κάλλος
1179 2130 1392 2204 ἐρωτικως

101 2206 216 2272 ἔχειν
252 2207 384 2263 αὖτης
406 2203 479 2252 τὸν
505 2202 689 2270 βασιλέα
726 2205 811 2250 τῶν
836 2200 1091 2266 Ἀσσυρίων.
1124 2199 1189 2249 Τὸ
1217 2199 1294 2262 μὲν
1319 2204 1390 2247 οὐν

101 2281 271 2344 πρῶτον
296 2276 470 2343 μετρίας
493 2275 627 2334 αὐτὴν
648 2276 865 2340 ἀποδοχης
887 2273 1156 2339 τυγχάνειν..
1137 2274 1180 2320 ἐν
1204 2276 1291 2327 τοῖς
1310 2276 1393 2336 βα-

53 2366 61 2375 ·
103 2350 304 2409 σιλείοις,
340 2349 450 2412 μετὰ
474 2348 518 2396 δὲ
543 2353 683 2396 ταῦτα
711 2347 892 2411 γνησίαν
919 2348 1277 2412 ἀναγορευθεῖσαν
1306 2365 1393 2409 γυ-

101 2429 232 2470 ναῖκα
253 2428 402 2469 πεῖσαι
420 2420 492 2468 τὸν
514 2419 697 2485 βασιλέα
726 2439 779 2467 πε
769 2419 842 2467 ”νθ
867 2422 953 2480 ἧμε
942 2417 1034 2484 ’ρας
1057 2420 1168 2480 αὐτῇ
1189 2436 1394 2481 παραχω-

70 2489 74 2492 ’
107 2513 239 2582 ρησαι
260 2497 336 2552 τῆς
362 2492 610 2558 βασιλείας(
626 2491 721 2550 Τὴν
749 2490 793 2539 δὲ
820 2493 878 2539 Σε
861 2489 1064 2555 εμίραμιν
1091 2490 1395 2537 ἀναλαὸοῧσαν

101 2566 152 2615 τό
184 2586 232 2615 τε
265 2570 482 2630 σκῆπτρον
508 2565 582 2612 καὶ
614 2563 692 2623 τὴν
724 2563 940 2629 βασίλειον
965 2562 1144 2621 στολὴν,
1180 2561 1292 2609 κατὰ
1317 2560 1394 2624 μὲν

47 2696 52 2700 .
103 2636 181 2697 τὴν
206 2637 383 2703 πρώτην
394 2636 568 2710 ἡμέραν
585 2634 771 2700 εὐωχίαν
792 2634 1063 2693 ποιῆσαικαὶ
1081 2637 1394 2699 μεγαλοπρεπη

0 2749 2 2756 ,
48 2718 53 2719 ’
106 2711 286 2772 δεῖπνα,
309 2710 352 2756 ἐν
377 2712 436 2762 οἷς
457 2707 552 2762 τους
571 2710 654 2754 τῶν
653 2707 895 2790 δυνάμεων
910 2705 1124 2769 ἡγεμόνας
1142 2724 1215 2751 και
1229 2706 1396 2759 πάντας

105 2779 201 2836 ’τους
221 2746 396 2846 ἐπἰφανξ
378 2798 582 2832 -στατθυς
600 2779 747 2826 πεῖσαι
769 2796 1065 2842 συμπραττδῑν
1090 2780 1246 2842 ἑαυτῇ·
1272 2781 1326 2842 τῇ
1357 2778 1393 2824 δ

106 2854 206 2900 ὖστε
209 2851 308 2917 potiqt
339 2871 413 2899 του
446 2870 493 2898 τε
516 2850 705 2908 πλήθους
725 2849 799 2897 καὶ
818 2853 904 2896 τῶν
939 2847 1289 2932 ἀξιολογωτάτων
1315 2850 1395 2895 ἇν-

107 2917 215 2982 δρῶν
247 2920 303 2972 ὡς
337 2915 595 2973 βασίλισσαν
640 2914 990 2980 θεραπευόντων,
1030 2913 1103 2961 τὸν
1140 2912 1218 2976 μὲν
1257 2913 1395 2978 ἄνδρα

549 3066 946 3137 PERSICA.

552 3225 748 3270 PRIMA
777 3223 947 3269 PARS.

343 3354 428 3403 DE
470 3353 677 3415 REBUS
716 3351 1158 3404 ASSYRIORUM.

743 3482 783 3522 1.

166 3566 626 3617 SemiraminAssyriam
653 3567 721 3606 alii
751 3567 865 3607 aliter
884 3567 1046 3618 quidem
1073 3565 1274 3606 celebrant
1303 3580 1312 3605 :
1337 3565 1407 3605 sed

87 3623 93 3626 ’
119 3629 194 3671 t'uit
209 3630 276 3671 iila
303 3631 406 3671 inter
422 3631 587 3671 seminas
615 3630 924 3681 speciosissima,
959 3630 1118 3670 tametsi
1147 3629 1408 3679 negligentius

119 3692 288 3732 formam
318 3694 490 3733 curaret.
527 3695 663 3740 Quum
691 3704 788 3733 vero
827 3694 999 3733 venisset
1036 3692 1088 3732 ad
1122 3702 1256 3743 regem
1289 3695 1407 3742 Assy-

119 3754 289 3806 riorum,
326 3757 467 3796 vocata
497 3758 659 3807 propter
693 3756 842 3796 famam
872 3755 1204 3807 pulchritudinis,
1236 3754 1302 3795 ille
1339 3754 1409 3793 ubi

124 3816 221 3857 vidit
234 3818 420 3859 feminam
431 3849 444 3870 ‚
461 3820 595 3859 statim
611 3819 696 3869 ejus
711 3830 847 3860 amore
870 3820 931 3860 est
947 3820 1103 3869 captus.
1132 3820 1184 3858 At
1203 3818 1270 3857 illa
1296 3818 1410 3868 petiit

123 3880 174 3922 ab
191 3893 302 3933 rege,
321 3885 368 3923 ut
385 3885 528 3924 stolam
544 3885 688 3935 regiam
708 3885 864 3924 muneri
890 3884 1109 3934 acciperet,
1129 3883 1311 3933 Asiaeque
1331 3883 1408 3921 im-

122 3947 276 3996 peraret
294 3947 471 3998 quinque
486 3948 571 3989 dies
582 3979 593 3999 ,
611 3949 652 3988 et
667 3948 733 3988 ille
748 3959 839 3999 quae
857 3949 909 3988 ab
929 3948 1010 3999 ipsa
1027 3948 1278 3998 juberentur,
1304 3948 1410 3987 sace-

126 4010 207 4059 ret3
222 4020 351 4061 neque
369 4011 477 4062 ejus,
497 4013 606 4063 quod
629 4013 766 4063 petiit,
791 4013 885 4052 tulit
911 4013 1125 4063 repulsam.
1151 4016 1286 4060 Quum
1315 4023 1412 4052 vero

126 4072 351 4114 collocasset
361 4085 447 4114 eam
462 4085 533 4114 rex
542 4087 660 4126 super
675 4077 879 4125 thronum,
893 4076 1053 4126 ipsaque
1066 4076 1146 4125 jam
1160 4077 1413 4125 cognosceret

128 4134 169 4175 iu
185 4146 258 4175 sua
271 4146 312 4176 se
324 4147 443 4177 manu
458 4141 498 4178 et
512 4139 718 4179 voluntate
733 4140 878 4179 habere
891 4142 1035 4179 cuncta
1050 4169 1061 4189 ,
1074 4139 1278 4178 mandavit
1298 4140 1412 4178 satel-

119 4196 262 4257 litibus
285 4199 412 4250 ipsum
429 4205 473 4240 ut
489 4213 620 4252 regem
642 4202 909 4242 interficerent
928 4219 936 4242 :
955 4204 1076 4252 atque
1096 4205 1148 4243 ita
1165 4202 1411 4252 Assyriorum

130 4260 335 4335 imperium
351 4264 532 4305 obtinuit.
562 4262 690 4309 Refert
710 4267 842 4306 autem
861 4265 927 4306 illa
947 4266 1063 4307 Dino.

2665 313 2725 354 89

1451 408 1715 458 καταὸαλεῖν
1746 407 1804 459 εἷς
1826 405 1904 463 τὴν
1942 408 2135 471 εἱρκτὴν,
2172 409 2306 466 αὐτὴν
2332 411 2375 457 δὲ
2399 411 2521 475 φύσει
2547 415 2736 475 μεγαλε-

1450 481 1629 528 πίὸολον
1668 475 1800 527 οὖσαν
1836 477 1911 525 καὶ
1939 479 2159 542 τολμηρὰν
2195 485 2430 544 κατασχεῖν
2463 482 2540 539 τὴν
2567 485 2737 547 ἀρχὴν,

1451 553 1525 600 καὶ
1551 551 1680 615 μέχρι
1699 550 1840 616 γήρως
1866 549 2185 614 βασιλεύσασαν
2203 551 2344 598 πολλὰ
2363 552 2437 598 καὶ
2462 553 2629 616 μεγάλα
2653 573 2737 601 κα-

1450 625 1757 691 τεργάσασθαι.

1517 699 1691 743 Eadem
1714 697 1875 757 paullo
1896 696 2030 740 aliter
2051 694 2324 740 Plutarchus
2349 698 2516 741 Moral.
2540 713 2589 756 p.
2619 700 2732 755 723,

1452 775 1511 818 D.
1549 797 1615 807 —
1652 771 1898 815 Athenaeus
1936 768 2182 812 historicus
2215 768 2403 812 aliunde
2444 785 2542 812 non
2576 780 2738 824 notus;

1453 859 1627 888 nomen
1650 849 1925 900 corruptum
1949 854 2043 883 esse
2061 840 2353 899 Dinonisque
2379 842 2664 885 mentionem
2686 843 2742 885 la·

1454 926 1552 961 tere
1567 915 1792 974 suspicor.
1816 915 1886 957 De
1903 913 2126 957 Athenaeo
2144 913 2432 974 Seleuciense
2448 913 2744 972 philosopho,

1454 985 1694 1029 Strabonis
1728 993 1774 1028 et
1810 983 2014 1029 Diodori
2048 983 2215 1042 aequali
2252 984 2475 1042 cogitavit
2510 983 2746 1027 Fabricius

1454 1058 1506 1101 B.
1534 1057 1615 1102 Gr.
1638 1059 1724 1111 lv,
1749 1071 1829 1117 ao,
1851 1071 1901 1115 p.
1931 1054 2020 1100 631
2038 1088 2051 1111 ‚
2078 1055 2210 1114 quod
2227 1054 2334 1113 jure
2355 1055 2590 1114 displicuit
2610 1056 2746 1098 Wes-

1454 1129 1647 1189 selingio
1669 1128 1730 1172 ad
1744 1128 1946 1172 Diodor.
1969 1128 2002 1171 l.
2018 1128 2050 1171 l.
2074 1128 2202 1172 Alius
2225 1127 2415 1171 fortasse
2434 1127 2525 1170 huc
2548 1126 2749 1170 traheret

1455 1201 1788 1256 Athenoclem‚
1811 1215 1952 1259 quern
1976 1208 2199 1258 tanquam
2218 1200 2567 1258 Assyriacorum
2586 1207 2746 1242 aucto·

1456 1288 1555 1317 rem
1588 1272 1746 1316 laudat
1774 1273 1992 1332 Agathias
2025 1272 2202 1316 Histor.
2242 1273 2316 1328 ΙΙ,
2353 1276 2414 1324 24
2445 1287 2455 1313 :
2488 1267 2620 1316 Ἀλλὰ
2656 1270 2746 1325 Βῆ·

1455 1344 1528 1390 λον
1566 1341 1642 1405 μὲν
1667 1341 1739 1389 τὸν
1763 1342 1847 1389 Δία
1875 1341 2030 1406 τυχὸν,
2056 1341 2228 1400 Σάνδην
2250 1340 2295 1388 δὲ
2322 1340 2395 1388 τὸν
2427 1339 2649 1404 Ἡρακλέα
2675 1341 2750 1387 καὶ

1457 1414 1675 1463 Ἀναϊτίδα
1695 1416 1774 1472 τὴν
1796 1413 2046 1478 Ἀφροδίτην
2076 1413 2150 1461 καὶ
2174 1413 2315 1467 ἄλλως
2334 1412 2433 1467 τοὺς
2467 1412 2622 1466 ἄλλους
2642 1412 2750 1459 ἐκά-

1458 1486 1580 1544 λουν,
1601 1484 1658 1540 ὥς
1680 1504 1763 1532 που
1787 1487 2013 1550 Βηρωσσῷ
2035 1503 2081 1531 τε
2102 1487 2164 1551 τῷ
2189 1484 2456 1550 Βαὸυλωνίῳ
2478 1486 2554 1532 καὶ
2572 1485 2751 1542 Ἀθηνο-

1459 1559 1554 1604 κλεῖ
1570 1556 1648 1603 καὶ
1667 1556 1855 1622 Σιμάκῳ
1874 1557 1962 1610 τοῖς
1983 1555 2039 1603 τὰ
2057 1556 2325 1621 ἀρχαιότατα
2342 1560 2427 1604 τῶν
2456 1556 2689 1621 Ἀσσυρίων
2706 1575 2753 1603 τε

1459 1627 1534 1676 καὶ
1549 1629 1713 1687 Μήδων
1736 1627 2111 1693 ἀναγραψαμένοις
2127 1629 2367 1693 ἱστόρηται.
2388 1634 2433 1676 Is
2448 1631 2756 1691 probabiliter

1460 1703 1587 1746 idem
1627 1713 1694 1747 est
1727 1719 1835 1748 cum
1871 1704 2131 1748 Athenocle
2166 1703 2392 1762 Cyzi‘ceno
2425 1704 2754 1763 grammatico,

1462 1777 1543 1834 qui
1566 1776 1834 1820 Aristarcho
1852 1776 2017 1820 melius
2037 1776 2298 1819 Homerum
2312 1776 2560 1834 explicasse
2584 1773 2757 1818 dicitur

1461 1848 1684 1892 Athenaeo
1710 1849 1797 1904 IV,
1815 1863 1866 1907 p.
1897 1846 2005 1904 187,
2030 1848 2084 1892 F.
2103 1871 2169 1881 —-
2200 1849 2291 1891 Pro
2314 1844 2537 1910 Σιμάκῳ
2575 1847 2759 1890 Jonsius

1462 1920 1653 1979 Scriptt.
1682 1921 1801 1964 Hist.
1827 1920 1945 1979 phil.
1972 1922 2074 1975 1‚‚2
2089 1953 2102 1976 ,
2131 1935 2158 1963 2
2180 1920 2320 1964 scribi
2338 1919 2474 1978 jubet
2494 1916 2755 1980 Λυσιμάχῳ,

1467 1993 1625 2036 nescio
1651 2007 1790 2050 quam
1817 2001 1964 2039 recte.
1990 1993 2201 2037 Fortasse
2223 1993 2426 2038 Simacus
2452 1991 2578 2036 idem
2597 2004 2662 2035 est
2679 1992 2759 2050 qui

1462 2064 1740 2118 Simocatus‚
1774 2079 1915 2124 quem
1956 2064 2016 2109 de
2050 2065 2345 2124 Assyriorum
2381 2065 2573 2107 historia
2601 2063 2760 2107 laudat

1464 2139 1650 2182 Tzetzes
1686 2137 1807 2181 Chil.
1851 2138 1946 2192 ΙΙΙ,
1996 2152 2085 2181 100
2123 2137 2195 2197 (v.
2223 2138 2379 2182 Ctesiae
2401 2136 2458 2179 fr.
2488 2136 2544 2198 3,
2567 2152 2618 2195 p.
2654 2135 2755 2196 15).

1532 2210 1644 2266 Quae
1663 2218 1921 2266 sequuntur
1937 2208 2200 2268 fragmenta
2218 2208 2314 2252 duo
2336 2210 2386 2252 in
2407 2210 2675 2252 narratione
2694 2209 2754 2252 de

1471 2280 1788 2324 Semiramidis
1808 2280 2108 2339 expeditione
2132 2281 2296 2326 Indica
2315 2290 2362 2326 et
2382 2282 2655 2341 AEgyptiaca
2686 2282 2757 2324 lo·

1451 2367 1576 2396 ·cu1n
1597 2353 1772 2397 habere
1788 2347 2064 2412 potuerunt.
2115 2387 2120 2390 .

2092 2457 2137 2487 2.

1535 2558 1743 2602 AElianus
1768 2560 1830 2603 H.
1854 2561 1913 2603 Α.
1938 2559 2102 2614 XVII,
2131 2574 2222 2618 19:
2254 2555 2386 2620 Λέγει
2415 2554 2459 2602 δὲ
2485 2555 2647 2603 Δείνων
2673 2557 2755 2619 (li-

1469 2630 1545 2674 bri
1562 2627 1760 2691 Δίνων)’
1741 2647 1783 2674 εν
1808 2616 2014 2692 Αἰθιοπία
2039 2626 2232 2689 γίνεσθαι
2258 2648 2355 2682 τους
2382 2628 2551 2693 ὄρνιθας
2569 2648 2664 2682 τους
2683 2647 2765 2717 μρ·

1467 2699 1650 2765 νοκέρως
1684 2699 1758 2746 καὶ
1797 2703 1842 2753 ὓς
1873 2698 2136 2764 τετρακέρως
2177 2699 2252 2747 και
2279 2698 2479 2764 πρόὸατα
2511 2698 2638 2765 ερίων
2680 2699 2758 2762 μὲν

1469 2770 1599 2836 ψιλὰ,
1617 2770 1837 2836 τρίχαςδε
1856 2769 2116 2833 καμήλων”
2092 2789 2266 2834 εχοντα.

1535 2842 1648 2896 Τοὺς
1684 2842 1808 2908 ὄρν.]
1850 2841 1927 2896 τὰς
1962 2842 2049 2907 ὄρν.
2083 2844 2192 2889 cod.
2225 2847 2382 2900 Mon.,
2421 2844 2553 2904 quod
2591 2846 2769 2905 recepit

1468 2917 1778 2962 Schneiderus
1804 2933 1815 2961 :
1848 2936 1867 2957 «
1884 2914 1961 2968 τὰς
1975 2917 2160 2976 scripsi,
2175 2918 2263 2961 nisi
2284 2918 2387 2976 quis
2409 2917 2599 2962 feminas
2618 2934 2767 2962 cornu

2072 3056 2092 3096 1
2126 3065 2173 3096 a.

1465 3155 1469 3158 .
1525 3122 1576 3162 Et
1593 3122 1682 3162 haec
1697 3122 1861 3174 quidem
1878 3123 2030 3164 Ctesias
2047 3124 2115 3164 ille
2133 3124 2299 3164 cnidius
2313 3124 2363 3163 de
2376 3124 2634 3181 Semiramide
2649 3124 2772 3164 literis

1475 3185 1654 3226 tradidit.
1680 3187 1892 3230 Athenaeus
1908 3198 2002 3227 vero
2018 3189 2059 3228 et
2082 3187 2245 3238 quidam
2259 3187 2324 3227 alii
2339 3188 2550 3239 scriptores
2575 3190 2769 3237 asserunt,

1474 3249 1723 3290 meretricem
1739 3250 1843 3290 hanc
1858 3251 1976 3291 fuisse
1991 3251 2180 3302 elegantis
2194 3252 2354 3301 formae,
2376 3253 2416 3291 et
2435 3252 2487 3291 oh
2504 3252 2770 3302 pulchritudi-

1475 3324 1568 3352 nem
1594 3313 1645 3352 ab
1674 3314 1924 3365 Assyriorum
1946 3326 2038 3366 rege
2060 3314 2302 3354 adamatam.
2328 3319 2384 3355 Ac
2405 3316 2580 3366 primum
2610 3316 2771 3366 quidem

1477 3375 1721 3417 mediocrem
1750 3378 1787 3417 ei
1817 3378 1859 3417 in
1885 3379 1993 3428 regia
2013 3379 2206 3418 honorem
2226 3379 2409 3419 habitum
2431 3390 2536 3429 esse3
2557 3391 2655 3419 mox
2675 3390 2771 3419 vero

1476 3439 1664 3491 legitimae
1689 3440 1826 3480 uxoris
1847 3451 1993 3481 nomen
2020 3443 2275 3481 consecutam
2290 3472 2302 3492 ,
2323 3443 2561 3492 persuasisse
2586 3443 2667 3493 regi
2693 3445 2796 3482 tra-¹

1478 3503 1601 3554 dunt,
1618 3505 1665 3543 ut
1680 3504 1858 3554 quinque
1882 3504 1967 3544 dies
1979 3505 2054 3544 sibi
2069 3516 2190 3555 regno
2212 3505 2383 3546 cederet.
2413 3508 2576 3556 sceptro
2599 3507 2717 3557 igitur
2732 3509 2774 3546 et

1478 3567 1585 3617 regia
1596 3567 1698 3606 stola
1711 3567 1896 3618 potitam,
1906 3567 2035 3618 prima
2047 3567 2112 3608 die
2128 3569 2291 3619 epulum
2308 3569 2523 3609 instituisse
2535 3571 2576 3609 et
2587 3570 2774 3609 convivia

1480 3631 1711 3682 magnifica,
1748 3632 1788 3671 in
1826 3632 1971 3683 quibus
1990 3634 2214 3684 .copiarum
2251 3634 2374 3674 duces
2406 3636 2446 3674 et
2483 3635 2771 3674 nobilissimum

1479 3705 1681 3746 quemque
1695 3695 1745 3734 ad
1761 3695 2062 3746 obsequendum
2077 3697 2152 3736 sibi
2174 3697 2407 3738 induxisset.
2432 3698 2626 3738 Postridie
2647 3708 2771 3747 quum

1476 3758 1560 3808 jam
1579 3760 1722 3810 vulgus
1733 3762 1773 3799 et
1787 3771 1968 3810 proceres
1983 3761 2038 3800 illi
2050 3791 2062 3812 ,
2080 3763 2126 3802 ut
2141 3763 2285 3812 reginae
2296 3792 2308 3812 ,
2323 3762 2374 3802 ad
2390 3763 2607 3802 ministeria
2628 3764 2773 3812 praesto

1480 3824 1632 3873 essent,
1648 3824 1782 3863 virum
1797 3824 1839 3864 in
1855 3835 2055 3865 carcerem
2080 3826 2321 3877 compegisse
2339 3841 2348 3866 ε
2374 3827 2414 3865 et
2429 3826 2522 3876 quia
2544 3826 2699 3875 ingenio
2720 3825 2770 3864 ad

1482 3896 1544 3926 res
1565 3897 1726 3936 magnas
1739 3890 1832 3938 apto
1851 3889 1953 3928 osset
1971 3891 2011 3928 et
2033 3889 2258 3939 confidens,
2276 3890 2391 3929 facile
2414 3889 2623 3938 imperium
2650 3899 2770 3926 occu-

1482 3961 1615 4001 passe,
1642 3961 1771 4002 eoque
1793 3951 1843 3991 ad
1866 3954 2110 3993 senectutem
2131 3964 2258 4004 usque
2276 3954 2443 4004 potitam
2471 3952 2597 3991 multa
2616 3953 2656 3991 et
2674 3962 2773 4002 prat*

1483 4018 1592 4057 clara
1621 4029 1741 4068 opera
1771 4019 1978 4070 peregisse.
2109 4075 2136 4114 2

1543 4141 1688 4178 Narrat
1715 4139 1820 4178 Dino
1853 4140 1893 4178 in
1919 4138 2115 4188 AEthiopia
2140 4137 2249 4176 nasci
2276 4147 2367 4175 aves
2392 4135 2599 4174 unicornes
2619 4135 2657 4172 et
2684 4145 2773 4174 sues

1485 4200 1766 4253 quadricornes
1783 4205 1821 4242 et
1837 4213 1931 4242 oves
1946 4232 1956 4251 ,
1974 4213 2065 4252 quae
2076 4202 2166 4242 lana
2183 4201 2363 4247 careant,
2379 4209 2516 4238 verum
2530 4198 2771 4237 camelorum

1482 4266 1571 4316 pilis
1587 4264 1749 4305 hirsutae
1765 4264 1856 4304 sint.
