3016 4628
310 283 398 323 316

300 381 479 446 ὡραίους
507 380 766 441 ἀνθολογεῖν.
791 377 920 424 υὈθεν
945 373 1058 422 αἵτε
1079 373 1175 438 περὶ
1201 372 1279 430 τὴν
1306 371 1580 438 Περσεφόνην

300 455 539 514 ἀνθολογεῖν
573 449 792 513 λέγονται,
818 449 891 496 καὶ
923 444 1094 512 Σαπφώ
1124 464 1266 511 φησιν·
1292 467 1311 488 «
1337 445 1438 491 ἰδεῖν
1469 442 1580 490 ἄνθε’

300 526 571 590 ἀμέργουσαν
593 523 713 570 παῖδ’
734 522 842 585 ἄγαν
863 520 1053 568 ἆπαλάν.
1073 542 1091 561 ι.

363 602 473 657 Quae
497 597 666 642 deinde
697 603 945 641 narrantur
970 594 1028 638 de
1060 592 1162 655 ἱερῷ
1195 587 1439 655 Ἀφροδίτης
1468 588 1579 634 καλ-

298 669 477 733 λιπύγου
500 669 704 729 ejusdem
728 668 899 713 fuerint
925 665 1148 711 Clearchi.

641 764 677 808 E
712 762 891 807 LIB'RO
926 757 1218 805 SECUNDO.

900 865 976 911 [00.

364 972 603 1027 Athenaeus
618 970 744 1023 xlv,
763 984 810 1027 p.
828 967 943 1026 639,
961 968 992 1009 A
1015 979 1026 1011 :
1052 960 1272 1024 Κλέαρχος
1287 959 1321 1005 δ’
1336 961 1377 1005 ἐν
1396 958 1578 1022 δευτέρῳ

298 1040 544 1103 Ἐρωτικῶν
566 1037 619 1085 τὰ
645 1036 825 1102 ἐρωτικά
845 1054 969 1100 φησιν
996 1033 1170 1098 ᾄσματα
1192 1031 1264 1078 καὶ
1292 1029 1346 1076 τὰ
1384 1027 1578 1093 Λοκρικὰ

296 1112 539 1173 καλούμενα
558 1108 676 1157 οὐδὲν
693 1112 776 1155 τῶν
799 1110 1000 1170 Σαπφοῦς
1021 1103 1094 1150 καὶ
1118 1100 1411 1166 Ἀνακρέοντος
1434 1099 1575 1165 διαφέ·

299 1200 401 1246 pw'
640 1250 674 1292 E
709 1246 907 1292 Llssms
941 1243 1230 1289 INCER'ns.

895 1359 972 1408 41.

362 1468 488 1511 Idem
519 1470 586 1522 11,
622 1482 670 1526 p.
702 1463 779 1520 57,
807 1465 844 1508 E
870 1477 880 1509 ζ
905 1456 1067 1513 Ἄλεξις
1091 1456 1134 1504 δὲ
1158 1455 1351 1519 ἡμίτομά
1377 1474 1458 1502 που
1481 1456 1575 1521 ᾠῶν

296 1537 425 1600 λέγει.
464 1537 546 1606 ᾨὰ
584 1536 626 1583 δὲ
661 1537 708 1583 οὐ
741 1533 867 1597 μόνον
901 1535 1100 1593 ἀνεμιαῖα
1136 1529 1327 1591 ἐκάλουν,
1364 1527 1475 1575 ἀλλὰ
1501 1527 1575 1575 καὶ

297 1608 529 1671 ὑπηνέμια.
553 1631 570 1650 «
595 1608 807 1656 Ἐκάλουν
830 1605 874 1652 δὲ
899 1603 972 1651 καὶ
996 1603 1049 1649 τὰ
1079 1607 1149 1649 νῦν
1178 1605 1261 1648 τῶν
1299 1603 1439 1647 οἰκιῶν
1468 1603 1572 1662 παρ’

294 1685 399 1742 ἡμῖν
417 1679 659 1741 καλούμενα
682 1681 853 1743 ὑπερῷα
879 1676 944 1742 ᾠά
963 1699 980 1717 »
1006 1674 1108 1741 φησὶ
1136 1673 1359 1738 Κλέαρχος
1379 1675 1420 1720 ἐν
1441 1672 1577 1737 Ἔρω-

294 1760 453 1813 τικοῖς,
486 1752 564 1809 τὴν
605 1750 782 1808 Ἑλένην
822 1749 1011 1815 φάσκων,
1053 1748 1094 1792 ἐν
1131 1745 1331 1798 τοιούτοις
1365 1743 1575 1806 οἰκήμασι

294 1823 568 1888 τρεφομένην,
593 1822 713 1877 δόξαν
736 1821 1047 1884 ἀπενέγκασθαι
1072 1816 1190 1882 παρὰ
1215 1818 1387 1870 πολλοῖς
1403 1853 1416 1875 ,
1445 1820 1501 1871 ὡς
1531 1816 1573 1872 ἐξ

294 1898 380 1959 ᾠοῦ
404 1897 468 1953 εἴη
489 1894 791 1958 γεγεννημένη.

892 1972 967 2019 42.

359 2056 487 2099 Idem
509 2056 652 2110 XIII,
677 2070 722 2114 p.
753 2053 863 2112 597,
891 2055 930 2096 A
955 2066 966 2098 :
991 2049 1093 2097 Ἐπὶ
1124 2047 1288 2102 τούτοις
1318 2052 1339 2095 ὃ
1361 2047 1576 2112 Μυρτίλος

294 2126 460 2187 μέλλων
499 2132 681 2181 σιωπᾶν,
718 2123 847 2170 Ἀλλὰ
889 2126 1039 2187 μικροῦ
1055 2158 1067 2180 ,
1113 2121 1219 2187 ἔφη,
1258 2121 1402 2187 ἄνδρες
1429 2120 1572 2184 φίλοι,

293 2196 549 2259 ἐξελαθόμην
568 2196 665 2257 ὑμῖν
683 2195 812 2241 εἰπεῖν
834 2193 910 2251 τήν
931 2213 973 2241 τε
993 2193 1249 2258 Ἀντιμάχου
1265 2190 1424 2251 Λυδὴν,
1442 2212 1575 2259 προσ-

291 2267 350 2314 έτι
383 2268 424 2314 δὲ
456 2267 528 2314 καὶ
561 2266 636 2323 τὴν
671 2265 894 2327 ὁμώνυμον
924 2264 1081 2322 ταύτης
1119 2265 1290 2330 ἑταίραν
1325 2263 1481 2324 Λυδὴν,
1521 2266 1573 2323 ἣν

290 2340 435 2403 ἠγάπα
466 2339 704 2401 Λαμύνθιος
728 2341 749 2385 ὃ
775 2337 1002 2395 Μιλήσιος.
1037 2337 1271 2403 Ἑκάτερος
1300 2337 1382 2402 γὰρ
1412 2338 1574 2385 τούτων

290 2415 371 2458 τῶν
393 2415 591 2469 ποιητῶν,
609 2410 665 2464 ὥς
680 2429 784 2475 φησι
804 2409 1027 2474 Κλέαρχος
1044 2411 1085 2456 ἐν
1106 2417 1193 2465 τοῖς
1215 2411 1488 2474 Ἐρωτικοῖς,
1501 2414 1576 2467 τ’ῆς

293 2483 507 2548 βαρὸάρου
554 2484 696 2540 Λυδῆς
739 2484 795 2536 εἷς
839 2482 1067 2544 ἐπιθυμίαν
1115 2482 1331 2536 καταστὰς
1375 2481 1574 2540 ἐποίησεν

291 2560 312 2602 ὃ
335 2555 409 2617 μὲν
434 2557 475 2602 ἐν
496 2554 715 2618 ἐλεγείοις,
740 2558 762 2602 ὃ
786 2555 823 2601 δ’
847 2556 888 2601 ἐν
909 2553 1029 2616 μέλει
1049 2553 1097 2601 τὸ
1117 2553 1380 2616 καλούμενον
1407 2553 1576 2616 ποίημα

294 2627 453 2683 Λυδήν.

294 2766 427 2815 legisse
444 2766 578 2814 fertur,
596 2768 633 2805 et
653 2767 807 2816 Sappho
827 2766 904 2815 ait,
923 2767 1096 2817 puellam
1113 2777 1155 2806 se
1170 2766 1315 2806 vidisse
1329 2768 1571 2806 teneriuscu-

294 2830 371 2868 lam
388 2830 500 2869 flores
514 2830 796 2880 decerpentem.
817 2846 838 2865 ν

603 2911 686 2958 EX
719 2911 906 2959 LIBRO
942 2912 1248 2960 SECUNDO.

886 3016 957 3055 40.

346 3097 556 3142 Clearchus
574 3102 744 3142 secundo
762 3103 863 3142 libro
882 3106 1124 3144 Eroticorum
1155 3106 1233 3154 ait,
1256 3105 1448 3145 amatoria
1471 3116 1568 3144 can-

295 3167 374 3206 tica
390 3169 429 3204 et
447 3167 604 3206 Locrica
620 3178 710 3216 quae
726 3170 930 3218 vocantur,
944 3169 1039 3208 nihil
1062 3181 1085 3208 a
1105 3171 1287 3221 Sapphus
1299 3171 1339 3210 et
1353 3173 1574 3210 Anacreon·

297 3231 348 3271 tis
361 3231 598 3270 carminibus
615 3232 781 3271 differre.

623 3323 659 3368 Ε
696 3322 893 3371 Limus
929 3325 1237 3375 INCERTIS.

894 3425 965 3465 41.

352 3508 481 3548 Alexis
505 3509 646 3548 alicubi
670 3509 888 3551 dimidiatas
914 3514 1012 3554 (lixit
1039 3527 1205 3557 ovorum
1230 3522 1374 3568 partes.
1401 3519 1577 3559 Subven-

299 3573 414 3611 tanea
430 3583 523 3611 vero
538 3583 612 3611 ova
631 3575 669 3611 et
696 3574 871 3623 ἀνεμιαῖα
890 3576 1071 3618 dicebant
1091 3583 1129 3620 et
1148 3583 1350 3634 ὑπηνέμια.
1373 3586 1459 3623 Ova
1482 3594 1577 3623 vero

300 3635 494 3675 vocabant
513 3635 627 3685 olim,
659 3647 747 3685 quae
776 3648 880 3676 nunc
909 3641 1062 3691 ὑπερῷα
1082 3643 1311 3694 (superiora
1341 3647 1486 3686 aedium
1514 3648 1576 3687 ta-

300 3698 459 3749 bulata)
481 3699 672 3749 dicimus,
698 3702 740 3739 ut
762 3701 972 3743 Clearchus
1002 3706 1115 3746 docet
1144 3709 1182 3747 in
1206 3711 1390 3759 Eroticis,
1421 3712 1487 3751 ubi
1523 3711 1578 3752 ait

300 3763 487 3803 Helenam
502 3792 513 3811 ,
534 3763 719 3814 quonian)
740 3763 777 3802 in
798 3765 987 3813 ejusmodi
1001 3771 1176 3810 conclavi
1195 3772 1360 3813 educata
1373 3776 1446 3824 est,
1459 3776 1577 3826 vulgo
1594 3826 1600 3827 V

300 3826 487 3866 creditam
507 3837 589 3867 esse
609 3838 658 3866 ex
674 3838 749 3865 ovo
766 3827 882 3869 ruisse
899 3832 1042 3870 natam.

913 3903 987 3944 42.

352 3973 420 4012 llis
434 3972 547 4013 dictis
570 3974 747 4024 Myrtilus
765 3985 890 4025 quum
911 3977 1104 4016 taciturus
1123 3978 1319 4020 videretur
1339 3998 1347 4020 ε
1372 3985 1420 4023 At
1437 3995 1576 4036 propc-

301 4036 484 4084 modum,
503 4036 630 4087 inquit
646 4067 657 4086 ,
675 4037 748 4076 viri
771 4038 912 4089 amici,
936 4040 1083 4079 oblitus
1097 4053 1205 4080 eram
1226 4044 1447 4085 Antimachi
1464 4049 1579 4090 vobis

302 4102 331 4139 L
335 4099 447 4149 ydam
464 4100 679 4149 nominare,
689 4100 863 4151 itemque
871 4104 1140 4152 cognominem
1151 4105 1268 4154 liujus
1279 4108 1395 4147 aliam
1412 4110 1575 4160 Lydam,

302 4175 419 4214 quiam
445 4165 591 4204 amavit
621 4165 877 4216 Lamyntliius
906 4167 1088 4208 Milesius.
1112 4172 1284 4220 Uterque
1309 4172 1413 4211 enim
1437 4173 1577 4214 luorum

303 4232 525 4279 lun-larum,
553 4233 592 4269 ut
614 4230 665 4270 ait
693 4232 903 4272 Clearchus
928 4232 964 4271 iu
995 4235 1222 4285 Amatoriis‚
1252 4235 1427 4277 barbarae
1461 4240 1577 4289 Lydae

1295 263 1604 312 CLEARCHI
1639 263 1934 312 SOLENSlS

1945 391 2286 440 ΠΛΑΤΩΝΟΣ
2321 393 2669 451 ΕΓΚΩΜιοΝ.
2922 362 2973 451 J

2263 501 2344 556 43.
2376 554 2378 557 ,
2952 498 2958 512 ⁷

1719 613 1953 672 Diogenes
1975 613 2029 656 L.
2055 612 2126 655 III
2141 644 2154 667 ‚
2183 626 2210 655 2
2237 625 2250 658 z
2278 608 2561 666 Σπεύσιππος
2577 613 2615 660 δ’
2631 614 2674 660 ἓν
2690 618 2752 679 τῷ
2773 606 2946 681 ἐπιγι·ἷζ,.

1656 680 1826 747 φομένῳ
1866 680 2099 734 Πλάτωνος
2146 681 2406 748 περιδείπνῳ
2453 683 2528 730 καὶ
2565 686 2792 752 Κλέαρχος
2814 690 2858 736 ἐν
2962 707 2965 739 j

1655 753 1886 806 Πλάτωνος
1921 752 2122 818 ἐγκωμίῳ
2155 754 2230 800 καὶ
2265 752 2559 814 Ἀναξιλαΐδης
2593 759 2636 805 ἐν
2670 762 2732 825 τῷ
2754 758 2928 822 demin,

1657 826 1765 891 Περὶ
1786 825 2029 891 φιλοσόφων
2055 824 2183 891 φασὶν
2207 829 2264 880 ὡς
2285 825 2510 886 Ἀθήνησιν
2528 822 2580 888 ἧν
2611 830 2760 896 λόγος,
2786 835 2881 898 ὥρα

1655 890 1784 944 οῧσαν
1809 896 1887 956 τὴν
1930 897 2213 962 Περικτιόνην
2253 899 2474 963 βιάζεσθαι
2502 900 2580 963 ,τὸν
2605 902 2840 969 Ἀρίστωνα
2930 895 2949 912 ,

1655 968 1714 1031 μὴ
1743 969 2055 1033 ἐπιτυγχάνειν·
2077 969 2321 1033 παυόμενόν
2341 991 2389 1020 τε
2408 976 2485 1031 τῆς
2511 975 2608 1038 βίας
2638 977 2742 1024 ἰδεῖν
2775 977 2873 1036 τὴν
2909 969 2963 1016 's'

1655 1039 1918 1095 Ἀπόλλωνος
1937 1041 2047 1107 ὄψιν,
2068 1040 2160 1087 ὅθεν
2178 1042 2373 1108 καθαρὰν
2398 1045 2542 1109 γάμου
2569 1046 2756 1112 φυλάξαι
2773 1047 2854 1106 ἕως
2898 1034 2946 1089 “⁶⁵-
3004 1047 3006 1049 ’

1655 1113 1947 1171 ἀποκυήσεως.
2799 1122 2802 1123 ’

1719 1189 2032 1248 Hieronymus
2066 1188 2189 1236 Adv,
2229 1176 2411 1237 Jovian.
2450 1193 2474 1237 1
2511 1191 2525 1254 (
2545 1194 2674 1254 Opp.
2718 1203 2838 1244 tom.
2875 1182 2942 1248 Ill

1651 1276 1700 1319 p.
1721 1259 1779 1303 35
1803 1260 1815 1321 )
1840 1277 1850 1307 :
1872 1262 2154 1322 Speusippus
2167 1279 2366 1323 quoque,
2390 1271 2558 1310 sororis
2575 1268 2786 1314 Platom‘s
2789 1271 2879 1330 fili
2902 1288 2963 1333 ,5⁴

1652 1343 1700 1376 et
1726 1333 1976 1378 Clearchus
2010 1341 2058 1378 in
2093 1337 2254 1379 Laude
2285 1338 2495 1382 Platonis
2525 1349 2573 1383 et
2600 1342 2884 1389 Anaxilidae

1650 1408 1846 1450 secundo
1885 1405 1999 1451 libro
2037 1407 2368 1468 philosophiae,
2407 1411 2718 1468 Perictionen,
2757 1423 2961 1462 matre

1651 1480 1876 1534 Platonis,
1894 1480 2231 1539 phantasmate
2241 1484 2477 1543 Apollinis
2495 1501 2758 1545 oppressam
2761 1486 2913 1545 fenm
2920 1471 2952 1522 ⁷

1652 1561 1698 1595 et
1714 1556 1956 1612 sapientiae
1981 1558 2239 1614 principem
2262 1571 2354 1600 non
2374 1557 2513 1602 aliter
2533 1559 2830 1617 arbitrantur,
2858 1552 2939 1617 nis¹

1651 1625 1709 1668 de
1718 1635 1866 1684 partu
1883 1630 2103 1684 virginis,
2129 1629 2317 1674 editum.
2454 1636 2458 1638 ’

1653 1741 1803 1788 ΠΕΡΙ
1843 1741 1976 1789 ΤΩΝ
2013 1743 2094 1791 EN
2129 1744 2218 1811 Τῌ
2260 1745 2608 1793 ΠΛΑΤΩΝΟΣ
2643 1705 2956 1819 nolimu·

1840 1827 2322 1877 ΜΑΘΗΜΑΤΙΚΩΣ
2361 1829 2751 1880 ΕιΡιιΜΕΝΩΝ.
2923 1825 2926 1827 ·

2261 1943 2364 1991 44-·

1717 2047 1964 2092 Athenaeus
1982 2033 2068 2103 ΪΧ,
2086 2062 2134 2106 p.
2156 2045 2329 2105 393‚A
2352 2060 2364 2092 ε
2387 2043 2498 2108 Περὶ
2510 2043 2554 2091 δὲ
2566 2048 2645 2104 τῆς
2661 2048 2747 2094 τῶν
2759 2047 2809 2112 ὀρ
2846 2046 2859 2065 ’
2876 2059 2879 2061 ’
2898 2077 2903 2087 .

1652 2116 1785 2182 θήρας
1808 2116 1924 2171 ἰδίως
1947 2118 2109 2182 ἱστορεῖ
2131 2116 2358 2181 Κλέαρχος
2380 2121 2402 2164 ὃ
2422 2115 2607 2180 Σολεὺς,
2628 2120 2674 2166 ἐν.
2692 2121 2755 2185 τῷ
2770 2121 2953 2186 ἐπιγραὲ·

1652 2189 1881 2255 φομένῳΠ
1896 2190 1971 2254 ερὶ
1991 2192 2091 2236 τῶν
2111 2191 2162 2236 ἐν
2181 2192 2246 2251 τῇ
2269 2187 2557 2244 Πλάτωνος
2575 2190 2841 2256 Πολιτείᾳ
2858 2210 2891 2254 μ
2906 2189 2955 2259 ¹⁸2·ss

1652 2266 1968 2326 θηματικῶς
1992 2261 2318 2328 εἰρημένων,
2344 2261 2522 2328 γράφων
2549 2262 2709 2318 οὕτως·
2738 2283 2762 2308 ιι
2792 2258 2948 2334 Οὓόῥξῗ

1652 2356 1776 2400 τυγες
1813 2336 1912 2402 περὶ
1946 2335 2018 2383 τὸν
2044 2339 2121 2394 τῆς
2151 2334 2296 2399 ὀχείας
2334 2334 2499 2400 καιρὸν,
2531 2335 2607 2384 ἐὰν
2631 2331 2949 2403 xoivompov's

1654 2409 1846 2463 ἐναντίας
1870 2429 1932 2462 τις
1957 2410 2116 2469 αὐτῶν,
2143 2408 2216 2455 καὶ
2249 2405 2333 2473 πρὸ
2365 2406 2519 2455 τούτου
2553 2407 2707 2474 βρόχον
2741 2413 2819 2475 θῇ,
2850 2406 2961 2478 τμβ

1653 2500 1800 2545 χοντες
1823 2480 1929 2546 πρὸς
1949 2479 2020 2528 τὸν
2046 2480 2361 2546 ἐμφαινόμενον
2380 2482 2423 2528 ἐν
2450 2483 2511 2546 τῷ
2536 2482 2791 2548 κατόπτρῳ,
2822 2483 2889 2544 ἐμ·

1653 2573 1829 2601 πτουσιν
1857 2556 1914 2607 εἷς
1931 2553 2003 2601 τὸν
2027 2553 2200 2619 βρόχον.
2222 2574 2243 2596 »
2264 2553 2355 2602 Καὶ
2381 2553 2583 2618 περὶτῶν
2599 2555 2780 2604 κολοιῶν
2804 2553 2855 2603 ’δὲ

1653 2625 1872 2688 λουμένων
1913 2628 1968 2673 τὰ
2006 2625 2134 2690 ὅμοια
2174 2628 2361 2692 ἱστορεῖ,
2396 2629 2439 2674 ἐν
2479 2627 2663 2682 τούτοις·
2693 2625 2712 2670 ιι
2742 2626 2832 2677 Καὶ
2938 2624 2959 2657 ἶ

2918 2003 2949 2049 ξι

1647 2765 1843 2805 desiderio
1859 2764 2040 2815 flagrans,
2057 2737 2219 2804 carmen
2235 2765 2383 2815 Lydam
2399 2765 2635 2816 inscriptum
2645 2795 2658 2814 ‚
2681 2764 2783 2806 alter
2804 2764 2928 2817 eleth

1648 2841 1740 2869 cum
1753 2859 1765 2879 ,
1785 2829 1957 2880 lyricum
1974 2829 2091 2878 alter,
2109 2829 2350 2879 composuit.

1950 2922 2262 2971 PLATONIS
2294 2921 2644 2971 LAUDATIO.

2261 3011 2335 3052 43.

1699 3086 1914 3126 Enimvero
1928 3085 2176 3137 Speusippus
2189 3085 2231 3126 in
2246 3086 2349 3126 libro
2364 3085 2434 3136 qui
2446 3087 2507 3126 De
2517 3095 2632 3125 coena
2648 3084 2824 3125 Platonis
2838 3084 2948 3128 fune·

1649 3150 1709 3190 bri
1740 3150 1984 3200 inscribitur,
2020 3151 2060 3190 et
2087 3150 2306 3190 Clearchus
2337 3150 2379 3190 in
2414 3149 2658 3190 Laudatione
2695 3149 2886 3203 Platonis-J
2904 3161 2950 3191 e·

1650 3215 1904 3256 Anaxilaides
1927 3215 2103 3256 secundo
2127 3218 2184 3256 De
2199 3215 2443 3267 philosophis
2464 3215 2568 3256 libro
2586 3216 2771 3256 asserunt
2783 3206 2939 3260 Athin·

1650 3282 1797 3322 samam
1824 3291 1907 3322 esse
1930 3282 2152 3322 Aristonem
2186 3281 2441 3332 Perictionae,
2465 3292 2593 3332 quum
2619 3282 2722 3322 esset
2742 3278 2925 3332 specio&

1649 3347 1770 3395 sima,
1787 3345 1870 3385 vim
1896 3346 2042 3386 inferre
2060 3347 2248 3386 conatum
2268 3356 2353 3386 esse
2374 3362 2384 3386 ι
2405 3356 2547 3386 verum
2566 3345 2686 3386 fuisse
2702 3345 2811 3386 illius
2825 3349 2926 3387 cona

1649 3411 1716 3450 tus
1746 3409 1878 3450 irritos
1893 3440 1906 3460 ‚
1942 3409 2167 3460 vidisseque
2200 3410 2242 3449 in
2276 3409 2427 3459 somnis
2464 3408 2714 3460 Apollinem,
2748 3399 2871 3460 atauo
2910 3424 2923 3445 ι

1650 3476 1814 3515 auctore
1851 3475 2046 3531 mundam
2086 3487 2110 3516 a
2144 3475 2343 3527 conjugali
2384 3475 2529 3527 copula
2538 3505 2556 3527 ¹,
2594 3474 2728 3530 quoad
2766 3483 2905 3530 parere

1653 3552 1818 3581 uxorem
1837 3552 2026 3586 servasse.
2792 3534 2794 3536 ¹

1783 3616 1867 3664 DE
1903 3617 1983 3664 us
2028 3616 2180 3675 QUAE
2221 3615 2287 3663 ιΝ
2322 3586 2811 3662 ΡιΑΤοΝιε’ΒΕΡ.

1653 3702 1734 3749 EX
1760 3701 2038 3750 RATIONE
2062 3700 2534 3749 MATHEMATICA
2550 3699 2744 3766 DICTA
2761 3698 2881 3749 SUN
2911 3706 2915 3723 ¹

1703 3860 1761 3898 De
1781 3858 1990 3898 venatione
2007 3855 2262 3896 coturnicum
2279 3856 2478 3907 singulare
2496 3855 2689 3908 quiddam
2715 3854 2838 3897 tradit
2871 3863 2891 3890 ⁵
2902 3854 2910 3873 ‘⁵

1651 3922 1796 3961 archus
1814 3920 1986 3962 Solensis
2006 3919 2048 3959 in
2071 3919 2174 3959 libro
2188 3919 2261 3970 qui
2287 3920 2517 3961 inscribitur
2534 3922 2596 3960 De
2614 3919 2676 3959 liis
2691 3929 2784 3970 quae
2801 3918 2845 3959 in
2877 3926 2883 3953 ἰ
2903 3961 2905 3963 .

1651 3985 1757 4025 tonis
1779 3984 1948 4035 Republ.
1975 3994 2028 4023 ex
2054 3983 2207 4022 ratione
2232 3983 2515 4023 mathematica
2531 3983 2639 4024 dicta
2657 3983 2777 4032 sunt,
2797 3981 2886 4038 ub}

1651 4048 1789 4089 scribit
1807 4064 1815 4088 :
1834 4063 1852 4082 «
1869 4045 2107 4088 coturnices
2117 4056 2200 4096 quo
2211 4046 2387 4092 tempore
2398 4043 2556 4087 veneris
2570 4045 2727 4098 pruritu
2743 4045 2876 4086 (301ιοίι
2891 4091 2893 4094 ¹

1652 4113 1734 4163 tur,
1752 4111 1783 4152 si
1803 4110 1894 4162 quis
1917 4121 1968 4152 ex
1989 4109 2160 4154 adverso
2183 4120 2323 4150 earum
2345 4110 2556 4160 speculum
2576 4108 2776 4162 posuerit,
2797 4110 2838 4150 et
2858 4082 2893 4161 J

1652 4175 1826 4215 diculam
1842 4174 1935 4214 ante
1955 4173 2164 4228 speculum
2176 4202 2187 4220 ,
2201 4173 2407 4213 currentes
2425 4173 2475 4213 ad
2493 4172 2708 4224 imaginem
2726 4173 2767 4215 in
2782 4183 2828 4223 sp

1653 4239 1928 4291 conspectam,
1950 4236 2130 4278 incidunt
2154 4237 2193 4277 in
2212 4235 2468 4277 tendiculam.
2490 4252 2508 4272 »ι
2540 4236 2648 4278 idem
2675 4235 2725 4276 de
2749 4243 2910 4286 gracu
