3002 4646
163 352 252 384 xvt

785 330 866 382 Et<
904 333 1032 381 ΤΗΣ
1069 334 1372 382 ΙΣΤΟΡΙΑΣ
1407 332 1728 384 ΔΙΟΔΩΡΟΥ
1766 332 2168 381 ΣΙΚΕΑΙΩΤΟΥ.

158 442 382 491 Καικίλιον
425 441 725 507 ἀπεχώρησεν.
799 440 855 490 Ὁ
895 442 938 488 δὲ
982 441 1341 507 Ψευδοφίλιππος
1379 439 1450 487 ἐπὶ
1527 451 1657 494 Quare
1690 449 1810 487 iratus
1842 447 2195 496 Pseudophilippus
2222 456 2386 484 uxorem
2417 456 2462 485 ac
2494 445 2638 488 liberos
2659 448 2827 490 Telestis

154 515 240 562 τοῖς
263 507 516 572 πραχθεῖσιν
547 506 874 570 ἀγανακτήσας,
893 506 970 564 τήν
1000 526 1047 553 τε
1074 525 1257 569 γυναικα
1290 506 1363 554 καὶ
1395 505 1450 551 τὰ

153 580 281 627 τέκνα
305 584 377 627 τοῦ
396 581 609 628 Τελεστοῦ
632 578 859 627 συλλαὸὼν
884 578 1202 644 ἐτιμωρήσατο.

219 654 347 702 ΧΙΧ.
385 652 492 701 εὈτι
512 653 780 714 Πτολεμαῖος
800 656 821 699 ὃ
853 652 1123 716 Φιλομήτωρ
1147 645 1248 709 ἧκεν
1273 652 1331 703 εἷς
1354 653 1445 698 Συ-

156 725 250 789 ρίαν
271 725 579 790 συμμαχήσων
593 724 856 789 Ἀλεξάνδρῳ
874 724 943 772 διὰ
968 722 1223 781 οἰκειότητα.
1298 726 1448 771 Κατα-

154 796 277 859 γνοὺς
321 797 364 845 δὲ
407 800 534 845 αὐτοῦ
566 801 642 855 τῆς
677 799 819 862 ψυχῆς
849 798 1039 854 παντελῆ
1070 794 1332 857 ἀδυναμίαν,
1376 792 1449 840 καὶ

154 869 455 932 προσποιηθεὶς
479 869 831 917 ἐπιδουλεύεσθαι
860 868 937 926 τὴν
968 868 1045 931 μὲν
1071 866 1282 931 θυγατέρα
1310 867 1449 912 Κλεο-

154 940 324 1006 πάτραν
381 942 583 1005 ἀπήγαγε
621 941 726 1006 πρὸς
751 941 1037 1005 ιΔημήτριον,
1086 939 1159 986 καὶ
1199 937 1450 999 συνθέμενος

153 1014 297 1078 φιλίαν
320 1012 546 1078 ἐνεγύησεν
569 1016 687 1079 αὐτῷ
709 1013 888 1071 ταύτην.
911 1016 968 1061 Οἱ
996 1011 1039 1059 δὲ
1058 1010 1156 1075 περὶ
1183 1010 1254 1057 τὸν
1275 1009 1448 1074 Ἱέρακα

157 1087 232 1133 καὶ
257 1086 456 1135 Διόδοτον
499 1092 573 1135 τοῦ
610 1087 882 1150 Ἀλεξάνδρου
918 1083 1259 1148 κατεγνωκότες,
1301 1082 1373 1129 τὸν
1404 1081 1447 1128 δὲ

154 1155 403 1224 Δημήτριον
432 1159 686 1223 φοὸούμενοι
708 1159 777 1206 διὰ
804 1158 879 1212 τὰς
906 1161 963 1211 εἰς
994 1157 1064 1203 τὸν
1086 1155 1252 1220 πατέρα
1277 1173 1449 1217 γεγενη·

153 1229 284 1292 μένας
308 1231 548 1295 ἁμαρτίας,
576 1230 798 1278 ἀνέσεισαν
832 1228 928 1283 τοὺς
957 1228 1186 1292 Ἀντιοχεῖς
1209 1226 1314 1291 πρὸς
1339 1225 1450 1273 ἀπό-

153 1322 321 1361 στασιν,
360 1303 434 1351 καὶ
464 1304 535 1350 τὸν
561 1306 833 1365 Πτολεμαῖον
870 1304 926 1355 εἰς
949 1301 1026 1358 τὴν
1067 1300 1190 1347 πόλιν
1226 1298 1449 1362 δεξάμενοι

152 1376 344 1438 διάδημα
382 1376 639 1442 περιέθηκαν
681 1378 757 1439 (2),
796 1375 870 1422 καὶ
903 1373 982 1432 τὴν
1024 1372 1245 1438 βασιλείαν
1288 1372 1446 1436 ἐνεχεί-

154 1467 293 1512 ρισαν.
366 1448 421 1496 ‘O
447 1448 490 1494 δὲ
517 1453 590 1505 τῆς
619 1447 694 1507 μὲν
726 1446 946 1512 βασιλείας
970 1447 1047 1493 οὐκ
1075 1445 1345 1509 ὀρεγόμενος,
1370 1443 1448 1502 τὴν

151 1518 196 1566 δὲ
219 1520 378 1577 Κοίλην
409 1519 569 1585 Συρίαν
600 1521 815 1581 ἐπιθυμῶν
841 1517 1221 1583 προσκτήσασθαι,
1249 1515 1448 1564 συνέθετο

151 1591 257 1655 πρὸς
288 1592 536 1657 Δημήτριον
564 1591 866 1655 κοινοπραγίαν
892 1593 939 1656 (3)
979 1590 1065 1655 ἰδία
1092 1588 1302 1656 κυριεύειν
1333 1591 1450 1637 Πτο-

152 1666 328 1727 λεμαῖον
353 1668 427 1722 τῆς
451 1666 471 1728 [
500 1665 683 1722 Κοίλης]
712 1663 898 1728 Συρίας,
926 1662 997 1710 τὸν
1029 1662 1073 1709 δὲ
1097 1661 1348 1726 Δημήτριον
1372 1665 1449 1720 τ’ῆς

152 1735 357 1800 πατρῴας
380 1733 618 1800 βασιλείας.

222 1809 329 1857 ΧΧ.
368 1808 472 1856 εὈτι
502 1807 768 1872 Ἀλέξανδρος
793 1807 986 1866 ἡττηθεὶς
1009 1805 1119 1869 μετὰ
1143 1806 1183 1873 φ’
1208 1805 1287 1864 τὴν
1310 1805 1447 1872 φυγὴν

152 1880 386 1937 ἐποιήσατο
406 1884 481 1938 τῆς
498 1879 698 1945 Ἀραὸίας
717 1882 774 1934 εἷς
797 1880 871 1934 τὰς
886 1879 1154 1941 καλουμένας
1174 1876 1322 1937 Ἄδας,
1341 1878 1447 1944 πρὸς

152 1953 335 1999 Διοκλέα
357 1953 427 1999 τὸν
450 1953 674 2012 δυνάστην,
701 1952 806 2018 πρὸς
829 1951 874 1999 ὃν
907 1945 958 2010 ἦν
983 1952 1056 1999 καὶ
1076 1951 1147 1999 τὸν
1172 1951 1259 1999 υἱὸν
1288 1950 1444 2000 Ἀντίο-

151 2043 229 2086 χον
255 2025 647 2088 προεκτεθειμένος,
668 2025 771 2073 ὄντα
797 2025 964 2083 νήπιον.
1005 2016 1096 2074 Εἶθ’
1125 2027 1230 2088 (1)οἳ
1251 2023 1349 2088 περὶ
1370 2024 1443 2072 τὸν

154 2096 365 2155 Ἥλιάδην
383 2098 456 2144 καὶ
476 2097 636 2146 Κάσιον
653 2099 704 2161 (2)
729 2098 955 2161 ἡγεμόνες,
976 2097 1015 2145 οἳ
1038 2102 1226 2156 συνῆσαν
1249 2099 1299 2162 (3)
1321 2097 1444 2145 Ἀλε-

152 2168 318 2234 ξάνδρῳ
334 2208 346 2231 ,
375 2170 511 2235 λάθρᾳ
538 2169 921 2235 διεπρεσέεύσαντο
945 2171 1043 2235 περὶ
1063 2175 1138 2229 τῆς
1166 2171 1275 2225 ἰδίας
1297 2173 1444 2236 ἀσφα-

150 2241 264 2295 λείας
284 2243 353 2304 (4),
372 2242 734 2306 ἐπαγγελλόμενοι
753 2243 1051 2309 δολοφονήσειν
1064 2243 1135 2291 τὸν
1155 2243 1444 2307 Ἀλέξανδρον.

1527 548 1808 598 comprehendi
1828 550 1868 587 et
1889 546 2081 597 supplicio
2100 546 2203 586 affici
2221 547 2352 597 jussit.

1577 661 1683 697 XIX.
1714 658 1953 697 Ptolemaeus
1982 657 2230 696 Philometor
2252 658 2294 696 in
2325 659 2478 707 Syriam
2503 647 2611 699 venit
2641 661 2686 699 ut
2709 669 2828 711 opem

1528 754 1646 792 ferret
1661 751 1886 792 Alexandro
1903 752 2071 802 cognato
2087 763 2173 791 suo.
2232 752 2309 792 Sed
2327 752 2397 793 ubi
2410 754 2596 804 cognovit
2617 754 2703 803 ejus
2715 758 2828 794 sum·

1526 858 1634 887 mam
1670 846 1791 885 animi
1827 846 2136 886 imbecillitatem
2152 875 2164 895 ,
2192 846 2386 887 simulans
2419 848 2581 888 insidias
2615 848 2689 888 sibi
2723 851 2830 889 sttu-

1526 935 1610 973 ctas
1623 963 1634 982 ,
1663 934 1916 983 Cleopatram
1936 932 2057 972 filiam
2075 932 2126 972 ad
2146 932 2394 973 Demetrium
2421 933 2604 982 abducit,
2621 935 2662 974 et
2688 936 2831 984 Juncta

1524 1019 1700 1059 amicitia
1716 1020 1809 1059 huic
1826 1019 1947 1059 liliam
1963 1030 2076 1059 suam
2089 1019 2320 1070 despondet.
2338 1022 2494 1060 Interea
2510 1021 2656 1061 Hierax
2675 1022 2715 1061 et
2733 1022 2828 1062 Dio-

1524 1109 1642 1149 dotus
1656 1109 1706 1149 de
1723 1109 1840 1149 rebus
1857 1109 2071 1149 Alexandri
2088 1109 2355 1160 desperantes,
2369 1110 2568 1161 simulque
2579 1112 2830 1151 Demetrium

1524 1198 1750 1259 metuentes
1766 1196 1929 1247 propter
1950 1206 1996 1235 ea
2013 1206 2104 1246 quae
2122 1195 2164 1235 in
2187 1197 2342 1247 patrem
2369 1196 2455 1247 ejus
2473 1207 2596 1248 prava
2618 1198 2831 1238 commise-

1527 1289 1642 1337 rant,
1669 1288 1954 1328 Antiochenses
1971 1286 2023 1326 ad
2037 1286 2302 1328 desectionem
2330 1289 2530 1339 excitant,
2547 1290 2588 1330 et
2613 1289 2832 1330 Ptolemaeo

1525 1375 1566 1416 in
1581 1376 1724 1416 urbem
1741 1376 1900 1426 recepto
1913 1374 2096 1414 diadema
2107 1374 2319 1425 imponunt
2335 1388 2581 1428 regnumque
2593 1377 2629 1417 ei
2640 1378 2830 1418 offerunt.

1530 1464 1581 1503 At
1598 1463 1838 1502 Ptolemaeus
1861 1472 2028 1512 regnum
2055 1460 2234 1501 mimime
2256 1463 2466 1512 appetens,
2483 1473 2624 1502 verum
2655 1463 2832 1515 coelesys

1532 1548 1632 1588 riam
1652 1548 1794 1588 ditioni
1810 1559 1894 1587 suae
1914 1547 2130 1598 adiungere
2150 1548 2336 1599 cupiens,
2357 1549 2412 1588 ita
2435 1559 2528 1588 cum
2549 1549 2750 1590 Demetrio
2765 1549 2835 1592 de*

1525 1638 1664 1687 pactus
1687 1637 1768 1686 est,
1797 1637 1844 1676 ut
1873 1636 1956 1686 ipse
1984 1635 2242 1686 coelesyriam
2270 1635 2490 1686 obtineret,
2515 1638 2740 1678 Demetrius
2758 1649 2834 1678 auv-

1523 1728 1605 1767 tem
1623 1739 1742 1778 regno
1757 1729 1927 1778 poterno
1945 1726 2152 1776 potiretur.

1573 1817 1662 1855 XX.
1681 1815 1902 1856 Alexander
1919 1815 2032 1856 Bala
2050 1814 2188 1865 proelio
2209 1815 2341 1854 victus
2353 1845 2364 1865 ‚
2382 1826 2476 1854 cum
2501 1815 2727 1866 quingentis
2741 1826 2834 1858 suo-

1527 1898 1617 1927 rum
1636 1886 1770 1938 fugam
1788 1886 1960 1927 intendit
1977 1887 2117 1927 urbem
2132 1887 2288 1927 Arabiae
2307 1899 2447 1928 versus
2459 1918 2471 1937 ‚
2490 1900 2612 1939 quam
2637 1891 2744 1931 Abas
2758 1901 2834 1932 vo-

1522 1965 1630 2014 cant,
1647 1963 1699 2004 ad
1717 1963 1935 2014 principem
1957 1962 2157 2009 Dioclem,
2180 1962 2286 2013 apud
2313 1973 2433 2013 quem
2450 1963 2570 2003 etiam
2594 1965 2724 2004 filium
2749 1970 2834 2006 An·

1521 2033 1702 2074 tiochum
1714 2062 1726 2082 ‚
1741 2033 1890 2071 tenerae
1911 2030 2043 2070 adhuc
2062 2030 2207 2080 aetatis,
2222 2030 2476 2081 deposuerat.
2495 2033 2636 2072 Postea
2652 2033 2837 2074 Heliades

1521 2104 1560 2141 et
1577 2102 1716 2142 Casius
1738 2101 1882 2150 duces,
1899 2101 1970 2151 qui
1986 2111 2079 2140 cum
2094 2100 2321 2140 Alexandro
2341 2102 2476 2150 erant,
2501 2102 2765 2143 clancularias
2779 2103 2834 2144 de

1523 2188 1596 2217 sua
1617 2177 1792 2228 ipsorum
1806 2176 2019 2217 securitate
2035 2175 2251 2226 legationes
2263 2177 2458 2217 miserunt
2471 2208 2482 2228 ,
2503 2178 2596 2218 dolo
2608 2175 2650 2219 se
2665 2179 2836 2220 Alexan·

1523 2249 1643 2288 drum
1693 2247 1896 2287 occisuros
1942 2257 2028 2286 esse
2074 2246 2366 2297 promittentes.
2426 2250 2608 2293 Quorum
2649 2241 2831 2299 petitioni

151 2387 289 2425 renda.
310 2389 368 2427 De
385 2388 551 2427 victoria
566 2399 685 2438 quam
704 2388 752 2428 de
769 2389 956 2428 Romanis
972 2389 1046 2428 sub
1067 2392 1109 2428 P.
1125 2388 1316 2428 ,Iuventio
1333 2388 1505 2438 praetore
1530 2389 1762 2439 reportavit,
1781 2400 1820 2428 V.
1844 2388 1986 2438 Polyb.
2005 2390 2216 2437 XXXVII,
2239 2393 2250 2426 1
2276 2386 2305 2427 d
2318 2398 2333 2432 ,·
2362 2387 2446 2427 Liv.
2465 2391 2538 2439 Ep.
2561 2394 2610 2428 50
2628 2391 2733 2430 extr.
2753 2391 2832 2429 Res

151 2446 318 2494 pertinet
333 2446 383 2485 ad
402 2457 464 2485 an.
486 2450 570 2486 148.
590 2468 642 2475 -—
661 2460 747 2496 προ
760 2460 813 2498 εχ
826 2461 843 2485 ε
859 2446 959 2498 ιρίσ
973 2446 1075 2498 ατο]
1092 2447 1395 2498 προεχειρήσατο
1412 2445 1557 2485 codex.

201 2514 304 2550 xlx.
334 2511 424 2551 Fol.
447 2517 515 2551 183
529 2541 540 2562 ,
557 2518 577 2551 2
592 2534 644 2540 --
664 2515 707 2550 14
733 2523 770 2550 r.
787 2513 936 2552 Contra
954 2512 1224 2551 Alexandrum
1243 2512 1401 2560 Balam,
1419 2510 1491 2561 qui
1519 2511 1772 2561 Cleopatram
1793 2510 1996 2550 Ptolemaei
2018 2509 2295 2549 Philometoris
2320 2509 2441 2550 filiam
2469 2510 2641 2551 duxerat
2663 2514 2677 2562 (
2697 2515 2769 2553 170
2791 2521 2830 2553 a.

150 2571 198 2610 C.
215 2570 384 2608 Maccab.
414 2573 450 2617 l,
477 2575 545 2620 10,
566 2571 662 2619 57),
681 2581 705 2609 e
722 2572 839 2609 Creta
856 2571 1117 2621 proficiscitur
1134 2582 1300 2621 regnum
1324 2571 1535 2620 paternum
1554 2571 1862 2620 recuperaturus
1880 2570 2107 2609 Demetrius
2124 2569 2364 2619 (Nicator),
2382 2569 2486 2609 filius
2510 2571 2700 2611 Demetrii
2716 2573 2832 2613 Sote-

152 2627 206 2666 ris
223 2627 236 2676 (
257 2633 323 2666 165
337 2639 408 2667 aer.
431 2629 526 2677 Sel.‚
545 2631 615 2667 148
634 2639 670 2667 a.
686 2631 749 2677 C.;
765 2629 941 2668 Maccab.
961 2632 1002 2677 Ι,
1028 2635 1088 2669 10,
1106 2630 1270 2680 Joseph.
1291 2631 1384 2668 Xlll
1399 2659 1410 2679 ,
1432 2629 1495 2678 4).
1517 2632 1621 2668 'I'um
1641 2629 1680 2667 in
1699 2629 1856 2678 Syriam
1872 2639 1965 2667 cum
1983 2628 2162 2668 exercitu
2178 2628 2353 2667 accurrit
2370 2629 2633 2677 Ptolemaeus,
2650 2630 2700 2671 de
2717 2633 2834 2681 cuius

150 2685 323 2724 consiliis
338 2697 361 2724 a
378 2685 547 2725 Diodoro
563 2686 695 2726 differt
712 2689 851 2726 auctor
869 2688 1046 2730 Maccab..
1065 2691 1083 2727 I
1095 2717 1107 2737 ‚
1132 2692 1191 2736 11,
1214 2694 1228 2727 1
1247 2699 1352 2738 sqq„
1368 2687 1438 2739 qui
1456 2687 1511 2727 ita
1526 2689 1662 2727 narrat
1681 2703 1690 2726 ε
1715 2687 1792 2726 Καὶ
1815 2688 1837 2725 ὁ
1858 2687 2038 2737 βασιλεὺς
2056 2686 2254 2736 Αἰγύπτου
2271 2687 2428 2738 ἤθροισε
2447 2686 2622 2738 δυνάμεις
2639 2689 2830 2735 πολλὰς...

150 2744 216 2780 καὶ
240 2744 358 2781 πλοῖα
375 2743 498 2782 πολλά
512 2756 522 2765 ·
544 2745 608 2782 καὶ
631 2745 790 2790 ἐζήτησε
809 2750 1102 2796 κατακρατῆσαι
1118 2750 1184 2793 τῆς
1211 2746 1407 2797 βασιλείας
1423 2745 1663 2795 Ἀλεξάνδρου
1686 2745 1810 2795 δόλῳ,
1843 2746 1908 2784 καὶ
1935 2746 2154 2796 προσθεῖναι
2176 2745 2295 2791 αὐτὴν
2318 2749 2364 2796 τῇ
2386 2745 2566 2797 βασιλείᾳ
2598 2747 2731 2786 αὐτοῦ.
2754 2747 2831 2789 Καὶ

152 2801 298 2848 ἐξῆλθεν
315 2803 366 2846 εἰς
385 2802 520 2851 Συρίαν
537 2802 661 2851 λόγοις
684 2804 900 2854 εἰρηνικοῖς,
917 2805 982 2843 καὶ
999 2805 1153 2853 ἤνοιγον
1170 2805 1275 2854 αὐτῷ
1288 2806 1323 2843 οἱ
1338 2804 1415 2842 ἀπὸ
1431 2808 1508 2842 τῶν
1522 2803 1685 2852 πόλεων,
1701 2803 1767 2841 καὶ
1789 2803 1986 2849 συνήντων
2005 2803 2158 2852 αὐτῷ...
2176 2803 2246 2847 Ὡς
2264 2803 2306 2841 δὲ
2329 2804 2594 2854 εἰσεπορεύετο
2609 2804 2663 2849 εἰς
2681 2805 2749 2852 τὰς
2763 2806 2832 2846 πῦ-

150 2860 226 2905 λεις
247 2861 268 2898 ὁ
288 2861 546 2910 Πτολεμαῖος,
566 2861 762 2901 ἀπέτασσε
784 2863 852 2907 τὰς
873 2862 1049 2913 δυνάμεις
1072 2864 1237 2915 φρουρὰν
1266 2863 1305 2902 ἐν
1338 2861 1483 2911 ἑκάστῃ
1512 2862 1686 2901 πόλει....
1703 2862 1750 2900 Ὁ
1768 2862 1808 2901 δὲ
1840 2861 2018 2911 βασιλεὺς
2039 2862 2112 2900 Πτ.
2136 2860 2331 2910 ἐκυρίευσε
2349 2864 2426 2899 τῶν
2443 2861 2594 2900 πόλεων
2617 2866 2684 2909 τῆς
2705 2876 2829 2915 παρα·

152 2918 234 2963 λίας
252 2919 321 2963 ἕως
341 2918 559 2964 Σελευκείας
574 2923 639 2965 τῆς
655 2921 994 2971 παραθαλασσίας,
1012 2922 1078 2960 καὶ
1094 2922 1321 2970 διελογίζετο
1336 2921 1422 2971 περὶ
1438 2920 1676 2970 Ἀλεξάνδρου
1693 2918 1898 2967 λογισμοὺς
1914 2918 2116 2968 πονηρούς.
2137 2919 2214 2956 Καὶ
2232 2918 2434 2957 ἀπέστειλε
2449 2919 2626 2968 πρέσὸεις
2642 2922 2735 2971 πρὸς
2756 2925 2830 2970 Δη-

153 2976 309 3026 μήτριον
325 2977 388 3014 τὸν
403 2978 576 3027 βασιλέα,
592 2978 724 3025 λέγων·
745 2992 763 3011 α
779 2980 902 3030 Δεῦρο
913 3007 925 3027 ,
939 2980 1166 3030 συνθώμεθα
1182 2981 1273 3031 πρὸς
1291 2979 1449 3024 ἑαυτοὺς
1463 2979 1662 3026 διαθήκην,
1680 2978 1745 3015 καὶ
1760 2977 1877 3015 δώσω
1891 2990 1953 3015 σοι
1969 2978 2037 3023 τὴν
2051 2977 2240 3027 θυγατέρα
2254 2990 2327 3026 μου
2343 2977 2388 3023 ἢν
2407 2977 2485 3027 ἔχει
2498 2976 2745 3029 Ἀλέξανδρος,
2765 2983 2830 3020 καὶ

155 3035 394 3086 βασιλεύσεις
416 3039 480 3081 τῆς
500 3035 692 3085 βασιλείας
711 3039 779 3074 τοῦ
796 3037 937 3088 πατρός
958 3051 1045 3076 σου.
1066 3038 1392 3088 Μεταμεμέλημαι
1408 3039 1482 3089 γὰρ
1498 3038 1585 3082 δοὺς
1601 3037 1709 3085 αὐτῷ
1724 3036 1792 3081 τὴν
1806 3034 1993 3086 θυγατέρα
2010 3048 2083 3085 μου
2095 3063 2107 3083 ,
2128 3034 2287 3081 ἐζήτησε
2303 3034 2376 3085 γὰρ
2396 3034 2619 3075 ἀποκτεῖναί
2634 3050 2694 3086 με.
2717 3053 2736 3072 υ
2755 3040 2831 3078 Καὶ

153 3092 344 3140 ἐψόγησεν
365 3091 478 3130 αὐτὸν
497 3092 607 3142 χάριν
624 3096 691 3131 τοῦ
709 3093 941 3144 ἐπιθυμῆσαι
959 3096 1073 3135 αὐτὸν
1093 3101 1159 3143 τῆς
1178 3097 1373 3147 βασιλείας
1396 3097 1515 3136 αὐτοῦ
1534 3097 1617 3134 κτλ.
1634 3095 1785 3134 Contra
1801 3093 1998 3143 Josephus
2013 3095 2107 3132 XIII
2120 3121 2131 3141 ,
2153 3097 2177 3133 4
2190 3097 2227 3142 ‚6
2247 3093 2382 3131 narrat
2403 3103 2542 3132 revera
2571 3094 2830 3135 Ptolemaeum

153 3149 368 3190 Alexandri
394 3151 558 3198 petitum
579 3161 662 3189 esse
683 3151 855 3201 insidiis,
871 3164 972 3203 quas
990 3165 1094 3204 aegre
1110 3166 1180 3193 rex
1201 3155 1397 3204 effugerit.
1418 3154 1431 3204 (
1447 3151 1696 3194 Paucissimis
1719 3162 1804 3191 rem
1823 3153 1993 3201 tangunt
2005 3151 2088 3191 Liv.
2105 3153 2178 3201 Ep.
2199 3155 2270 3199 523
2291 3149 2459 3199 Appian.
2477 3153 2565 3200 Syr.
2587 3154 2660 3201 673
2678 3154 2702 3192 J
2707 3154 2827 3193 nstin.

153 3209 317 3256 XXXV,
355 3208 414 3254 2.)
438 3231 489 3238 —
506 3214 543 3247 2.
566 3208 643 3247 διά
672 3210 798 3259 δημα
818 3211 1142 3263 περιέθηκαν]
1161 3213 1220 3253 Cf.
1240 3213 1401 3263 Joseph.
1427 3215 1544 3261 Xlll,
1561 3214 1600 3262 4,
1629 3215 1649 3252 7
1672 3223 1682 3250 :
1705 3211 1783 3251 Δύο
1818 3210 2045 3261 περιτίθεται
2077 3209 2314 3260 διαδήματα,
2346 3209 2384 3248 ἓν
2414 3209 2480 3260 μὲν
2507 3210 2551 3249 τὸ
2581 3213 2647 3258 τῆς
2676 3210 2830 3262 Ἀσίας,

155 3267 279 3316 ἕτερον
293 3266 333 3304 δὲ
349 3266 392 3304 τὸ
409 3270 473 3311 τῆς
488 3267 694 3316 Αἰγύπτου.
712 3269 860 3307 Eodem
874 3270 991 3308 modo
1006 3271 1182 3310 Maccab.
1203 3274 1221 3311 1
1235 3300 1247 3320 ,
1271 3277 1330 3322 11,
1352 3276 1411 3311 13.
1431 3273 1491 3311 De
1507 3271 1719 3320 Coelesyria
1735 3269 1950 3310 Ptolemaeo
1962 3269 2054 3308 data
2066 3268 2163 3308 nihil
2180 3268 2322 3318 legitur
2337 3267 2379 3307 in
2396 3268 2571 3308 Maccab.
2584 3271 2625 3308 et
2639 3271 2829 3320 Josepho.

114 3351 116 3354 -
154 3323 267 3373 Apud
293 3322 471 3362 Maccab.
491 3325 624 3363 tamen
656 3337 707 3365 ex
730 3326 881 3375 reliquo
908 3329 1145 3368 narrationis
1171 3333 1310 3369 tenore
1338 3331 1479 3380 sponte
1509 3330 1587 3368 hoc
1617 3328 1874 3379 suppleveris.
1909 3326 2027 3377 Apud
2057 3327 2278 3377 Josephum
2304 3326 2448 3366 diserte
2465 3325 2705 3369 Ptolemaeus
2723 3331 2831 3381 αὐτῷ

154 3382 320 3430 ἔφασκεν
339 3381 465 3431 ἀρκεῖν
482 3382 549 3427 τὴν
565 3387 631 3429 τῆς
649 3384 843 3433 Αἰγύπτου
865 3386 1077 3435 βασιλείαν,
1095 3387 1207 3426 nulla
1221 3387 1356 3427 addita
1372 3388 1560 3428 clausula.
1578 3390 1676 3428 Haec
1691 3386 1806 3426 sicuti
1828 3397 1919 3436 quae
1936 3387 1983 3426 fr.
2000 3389 2073 3427 XX
2089 3387 2277 3436 leguntur
2293 3385 2343 3425 de
2362 3384 2474 3425 clade
2489 3388 2530 3425 et
2548 3386 2640 3437 fuga
2653 3387 2828 3428 Alexam

154 3437 241 3486 dri,
274 3438 470 3487 pertinent
489 3438 538 3479 ad
568 3450 717 3479 annum
743 3444 812 3480 146
828 3453 865 3481 a.
897 3445 942 3482 C.
962 3444 975 3492 (
993 3446 1061 3483 172
1079 3455 1148 3484 oer.
1176 3445 1255 3485 Sel.
1283 3446 1460 3486 Maccab.
1480 3448 1521 3496 1,
1542 3449 1604 3496 11,
1619 3450 1657 3486 9.
1673 3445 1700 3495 ).
1718 3467 1765 3478 -—
1786 3450 1823 3484 3.
1850 3458 2030 3484 κοινοπ
2046 3442 2099 3496 ρ.]
2115 3458 2291 3495 καινοπρ.
2313 3443 2453 3483 codex.
2471 3443 2622 3484 Deinde
2648 3446 2829 3498 supplevi

157 3506 194 3534 v.
215 3496 369 3542 Κοίλης.

210 3558 299 3596 xx.
334 3556 424 3596 For.
448 3561 541 3604 183,
573 3560 618 3596 14
635 3582 686 3591 -
709 3563 756 3597 22
781 3570 818 3598 r.
850 3560 996 3600 Eadem
1019 3564 1222 3614 (exceptis
1241 3566 1371 3606 verbis
1391 3561 1599 3615 postremis
1617 3561 1848 3612 Ἀλέξανδρος
1869 3562 1936 3612 μὲν
1957 3560 2067 3600 οὖν...
2087 3559 2276 3611 ἀνῃρέθη)
2295 3560 2480 3609 leguntur
2507 3559 2550 3598 in
2577 3562 2673 3600 exc.
2698 3559 2830 3602 Photi

155 3625 194 3665 p.
216 3617 289 3653 519
315 3615 326 3662 (
344 3613 504 3653 Diodor.
523 3617 694 3663 XXXII,
717 3616 793 3664 10).
814 3618 943 3656 Prima
958 3621 1078 3660 verba
1098 3623 1223 3661 Photii
1240 3627 1333 3664 sunt
1353 3641 1362 3664 ε
1380 3623 1427 3663 Ὁ
1443 3624 1482 3662 δὲ
1502 3620 1734 3670 Ἀλέξανδρος
1754 3620 1832 3660 ἀπὸ
1850 3620 1917 3671 μὲν
1929 3624 1995 3666 τῆς
2013 3618 2139 3669 μάχης
2156 3619 2252 3669 μετὰ
2268 3618 2304 3669 φ’
2320 3618 2388 3664 τὴν
2404 3617 2523 3667 φυγὴν
2539 3617 2749 3665 ἐποιήσατο
2766 3619 2780 3663 (
2790 3619 2831 3658 ih

155 3672 245 3712 cod.
276 3676 408 3711 Escor.
438 3674 497 3710 est
517 3673 772 3723 ἐποιήσαντο)
793 3677 873 3714 κτλ.
892 3698 944 3705 -
967 3683 1001 3717 1.
1020 3680 1102 3718 εἶτα
1123 3681 1237 3719 Phot.
1271 3708 1321 3716 -
1339 3688 1376 3722 2.
1395 3683 1474 3720 καὶ
1496 3677 1707 3728 Κάσιον]
1729 3678 1816 3716 haec
1850 3688 1929 3716 om.
1948 3677 2123 3716 Photius.
2142 3678 2320 3716 Primum
2336 3675 2466 3715 scriba
2493 3675 2656 3715 dederat
2673 3676 2827 3727 βάσιον,

155 3730 263 3780 quod
281 3729 422 3769 deinde
433 3731 618 3769 correxit.
637 3753 690 3760 -
708 3738 743 3770 3.
761 3746 845 3771 συν
857 3738 880 3781 ῆ
891 3748 979 3773 σαν
990 3735 1035 3786 ]..
1052 3742 1170 3784 νῆσαν
1189 3737 1313 3777 codex
1326 3769 1337 3787 ‚
1351 3740 1488 3778 relicto
1503 3737 1673 3777 duarum
1690 3735 1897 3775 literarum
1916 3735 2056 3785 spatio.
2075 3757 2126 3764 —
2138 3738 2176 3774 4.
2195 3735 2287 3781 ἀσφ
2300 3735 2358 3773 αλ
2373 3733 2414 3773 εί
2424 3733 2503 3785 ας]
2519 3733 2682 3773 Photius
2694 3744 2830 3784 perpe-

157 3799 242 3827 ram
261 3787 482 3838 ἡγεμονίας.
502 3812 550 3820 -
570 3789 711 3828 clades
728 3792 766 3828 et
783 3791 873 3840 suga
890 3792 1101 3832 Alexandri
1118 3795 1314 3843 pertinent
1326 3796 1376 3834 ad
1388 3807 1538 3835 annum
1560 3798 1630 3834 146
1642 3823 1653 3843 ,
1666 3794 1724 3832 uti
1737 3794 1954 3833 certissime
1970 3795 2139 3833 constat.
2158 3796 2310 3833 Verum
2327 3791 2525 3832 Diodorus
2541 3791 2628 3831 hoec
2643 3802 2722 3830 non
2736 3803 2827 3831 nar.-

158 3848 261 3885 ravit
273 3844 321 3884 ad
338 3856 486 3883 anuum
508 3848 599 3894 146,
618 3846 687 3886 sed
705 3847 758 3885 ita
776 3847 883 3886 haud
901 3849 1019 3888 dubie
1038 3862 1121 3890 rem
1142 3852 1323 3902 instituit,
1339 3855 1383 3892 ut
1395 3855 1606 3903 postquam
1627 3854 1852 3902 susceptam
1869 3851 2060 3892 Demetrii
2076 3852 2216 3891 contra
2232 3849 2506 3891 Alexandrum
2537 3849 2829 3899 expeditionem

162 3909 173 3953 (
191 3905 253 3943 Ol.
280 3907 366 3952 157,
385 3906 459 3943 4-
482 3903 540 3955 5}
562 3915 599 3942 a.
624 3908 669 3944 C.
684 3906 697 3955 )
714 3909 931 3954 narrasset,
952 3909 1086 3947 statim
1105 3910 1297 3959 reliquam
1315 3911 1432 3960 hujus
1449 3912 1544 3951 belli
1561 3911 1763 3950 historiam
1779 3922 1903 3961 usque
1922 3910 1972 3950 ad
1988 3909 2141 3950 cladem
2158 3910 2371 3960 rugamque
2387 3908 2599 3949 Alexandri
2621 3908 2830 3959 subjunge-

160 3964 233 4000 ret.
258 3962 408 4011 Saepius
431 3973 478 4001 eo
498 3962 617 4001 modo
643 3963 836 4003 Diodorus
855 3966 1120 4005 narrationem
1136 3967 1307 4017 disponit
1333 3980 1457 4019 eoque
1477 3969 1771 4018 chronologiam
1791 3980 1904 4008 suam
1927 3969 2106 4019 alioquin
2129 3979 2269 4019 parum
2298 3969 2526 4006 accuratam
2549 3967 2681 4006 multo
2708 3967 2827 4006 etiam

161 4018 448 4068 impeditiorem
470 4019 611 4059 reddit.
636 4022 778 4059 Nostro
795 4024 928 4061 autem
946 4023 1033 4062 loco
1055 4035 1116 4063 res
1128 4035 1174 4063 eo
1188 4025 1391 4074 probatur,
1409 4027 1515 4076 quod
1533 4037 1623 4076 quae
1642 4027 1860 4076 sequuntur
1876 4026 1915 4065 in
1931 4028 2030 4065 Exc.
2050 4025 2248 4065 photianis
2259 4024 2308 4064 de
2326 4025 2538 4064 Masinissae
2554 4026 2595 4064 et
2609 4023 2659 4064 de
2681 4025 2828 4064 Prusiae

160 4077 236 4115 tine
246 4076 294 4115 ad
309 4087 372 4115 an.
394 4080 463 4117 149
483 4079 495 4125 (
513 4082 599 4128 157,
614 4080 652 4127 4)
668 4079 801 4118 referri
814 4081 954 4119 solent.
971 4083 1092 4120 Recte
1105 4082 1223 4131 igitur
1236 4083 1274 4120 in
1288 4083 1401 4122 editis
1413 4083 1575 4122 Diodori
1589 4094 1680 4134 quae
1692 4083 1741 4122 de
1756 4083 1849 4123 Bala
1865 4094 1887 4123 e
1905 4083 2018 4123 Phot.
2038 4086 2132 4123 Exc.
2147 4084 2374 4132 narrantur,
2388 4082 2523 4122 statim
2539 4084 2628 4132 post
2639 4092 2687 4121 ea
2700 4083 2824 4132 posui,

158 4146 251 4184 quae
272 4136 321 4174 de
347 4135 509 4187 Philippi
533 4137 754 4178 Macedonis
777 4141 865 4190 post
886 4139 1094 4179 victoriam
1118 4140 1392 4180 crudelitatem
1409 4153 1460 4182 ex
1476 4145 1570 4181 Exc.
1591 4145 1647 4181 De
1659 4141 1798 4181 virtut.
1821 4143 1993 4182 exstant.
2011 4141 2184 4182 Eandem
2202 4152 2334 4181 rerum
2348 4140 2488 4181 seriem
2502 4141 2679 4191 praebent
2694 4142 2828 4180 nostra

162 4193 297 4241 fragm.
314 4195 443 4232 XVlll
461 4196 500 4233 et
521 4197 625 4235 xlx.
644 4197 827 4236 Ceterum
847 4196 1026 4235 ordinem
1040 4197 1348 4247 fragmentorum
1366 4210 1473 4238 nunc
1487 4201 1714 4239 nostrorum
1735 4202 2024 4249 Excerptorum
2041 4211 2116 4250 ope
2131 4199 2355 4239 accuratius
2370 4198 2410 4238 in
2422 4198 2624 4238 nonnullis
2638 4197 2829 4248 refingere

161 4262 380 4299 possumus.
399 4252 594 4292 Nimirum
614 4254 652 4292 in
672 4254 771 4294 libro
788 4256 912 4294 XXXI
929 4255 1056 4305 capita
1070 4256 1287 4296 ordinanda
1307 4260 1400 4297 sunt
1417 4259 1522 4296 hunc
1536 4257 1573 4295 in
1591 4258 1753 4297 modum
1772 4270 1781 4296 ε
1798 4260 2018 4297 Gammae
2037 4274 2046 4297 z
2066 4268 2152 4308 cap.
2175 4263 2188 4297 1
2206 4279 2255 4286 -—
2273 4260 2364 4298 Vlll
2379 4270 2391 4307 ;
2408 4259 2494 4297 XIV
2512 4259 2551 4296 et
2571 4259 2643 4296 XV
2660 4257 2823 4306 (quate-

162 4318 236 4346 nns
260 4310 306 4347 ad
330 4312 425 4348 Exc.
456 4312 635 4350 vatican.
658 4313 908 4363 pertinent);
939 4314 995 4351 De
1013 4313 1126 4352 insid.
1147 4313 1192 4353 sr.
1212 4316 1334 4353 xvn.
1361 4339 1411 4346 -
1436 4318 1672 4355 MACEDONlA
1695 4332 1702 4356 z
1723 4318 1816 4365 Cap.
1838 4317 1918 4363 1X3
1946 4319 2001 4356 De
2022 4318 2095 4357 ins.
2116 4317 2163 4356 t'r.
2185 4317 2328 4356 XVlll.
2356 4338 2404 4345 -—
2427 4319 2546 4355 Sriux
2571 4332 2578 4355 :
2603 4318 2661 4355 De
2685 4314 2756 4354 ins.
2774 4314 2823 4354 tr.
