3016 4628
284 290 371 330 170
1085 267 1098 284 ·
1182 272 1586 324 AmsTo‘reus
1620 239 2054 344 FRAGMENTA„

275 378 392 439 κίαν,
414 376 520 441 ὅπερ
545 374 721 423 δύναται
739 375 928 439 χαλκοῦν
949 372 1045 421 ἕνα·
1065 372 1139 422 καὶ
1161 372 1329 432 ἑξᾶντα,
1346 372 1451 438 ὅπερ
1469 371 1560 420 ἐστὶ

274 450 348 497 δύο
375 449 556 513 χαλκοῖ,
583 447 659 495 καὶ
681 446 911 512 τριξᾶντα,
933 445 1038 511 ὅπερ
1063 452 1201 511 τρεῖς,
1226 446 1299 493 καὶ
1321 444 1560 507 ἡμίλιτρον,

272 522 350 570 ὅτι-ε
333 541 378 586 ερ
401 520 444 576 ἓξ
459 520 570 580 ,καὶ
588 519 805 585 λίτραν,
779 536 833 577 ην
853 514 961 566 εἶναι
977 517 1144 565 ὀὸολόν·
1164 517 1212 564 τὸ
1230 515 1374 574 μέντοι
1398 517 1442 562 δε
1445 514 1562 561 κάλι-

271 611 370 657 τρον
412 592 618 640 δύνασθαι
650 590 727 655 μὲν
763 591 867 639 δέκα
904 589 1107 649 ὀὸολους,
1147 595 1256 636 εἶναι
1287 588 1332 636 δὲ
1366 590 1560 650 στατῆρα

275 665 516 731 Κορίνθιον.
541 669 632 713 Pro
653 664 807 720 ἑξᾶντα
831 676 878 711 et
899 662 1098 729 τριξᾶντα
1121 660 1284 716 libne-35
1301 660 1494 707 τάλαντα
1516 668 1561 703 et

273 737 371 802 τρία
390 737 600 785 τάλαντα.
644 739 715 786 Cf.
757 739 947 798 Bentley
983 740 1054 782 De
1092 737 1290 795 pecunia
1327 734 1478 779 Sicula
1510 733 1560 774 in

273 813 442 872 Opusc.
467 828 509 868 p.
537 812 630 865 416
653 827 775 872 sqq-3
806 812 988 856 Mulier.
1014 811 1125 854 Dor.
1143 810 1213 863 ΙΙ,
1234 815 1285 867 p:
1315 811 1406 857 214
1431 819 1556 862 sqq„

274 885 477 946 AEginet.
503 900 554 945 p.
583 901 665 945 91.

2142 386 2414 436 ΓΕΛΩΩΝ.

2217 493 2329 540 216.

1702 588 2619 652 801101.Ρί11(131“.Ργῐ11.Ι,89.Φησι
2644 593 2728 659 γάρ
2751 613 2833 643 που
2857 595 2962 646 καὶ

1637 661 1971 750 Ἇριστοτέλης’
1952 679 1995 707 εν
2018 663 2073 723 τῇ
2098 660 2135 707 l
2138 658 2282 707 ελώων
2308 662 2475 709 πολιτε’
2438 680 2526 728 ειᾳ,
2551 664 2728 712 Γέλωνα
2751 665 2824 715 τὸν
2844 672 2955 727 του
2959 682 2963 685 ‘

1637 733 1831 797 Ἱέρωνος
1856 730 2038 795 ἀδελφὸν
2062 729 2199 797 ὑδέρῳ
2216 732 2433 795 νοσήματι
2449 734 2521 782 τὸν
2547 734 2640 800 βίον
2657 738 2945 797 τελευτῆσαι,
2942 731 2965 766 k*

1636 804 1764 851 αὐτὸν
1783 803 1879 851 δὲ
1840 823 1934 859 τον
1937 801 2169 868 Ιερωνα,
2150 823 2194 851 εν
2213 807 2267 870 τῇ
2286 808 2370 853 τῶν
2389 807 2698 871 Συρακουσίων
2718 809 2962 876 πολιτεία.
3006 839 3009 850 ÷

1635 874 1838 940 δυσουρία
1858 876 2144 939 δυστυχῆσαι.
2171 877 2245 924 Cf.
2273 872 2510 926 Plutarch.
2538 883 2610 926 De
2637 883 2772 942 Pyth.
2806 899 2957 938 orae
3006 932 3007 935 ,

1632 966 1681 1009 p.
1704 950 1814 1006 403,
1836 950 1904 994 C:
1929 947 2076 996 Γέλων
2095 947 2172 1011 μὲν
2193 949 2421 1013 ὑδροπιῶν,
2440 949 2855 1015 Ἱέρωνδὲλιθιῶν’
2834 970 2934 1001 eru·-
3006 1008 3010 1009 ⁷

1635 1019 1875 1083 ράννευσεν.
1896 1021 2097 1069 Diodor.
2122 1023 2210 1079 XI,
2236 1022 2314 1079 38,
2342 1023 2388 1080 3,
2415 1023 2498 1069 ὑπὸ
2520 1022 2764 1087 ἀρρωστίας
2806 1042 2937 1073 ouva·-
3006 1020 3008 1046 5

1631 1091 1813 1156 χόμενος
1838 1090 2068 1156 (Γέλων).
2096 1098 2151 1144 V.
2173 1096 2367 1142 Boeckh.
2393 1096 2454 1142 ad
2472 1097 2721 1143 Pindaril.
2750 1099 2803 1147 l..

2200 1187 2335 1250 [217.
2342 1188 2360 1250 ]
2943 1232 2951 1248 τ

1701 1279 1720 1341 [
1741 1281 1932 1324 Aristot.
1958 1282 2061 1328 Pol.
2080 1283 2137 1336 V,
2163 1296 2238 1337 10,
2261 1286 2286 1333 4
2313 1297 2324 1325 :
2352 1278 2428 1327 Ἐν
2446 1263 2563 1345 Γέλα
2589 1283 2646 1336 εἷς
2663 1281 2742 1340 τὴν
2762 1282 2930 1332 Κλεάν·
2951 1312 2954 1315 -
3004 1287 3008 1313 5

1633 1351 1733 1415 δρου
1758 1350 2018 1415 (τυραννίδα
2035 1355 2062 1408 ἡ
2085 1351 2316 1418 ὀλιγαρχία
2341 1351 2556 1415 μετέὸαλε
2576 1355 2612 1418 ).-
3004 1372 3009 1382 *

856 993 966 1022 212.

338 1086 507 1130 Pollux
537 1087 632 1142 IX,
662 1085 772 1143 87·
809 1081 871 1130 Τὸ
910 1079 1053 1142 μέντοι
1089 1075 1312 1126 Σικελικὸν
1345 1073 1555 1122 τάλαντον

274 1155 547 1220 ἔλάχιστον”
531 1175 674 1220 ιοχυεν
701 1175 712 1185 ·
741 1154 788 1202 τὸ
820 1153 896 1215 μὲν
930 1155 1135 1216 ἀρχαῖον,
1175 1151 1234 1202 ὡς
1262 1146 1558 1212 Ἀριστοτέλης

272 1227 419 1291 λέγει,
438 1228 645 1292 τέτταρας
668 1227 739 1275 καὶ
763 1226 896 1273 εἴκοσι
918 1244 1013 1278 τους
1034 1222 1272 1285 νούμμους·
1295 1219 1344 1266 τὸ
1365 1217 1443 1265 δὲ
1432 1218 1556 1265 ύστε-

276 1319 364 1363 ρον,
393 1300 673 1347 δυοκαίδεκα·
700 1297 902 1345 δύνασθαι
928 1296 971 1344 δὲ
991 1296 1063 1343 τὸν
1084 1298 1274 1355 νοῧμμον
1294 1290 1392 1354 τρία
1414 1294 1551 1352 ἢμιω·

273 1371 414 1419 δόλια.
441 1376 508 1421 Cf.
528 1375 717 1420 Boeekh.
745 1375 923 1417 OEcon.
951 1371 1119 1415 Athen.
1141 1370 1180 1423 I,
1201 1383 1251 1427 p
1282 1383 1357 1423 17.
1383 1367 1555 1411 Vme

274 1448 343 1490 De
365 1446 568 1506 ponder.
595 1462 722 1491 num.
752 1443 1008 1488 rationibus
1025 1457 1076 1502 p.
1100 1441 1177 1497 6ο,
1204 1438 1311 1485 136.

834 1542 984 1606 [ω]

339 1638 559 1701 [Aristot.
586 1641 685 1685 Pol.
719 1642 772 1695 V,
800 1637 827 1681 8
846 1672 858 1693 ‚
889 1642 914 1689 4
957 1653 966 1682 :
1007 1632 1208 1697 Φάλαρις
1228 1634 1277 1680 ἐκ
1308 1632 1392 1679 τῶν
1413 1632 1552 1692 τιμῶν

273 1728 335 1759 se.
357 1713 417 1757 ad
440 1712 729 1772 tyrannidem
754 1712 907 1756 evasit.
926 1708 944 1772 ]

2047 1489 2516 1541 ΣΥΡΑΚΟΥΣΙΩΝ.

2218 1614 2331 1662 218.

1698 1725 1868 1770 Pollux
1889 1725 1971 1780 VI,
1999 1724 2075 1780 16,
2103 1724 2162 1768 de
2185 1723 2367 1768 Pollide
2399 1724 2594 1785 Argivo,
2621 1725 2932 1785 Syracusano-

857 1815 945 1863 214
1633 1814 1741 1844 rum
1773 1813 1902 1858 1·.ege
1947 1796 2066 1843 Vide
2088 1796 2252 1858 fragm.
2278 1794 2340 1858 95
2370 1805 2471 1841 not.
2511 1811 2514 1814 ·

335 1907 532 1966 Diogen.
551 1908 702 1950 Iiaert.
732 1906 861 1960 VIII,
883 1903 941 1948 63
969 1919 979 1947 ε
1003 1899 1125 1959 Φησὶ
1147 1900 1182 1946 δ’
1204 1897 1330 1946 αὐτὸν
1357 1898 1557 1962 (Ἐμπε-
2219 1905 2330 1951 219.

273 1975 453 2039 δοκλέα)
475 1976 548 2023 καὶ
572 1975 861 2040 Ἀριστοτέλης
886 1973 1102 2039 ἐλεύθερον
1123 1973 1343 2036 γεγονέναι
1368 1971 1443 2020 καὶ
1470 1971 1557 2018 ποί-

274 2070 351 2108 σης
375 2052 511 2114 ἀρχῆς
533 2049 766 2113 ἀλλότριον,
792 2048 876 2112 εἴγε
893 2045 968 2105 τὴν
1000 2045 1223 2112 βασιλείαν
1247 2047 1363 2111 αὐτῷ
1381 2044 1553 2108 διδομέ-

270 2140 345 2178 νην
369 2121 666 2186 παρῃτήσατο,
687 2121 877 2185 καθοίπερ
896 2119 1157 2185 Ξάνθοςῌῆπ
1185 2120 1260 2180 3ο)
1289 2119 1333 2165 ἐν
1357 2118 1442 2173 τοῖς
1457 2117 1557 2183 περὶ

271 2195 395 2240 αὐτοῦ
433 2193 570 2256 λέγει,
602 2194 679 2251 τὴν
711 2193 915 2251 λιτότητα
960 2191 1155 2251 δηλονότι
1184 2190 1344 2239 πλείων
1377 2191 1556 2255 ἀγαπή-

271 2283 361 2318 σας.
388 2267 455 2314 Cf.
482 2267 661 2312 Eudoc.
693 2283 740 2328 p.
769 2265 876 2325 107.

1699 1985 1894 2030 Photius
1916 1987 2031 2030 Lex.
2059 1999 2070 2027 :
2099 1983 2142 2030 K
2159 1981 2261 2028 αλλ
2279 1978 2500 2045 ικύριοι,
2525 1982 2564 2028 οἱ
2583 1979 2678 2028 ἀντὶ
2709 1983 2795 2028 τῶν
2821 2000 2932 2043 γεω-ι

1634 2054 1779 2119 μόρων
1808 2057 1851 2103 ἐν
1873 2052 2173 2119 Συρακούσαις
2197 2053 2417 2117 γενόμενοι
2435 2052 2590 2101 πολλοί
2620 2071 2731 2107 τινες
2747 2053 2797 2100 τὸ
2812 2055 2933 2112 πλῆ-

1632 2133 1752 2183 θος...
1789 2127 1874 2195 (V.
1905 2130 2065 2174 Timaei
2087 2128 2148 2175 fr.
2187 2125 2270 2172 56.
2292 2125 2308 2191 )
2406 2123 2748 2186 Ὠνομοίσθησαν
2775 2121 2822 2172 δὲ
2845 2122 2932 2179 ἀπὸ

1631 2205 1705 2249 τοῦ
1728 2203 1786 2255 εἷς
1806 2199 1938 2249 ταύτὸ
1959 2200 2173 2248 συνελθεῖν
2197 2196 2519 2246 παντοδαποὶ”
2494 2216 2636 2259 οντες,
2660 2198 2718 2251 ὡς
2733 2195 2934 2260 Ἀριστοὴ

1633 2273 1796 2331 τέλης’
1778 2292 1821 2320 εν
1842 2271 2153 2340 Συρακουσίων
2173 2269 2398 2335 πολιτεία,
2417 2267 2558 2331 ὅμοιοι
2580 2268 2670 2323 τοῖς
2692 2270 2814 2334 παρὰ
2831 2271 2931 2317 Λα-

1640 2345 1927 2408 κεδαιμονίοις
1950 2344 2115 2403 εἵλωσι,
2139 2341 2214 2391 καὶ
2244 2341 2365 2408 παρὰ
2396 2343 2642 2395 Θεσσαλοῖς
2677 2359 2904 2396 πενέσταις
2914 2376 2946 2400 ,

1632 2418 1708 2466 καὶ
1733 2416 1854 2484 παρὰ
1876 2417 2021 2483 Κρησὶ
2049 2414 2312 2482 κλαρώταις.
2330 2414 2442 2479 [Καὶ
2466 2413 2708 2480 παροιμία·
2729 2413 2931 2461 Καλλι-

1633 2491 1835 2556 κυρίων
1873 2489 2124 2544 πλείους.
2151 2491 2294 2538 Τουτο
2333 2486 2524 2552 ἐλέγετο,
2563 2485 2603 2534 εἴ
2639 2504 2746 2534 ποτε
2771 2487 2957 2547 πληθοςί

1633 2563 1821 2622 ἤθελον’
1802 2583 2006 2629 εμφηναι·
2019 2561 2149 2627 οιγὰρ
2162 2560 2448 2627 Καλλικυριοι
2461 2551 2648 2608 δουλοι
2619 2578 2747 2618 ησαν,
2760 2558 2933 2612 πλειους
2946 2597 2954 2606 »Δ

1634 2657 1721 2684 των
1759 2637 1918 2702 κυρίων
1951 2638 2114 2693 αὐτῶν,
2142 2633 2255 2682 ὥστε
2279 2634 2355 2682 καὶΙ
2380 2631 2534 2687 αὐτους
2557 2631 2780 2688 ἐξέὸαλον.
2820 2635 2931 2679 Haee

1634 2712 1767 2757 addit
1791 2712 1955 2758 Suidas
1973 2728 2007 2758 s.
2030 2727 2087 2757 v.
2110 2709 2130 2772 ]

1701 2783 1770 2828 Cf.
1815 2785 2010 2828 Photius
2045 2799 2092 2830 v.
2124 2778 2394 2843 Κιλλικύριοι
2437 2779 2570 2841 (quae
2609 2779 2739 2823 vocis
2779 2778 2928 2823 forma

1633 2855 1929 2945 praeferenda
1950 2856 2005 2918 ):
2035 2853 2113 2901 Ἐν
2134 2851 2435 2917 Συρακόσσαις
2471 2849 2558 2896 τινε
2562 2870 2581 2903 ς
2605 2847 2850 2907 ἐκληθησαν
2889 2849 2928 2895 οἱ

1637 2926 1731 2974 ἀντι
1765 2946 1850 2973 των
1894 2925 2126 3001 γεωμόρων
2171 2923 2297 2989 μέρος
2331 2921 2650 2976 καταλαὸόντες
2689 2925 2765 2967 τοῦ
2798 2922 2926 2967 πολι-

1635 2999 1860 3063 τεύματος,
1877 2991 1962 3046 οἷον
1974 2997 2148 3051 εἵλωτες
2160 2995 2234 3044 καὶ
2259 2993 2462 3042 πενέσται
2485 2992 2609 3046 τινές.
2632 2994 2832 3054 Hesych
2853 2995 2929 3038 cui

1641 3074 1681 3119 οι
1714 3074 1876 3120 κιλλικ.
1907 3083 2015 3118 sunt
2053 3072 2092 3118 οἱ
2117 3068 2430 3122 ἐπεισελθόντες
2451 3065 2703 3131 γεωμόροις.
2744 3065 2923 3114 Zenob.

856 2377 962 2425 215.

332 2469 465 2514 Idem
499 2471 633 2527 VIII,
665 2476 722 2528 74
764 2487 774 2515 :
813 2469 926 2535 Περὶ
962 2472 1046 2516 τῶν
1083 2470 1189 2516 ἐτῶν
1229 2467 1559 2531 Ἐμπεδοκλοῧς

271 2539 559 2604 Ἀριστοτέλης
580 2540 844 2606 διαφέρεται·
871 2541 975 2607 φησὶ
996 2541 1080 2606 γὰρ
1107 2543 1264 2595 ἐκεῖνος
1289 2540 1320 2596 ξ’
1346 2544 1452 2589 ἐτῶν
1482 2543 1557 2588 αὖ·

269 2612 340 2658 τὸν
357 2615 623 2670 τελευτῆσαι.
667 2617 841 2661 Eadem
866 2632 924 2661 ex
959 2617 1258 2677 Apollodoro
1280 2615 1355 2678 (fr.
1377 2616 1467 2678 87)
1491 2632 1561 2661 re-

270 2687 386 2745 petit
405 2688 533 2742 VIII,
562 2685 635 2733 52.
660 2690 776 2733 Vide
799 2691 1013 2736 Karsten.
1054 2690 1350 2750 Empedoclis
1371 2691 1564 2750 Fragm.

273 2774 320 2816 p.
349 2775 378 2817 9
402 2767 447 2802 ct
478 2757 558 2815 453
579 2759 766 2806 Clinton
785 2762 845 2805 ad
868 2763 942 2807 Ol.
968 2762 1053 2818 84,
1079 2779 1122 2809 1.
1148 2764 1363 2808 Ceterum
1389 2763 1561 2809 r'ectius

274 2831 458 2876 sortasse
483 2833 581 2877 haec
607 2843 663 2878 ex
679 2834 800 2878 libro
823 2837 893 2879 De
912 2837 1062 2895 poetis
1084 2837 1234 2896 petita
1253 2851 1347 2881 esse
1371 2836 1558 2880 dixeris.

739 2970 1066 3019 ΙΜΕΡΑΙΩΝ.

338 3071 452 3116 Vide
470 3073 636 3132 Remp.
657 3074 1064 3134 Agrigentinorum
1078 3110 1090 3133 ,
1111 3074 1172 3122 tr.
1198 3091 1252 3120 21
1267 3092 1305 3120 1.

859 3216 961 3256 212.
1309 3190 1315 3194 ’
2092 3207 2464 3259 GELOORUM.

325 3278 501 3318 Siculum
515 3279 706 3319 talentum
721 3292 841 3331 quam
856 3284 1065 3323 minimum
1080 3285 1206 3324 valuit
1219 3298 1231 3334 ;
1245 3285 1362 3324 vetus
1378 3284 1555 3335 quidem,

276 3344 320 3382 ut
340 3344 566 3384 Aristotcles
581 3346 723 3395 tradit,
740 3348 878 3397 viginti
908 3351 1103 3399 quattuor
1133 3361 1341 3400 nummos,
1361 3351 1558 3401 posterius
2087 3357 2090 3360 ⁴
2228 3335 2332 3377 2¹6·

275 3419 367 3447 vem
383 3408 589 3449 d⁰⁰de⁰i¹¹¹
612 3426 621 3450 ²
639 3411 770 3451 valere
786 3415 917 3453 autem
938 3425 1147 3454 nummum
1162 3416 1238 3456 tria
1255 3415 1502 3456 semi⁰b⁰lia‘
1683 3441 1913 3483 Aristoteles
1928 3440 1970 3480 in
1979 3440 2194 3480 Geloorum
2209 3449 2293 3488 rep.
2307 3435 2453 3477 alicubi
2468 3434 2566 3474 dicit
2586 3431 2778 3473 Gelonem
2795 3428 2912 3469 Hiero

502 3545 510 3553 ,
744 3546 750 3555 ι
862 3483 888 3522 2
896 3484 911 3522 Ῑ
922 3485 963 3523 3·
977 3550 985 3558 ·
1631 3506 1693 3546 nis
1715 3507 1876 3545 fratrem
1893 3505 2070 3555 hydrope
2086 3504 2290 3542 mortuum
2304 3511 2402 3550 esse;
2421 3499 2634 3540 Hieronem
2650 3505 2748 3534 vem
2763 3492 2867 3532 idem
2888 3493 2913 3530 5¹

326 3543 339 3593 [
358 3543 532 3585 phalam
550 3555 601 3585 ex
616 3545 829 3586 h⁰n⁰¹¹b¹¹⁵
844 3559 1007 3662 ἓῗιωῑῧ
1022 3550 1073 3590 ad
1088 3551 1340 3602 tyrannidem
1366 3551 1504 3592 evam·
1523 3550 1539 3602 ]
1633 3575 1971 3622 Syracusanorum
1987 3580 2070 3620 rep.
2094 3569 2215 3608 refert
2229 3567 2356 3606 urinae
2370 3564 2609 3604 difficultate
2625 3560 2838 3601 laborasse.

280 3752 286 3757 Ι
324 3684 459 3724 Fuisse
472 3696 566 3759 reto
581 3687 860 3737 Empedoclem
879 3690 1057 3740 inprimis
1068 3691 1238 3731 liberum
1257 3692 1376 3743 atque
1389 3692 1440 3732 ab
1448 3691 1557 3731 omni
1683 3706 1810 3758 [Gelae
1825 3708 1867 3745 jn
1886 3703 2074 3746 Cleandri
2088 3634 2341 3753 ῑμὸῃῃξὲθιῐέ
2348 3633 2567 3750 ἕιῑςθηςιήῃ
2581 3705 2696 3736 versa
2709 3690 2799 3743 est]

278 3750 495 3799 imperandi
518 3751 618 3791 fastu
636 3754 941 3794 remotissimum
960 3757 1189 3796 Aristoteles
1205 3756 1341 3807 tradit,
1357 3757 1558 3807 siquidem
2685 3776 2687 3779 ’

276 3817 316 3854 vt
333 3826 496 3864 regnum
520 3828 645 3866 quum
677 3817 748 3867 ipsi
766 3820 994 3868 offerretur,
1019 3823 1243 3861 constanter
1264 3823 1396 3862 renuit
1414 3822 1558 3872 (sicuti
1995 3806 2575 3862 SYRACUSANORUM·

273 3879 454 3919 xanthus
467 3879 506 3919 in
523 3880 623 3920 libro
645 3879 695 3919 dc
711 3892 758 3921 eo
776 3883 947 3934 tradit),
974 3884 1235 3934 frugalitatem
1258 3885 1406 3926 scilicet
1421 3895 1558 3936 regum

274 3942 423 3983 deliciis
443 3944 669 3994 praeferens.
2223 3917 2329 3960 219·

864 4014 965 4056 2¹5·
1684 4012 1875 4064 Cillicyrii
1891 4010 1989 4051 dicti
2004 4008 2104 4063 inde,
2115 4009 2210 4048 sunt
2226 4005 2335 4057 quod
2353 4003 2496 4045 eodem
2511 3999 2789 4046 confluxerunt
2801 3997 2853 4037 lio
2868 4005 2921 4037 πῖ·

326 4080 383 4117 De
403 4079 516 4119 annis
534 4081 782 4132 Empedoclis
806 4082 1032 4123 Aristoteles
1065 4083 1244 4124 dissentit
1260 4084 1311 4134 (a
1331 4085 1557 4133 Favorino,
1632 4089 1702 4119 nes
1720 4089 1771 4118 ex
1787 4075 1897 4116 omni
1913 4084 2054 4124 genere
2069 4071 2207 4120 mixti,
2223 4072 2268 4110 ut
2280 4068 2511 4111 Aristoteles
2528 4067 2584 4107 ait
2598 4066 2638 4106 in
2655 4066 2852 4114 Syracusa
2866 4070 2913 4121 ι(

276 4147 347 4191 qui
371 4148 418 4184 77
439 4156 572 4186 (annos
607 4149 761 4186 nalum
782 4146 929 4188 obiisse
965 4147 1078 4188 dixi!
1096 4149 1123 4198 ).
1163 4151 1200 4188 ls
1233 4150 1335 4189 enim
1360 4149 1559 4200 sexaginta
1633 4154 1723 4182 rum
1763 4152 1863 4192 rep„
1901 4138 2048 4180 similes
2067 4136 2276 4178 Helotibus
2303 4131 2719 4179 Lacedaemoniorum,
2748 4129 2803 4167 l‘e
2868 4132 2906 4153 ⁴

276 4217 397 4246 almos
419 4210 557 4249 natum
571 4209 710 4250 obiisse
729 4209 797 4250 ait.
1633 4208 1932 4255 Thessalorum,
1957 4202 2125 4244 Clarotis
2153 4199 2416 4243 Cretensium.

343 4285 369 4310 ‘c
