3016 4628
230 297 319 336 434

226 398 381 445 ceant,
408 388 534 432 etde
567 387 745 431 morbis
781 399 946 430 eorum
976 386 1184 429 AElianus
1219 400 1410 444 quoque
1439 386 1516 429 lo-

226 464 384 522 quitur
414 461 533 515 XII,
560 464 620 512 44
656 468 702 504 et
727 459 869 514 XIII,
894 474 938 514 7.
966 458 1279 502 Posterior-em
1312 458 1466 502 locum
1493 472 1518 502 e

222 535 520 600 Megasthene
557 532 756 591 petitum
788 545 881 575 esse
914 545 1012 574 non
1041 539 1108 574 est
1144 530 1364 585 dubium,
1390 544 1515 588 prae-

223 608 384 651 sertim
420 620 566 664 quum
606 605 655 647 in
683 604 738 647 iis
759 618 861 662 quae
880 603 1095 661 proxime
1116 601 1396 646 antecedunt
1422 602 1518 659 ipse

225 680 431 724 AElianus
467 685 706 722 auctorem
752 690 886 719 suum
937 674 1262 719 nominaverit.
1307 673 1517 716 Alterum

224 754 377 796 locum
412 751 566 794 minus
599 757 756 804 certo,
795 747 1104 807 probabiliter
1139 755 1294 789 tamen
1326 744 1387 788 ad
1418 734 1519 788 Me-

223 825 486 885 gasthenem
506 821 693 866 referas
720 821 985 877 Utrumque
1010 818 1278 861 exscribam.

292 896 578 943 AElianusN
602 896 659 938 Α.
675 893 789 947 XII,
809 897 904 944 44:
927 888 1004 935 Ἔν
1027 885 1233 939 Ἰνδοῒςᾶν
1256 883 1517 950 ἁλῶτέλειος

223 966 397 1033 ἐλέφας,
419 967 693 1029 ἡμερωθῆναι
726 960 914 1026 χαλεπός
947 961 1051 1016 ἐστι,
1076 957 1149 1004 καὶ
1171 956 1248 1015 τὴν
1276 955 1514 1021 ἐλευθερίαν

221 1043 364 1088 ποθῶν
384 1045 510 1104 φονᾷ·
536 1035 651 1084 ἐὰν
629 1034 672 1082 οὲ
696 1034 823 1080 αὐτὸν
837 1032 909 1080 καὶ
931 1033 1099 1092 δεσμοῖς
1114 1028 1387 1094 διαλάὸῃς,”
1363 1048 1426 1076 ετι
1442 1049 1516 1077 και

223 1112 427 1176 μᾶλλον’
409 1131 449 1164 ες
466 1109 537 1156 τὸν
555 1106 685 1169 θυμὸν
711 1105 959 1161 ἐξάπτεται,
979 1101 1052 1149 καὶ
1071 1101 1280 1158 δεσπότην
1306 1121 1353 1149 ου
1356 1120 1388 1166 χ
1410 1103 1514 1148 ὓπο-

221 1179 355 1243 νέμει.
379 1181 551 1232 ’M'
569 1178 695 1227 Ἰνδοι
712 1177 786 1223 καὶ
803 1177 893 1229 ταῖς
913 1177 1088 1239 τροφαῖς
1112 1173 1418 1222 κολακεύουσιν
1439 1175 1516 1221 αὖ·

222 1257 310 1315 τὸν,
335 1255 410 1303 καὶ
433 1252 639 1305 ποικίλοις
671 1249 746 1298 καὶ
778 1250 969 1314 ἐφολκοῖς
998 1246 1167 1294 δελέασι
1192 1243 1394 1311 πραύνειν
1421 1265 1515 1293 πει-

225 1332 408 1394 ρῶνται,
434 1323 761 1390 παρατιθέντες,
794 1325 849 1374 ὡς
883 1321 1072 1384 πληρουν
1103 1319 1181 1377 τὴν
1215 1319 1406 1385 γαστέρα
1441 1319 1515 1368 καὶ

223 1401 383 1476 θέλγειν
408 1399 476 1446 τὸν
510 1396 664 1460 θυμόν·
703 1393 785 1442 ὅδὲ
811 1393 989 1459 ἄχθεται
1015 1394 1178 1452 αὐτοῖς,
1204 1392 1279 1440 καὶ
1310 1395 1511 1459 ὑπερορᾷ·

224 1474 281 1523 'li
298 1478 369 1520 οὖν
387 1473 538 1518 ἐκεῖνοι
558 1467 916 1532 κατασοφίζονται
940 1484 1014 1512 και
1040 1466 1199 1530 δρῶσι;
1219 1467 1404 1513 Μουσαν
1430 1468 1512 1512 αὐ-

223 1546 307 1599 τοῖς
336 1543 623 1609 προσάγουσιν
667 1538 915 1603 ἐπιχώριον,
962 1555 1034 1583 και
1065 1535 1321 1585 κατάδουσιν
1361 1535 1513 1593 αὐτοὺς

222 1617 391 1708 ὀργάνῳ
411 1635 492 1663 τινι
513 1635 586 1662 και
618 1611 753 1677 τούτω
781 1609 973 1666 συνηθει·
994 1588 1188 1656 καλεῒτάι
1214 1607 1258 1656 δὲ
1283 1610 1515 1676 σκινδαψὸς

222 1691 270 1737 τὸ
292 1691 496 1755 ὄργανον·
538 1691 559 1734 6
598 1685 642 1733 δε
665 1684 814 1748 ὑπέχει
845 1682 898 1729 τὰ
918 1685 1009 1729 ὠτα
1033 1681 1107 1728 καὶ
1134 1680 1353 1745 θέλγεται,
1379 1702 1453 1730 και
1487 1687 1514 1741 ἡ

223 1762 299 1823 μὲν
325 1760 428 1828 ὀργὴ
449 1757 704 1825 πραύνεται,
741 1759 763 1802 6
784 1755 827 1803 δὲ
863 1753 992 1814 θυμὸς
1024 1754 1336 1801 ὑποστέλλεταί
1369 1773 1414 1801 τε
1439 1754 1514 1802 καὶ

222 1834 444 1900 θόρνυται,
465 1831 576 1881 κατὰ
603 1829 737 1894 μικρὰ
770 1827 814 1876 δὲ
850 1828 924 1875 καὶ
948 1829 988 1881 ἐς
1008 1826 1085 1884 τὴν
1103 1825 1263 1892 τροφὴν
1296 1829 1397 1893 δρᾷ·
1423 1832 1516 1875 εἶτα

223 1910 420 1973 ἀφεῖται
413 1906 488 1952 μὲν
518 1907 600 1951 τῶν
623 1904 806 1965 δεσμῶν,
827 1900 943 1963 μένει
964 1897 1009 1946 δὲ
1031 1903 1085 1964 τῇ
1108 1898 1247 1963 μούσῃ
1275 1899 1516 1961 δεδεμένος,

221 1979 295 2027 καὶ
314 1982 357 2025 δε
341 1985 471 2025 ειπνεῖ
491 1976 717 2042 προθύμως
755 1972 883 2038 ἁδρὸς
908 1970 1125 2034 δαιτυμὼν
1159 1971 1517 2036 καταδεδεμένος·

221 2052 338 2118 πόθῳ
361 2051 442 2118 γαρ
467 2069 539 2099 του
559 2047 710 2113 μέλους
727 2049 803 2097 οὐκ
825 2046 874 2094 ἂν
904 2045 965 2093 ἔτι
992 2045 1226 2104 ἀποσταίη,

286 2127 419 2171 Idem
444 2128 583 2181 XIII,
609 2125 669 2169 6:
695 2124 794 2170 Τῶν
824 2117 1125 2184 τεθηραμένων
1150 2116 1427 2185 ἐλεφάντων’
1416 2121 1519 2168 ιῶν-

220 2212 290 2244 ται
313 2196 366 2243 τὰ
387 2195 614 2260 τραύματα
642 2214 679 2242 οι
706 2193 834 2242 Ἰνδοὶ
859 2192 928 2240 τὸν
953 2192 1110 2257 τρόπον
1138 2210 1302 2240 τουτον.
1331 2195 1519 2242 Καταιο-

221 2273 337 2316 νοῦσι
365 2289 417 2330 με
420 2288 441 2314 ν
466 2267 574 2315 αὐτὰ
592 2268 714 2326 ὕδατι
731 2269 924 2331 χλιαρῳ,
945 2264 1091 2330 ὥσπερ
1114 2257 1186 2313 οῧν
1210 2264 1258 2312 ·t6
1281 2284 1355 2312 του
1369 2267 1519 2334 Εὔρυ-

220 2340 355 2388 πύλου
380 2340 498 2405 παρὰ
521 2342 583 2405 τῷ
609 2340 729 2404 καλῳ
750 2338 935 2403 Ὁμήρω
956 2342 977 2385 6
1002 2337 1276 2403 Πάτροκλος·
1304 2342 1397 2386 εἶτα
1421 2337 1521 2402 μέν·

221 2433 284 2461 τοι
306 2415 544 2478 διαχρίουσι
563 2433 623 2477 τῳ
661 2410 854 2504 βουτύιςρι)
881 2411 1017 2458 αὐτά·
1038 2412 1152 2458 ἐὰν
1130 2410 1174 2459 οὲ
1194 2415 1222 2476 ᾖ
1246 2411 1406 2476 βαθέα,
1439 2410 1518 2470 τὴν

222 2486 462 2551 φλεγμονὴν
481 2479 756 2550 πραυνουσιν,
776 2483 870 2531 ύεια
905 2483 1035 2549 κρέα,
1062 2483 1199 2549 θερμὰ
1236 2485 1330 2545 μὲν,
1359 2483 1517 2547 ἔναιμα

224 2557 319 2622 δὲ”
297 2579 379 2617 ετι,
408 2556 715 2623 προσφέροντες
731 2555 805 2604 καὶ
834 2556 1077 2609 ἐντιθέντες.
1094 2556 1184 2610 Τὰς
1211 2555 1256 2603 δὲ
1279 2556 1520 2633 ὀφθαλμίας

224 2620 524 2695 θεραπεύουσιν
551 2632 704 2688 αὐτῶν,
725 2629 860 2694 βόειον
875 2630 988 2692 γάλα
1012 2628 1304 2688 ἀλεαίνοντες,
1327 2621 1419 2676 εἶτα
1440 2631 1518 2676 αὖ·

224 2710 310 2758 τοῖς
334 2703 571 2767 ἐγχέοντες·
597 2723 636 2750 οι
674 2701 716 2750 δὲ
742 2702 957 2764 ἀνοίγουσι
989 2700 1042 2749 τὰ
1070 2702 1266 2768 βλέφαρα
1291 2702 1366 2750 καὶ
1402 2704 1516 2768 ὠφε-

224 2773 422 2837 λούμενοι
446 2774 620 2832 ἥδονταί
646 2794 692 2822 τε
721 2773 795 2822 καὶ
821 2774 1096 2823 αἰσθάνονται
1121 2774 1268 2839 ὥσπερ
1287 2774 1519 2839 ἄνθρωποι·

226 2847 298 2894 καὶ
322 2849 378 2901 εἷς
402 2852 599 2895 τοσοῦτον
626 2849 941 2911 ἐπικλύζουσιν,
967 2852 1025 2903 εἷς
1041 2847 1140 2896 ὅσον
1167 2847 1218 2895 ἂν
1236 2847 1522 2895 ὑποπαύσων-

225 2939 297 2967 ται
316 2922 550 2981 λημῶντες·
574 2918 803 2985 μαρτύριον
820 2920 865 2967 δὲ
885 2939 959 2968 του
979 2922 1231 2970 παύσασθαι
1250 2920 1330 2978 τὴν
1351 2923 1518 2987 ὀφθαλ-

229 2991 331 3054 μίαν
360 2991 484 3038 τουτό
505 2993 608 3038 ἐστι.
648 2991 719 3040 Τὰ
743 2992 786 3039 δὲ
806 2994 1032 3056 νοσήματα
1064 2993 1145 3041 ὅσα
1171 2995 1314 3047 αὐτοῖς
1337 2991 1521 3058 προσπί-

229 3082 326 3110 πτει
354 3062 491 3131 ἄλλως
510 3099 523 3124 ,
542 3067 562 3110 6
592 3066 724 3125 μέλας
744 3056 850 3120 οἶνός
871 3067 985 3113 ἐστιν
1014 3068 1155 3121 αὐτοῖς
1178 3066 1301 3121 ἄκος·
1325 3068 1362 3113 εἷ
1386 3065 1430 3113 δὲ
1458 3065 1518 3129 μὴ

226 3155 274 3196 ·ε(
263 3134 389 3181 ’νοιτο
413 3134 452 3182 ἐζ
437 3140 583 3192 άντης
599 3155 676 3185 του
700 3156 831 3184 κακου
866 3158 926 3202 τῳ
952 3138 1167 3204 φαρμάκῳ
1189 3141 1315 3204 τῷδε,
1341 3138 1518 3186 ἄσωστά

229 3209 309 3252 οἷ’
292 3226 419 3255 εστιν.
447 3211 593 3254 Etiam
616 3227 665 3254 ea
682 3227 781 3270 quae
801 3214 1006 3258 AElianus
1022 3215 1159 3269 XIII,
1181 3213 1209 3259 8
1228 3213 1287 3258 de
1300 3214 1520 3273 elephan-

232 3290 326 3324 ium
352 3281 510 3326 indole
531 3291 575 3326 et
595 3284 779 3328 vivendi
798 3286 997 3340 ratione,
1032 3296 1078 3331 et
1096 3289 1194 3342 ΙΙΙ,
1238 3286 1298 3339 46
1333 3286 1392 3332 de
1421 3288 1518 3332 ele-

232 3354 404 3412 phanto
419 3351 525 3397 albo
546 3366 700 3400 narrat
717 3372 740 3400 e
759 3359 1052 3418 Megasthene
1068 3361 1211 3418 petita
1235 3359 1421 3405 fuerint.

838 3486 915 3545 39.

299 3575 465 3618 Strabo
498 3576 598 3631 XV,
624 3591 672 3634 p.
702 3578 791 3632 706
812 3612 824 3636 ,
857 3579 915 3623 de
959 3580 1162 3626 formicis
1203 3598 1365 3627 aurum
1398 3582 1520 3627 effo-

235 3648 468 3692 dientibus
489 3661 499 3694 :
524 3647 803 3709 Μεγασθένης
836 3650 878 3696 δὲ
902 3651 999 3715 περὶ
1019 3655 1103 3699 τῶν
1140 3653 1379 3718 μυρμήκων
1405 3654 1519 3701 οὕτω

692 3732 2886 3761 w

841 3792 911 3832 39.

288 3857 555 3906 Megasthenes
573 3857 622 3897 de
638 3858 698 3896 his
728 3858 898 3898 formicis
916 3859 1080 3909 loquens
1106 3864 1183 3913 ait,
1212 3864 1317 3915 apud
1345 3865 1522 3914 DerdaS,

236 3933 326 3972 qum
344 3933 483 3972 magna
508 3933 600 3971 gens
620 3924 679 3962 est
699 3922 886 3962 Indorum
917 3926 1195 3967 montanorum
1211 3930 1252 3968 et
1270 3930 1522 3969 orientalium

238 3986 438 4035 planitiem
470 3985 667 4035 quandam
703 3988 931 4024 montanam
963 3998 1046 4028 esse
1074 3991 1134 4028 ter
1154 3992 1261 4031 mille
1286 3992 1521 4043 stadiorum,

238 4050 387 4089 ambitu
402 4080 412 4096 ,
430 4052 469 4089 et
485 4050 559 4089 sub
576 4061 621 4089 ea
639 4049 901 4099 aurifodinaS,
919 4062 1017 4100 quas
1032 4054 1221 4094 effodiant
1237 4056 1413 4096 formicoe
1434 4058 1522 4097 vul·

239 4113 352 4162 pibus
379 4114 647 4163 magnitudine
673 4124 751 4153 non
779 4115 973 4163 minores,
1001 4116 1101 4155 mira
1124 4118 1344 4168 celeritate,
1372 4121 1522 4160 victum

241 4190 261 4214 e
274 4178 477 4216 venatione
492 4181 776 4228 comparantes.
792 4179 938 4220 Fodere
954 4182 1088 4219 autem
1102 4183 1247 4221 terram
1265 4194 1335 4232 per
1352 4185 1520 4225 hiemem

241 4243 279 4278 vt
295 4240 342 4278 ad
356 4241 498 4279 ostium
517 4243 782 4291 accumulare,
800 4243 1134 4293 quomadmodum
1152 4246 1277 4284 solent
1295 4248 1424 4296 talpae.
1443 4251 1522 4287 Hu-

240 4303 304 4350 jiis
319 4304 402 4342 auri
426 4307 624 4353 ramenta,
655 4306 691 4343 id
714 4306 817 4344 enim
846 4308 960 4355 sunt,
983 4316 1102 4356 parva
1135 4307 1363 4348 decoctione
1395 4315 1521 4359 ogoni.

1323 280 1764 331 MEGASTHENIS

1595 382 1737 448 φησὶν,
1761 383 1868 430 ὅτι’
1849 403 1892 430 εν
1909 383 2110 448 Δέρδαις,
2127 382 2234 431 ἔθνει
2260 384 2436 451 μεγάλῳ
2459 405 2543 434 των
2565 407 2797 457 προσεῳων
2813 390 2886 440 xiii}

1595 457 1766 520 ὀρεινῶν
1790 455 1954 513 Ἰνδῶν,
1986 454 2205 519 ὀροπέδιον
2228 455 2296 514 εἴη
2319 458 2569 523 τρισχιλίων
2595 479 2688 516 πως
2709 462 2782 510 τὸν
2803 463 2887 511 κύ·-

1594 529 1693 574 κλον
1712 527 1918 574 σταδίων·
1936 528 2232 591 ὑποκειμένων
2253 527 2297 575 δὲ
2316 528 2454 595 τούτῳ
2477 534 2828 599 χρυσωρυχείων,
2848 538 2888 584 οἱ

1595 598 1927 660 μεταλλεύοντες
1951 605 2033 647 εἶεν
2059 599 2308 665 μύρμηκες,
2340 578 2500 668 θηρίων
2537 604 2776 654 ἀλωπέκων
2809 609 2887 655 οὔκ

1594 670 1817 734 ἐλάττους,
1841 671 1973 736 τάχος
1996 671 2206 738 ὑπερφυὲς
2221 671 2412 738 ἔχοντες,
2435 674 2510 723 καὶ
2530 678 2727 732 ζῶντες
2703 677 2789 727 απὸ
2811 678 2888 739 θή·

1597 761 1688 808 ρας.
1730 743 1989 809 Ὀρύττουσι
2036 745 2080 792 δὲ
2125 748 2308 809 χειμῶνι
2341 745 2419 805 τὴν
2448 766 2551 810 γην·
2583 747 2819 814 σωρεύουσί
2840 768 2889 799 τε
2983 740 2994 798 ι’

1593 814 1698 879 πρὸς
1731 823 1816 869 τοῖς
1859 816 2075 880 στομίοις,
2118 817 2314 884 καθάπερ
2349 822 2388 866 οἳ
2422 820 2694 876 ἀσπάλακες·
2730 824 2888 889 ψῆγμα
2932 884 2934 887 v

1594 889 1629 934 δ’
1647 888 1737 936 ἐστὶ
1754 894 1915 954 χρυσοῦ
1934 909 2091 956 μικρας
2106 890 2299 956 ἑψήσεως
2322 890 2542 955 δεόμενον·
2561 897 2676 942 τοῦθ’
2700 897 2888 952 ἱπποζυ-·

1593 960 1696 1023 γίοις
1720 962 1916 1023 μετίασιν
1940 962 2456 1030 οἱπλησιόχωροιλάθρα·
2481 968 2672 1032 φανερῶς
2689 966 2773 1033 γὰρ
2795 970 2891 1016 δια·
2926 1013 2934 1030 y.

1594 1033 1832 1097 μάχονται,
1870 1033 1945 1082 καὶ
1965 1034 2167 1083 διώκουσι
2199 1035 2452 1101 φεύγοντας·
2489 1038 2812 1095 καταλαὸόντες
2842 1038 2889 1088 δὲ
2931 1039 2941 1057 i
2983 1043 2995 1100 ζ·

1592 1107 1856 1171 διαχρῶνται
1892 1107 1967 1154 καὶ
2001 1106 2154 1163 αὐτοὺς
2173 1108 2247 1155 καὶ
2277 1108 2589 1173 τὰίὺποζύγια.
2614 1110 2732 1176 Πρὸς
2765 1111 2811 1160 δὲ
2840 1111 2890 1161 τὸ

1591 1180 1735 1226 λαθεῖν
1759 1178 1866 1245 κρέα
1889 1179 2038 1244 θήρεια
2054 1180 2336 1246 προστιθέασι·
2361 1181 2475 1229 κατὰ
2493 1182 2618 1250 μέρη·
2640 1202 2890 1250 περισπασ-
2930 1198 2947 1248 ,j
2983 1173 2990 1253 ἶ

1591 1250 1745 1299 θέντων
1771 1254 1808 1299 δ’
1835 1254 2109 1319 ἀναιροῦνται
2128 1252 2177 1302 τὸ
2196 1256 2376 1320 ψῆγμα,
2403 1253 2557 1320 καὶτῷ
2588 1254 2764 1321 τυχόντι
2800 1258 2887 1304 τῶν
2932 1303 2938 1307 ,
2984 1258 2990 1264 ’

1594 1323 1795 1390 ἐμπόρων
1828 1325 1958 1391 ἀργὸν
1994 1326 2278 1387 διατίθενται,
2297 1326 2502 1392 χωνεύειν
2518 1330 2594 1376 οὒκ
2613 1327 2785 1383 εἰδότες.
2814 1331 2888 1380 Cf.
2934 1331 2935 1334 ’
2984 1363 2993 1376 f

1590 1400 1788 1446 Nearch.
1815 1399 1874 1447 fr.
1909 1416 1984 1448 12.
2935 1447 2938 1451 .
2985 1426 2990 1451 z

1655 1473 1878 1518 Arrianus
1897 1474 2006 1519 Ind.
2032 1490 2074 1521 c.
2096 1473 2139 1531 5,
2158 1480 2221 1529 4:
2234 1473 2514 1537 Μεγασθένης
2527 1470 2572 1520 δὲ
2593 1471 2669 1520 καὶ
2689 1472 2896 1539 ἀτρεκέας
2936 1467 2938 1469 ,
2985 1497 2991 1544 f

1591 1536 1743 1590 εἰναι(
1727 1541 1832 1609 υπὲρ
1865 1546 1950 1592 τῶν
1972 1544 2212 1611 μυρμήκων
2235 1544 2306 1593 τὸν
2343 1546 2469 1610 λόγον
2484 1544 2688 1611 ἱστορέει,
2721 1544 2894 1601 τούτους

1596 1607 1818 1672 εἶναιτοὺς
1836 1617 1908 1665 τὸν
1929 1618 2091 1683 χρυσὸν
2120 1618 2404 1685 ὀρύσσοντας,
2426 1619 2504 1666 οὐκ
2530 1621 2660 1667 αὐτου
2683 1637 2760 1666 του
2779 1637 2892 1684 χρυ-

1596 1692 1672 1735 σοῦ
1699 1686 1840 1748 ἕνεκα,
1862 1689 1974 1736 ἀλλὰ
1991 1691 2090 1754 φύσι
2118 1689 2201 1757 γὰρ
2221 1690 2335 1739 κατὰ
2350 1710 2426 1749 της
2443 1695 2522 1754 γῆς
2539 1689 2892 1757 ὄρύσσουσιν,ἵνα

1598 1759 1843 1826 φωλεύοιεν·
1857 1763 2053 1829 κατάπερ
2063 1766 2101 1812 οἱ
2111 1763 2314 1829 ἡμέτεροι
2331 1765 2369 1812 οἳ
2381 1763 2554 1829 σμικροὶ
2553 1762 2792 1841 μύρμηκες
2799 1762 2895 1812 ὀλί-

1592 1851 1666 1895 γον
1684 1854 1760 1892 της
1781 1854 1860 1898 γης
1885 1835 2152 1901 ὀρύσσουσιν·
2180 1839 2214 1899 (c
2194 1838 2230 1901 a)
2259 1837 2442 1891 ἐκείνους
2458 1835 2518 1896 δὲ,
2540 1829 2648 1884 εἶναι
2667 1836 2752 1902 γαρ
2775 1837 2892 1884 ἀλω·

1594 1904 1738 1952 πέκων
1765 1907 1965 1968 μέζονας,
1989 1907 2094 1973 πρὸς
2109 1907 2235 1972 λόγον
2258 1913 2335 1957 τοῦ
2358 1928 2464 1985 μεγε
2445 1907 2556 1964 ’θεος
2579 1911 2698 1975 σφῶν
2715 1907 2790 1956 καὶ
2813 1907 2893 1966 τὴν

1595 1982 1674 2043 γ’ἥν
1699 1979 1913 2044 ὀρύσσειν·
1938 1982 2015 2039 τὴν
2044 1981 2089 2029 δὲ
2108 2001 2188 2069 γην
2212 1984 2408 2047 χρυσῖτιν
2425 1986 2556 2040 εἶναι,
2572 2001 2648 2029 και
2668 1980 2760 2028 ἀπὸ
2787 1978 2891 2028 ταύ-

1594 2069 1670 2108 της
1689 2051 1880 2115 γίνεσθαι
1903 2053 2076 2102 Ινδοισι
2091 2073 2162 2101 τον
2185 2053 2364 2119 χρυσόν.
2384 2054 2437 2117 (7)
2459 2053 2591 2101 Ἀλλὰ
2612 2054 2895 2117 Μεγασθένης

1596 2121 1731 2180 ἀκοὴν
1760 2123 2015 2188 ἀπηγέεται.
2036 2129 2284 2174 Antecedit
2300 2129 2500 2175 Nearchi
2516 2129 2576 2173 fr.
2608 2144 2681 2175 12.

1661 2197 1731 2243 Cf.
1750 2200 1843 2244 Dio
1864 2200 2180 2260 Chrysostom.
2211 2203 2294 2249 Or.
2316 2199 2376 2246 35
2394 2217 2444 2262 p.
2467 2200 2559 2254 436
2577 2201 2654 2248 ed.
2678 2190 2847 2246 Morell
2877 2216 2889 2245 ε
2914 2240 2922 2246 .

1595 2267 1660 2316 Τὸ
1695 2268 1741 2316 δὲ
1777 2271 1954 2336 χρυσίον
1996 2271 2270 2335 λαμὸάνουσι
2310 2271 2432 2337 παρὰ
2467 2271 2725 2337 μυρμήκων.
2759 2264 2919 2322 Οῧτομ

1598 2340 1642 2388 δέ
1661 2344 1766 2390 εἰσιν
1792 2343 2034 2394 ἀλωπέκων
2056 2344 2243 2407 μείζονες
2258 2381 2271 2406 ,
2292 2345 2433 2392 τᾶλλα
2458 2343 2503 2392 δὲ
2527 2341 2667 2408 ὅμοιοι
2686 2344 2772 2397 τοῖς
2787 2342 2893 2408 παρ’

1596 2417 1720 2475 ὑμῖν·
1736 2415 1961 2482 ὀρύττουσι
1985 2418 2030 2465 δὲ
2047 2416 2162 2465 κατὰ
2179 2421 2258 2482 γῆς
2271 2415 2418 2483 ὥσπερ
2438 2419 2476 2465 οἳ
2499 2415 2642 2464 λοιποὶ
2655 2416 2892 2483 μύρμηκες.
2926 2420 2931 2423 ’

1597 2487 1653 2538 Ὅ
1678 2487 1723 2536 δὲ
1747 2494 1850 2554 χοῦς
1874 2492 2015 2545 αὐτοῖς
2051 2493 2142 2538 ἐστι
2178 2490 2356 2556 χρυσίον
2389 2488 2695 2555 καθαρώτατον
2718 2489 2893 2538 πάντων

1595 2561 1786 2627 χρυσίων
1808 2562 1882 2610 καὶ
1903 2564 2229 2612 στιλπνότατον.
2268 2563 2394 2613 Εἰσὶν
2423 2556 2496 2611 οὖν
2518 2563 2702 2621 πλησίον
2722 2561 2895 2630 ἐφεξῆς,
2932 2559 2950 2597 ·-”

1597 2633 1744 2699 ὥσπερ
1789 2636 1970 2684 κολωνοὶ
2007 2641 2081 2685 τοῦ
2154 2635 2373 2700 ήγματος,
2404 2635 2478 2683 καὶ
2512 2634 2562 2683 τὸ
2600 2634 2743 2682 πεδίον
2777 2634 2893 2682 ἅπαν

1597 2708 1858 2773 ἀστράπτει·
1887 2710 2081 2774 χαλεπὸν
2103 2729 2175 2758 ουν
2199 2710 2303 2757 ἰδεῖν
2327 2711 2416 2757 ἐστι
2439 2707 2544 2774 πρὸς
2567 2707 2638 2756 τὸν
2659 2706 2795 2767 ἥλιον,
2818 2705 2910 2755 καί

1596 2782 1748 2829 πολλοὶ
1774 2785 1858 2829 τῶν
1880 2782 2210 2848 ἐπιχειρούντων
2234 2782 2338 2830 ἰδεῖν
2354 2780 2432 2835 τὰς
2444 2780 2561 2846 ὄψεις
2584 2779 2891 2846 διεφθάρησαν.

1597 2856 1655 2903 Οἱ
1674 2854 1718 2901 δὲ
1741 2874 2067 2947 προσοικουντες
2093 2855 2310 2922 ἄνθρωποι
2329 2854 2407 2913 τὴν
2433 2852 2590 2917 μεταξὺ
2610 2853 2758 2919 χώραν
2782 2854 2896 2900 διελ-

1597 2926 1779 2982 θόντες”
1754 2946 1915 2992 ερημον
1940 2920 2072 2975 ουσαν
2097 2929 2145 2974 06
2176 2925 2386 2984 πολλὴν’
2367 2926 2431 2992 εφ’
2452 2925 2679 3012 ἆρμωάτων,
2713 2923 2894 2980 ὑποζεύ-

1599 2998 1783 3054 ξαντες“’
1766 3019 1920 3055 ιππους
1935 3001 2188 3065 ταχίστους,
2205 3000 2482 3063 ἀφικνουνται
2505 3001 2581 3055 τῆς
2604 2995 2895 3061 μεσημὸρίας,

1597 3073 1724 3130 ἡνίκα
1763 3073 1966 3121 δεδύκασι
1991 3072 2104 3120 κατὰ
2135 3076 2235 3136 γῆς·
2261 3071 2411 3119 ἔπειτα
2443 3069 2644 3136 φεύγουσι
2681 3069 2753 3116 τὸν
2788 3071 2891 3133 χοῦν

1597 3144 1884 3211 ἁρπάσαντες.
1909 3147 1965 3194 Οἱ
1980 3144 2024 3192 δὲ
2045 3145 2343 3207 αἰσθανόμενοι
2360 3142 2560 3191 διώκουσι
2582 3139 2655 3188 καὶ
2676 3140 2892 3204 μάχονται

1596 3217 1942 3276 καταλαὸόντες,
1966 3217 2045 3272 ἕως
2070 3215 2387 3266 ἀποθάνωσιν
2363 3236 2392 3274 η
2416 3213 2749 3263 ἀποκτείνωσιν·
2758 3212 2890 3260 ἀλκί·

1597 3289 1788 3353 μωτατοι
1804 3289 1886 3378 γάρ
1914 3293 1998 3338 εἶσι
2018 3290 2222 3356 θηρίων(
2201 3289 2426 3338 απάντων·
2445 3287 2558 3335 ὥστε
2582 3278 2698 3334 οῧτοί
2717 3296 2766 3344 γε
2797 3277 2891 3327 ἐπ(-

1598 3382 1776 3410 στανται
1789 3363 1838 3412 τὸ
1850 3362 2047 3428 χρυσίον,
2070 3362 2228 3411 ὁπόσου
2249 3361 2363 3411 ἐστιν
2376 3359 2506 3416 ἄξιον,
2520 3357 2594 3402 καὶ
2609 3350 2706 3402 Οὐδὲ
2718 3345 2884 3417 πρῠῗδν·

1596 3456 1668 3483 ται
1687 3435 1892 3501 πρότερον
1911 3435 1939 3494 ἢ
1959 3439 2203 3484 ἀποθανεῖν.

1606 3508 1610 3510 ἡ
1663 3510 1732 3556 Cf
1764 3508 1966 3560 AElianus
1980 3512 2040 3556 Η.
2076 3512 2166 3555 An.
2193 3508 2293 3562 ΙΙΙ,
2335 3509 2390 3560 4,
2421 3503 2558 3562 XVI,
2599 3498 2680 3557 15;
2717 3497 2894 3547 Plini&

1596 3584 1690 3639 XI,
1716 3582 1802 3627 36·
1791 3580 2045 3643 ,.Propert
2073 3581 2171 3640 ΙΙΙ,
2196 3579 2271 3634 13,
2291 3577 2347 3634 53
2371 3577 2604 3635 Pompon.
2642 3571 2762 3617 Mela
2785 3568 2890 3629 vn,

1599 3664 1652 3713 23
1671 3655 1843 3702 Isidor.
1866 3657 1988 3711 XII,
2009 3654 2064 3712 33
2087 3655 2231 3700 Clem.
2252 3651 2387 3702 Alex.
2410 3646 2595 3707 Paedag.
2618 3647 2690 3702 II,
2708 3659 2756 3705 p.
2778 3657 2890 3702 2023

1595 3793 1723 3832 Vicini
1736 3793 1927 3843 jumentis
1956 3803 2004 3832 ea
2018 3791 2122 3831 clam
2138 3788 2299 3840 rapiunt
2316 3800 2329 3838 ς
2346 3786 2481 3837 aperte
2493 3783 2600 3825 enim
2613 3792 2696 3823 non
2710 3778 2892 3832 passu*

1598 3858 1898 3910 prohibentibus
1915 3856 2089 3897 formicis
2102 3885 2114 3905 ,
2138 3864 2230 3905 quoe
2251 3855 2291 3893 et
2305 3852 2483 3904 pugnant
2501 3851 2542 3891 et
2563 3848 2758 3899 rugientes
2786 3846 2871 3888 inte

1604 3925 1762 3972 tantur,
1784 3933 1886 3973 quos
1902 3932 2028 3972 quum
2047 3917 2399 3970 deprehenderint,
2418 3927 2497 3956 una
2513 3926 2605 3956 cum
2619 3911 2812 3966 iumentis

1598 3989 1804 4029 terimunt.
1858 3988 1914 4028 Ut
1939 3986 2033 4036 erg'o
2067 3985 2155 4025 illas
2183 3985 2357 4034 lateant,
2388 3982 2530 4023 ferinas
2550 3990 2689 4020 carnes
2715 3987 2788 4029 per
2828 3979 2840 4009 ι’

1598 4053 1767 4104 plurima
1795 4051 2032 4102 disponunt,
2059 4049 2195 4099 itaque
2215 4047 2266 4088 ad
2284 4047 2459 4098 praedam
2479 4043 2673 4095 disfflpatis
2694 4039 2856 4083 foi-mici

1598 4118 1684 4156 auri
1715 4117 1894 4156 ramenta
1926 4113 1999 4164 ipsi
2025 4113 2250 4163 asportant,
2271 4113 2311 4152 et
2332 4110 2496 4151 susionis
2525 4107 2649 4160 ignari
2667 4105 2838 4154 cuicunq
2856 4106 2873 4172 γ’

1599 4180 1808 4221 mercatori
1823 4178 1935 4219 rudia
1953 4176 2184 4217 divendunt.
2854 4179 2858 4187 ¹*

1653 4245 1920 4294 Megasthenes
1936 4244 2044 4282 certa
2059 4250 2231 4291 veraque
2246 4250 2331 4279 esse
2345 4249 2438 4289 qim
2453 4235 2503 4277 de
2524 4233 2697 4276 formicis
2711 4230 2831 4272 scribi
2872 4279 2886 4295 ἔ

1601 4313 1667 4351 tur
1689 4310 1812 4350 dicit:
1831 4319 1897 4349 eas
1919 4307 2106 4347 nimirum
2126 4316 2210 4379 esse
2229 4315 2322 4355 quoe
2344 4312 2487 4344 aurum
2511 4312 2534 4341 e
2552 4302 2658 4341 terra
2677 4296 2819 4338 essodia
2855 4304 2897 4351 ,ιζ
