3016 4628
215 303 302 342 118

206 398 425 459 scipionis
464 403 596 455 parte
640 392 902 451 impositum
919 422 931 443 ‚
973 386 1031 431 de
1074 400 1170 444 quo
1223 379 1486 427 ornamenti

203 484 372 532 genere
395 468 454 515 cf.
490 464 720 511 Herodot.
743 465 792 518 1,
820 459 936 522 1953
962 468 1008 503 et
1038 465 1215 502 exstant
1232 453 1486 510 hodieque,

202 544 433 604 praecipue
451 541 500 584 in
518 539 634 583 vasis
651 551 752 596 quae
769 534 988 579 dicuntur
1000 530 1214 583 Etruscis,
1229 527 1488 585 scipionum

204 619 253 659 in
276 616 400 658 hunc
424 610 617 656 modum
643 615 918 653 ornatorum
938 601 1169 660 exempla.
1198 596 1316 642 Huic
1346 595 1487 654 igitur

204 686 421 745 scipionis
447 681 676 743 glandulae
696 678 914 737 inscripta
938 683 1036 720 erat
1065 670 1296 717 dicasterii
1315 675 1439 710 nota.
1462 684 1481 703 »ι

205 757 481 802 Scuoenmx
502 756 531 798 l.
551 755 567 798 l
603 768 655 813 p.
684 750 756 798 15.
792 777 855 785 -—
879 743 1214 811 παραλαμὸάνει
1234 736 1485 801 σύμὸολον]

206 830 273 876 Ct.
301 828 446 875 schol.
471 826 591 871 adv.
614 838 706 880 277
743 839 753 866 ε
785 821 1059 868 Εἷσελθοῧσιν
1084 813 1252 876 ἑκάστῳ
1274 808 1488 872 σύμὲολον

209 899 371 947 δίδοται
394 896 598 960 δημόσιον
623 892 741 958 παρὰ
762 896 837 950 τῆς
853 890 923 939 ἐπὶ
946 888 1081 952 τούτῳ
1097 882 1317 947 εἷληχυίας
1338 882 1488 944 ἀρχῆς,

208 970 264 1016 ἵν’
289 973 328 1018 οἱ
370 969 545 1024 ἐξιόντες
569 965 643 1014 καὶ
679 968 802 1011 τοῦτο
827 960 1106 1026 προφέροντες
1133 953 1394 1018 λαμὸάνοιεν
1418 951 1488 996 τὸν

211 1042 456 1089 δικαστικὸν
482 1038 649 1102 μισθόν.
674 1066 730 1073 -
759 1038 828 1083 Cf.
855 1039 1106 1081 Hermann.
1135 1031 1161 1090 ξ
1188 1029 1304 1082 1343
1327 1026 1488 1070 Schoe-

211 1132 367 1162 mann.
389 1116 549 1173 Antiq.
578 1129 630 1172 p.
657 1109 768 1155 265.

813 1239 889 1283 35.

279 1371 622 1432 Harpocration
650 1385 659 1412 :
683 1358 1158 1426 Διαμεμετρημένη
1186 1356 1386 1424 ἡμέρα·
1409 1353 1491 1416 μέ-

214 1461 311 1508 τρον
344 1460 386 1488 τι
416 1439 529 1488 ἐστὶν
565 1435 712 1489 ὕδατος
739 1433 841 1500 πρὸς
865 1428 1182 1495 μεμετρημένον
1206 1427 1371 1491 ἡμέρας
1393 1426 1492 1473 διά-

218 1533 364 1576 στημα
392 1511 501 1578 ῥέον.
526 1509 778 1572 Ἐμετρεῒτο
799 1505 842 1552 δὲ
872 1507 933 1570 τῷ
956 1503 1211 1552 Ποσειδεῶνι
1232 1498 1357 1561 μηνί·
1388 1498 1493 1563 πρὸς

217 1584 269 1642 δὴ
294 1588 415 1632 τοῦτο
452 1585 537 1644 (ὡς
561 1580 610 1632 δὴ
635 1578 769 1643 τούτῳ
802 1577 987 1632 Suidas;
1007 1577 1062 1626 ὡς
1096 1575 1231 1618 etiam
1256 1573 1486 1631 Harpocr.

219 1659 325 1704 cod.
354 1653 716 1715 antiquissimus)
742 1643 993 1712 ἠγωνίζοντο
1017 1647 1055 1692 οἱ
1079 1643 1272 1707 μέγιστοι
1292 1642 1365 1690 καὶ
1393 1643 1492 1706 περὶ

218 1731 301 1775 τῶν
326 1727 535 1788 μεγίστων
560 1725 730 1785 ἀγῶνες.
753 1719 981 1781 Διενέμετο
1006 1717 1049 1764 δὲ
1068 1716 1164 1780 τρία
1189 1719 1201 1778 (
1221 1717 1278 1770 εἷς
1297 1714 1396 1779 τρία
1415 1718 1493 1761 alii

221 1802 361 1847 codd.
387 1798 398 1863 )
427 1797 536 1861 μέρη
563 1796 609 1842 τὸ
630 1795 740 1858 ὕδωρ
758 1831 769 1852 ,
794 1793 841 1839 τὸ
864 1790 1020 1856 μὲνιτῷ
1045 1789 1267 1850 διώκοντι,
1290 1788 1338 1835 τὸ
1359 1784 1404 1835 δὲ
1431 1790 1494 1853 τῷ

217 1871 441 1937 φεύγοντι,
461 1869 508 1916 τὸ
533 1869 575 1915 δὲ
594 1866 728 1931 τρίταν
746 1873 829 1918 τοῖς
847 1863 1078 1918 δικάζουσι.
1105 1865 1260 1909 Ταῦτα
1281 1859 1326 1907 δὲ
1357 1859 1492 1926 σαφέ-

218 1962 355 1991 στατα
372 1940 491 1989 αὐτοὶ
513 1943 550 1987 οἱ
574 1939 742 2005 ῥήτορες
763 1934 1067 1995 δεδηλώκασιν,
1089 1932 1234 1998 ὥσπερ
1251 1932 1325 1980 καὶ
1346 1932 1498 1997 Αἰσχί-

219 2036 291 2073 νης
316 2018 356 2061 ἐν
386 2017 445 2078 τῷ
469 2013 581 2060 κατὰ
619 2013 922 2076 Κτησιφῶντος
962 2008 1036 2070 (Ρ.
1067 2007 1180 2065 587,
1218 2022 1320 2068 cap.
1357 2008 1417 2052 63
1443 2007 1457 2069 )
1483 2040 1494 2050 .

220 2087 511 2151 Ἀριστοτέλης
550 2085 587 2130 δ’
623 2086 665 2130 ἐν
703 2087 755 2147 τῇ
796 2080 1023 2137 Ἀθηναίων
1062 2078 1258 2143 πολιτείᾳ
1303 2077 1496 2125 διδάσκει

218 2159 314 2221 περὶ
342 2159 517 2207 τούτων.
551 2154 766 2204 Σκεπτέον
788 2153 831 2200 δὲ
860 2153 907 2200 τὸ
931 2154 1033 2216 παρ’
1069 2150 1219 2216 Ἰσαίῳ
1248 2153 1289 2197 ἐν
1315 2153 1376 2215 τῷ
1400 2151 1496 2197 κατ’

219 2230 510 2293 Ἔλπαγόρου,
547 2231 636 2280 πῶς
673 2226 747 2290 (ὃς
778 2229 883 2272 cod.
919 2227 1012 2287 E.)
1060 2222 1388 2289 μεμετρημένης
1424 2226 1500 2280 τῆς

219 2302 385 2367 ἡμέρας
409 2301 476 2348 ὁτὲ
507 2300 582 2363 μέν
606 2319 709 2365 φησι
729 2298 862 2363 χωρὶς
885 2298 1037 2351 ὕδατος
1059 2296 1248 2360 γίνεσθαι
1267 2294 1362 2349 τοὺς
1384 2298 1499 2359 ἀγῶ-

219 2394 313 2434 νας,
339 2372 406 2420 ὁτὲ
427 2373 471 2420 δὲ
496 2371 598 2438 πρὸς
621 2371 749 2436 ὕδωρ.

288 2451 355 2493 Ex
399 2448 766 2507 Harpocratione
801 2462 880 2490 sua
902 2445 1045 2489 habet
1082 2444 1244 2489 Suidas
1271 2460 1309 2489 s.
1348 2459 1392 2488 V.
1427 2442 1498 2490 Cf.

221 2522 382 2565 Pollux
403 2522 483 2575 IV,
511 2519 623 2574 1663
649 2519 793 2564 schol.
819 2518 879 2562 ad
901 2518 1202 2562 Demosthen.
1230 2519 1300 2562 De
1328 2531 1504 2560 corona

220 2610 269 2653 p.
299 2591 388 2637 265
407 2593 481 2638 ed.
505 2591 1029 2649 Bekker.;Xenophon.
1057 2590 1242 2635 Hellen.
1266 2591 1310 2645 I,
1339 2605 1384 2645 7,
1414 2594 1501 2645 243

226 2667 475 2709 Hermann.
502 2665 533 2706 l.
567 2664 598 2708 l.
624 2663 650 2722 §
682 2668 787 2715 142,
820 2660 865 2706 5.
886 2663 1143 2706 Rhetorum
1167 2663 1296 2706 locos
1326 2662 1506 2706 notavit

225 2738 444 2780 Kiisterus
467 2735 524 2779 ad
547 2734 733 2780 Suidam
757 2736 787 2781 1.
812 2735 845 2778 l.

806 2880 902 2924 36.

298 3012 636 3071 Harpocration
661 3027 704 3054 v.
732 3009 1046 3072 Τετρυπημένη
1083 3027 1093 3058 :
1136 3009 1430 3074 Ἀριστοτέλης
1466 3012 1508 3057 ἕν
1530 3017 1540 3031 “·

233 3080 462 3138 Ἀθηναίων
505 3079 698 3145 πολιτείᾳ
736 3079 886 3144 γράφει
924 3081 1067 3127 ταυτί·
1101 3105 1119 3123 «
1155 3084 1313 3147 Ψῆφοι
1345 3082 1391 3128 δέ
1429 3084 1510 3130 εἷσι

232 3153 410 3219 χαλκαῖ,
436 3151 634 3198 αὐλίσκον
653 3150 827 3214 ἔχουσαι
848 3154 889 3198 ἐν
909 3155 968 3217 τῷ
990 3152 1123 3216 μέσῳ,
1143 3156 1186 3200 αἱ
1209 3153 1285 3215 μὲν
1307 3153 1506 3215 ἡμίσειαι

235 3223 568 3286 τετρυπημέναι,
593 3225 637 3268 αἱ
658 3222 701 3268 δὲ
724 3222 916 3283 ἡμίσειαι
935 3223 1124 3289 πλήρεις.
1154 3228 1211 3272 Οἱ
1237 3225 1280 3272 δὲ
1301 3225 1506 3290 λαχόντες

826 3364 894 3403 35.

288 3430 622 3479 Διαμεμετρημένη
639 3429 774 3478 ἡμέρα.
807 3432 871 3468 Est
898 3441 1079 3470 mensura
1106 3433 1290 3482 quaedam
1321 3445 1436 3484 aquoe
1459 3434 1508 3473 ad

236 3493 442 3531 ‹letiuitum
460 3491 535 3529 diei
559 3491 726 3540 spatium
744 3492 865 3531 fluens
884 3508 893 3531 ι
914 3504 1004 3542 quac
1020 3505 1152 3534 mense
1168 3497 1384 3536 Posideone
1399 3509 1512 3537 men-

236 3555 459 3594 surabatur.
490 3554 547 3593 Ad
574 3565 717 3603 aquam
739 3555 851 3594 istam
870 3556 1013 3604 judicia
1033 3558 1081 3596 de
1101 3560 1229 3597 causis
1248 3561 1411 3600 maximi
1428 3572 1514 3600 mov

239 3618 359 3657 menti
386 3617 645 3656 habebantur.
667 3621 779 3666 Aqua
798 3621 930 3657 autem
947 3620 1078 3660 intres
1096 3622 1345 3663 dividebatur
1360 3626 1512 3674 partes,

236 3692 404 3732 cunarum
422 3691 500 3718 una
520 3679 665 3728 actori,
692 3680 814 3718 altera
835 3692 923 3730 reo,
944 3685 1061 3722 tertia
1079 3684 1279 3734 iudicibus
1294 3688 1514 3737 assignaba-

238 3749 317 3784 tur.
353 3743 394 3783 ld
427 3742 735 3782 luculentissime
765 3743 836 3792 ipsi
859 3744 1032 3784 rhetores
1061 3746 1286 3798 declarant,
1322 3750 1382 3789 uti
1411 3762 1447 3790 v.
1476 3760 1513 3790 c.

239 3807 441 3848 AEschines
457 3806 494 3845 in
514 3805 690 3844 oratione
703 3808 838 3844 eontra
854 3807 1160 3857 Ctesiphontem.
1181 3812 1407 3853 Aristoteles
1421 3824 1516 3854 vero

238 3873 286 3911 ‹le
306 3873 366 3911 his
383 3870 544 3921 exponit
560 3870 600 3909 in
619 3871 715 3920 nep.
739 3871 1049 3912 Atheniensium.

396 3929 405 3939 ⁴
844 3941 912 3980 36.

292 4006 517 4046 Aristoteles
533 4005 571 4044 in
586 4006 679 4054 Rep.
702 4005 997 4044 Atheniensium
1010 4007 1148 4047 scribit
1166 4010 1250 4050 haec
1270 4028 1278 4051 :
1303 4029 1319 4046 «
1338 4016 1437 4054 Sunt
1453 4027 1520 4055 au·

243 4077 321 4112 tvm
350 4073 489 4112 calculi
516 4070 632 4120 aerei,
661 4071 851 4111 auliscum
874 4071 913 4110 in
946 4073 1075 4111 medio
1108 4075 1319 4127 hahentes,
1348 4092 1519 4130 (morum

245 4138 401 4177 dimidia
420 4149 507 4176 nai-s
526 4138 742 4185 pernotata,
767 4135 929 4175 dimidia
957 4138 1093 4178 solida.
1112 4142 1295 4181 Ceterum
1325 4144 1348 4182 ii
1377 4147 1521 4195 quibus

252 4203 324 4241 hoc
339 4201 615 4242 uetimudatum
638 4201 694 4239 est
712 4229 720 4247 ‚
741 4202 948 4250 [mstquam
971 4205 1148 4251 perorata
1181 4206 1379 4258 uti-imque
1403 4221 1519 4250 causa

1110 269 1518 324 Ams‘ro‘rssms
1554 244 1956 317 FRAGMENTA.

1558 373 1629 420 ἐπὶ
1653 371 1729 424 τὰς
1753 369 1939 435 ψήφους,
1962 360 2134 411 ἐπειδὰν
2163 350 2510 424 εἷρημένοιῷσιν
2534 359 2573 404 οἱ
2591 354 2745 420 λόγοιξ
2760 375 2852 406 πα-

1563 443 1808 509 ραδιδόασιν
1829 438 1997 500 ἑκάστῳ
2019 437 2103 480 τῶν
2128 433 2344 478 δικαστῶν
2363 429 2403 494 β’
2424 429 2615 494 ψήφους,
2632 438 2845 495 τετρυπη-

1561 515 1690 578 μένην
1703 512 1775 561 καὶ
1791 510 1956 573 πλήρη,
1974 503 2157 571 φανερὰς
2170 506 2273 568 δρᾶν
2291 509 2378 556 τοῖς
2392 500 2634 559 ἀντιδίκοις,
2648 499 2720 547 ἵνα
2737 500 2848 564 μήτε

1561 585 1739 650 πλήρεις
1760 582 1869 644 μήτε
1886 577 2030 641 πάντῃ
2054 572 2380 650 τετρυπημένας
2405 571 2704 632 λαμὸάνωσιν.
2730 594 2750 614 »

2165 715 2242 772 37.

1625 869 1735 911 Lex.
1760 864 1899 909 Rhet.
1925 877 1975 921 p.
2015 858 2135 916 670,
2169 857 2229 902 30
2257 846 2411 904 ε’Ἷσαι
2429 847 2496 912 ἀἱ
2520 855 2655 920 ψῆφοι
2682 855 2852 902 αὐτῶν·
2906 893 2910 897 .
2948 846 2971 874 “’·““

1562 934 1753 999 ἐγένοντο
1777 932 1821 980 δὲ
1833 925 1931 979 ἶσαι
1947 932 2106 996 ψῆφοι,
2125 928 2169 948 **
2192 929 2250 982 ὥς
2262 925 2565 993 Ἀριστοτέλης
2591 927 2634 973 ἐν
2658 929 2711 991 τῇ
2734 926 2858 985 Ἀθη-

1562 1008 1691 1055 ναίων
1716 1004 1934 1068 πολιτείᾳ·
1966 1026 1986 1045 ιι
2018 1000 2108 1050 Καὶ
2131 993 2243 1059 ἦσαν
2274 1004 2349 1048 τοῦ
2374 998 2452 1062 μὲν
2475 997 2700 1055 διώκοντος
2718 1002 2762 1046 αἱ
2780 1018 2857 1061 τε-

1563 1077 1855 1144 τρυπημέναι,
1874 1080 1948 1137 τοῦ
1970 1073 2015 1122 δὲ
2029 1074 2255 1149 φεύγοντος
2274 1075 2319 1120 αἱ
2333 1071 2525 1138 πλήρεις·
2538 1071 2730 1138 ὁποτέρῳ
2742 1073 2781 1120 ,δ’
2805 1070 2858 1120 ἂν

1565 1151 1735 1204 πλείους
1757 1149 1991 1213 γένωνται,
2017 1151 2137 1199 οὗτος
2158 1145 2303 1193 ἐνίκα·
2329 1145 2402 1204 ὅτε
2428 1144 2473 1192 δὲ
2491 1137 2615 1204 ἶσαι,
2643 1147 2666 1192 ὁ
2688 1143 2860 1210 φεύγων
2883 1171 2886 1174 ·
2956 1160 2958 1162 ’

1566 1223 1782 1288 ἀπέφυγεν
1802 1240 1812 1249 ·
1847 1243 1866 1262 »
1894 1223 1951 1275 ὡς
1969 1218 2044 1267 καὶ
2068 1217 2312 1277 Θεοδέκτης
2333 1219 2376 1265 ἐν
2395 1220 2454 1283 τῇ
2473 1216 2731 1282 Σωκράτους
2751 1218 2860 1266 ἄπο*

1563 1295 1707 1361 λογία.

1629 1370 1833 1415 Meierus
1858 1385 1869 1412 :
1896 1388 1916 1407 «ι
1937 1367 2098 1412 Malim
2117 1354 2218 1411 ’ἶσαι
2242 1364 2287 1409 αἱ
2307 1364 2441 1428 ψ’ἦφοι
2461 1362 2579 1427 αὐτῷ
2611 1359 2817 1426 ἐγένοντο.
2839 1383 2861 1404 ²·

1566 1438 1860 1504 Ἀριστοτέλης
1881 1439 1924 1484 ἐν
1966 1439 2021 1500 τῇ
2052 1436 2142 1484 Ἀθ.
2169 1434 2389 1500 πολιτείᾳ·
2415 1456 2438 1477 «
2482 1434 2572 1482 Καὶ
2679 1433 2865 1500 ἀπέφευ-

1565 1530 1658 1576 γεν.
1685 1532 1706 1554 »
1731 1509 1886 1563 Οὕτως
1909 1508 1985 1556 καὶ
2009 1506 2276 1565 Θεοδέκτης,
2297 1517 2350 1553 ut
2365 1499 2466 1555 ἶσαι
2483 1505 2676 1568 ἐγένοντο
2694 1509 2863 1566 lemma

1567 1587 1851 1631 constituant
1859 1585 2121 1629 derivatum
2133 1598 2191 1628 ex
2204 1581 2412 1628 AEschin.
2429 1581 2692 1641 C.‚Ctesiph.
2705 1581 2733 1642 §
2747 1575 2862 1639 252,
2935 1618 2939 1619 ⁷

1567 1659 1711 1703 verba
1739 1666 1898 1703 autem
1917 1653 2050 1703 καὶ...
2089 1651 2329 1718 ἀπέφευγεν
2355 1654 2498 1713 ipsius
2519 1654 2611 1698 sint
2632 1655 2862 1699 Aristote-

1566 1731 1637 1778 lis.
1668 1751 1687 1771 »
1710 1731 1939 1776 Ceterum.
1966 1728 2028 1775 cf.
2066 1730 2323 1774 Hermann.
2354 1727 2387 1771 l.
2410 1727 2442 1772 l.
2470 1726 2497 1787 §
2526 1726 2644 1784 1433
2670 1727 2727 1775 θ’.
2747 1727 2866 1772 Miil-

1567 1803 1654 1849 ler.
1684 1802 1905 1850 Addend.
1926 1801 1987 1846 ad
2006 1800 2123 1847 edit.
2146 1798 2348 1859 AEschyl.
2370 1798 2622 1847 Eumenid.
2640 1847 2642 1849 ,

2179 1933 2258 1981 38.

1637 2070 1794 2115 Schol.
1818 2068 2116 2128 Aristophan.
2148 2067 2306 2127 Equit.
2349 2084 2366 2112 1
2381 2066 2471 2112 150
2503 2082 2514 2111 ε
2546 2068 2625 2124 Κη
2641 2064 2736 2128 μὸς
2755 2069 2778 2114 ὃ
2798 2067 2869 2116 ἐπὶ

1572 2145 1646 2188 τοῦ
1678 2139 1887 2188 καδίσκου
1908 2140 1966 2192 εἷς
1990 2136 2035 2185 ὃν
2057 2136 2133 2191 τὰς
2152 2138 2318 2204 ψήφους
2346 2137 2554 2184 καθίεσαν
2581 2139 2624 2184 ἐν
2645 2139 2731 2193 τοῖς
2753 2140 2871 2187 δικα·

1573 2214 1794 2278 στηρίοις..
1807 2248 1818 2259 .
1835 2210 2050 2276 Ὕστερον
2069 2209 2114 2257 δὲ
2134 2212 2342 2276 ἀμφορεῖς
2361 2209 2436 2258 δύο
2449 2208 2626 2258 ἵσταντο
2645 2212 2690 2258 ἐν
2709 2211 2798 2266 τοῖς
2813 2213 2871 2260 δι·

1579 2285 1857 2351 καστηρίοις,
1892 2288 1915 2332 ὁ
1950 2282 2028 2347 μὲν
2058 2284 2280 2348 χαλκοῦς,
2301 2287 2324 2331 ὃ
2351 2281 2397 2330 δὲ
2420 2283 2607 2339 ξύλινος·
2639 2283 2716 2331 καὶ
2742 2287 2766 2332 ὃ
2793 2283 2872 2348 μὲν

1574 2359 1717 2424 κύριος
1732 2352 1801 2418 ἦν,
1822 2363 1845 2406 ὃ
1861 2357 1906 2405 δὲ
1928 2357 2097 2421 ἄκυρος.
2111 2353 2244 2420 Ἔχει
2260 2355 2305 2403 δὲ
2325 2355 2436 2404 καὶὸ
2448 2357 2656 2421 χαλκοῦς,
2673 2354 2731 2411 ’ὥς
2742 2375 2872 2424 φησιν

1575 2431 1902 2498 Ἀριστοτέλης,
1943 2429 2261 2495 διερρινημένον
2309 2430 2519 2492 ἐπίθεμα,
2554 2430 2613 2484 εἷς
2648 2429 2699 2477 τὸ
2725 2423 2873 2489 Δαὐτὴν

1578 2505 1712 2567 μόνην
1734 2503 1813 2562 τὴν
1840 2506 1980 2569 ψῆφον
2004 2500 2246 2550 καθίεσθαι.
2273 2501 2345 2550 Cf.
2365 2501 2565 2563 Hesych.
2593 2500 2776 2566 ιΚημὸς
2790 2537 2806 2564 ,
2825 2501 2875 2550 τὸ

1579 2577 1872 2641 ἐπιτιθέμενον
1915 2579 1970 2640 τῇ
2018 2577 2103 2621 τῶν
2145 2575 2359 2622 δικαστῶν
2377 2604 2383 2607 -
2401 2572 2524 2639 ὑδρίᾳ
2578 2573 2875 2638 πεπλεγμένον

1579 2653 1745 2713 πῶμα,
1783 2647 2020 2714 παρόμοιον
2053 2645 2195 2711 χώνῃ.
2225 2649 2420 2694 Photius
2455 2657 2502 2693 et
2531 2648 2696 2694 Suidas
2719 2665 2736 2694 t
2779 2650 2839 2696 Κ.
2858 2640 2895 2706 ,-

1579 2721 1756 2786 πλέγμα
1793 2720 2036 2779 κωνοειδὲς,
2073 2719 2130 2766 δι’
2165 2711 2214 2767 οἷ
2248 2723 2449 2766 καθιᾶσιν
2479 2720 2528 2771 οἱ,
2551 2719 2757 2768 δικασταὶ
2795 2719 2876 2779 τὴν

1578 2796 1737 2861 ψῆφον.
1761 2798 1820 2840 In
1855 2795 2014 2841 medio
2052 2794 2277 2854 operculo
2301 2803 2409 2838 erat.
2434 2793 2647 2839 foramen
2673 2803 2878 2857 tantum,

1583 2878 1810 2928 quantum
1845 2867 1907 2912 ad
1945 2865 2277 2932 excipiendum
2317 2860 2551 2909 calculum
2586 2866 2875 2926 sufficiebat3

1582 2942 1670 3000 ipsi
1691 2939 1912 2985 foramini
1939 2953 2052 2982 vero
2089 2937 2501 2996 superimpositum
2530 2947 2628 2982 erat
2652 2940 2781 2998 quasi
2806 2941 2880 2984 in-

1583 3011 1903 3066 fundibulum,
1936 3020 1991 3061 ut
2021 3011 2165 3054 tutius
2185 3018 2230 3053 et
2249 3008 2544 3052 commodius
2567 3010 2731 3053 calculi
2754 3009 2878 3068 injici

1583 3093 1786 3144 possent.
1803 3085 1874 3127 Ita
1901 3083 2022 3127 bene
2046 3080 2259 3127 Grashof.
2301 3082 2351 3123 in
2385 3095 2576 3124 censura
2619 3081 2726 3126 libri
2753 3082 2880 3126 Neu-

1583 3156 1819 3201 manniani
1857 3157 1906 3199 in
1933 3155 2071 3200 Jahn.
2095 3152 2262 3200 Jahrb.
2311 3151 2459 3211 1829,
2489 3154 2630 3214 II,.p.
2651 3173 2653 3176 ·
2675 3154 2786 3201 160.
2808 3154 2878 3212 Cf.

1585 3229 1742 3288 Steph.
1768 3229 1899 3272 Thes.
1923 3245 1970 3272 v.
2000 3223 2168 3286 Κημός.

1586 3366 1646 3405 est
1663 3394 1673 3412 ,
1692 3364 1858 3414 singulis
1876 3364 2078 3414 judicibus
2097 3362 2210 3403 binos
2225 3363 2390 3403 tradunt.
2415 3363 2612 3412 calculos,
2637 3352 2882 3414 perforatum

1586 3431 1627 3470 et
1661 3429 1857 3479 solidum,
1886 3429 2008 3480 idque
2024 3428 2260 3483 adversatus
2286 3428 2622 3479 inspectantibus,
2649 3438 2701 3468 ne
2730 3427 2885 3478 judiees

1587 3494 1647 3533 vel
1665 3494 1805 3533 ambos
1824 3492 1971 3545 solidos
1993 3493 2056 3532 vel
2073 3492 2213 3532 ambos
2233 3491 2455 3542 perforatos
2475 3490 2686 3548 accipiant.
2704 3505 2726 3525 u
2854 3492 2858 3494 '

1639 3630 1871 3669 Aristoteles
1892 3629 1934 3668 in
1960 3632 2056 3679 Rep.
2081 3628 2226 3669 Athen.
2251 3642 2262 3668 z
2290 3644 2314 3673 α,
2334 3628 2487 3668 Calculi
2507 3626 2731 3677 accusantis
2757 3628 2882 3678 perso-
2915 3664 2920 3667 ,

1589 3693 1685 3743 rati,
1704 3693 1759 3732 rei
1777 3704 1873 3734 vero
1889 3693 2003 3732 solidi
2023 3693 2152 3732 erant.
2181 3691 2259 3732 cui
2285 3690 2420 3742 plures
2441 3691 2581 3742 erant,
2607 3691 2642 3732 is
2673 3682 2881 3742 vincebatg
2911 3699 2919 3718 1

1588 3758 1649 3798 sin
1668 3758 1868 3809 aequales,
1887 3768 1979 3798 reus
1998 3750 2299 3798 absolvebatur.
2322 3771 2343 3791 υ
2844 3750 2848 3755 ’

1642 3893 1776 3943 Κημὸς
1793 3892 1877 3931 erat
1892 3901 2011 3942 super
2027 3901 2126 3930 urna
2138 3921 2153 3942 ,
2167 3890 2208 3930 in
2223 3900 2348 3942 quam
2360 3890 2508 3949 calculi
2530 3900 2555 3929 a
2581 3888 2786 3940 iudicibus
2799 3889 2882 3940 inii·
2894 3891 2919 3939 ,ι’

1592 3956 1809 3995 ciebantur.
1837 3957 1978 3995 Postea
1993 3954 2094 3995 duas
2112 3955 2155 4003 iu
2181 3953 2343 4004 Judiciis
2373 3953 2624 3994 collocabant
2648 3953 2885 4006 amphoras,
2904 3948 2919 3972 ‘⁴

1592 4020 1758 4059 alteram
1778 4029 1958 4067 aeneam,
1995 4019 2164 4066 alteram
2186 4018 2385 4070 ligneam;
2412 4018 2479 4058 illa
2507 4019 2616 4067 rata,
2647 4015 2734 4056 hoec
2758 4017 2882 4060 iri-ita.v
2904 4054 2916 4063 .

1594 4086 1715 4123 AEnea
1732 4093 1916 4132 quoque,
1940 4082 1986 4121 ut
2015 4081 2246 4122 Aristoteles
2269 4081 2386 4131 dicit,
2402 4081 2636 4132 operculum
2652 4079 2772 4120 habet
2798 4083 2912 4131 per-2

1596 4148 1779 4187 limatum
1796 4147 1837 4186 in
1864 4147 2048 4197 tantum,
2070 4147 2115 4187 ut
2132 4146 2310 4187 toramen
2329 4147 2459 4199 ipsum
2486 4145 2910 4201 solummodocalcuaj

1596 4211 1679 4251 lum
1696 4209 1858 4251 immitti
1878 4209 1999 4250 sinat..
2907 4209 2916 4219 ‘'
