3008 4542
176 224 268 265 622

173 323 278 388 πρὸς
301 322 373 370 τὸν
397 325 532 385 δῆμον
559 323 600 368 ἐν
624 319 767 386 Σάμῳ
793 321 1047 384 στρατηγῶν
1067 339 1076 348 ·
1099 318 1211 366 ὥστε
1236 319 1476 385 ἐψηφίσατο

174 399 269 443 κατ’
288 397 416 442 αὐτοῦ
430 398 452 442 ὃ
472 395 606 456 δῆμος
623 392 812 456 δημόσια
828 384 936 440 εἶναι
953 391 1008 440 τὰ
1021 391 1247 456 Φρυνίχου
1264 391 1476 456 χρήματα

173 470 247 517 καὶ
281 473 356 527 τῆς
387 471 482 516 θεοῦ
509 467 557 515 τὸ
580 467 758 514 δέκατον
783 465 932 533 μέρος,
958 466 1032 514 καὶ
1066 465 1144 524 τὴν
1177 466 1316 514 οἰκίαν
1350 485 1478 512 κατε-

174 541 362 607 σκάφθαι
382 542 536 600 αὐτοῦ,
558 539 634 588 καὶ
653 539 767 587 ἄλλα
789 538 932 588 πολλὰ
949 540 1045 587 κατ’
1068 540 1199 587 αὐτοῦ
1225 538 1411 604 ἔγραψεν
1433 540 1476 585 ἐν

173 614 311 679 στήλῃ
347 616 509 678 χαλκῇ.
548 617 648 661 Prae
685 616 851 660 ceteris
887 614 965 660 adi
1003 610 1274 674 Lycurgum
1310 614 1393 659 Or.
1434 628 1475 660 e.

173 692 386 735 Leocrat.
408 704 454 748 p.
474 686 569 732 218
586 690 672 750 R„
691 689 972 748 quipotiora
990 688 1310 748 psephismatis
1329 688 1479 748 capita

171 763 364 807 uberius
389 770 618 809 recenset.
651 761 720 809 Cf.
758 763 916 821 Lysias
958 763 1011 808 C.
1050 762 1243 821 Agorat.
1273 776 1322 820 p.
1355 765 1476 821 492;

172 835 380 895 Thucyd.
397 836 536 892 VIII,
561 850 648 896 92,
677 850 725 891 2,
756 835 918 894 ibique
939 835 1228 894 interpretes.
1261 834 1478 878 Ceterum

171 907 315 952 verba
331 905 520 967 Δίδυμος
537 904 610 952 καὶ
630 904 770 970 Κράτ.
791 923 920 970 φασιν
936 907 1227 967 negligenter
1243 907 1479 950 enuntiata

171 979 536 1039 fuerint‚-neque
552 980 767 1025 Craterus
785 979 963 1023 deloco
981 978 1301 1037 Ar1stophanis
1317 978 1479 1038 dispu-

171 1062 302 1116 tasse,
320 1053 404 1099 sed
425 1053 656 1113 Didymus
685 1053 744 1097 de
769 1068 825 1097 eo
866 1052 1103 1112 disputans
1133 1052 1378 1097 Craterum
1407 1053 1478 1096 ci·-

171 1135 285 1171 tasse
307 1127 512 1173 videtur.

791 1229 864 1258 12.

245 1310 590 1368 Harpocration
619 1319 632 1351 ε’
659 1304 909 1371 Νύμφαιον.
937 1305 1149 1368 Αἰσχίνης
1177 1306 1220 1351 ἐν
1257 1306 1319 1371 τῷ
1351 1302 1480 1353 Κατὰ

177 1379 483 1445 Κτησιφῶντός
507 1393 628 1444 φησι·
657 1399 674 1420 α
699 1376 933 1442 Νύμφαιον
960 1377 1007 1425 τὸ
1035 1380 1078 1424 ἐν
1110 1378 1280 1442 Πόντῳ.
1308 1400 1326 1420 υ
1355 1377 1477 1442 Κρά-

171 1471 292 1518 τερος
315 1453 359 1499 δὲ
385 1453 428 1499 ἓν
457 1452 492 1499 θ’
523 1453 608 1499 τῶν
640 1450 958 1515 Ψηφισμάτων
988 1450 1116 1511 φησὶν
1144 1450 1210 1498 ὅτι
1245 1450 1480 1508 Ἀθηναίοις

173 1524 223 1573 τὸ
243 1523 472 1590 Νύμφαιον
496 1525 629 1572 ἐτέλει
649 1524 878 1572 τάλαντον.
899 1526 1075 1571 Eadem
1094 1527 1286 1570 Photius
1311 1535 1355 1570 et
1375 1527 1482 1571 Sui-

174 1600 270 1645 das.
304 1602 376 1645 De
409 1601 498 1644 situ
533 1600 776 1659 Nymphaei
815 1616 860 1643 v.
902 1600 1090 1644 Arriani
1128 1599 1300 1659 Peripl.
1344 1601 1481 1643 Ponti

173 1675 291 1718 Eux.
339 1689 381 1718 c.
426 1673 508 1730 13,
548 1679 593 1727 4.
629 1667 866 1718 AEschines
901 1674 951 1718 C.
992 1673 1278 1732 Ctesiphont.
1319 1671 1346 1732 S
1391 1689 1475 1731 171

172 1760 220 1804 p.
243 1744 330 1797 431
352 1759 362 1791 :
380 1742 530 1792 Γύλων
548 1748 684 1806 (avus
695 1741 929 1790 maternus
943 1745 1351 1806 Demosthenis)...
1374 1762 1480 1810 προ-

174 1816 270 1871 δοὺς
294 1817 380 1870 τοῖς
414 1814 634 1878 πολεμίοις
665 1815 895 1883 Νύμφαιον
926 1816 975 1864 τὸ
1004 1818 1047 1863 ἐν
1078 1819 1140 1883 τῷ
1174 1817 1328 1882 Πόντῳ
1347 1855 1374 1879 ³.
1386 1817 1482 1865 τότε

175 1893 251 1947 τῆς
274 1888 440 1943 πόλεως
465 1888 650 1953 ἐχούσης
673 1889 722 1936 τὸ
756 1889 915 1954 χωρίον
939 1893 1092 1951 τοῦτο,
1115 1890 1250 1955 φυγὰς
1277 1889 1352 1936 ἀπ’
1386 1892 1478 1937 εἷσ-

175 1962 379 2025 αγγελίας
399 1964 446 2009 ἐκ
463 1965 538 2020 τῆς
555 1962 721 2016 πόλεως
742 1961 932 2025 ἐγένετο,
956 1961 1140 2009 θανάτου
1162 1961 1481 2024 καταγνωσθέν·

175 2054 244 2087 τος
274 2036 432 2092 αὐτοῦ,
474 2032 551 2091 τὴν
586 2033 724 2099 κρίσιν
757 2035 838 2098 οὐχ
876 2034 1129 2096 ὑπομείνας.
1169 2038 1299 2081 Hanc
1336 2038 1482 2095 ipsam

173 2109 414 2152 historiam
438 2109 652 2153 Craterus
671 2109 702 2151 l.
733 2109 764 2152 l.
801 2109 1086 2155 tractaverit.
1111 2109 1246 2154 Certe
1270 2118 1482 2168 tempora

176 2184 221 2225 in
253 2182 422 2241 quibus
446 2182 567 2226 liber
595 2197 747 2226 nonus
773 2179 1090 2245 Ψηφισμάτων
1123 2191 1348 2240 versatur,
1386 2198 1482 2227 non

174 2262 451 2315 repugnant.
471 2255 714 2315 Multaque
738 2255 867 2299 annis
897 2260 988 2307 412
1019 2264 1064 2301 et
1089 2260 1145 2309 41
1160 2271 1179 2301 1
1212 2256 1335 2300 circa
1358 2257 1480 2301 Pon-

175 2335 272 2371 tum
299 2336 431 2372 erant
454 2328 804 2373 Atheniensium
825 2330 1028 2389 negotia.

711 2431 766 2475 13
802 2441 846 2476 et
884 2438 957 2485 14.

241 2525 500 2583 Stephanus
519 2527 627 2585 Byz.
644 2540 654 2572 :
671 2524 712 2571 Ἀ
722 2525 861 2589 ρταῗα.
881 2523 1015 2574 Ἔστι
1028 2525 1103 2573 καὶ
1123 2524 1322 2590 Ἀρταίου
1341 2528 1483 2590 τεῖχος

177 2594 396 2659 πολίχνιον
435 2595 508 2642 ἐπὶ
544 2598 606 2662 τῷ
650 2594 878 2661 Ῥυνδακῷ
910 2601 1095 2664 ποταμῷ
1110 2634 1123 2657 ,
1166 2601 1224 2652 ὡς
1265 2597 1484 2664 Κράτερος

176 2667 338 2733 ἐννάτῳ
366 2670 475 2734 Περὶ
499 2670 810 2735 ψηφισμάτων.
837 2670 899 2719 Τὸ
918 2670 1081 2719 ἐθνικὸν
1101 2671 1480 2737 Ἀρταιοτειχίτης.

792 2773 866 2822 14.

243 2838 464 2897 Stephan.
487 2840 595 2898 Byz.
617 2854 626 2885 τ
651 2838 970 2904 Ληψήμανδος,
987 2840 1206 2904 πολίχνιον
1226 2840 1419 2905 Καρίας,
1434 2841 1482 2918 τὸ
1561 2841 1805 2888 ἀποθανεῖν.

188 2930 2857 2955 ᾑ-ῃ-ῄ-ῇ--μ--ῇ--ὴ

176 2973 265 3012 tum
281 2973 366 3013 dux
380 2975 551 3026 turpiter
568 2976 708 3016 fefellit
722 2978 763 3016 in
782 2979 989 3029 populum.
1007 2981 1141 3026 Quare
1162 2979 1338 3019 decrevit
1361 2990 1480 3030 popu·

177 3036 240 3076 lus
271 3039 316 3077 ut
345 3038 451 3078 bena
481 3039 567 3089 ejus
603 3040 917 3092 publicarentur,
949 3042 1183 3094 decimaque
1217 3054 1356 3083 eorum
1396 3042 1483 3083 deae

176 3101 440 3153 dedicaretur,
478 3103 622 3145 domus
656 3106 740 3156 ejus
770 3107 854 3146 solo
889 3109 1148 3158 aequaretur3
1180 3108 1256 3148 alia
1289 3109 1483 3158 practerea
1559 3133 1594 3170 D

178 3168 304 3208 multa
325 3168 364 3207 in
386 3179 479 3208 eum
499 3170 609 3210 stelae
633 3181 753 3211 aeneae
770 3171 1070 3222 inscripserunt.

799 3255 866 3294 12.

230 3336 418 3374 Craterus
434 3335 534 3375 libro
551 3347 656 3376 nono
672 3340 933 3377 Decretorum
954 3340 1009 3379 ait
1022 3342 1288 3391 Nymphaeum
1304 3342 1342 3380 in
1359 3342 1483 3380 Ponto

178 3398 300 3439 situm
317 3400 622 3441 Atheniensibus
637 3403 831 3442 talentum
850 3404 1093 3454 pependisse.

725 3471 780 3511 13
811 3473 854 3512 et
879 3473 945 3512 14.

232 3548 351 3586 Artaei
372 3559 534 3599 murus,
552 3549 741 3600 oppidum
759 3551 809 3590 ad
828 3551 1090 3601 Rhyndacum
1108 3554 1148 3592 ll.
1174 3555 1364 3594 Craterus
1385 3555 1485 3594 libro

182 3612 196 3649 1
204 3612 236 3649 X
259 3613 533 3653 Decretorum.

233 3676 547 3727 Lepsemandus‚
568 3669 697 3719 Cariae
717 3680 921 3731 oppidum.
941 3681 1097 3720 Gentile
1116 3683 1484 3733 Lepsemandensis,

186 3739 230 3777 ut
252 3740 441 3779 Craterus
459 3752 565 3781 nono
584 3746 639 3783 De
656 3745 837 3785 decretis.

795 3830 862 3870 15.

235 3904 396 3942 Atticus
422 3907 600 3947 vicium.
642 3911 727 3949 Hoc
765 3910 1024 3960 proverbium
1064 3911 1256 3959 originem
1294 3911 1407 3952 (lucit
1435 3912 1487 3951 ab

184 3965 485 4008 Atheniensibus
497 3971 647 4012 colonis
660 4004 671 4022 ‚
688 3974 756 4023 qui
769 3974 934 4014 Athenis
954 3974 993 4013 in
1010 3977 1173 4013 Samum
1192 3975 1359 4014 insulam
1376 3975 1486 4015 ducti

182 4031 286 4068 sunt.
322 4031 586 4074 Advenientes
617 4038 721 4076 enim
753 4038 967 4088 sedemque
1002 4038 1054 4076 ihi
1091 4038 1253 4088 figentes
1286 4039 1487 4089 indigenas

182 4101 319 4130 ornnes
339 4095 586 4143 expulerunt.

1185 209 1518 260 CRATERUS
1558 212 1838 261 MACEDO.

1554 319 1717 367 ἐθνικὸν
1744 319 2083 383 Αηψημανδεύς.
2117 319 2335 385 Κράτερος
2367 319 2530 386 ἓννάτῳ
2566 320 2677 387 Περὶ
2707 322 2893 388 *imm-⁴
2940 375 2941 378 Ἴ
2996 362 3002 397 3

1554 392 1748 455 σμάτων.
1773 394 1841 440 Cf.
1862 395 2036 440 Plinius
2057 397 2117 440 H.
2140 397 2199 440 N.
2219 398 2276 450 V,
2301 395 2355 439 31
2375 430 2387 451 ,
2411 394 2490 442 36.

2168 522 2242 568 15.

1620 631 1854 676 Zenobius
1889 633 1963 688 II,
1991 631 2052 677 28
2089 630 2363 685 εἈττικὸς
2395 630 2681 696 πάροικος·
2706 635 2902 700 Δοῦρις
2938 630 2943 682 '}
3002 651 3008 694 j

1555 702 1643 763 gfr.
1687 703 1841 766 68)...
1882 689 2179 769 Kpdzepoc⁸ae
2210 703 2298 752 ἀπὸ
2330 707 2415 752 τῶν
2458 706 2518 760 εἷς
2551 704 2706 768 Σάμον
2742 700 2907 778 πεμοῇῃ
3006 700 3008 706 ’

1553 772 1740 838 φθέντων
1780 773 2009 835 Ἀθήνηθεν
2047 776 2235 825 ἐποίκων
2275 776 2354 835 τὴν
2384 777 2622 844 παροιμίαν
2664 779 2905 845 εἰρῆσθαι

1554 845 1707 911 (φησίν
1722 848 1801 910 )...
1821 847 2006 896 Ἀττικοὶ
2021 847 2105 914 γὰρ
2126 850 2502 917 μεταπεμφθέντες
2526 853 2585 906 εἷς
2609 852 2762 915 Σάμον
2784 851 2908 915 καὶΔ
2944 851 2951 909 ξ

1552 920 1644 966 ἐκεῖ
1669 920 2004 979 κατοικήσαντες
2033 920 2130 977 τοὺς
2159 923 2393 988 ἐγχωρίους
2426 923 2630 980 ἐξέωσαν.
2669 917 2913 991 Olympf¹
2946 918 2954 962 1

1559 1015 1673 1057 107,
1705 1017 1747 1047 1.
1776 1002 1846 1047 Cf.
1876 1002 2116 1047 Heraclid.
2142 1005 2279 1051 Pont.
2305 1004 2364 1048 fr.
2383 1003 2477 1064 σο,
2507 1005 2554 1052 6.
2805 995 2815 1000 ’
2951 1006 2954 1008 ’

2173 1117 2247 1163 16.

1619 1217 1841 1276 Stephan.
1863 1219 1956 1276 Byz
1976 1233 1987 1262 ε
2007 1215 2328 1281 Χαλκητόριον,
2344 1216 2467 1272 πόλις
2490 1217 2686 1285 Κρήτης.
2704 1219 2762 1270 ‘O
2777 1215 2890 1269 ποί
2921 1221 2922 1224 ’

1553 1286 1674 1346 λίτης
1695 1287 2021 1352 Χαλκητορεύς.
2050 1287 2373 1354 Ἀπολλόδωρος
2392 1290 2588 1356 τετάρτῳ
2611 1294 2875 1358 Χρονικῶν,
2958 1291 2963 1339 ζ

1556 1363 1650 1422 μεθ’
1675 1352 1723 1407 οἷ
1748 1361 2002 1425 Χαρίδημος
2021 1353 2076 1420 ἦν
2109 1360 2247 1427 φυγὰς
2269 1362 2603 1428 Χαλκητορεύς.
2642 1365 2899 1455 Κράτερος,
2960 1358 2965 1428 ¹,

1556 1433 1600 1480 δὲ
1627 1435 1670 1480 ἐν
1695 1435 1758 1499 τῷ
1788 1432 1900 1499 Περὶ
1923 1434 2219 1500 ψηφισμάτων
2244 1435 2539 1501 Χαλκήτορας
2563 1439 2717 1493 αὐτους
2735 1457 2887 1505 φησι.
2962 1444 2965 1446 ’

1623 1509 1757 1553 Idem
1778 1525 1825 1553 v.
1855 1509 2053 1556 Χαλκεῒα
2085 1526 2095 1554 z
2125 1507 2251 1556 Ἐστὶ
2272 1508 2346 1556 καὶ
2364 1511 2534 1575 Καρίας
2566 1512 2791 1573 Χαλκεῖά,
2812 1505 2882 1568 ἶς
2902 1550 2921 1574 ⁷.
2965 1511 2969 1553 ’-

1556 1578 1604 1625 τὸ
1628 1578 1788 1626 ἐθνικὸν
1814 1578 2112 1638 Χαλκειάτης,
2140 1583 2196 1635 ὥς
2219 1582 2432 1647 Κρατέρῳ
2453 1584 2586 1632 δοκεῖ.
2891 1583 2921 1600 ’“

2177 1720 2246 1762 17.

1624 1814 1939 1872 Harpocratio
1957 1829 1967 1857 z
1988 1810 2029 1859 'A
2038 1816 2241 1876 ρκτεῦσαι
2259 1812 2426 1868 Λυσίας
2444 1815 2488 1861 ἐν
2506 1818 2568 1880 τῷ
2589 1814 2730 1882 Ὑπὲρ
2746 1816 2865 1882 Φρυ-
2908 1831 2927 1883 g

1557 1882 1678 1947 νίχου
1707 1883 1915 1949 θυγατρὸς
1937 1920 1950 1946 ,
1975 1885 2011 1931 εἷ
2041 1882 2240 1949 γνήσιος,
2264 1884 2314 1933 τὸ
2329 1890 2642 1953 καθιερωθῆναι
2669 1886 2755 1954 πρὸ
2778 1887 2866 1953 γά·
2888 1950 2897 1953 ι
2915 1880 2930 1902 ‘⁷

1559 1975 1651 2018 μων
1675 1955 1751 2010 τὰς
1777 1956 2013 2023 παρθένους
2048 1961 2102 2023 τῇ
2135 1957 2352 2023 Ἀρτέμιδι
2386 1963 2440 2024 τῇ
2478 1960 2710 2028 Μουνυχίᾳ
2745 1958 2774 2020 ἢ
2807 1963 2926 2030 τῇ,

1559 2029 1836 2096 Βραυρωνίᾳ.
1915 2029 1988 2079 Τὰ
2031 2029 2075 2077 δὲ
2107 2030 2377 2087 συντείνοντα
2418 2035 2475 2088 εἰς
2509 2034 2564 2081 τὰ
2599 2027 2882 2100 προκείμενᾶ””
2907 2029 2936 2091 ,ᾇ

1558 2100 1727 2167 εἴρηται
1747 2101 1868 2168 παρά
1891 2122 1938 2151 τε
1965 2103 2111 2158 ἄλλοις
2131 2104 2205 2151 καὶ
2233 2105 2448 2171 Κρατέρῳ
2475 2107 2570 2169 (sie
2595 2110 2863 2168 Mausacus3
2887 2110 2935 2133 ’·

1558 2174 1763 2241 Κρατίνῳ
1791 2177 1931 2238 libri)
1957 2177 2000 2223 ἐν
2028 2182 2116 2230 τοῖς
2147 2176 2464 2243 Ψηφίσμασιν.
2498 2174 2605 2227 εὈτι
2631 2178 2687 2228 δὲ
2709 2182 2754 2228 αῖ
2775 2182 2859 2246 ἀρ·
2915 2181 2941 2241 ‘²33
2982 2238 2983 2241 Ἰ

1556 2247 1813 2311 κτευόμεναι
1828 2249 2031 2314 παρθένοι
2044 2248 2460 2314 ἄρκτοικαλοῧνται,
2478 2252 2717 2318 Εὐριπίδης
2735 2252 2863 2320 Ὑψι-
2912 2229 2945 2319 ἑ

1559 2319 1677 2385 πύλη
1693 2360 1705 2380 ,
1732 2320 2039 2387 Ἀριστοφάνης
2065 2322 2275 2385 Λημνίοις
2299 2323 2374 2370 καὶ
2395 2324 2696 2391 Λυσιστράτῃ.
2922 2321 2927 2323 ’

2176 2441 2251 2489 18.

1624 2551 1851 2612 Phlegon.
1878 2552 1985 2599 Mir.
2013 2568 2054 2598 c.
2080 2551 2138 2597 32
2162 2568 2173 2597 ε
2202 2550 2424 2617 Κράτερος
2446 2551 2491 2599 δέ
2509 2571 2655 2619 φησιν,
2680 2557 2704 2600 ὁ
2724 2552 2864 2602 Ἀντι-

1558 2621 1683 2684 γόνου
1700 2627 1774 2669 τοῦ
1798 2621 2011 2687 βασιλέως
2033 2623 2238 2690 ἀδελφὸς,
2263 2625 2491 2688 γινώσκειν
2509 2625 2606 2674 τινὰ
2625 2626 2864 2694 ἄνθρωπον,

1558 2691 1603 2740 ὃν
1638 2694 1681 2740 ἐν
1718 2694 1829 2741 ἑπτὰ
1860 2693 2000 2742 ἔτεσιν
2030 2696 2169 2743 παῖδα
2195 2696 2394 2759 γενέσθαι
2422 2697 2497 2745 καὶ
2530 2698 2756 2764 μειράκιον
2789 2699 2865 2748 καὶ
2936 2715 2960 2734 2·
2994 2707 2995 2710 ’

1559 2767 1696 2833 ἄνδρα
1710 2767 1785 2815 καὶ
1805 2766 2008 2834 γέροντα,
2024 2768 2099 2816 καὶ
2119 2768 2323 2832 γήμαντα
2345 2770 2419 2818 καὶ
2442 2771 2864 2836 παιδοποιησάμενον

2914 2310 2947 2359 .-

2841 2457 2848 2463 .
2912 2373 2947 2499 ἓξ

2174 2987 2245 3027 16.

1612 3066 1910 3107 Chalcetorium
1925 3096 1936 3115 ‚
1953 3069 2083 3108 cretae
2100 3068 2196 3108 urbs
2209 3099 2221 3119 ‚
2235 3069 2351 3119 eujus
2366 3069 2474 3110 cives
2494 3071 2685 3111 Craterus
2699 3070 2866 3112 inlibris

1595 3141 1618 3171 e
1632 3128 1802 3173 decretis
1824 3132 2081 3174 Chalcetorae
2096 3133 2202 3175 dicit.
2811 3132 2813 3134 ’

1610 3198 1780 3238 Chalcea
1792 3229 1804 3248 ,
1822 3198 1952 3239 Cariae
1973 3199 2070 3239 urbs
2085 3214 2095 3250 ;
2114 3200 2198 3250 ejus
2210 3200 2356 3250 gentile
2371 3200 2625 3251 Chaleeates,
2641 3203 2686 3242 ut
2701 3203 2865 3243 cratem

1563 3262 1731 3302 videtur.

2179 3333 2248 3373 17.

1611 3413 1845 3464 Ἀρκτεῦσαι.
1863 3413 1998 3465 Lysias
2017 3414 2059 3453 in
2072 3412 2252 3454 oratione
2267 3415 2345 3454 Pro
2359 3414 2573 3465 Phrynichi
2588 3413 2668 3455 filia
2681 3414 2728 3466 (si
2743 3412 2864 3455 modo

1559 3479 1730 3530 genuina
1751 3479 1878 3519 oratio
1898 3480 1984 3530 est)
2006 3479 2057 3520 dc
2089 3479 2308 3531 virginibus
2330 3479 2442 3531 dicit,
2471 3491 2564 3532 quae
2593 3481 2686 3521 ante
2707 3481 2865 3532 nuptias

1562 3544 1698 3584 Dianae
1706 3544 1931 3594 Munychiae
1940 3545 2002 3584 vel
2013 3544 2242 3584 Brauroniae
2258 3543 2478 3585 initiantur.
2499 3546 2686 3596 congrua
2700 3544 2864 3586 histum

1559 3608 1666 3660 apud
1685 3610 1783 3650 alios
1799 3608 1989 3660 leguntur
2004 3610 2092 3650 tum
2113 3609 2220 3661 apud
2240 3611 2451 3651 Craterum
2472 3610 2514 3650 in
2533 3610 2726 3651 Decretis.
2753 3611 2863 3662 ipsas

1561 3675 1680 3714 etiam
1696 3673 1867 3724 virgines
1878 3674 2052 3715 initiatas
2063 3674 2225 3726 ἄρκτους
2241 3674 2430 3726 appellari
2446 3674 2644 3714 testantur
2656 3673 2864 3731 Euripides

1561 3738 1602 3778 in
1618 3739 1857 3790 Hypsipyle,
1881 3735 1922 3779 et
1938 3738 2221 3790 Aristophanes
2243 3739 2284 3778 in
2306 3738 2481 3779 Lemniis
2501 3738 2541 3778 et
2565 3738 2794 3788 Lysistrata.

2174 3825 2243 3865 18.

1616 3908 1827 3958 Craterus,
1873 3907 2057 3958 Antigoni
2102 3907 2202 3957 regis
2251 3907 2386 3954 frater,
2429 3917 2543 3946 nosse
2579 3916 2621 3946 se
2660 3892 2861 3949 hominem
2939 3896 2946 3957 ἶ,

1562 3973 1738 4024 aliquem
1758 3973 1879 4024 dicit,
1900 3973 1968 4024 qui
1984 3973 2090 4013 intra
2109 3974 2260 4023 septem
2277 3983 2472 4012 annorum
2500 3971 2672 4022 spatium
2700 3974 2741 4012 et
2766 3983 2861 4024 puer

1562 4039 1603 4077 et
1618 4037 1777 4086 juvenis
1788 4039 1828 4078 et
1842 4038 1903 4077 vir
1918 4038 1958 4077 et
1974 4047 2094 4077 senex
2115 4037 2270 4086 suisset,
2289 4038 2328 4076 et
2344 4046 2468 4075 uxore
2483 4035 2605 4075 ducta
2616 4065 2627 4086 ,
2644 4036 2861 4088 genitisque
2942 4029 2944 4034 ’
2963 4061 2967 4068 -

1564 4101 1696 4141 liberis.
1712 4100 1815 4141 ‹lie‘m
1836 4102 2009 4141 obiisset.

2956 4389 2957 4392 ,
2962 4370 2986 4397 3}
2989 4379 2998 4402 ,-

2966 4405 3000 4459 sl}
