3016 4628
935 256 1506 368 EUGEON
1583 248 2131 372 SAMIUS.

228 693 538 783 Dionysius„
536 690 637 736 Hal.
655 689 712 735 de
727 691 872 735 Thuc.
888 688 1035 746 judie.
1059 703 1100 730 c.

204 784 277 813 ουν
299 781 558 851 συγγραφεις
591 759 744 807 πολλοὶ
769 758 843 807 καὶ
868 756 981 805 κατὰ
1010 755 1198 808 πολλοὺς
1218 753 1373 806 τόπους
1403 750 1472 814 ἐγέ
1477 779 1498 787 ·

204 856 324 884 νοντο
348 836 433 901 πρὸ
448 854 524 882 του
559 834 968 889 Πελοποννησιακου
991 826 1212 889 πολέμου·
1237 828 1279 875 ἐν
1300 825 1401 877 οῖς
1383 823 1499 871 εστὶν

204 910 271 956 E
230 909 428 972 υγέων
454 926 508 954 τε
533 908 556 952 6
582 904 783 966 Σάμιος
811 901 887 950 καὶ
907 897 1094 964 Δηίοχος
1117 903 1140 946 6
1165 895 1501 963 Προικοννήσιος

205 982 280 1029 καὶ
305 981 509 1043 Εὔδημος
525 981 547 1024 6
567 977 729 1042 Πάριος
753 974 827 1023 καὶ
852 975 1086 1036 Δημοκλης
1121 974 1143 1018 6
1178 969 1403 1034 Φυγελευς
1427 967 1501 1016 καὶ

205 1054 436 1106 Εκαταιος
469 1055 491 1098 6
513 1047 778 1108 Μιλήσιος“’
754 1068 776 1094 ο
796 1066 842 1093 τε
861 1046 1057 1111 Ἀργεῖος
1082 1042 1356 1097 Ἀκουσίλαος
1376 1042 1450 1090 καὶ
1480 1044 1503 1088 6

207 1124 507 1192 Λαμψακηνὸς
518 1123 681 1189 Χάρων
698 1120 771 1169 καὶ
787 1123 809 1167 6
822 1116 1118 1176 Χαλκηδόνιος
1137 1114 1503 1180 Ἀμελησαγόρας.

272 1204 469 1261 Eugeon
502 1199 679 1244 Samius
714 1197 904 1240 fortasse
928 1193 1270 1251 antiquissimus
1299 1190 1388 1234 fuit
1421 1183 1469 1246 Γ
1489 1189 1505 1252 )

208 1289 376 1321 eorum
397 1267 658 1334 (1111”Ωρους
674 1269 938 1314 Samiorum
957 1265 1164 1310 condere
1184 1264 1502 1308 instituerunt.

210 1347 342 1394 Idem
366 1351 690 1404 argumentum
718 1355 865 1398 quum
890 1338 1110 1397 deinceps
1133 1337 1213 1381 alii
1238 1336 1505 1396 complures

209 1416 504 1462 tractandum
523 1414 610 1458 sibi
639 1412 885 1456 sumserint
900 1443 912 1467 ‚
937 1410 1068 1455 vides
1100 1411 1183 1469 qui
1220 1409 1395 1453 sactum
1415 1409 1472 1452 sit
1488 1442 1502 1468 ,

210 1500 263 1534 ut
281 1489 513 1549 Eugeonis
534 1485 762 1530 memoria
781 1499 908 1528 nunc
941 1497 1089 1527 crassa
1114 1490 1357 1542 prematur
1395 1480 1509 1525 cali-

211 1562 335 1621 gine.
349 1559 562 1605 Nominis
577 1558 769 1601 alteram
782 1555 982 1600 somnam
996 1555 1185 1599 exhibet
1197 1553 1377 1610 Suidas,
1395 1553 1476 1612 qui
1493 1568 1503 1596 ε

212 1630 428 1694 Εὐγαίων,
446 1628 584 1691 ὄνομα
615 1624 779 1691 κύριον,
798 1637 844 1672 et
863 1629 986 1672 inter
1006 1627 1239 1686 barytona
1257 1626 1511 1686 Theogno—

211 1714 305 1749 stus
323 1706 373 1748 in
396 1704 604 1748 Crameri
630 1701 811 1746 Aneed.
841 1701 923 1746 Gr.
949 1701 1047 1744 vol.
1073 1701 1137 1757 ΙΙ,
1157 1715 1209 1760 p.
1235 1714 1314 1758 29,
1347 1698 1393 1743 3.
1420 1699 1508 1743 Ea-

213 1777 320 1822 dem
345 1777 508 1822 leviter
528 1782 750 1834 corrupta
773 1782 840 1818 est
859 1774 908 1817 in
927 1773 1099 1817 Photio
1136 1788 1182 1816 v.
1202 1768 1327 1829 Νηΐς.

591 1978 605 2030 [
631 1973 784 2021 apel
821 1971 1090 2020 ΣΑΜΙΩΝ.
1113 1976 1128 2027 ]

854 2092 890 2121 1.

283 2173 421 2216 Phot.
438 2173 553 2216 Lex.
569 2186 616 2218 v.
631 2163 770 2227 Νηίςε
793 2167 882 2217 Καὶ
896 2170 939 2215 ἐν
961 2167 1103 2234 Σάμῳ
1121 2167 1165 2214 δὲ
1180 2168 1304 2234 θηρία
1322 2167 1518 2231 γενέσθαι

219 2251 303 2306 (sc.
333 2241 507 2307 φασὶν),
533 2234 592 2288 ὧν
623 2239 923 2306 φθεγγομένων
950 2239 1273 2306 ῥήγνυσθαιτὴν
1294 2245 1397 2305 γῆν·
1415 2243 1520 2289 ἐκα-

218 2319 371 2364 λοῦντο
391 2313 436 2361 δὲ
461 2313 562 2372 νηία
587 2312 604 2378 (
619 2331 708 2360 scr.
736 2313 877 2370 νηίδες
897 2315 934 2377 ),
953 2318 1132 2368 ωςεῦται
1153 2333 1211 2361 ων
1240 2315 1322 2377 (ὡς
1343 2313 1518 2362 ἐνταίων

220 2390 420 2446 Suidas.;
444 2405 536 2435 scr.
560 2389 616 2440 ὡς
640 2385 844 2450 Εὐγαίων
862 2389 892 2450 ).

285 2464 405 2506 Rem
422 2470 592 2521 praeter
615 2463 885 2521 Eugeonem
902 2470 1095 2505 narrant
1111 2460 1377 2507 Heraclides
1392 2464 1522 2507 Pon-

222 2536 338 2579 ticus
353 2535 402 2578 in
418 2534 679 2579 Samiorum
692 2534 812 2593 Rep.
829 2534 950 2590 init„
969 2542 1014 2578 et
1030 2534 1309 2593 Euphorion
1322 2536 1370 2578 in
1390 2531 1524 2581 Ὑπο-

223 2603 443 2668 μνήμασιν
460 2606 690 2668 ἱστορικοῖς
705 2621 780 2665 ap.
800 2607 971 2651 AElian.
993 2608 1054 2651 H.
1082 2608 1139 2651 A.
1155 2607 1318 2663 XVII,
1341 2607 1420 2664 28,
1442 2608 1526 2652 ubi

223 2676 363 2736 νηίδες
387 2680 437 2723 111
459 2675 619 2735 νηάδας
639 2679 871 2723 abierunt.
898 2680 1110 2738 Uterque
1135 2694 1191 2723 ex
1211 2681 1382 2725 Nostro
1407 2681 1526 2724 hau-

224 2753 358 2807 serit,
376 2766 531 2809 neque
559 2759 625 2794 est
641 2766 724 2795 cur
747 2750 987 2795 audiamus
1002 2753 1256 2796 Kiisterum
1272 2763 1318 2797 et
1344 2754 1525 2798 Meine—

224 2826 356 2868 11111111
380 2823 457 2885 (ad
479 2824 691 2882 Euphor.
709 2838 759 2882 p.
783 2822 879 2883 77),
899 2825 981 2883 qui
1006 2825 1326 2883 Euphorionis
1352 2839 1527 2870 nomen

227 2912 303 2956 ap.
329 2896 550 2942 Photium
570 2904 614 2939 et
635 2895 827 2940 Suidam
840 2897 1008 2955 reponi
1019 2895 1270 2954 jusserunt.
1292 2898 1528 2942 AElianum

228 2969 517 3028 negligenter
541 2968 782 3026 exscripsit
804 2968 1075 3026 Apostolius
1103 2969 1198 3024 XI,
1238 2985 1311 3012 12.
1346 2995 1405 3002 —
1439 2970 1528 3013 Fa-

230 3041 352 3085 bulae
383 3055 541 3084 ansam
562 3039 797 3084 dederunt
817 3055 916 3085 ossa
936 3041 1191 3085 bestiarum
1220 3042 1530 3086 antediluvia—

231 3128 422 3168 narum,
449 3114 673 3159 innuente
691 3113 996 3171 Euphorione
1012 3114 1049 3157 l.
1070 3115 1119 3171 l.‚
1141 3115 1222 3173 qui
1246 3114 1353 3160 ὀστᾶ
1376 3111 1441 3160 ἔτι
1457 3111 1531 3159 καὶ

232 3187 305 3230 νῦν
329 3180 471 3230 αὐτῶν
495 3181 738 3230 δείκνυσθαι
759 3181 930 3246 μεγάλα
948 3184 1163 3231 affirmat.
1192 3187 1257 3234 Cf.
1295 3187 1528 3244 Panofka‚

232 3259 325 3302 Res
340 3258 537 3303 Samior.
560 3273 610 3317 p.
645 3272 720 3301 10.

300 3332 371 3374 Ex
386 3332 607 3390 Eugeone
620 3329 808 3375 fortasse
819 3328 1053 3376 fluxerunt
1068 3347 1169 3390 quae
1179 3333 1398 3392 leguntur
1408 3333 1534 3392 apud

237 3402 495 3450 Herodian.
527 3402 589 3448 Π.
616 3419 712 3463 μον.
733 3400 819 3456 λέξ.
837 3419 885 3463 p.
909 3419 953 3461 7,
972 3419 1005 3464 9
1031 3418 1042 3451 ε
1068 3400 1199 3450 Ἀλλὰ
1225 3402 1299 3450 καὶ
1324 3405 1349 3460 ἡ
1379 3402 1453 3450 νέα
1473 3406 1532 3461 νῆ

289 3507 340 3558 (*)
369 3507 562 3547 Simonidi
585 3508 821 3558 Amorgin0‚
839 3508 1145 3559 iambographo,
1162 3509 1353 3548 tribuitur
1373 3510 1530 3560 Σαμίων

238 3565 493 3618 ἀρχαιολογία
512 3565 678 3614 (suidas
695 3577 735 3604 v.
759 3566 923 3617 Σιμμίας
937 3565 1084 3612 Ῥόδιος
1104 3567 1174 3606 ubi
1188 3579 1227 3607 v.
1246 3568 1534 3619 interpretes);

238 3623 385 3674 quibus
399 3621 532 3662 verbis
546 3621 744 3662 indicatur
774 3635 947 3664 carmen
968 3624 1185 3675 elegiacum
1217 3637 1279 3666 res
1308 3627 1536 3666 Samiorum

238 3681 491 3730 describens,
513 3681 577 3719 cui
593 3691 617 3720 a
637 3682 916 3722 Grammaticis
931 3683 1203 3734 archaeologiae
1222 3695 1369 3724 nomen
1384 3696 1408 3724 a
1421 3695 1464 3725 re
1479 3687 1538 3726 in-

240 3739 369 3779 ditum
388 3740 469 3788 est,
486 3738 547 3778 1111
563 3741 671 3779 recte
687 3742 849 3780 censent
870 3741 1046 3780 Panoska
1074 3752 1135 3781 res
1152 3745 1259 3782 Sam.
1288 3754 1328 3793 p.
1356 3746 1403 3782 24
1424 3747 1536 3794 not.;

241 3796 445 3838 Welcker.
463 3792 655 3836 Simonid.
674 3800 834 3847 Amorg.
855 3798 1008 3849 Reliqq.
1028 3810 1067 3849 p.
1087 3803 1127 3848 7;
1154 3803 1304 3840 Osann.
1328 3801 1369 3840 in
1387 3802 1535 3843 Rhein.

243 3856 355 3895 Mus.
370 3856 525 3904 18431).
551 3859 640 3903 500,
658 3853 728 3893 ubi
744 3854 911 3894 conferri
926 3856 1042 3905 Jubet
1066 3858 1162 3898 Hal.
1181 3860 1281 3898 Lite
1301 3862 1536 3901 Zez'c.1823

244 3922 284 3962 p.
308 3915 422 3962 788.,
440 3911 705 3961 Zeitschsts.
729 3913 1106 3954 Allertlzumswiss.
1131 3920 1228 3956 1826
1248 3928 1287 3967 p.
1308 3922 1399 3958 366.

526 4033 841 4099 [ANNALES
876 4036 1260 4102 SAMlORUM.]

873 4118 913 4157 1.

299 4193 345 4231 ln
361 4193 480 4231 Samo
507 4191 609 4230 seras
632 4190 750 4230 fuisse
763 4191 948 4241 tradunt,
964 4191 1088 4230 tantae
1115 4193 1247 4242 vocis,
1266 4195 1311 4232 ut
1331 4194 1543 4234 clamando

252 4258 481 4309 rumperent
491 4257 658 4298 terram.
671 4256 978 4307 appellabantur
990 4256 1144 4307 Nemes,
1160 4259 1203 4297 ut
1218 4261 1377 4308 Eugeon
1391 4261 1539 4300 narrat.

1177 682 1400 768 εἏρχαῒοι
1419 679 1470 742 μὲ
1453 699 1497 725 ν
1576 677 1801 743 εἰρημένον
1839 679 1882 725 ἐν
1918 679 2101 740 Σαμίων
2135 677 2261 743 ὥροις
2287 679 2412 741 (vgo
2434 677 2593 743 ὅροις).
2620 699 2639 718 «

1572 841 1621 885 p.
1638 825 1718 886 39,
1739 825 1798 870 32
1821 841 1832 870 :
1851 822 1984 881 ε’Υλή
2006 825 2049 870 ἐν
2062 822 2243 886 Σαμίων
2259 821 2384 889 ὥροις
2401 826 2490 886 (vg.
2507 822 2649 888 ὅροις)·
2669 845 2687 865 «
2702 822 2793 872 Καὶ
2804 825 2878 872 οὗ·

1575 894 1676 943 δένα
1697 895 1935 954 κατέδησεν
1951 898 2036 942 τῶν
2048 899 2125 954 τῆς
2141 893 2245 954 ὕλης
2262 896 2512 959 μετασχεῖν.
2536 918 2556 938 ‘³
2579 899 2744 943 Priore
2763 899 2874 943 loco

1575 972 1811 1031 scripseris
1849 974 1926 1016 τοῦ
1969 966 2332 1032 Πῦθογειτνιῶνος
2344 1005 2358 1031 ,
2410 986 2557 1030 quum
2596 986 2670 1015 res
2687 972 2879 1015 „mensis

1576 1059 1752 1088 nomen
1793 1041 2002 1104 flagitare
2035 1043 2269 1088 videatur.
2305 1043 2508 1087 Aliunde
2537 1043 2597 1087 de
2634 1043 2880 1103 Pythogit-

1577 1116 1722 1162 nione
1745 1132 1844 1161 non
1860 1124 2064 1172 constat3
2097 1125 2223 1161 certe
2247 1131 2346 1159 non
2368 1116 2581 1160 meminit
2604 1114 2701 1173 ejus
2717 1115 2769 1161 C.
2795 1117 2876 1162 Fr.

1579 1192 1836 1234 Hermann.
1857 1192 1903 1232 in
1933 1187 2113 1235 Grieclz.
2137 1188 2496 1235 Monatskunde.
2516 1187 2882 1247 Componendus

1579 1262 1720 1306 fuerit
1748 1258 1856 1306 cum
1876 1261 2142 1306 Atticorum
2164 1261 2526 1320 Metagitnione‚
2557 1276 2697 1320 quem
2727 1260 2882 1321 Apol—

1579 1335 1662 1378 lini
1681 1350 1863 1379 sacrum
1885 1333 2021 1378 fuisse
2040 1333 2217 1377 indicat
2238 1333 2406 1378 suidas
2438 1349 2484 1380 v,
2509 1349 2545 1377 5.
2577 1349 2588 1377 z
2611 1333 2656 1378 ἐν
2678 1328 2724 1378 δὲ
2742 1328 2884 1396 τούτῳ
2965 1327 2987 1389 ἶ

1580 1404 1820 1453 Ἀπόλλωνι
1837 1402 2136 1470 Μεταγειτνίῳ
2153 1403 2316 1451 θύουσι.
2339 1405 2474 1450 Idem
2493 1407 2543 1449 in
2558 1407 2713 1451 Samio
2727 1420 2884 1450 mense

1581 1479 1733 1539 ipsum
1750 1493 1927 1523 nomen
1946 1493 2140 1539 arguere
2153 1477 2358 1522 videtur.
2385 1478 2523 1522 Sacra
2539 1478 2624 1523 ista
2638 1478 2886 1539 Apollinea

1582 1553 1618 1595 si
1643 1553 1938 1612 1Ρ5ο111011515
1975 1552 2113 1595 initio
2143 1551 2522 1606 instituebantur,
2564 1551 2662 1595 haec
2693 1550 2886 1594 fortasse

1582 1625 1737 1669 verbis
1757 1624 1840 1670 τῶν
1858 1621 2174 1685 Πυθογειτνίων
2189 1623 2490 1684 intelligenda
2506 1633 2628 1679 sunt,
2647 1638 2734 1668 nec
2754 1622 2886 1683 quid-

1586 1713 1727 1759 quam
1749 1695 2052 1741 mutandumr

2213 1784 2262 1813 2.

1656 1863 1854 1908 Homeri
1887 1870 1934 1906 et
1969 1861 2164 1906 Hesiodi
2187 1862 2386 1907 Certam.
2421 1878 2472 1922 p.
2503 1862 2563 1915 34
2598 1863 2648 1906 in
2671 1862 2885 1925 Βιογραφ.

1592 1934 1934 1981 Westermanni
1955 1949 1967 1977 z
1991 1930 2249 1987 Ἑλλάνικος
2269 1931 2347 1995 μὲν
2367 1931 2452 1998 γὰρ
2476 1930 2551 1980 καὶ
2571 1931 2794 1990 Κλεάνθης
2815 1926 2888 1979 τὸν

1591 2004 1761 2070 πατέρα
1778 2006 1908 2052 αὐτοῦ
1938 2003 2110 2052 Μαίονα
2127 2004 2341 2068 λέγουσιν,
2369 2005 2571 2069 Εὔγαίων
2593 2004 2638 2052 δὲ
2662 2004 2852 2062 Μέλητα
2868 2041 2882 2064 ,

1594 2079 1850 2136 Καλλικλῆς
1875 2075 1920 2124 δὲ
1941 2076 2257 2142 Δμασαγόραν,
2281 2077 2548 2143 Δημόκριτος
2573 2076 2617 2125 δὲ
2635 2076 2890 2143 Τροιζήνιος

1594 2149 1805 2213 Δαήμονα
1828 2149 2031 2214 ἔμπορον.

1661 2221 1896 2286 Εὖγαίων]
1941 2224 2215 2269 Meinekius.
2255 2225 2389 2270 Anal.
2430 2226 2562 2272 Alex.
2609 2240 2661 2285 p.
2689 2224 2767 2270 61.
2803 2223 2892 2271 Εὑ-

1598 2295 1739 2359 μαίων
1757 2298 1919 2358 vulgo.

2223 2367 2268 2412 3.

1664 2460 1863 2507 Suidas:
1892 2459 2112 2512 Αἴσωπος.
2143 2459 2310 2522 Σάμιος
2329 2459 2358 2518 ἢ
2387 2460 2648 2526 Σαρδιανός·
2676 2459 2896 2524 Εὖγείτων

1601 2534 1645 2582 δὲ
1662 2532 2003 2599 Μεσημὸριανὸν
2024 2537 2170 2580 εἶπεν
2188 2532 2337 2593 ἄλλοι,
2363 2533 2564 2582 Κοτυαέα
2584 2532 2760 2598 Φρύγα.

1667 2606 1921 2671 Εὗγείτων]
1968 2608 2162 2670 Εὖγείων
2201 2624 2311 2654 cori
2313 2624 2387 2654 ex.
2440 2611 2610 2694 Cuper.
2648 2609 2760 2655 obs.
2808 2611 2897 2666 lv,

1602 2698 1652 2742 p.
2510 2679 2534 2727 ὸ

1604 2753 1683 2800 56.
1703 2780 1770 2788 -
1793 2750 2162 2816 Μεσημὸριανὸν]
2185 2751 2462 2816 μεσημὸριαν
2488 2754 2596 2798 cod.
2620 2756 2678 2799 A.
2705 2754 2902 2815 Μεσημ-

1605 2823 1776 2889 6ριανὸς
1793 2829 1849 2871 V.
1866 2828 1996 2871 E.D.
2018 2835 2064 2870 et
2077 2826 2187 2870 edd.
2215 2835 2321 2870 ante
2333 2827 2605 2870 Kiisterum.
2633 2827 2765 2871 Unus
2789 2827 2899 2871 cod.

1603 2899 1747 2944 Paris.
1771 2895 2112 2960 Μαρμαριανόν,
2130 2913 2220 2956 pro
2238 2913 2333 2956 quo
2352 2899 2723 2942 Hemsterhusius
2735 2902 2904 2959 reponi

1604 2967 2056 3033 νο11111Ἀρμοριανόν,
2067 2971 2238 3014 collato
2254 2969 2464 3015 Planude
2488 2971 2591 3014 init.
2603 2972 2695 3015 Vit.
2711 2972 2899 3032 AEsopi:

1604 3041 1668 3089 ΤΒ
1695 3039 1772 3103 μὲν
1793 3039 1910 3104 γένος
1934 3039 1977 3096 ἐξ
1997 3039 2195 3105 Ἀμορίου
2219 3043 2295 3098 τῆς
2315 3038 2515 3105 Φρυγίας
2539 3043 2703 3101 κατ’ἧγε
2723 3044 2802 3099 τῆς
2823 3061 2904 3102 με-

1606 3112 1746 3176 γάλης
1764 3112 2009 3171 ἐπίκλησιν.
2034 3142 2099 3149 -
2121 3116 2351 3160 Thracem
2378 3124 2514 3176 gente
2537 3113 2759 3175 AEsopum
2777 3132 2904 3176 prae-

1607 3197 1679 3232 ter
1704 3190 1971 3249 Eugeonem
2003 3188 2113 3232 facit
2143 3189 2290 3232 schol.
2330 3188 2570 3247 Aristoph.
2603 3190 2692 3233 Av.
2735 3197 2823 3246 471
2861 3199 2908 3234 et

1608 3260 1878 3305 Heraclides
1890 3261 1938 3304 in
1952 3261 2215 3306 Samiorum
2231 3261 2332 3306 Pol.
2351 3275 2362 3307 :
2383 3250 2474 3307 ἿΙν
2500 3257 2544 3305 δὲ
2562 3256 2686 3324 Θρᾲξ
2698 3257 2748 3306 τὸ
2764 3257 2907 3322 γένος,

1608 3329 1883 3396 ἠλευθερώθη
1918 3329 1963 3378 δὲ
1998 3330 2082 3378 ὑπὸ
2114 3328 2311 3393 Ἴδμονος
2347 3333 2420 3378 τοῦ
2459 3334 2622 3396 κωφοῦ.
2651 3332 2717 3378 Cf.
2744 3330 2909 3376 Suidas

1610 3405 1641 3451 l.
1660 3405 1687 3449 l.
1716 3420 1726 3448 z
1751 3402 1939 3461 Οἷκέτην
1958 3402 2002 3450 δὲ
2022 3401 2245 3468 γενέσθαι(
2264 3401 2468 3452 Αἴσωπόν
2489 3402 2620 3469 φασι)
2640 3402 2811 3450 Ξάνθου
2833 3406 2909 3450 τοῦ

1612 3475 1777 3523 Λυδοῦ·
1797 3474 1978 3534 ἄλλοι,
2016 3474 2165 3540 ἀνδρός
2192 3494 2303 3528 τινος
2329 3474 2500 3537 Σαμίου
2526 3474 2769 3538 Ἰάδμονος,
2795 3473 2910 3522 οὔτι·

1611 3566 1678 3601 νος
1712 3546 1786 3594 καὶ
1810 3551 1837 3605 ἡ
1861 3546 2076 3601 Ῥοδῶπις
2105 3546 2237 3605 δούλη
2274 3540 2352 3605 ἦν·
2377 3547 2431 3605 ἣν
2455 3546 2630 3612 ἑταίραν
2672 3544 2908 3610 γενομένην

1612 3621 1826 3685 Θρᾷσσαν
1843 3619 1892 3667 τὸ
1904 3619 2050 3684 γένος,
2068 3618 2269 3686 Χάραξος
2292 3622 2316 3667 6
2341 3618 2521 3685 ἀδελφὸς
2546 3619 2755 3685 Σαπφοῦς
2778 3617 2910 3666 ἔλαὸε

1612 3698 1811 3756 γυναῖκα.
1835 3720 1900 3728 -
1921 3714 1940 3732 α
1965 3696 2079 3752 Quae
2102 3693 2318 3738 Grauerti
2359 3691 2374 3754 (
2396 3692 2670 3752 Bernhardy
2709 3691 2819 3756 ait)
2840 3694 2912 3737 De
2965 3748 2967 3750 Ι

1613 3764 1786 3825 AEsopo
1824 3781 1875 3825 p.
1903 3765 1962 3822 67
1988 3765 2075 3809 fuit
2095 3765 2259 3824 opinio
2275 3796 2289 3820 ,
2324 3760 2668 3826 Μεσημὸριανὸν
2689 3778 2795 3807 eum
2817 3777 2910 3806 esse

1615 3839 1695 3897 qui
1719 3853 1744 3882 e
1759 3847 1880 3882 terra
1902 3852 2062 3882 versus
2081 3837 2327 3882 meridiem
2346 3838 2430 3899 5113
2454 3837 2685 3896 originem
2705 3835 2910 3891 duxerit,

1615 3925 1717 3954 eam
1733 3909 1913 3954 dudum
1929 3943 1941 3967 ,
1967 3918 2086 3969 puto
2101 3943 2114 3965 ‚
2135 3917 2301 3953 auctor
2323 3909 2422 3968 ipse
2437 3908 2616 3966 rejecit.
2647 3927 2667 3948 υ

2163 4085 2165 4087 .
2237 4047 2281 4086 2.

1672 4118 1828 4164 Eugeon
1845 4114 1997 4164 patrem
2015 4113 2176 4153 Homeri
2197 4112 2293 4152 dicit
2309 4113 2509 4153 Meletem.

2242 4180 2284 4221 3.

1669 4251 1860 4299 AEsopum
1884 4251 2043 4299 Eugeon
2066 4246 2399 4289 Mesembrianum
2415 4246 2527 4287 dicit.

2664 678 2734 741 Τῇ
2757 678 2800 726 δὲ
2819 682 2871 743 νῇ
2928 696 2938 699 ’·
2962 648 2980 694 {⁵

1572 753 1658 798 τῶν
1694 749 2009 814 Πυθογειτνίων
2041 751 2096 813 (Ρ)
2137 769 2202 805 τις
2223 750 2295 798 τὸν
2328 749 2485 816 φυρτὸν
2510 749 2743 812 ἐλάμὸανε.
2773 772 2794 793 »
2818 755 2876 798 Et
2955 758 2983 821 ;-
