3016 4628
677 266 1739 422 STESIMBROTUS
1810 264 2454 380 THASIUS.

296 683 644 739 Stesimbrotus,
668 684 858 728 Periclis
874 692 919 727 et
936 682 1221 742 Thucydidis
1241 678 1429 741 aequalis
1443 681 1519 743 ζ’),

231 757 380 800 Thaso
423 756 675 812 oriundus,
706 757 953 800 maximam
983 757 1090 799 vitae
1120 765 1299 814 partem
1336 754 1529 798 Athenis

231 830 501 888 transegisse
516 829 720 884 videtur,
745 829 829 872 ubi
859 828 1076 872 mercede
1116 827 1277 889 doc-uit
1298 841 1355 870 ex
1391 839 1524 869 more

228 901 557 960 sophistarum.
596 902 785 946 Famam
809 901 898 944 viri
926 907 1150 958 testantur
1173 899 1366 942 nomina
1389 897 1530 941 disci-

233 974 478 1032 pulorum,
505 975 544 1017 N
550 974 709 1017 icerati
735 972 1071 1031 Xenophontei
1092 969 1172 1031 (⁸)
1195 980 1240 1014 et
1262 969 1528 1014 Antimachi

235 1043 360 1107 (***)‚
371 1055 524 1106 poetae
540 1046 807 1100 doctissimi,
825 1061 962 1104 quem
976 1046 1095 1088 inter
1108 1044 1195 1087 alia
1207 1043 1349 1088 etiam
1366 1042 1530 1087 carmi-

232 1136 348 1164 num
367 1120 729 1166 Homericorum
754 1119 1007 1163 editionem
1032 1132 1210 1163 curasse
1225 1124 1270 1160 et
1294 1115 1352 1160 de
1380 1115 1532 1175 patria

238 1206 503 1252 genereque
522 1192 718 1235 Homeri
738 1190 997 1234 disseruisse
1017 1190 1201 1232 scimus.
1220 1190 1279 1231 In
1291 1188 1364 1231 his
1376 1202 1532 1231 exem-

233 1265 367 1324 plum
379 1273 561 1308 secutus
585 1273 650 1308 est
673 1264 987 1322 Stesimbroti,
1003 1263 1085 1320 qui
1107 1270 1213 1321 post
1236 1262 1530 1321 Theagenem

235 1337 414 1395 primus
435 1337 631 1395 ponitur
669 1351 860 1392 eorum,
887 1350 1004 1394 quos
1033 1335 1249 1377 Tatianus
1277 1331 1387 1394 (Or.
1424 1331 1530 1377 adV.

235 1409 386 1460 Gne.
427 1407 515 1464 483
556 1425 601 1452 v,
642 1424 747 1469 pag.
783 1406 864 1468 12)
909 1407 967 1451 de
994 1407 1190 1451 Homeri
1213 1403 1529 1465 temporibus,

236 1496 423 1542 genere,
448 1482 578 1540 poesi
599 1482 738 1540 egisse
757 1481 884 1524 dicit.
903 1481 1064 1539 Operae
1093 1494 1199 1538 pars
1218 1480 1358 1538 longe
1383 1475 1533 1534 major

237 1554 286 1596 in
305 1568 361 1597 eo
384 1554 533 1612 posita
549 1562 669 1608 erat,
691 1561 745 1596 ut
772 1552 938 1596 fabulae
959 1561 1004 1596 et
1026 1550 1364 1595 reconditiores
1381 1558 1535 1609 poetae

206 1616 210 1620 ⁴
236 1627 471 1671 sententiae
486 1625 690 1688 ἀλληγορι
699 1625 782 1677 κῶς
795 1635 839 1670 et
852 1624 1164 1688 πραγματικῶς
1174 1625 1534 1684 explicarentur.

238 1698 295 1742 Id
316 1708 414 1742 tum
438 1699 647 1757 reliquiae
686 1697 770 1758 (fr.
815 1697 903 1758 19)
932 1697 1261 1757 comprobant,
1298 1705 1396 1740 tum
1422 1695 1532 1739 vero

239 1773 442 1816 innuunt
459 1772 549 1814 loci
573 1772 779 1815 Platonis
803 1769 936 1832 (**'⁴‘*)
962 1770 1348 1830 etXenophontis
1367 1767 1530 1828 (Conv,

241 1845 336 1897 III,
359 1843 442 1902 6),
468 1843 552 1886 ubi
587 1844 917 1888 Stesimbrotus
947 1859 1055 1887 cum
1078 1843 1254 1888 Glauco
1281 1850 1325 1886 et
1355 1841 1531 1888 Anaxi-

238 1915 440 1959 mandro
466 1916 766 1975 componitur
796 1915 874 1975 (v.
901 1915 1049 1960 Wolf.
1078 1915 1292 1974 Prolegg.
1313 1929 1363 1973 p.
1397 1913 1483 1957 161
1501 1912 1532 1973 ).

238 1987 429 2037 Addere
444 1989 590 2047 possis
608 1990 928 2048 Protagoram,
942 1989 1163 2047 Hippiam
1175 2021 1187 2043 ,
1208 1986 1536 2031 Metrodorum

242 2069 287 2104 et
310 2069 456 2104 totam
477 2060 575 2104 fere
599 2077 702 2119 quae
730 2070 830 2104 tum
862 2061 1093 2120 pullulare
1117 2061 1309 2103 Athenis
1333 2066 1537 2120 coeperat

241 2133 427 2177 turbam
445 2134 766 2192 sophistarum.
788 2135 972 2177 Horum
983 2133 1204 2192 permulti
1223 2147 1276 2176 ea
1298 2133 1373 2176 via
1389 2133 1537 2175 inces-

242 2207 407 2260 serint,
436 2220 575 2264 quam
601 2205 659 2249 de
684 2206 833 2249 ethica
857 2206 1116 2249 carminum
1137 2206 1279 2248 Hom.
1307 2205 1537 2263 interpre-

241 2279 415 2322 tatione
465 2286 801 2322 monstraverat
850 2280 1147 2337 Anaxagoras
1191 2276 1264 2337 (v.
1326 2277 1534 2322 Lobeck.

244 2350 475 2410 Aglaoph.
498 2365 547 2408 p.
580 2347 687 2406 1573
714 2350 890 2393 Nitsch.
923 2351 1040 2394 Hist.
1069 2351 1208 2393 Hom.
1243 2351 1308 2405 II,
1341 2365 1389 2408 p.
1419 2347 1534 2410 86).

242 2422 339 2466 Sed
365 2423 575 2480 quamvis
599 2422 739 2474 etiam
763 2422 1091 2466 Stesimbrotus
1113 2421 1293 2465 ethicas
1322 2438 1357 2468 s.
1385 2413 1539 2465 mora-

246 2495 528 2538 Ie3·*maxime
546 2495 789 2554 allegorias
809 2496 858 2537 in
882 2496 1091 2539 Homero
1118 2495 1338 2554 reperisse
1363 2494 1450 2538 sibi
1469 2495 1540 2537 vi-

243 2567 423 2622 deatur,
439 2575 592 2612 tamen
604 2579 718 2610 num
732 2568 782 2610 in
791 2568 862 2610 his
878 2569 1164 2627 Anaxagorae
1178 2601 1189 2623 ,
1202 2568 1389 2611 Periclis
1405 2567 1540 2611 fami-

247 2640 375 2694 liari,
401 2654 447 2683 se
468 2639 725 2695 addixerit,
755 2641 1054 2684 vehementer
1078 2640 1262 2684 dubito.

317 2713 530 2756 Alterum
570 2727 688 2771 opus
729 2712 1058 2757 Stesimbrotus
1104 2714 1369 2774 composuit
1409 2709 1542 2774 Περὶ

246 2783 463 2828 τελετῶν
486 2785 579 2828 sive
599 2786 672 2828 De
694 2789 947 2840 mysteriis,
972 2800 1073 2843 quae
1102 2786 1214 2829 item
1238 2786 1384 2829 latum
1416 2801 1542 2829 cam—

250 2873 361 2916 pum
399 2858 673 2917 praebebant
707 2858 1082 2917 interpretationi
1111 2858 1377 2917 symbolicae
1414 2857 1542 2919 (Lo-

303 3003 358 3052 (*)
387 3003 482 3053 Περὶ
504 3002 569 3041 τὸν
591 3002 706 3040 αὐτὸν
744 3002 841 3052 ὁμοῦ
872 3015 908 3040 τι
943 3001 1080 3053 χρόνον
1111 3007 1168 3053 τῷ
1202 3002 1355 3053 Κίμωνι
1375 3004 1542 3052 γεγονὼς

249 3059 314 3108 (fr.
333 3062 357 3098 4
374 3069 426 3097 ex
443 3058 646 3098 Plutarch.
665 3057 767 3098 Cim.
801 3069 838 3097 c.
857 3059 896 3107 4)
911 3072 922 3108 ;
945 3061 1087 3099 Cimon
1102 3060 1272 3101 moritur
1287 3071 1325 3100 a.
1342 3063 1417 3100 449
1434 3072 1471 3100 a.
1493 3064 1540 3101 C.

249 3141 300 3150 —
316 3117 428 3156 Κατὰ
440 3117 527 3168 τοὺς
551 3116 689 3160 αὐτοὺς
709 3117 815 3168 αὐτῷ
834 3116 1060 3167 (Περικλεῖ)
1079 3118 1239 3169 χρόνους
1256 3118 1451 3169 γινόμενος
1469 3118 1542 3168 (fr.

253 3180 300 3214 10
316 3185 362 3217 ex
383 3174 527 3213 Athen.
545 3176 637 3212 X111
650 3203 660 3222 ,
678 3184 717 3223 p.
740 3177 830 3224 589,
851 3173 924 3223 D).
943 3199 994 3207 —
1008 3175 1173 3214 Librum
1188 3176 1238 3215 de
1254 3177 1520 3216 Themistocle
1532 3206 1543 3226 ,

252 3231 483 3281 Thucydide
506 3233 546 3270 et
569 3232 719 3271 Pericle
749 3233 994 3282 composuit.
1010 3235 1099 3283 post
1131 3244 1167 3272 a.
1202 3237 1300 3285 430,
1333 3246 1415 3284 quo
1442 3235 1546 3274 filius

253 3291 415 3331 Periclis
448 3290 698 3341 Xanthippus
726 3292 836 3340 peste
869 3291 1060 3342 abreptus
1092 3294 1165 3331 est.
1197 3293 1298 3333 Vide
1322 3293 1370 3332 fr.
1399 3298 1460 3332 11.
1493 3319 1545 3327 -

249 3350 383 3390 Alium
404 3350 709 3389 Stesimbrotum
722 3380 732 3399 ,
756 3350 1041 3400 Epaminondae
1061 3352 1108 3401 s.‚
1125 3354 1323 3392 memorat
1339 3353 1543 3393 Plutarch.

252 3412 340 3448 Par.
363 3407 458 3448 Min.
483 3418 519 3447 c.
546 3413 606 3447 12.

308 3466 380 3514 (**)
411 3465 630 3515 Xenophon
662 3467 796 3515 Symp.
818 3467 899 3514 ΙΙΙ,
922 3472 945 3506 6
972 3479 980 3505 :
1010 3469 1228 3518 Postquam
1255 3468 1305 3508 de
1327 3468 1543 3519 rhapsodo-

252 3534 343 3562 runi
361 3522 584 3572 insipientia
594 3522 751 3562 locutus
766 3524 850 3562 erat
864 3526 1061 3575 Socrates,
1078 3537 1159 3565 non
1175 3526 1327 3576 absque
1343 3528 1468 3567 ironia
1483 3529 1546 3567 Ni·

253 3583 388 3621 cerato
407 3580 504 3619 dicit
534 3582 613 3620 ιΣὺ
633 3581 673 3620 δὲ
702 3582 979 3634 Στησιμὸρότῳ
1008 3598 1048 3622 τε
1076 3586 1143 3623 καὶ
1176 3585 1452 3638 Ἀναξιμάνδρῳ
1480 3589 1546 3627 καὶ

254 3639 381 3683 ἄλλοις
400 3639 551 3682 πολλοῖς
578 3639 676 3677 πολὺ
701 3639 870 3684 δέδωκας
897 3641 1097 3692 ἀργύριον,
1128 3643 1230 3682 ὥστε
1257 3645 1367 3683 οὐδὲν
1395 3645 1439 3684 σὲ
1470 3650 1547 3694 τῷν

254 3697 398 3735 πολλοῦ
418 3695 534 3740 ἀξίων
551 3697 693 3742 λέληθε.

310 3754 403 3803 (***)
432 3753 572 3792 Suidas
599 3764 635 3792 v.
666 3753 906 3804 Ἀντίμαχος.
944 3756 1019 3795 Cui
1054 3767 1126 3796 cur
1151 3758 1272 3798 fidem
1296 3760 1550 3812 denegaverit

256 3811 549 3861 Schellenberg.
583 3811 633 3850 ad
653 3812 879 3851 Antimach.
910 3824 950 3863 p.
978 3817 1045 3864 18,
1063 3825 1225 3855 causam
1256 3817 1439 3858 idoneam
1468 3832 1548 3861 non

250 3869 388 3909 video.

311 3928 425 3978 (****)
456 3928 609 3967 Platon.
648 3930 729 3967 lon.
752 3940 792 3978 p.
821 3931 910 3978 550,
942 3932 988 3968 D.
1023 3932 1095 3969 Ion
1125 3931 1176 3970 ad
1202 3934 1405 3974 Socratem
1423 3936 1547 3977 dicit:

260 3986 381 4036 Οἶμαι
399 3985 569 4025 κάλλιστ’
587 3986 796 4037 ἀνθρώπων
820 3987 940 4035 λέγειν
958 3990 1041 4038 περὶ
1057 3990 1230 4041 Ὁμήρου
1244 4021 1254 4040 ,
1282 3994 1334 4037 ὼς
1359 3995 1446 4032 οὔτε
1471 3998 1548 4042 Μη-

254 4044 446 4094 τρόδωρος
481 4045 501 4082 ὁ
532 4045 798 4094 Λαμψακηνὸς
838 4045 927 4083 οὔτε
964 4047 1327 4098 Στησίμὸροτος
1359 4052 1380 4089 ὁ
1408 4052 1551 4099 Θάσιος

262 4103 348 4141 οὔτε
366 4102 547 4141 Γλαύκων
564 4102 651 4140 οὔτε
669 4103 780 4147 ἄλλος
800 4102 921 4148 οὐδεὶς
934 4108 1011 4142 τῶν
1029 4105 1187 4144 πώποτε
1203 4109 1417 4157 γενομένων
1436 4110 1551 4161 ἔσχεν

260 4161 380 4253 ἒίπεῖν
398 4160 500 4199 οὕτω
524 4159 665 4205 πολλὰς
689 4161 754 4198 καὶ
779 4161 899 4206 καλὰς
919 4161 1089 4208 διανοίας
1122 4166 1205 4214 περὶ
1230 4164 1428 4217 ’()μήρου,
1455 4169 1550 4214 ὅσας

1611 681 1747 725 beck.
1759 682 1863 741 Agl.
1877 697 1926 741 p.
1943 697 1960 725 1
1973 681 2031 726 50
2044 682 2181 743 sqq.).
2193 685 2294 742 Qua
2305 684 2548 742 quomodo
2562 699 2667 728 usus
2678 685 2734 729 sit
2743 678 2956 771 auctos}
2994 671 3005 756 Ξ

1611 769 1709 797 11011
1732 763 1924 798 constat.
1941 781 2007 788 -
2025 756 2299 800 Laudantur
2319 757 2523 816 denique
2546 758 2773 803 nonnulla
2795 759 2919 805 item·
2953 771 2955 785 ³

1612 828 1872 886 argumenti
1891 828 2196 888 mythologici
2217 829 2303 891 (fr.
2334 825 2521 890 16—18),
2542 844 2645 888 quae
2667 838 2830 875 utrum
2850 838 2917 882 ex*
2950 868 2956 887 2
2995 814 3003 878 Ξ

1610 899 1791 958 scriptis
1812 900 2048 944 recensitis
2070 897 2290 944 fluxerint
2303 935 2316 957 ,
2342 902 2416 946 vel
2429 901 2489 946 ad
2506 903 2594 946 alia
2612 902 2761 947 hodie
2774 899 2929 964 igno-'⁶
2943 891 2959 958 ..ss

1611 979 1709 1014 rata
1732 971 2020 1031 pertineant,
2057 972 2287 1017 incertum
2312 983 2393 1018 est.
2425 1006 2488 1014 -.
2531 975 2635 1019 Jam
2671 975 2709 1018 si
2743 975 2794 1018 in
2835 975 2909 1022 his
2931 974 2956 1027 ,’

1611 1044 1811 1088 maxime
1832 1043 1995 1088 studiis
2013 1042 2345 1090 Stesimbrotus
2355 1055 2560 1090 versatus
2575 1062 2668 1091 esse
2694 1047 2744 1091 in
2759 1047 2909 1107 iisque

1612 1115 1970 1174 quasihabitasse
1988 1116 2193 1173 videtur,
2216 1133 2315 1161 non
2336 1126 2488 1180 totum
2509 1127 2663 1163 tamen
2679 1134 2726 1163 se
2742 1119 2799 1163 iis
2820 1119 2908 1165 de·-
2929 1170 2936 1184 .
2962 1163 2963 1166 ,
2998 1122 3003 1137 ’

1613 1187 1763 1244 didit3
1783 1203 1892 1232 nam
1911 1198 2082 1247 praeter
2106 1189 2284 1236 fabulas
2303 1191 2442 1235 etiam
2465 1191 2536 1235 sui
2562 1192 2647 1235 aevi
2667 1191 2930 1238 historiam>
2961 1175 2963 1207 5

1612 1262 1853 1319 tractavit,
1881 1276 1937 1305 eo
1962 1270 2118 1305 tamen
2149 1262 2236 1306 sibi
2259 1263 2441 1318 similis,
2469 1263 2603 1322 quod.
2622 1264 2694 1308 uti
2723 1265 2911 1324 mythos
2959 1304 2961 1318 γ
3002 1303 3006 1314 ,

1613 1333 1992 1393 interpretando,
2021 1334 2085 1377 sic
2114 1334 2357 1379 historiam
2377 1334 2688 1380 deformando
2713 1334 2772 1380 ad
2803 1340 2945 1385 usus‘
3003 1389 3008 1406 Ι

1612 1420 1718 1449 suos
1737 1415 1783 1449 et
1808 1406 2000 1450 consilia
2018 1405 2459 1451 accommodaverit.
2904 1453 2906 1457 ,
2949 1397 2962 1413 ’

1679 1479 1862 1522 Etenim
1886 1479 2066 1538 scripsit
2083 1476 2417 1523 Stesimbrotus
2454 1481 2629 1524 librum
2658 1478 2797 1543 Περὶ
2813 1481 2912 1528 Oe·
3003 1482 3007 1516 ³,

1615 1547 1981 1611 μιστοκλέους
2043 1548 2132 1596 καὶ
2173 1549 2528 1598 -Θουκυδίδου
2581 1550 2676 1598 καὶ
2737 1548 2947 1616 Hspzz'

1613 1619 1829 1680 κλέους,
1855 1631 2050 1668 testante
2088 1624 2313 1668 Athenaeo
2346 1626 2490 1681 XIII,
2533 1641 2580 1685 p.
2608 1624 2719 1686 589,
2752 1629 2795 1676 D
2821 1625 2910 1685 (fr.
2937 1644 2945 1654 ¹

1619 1695 1724 1757 10).
1748 1698 1860 1754 Quae
1878 1704 2106 1756 praeterea
2130 1696 2188 1740 de
2207 1697 2300 1741 hoc
2326 1713 2469 1757 opere
2489 1707 2728 1758 comperta
2759 1699 2910 1744 hahe-
2943 1688 2945 1690 -

1610 1785 1737 1825 mus,
1762 1771 1919 1814 omnia
1939 1770 2023 1813 uni
2042 1769 2275 1813 debentur
2294 1771 2567 1828 Plutarcho,
2597 1773 2679 1831 qui
2695 1773 2934 1822 Periclea-.-

1613 1842 1756 1886 aetatis
1798 1842 2077 1901 scriptorem
2113 1857 2211 1885 non
2247 1842 2582 1902 negligendum
2620 1843 2778 1900 duxit,
2827 1844 2911 1888 etsi
2948 1844 2950 1846 ’

1613 1914 1732 1958 bene
1782 1914 1901 1958 vidit
1926 1929 2025 1957 non
2046 1913 2272 1972 majorem
2303 1913 2400 1971 ejus
2447 1930 2586 1973 quam
2617 1917 2911 1961 comicorum

1613 1987 1821 2045 ejusdem
1839 1988 2062 2055 temporis
2076 1996 2322 2051 poetarum
2343 1998 2436 2032 esse
2456 1990 2795 2036 auctoritatem.
2819 1980 2911 2036 'Xoe-
2944 2035 2953 2051 s.

1613 2058 1743 2105 λεπὸν
1759 2058 1834 2105 καὶ
1851 2056 2118 2122 δυσθήρατον
2137 2058 2305 2123 ἱστορίᾳ
2345 2059 2528 2116 τάληθὲς
2542 2097 2554 2116 ,
2579 2061 2749 2110 ὅταν.,.·
2774 2065 2801 2118 ἡ
2824 2065 2910 2110 τῶν

1614 2123 1808 2188 πράξεων
1828 2123 1902 2171 καὶ
1935 2126 2018 2170 τῶν
2043 2122 2147 2187 βίων
2171 2124 2390 2180 ἡλικιῶτις
2409 2124 2580 2190 ἱστορία
2603 2124 2658 2171 τὰ
2692 2124 2769 2190 μὲν
2800 2127 2916 2192 <poda

1614 2214 1699 2249 νοις
1714 2195 1788 2243 καὶ
1806 2194 2096 2258 δυσμενείαις,
2115 2194 2228 2243 τὰδὲ
2247 2197 2509 2262 χαριζομένη
2523 2199 2596 2244 καὶ
2613 2191 2923 2248 κολακεύουσα
2946 2253 2956 2265 ‚

1614 2267 1878 2330 λυμαίνηται
1903 2267 1976 2314 καὶ
2000 2267 2233 2333 διαστρέφῃ
2258 2268 2336 2326 τὴν
2366 2268 2584 2326 ἀλήθειαν.
2610 2272 2682 2318 Ita
2723 2275 2910 2320 Plutar-
2942 2266 2971 2323 ςΪ

1616 2343 1728 2386 chus
1754 2340 1884 2403 (Per.
1921 2357 1962 2385 c.
1993 2340 2077 2403 13)
2105 2343 2309 2387 comicos
2332 2351 2379 2387 et
2412 2344 2770 2389 Stesimbrotum
2793 2361 2908 2406 per-
2942 2336 2964 2391 »εἷ

1614 2415 1844 2474 stringens
1855 2448 1866 2469 ,
1887 2415 1969 2472 qui
1986 2414 2045 2458 de
2061 2414 2249 2458 Periclis
2265 2413 2468 2478 ἀσελγείᾳ
2481 2417 2698 2462 immania
2715 2419 2909 2464 menda-
2948 2431 2962 2459 'd

1618 2487 1686 2530 cia
1707 2496 1985 2546 sparserant.
2009 2487 2076 2531 Ac
2098 2487 2428 2531 Stesimbrotus
2445 2488 2636 2547 quidem
2658 2489 2912 2536 nefandum

1617 2575 1725 2603 cum
1758 2575 1908 2603 uxore
1933 2557 2018 2603 filii
2046 2560 2380 2603 commercium
2406 2561 2449 2604 ei
2475 2559 2832 2624 affinxerat‚(fr.
2860 2550 2908 2624 9,
2958 2560 2977 2626 ᾗ

1623 2631 1725 2693 10).
1747 2632 1963 2676 Eundem
1986 2633 2213 2676 Periclem
2231 2633 2324 2676 alio
2349 2633 2457 2690 loco
2483 2633 2564 2694 (fr.
2597 2651 2615 2679 1
2630 2651 2649 2679 1
2668 2634 2682 2697 )
2707 2651 2796 2696 per
2815 2636 2918 2683 dies
2956 2622 2964 2650 ἶ

1616 2706 1823 2764 integros
1861 2704 1920 2748 de
1944 2705 2130 2763 ineptiis
2161 2719 2268 2748 cum
2307 2706 2566 2766 Protagora
2599 2706 2913 2768 disputantem

1616 2776 1890 2820 introducit.
1918 2776 2058 2820 Haud
2073 2776 2289 2820 meliores
2303 2792 2456 2822 mores
2471 2778 2637 2822 tribuit
2655 2780 2912 2825 Themisto-

1617 2849 1700 2905 cli,
1730 2847 1857 2905 cujus
1888 2848 2133 2892 historiam
2163 2849 2284 2892 miro
2325 2859 2592 2894 commento
2629 2850 2912 2897 adulteravit

1620 2918 1702 2980 (fr.
1735 2916 1832 2981 12).
1851 2920 2028 2964 Contra
2065 2920 2310 2965 Cimonem
2334 2929 2557 2980 tanquam
2579 2923 2743 2982 priscae
2765 2925 2913 2969 virtu-

1618 2992 1675 3036 tis
1697 2992 1963 3050 exemplum
1986 3001 2334 3050 repraesentasse
2354 2993 2559 3039 videtur.
2586 2995 2770 3040 Absunt
2785 3011 2811 3040 a
2830 2997 2910 3042 (li--

1618 3059 1758 3108 mone
1779 3060 2002 3124 στωμυλία
2036 3065 2120 3108 ista
2141 3073 2186 3110 et
2205 3062 2418 3122 δεινότης,
2446 3082 2559 3125 quas
2584 3067 2728 3125 jactat
2749 3069 2916 3130 vulgus

1617 3138 1967 3182 Atheniensium
1978 3171 1990 3192 ‚
2016 3153 2116 3181 non
2135 3128 2271 3182 callet
2285 3139 2509 3183 musicam
2525 3149 2571 3184 et
2589 3155 2691 3199 quae
2708 3140 2914 3199 ejusdem

1618 3210 1803 3270 generis
1822 3217 1942 3253 artes
1965 3218 2097 3264 sunt3
2124 3207 2204 3254 sed
2227 3211 2300 3253 vir
2324 3219 2391 3255 est
2413 3211 2604 3271 γενναῖος
2627 3209 2703 3258 καὶ
2723 3208 2914 3271 ἀληθὴς,

1618 3284 1952 3341 Spartanorum
1976 3282 2317 3341 simplicitatem
2347 3298 2446 3342 prae
2474 3298 2521 3328 se
2545 3283 2700 3329 ferens
2719 3285 2913 3346 aliisque

1619 3354 1977 3408 commendans,
2008 3353 2212 3414 denique
2248 3364 2429 3399 tantum
2465 3372 2566 3401 non
2597 3357 2823 3416 Hercules
2842 3349 2913 3403 ’τὰ

1620 3424 1788 3488 μέγιστ’
1816 3423 1972 3487 ἀγαθός
2008 3425 2098 3487 (fr.
2133 3426 2208 3488 3).
2240 3429 2374 3473 Patet
2400 3429 2644 3475 Cimonem
2671 3430 2798 3489 justo
2826 3446 2913 3476 ru-

1620 3500 1803 3544 diorem
1825 3498 1963 3559 fingi,
1999 3508 2054 3543 ut
2092 3501 2220 3543 omni
2250 3501 2397 3545 modo
2431 3511 2703 3565 opponatur
2725 3503 2921 3553 Pericli.

1620 3573 1839 3617 Similiter
1876 3571 2193 3616 efformaver-it
2225 3569 2576 3633 Thucydidem,
2611 3575 2809 3619 Melesiae
2847 3574 2911 3632 f.‚
2953 3631 2955 3634 Α

1620 3644 1824 3688 Cimonis
1846 3637 2048 3699 affinem,
2069 3644 2351 3702 perpetuum
2367 3646 2556 3690 Periclis
2578 3646 2911 3701 adversarium,

1621 3725 1936 3760 accusatorem
1958 3717 2247 3778 Anaxagora:
2273 3715 2433 3778 (Diog.
2466 3719 2520 3764 L.
2546 3719 2620 3772 ΙΙ,
2647 3716 2733 3779 39)
2751 3752 2763 3772 ,
2786 3733 2913 3777 prae—

1621 3789 1946 3832 stantissimum
1969 3787 2182 3831 factionis
2205 3788 2529 3834 aristocraticae
2549 3790 2910 3835 instrumentum
2951 3798 2956 3800 ’

1626 3865 1697 3916 (v.
1718 3860 1931 3906 Sintenis.
1956 3859 2017 3903 ad
2040 3859 2162 3903 Plut.
2186 3860 2288 3904 Per.
2307 3875 2349 3905 c.
2383 3877 2400 3904 1
2416 3877 2434 3905 1
2453 3895 2465 3917 ,
2487 3877 2533 3921 p.
2554 3877 2640 3919 117
2663 3878 2733 3921 sq.
2748 3862 2782 3923 ).
2805 3865 2937 3918 Pro-2

1624 3931 1699 3975 cul
1720 3931 1865 3974 dubio
1889 3930 2356 3996 Stesimbrotusuunus
2373 3931 2460 3976 fuit
2481 3948 2644 3977 eorum
2659 3967 2671 3989 ‚
2694 3935 2775 3993 qui
2789 3926 2927 3997 opti-ff
2942 3967 2951 3978 .,

1623 4003 1816 4045 matium
1854 4002 2065 4060 partibus
2097 4002 2275 4046 addicti
2299 4004 2618 4050 Themistoclis
2640 4014 2686 4050 et
2726 4006 2946 4064 Periclisij

1625 4074 1840 4118 institutis
1868 4073 2160 4133 disciplinam
2192 4075 2434 4134 publicam
2459 4085 2728 4137 corruptam
2751 4086 2797 4122 et
2827 4091 2922 4122 au··
2939 4083 2954 4131 j

1628 4147 1801 4204 tiquam
1826 4161 2013 4191 morum
2051 4148 2363 4192 austeritatem
2400 4148 2450 4192 in
2488 4149 2711 4194 effrenem
2747 4149 2918 4209 populi
2950 4182 2961 4204 a

1626 4218 1856 4262 licentiam
1870 4217 2135 4281 dissolu-tam
2150 4252 2163 4275 ,
2186 4219 2506 4279 Thucydidem
2530 4221 2748 4281 denique,
2763 4222 2908 4265 virum
2939 4231 2960 4282 s-
