3016 4628
27 466 39 480 ν
91 439 257 506 σφοδρά
280 457 341 493 τις
362 438 527 501 ἐγένετο
547 437 622 486 καὶ
647 436 830 500 ἄκρατος
855 439 882 493 ἡ
918 436 1140 501 φιλοτιμία
1171 437 1301 482 αὐτοῦ
1326 455 1371 482 τε

38 499 50 510 ἵ
93 515 184 560 ἐκεῖ
203 510 411 576 διέτριὸον
433 512 528 572 μετ’
551 509 768 566 ἀλλήλων.
791 508 1021 572 Προϊόντος
1039 505 1084 554 δὲ
1104 511 1178 553 τοῦ
1201 507 1372 571 χρόνου,

41 590 51 600 ”
92 588 166 632 τοῦ
192 582 392 636 Κύλωνος
417 581 492 630 καὶ
517 584 600 628 τῶν
628 582 721 644 μετ’
753 580 914 627 ἐκείνου
952 578 1244 642 τεταγμένων,
1263 578 1373 626 ὥστε

8 703 9 706 ,
86 655 294 704 ’διατεῖναι
321 653 450 718 μέχρι
473 652 841 700 τῶντελευταίων
871 651 1192 714 Πυθαγορείων.
1216 650 1271 699 ‘O
1295 649 1373 712 μὲν

88 718 160 775 οὖν
187 726 444 790 Πυθαγόρας
475 724 544 771 διὰ
571 724 734 782 ταύτην
762 723 839 780 τὴν
861 723 1001 770 αἰτίαν
1031 725 1218 780 ἀπῆλθεν
1243 726 1301 777 εἷς
1324 722 1372 769 τὸ

16 810 37 830 '³
91 796 406 855 Μεταπόντιον,
427 798 555 844 κάκεῖ
571 796 741 860 λέγεται
765 794 1062 860 καταστρέψαι
1085 794 1155 841 τὸν
1185 795 1290 858 βίον.
1314 797 1372 844 Οἱ

88 869 135 917 δὲ
158 867 642 931 Κυλώνειοιλεγόμενοι
667 867 878 915 διετέλουν
909 867 1011 931 πρὸς
1044 865 1141 920 τοὺς
1169 869 1367 929 ῙΙυθαγο·

31 942 220 1008 ,ρείους
250 941 547 996 στασιάζοντες
579 939 654 988 καὶ
688 948 832 987 πᾶσαν
871 937 1178 999 ἐνδεικνύμενοι
1212 937 1372 1001 δυσμέ-

85 1033 224 1063 νειαν·
253 1014 348 1062 ἀλλ’
370 1012 486 1074 ὅμως
509 1012 737 1079 ἐπεκράτει
768 1012 896 1075 μέχρι
919 1010 1030 1065 τινὸς
1049 1013 1077 1069 ἡ
1101 1013 1187 1058 τῶν
1221 1012 1372 1057 Πυθα-

84 1086 260 1152 γορείων
285 1084 603 1148 καλοκαγαθία,
627 1084 701 1132 καὶ
721 1088 748 1142 ἡ
770 1087 852 1131 τῶν
861 1079 1043 1128 πλεόνων
1058 1085 1197 1131 αὐτῶν
1221 1082 1371 1146 βούλη-

83 1157 308 1216 σις,“ὥστε
343 1157 414 1205 ὑπ’
444 1156 613 1204 ἐκείνων
653 1157 967 1218 οἰκονομεῖσθαι
1007 1154 1236 1219 βούλεσθαι
1270 1155 1369 1221 περὶ

40 1255 45 1260 ·
86 1229 162 1284 τὰς
185 1229 430 1287 πολιτείας,
449 1227 569 1284 τέλος
590 1229 634 1276 δὲ
661 1231 719 1282 εἷς
745 1233 945 1276 τοσοῦτον
962 1225 1248 1274 ἐπεὸούλευσε
1280 1230 1368 1283 τοῖς

84 1303 305 1367 ἆνδράσιν,
347 1301 459 1349 ὥστε
496 1303 539 1350 ἐν
579 1305 631 1363 τῆ
678 1300 877 1354 Μίλωνος
925 1300 1039 1366 οἰκία
1089 1301 1131 1346 ἐν
1178 1299 1370 1364 Κρότωνι

13 1335 47 1472 ἐ
86 1373 421 1437 συνεδρευόντων
465 1377 551 1420 τῶν
589 1373 911 1438 Πυθαγορείων,
942 1372 1018 1420 καὶ
1049 1370 1370 1437 βουλευομένων

0 1453 2 1502 l
81 1443 182 1509 περὶ
200 1447 447 1507 πολεμικῶν
467 1446 719 1508 (πολιτικῶν
737 1446 861 1505 conj.
881 1447 1062 1506 Mahn.)
1083 1445 1368 1509 πραγμάτων,

0 1472 41 1558 ἕξ(
85 1516 327 1582 ὓφάψαντες
361 1517 440 1575 τὴν
470 1516 609 1564 οἰκίαν
640 1516 914 1564 κατέκαυσαν
941 1515 1037 1569 τοὺς
1075 1515 1230 1580 ἄνδρας
1255 1518 1369 1575 πλὴν

0 1554 37 1643 Φ
81 1589 214 1646 δυοῖν,
235 1588 472 1653 Ἀρχίππου
490 1607 537 1636 τε
556 1587 630 1635 καὶ
652 1588 852 1642 Λύσιδος·
873 1581 988 1634 οὗτοι
1010 1589 1093 1652 γὰρ
1115 1587 1370 1637 τελεώτατοι

18 1691 31 1732 4
85 1659 321 1722 (νεώτατοι
347 1662 532 1723 Bentl.)
555 1660 672 1715 ὄντες
701 1660 775 1707 καὶ
800 1659 1133 1725 εὖρωστότατοι,
1159 1660 1367 1715 διεξεπαί·

0 1721 46 1806 '5²4-
79 1749 212 1779 σαντο
234 1731 314 1788 ἔξω
329 1751 434 1786 πως.
450 1733 688 1795 Γενομένου
706 1732 750 1780 δὲ
767 1732 943 1793 τούτου,
975 1731 1049 1780 καὶ
1071 1732 1194 1794 λόγον
1219 1733 1369 1780 οὐδένα

17 1807 57 1851 2⁸
77 1804 383 1868 ποιησαμένων
399 1808 483 1852 τῶν
510 1806 681 1852 πολλῶν
698 1801 894 1870 περὶτοῦ
923 1804 1166 1866 συμὸάντος
1181 1804 1341 1859 πάθους
1353 1842 1366 1863 ,

81 1875 329 1926 ἐπαύσαντο
357 1881 432 1935 τῆς
460 1877 708 1940 ἐπιμελείας
731 1879 770 1925 οἱ
802 1875 1110 1942 Πυθαγόρειοι·
1141 1877 1298 1936 συνέὸη
1325 1877 1368 1924 δὲ

79 1952 206 1996 τοῦτο
226 1949 280 1996 δι’
303 1948 548 2014 ἀμφοτέρας
579 1947 654 2003 τὰς
680 1949 847 2008 αἰτίας,
869 1949 940 1997 διά
967 1968 1014 1996 τε
1036 1948 1114 2008 τὴν
1138 1949 1369 2015 ὀλιγωρίαν

24 2042 30 2089 ;.
48 2023 164 2073 ,ςτῶν
192 2021 358 2069 πόλεων
396 2024 495 2083 (τοῦ
518 2021 710 2070 τοιούτου
738 2021 820 2086 γὰρ
852 2022 927 2070 καὶ
955 2022 1210 2081 τηλικούτου
1243 2042 1368 2086 γενο-

115 2092 209 2141 ένου
231 2093 613 2157 πάθους-οὐδεμίαν
635 2094 894 2160 ἐπιστροφὴν
916 2094 1203 2159 ἐποιήσαντο)
1230 2095 1299 2142 διά
1322 2115 1368 2142 τε

27 2168 45 2227 ,⁴³
62 2165 156 2224 τὴν
176 2166 398 2215 ἀπώλειαν
414 2170 499 2214 τῶν
517 2167 903 2231 ἡγεμονικωτάτων
923 2169 1087 2234 ἀνδρῶν
1099 2187 1109 2197 ·
1126 2170 1211 2215 τῶν
1231 2168 1277 2216 δὲ
1295 2168 1368 2216 δύο

37 2236 55 2274 ’ῑ
70 2240 164 2288 [τῶν
200 2239 540 2304 περισωθέντων,
581 2242 836 2306 ἀμφοτέρων
878 2239 1162 2305 Ταραντίνων
1208 2239 1368 2298 ὄντων,

29 2313 103 2363 ,a
121 2311 199 2375 μὲν
222 2311 466 2377 Ἄρχιππος
491 2311 764 2378 ἀνεχώρησεν
788 2315 846 2367 εἷς
867 2311 1075 2377 Τάραντα
1090 2349 1102 2373 ,
1126 2316 1147 2358 6
1174 2312 1217 2359 δὲ
1236 2313 1369 2366 Λύσις

28 2382 270 2450 ι’,ίμισήσας
295 2384 374 2442 τὴν
404 2385 634 2450 ὀλιγωρίαν
656 2387 820 2450 ἀπῆρεν
851 2387 908 2438 εἷς
933 2385 1011 2441 τὴν
1041 2383 1236 2433 εΕλλάδα
1254 2422 1266 2444 ,
1294 2384 1368 2431 καὶ

71 2467 101 2517 f
161 2453 318 2523 Ἀχαΐᾳ
357 2456 543 2522 διέτριὸε
576 2461 630 2522 τῇ
666 2460 1081 2522 Πελοποννησιακῆ·
1116 2457 1271 2522 ,ἔπειτα
1311 2459 1370 2512 εἰς

54 2537 118 2596 533
154 2529 236 2584 6ας
261 2529 559 2595 μετῳκίσατο,
601 2531 789 2588 σπουδῆς
815 2529 926 2584 τινὸς
959 2533 1211 2594 γενομένης·
1239 2523 1367 2594 οῧπερ

49 2621 88 2659 45,
101 2599 246 2665 γένετο
268 2601 600 2663 Ἐπαμινώνδας
621 2601 856 2668 ἀκροατὴς,
872 2602 946 2650 καὶ
963 2602 1130 2667 πατέρα
1143 2602 1215 2650 τὸν
1233 2602 1368 2651 Λύσιν

46 2687 47 2690 ’
79 2676 93 2687 ”
136 2672 303 2722 ’λεσεψ
320 2667 406 2722 ὦδε
427 2673 501 2722 καὶ
521 2674 594 2722 τὸν
621 2674 712 2740 βίον
736 2674 1040 2739 κατέστρεψεν.
1064 2677 1121 2723 Oi
1155 2674 1199 2722 δὲ
1222 2674 1367 2722 λοιποὶ

83 2760 89 2761 7
106 2746 138 2761 Q

142 2765 164 2793 ν
185 2746 492 2812 Πυθαγορείων
518 2745 770 2804 ἀπέστησαν
801 2751 875 2805 τῆς
898 2747 1112 2805 Ἰταλίας,
1141 2747 1254 2804 πλὴν
1276 2747 1367 2810 Ἀρ-

40 2926 68 2944 .-
92 2874 97 2881 ’
108 2886 212 2938 'que
227 2886 302 2926 hac
317 2886 367 2927 de
383 2897 521 2926 caussa
538 2887 814 2937 Metapontum
826 2897 868 2927 se
887 2886 1056 2926 contulit
1068 2915 1079 2935 ,
1099 2886 1232 2936 ibique
1243 2885 1367 2926 vitam

43 2946 65 3007 ᾗ,
94 2948 251 2990 ·ivisse
269 2949 428 2989 dicitur.
447 2949 610 2989 Interim
627 2950 781 3000 Cylonii
801 2951 940 2990 contra
960 2950 1224 3001 Pythagoreos
1243 2951 1370 2989 insur-

94 3023 193 3063 se,
215 3014 256 3053 et
270 3012 399 3053 infesti
420 3012 542 3053 animi
557 3013 799 3053 documenta
813 3014 932 3054 edere
947 3025 1028 3053 non
1040 3014 1337 3054 intermiserunt
1356 3029 1366 3051 z

55 3093 138 3135 ,ιι
170 3075 293 3117 nihilo
312 3076 445 3116 minus
465 3079 601 3116 tamen
617 3077 865 3128 aliquamdiu
883 3078 1219 3129 Pythagoreorum
1241 3077 1370 3116 virtus

44 3132 92 3201 {⁴534
125 3153 312 3184 concussa
333 3141 461 3192 stetit,
479 3142 766 3194 civitatumque
780 3143 828 3183 iis
847 3143 1124 3183 benevolentia
1139 3143 1369 3183 conservata

51 3224 53 3231 ι
76 3202 117 3259 321]
163 3217 174 3246 :
198 3205 254 3247 ita
276 3208 322 3246 ut
340 3217 414 3246 nec
428 3205 480 3246 ab
505 3207 593 3246 aliis
612 3218 676 3247 res
693 3217 784 3247 suas
798 3207 1062 3248 administrari
1082 3207 1260 3258 publicas
1281 3216 1368 3246 sus-

61 3263 63 3266 ’
98 3271 123 3277 ’
153 3269 284 3311 erint.
317 3269 392 3311 Sed
433 3269 594 3311 tandem
623 3281 671 3311 eo
702 3271 967 3322 Cyloneorum
995 3270 1147 3311 insidiae
1176 3280 1365 3322 prorupe-

59 3377 63 3379 Α
98 3331 278 3385 5--1t,ut
303 3333 469 3374 domum
495 3333 675 3384 Milonis,
702 3334 744 3374 in
775 3345 856 3385 qua
884 3334 1142 3385 Pythagorei,
1171 3334 1221 3374 de
1251 3334 1369 3374 rebus

108 3395 125 3429 ''-
171 3396 323 3444 bonum
358 3396 567 3449 publicum
596 3397 885 3448 pertinentibus
921 3397 1194 3447 deliberaturi,
1233 3408 1369 3438 conse-

48 3489 49 3492 =
74 3504 77 3508 ,
129 3450 133 3462 ³
160 3502 169 3505 ,
186 3462 243 3511 ·t,
273 3460 362 3512 igne
380 3459 558 3511 subiecto
585 3471 676 3500 cum
705 3460 799 3512 ipsis
818 3461 912 3500 viris
931 3460 1244 3510 combusserint,
1273 3461 1368 3500 duo·

46 3532 59 3577 j
110 3517 138 3579 ’j
190 3527 346 3568 tantum
369 3526 533 3577 elapsis,
556 3526 755 3577 Archippo
781 3527 823 3567 et
845 3526 1029 3577 Lyside:
1058 3526 1100 3566 hi
1119 3527 1225 3567 enim
1248 3527 1368 3577 Justae

110 3587 214 3636 >³11⁸
242 3589 378 3642 vigore
412 3584 642 3641 viribusque
675 3590 894 3642 pollentes,
923 3601 993 3642 per
1020 3590 1151 3641 ignem
1184 3601 1227 3631 se
1262 3590 1369 3632 foras

49 3667 72 3700 ἢ
103 3671 146 3710 .-¹
176 3650 370 3707 ipuerant.
385 3657 518 3703 Quum
533 3665 629 3694 vero
644 3655 787 3705 vulgus
805 3654 952 3694 civium
970 3654 1021 3695 ad
1043 3655 1196 3694 tantam
1211 3654 1365 3696 cladem

65 3714 71 3720 ”
105 3734 175 3773 ¹3¹
201 3718 336 3763 vetet,
368 3717 605 3768 Pythagorei
634 3729 795 3758 omnem
824 3717 1057 3769 reipublicae
1084 3717 1266 3768 gerendae
1293 3730 1367 3758 cu-

57 3791 78 3835 ἢ
99 3773 159 3820 Ἡ
201 3777 458 3830 abiecerunt3
494 3780 615 3832 idque
650 3780 703 3821 ob
737 3780 938 3832 duplicem
971 3781 1219 3832 potissimum
1250 3793 1367 3822 raus-

58 3850 84 3867 ‘⁴‘
103 3842 120 3849 ”
140 3858 157 3873 -ι
193 3856 204 3882 =
226 3843 315 3882 tum
336 3843 444 3895 quod
465 3844 573 3892 cives
596 3845 719 3886 tantae
742 3845 980 3886 calamitatis
1001 3845 1155 3886 nullam
1175 3845 1368 3887 rationem

58 3945 75 3954 ,,
115 3951 129 3962 Α
175 3904 215 3936 ··'*
229 3921 234 3925 “
250 3922 254 3926 ·
274 3922 280 3940 ι
317 3918 330 3957 ;
348 3908 436 3946 tum
451 3907 561 3958 quod
575 3907 604 3948 ii
621 3907 872 3958 interiissent,
890 3908 960 3960 qui
975 3907 1023 3948 ad
1037 3907 1214 3960 publicas
1227 3920 1291 3950 res
1305 3909 1370 3949 ad·

60 3991 81 4026 ῃ
116 3970 159 4026 '322
182 3993 185 3999 >
224 3970 365 4012 randas
378 3973 556 4013 maxime
575 3973 733 4013 fuerant
755 3973 900 4014 idonei.
922 3974 982 4014 11Ιὶ
1003 3965 1138 4014 autem
1159 3974 1231 4026 qui
1254 3985 1276 4014 e
1297 3986 1366 4026 pe-

69 4056 82 4088 ;
126 4038 130 4041 '
158 4075 164 4078 ,
181 4048 200 4083 ,·
227 4033 325 4074 salvi
339 4037 564 4085 evaserunt,
581 4035 701 4076 ambo
715 4037 918 4078 Tarentini
933 4038 1046 4077 erant
1067 4039 1134 4076 :et
1150 4037 1369 4089 Archippus

120 4092 168 4142 ,’
192 4105 198 4129 ;
217 4118 235 4130 ··
264 4095 304 4136 in
319 4098 488 4149 patriam
511 4098 629 4139 rediit
650 4115 661 4139 :
684 4091 800 4151 Lysis'
808 4111 906 4140 vero
923 4101 1150 4150 neglectum
1170 4101 1230 4142 sui
1253 4113 1367 4154 pero-

59 4157 87 4212 „1
175 4156 218 4198 ln
237 4158 434 4200 Graeciam
455 4161 597 4212 solvit,
615 4164 657 4204 et
679 4163 721 4203 in
741 4163 888 4204 Achaia
905 4165 1166 4215 Peloponnesi
1193 4175 1368 4205 commo·

99 4218 190 4266 ’Ἂν
213 4223 313 4265 oet'z
341 4224 450 4266 unde
475 4226 672 4268 incertum
700 4238 783 4279 quo
804 4227 1031 4279 adspirante
1060 4229 1194 4268 favore
1215 4228 1370 4270 Thebas

61 4290 94 4351 ζ’
113 4289 122 4294 ’
164 4307 166 4313 ’
190 4285 378 4337 stravit,
409 4288 542 4340 ibique
573 4291 884 4341 Epaminondam
914 4290 1135 4331 auditorem
1165 4292 1327 4341 habuit,
1346 4304 1367 4332 a

1013 328 1302 376 vlTARUM
1341 328 1753 378 FRAGMENTA.

1403 2492 1408 2514 4
1443 2451 1513 2506 κὸς
1548 2451 1623 2498 καὶ
1658 2451 1800 2505 αὐτός.
1841 2455 1910 2499 Cf.
1951 2454 2114 2499 &idas
2147 2470 2158 2497 :

2631 347 2654 385 2
2668 349 2682 386 ἶ
2694 348 2720 387 5

1448 437 1580 500 χύτου
1598 441 1673 483 τοῦ
1700 436 1984 502 Ταραντίνου.
2009 439 2311 501 Ἀθροισθέντες
2335 443 2378 489 δὲ
2395 445 2453 496 εἷς
2469 447 2515 490 τὸ
2531 445 2726 510 Ῥήγιον,

1449 508 1522 554 καὶ
1557 512 1642 554 τῶν
1671 508 1996 570 πολιτευμάτων
2034 509 2102 555 ἐπὶ
2135 509 2356 575 τὸ·χεῖρον
2385 514 2727 576 προῧαινόντων·

1447 572 1557 636 ἦσαν
1576 578 1619 626 δὲ
1640 582 1678 626 οἱ
1702 580 2030 627 σπουδαιότατοί
2046 599 2090 626 τε
2116 582 2237 641 (τότε
2251 585 2291 638 Ρ)
2313 583 2494 631 Φάντων
2514 588 2586 633 καὶ
2605 588 2729 652 ’Eys-

1446 651 1607 714 κράτης
1627 651 1701 698 καὶ
1723 650 2034 714 Πολύμναστος
2057 653 2131 699 καὶ
2149 656 2329 708 Διοκλῆς
2354 655 2576 718 (Ιὶλιάσιοι,
2604 644 2731 707 Ξενό-

1446 724 1563 787 φιλος
1581 723 1624 770 δὲ
1652 723 1889 777 Χαλκιδεὺς
1905 726 1989 769 τῶν
2016 722 2099 770 ἀπὸ
2131 723 2306 789 Θρᾴκης
2335 728 2602 774 Χαλκιδέων·
2625 732 2729 795 ἐφύ-

1445 793 1578 850 λαξαν
1609 794 1685 858 μὲν
1724 788 1795 843 οῧν
1827 795 1882 843 τὰ
1922 795 1964 850 ἐξ
1998 797 2137 859 ἀρχῆς
2167 796 2249 853 ἤθη
2285 796 2357 841 καὶ
2387 798 2437 843 τὰ
2466 801 2728 861 μαθήματα,

1444 868 1586 915 καίτοι
1616 869 1894 926 ἐκλειπούσης
1919 872 1994 925 τῆς
2018 868 2237 933 αἱρέσεως,
2265 868 2341 922 ἕως
2373 872 2548 932 εὐγενῶς
2580 876 2728 934 ἠφανί-

1446 943 1626 998 σθησαν.
1651 942 1802 988 Ταῦτα
1829 939 1906 1003 μὲν
1934 933 2005 988 οὖν
2033 940 2308 1005 Ἀριστόξενος
2333 943 2556 1004 διηγεῖται.

1512 1034 1531 1053 κ
1549 1015 1700 1059 Verba
1724 1015 1943 1076 προϊόντος
1954 1016 2027 1059 τοῦ
2041 1013 2195 1077 χρόνου
2210 1032 2252 1062 κ.
2267 1033 2307 1060 τ.
2327 1014 2367 1060 λ.
2385 1018 2547 1060 seriem
2560 1022 2729 1063 oratio·

1443 1088 1515 1132 nis
1538 1089 1730 1131 omnino
1757 1088 2133 1147 interrumpunt,
2172 1104 2258 1133 nec
2283 1089 2440 1132 locum
2462 1090 2537 1133 hic
2562 1091 2732 1136 habere

1443 1167 1662 1218 possunt3
1692 1174 1794 1218 quae
1825 1158 2027 1219 proinde
2054 1160 2316 1204 Obrechtus
2342 1162 2511 1204 rectius
2535 1163 2731 1207 collocat

1443 1240 1550 1290 post
1574 1231 1651 1275 illa
1679 1246 1780 1289 quae
1800 1232 1958 1291 paullo
1975 1240 2082 1290 post
2100 1239 2373 1290 sequuntur,
2399 1232 2482 1276 τῶν
2502 1231 2587 1276 ἀπὸ
2615 1231 2733 1296 Θρᾴ-

1443 1318 1521 1356 κης
1550 1298 1825 1348 Χαλκιδέων.
1852 1322 1871 1341 ν
1892 1303 2101 1348 Kosa-nn.
2127 1303 2193 1346 Eo
2218 1317 2316 1346 non
2340 1318 2456 1361 opus
2475 1312 2553 1348 est.

2059 1403 2130 1432 12.

1509 1469 1711 1527 Diogen.
1737 1469 1794 1513 L.
1814 1468 1946 1523 VIII,
1967 1465 2043 1523 45,
2060 1475 2307 1526 postquam
2330 1468 2511 1513 dixerat
2526 1468 2734 1514 floruisse

1442 1539 1644 1584 scholam
1658 1539 1932 1600 Pythagorae
1955 1555 2100 1599 usque
2124 1539 2183 1584 ad
2197 1532 2540 1600 generationem
2564 1558 2733 1586 nonam

1443 1611 1517 1655 vel
1541 1611 1769 1656 decimam
1784 1645 1796 1667 ,
1815 1611 2001 1670 subjicit
2026 1628 2038 1655 :
2067 1611 2320 1658 Τελευταῒοι
2344 1610 2427 1674 γὰρ
2446 1611 2635 1674 ἐγένοντο
2653 1617 2732 1659 τῶν

1446 1680 1869 1746 Πυθαγορείων,.οὒς
1908 1681 1981 1728 καὶ
2023 1682 2303 1746 Ἀριστόξενος
2351 1674 2462 1744 εἶδε,
2504 1684 2734 1749 Ξενόφιλός

1444 1752 1479 1799 θ’
1500 1756 1522 1800 6
1535 1753 1779 1807 Χαλκιδεὺς
1794 1754 1880 1801 ἀπὸ
1893 1752 2074 1820 Θρᾴκης
2093 1754 2168 1802 καὶ
2183 1755 2371 1803 Φάντων
2394 1758 2414 1801 6
2434 1757 2642 1809 Φλιάσιος
2659 1758 2733 1804 καὶ

1443 1827 1625 1884 Διοκλῆς
1655 1825 1730 1872 καὶ
1757 1826 2093 1888 Πολύμναστος,
2120 1827 2328 1876 Φλιάσιοι
2352 1828 2426 1874 καὶ
2449 1828 2594 1875 αὐτοί·
2623 1822 2734 1887 ἦσαν

1443 1898 1480 1944 δ’
1505 1898 1715 1964 ἀκροαταὶ
1739 1898 1963 1947 Φιλολάου
1992 1899 2066 1946 καὶ
2097 1899 2286 1964 Εὐρύτου
2325 1903 2420 1946 τῶνι
2434 1901 2730 1964 Ταραντίνων.

1443 1974 1497 2018 V.
1521 1973 1724 2017 Clinton.
1754 1973 1810 2019 F.
1841 1975 1899 2017 H.
1926 1973 1987 2018 ad
2008 1990 2182 2018 annum
2213 1980 2324 2031 472.

1846 2089 1988 2136 8105.
2026 2089 2331 2138 APXYTOY.

2051 2204 2123 2247 1‘3.

1509 2310 1709 2369 Diogen.
1730 2310 1780 2355 L.
1810 2311 1946 2365 VIII,
1977 2325 2036 2368 79
2064 2324 2074 2354 :
2097 2307 2303 2371 Ἀρχύτας
2327 2310 2615 2374 Μνησαγόρου
2641 2312 2730 2358 Ta-

1449 2379 1658 2446 ραντῗνος,
1695 2383 1752 2431 ὡς
1791 2379 1827 2426 δ’
1858 2379 2163 2445 Ἀριστόξενος,
2197 2379 2442 2438 Ἑστιαίου,
2491 2385 2731 2446 Πυθαγορι-

2197 2452 2430 2516 Ἀρχύτας,
2467 2457 2733 2519 Ταραντῖνος

1443 2521 1661 2572 Ἑστιαίου
1689 2523 1774 2577 υἱὸς
1798 2523 1826 2580 ἢ
1858 2524 2125 2587 Μνησάρχου
2155 2524 2183 2580 ἢ
2219 2526 2530 2588 Μνασαγόρου,
2556 2526 2731 2589 φιλόσο-

1444 2614 1518 2660 φος
1545 2595 1874 2658 Πυθαγορικός.”

2052 2670 2125 2717 ¹4·

1507 2750 1706 2809 Diogen.
1727 2751 1779 2794 L.
1805 2750 1931 2806 VIII,
1947 2749 2007 2793 82
2035 2765 2045 2792 ε
2073 2747 2157 2795 Τὸν
2177 2747 2221 2793 δὲ
2240 2747 2536 2811 Πυθαγορικὸν
2558 2751 2571 2810 (
2589 2748 2627 2796 'A
2638 2749 2733 2812 ρχύ-

1445 2896 1526 2935 quo
1558 2887 1598 2925 et
1629 2896 1772 2936 parens
1797 2886 1991 2925 salutatus
2017 2888 2099 2933 est:
2129 2896 2175 2924 ac
2202 2885 2363 2925 tandem
2391 2886 2535 2925 ibidem
2563 2889 2732 2926 mortem

1444 2949 1555 2989 obiit.
1593 2950 1749 2999 Reliqui
1785 2948 2019 2999 Pythagorei
2053 2951 2199 2999 praeter
2229 2949 2441 2999 Archytam
2474 2943 2783 2988 Tarentinum·

1446 3012 1559 3052 ltalia
1586 3015 1863 3062 excesserunt,
1887 3016 1928 3053 et
1948 3012 2141 3063 Rhegium
2169 3011 2413 3052 confluentes
2440 3012 2493 3052 ibi
2521 3024 2601 3052 una
2623 3023 2732 3052 com-

1444 3079 1588 3118 morati
1607 3079 1713 3118 sunt.
1739 3078 1945 3129 Temporis
1965 3080 2099 3118 autem
2120 3088 2323 3128 progressu
2346 3089 2472 3129 quum
2499 3077 2540 3117 in
2562 3078 2735 3117 deterius

1445 3136 1654 3183 civitatum
1664 3141 1952 3183 administratio
1964 3144 2156 3192 vergeret,
2168 3141 2356 3192 praecipui
2366 3153 2505 3181 eorum
2517 3144 2611 3181 tunc
2623 3145 2734 3181 erant

1445 3206 1623 3256 Phanto,
1648 3206 1911 3254 Echecrates,
1941 3206 2242 3257 Polymnastus,
2270 3206 2452 3254 Diocles,
2485 3205 2666 3254 Phliasii‚
2694 3209 2734 3245 et

1443 3270 1689 3321 Xenophilus
1710 3269 1980 3311 Chalcidensis
2002 3280 2024 3309 e
2044 3269 2210 3309 Thracia
2230 3290 2283 3298 —
2305 3269 2344 3308 hi
2368 3269 2487 3318 igitur
2506 3268 2546 3307 in
2563 3268 2733 3319 pristinis

1443 3336 1701 3376 nihilominus
1728 3334 1917 3376 institutis
1939 3334 2159 3385 studiisque
2190 3335 2468 3384 perstiterunt,
2486 3333 2613 3373 donec
2637 3333 2732 3373 deti-

1444 3399 1574 3439 ciente
1595 3401 1725 3448 secta,
1766 3409 1859 3439 cum
1884 3397 2002 3438 laude
2024 3395 2317 3438 interciderent.
2346 3400 2430 3437 Hoc
2456 3397 2574 3436 modo
2601 3407 2662 3436 res
2682 3397 2732 3435 ab

1445 3463 1679 3504 Aristoxeno
1697 3465 1892 3504 narratur.
2057 3517 2111 3558 12

1496 3593 1688 3635 Postremi
1707 3592 2038 3650 Pythagoreorum
2053 3621 2065 3640 ,
2086 3603 2188 3643 quos
2203 3591 2302 3632 vidit
2320 3591 2438 3631 etiam
2464 3592 2729 3632 Aristoxenus.

1445 3658 1607 3697 fuerunt
1642 3655 1886 3707 Xenophilus
1928 3654 2197 3696 Chalcidensis
2233 3665 2283 3695 ex
2319 3654 2483 3693 Thracia
2499 3683 2510 3702 ,
2552 3652 2727 3693 Phantou

1444 3721 1637 3762 Phliasius
1649 3750 1660 3770 ,
1678 3722 1800 3771 atque
1827 3718 1983 3760 Diocles
1996 3721 2038 3759 et
2059 3718 2333 3768 Polymnastus
2345 3748 2356 3766 ,
2373 3717 2491 3757 etiam
2508 3716 2578 3766 ipsi
2598 3713 2725 3753 Phlia-

1443 3786 1504 3834 sii,
1524 3785 1726 3824 auditores
1749 3795 1842 3824 vero
1856 3783 2021 3825 Philolai
2041 3786 2082 3823 et
2100 3783 2239 3833 Euryti
2260 3783 2576 3823 Tarentinorum.

1823 3881 1971 3927 vii-A
2015 3863 2349 3927 ARCRYTAE.

2050 3991 2122 4030 13.

1483 4079 1688 4130 Archytas
1700 4079 1940 4129 Mnesagorae
1957 4076 2059 4116 tilius
2075 4075 2322 4122 Tarentinus,
2341 4073 2397 4111 uti
2411 4080 2506 4109 vero
2522 4068 2722 4107 Aristoxe-

1445 4154 1534 4191 nus,
1554 4142 1712 4183 Hestiaei
1730 4141 1854 4188 tilius,
1870 4141 1951 4190 ipse
1965 4150 2125 4190 quoque
2143 4135 2430 4187 Pythagoricus.

2057 4215 2125 4254 14.

1498 4292 1711 4341 Archytam
1733 4291 2024 4339 Pythagoreum
2056 4287 2308 4325 Aristoxenus
2325 4284 2441 4320 refert
2459 4289 2582 4328 quum
2602 4287 2718 4315 exer-

2507 4347 2544 4378 18
