3016 4628
241 294 310 337 xi.

803 280 883 327 til<
921 279 1049 327 ΤΗΣ
1083 281 1385 329 ΙΣΤΟΡΙΑΣ
1420 283 1760 333 ΔΙΟΝΥΣΙΟΥ
1795 266 2358 338 ΑΛΙΚΛΡΝΑΣΣΙὯΣ..

2851 350 2873 359 ε

238 388 393 449 δεινὸν,
430 380 515 435 οἷον
537 387 611 439 καὶ
635 386 733 453 περὶ
762 387 998 446 Μεσσήνην
1034 387 1200 452 ἐγένετο
1233 388 1312 447 τὴν
1338 391 1381 437 ἐν
1413 393 1539 440 Σικε·
1615 411 1697 450 qua
1722 403 1899 442 Messana
1927 404 1968 444 in
1999 405 2129 445 Sicilia
2157 406 2301 447 affecta
2320 409 2380 447 est
2406 408 2597 458 similem,
2630 421 2788 452 summo
2813 413 2924 455 illam·

237 460 310 526 λίᾳ
323 497 335 519 ,
362 461 555 524 μεγάλης
575 462 771 526 φυλακῆς
790 460 865 508 καὶ
887 461 1091 526 προνοίας
1114 461 1230 516 ἄξιον
1245 462 1436 518 ἁπάσαις
1449 465 1540 518 ταῖς

236 533 430 582 πόλεσιν.
502 533 687 597 Ἀνάγκη
723 533 767 581 δὲ
804 533 880 588 τὰς
919 534 1056 588 αἰτίας
1096 534 1168 581 καὶ
1201 535 1278 589 τὰς
1307 537 1541 602 προφάσεις

236 609 322 653 τῶν
341 606 649 671 κατασχόντων
669 606 802 665 αὐτὴν
816 610 962 654 κακῶν
981 611 1221 672 προειπεῖν.
1294 607 1406 655 εὍτε
1429 613 1539 656 Λευ·

236 679 358 726 κανοὶ
375 679 449 726 καὶ
463 678 659 744 Βρέττιοι
678 680 885 741 δυνάμεσι
899 681 1079 733 πολλαῖς
1095 680 1165 726 ἐπὶ
1184 680 1393 745 Θουρίους
1408 700 1539 746 στρα-

235 752 462 806 τεύσαντες
488 751 565 810 τήν
591 772 637 799 τε
666 751 815 818 χώραν
856 755 996 798 αὐτῶν
1029 753 1339 816 ἐξεπόρθησαν,
1365 754 1438 799 καὶ
1461 752 1537 811 τὴν

234 825 359 872 πόλιν
376 826 814 890 περιχαρακώσαντες
832 825 1125 890 ἐπολιόρκουν·
1141 827 1207 891 ἐφ’
1222 824 1291 879 οὒς
1311 826 1537 884 ἀπεστάλη

235 894 474 960 Ῥωμαίων
519 896 722 958 δύναμις,
764 890 813 955 ἧς
847 900 994 959 ἡγεῖτο
1035 897 1277 962 Φαὸρίκιος
1315 901 1336 944 ὃ
1362 896 1537 953 ὕπατος·

235 969 492 1036 φοὸηθέντες
516 972 554 1016 οἱ
578 968 776 1031 εΡηγῖνοι
798 968 858 1031 μὴ
886 969 959 1016 καὶ
989 970 1060 1016 ἐπὶ
1086 968 1195 1035 σφὰς
1226 971 1264 1016 οἱ
1292 969 1534 1034 βάρὸαροι,

237 1031 471 1104 Ῥωμαίων
511 1041 812 1089 ἀπολυθέντων
856 1043 926 1104 (ι),
972 1041 1176 1106 στρατιὰν
1219 1044 1534 1101 ἀποστείλωσι,

233 1115 309 1163 καὶ
333 1115 410 1173 τὴν
427 1114 707 1180 Ταραντίνων
731 1115 855 1161 πόλιν
875 1116 917 1160 ἐν
942 1121 1034 1168 ταῖς
1055 1114 1254 1181 ὑποψίαις
1281 1117 1330 1176 (2)
1354 1114 1536 1180 ἔχοντες,

235 1189 475 1247 ἐδεήθησαν
501 1193 574 1235 τοῦ
593 1187 843 1253 Φαὸρικίου
863 1187 1042 1249 δύναμιν
1057 1192 1109 1252 τῇ
1131 1189 1255 1235 πόλει
1275 1189 1414 1236 λιπεῖν
1433 1189 1538 1254 πρὸς

233 1260 311 1316 τὰς
335 1261 566 1326 αἰφνιδίους
589 1264 673 1308 τῶν
703 1260 933 1326 βαρῧάρων
960 1260 1219 1325 ἐπιδρομὰς,
1237 1259 1311 1308 καὶ
1333 1260 1372 1308 εἴ
1404 1281 1466 1316 τις
1488 1264 1536 1309 ἐκ

232 1337 317 1382 τῶν
330 1334 608 1397 Ταραντίνων
626 1333 835 1391 ἐπιὸουλή
852 1352 995 1398 σφισιν
1018 1333 1342 1399 ἀπροσδόκητος
1354 1333 1534 1396 γένοιτο·

233 1406 309 1453 καὶ
325 1406 622 1470 λαμὸάνουσιν
651 1405 920 1480 Καμπανοὺὲ
945 1404 1023 1468 μὲν
1040 1406 1336 1463 ὀκτακοσίους,
1368 1409 1535 1455 Σιτικι-

230 1477 328 1534 νοῦς
347 1480 398 1544 (3)
419 1479 462 1526 δὲ
482 1478 862 1543 τετταρακοσίους,
887 1482 945 1525 ὥν
972 1478 1176 1525 ἁπάντων
1197 1482 1344 1541 ἡγεῖτο
1369 1478 1533 1538 Δέκιος,

233 1552 477 1614 Καμπανὸς
518 1551 566 1598 τὸ
601 1551 737 1615 γένος,
812 1544 951 1606 Οὗτος
980 1551 1002 1599 ὃ
1043 1553 1150 1616 ἀνὴρ
1193 1550 1264 1598 ὅτε
1303 1552 1535 1614 κατάγοιτο

230 1621 354 1690 παρὰ
373 1622 469 1678 τοὺς
487 1621 852 1688 ἐπιφανεστάτους
871 1627 956 1670 τῶν
975 1623 1234 1688 ἐπιχωρίων,
1260 1624 1472 1678 ἑστιάσεις
1489 1644 1534 1671 τε
1596 1671 1602 1676 ,

229 1696 435 1761 λαμπρὰς
455 1695 568 1743 κατὰ
585 1697 661 1753 τὴν
676 1695 989 1761 φιλοφροσύνην
1007 1700 1091 1743 τῶν
1112 1695 1242 1752 ξένων
1262 1696 1532 1759 ἑστιώμενος,

230 1768 252 1832 [
276 1768 350 1816 καὶ
372 1770 390 1832 ]
410 1769 684 1822 κατασκευὰς
708 1771 852 1816 οἰκιῶν
872 1769 1079 1835 λαμπρὰς
1102 1769 1177 1817 καὶ
1211 1770 1534 1834 βαθυπλούτους

229 1841 351 1906 παρὰ
385 1843 561 1896 πολλοῖς
595 1844 721 1906 ὁρῶν,
749 1841 844 1889 κατ’
877 1841 1016 1906 ἀρχὰς
1052 1841 1128 1905 μὲν
1165 1842 1399 1908 ἐμακάριζε
1438 1842 1534 1898 τοὺς

230 1912 458 1977 ςΡηγίνους
471 1918 548 1971 τῆς
562 1914 853 1976 εὐδαιμονίας,
887 1914 1018 1961 ἔπειθ’
1044 1917 1101 1968 ὡς
1118 1914 1304 1970 ἀναξίοις
1325 1916 1379 1977 (4)
1413 1914 1531 1981 ἐφθό·

228 2005 318 2047 νει,
342 1988 552 2034 τελευτῶν
571 1986 616 2034 δὲ
637 1990 694 2041 ὣς
712 1986 933 2049 πολεμίοις
954 1987 1244 2035 ἐπιὸουλεύειν
1269 1986 1442 2052 ἤρξατο·
1458 1988 1532 2036 καὶ

228 2059 493 2126 προσλαὸὼν
516 2059 717 2107 κοινωνὸν
744 2061 794 2123 (5)
822 2064 906 2107 τῶν
937 2060 1193 2126 ἀπορρήτων
1224 2061 1531 2126 βουλευμάτων

204 2142 207 2144 ’
229 2131 302 2180 τὸν
323 2132 613 2197 γραμματέα,
631 2137 874 2198 πανοῦργον
897 2133 1030 2196 ἄνδρα
1057 2133 1131 2180 καὶ
1157 2135 1300 2191 πάσης
1326 2134 1533 2198 πονηρίας

231 2206 539 2272 ἀρχιτεκτόνα,
587 2205 695 2270 πρὸς
743 2207 875 2252 αὐτοῦ
927 2206 1094 2260 πάντας
1141 2205 1366 2270 Ῥηγίνους
1415 2209 1529 2254 ἀπο-

228 2286 419 2340 κτεῖναι,
453 2278 527 2325 καὶΙ
561 2277 639 2336 τὴν
676 2277 951 2342 εὐδαιμονίαν
992 2280 1133 2325 αὐτῶν
1168 2277 1246 2336 τὴν
1284 2276 1360 2340 μὲν
1406 2278 1532 2333 αὐτὸς

227 2355 485 2416 κατασχεῖν,
512 2348 588 2408 τὴν
617 2350 660 2398 δὲ
697 2352 782 2405 τοῖς
808 2351 1276 2426 στρατιώταιςηδιελεῖν
1303 2349 1532 2415 (λέγοντος

227 2423 292 2472 ὅτι
308 2426 326 2488 [
343 2423 446 2482 καὶ]
463 2422 699 2482 Μεσσήνην
713 2423 844 2488 ὀλίγῳ
862 2423 1067 2490 πρότερον
1082 2426 1221 2488 εἷλον)
1242 2424 1430 2478 πεισθεὶς
1455 2426 1526 2489 (el,

227 2497 301 2545 καὶ
358 2497 430 2545 τὸν
472 2496 630 2564 τρόπον
660 2501 737 2557 τῆς
783 2497 1095 2563 ἐπιχειρήσεως
1130 2497 1207 2544 σὺν
1240 2499 1374 2563 ,αὐτῷ
1425 2502 1527 2563 βου-

226 2570 505 2633 λευσάμενος,
543 2569 640 2624 τοὺς
677 2570 995 2636 ταγματάρχας
1035 2570 1083 2637 ('7)
1113 2569 1188 2617 καὶ
1229 2569 1326 2624 τοὺς
1375 2572 1530 2637 ἐπιφα-

227 2645 457 2698 νεστάτους
480 2647 564 2691 τῶν
592 2647 868 2708 στρατιωτῶν
893 2645 952 2697 εἷς
988 2643 1037 2690 τὸ
1058 2642 1276 2708 συνέδριον
1305 2643 1524 2692 ἐκάλεσεν.

226 2717 402 2776 Δεηθεὶς
418 2716 462 2764 δὲ
490 2716 692 2763 ἁπάντων
715 2714 985 2781 ἀπορρήτους
1013 2715 1198 2781 φυλάξαι
1232 2715 1331 2770 τοὺς
1353 2716 1529 2781 λόγους,

226 2789 418 2838 κίνδυνον
445 2789 524 2855 ἔφη
543 2789 680 2852 μέγαν
703 2791 822 2854 αὐτῷ
837 2789 1206 2853 ἐπικρεμασθέντα
1232 2791 1396 2847 πολλῆς
1415 2789 1528 2837 πάνυ

226 2864 420 2928 φυλακῆς
444 2861 519 2909 καὶ
535 2861 712 2926 ταχείας
736 2862 952 2924 δεόμενον,
973 2864 1028 2916 ὡς
1048 2867 1121 2908 τοῦ
1149 2866 1300 2927 καιροῦ
1315 2862 1376 2926 μὴ
1396 2863 1530 2910 διδόν-

224 2955 293 2989 τος
309 2933 601 3000 ἇναστροφήν.
631 2934 940 2992 Πεπυσμένους
960 2932 1042 2999 γὰρ
1065 2932 1142 2992 τὴν
1169 2934 1342 3000 Πύρρου
1366 2934 1527 2983 &026oe-

226 3028 290 3055 σιν
309 3008 406 3061 τοὺς
427 3007 788 3073 ἐπιφανεστάτους
809 3006 1024 3070 (Ρηγίνων
1049 3006 1192 3072 κρύφα
1207 3006 1528 3070 διαπέμπεσθαι

222 3081 328 3143 πρὸς
353 3080 497 3138 αὐτὸν,
523 3079 887 3143 ὑπισχνουμένους
908 3078 1198 3168 κατασφάξειν
1223 3079 1301 3136 τὴν
1322 3079 1526 3146 φρουρὰν,

223 3154 298 3201 καὶ
323 3151 596 3219 παραδώσειν
620 3153 767 3216 ἐκείνῳ
793 3151 869 3210 τὴν
886 3151 1028 3200 πόλιν.
1077 3154 1158 3199 Eu
1175 3156 1312 3200 ταῦτα
1330 3152 1528 3216 λέγοντος

224 3228 378 3286 αὐτοῦ,
415 3230 559 3291 παρ’ῆν
601 3225 663 3279 τὶς
702 3224 952 3288 ἐγκάθετος,
1001 3223 1251 3288 αὐχμηρὸς,
1300 3228 1356 3279 ὡς
1395 3226 1452 3289 (8)
1484 3225 1526 3282 ἐξ

223 3300 348 3358 ὁδοῦ,
381 3299 625 3363 γράμματα
661 3299 732 3344 ὑπ’
768 3299 898 3343 αὐτοῦ
930 3295 1085 3344 Δεκίου
1130 3299 1524 3373 καταιὶκευασμένα

220 3372 425 3433 κομίζων,
446 3375 503 3425 ὡς
533 3370 654 3434 παρὰ
678 3369 794 3425 ξένου
811 3369 862 3428 δή
885 3388 996 3423 τινος
1009 3369 1142 3425 ἰδίου,
1168 3372 1211 3417 ἐν
1240 3374 1298 3424 οἷς
1321 3372 1524 3429 ἐδηλοῦτο

223 3444 394 3507 μέλλειν
410 3447 431 3490 ὃ
454 3441 653 3508 βασιλεὺς
674 3441 954 3489 ἀποστέλλειν
977 3441 1046 3488 ἐπὶ
1068 3441 1115 3488 τὸ
1130 3442 1307 3505 Ῥήγιον
1325 3443 1366 3507 φ’
1393 3462 1522 3508 στρα-

221 3515 380 3570 τιώτας
416 3518 474 3570 ὡς
508 3514 889 3580 καταληψομένους
925 3513 1002 3572 τὴν
1024 3514 1167 3578 πόλιν,
1199 3515 1378 3570 ἀνοίξειν
1418 3519 1524 3562 ὑπε-

223 3588 452 3655 σχημένων
474 3590 615 3642 αὐτοῖς
637 3587 852 3650 Ῥηγίνων
874 3587 947 3641 τὰς
971 3587 1128 3642 πύλας.
1199 3588 1324 3642 Τινὲς
1349 3588 1426 3650 μὲν
1451 3589 1527 3635 λέ·-

219 3682 342 3726 γουσι
382 3661 452 3709 τὸν
488 3659 853 3725 γραμματοφόρον
877 3661 958 3707 ὕπὸ
982 3661 1229 3724 Φαὸρικίου
1262 3666 1334 3707 τοῦ
1358 3662 1523 3708 ὑπάτου

218 3734 333 3783 κατὰ
372 3729 561 3791 σπουδὴν
599 3733 893 3791 ἀπεστάλθαι,
921 3731 998 3790 τὴν
1037 3734 1073 3779 δ’
1111 3733 1342 3791 ἐπιστολὴν
1384 3738 1522 3780 ταῦτα

218 3806 434 3873 περιέχειν
471 3805 499 3852 ἃ
550 3808 691 3870 μικρῷ
745 3804 950 3870 πρότερον
993 3804 1121 3870 ἔφην,
1166 3805 1240 3853 καὶ
1295 3806 1520 3870 παραινεῖν

1613 486 1745 526 studio
1773 488 1928 528 cunctis
1951 490 2116 530 urbibus
2146 492 2463 541 praecavendam.
2520 495 2792 536 Necessarium
2825 508 2920 539 vero
2976 490 3000 527 <³²

1619 575 1679 612 est
1707 575 1751 613 ut
1771 574 1879 624 prius
1906 574 1956 614 de
1971 576 2120 626 origine
2141 579 2180 616 et
2199 589 2338 618 caussa
2359 579 2582 629 malorum,
2605 591 2697 631 quae
2722 583 2920 633 Rheginm
2977 599 2982 606 ⁷

1614 666 1704 695 rum
1737 657 1874 697 urbem
1901 662 2170 709 occuparunt,
2190 672 2402 712 exponam.
2457 666 2546 711 Quo
2567 666 2747 716 tempore
2769 668 2920 709 Lucani
2980 652 2983 659 ’

1617 743 1657 781 et
1678 743 1818 782 Bruttii
1840 744 1979 783 multis
1995 755 2087 783 cum
2101 745 2224 795 copiis
2239 747 2380 786 contra
2403 749 2574 789 Thurios
2601 750 2784 802 profecti,
2805 763 2922 804 agros

1615 837 1753 866 eorum
1772 828 2006 878 vastabant,
2035 829 2259 880 urbemque
2282 832 2487 873 obsidione
2503 835 2678 876 cinctam
2705 837 2916 888 tenebant,
2977 856 2979 859 ·

1614 915 1754 951 contra
1770 913 1994 953 obsessores
2017 917 2152 954 autem
2173 917 2445 957 Romanorum
2473 921 2671 960 exercitus
2688 923 2762 962 sub
2785 923 2919 964 Fabri·

1613 996 1674 1036 cio
1694 999 1856 1037 consule
1883 1000 2028 1039 missus
2044 1000 2129 1039 erat
2145 1016 2154 1040 :
2172 1001 2288 1041 veriti
2309 1002 2474 1052 Rhegini
2496 1015 2547 1043 ne
2567 1005 2607 1043 in
2631 1005 2736 1055 ipsos
2757 994 2920 1057 quoque
2978 1028 2980 1030 v
3005 1061 3011 1075 ³

1613 1080 1793 1132 barbari,
1823 1083 2008 1131 regressis
2028 1085 2239 1135 Romanis,
2262 1097 2373 1126 arma
2401 1090 2632 1137 moverent,
2665 1091 2706 1129 et
2724 1093 2919 1141 praeterca

1612 1165 1847 1205 'tarentinos
1873 1170 2165 1219 suspectantes,
2199 1156 2388 1231 rogarunt
2418 1171 2644 1212 Fabricium
2673 1176 2718 1214 ut
2749 1176 2916 1218 militem
2980 1163 2982 1167 v

1613 1250 1901 1298 praesidiarium
1931 1251 2037 1302 apud
2059 1263 2100 1293 se
2117 1254 2359 1305 relinqueret
2375 1256 2426 1296 ad
2449 1257 2639 1301 arcendas
2654 1259 2916 1300 barbarorum

1614 1334 1856 1376 incursiones
1874 1337 2114 1388 repentinas,
2124 1339 2163 1377 et
2179 1338 2210 1378 si
2225 1339 2371 1390 quibus
2380 1341 2685 1382 Tarentinorum
2704 1343 2850 1385 insidiis
2864 1357 2918 1385 ex
2962 1338 2979 1389 ‚⁷

1610 1419 1824 1470 improviso
1848 1423 2141 1471 appeterentur.
2197 1423 2407 1474 Accipiunt
2425 1427 2652 1477 Campanos
2668 1428 2918 1480 octingentos

1610 1508 1650 1545 et
1667 1506 1850 1547 Siticinos
1866 1508 2189 1558 quadringentos,
2201 1510 2348 1560 quibus
2359 1512 2546 1552 omnibus
2562 1516 2731 1576 praeerat
2753 1516 2914 1568 Decius,

1611 1593 1837 1642 Campanus
1856 1604 2012 1643 genere.
2068 1597 2106 1634 Is
2122 1596 2278 1646 quoties
2293 1597 2398 1647 apud
2414 1584 2520 1638 cives
2550 1599 2661 1639 urbis
2677 1599 2924 1653 clarissimos,
2981 1616 3001 1634 ν’

1608 1676 1852 1728 deverteret,
1881 1678 2073 1719 conviviis
2105 1680 2430 1730 splendidissimis
2455 1693 2528 1733 pro
2559 1683 2746 1736 hospitali
2774 1692 2916 1728 eorum

1608 1761 1843 1802 liberalitate
1862 1765 2074 1814 exceptus,
2105 1762 2398 1816 domorumque
2425 1768 2638 1818 apparatus
2658 1771 2916 1832 sumptuosos

1608 1850 1647 1887 et
1668 1848 1880 1899 perdivites
1895 1849 1998 1900 apud
2016 1849 2165 1890 multos
2182 1851 2321 1892 videns
2331 1883 2342 1903 ,
2357 1830 2468 1893 initio
2482 1855 2644 1905 quidem
2659 1857 2798 1899 beatos
2812 1870 2914 1911 proe·

1608 1932 1767 1972 dicabat
1793 1934 2013 1985 Rheginos,
2036 1946 2134 1975 mox
2168 1947 2263 1976 vero
2287 1938 2334 1976 ut
2363 1937 2534 1988 indignis
2566 1941 2691 1980 tantae
2715 1941 2916 1984 felicitatis

1608 2017 1832 2068 invidebat,
1853 2020 2054 2070 postremo
2070 2021 2182 2070 quasi
2201 2007 2380 2062 hostibus
2391 2023 2553 2064 insidias
2564 2027 2719 2067 struere
2733 2026 2919 2069 institue*

1608 2103 1690 2143 bat.

1609 2196 1700 2224 rum
1734 2185 1987 2237 improbum,
2027 2188 2237 2239 omnisque
2266 2189 2462 2247 nequitiae,
2486 2191 2762 2233 architectum.
2818 2196 2911 2241 Quo

1747 2103 1908 2144 Socium
1934 2104 2168 2148 clandestini
2187 2106 2340 2145 consilii
2372 2106 2543 2147 scribam
2569 2109 2644 2151 sihi
2675 2110 2832 2162 junxit,
2856 2112 2914 2152 vi·

1606 2271 1790 2311 hortante
1810 2273 1855 2310 ut
1869 2271 2068 2323 Rheginos
2083 2283 2222 2313 omnes
2245 2273 2466 2320 occideret,
2483 2286 2703 2329 eorumque
2714 2290 2809 2331 opes
2827 2290 2911 2331 par·

1605 2354 1680 2394 tim
1707 2354 1783 2393 sibi
1810 2354 2053 2405 vindicaret,
2077 2355 2222 2406 partim
2254 2355 2358 2396 inter
2392 2358 2537 2398 milites
2563 2359 2843 2411 distribueret,
2869 2363 2914 2422 et·

1605 2439 1763 2480 dicente
1784 2441 2072 2480 Messaniorum
2092 2452 2251 2492 quoque
2265 2442 2365 2482 urbe
2376 2444 2510 2494 paullo
2525 2446 2618 2485 ante
2632 2445 2773 2486 eodem
2787 2447 2911 2488 modo

1606 2526 1831 2574 Campanos
1848 2525 1996 2575 potitos
2026 2535 2111 2564 esse
2137 2536 2148 2563 ι
2181 2534 2392 2574 persuasus
2412 2526 2578 2577 Decius,
2609 2529 2826 2580 postquam⁴
2858 2530 2912 2572 de

1606 2612 1758 2651 ratione
1782 2611 1835 2651 rei
1856 2610 2040 2662 gerendae
2067 2621 2159 2651 cum
2177 2622 2226 2651 eo
2245 2611 2556 2663 deliberaverat,
2585 2614 2838 2655 centuriones
2868 2616 2910 2656 et

1604 2707 1653 2736 ex
1683 2691 1876 2736 militibus
1902 2696 2124 2746 praecipuos
2150 2696 2191 2736 in
2230 2697 2442 2737 conc-ilium
2479 2700 2611 2739 vocat.
2668 2702 2910 2750 Coiigraesos

1605 2791 1744 2820 omnes
1771 2782 1905 2830 rogat,
1940 2781 1987 2819 ut
2011 2791 2213 2819 sermones
2224 2780 2309 2830 Jam
2330 2780 2534 2820 habendos
2566 2783 2700 2831 tegant
2726 2781 2907 2832 silentio;

1603 2868 1790 2906 magnum
1819 2857 1916 2896 dicit
1946 2857 2020 2896 sibi
2047 2858 2274 2908 impendere
2305 2859 2552 2910 periculum,
2583 2861 2624 2900 in
2644 2873 2726 2912 quo
2747 2873 2907 2903 summa

1603 2938 1643 2976 et
1662 2936 1845 2976 cautione
1870 2937 1910 2976 et
1934 2937 2137 2976 celeritate
2159 2949 2261 2988 opus
2286 2938 2336 2998 sit
2352 2969 2363 2987 ,
2384 2940 2565 2990 tempore
2583 2951 2738 2981 moram
2765 2943 2906 2983 exclu-

1601 3017 1733 3057 dente.
1784 3018 1943 3057 Etenim
1963 3017 2013 3057 de
2037 3018 2176 3068 Pyrrhi
2196 3018 2372 3059 adventu
2393 3023 2581 3062 certiores
2611 3022 2736 3062 t'actos
2764 3023 2905 3075 Rhegi·
2940 3082 2943 3085 ι
2990 3020 3011 3053 ’ῑ

1601 3109 1743 3137 norum
1769 3098 1964 3149 principes
1981 3098 2030 3137 ad
2047 3109 2139 3138 eum
2157 3099 2259 3138 clam
2285 3099 2437 3153 misisse
2448 3130 2459 3149 ,
2476 3101 2544 3152 qui
2564 3101 2848 3152 pollicerentur
2862 3114 2906 3144 sc

1600 3177 1798 3217 trucidato
1818 3178 2001 3228 praesidio
2035 3161 2177 3218 urbem
2209 3179 2246 3219 ei
2270 3180 2489 3237 tradituros
2521 3193 2618 3222 esse.
2674 3184 2781 3224 Dum
2815 3184 2904 3223 haec

1601 3258 1746 3298 Decius
1781 3259 1958 3310 exponit,
1994 3269 2087 3298 ecce
2106 3260 2216 3299 venit
2249 3261 2415 3300 nuntius
2439 3261 2702 3312 subornatus,
2738 3263 2905 3314 pulvere

1600 3339 1713 3388 quasi
1733 3350 1783 3378 ex
1801 3339 1939 3379 itinere
1955 3340 2159 3390 squalidus
2170 3370 2180 3388 ‚
2200 3340 2349 3389 literas,
2363 3353 2464 3392 quas
2479 3342 2561 3393 ipse
2578 3343 2725 3384 Decius
2742 3343 2905 3385 fabrica·

1600 3421 1731 3468 verat,
1760 3421 1805 3458 ut
1824 3419 1875 3458 ab
1898 3420 2055 3470 hospite
2073 3421 2248 3471 quodam
2267 3422 2375 3461 Decii
2397 3423 2536 3463 missas
2560 3423 2740 3464 afferens.
2794 3427 2900 3466 Scri-

1599 3501 1711 3550 ptum
1736 3500 1774 3538 in
1801 3500 1848 3539 iis
1880 3502 1965 3540 erat
1990 3511 2123 3551 regem
2153 3502 2299 3542 milites
2329 3503 2564 3554 quingentos
2593 3504 2788 3554 Rhegium
2817 3505 2901 3555 jam

1598 3581 1835 3630 missurum,
1859 3581 1927 3631 qui
1950 3577 2094 3621 'urbem
2123 3585 2345 3634 occupent,
2375 3584 2560 3634 Rheginis
2580 3587 2715 3636 portas
2741 3588 2900 3636 apertas

1599 3660 1796 3710 pollicitis.
1854 3661 2039 3701 Nonnulli
2061 3664 2224 3701 narrant
2243 3661 2430 3701 nuntium
2446 3662 2558 3702 illum
2574 3673 2598 3702 a
2613 3662 2793 3703 Fabricio
2810 3674 2900 3714 pro-

1598 3743 1690 3782 pere
1702 3731 1866 3771 missum
1890 3743 1974 3772 esse
1989 3762 1999 3781 ,
2018 3733 2225 3782 epistolam
2246 3744 2340 3772 vero
2351 3733 2594 3774 continuisse
2609 3745 2654 3774 ea
2667 3747 2762 3787 quae
2780 3736 2900 3776 modo

1604 3811 1711 3859 dixi,
1736 3813 1776 3851 et
1792 3812 2041 3850 exhortatam
2057 3821 2142 3850 esse
2160 3810 2326 3850 Decium
2346 3813 2393 3850 ut
2410 3812 2606 3862 Rheginos
2628 3815 2899 3863 praeverteret.

272 3948 340 3985 lV.
361 3945 450 3986 Fol.
476 3947 569 3991 194,
594 3949 634 3982 11
661 3954 699 3982 r.
722 3967 774 3975 —
798 3948 889 3992 196,
924 3949 967 3981 10
996 3954 1079 3982 vso.
1103 3965 1155 3972 —
1182 3945 1344 3982 Brevius
1367 3947 1406 3983 et
1437 3945 1475 3982 in
1501 3943 1701 3983 nonnullis
1716 3943 1850 3993 paullo
1866 3942 1979 3982 aliter
1996 3953 2078 3981 rem
2097 3943 2258 3981 narrant.
2286 3941 2471 4008 Polybius
2498 3944 2537 3989 l,
2556 3947 2602 4011 ἵ,
2623 3946 2669 3992 7;
2697 3943 2899 3985 Diodorus

219 4005 331 4043 XXll
350 4033 361 4053 ,
383 4009 398 4042 1
419 4015 430 4052 ;
459 4001 662 4053 Appianus
680 4003 814 4040 Samn.
835 4013 869 4039 c.
887 4005 932 4048 9;
955 4001 1052 4040 Livii
1083 4001 1182 4051 Epit.
1205 4002 1273 4041 lib.
1299 4005 1387 4042 xli.
1422 4005 1529 4042 Xlll.
1545 4024 1598 4032 —
1619 4007 1651 4042 1.
1671 4001 1935 4041 ἀπελυθὸντων
1968 3999 2108 4039 codex.
2144 4001 2270 4041 Possis
2298 4004 2416 4069 etiam
2434 4001 2690 4073 ἀπελθοντων,
2707 4023 2759 4031 -
2780 4008 2818 4043 2.
2849 4008 2896 4072 τῇ

220 4063 403 4114 ὑποψίαις
441 4061 531 4102 cod.
549 4085 599 4095 -·
618 4065 655 4100 3.
674 4062 841 4104 σικινοὺς
858 4060 999 4099 codex.
1017 4082 1066 4088 -
1084 4063 1119 4099 4.
1140 4060 1262 4106 ἀξίους
1281 4062 1368 4101 cod.
1387 4084 1434 4090 —
1449 4067 1484 4100 ὃ.
1505 4062 1711 4105 κοινωνοὺς
1735 4059 1877 4099 codex.
1895 4079 1946 4088 —-
1959 4063 1998 4098 6.
2017 4058 2144 4100 codex
2164 4076 2173 4100 :
2195 4060 2314 4110 ὀλίγῳ
2329 4072 2531 4125 προτειχον
2545 4090 2554 4098 .
2573 4060 2634 4110 υφ’
2649 4073 2694 4098 ου
2711 4061 2892 4105 πεισθεις.

218 4122 328 4171 quod
361 4122 391 4160 si
410 4122 515 4160 recte
531 4131 574 4160 se
591 4119 711 4158 habet
729 4119 790 4169 ὑφ’
808 4118 853 4157 οὗ
872 4133 932 4167 rr„
953 4118 990 4157 in
1010 4118 1217 4158 antecedd.
1244 4131 1314 4170 pro
1335 4121 1426 4172 πρὸς
1441 4119 1557 4162 αὐτοῦ
1582 4120 1699 4161 suerit
1728 4122 2007 4169 παραινοῦντος
2024 4119 2143 4159 αὐτοῦ
2160 4119 2221 4159 vel
2241 4118 2319 4158 tale
2338 4117 2446 4168 quid.
2468 4121 2559 4158 -7.
2588 4118 2892 4171 γραμματάρχας

217 4178 365 4218 codex.
383 4202 433 4208 —
454 4183 489 4219 8.
508 4177 588 4229 ὡς]
605 4177 646 4223 ὃς
666 4176 807 4216 codex.
