3016 4628
24 426 73 583 ι

48 391 70 434 ³3

752 287 831 334 Ex
873 282 1176 332 tttsTORtA
1213 282 1494 330 DlONYSll
1534 281 2165 330 HAIACARNASSENStS.

125 403 198 467 (13)
224 400 391 465 ἐγένετο
409 396 507 461 περὶ
533 395 684 450 αὐτοὺς
696 393 898 459 καρτερά.
910 392 1100 440 Ἴῧπειτα
1116 390 1170 438 τὰ
1188 389 1411 454 δεσμωτή-

123 492 193 538 ρια
214 471 414 519 ἁπάντων
442 470 533 533 (14),
551 467 630 515 ὅσα
648 465 762 514 κατὰ
785 463 880 518 τοὺς
905 463 1060 529 ἀγροὺς
1077 456 1153 522 ἦν,
1172 463 1316 511 ἐλύετο
1338 462 1412 510 καὶ

125 543 332 609 συνέρρει.

186 618 271 664 ΙΙΙ.
311 617 367 663 Οἱ
386 611 428 660 δὲ
447 614 529 660 τῶν
546 609 781 671 Ῥωμαίων
806 607 962 656 ’ὕπατοι
985 616 1134 655 πᾶσαν
1153 608 1234 665 τὴν
1252 606 1412 670 μεταξὺ

95 723 99 726 -
117 691 196 750 γῆν
224 688 357 740 ἀδεῶς
378 682 632 745 διελθόντες,
653 686 737 730 τῶν
759 681 836 744 μὲν
854 684 931 730 οὐκ
953 680 1284 744 ἐναντιουμένων
1298 717 1312 744 ,
1329 683 1414 726 τῶν

119 758 163 808 δὲ
202 757 548 822 συμπεμπόντων
593 755 779 818 (πολλαὶ
820 756 858 802 δ’
895 754 977 801 εἶσὶ
1016 753 1255 819 δυσχωρίαι
1299 751 1413 800 κατὰ

117 830 194 890 τὴν
227 835 288 882 ἐκ.
314 830 492 893 Ῥώμης
531 830 590 881 εἷς
633 826 898 886 Καμπανίαν
936 826 1125 891 ἄγουσαν
1160 825 1254 872 ὁδὸν
1299 824 1414 890 ὄρεσι

116 903 190 952 καὶ
224 902 407 965 τέλμασι
431 900 504 949 καὶ
542 899 775 954 θαλάτταις
798 902 872 946 καὶ
893 905 1106 961 ποταμοῖς
1142 897 1414 962 ναυσιπόροις

38 993 83 1026 *a
117 973 454 1036 διακλειόμεναι,
487 972 535 1027 ἃς
558 975 605 1019 οὐ
638 971 778 1038 ῥᾴδιον
804 965 854 1030 ἦν
878 973 1053 1018 διελθεῖν
1088 969 1170 1017 ὑπὸ
1205 972 1292 1018 τῶν
1329 989 1414 1016 πο-

116 1047 274 1108 λεμίων
309 1044 796 1110 προκαταληφθείσας),
830 1043 905 1091 καί
943 1062 1039 1090 τινα
1075 1042 1149 1090 καὶ
1191 1041 1414 1104 ποταμὸν,

117 1119 162 1175 ὃς
195 1117 265 1166 διὰ
305 1123 381 1177 τῆς
424 1120 680 1175 Κασιληνῶν
711 1115 858 1181 χώρας
897 1116 971 1164 καὶ
1006 1115 1171 1169 πόλεως
1205 1114 1412 1180 φέρεται,

116 1191 156 1239 λ’
175 1194 250 1250 τῆς
269 1189 452 1248 Καπύης
467 1188 684 1254 ἀπέχοντα
703 1190 858 1236 στάδια
871 1225 883 1247 ,
900 1187 1170 1252 Οὗλτουρνὸν
1189 1186 1240 1251 (ι)
1261 1186 1413 1250 ὄνομα,

116 1262 330 1327 τεττάρων
354 1265 430 1309 οὐκ
463 1263 630 1309 ἐλάττω
653 1260 848 1326 πλέθρων
887 1260 989 1308 ὄντα
1024 1260 1072 1308 τὸ
1107 1259 1299 1321 πλάτος,
1337 1258 1414 1314 ξυ-

81 1335 211 1400 -λίνῃ
250 1334 414 1401 γεφύρᾳ
457 1334 706 1394 διαὸάντες,
751 1334 804 1392 ἣν
840 1335 882 1380 ἐν
930 1334 1044 1398 τρισὶ
1090 1331 1414 1379 κατεσκεύασαν

117 1408 325 1473 ἡμέραις,
355 1407 575 1470 διεξῄεσαν
608 1409 688 1470 (2),
717 1405 788 1453 ἵνα
813 1413 899 1460 τοῖς
921 1406 997 1468 μὲν
1029 1405 1083 1452 τὰ
1106 1404 1290 1470 σφέτερα
1313 1423 1416 1469 φρο-

117 1486 235 1528 νοῦσι
263 1484 517 1543 Καμπανῶν
554 1480 734 1545 θάρσος,
759 1482 816 1533 ὡς
844 1479 898 1524 τὰ
928 1480 1137 1544 κράτιστα
1164 1476 1415 1542 προῃρημέ-

118 1571 228 1614 νοις,
258 1551 512 1615 ἐγγένηται,
531 1553 617 1605 τοῖς
653 1550 698 1598 δὲ
732 1551 965 1610 τάναντία,
995 1550 1104 1603 δέος.
1146 1551 1235 1599 Καὶ
1258 1552 1415 1615 προελ-

119 1623 260 1678 θόντες
282 1623 477 1670 ἐπέκεινα
501 1627 577 1680 τῆς
596 1624 785 1683 πόλεως,
809 1624 895 1669 ἀπὸ
919 1621 965 1685 μ’
985 1621 1170 1669 σταδίων
1200 1621 1385 1677 Καπύης
1400 1657 1412 1679 ,

119 1696 527 1761 στρατοπεδεύονται
579 1698 622 1742 ἐν
671 1697 823 1760 ὑψηλῷ
865 1695 986 1759 τόπῳ
1033 1695 1174 1748 θέντες
1195 1693 1284 1741 ’τὸν
1328 1693 1414 1757 χά-

121 1787 243 1834 ρακα.
277 1767 414 1817 Ἔνθα
437 1765 718 1830 ὑπομένοντες
749 1767 825 1821 τὰς
855 1767 974 1833 παρὰ
1006 1770 1229 1816 Σαυνιτῶν
1259 1766 1418 1832 ἀγοράς

118 1857 165 1889 τε
187 1841 260 1890 καὶ
277 1841 532 1905 συμμαχίας
548 1839 852 1906 ἐκαραδόκουν.
877 1843 933 1888 Οἱ
957 1839 999 1887 δὲ
1024 1840 1107 1906 ἄρα
1130 1843 1417 1904 ὑπισχνοῦντο

120 1914 196 1977 μὲν
223 1916 366 1968 αὐτοῖς
390 1914 525 1961 πλείω
556 1917 639 1960 τῶν
665 1916 845 1972 ἱκανῶν,
873 1913 1085 1978 ἐπήρκουν
1111 1913 1147 1960 δ’
1181 1913 1299 1960 οὐδὲν
1327 1910 1353 1959 δ’
1377 1932 1418 1959 τι

118 1987 191 2035 καὶ
224 1987 351 2050 λόγου
383 1986 523 2043 ἄξιον·
545 1987 751 2051 στρατιάν
771 2006 818 2034 τε
845 1986 928 2051 γὰρ
954 1989 1002 2034 ἐκ
1031 1986 1181 2046 πάσης,
1197 1986 1362 2039 πόλεως
1393 1987 1417 2009 '⁵

118 2060 408 2122 σκηπτόμενοι
429 2058 682 2124 κατέτριὸον
716 2058 814 2114 τοὺς
839 2060 1030 2128 χρόνους.
1065 2058 1337 2121 Ἀπογνόντες
1369 2058 1418 2115 δὴ

117 2135 193 2190 τῆς
215 2134 372 2180 ἐκεῖθεν
397 2132 669 2196 ἐπικουρίας,
695 2132 769 2180 καὶ
799 2132 877 2186 τὰς
912 2131 990 2194 μὲν
1028 2135 1191 2179 ἑαυτῶν
1221 2131 1422 2194 δυνάμεις

97 2223 98 2226 ’
117 2207 295 2268 ὁρῶντες
328 2205 448 2252 οὐδὲν
472 2203 616 2269 ἰσχύος
636 2207 683 2251 ἐκ
706 2210 778 2252 τοῦ
798 2210 1032 2269 χρονισμοῦ
1056 2203 1419 2268 προσλαμὸανού·

48 2272 62 2300 3
120 2274 227 2334 σας,
249 2276 325 2330 τὰς
361 2275 406 2323 δὲ
443 2279 527 2324 τῶν
552 2277 771 2338 πολεμίων
799 2279 953 2342 μακρῷ
975 2276 1145 2329 πλείους
1167 2275 1420 2339 γινομένας,

111 2350 171 2402 ,ἐπ
187 2348 257 2396 ὶτὰ
274 2348 379 2413 ἔργα
398 2355 555 2413 χωρεῖν
577 2350 784 2412 ἔγνωσαν.
815 2336 1155 2411 Ἐνθυμούμενοι
1173 2347 1208 2395 δ’
1226 2347 1291 2395 ὅτι
1311 2346 1421 2395 πολὺ

28 2307 69 2417 ³.

115 2567 284 2633 πείραις
319 2568 510 2624 ἐδήλωσε
539 2566 613 2613 καὶ
651 2564 705 2613 τὰ
729 2568 954 2614 τελευταῖα
980 2569 1022 2614 ἐν
1058 2571 1111 2630 τῇ
1154 2569 1421 2630 Καμπανικῇ

116 2426 192 2478 τῆς
229 2429 431 2488 στρατιᾶς
456 2421 570 2468 ἐστὶν
607 2421 654 2467 τὸ
689 2421 939 2485 δυσάγωγον
965 2421 1160 2475 καὶταῖς
1197 2423 1422 2482 ἐπιταγαῖς

123 2497 209 2541 τῶν
249 2493 471 2558 ἡγεμόνων
496 2494 666 2548 ἀπειθὲς
704 2495 782 2557 (3),
816 2497 873 2547 ὡς
905 2495 947 2541 ἐν
980 2494 1132 2547 ἄλλαις
1159 2512 1206 2540 τε
1241 2491 1422 2546 πολλαῖς

0 2683 1 2687 ,
117 2639 451 2705 παραχειμασίᾳ
493 2642 565 2705 ἀφ’
605 2632 654 2696 ἧς
697 2642 755 2694 εἷς
792 2640 1006 2698 τοσαύτην
1049 2639 1256 2686 ἀπόνοιαν
1292 2632 1420 2696 ἦλθον

119 2714 259 2760 αὐτῶν
274 2713 405 2771 τινὲς,
427 2711 538 2759 ὥστε
563 2711 636 2759 καὶ
657 2713 831 2759 πόλεσιν
855 2713 1102 2773 ἐπιθέσθαι,
1121 2711 1196 2760 καὶ
1213 2710 1284 2758 τὸν
1307 2710 1420 2757 ὕπα-

119 2805 189 2834 τον
209 2786 464 2832 καταλιπεῖν
486 2784 560 2832 καὶ
580 2784 694 2831 κατὰ
713 2789 787 2842 τῆς
806 2784 1010 2849 πατρίδος
1030 2782 1144 2832 ὅπλα
1169 2783 1419 2843 ἀναλαὸεῖν,

119 2856 290 2913 τούτους
309 2857 442 2923 ᾤοντο
462 2859 550 2905 δεῖν
571 2861 742 2924 πρῶτον
769 2857 990 2912 ἀποδεῖξαι
1027 2854 1419 2922 σωφρονεστέρους,

55 2975 59 2978 .
120 2930 348 2996 δεινότερον
389 2929 644 2987 ποιήσαντες
673 2932 815 2984 αὐτοῖς
855 2930 927 2977 τὸν
951 2930 1036 2976 ἀπὸ
1077 2933 1162 2976 τῶν
1195 2928 1418 2992 ἡγεμόνων

89 3046 93 3051 .
119 3002 248 3069 ψόγον
270 3002 299 3062 ἢ
323 3002 392 3051 τὸν
415 3004 501 3050 ἀπὸ
518 3006 602 3050 τῶν
626 3001 828 3064 πολέμων
851 3002 901 3065 (4)
920 2996 1130 3050 κίνδυνον.
1152 3003 1306 3049 Ταῦτα
1324 3004 1417 3048 δια-

120 3075 335 3134 νοηθέντες
378 3074 613 3134 ἐκκλησίαν
656 3079 862 3138 συνῆγον·
919 3074 994 3121 καὶ
1035 3074 1152 3137 λέγει
1197 3074 1411 3129 Μάλλιος.

63 3182 82 3191 »
124 3148 289 3205 Ζήτει
338 3150 389 3196 ἐν
441 3151 510 3215 τῷ
577 3147 717 3212 Περὶ
774 3147 1266 3214 στρατηγημάτων
1328 3148 1415 3194 καὶ

40 3547 81 3579 ἲν
51 3526 53 3531 ·
21 3339 85 3501 ›sl-44⁹5.»

122 3222 497 3287 δημηγοριῶν,
547 3222 679 3285 ὑπὲρ
723 3225 813 3268 τοῦ
877 3221 1014 3284 [υἱοῦ
1070 3225 1180 3279 τοῦ]
1204 3220 1414 3268 ὑπάτου

122 3294 372 3342 Μαλλίου
394 3299 488 3341 τοῦ
516 3293 1043 3358 μονομαχήσαντος
1069 3293 1140 3357 (5).

189 3369 270 3417 l-V.
307 3366 410 3416 “ou
445 3367 544 3431 περὶ
575 3365 652 3424 τὴν
685 3365 899 3430 Ῥηγίνων
920 3366 1045 3414 πόλιν
1087 3366 1219 3420 πάθος
1243 3365 1407 3430 γίνεται

2617 298 2778 347 xxxix

1485 390 1551 430 aiii
1568 390 1682 429 multi
1697 390 1874 440 quotidie
1892 401 1933 429 se
1945 390 2225 440 adjungebant.
2242 395 2410 442 Jamque
2425 394 2550 433 valida
2566 395 2781 435 admodum

1485 478 1653 507 numero
1673 478 1813 517 manus
1833 469 1931 507 erat.
1955 471 2049 507 Mox
2065 469 2185 508 etiam
2206 471 2399 518 ergastula
2421 474 2617 521 quotquot
2644 484 2783 512 eorum

1486 538 1526 576 in
1545 538 1646 588 agris
1665 540 1776 578 erant
1795 539 1923 578 soluta
1949 539 1999 578 ad
2023 550 2090 579 eos
2110 540 2374 580 confluebant.

1540 619 1608 656 m.
1641 616 1832 656 Consules
1862 616 2135 656 intermediam
2172 617 2371 667 regionem
2401 618 2625 658 universam
2657 622 2786 659 securi

1489 703 1764 751 permearunt,
1785 701 1872 742 aliis
1899 701 1997 741 nibil
2023 702 2162 741 hostile
2189 702 2520 752 suscipientibus,
2551 704 2635 742 aliis
2666 706 2785 744 etiam

1488 784 1819 835 prosequentibus
1841 785 2073 824 exercitum.
2132 788 2369 837 Quanquam
2387 786 2628 837 perdifficilis
2645 788 2709 827 via
2729 791 2789 828 est

1488 879 1579 918 quae
1598 871 1721 908 Roma
1738 868 1777 907 in
1794 868 2051 920 Campaniam
2068 869 2202 919 ducit,
2221 871 2439 921 intercepta
2458 871 2673 920 montibus,
2695 872 2789 912 locis

1489 954 1731 1003 palustribus
1758 955 1798 993 et
1826 951 2014 1002 marinis,
2040 954 2249 1005 fluviisque
2284 955 2573 1005 navigabilibus
2605 972 2614 995 ε
2639 967 2737 1005 quos
2759 958 2789 996 si

1491 1033 1614 1073 bostis
1631 1036 1964 1083 prmoccupasset,
1983 1033 2152 1073 transitu
2175 1034 2357 1073 consules
2378 1034 2492 1074 sacile
2512 1035 2790 1084 prohibuisset.

1492 1113 1641 1153 Deinde
1660 1113 1904 1152 Volturnum
1925 1113 2107 1163 fluvium,
2128 1115 2195 1164 qui
2214 1113 2479 1154 Casilinorum
2497 1125 2611 1165 agros
2626 1117 2666 1154 et
2685 1115 2796 1165 oppi-

1490 1193 1587 1232 dum
1605 1193 1785 1243 perfluit,
1806 1193 1966 1243 triginta
1993 1197 2130 1244 Capua
2149 1194 2285 1234 stadiis
2304 1194 2537 1242 distantem,
2560 1195 2684 1234 trium
2707 1196 2793 1245 ple·

1490 1273 1674 1312 tbrorum
1705 1273 1916 1312 latitudine
1943 1273 2049 1312 baud
2084 1274 2300 1323 minorem,
2328 1276 2449 1324 ponte
2483 1274 2636 1323 ligneo,
2676 1274 2793 1312 trium

1490 1364 1609 1403 opere
1629 1352 1798 1401 dierum,
1815 1352 2075 1401 transierunt,
2094 1354 2140 1391 ut
2157 1353 2223 1402 qui
2242 1364 2334 1391 cum
2355 1353 2447 1402 ipsis
2465 1352 2660 1391 faciebant
2678 1354 2794 1391 Cam·

1493 1434 1605 1484 panis
1620 1433 1824 1483 fiduciam,
1843 1434 1980 1482 utpote
1998 1433 2152 1483 potiora
2172 1432 2380 1483 amplexis,
2398 1432 2603 1482 adderent,
2621 1432 2667 1470 iis
2685 1442 2792 1479 vero,

1494 1513 1565 1565 qui
1595 1514 1772 1554 bostium
1802 1524 1843 1552 se
1866 1513 2046 1564 partibus
2076 1512 2334 1562 addixerant,
2367 1511 2591 1551 incuterent
2624 1513 2793 1550 metum.

1495 1596 1544 1633 Et
1572 1593 1680 1632 ultra
1711 1592 1853 1631 urbem
1876 1591 2068 1642 progressi
2098 1602 2222 1641 usque
2252 1589 2303 1630 ad
2330 1589 2590 1641 quadraginta
2611 1600 2635 1628 a
2661 1591 2795 1640 Capua

1492 1672 1644 1720 stadia,
1673 1671 1714 1710 in
1746 1672 1833 1711 loco
1857 1670 1964 1710 edito
1991 1671 2121 1709 castra
2153 1671 2368 1717 metantur,
2398 1670 2438 1708 et
2467 1668 2717 1707 considentes
2740 1667 2794 1707 ibi

1493 1755 1762 1792 commeatum
1799 1762 2042 1801 manumque
2076 1749 2311 1789 anxium-em
2342 1761 2365 1788 a
2397 1749 2644 1789 Samnitibus
2681 1747 2797 1788 sociis

1499 1832 1800 1882 exspectabant.
1821 1832 1880 1870 llli
1911 1841 2008 1870 vero
2025 1841 2150 1880 quum
2176 1830 2264 1880 plus
2289 1841 2408 1880 quarn
2426 1841 2527 1879 opus
2546 1831 2630 1868 erat
2646 1827 2796 1879 promi·

1494 1911 1655 1958 sissent,
1673 1909 1770 1948 nibil
1786 1909 1920 1949 tamen
1945 1907 2052 1958 quod
2069 1909 2170 1947 esset
2186 1918 2317 1957 operae
2338 1908 2510 1957 pretium
2531 1906 2796 1958 praestabant,

1495 1992 1535 2030 et
1554 1989 1688 2039 copias
1707 1999 1729 2028 e
1748 1987 1911 2038 singulis
1938 1986 2094 2038 oppidis
2113 1986 2352 2036 colligendas
2375 1987 2580 2026 causantes
2600 1984 2799 2025 ducebant

1493 2072 1666 2121 tempus.
1691 2072 1953 2120 Desperantes
1972 2067 2135 2107 demum
2156 2067 2205 2106 de
2222 2066 2445 2106 Samnitum
2467 2066 2641 2117 auxilio,
2664 2066 2798 2105 viden·

1495 2153 1635 2201 tesque
1651 2151 1827 2200 ipsorum
1844 2148 2038 2189 exercitui
2059 2147 2155 2186 nibil
2175 2147 2317 2186 virium
2344 2146 2571 2186 cunctando
2587 2146 2796 2194 accedere,

1495 2233 1592 2271 dum
1621 2231 1795 2270 hostium
1826 2240 2017 2268 numerus
2051 2239 2290 2278 magnopere
2321 2230 2545 2276 augeretur,
2580 2228 2688 2278 operi
2715 2227 2797 2277 Jam

1499 2322 1660 2350 manum
1681 2309 1894 2349 admovere
1920 2308 2195 2348 decreverunt.
2219 2309 2406 2347 Ceterum
2435 2308 2663 2357 reputantes
2679 2306 2797 2346 disci-

1497 2391 1648 2442 plinam
1667 2390 1879 2430 militarem
1910 2388 2026 2428 valde
2040 2389 2256 2427 relaxatam
2270 2398 2367 2434 esse,
2386 2387 2484 2426 adeo
2501 2389 2546 2426 ut
2562 2394 2666 2437 aegre
2685 2387 2798 2426 multi

1494 2472 1665 2522 jussibus
1697 2471 1845 2531 ducum
1872 2471 2191 2520 obtemperarent
2220 2468 2280 2519 (id
2314 2469 2420 2519 quod
2443 2470 2531 2508 turn
2565 2469 2650 2508 aliis
2680 2479 2798 2508 oeca-

1497 2552 1696 2600 sionibus,
1713 2552 1802 2590 tum
1820 2561 1945 2600 nuper
1966 2552 2205 2599 apparuerat
2225 2549 2265 2588 in
2286 2547 2461 2587 hibernis
2481 2548 2714 2598 Campanis,
2731 2547 2799 2587 ubi

1497 2643 1544 2671 eo
1564 2631 1775 2671 dementiae
1796 2619 1976 2670 nonnulli
2007 2632 2300 2680 processerant,
2330 2631 2375 2669 ut
2405 2629 2524 2668 urbes
2547 2628 2737 2668 invadere
2759 2631 2800 2668 et

1497 2712 1652 2752 deserto
1675 2712 1836 2751 consule
1856 2710 1896 2750 in
1919 2710 2089 2761 patriam
2112 2721 2223 2750 arma
2249 2711 2406 2749 vertere
2422 2710 2646 2759 tentarent)
2677 2725 2686 2747 τ
2708 2712 2801 2748 ante

1497 2793 1631 2831 omnia
1648 2792 1794 2831 milites
1814 2791 1864 2830 ad
1881 2790 2120 2830 severiorem
2135 2787 2351 2839 disciplinae
2368 2788 2661 2828 observantiam
2681 2788 2800 2829 redu·

1497 2872 1644 2912 cendos
1660 2870 1994 2921 efficiendumque
2021 2869 2255 2917 censebant,
2278 2871 2323 2908 ut
2346 2868 2497 2907 ducum
2526 2868 2799 2918 reprehensio·

1497 2963 1588 2992 nem
1602 2963 1724 3003 quam
1740 2951 1937 2991 bellorum
1950 2950 2082 2989 subire
2099 2949 2271 3000 pericula
2287 2948 2447 2999 gravius
2459 2948 2663 2988 baberent⁴
2683 2950 2801 2988 Hunc

1499 3033 1540 3072 in
1562 3032 1679 3071 tinem
1696 3031 1886 3071 concione
1905 3034 2146 3080 convocata,
2167 3029 2336 3069 Manlius
2352 3028 2453 3068 dixit
2481 3029 2541 3069 **.

1555 3115 1705 3159 Quoere
1723 3115 1768 3151 in
1787 3113 2016 3163 Excerptis
2039 3114 2097 3151 De
2116 3111 2435 3159 strateqematis
2452 3112 2495 3149 et
2517 3113 2573 3150 De
2590 3111 2799 3149 concioni·

1495 3199 1592 3244 bus,
1615 3198 1666 3238 de
1686 3199 1842 3238 Manlii
1868 3198 2054 3238 consulis
2073 3196 2166 3243 silio
2182 3227 2191 3245 ,
2224 3198 2298 3247 qui
2315 3198 2549 3236 certamine
2577 3196 2796 3245 sinqulari
2847 3224 2850 3226 -

1489 3288 1721 3337 puqnavit.

1543 3375 1607 3413 lv.
1637 3372 1904 3422 Rheginorum
1930 3371 2025 3410 urbs
2048 3371 2088 3410 in
2110 3380 2271 3419 gravem
2297 3370 2433 3409 incidit
2453 3369 2797 3423 calaniitatem.‚ei

107 3511 404 3562 ’ἂρχαιολογίας.
421 3532 474 3560 ,-
495 3515 558 3550 13.
582 3513 783 3550 Lacunam
818 3511 966 3549 notavi.
1000 3513 1167 3549 Sensum
1182 3509 1355 3560 expressi
1378 3509 1508 3548 verbis
1528 3509 1637 3548 Livii.
1652 3529 1704 3537 —
1727 3511 1779 3547 14.
1799 3510 1978 3547 ὑπαντῶν
1996 3508 2136 3546 codex.
2164 3508 2271 3546 Finis
2286 3507 2523 3546 narrationis
2538 3506 2803 3553 desideratur,

124 3569 236 3609 sicuti
253 3570 372 3609 etiam
389 3569 592 3620 sequentis
603 3569 809 3619 fragmenti
828 3568 1002 3607 initium.

175 3635 245 3674 lu.
274 3634 362 3674 Fut.
389 3639 482 3683 ¹93,
508 3640 554 3674 13
577 3645 613 3674 v.
630 3638 776 3674 ——wa
792 3665 802 3683 ,
827 3640 868 3674 il
893 3646 930 3673 r.
957 3636 1237 3683 Fragmentum
1266 3631 1498 3681 acephalum
1515 3664 1526 3682 ,
1555 3643 1685 3682 neque
1719 3634 1847 3682 spatio
1871 3644 1998 3672 vacuo
2019 3643 2148 3682 neque
2168 3632 2246 3670 alio
2269 3631 2378 3681 signo
2402 3630 2452 3669 ab
2476 3628 2798 3669 antecedentibus

126 3691 166 3731 in
186 3691 320 3739 codice
338 3695 576 3743 separatum.
600 3693 736 3733 Scriba
753 3693 898 3733 librum
915 3694 968 3733 ob
991 3692 1129 3732 oculos
1152 3691 1313 3740 habuit,
1335 3691 1375 3730 in
1395 3702 1474 3740 quo
1501 3702 1626 3729 unum
1657 3692 1798 3730 saltem
1827 3691 1966 3730 solium
1992 3692 2054 3730 vel
2083 3689 2285 3729 exciderat
2305 3689 2368 3728 vel
2389 3688 2671 3739 transpositum
2697 3689 2794 3724 erat.

62 3767 72 3773 ν
101 3749 203 3792 ‚Res
225 3749 390 3800 pertinet
413 3749 462 3789 ad
483 3751 686 3789 historiam
709 3751 800 3790 belli
822 3750 974 3798 Latini,
995 3749 1102 3800 quod
1125 3751 1171 3789 T.
1195 3749 1342 3789 Manlio
1361 3751 1564 3798 Torquato
1584 3752 1635 3788 tlt
1653 3752 1693 3788 et
1718 3751 1759 3787 P.
1782 3749 1904 3789 Decio
1928 3759 2030 3788 coss.
2053 3751 2154 3797 (4¹4
2175 3758 2210 3786 a.
2237 3751 2285 3787 U.
2310 3750 2385 3786 340
2401 3758 2438 3785 a.
2462 3749 2505 3786 C.
2523 3747 2535 3795 )
2554 3748 2704 3794 gestum
2722 3747 2795 3783 est.

129 3809 230 3852 Qum
243 3819 294 3848 ex
307 3808 420 3848 Livio
436 3810 556 3857 (vlit
572 3840 584 3859 ,
604 3810 668 3859 6),
685 3810 816 3849 multo
833 3809 994 3849 brevius
1008 3819 1131 3858 quam
1146 3810 1286 3847 Noster
1303 3818 1388 3847 rem
1409 3809 1632 3857 exponente
1644 3837 1655 3856 ,
1687 3807 1857 3846 conferri
1882 3809 2070 3857 possunt,
2088 3817 2215 3856 quum
2244 3807 2379 3855 paucis
2403 3804 2695 3849 contineantur,
2723 3813 2794 3851 ap·

128 3876 270 3917 ponam
294 3882 304 3907 ε
338 3871 555 3909 consentit
573 3872 615 3908 et
631 3871 807 3909 senatus
830 3868 1017 3912 bellunm
1035 3867 1330 3918 consulesque,
1357 3865 1520 3906 duobus
1547 3867 1722 3915 scriptis
1740 3865 1996 3904 exercitibus
2010 3876 2087 3915 per
2105 3867 2270 3903 Marsos
2293 3865 2570 3912 Peliqnosque
2586 3860 2764 3909 profecte·
2778 3887 2790 3903 ‚

129 3922 329 3973 adjuncto
345 3927 606 3966 Santnilium
621 3928 837 3970 exercitu,
858 3925 916 3964 ad
939 3927 1152 3975 Capuam,
1170 3925 1359 3976 quojam
1378 3926 1520 3963 Latini
1536 3926 1724 3973 sociique
1736 3926 2020 3963 convenerant
2034 3953 2044 3971 ,
2063 3925 2209 3964 castra
2225 3924 2406 3972 ponunt.
2427 3922 2643 3970 Aqt'latum
2662 3920 2795 3957 etiam

131 3983 178 4021 in
192 3983 368 4023 concilio
387 3985 475 4032 est,
492 3986 543 4023 ut
558 4013 569 4031 ,
597 3987 634 4023 si
668 3984 842 4034 quando
869 3994 1068 4035 unquam
1089 3994 1230 4023 severo
1246 3983 1388 4022 ullum
1411 3984 1588 4032 imperio
1612 3983 1771 4021 bellum
1799 3982 2157 4022 administratum
2184 3984 2315 4024 esset,
2346 3983 2446 4019 tunc
2469 3980 2534 4016 uli
2563 3976 2795 4025 disciplina

131 4038 333 4079 „abluaris
342 4040 566 4092 adpriscos
583 4042 851 4092 rediqeretur
866 4052 1014 4081 mores.
1029 4064 1078 4070 —
1096 4048 1130 4081 t.
1149 4043 1387 4092 οὐατουρνὼν
1398 4041 1539 4082 codex.
1550 4062 1598 4069 -
1610 4046 1645 4080 2.
1661 4041 1844 4085 διεξίεσαν
1853 4040 1994 4079 codex.
2011 4061 2058 4067 —
2074 4044 2110 4078 3.
2130 4040 2258 4083 ἀπιθὲς
2275 4038 2412 4077 codex.
2427 4060 2477 4069 -
2486 4039 2522 4075 4.
2537 4049 2566 4074 π
2580 4048 2600 4073 ο
2610 4035 2630 4072 λ
2640 4035 2657 4072 ε’
2667 4048 2694 4083 μ
2706 4048 2739 4072 ω
2750 4031 2797 4084 ν]

131 4095 278 4159 πόλεων
292 4098 431 4138 codex.
450 4120 502 4128 —
515 4105 550 4140 5.
568 4101 724 4139 lnelusa
743 4101 936 4150 supplevi.
960 4103 1009 4140 V.
1036 4101 1170 4140 Livius
1188 4102 1277 4139 Vlll
1291 4130 1301 4150 ‚
1321 4104 1359 4140 8.
1457 4101 1460 4103 ’
