3016 4628
280 331 368 373 164

698 435 1132 484 ΚΟΛΟΦΩΝΙΩΝ.

863 569 968 612 197.

344 667 590 712 Athenaeus
612 668 741 719 xlv,
775 682 824 726 p.
849 666 962 720 618,
990 667 1061 708 E:
1091 654 1178 709 Ἠν
1212 660 1254 706 δὲ
1279 658 1350 706 καὶ
1374 656 1445 703 ἐπι
1468 658 1559 706 ταῖς

276 737 425 802 ἐώραις
448 757 510 791 τις
533 737 600 784 ἐπ’
617 736 841 801 Ἠριγόνη,
856 736 908 793 ἣν
926 734 998 781 καὶ
1022 734 1190 790 ’Λλῆτιν
1206 731 1403 794 λέγουσιν
1427 726 1558 792 ᾠδήν.

278 809 569 873 Ἀριστοτέλης
594 813 692 870 γοῦν
716 811 757 855 ἐν
782 812 834 872 τῇ
861 804 1142 870 Κολοφωνίων
1178 802 1374 864 πολιτείᾳ
1409 798 1559 865 φησίν·

336 881 535 929 Ἀπέθανε
568 881 724 928 δὲκαὶ
755 879 880 933 αὐτος
913 882 935 924 ὃ
974 877 1196 941 Θεόδωρος
1235 875 1408 937 ὕστερον
1434 869 1561 934 βιαίῳ

277 906 468 1020 θανάτῳ·
493 954 663 1017 λέγεται
694 953 738 1000 δὲ
770 951 964 1015 γενέσθαι
989 951 1156 1014 τρυφῶν
1184 966 1271 1003 τις,
1312 948 1368 998 ὡς
1403 946 1450 990 ἐκ
1487 961 1562 998 της

278 1026 491 1083 ποιήσεως
525 1025 652 1083 δῆλόν
687 1027 823 1072 ἐστιν·
865 1022 926 1069 ἔτι
961 1020 1043 1084 γὰρ
1079 1018 1152 1066 καὶ
1189 1023 1261 1065 νῦν
1299 1020 1342 1063 αἱ
1366 1020 1562 1079 γυναῖκες

281 1099 454 1163 ᾄδουσιν
479 1099 607 1144 αὐτοῦ
635 1095 743 1158 μέλη
765 1095 863 1169 περὶ
881 1092 955 1145 τὰς
978 1091 1179 1156 ἐώρας.»

345 1172 415 1219 Cf.
438 1173 603 1216 Pollux
618 1174 699 1226 lv,
724 1168 781 1213 55
808 1185 818 1215 :
840 1159 927 1214 Ἠν
945 1185 985 1211 τι
1002 1164 1044 1210 δὲ
1065 1183 1138 1211 και
1160 1164 1346 1220 ἀλητις’
1327 1179 1448 1227 ασμα
1468 1160 1562 1212 ταῖς

282 1241 460 1307 αἰώραις
499 1240 845 1306 προσᾳδόμενον,
877 1235 1102 1300 Θεοδώρου
1127 1234 1294 1295 ποίημα
1318 1237 1390 1280 τού
1423 1233 1562 1280 Κολο-

287 1315 462 1377 φωνίου.
488 1319 557 1361 De
586 1317 684 1359 festi
707 1315 885 1358 ratione
914 1329 960 1357 v.
979 1311 1206 1355 Meursius
1235 1309 1315 1354 Gr.
1342 1307 1428 1352 fer.
1456 1323 1492 1351 s.
1515 1322 1561 1352 v.

282 1387 456 1451 Αἷώρα,
490 1389 722 1434 Welcker.
748 1385 994 1441 Nachtrag·
1038 1399 1078 1429 z.
1115 1383 1225 1426 Tril.
1245 1397 1294 1440 p.
1327 1395 1418 1424 222
1440 1394 1560 1438 sqq.;

282 1461 550 1506 Schwenck.
588 1460 781 1504 Audeat.
808 1474 855 1516 p.
901 1455 960 1509 48
996 1471 1079 1514 sq.;
1102 1457 1352 1499 Hermann.
1390 1453 1563 1496 Cottas-

279 1535 461 1577 diemwl.
483 1531 678 1578 Altertlz.
699 1531 725 1590 ξ
746 1530 803 1574 26
825 1539 869 1574 et
894 1528 970 1574 62.

828 1643 990 1705 [1984

349 1756 553 1809 [Aristot.
577 1754 768 1807 Pol.IV‚
785 1750 828 1806 3,
843 1765 871 1809 9
894 1765 904 1796 ε
932 1747 1010 1795 Ἔν
1028 1747 1254 1810 Κολοφῶνι
1269 1743 1316 1790 τὸ
1339 1742 1561 1790 παλαιὸν..

282 1826 510 1882 ἐκέκτηντο
534 1822 703 1887 μακρὰν
732 1820 879 1868 οὐσίαν
901 1822 939 1867 οἳ
963 1818 1133 1871 πλείους
1157 1817 1256 1882 πρὶν
1278 1815 1474 1879 γενέσθαι
1494 1816 1566 1864 τὸν

283 1899 470 1958 πόλεμον
491 1895 595 1960 πρὸς
621 1896 713 1948 τοὺς
748 1892 923 1946 Λυδούς.
949 1889 967 1958 ]
999 1894 1148 1937 Alium
1184 1892 1377 1938 Aristot.
1411 1892 1569 1960 logum

281 1988 326 2017 v.
350 1973 405 2018 fr.
432 1972 536 2030 196.

716 2067 1123 2130 [MArNrrroN]

817 2193 930 2256 [198
955 2192 1022 2254 a.]

344 2307 412 2348 De
462 2305 702 2364 Magnesiis
745 2305 804 2348 ad
850 2303 1138 2348 Maeandrum
1188 2318 1290 2361 quae
1343 2310 1573 2346 memorat

280 2378 469 2422 Aristot.
486 2378 588 2420 Pol.
609 2378 688 2432 IV,
715 2376 758 2432 3,
780 2391 828 2436 2,
854 2376 962 2420 vide
975 2375 1032 2422 fr.
1061 2390 1171 2435 109.
1193 2377 1265 2420 De
1283 2374 1446 2419 iisdem
1470 2375 1572 2419 lau-

280 2449 415 2493 datur
441 2446 731 2510 Ἀριστοτέλης
767 2446 795 2504 ἢ
822 2446 1100 2513 Θεόφραστος
1134 2449 1178 2493 ἐν
1216 2446 1305 2500 τοῖς
1341 2445 1572 2509 Ὑπομνή-

283 2538 389 2581 μασι
407 2521 532 2581 apud
551 2523 822 2567 Athenaeum
843 2524 922 2578 IV,
948 2538 996 2581 p.
1023 2521 1129 2579 173,
1146 2523 1201 2578 F,
1222 2522 1306 2566 uhi
1322 2531 1575 2582 postquam

283 2596 464 2638 eSemo
487 2595 622 2638 Delio
656 2602 923 2640 narraverat
947 2595 1106 2639 Delios
1135 2595 1307 2639 Delum
1333 2595 1567 2640 venienti-

283 2667 370 2710 bus
402 2667 609 2725 praebere
642 2668 797 2729 salem,
833 2677 1015 2712 acetum
1042 2676 1088 2712 et
1119 2668 1276 2712 oleum
1301 2677 1348 2712 et
1376 2668 1504 2728 ligna
1528 2676 1577 2712 et

286 2802 482 2850 Chytrum
500 2803 744 2853 incolebant,
762 2805 802 2843 et
818 2804 1018 2844 insulanos
1030 2834 1041 2854 ‚
1063 2806 1103 2844 et
1127 2805 1233 2845 inter
1249 2803 1517 2855 Colophonios
1536 2804 1576 2843 et

288 2865 502 2906 NotienseS.

649 2963 1211 3016 COLOPHONIORUM.

883 3076 980 3115 197.

344 3169 438 3205 Erat
473 3168 589 3206 etiam
618 3169 813 3208 cantilena
844 3171 976 3220 aliqua
1007 3184 1129 3222 quam
1165 3174 1320 3213 Aletam
1351 3175 1502 3214 vocant
1541 3175 1581 3214 et

295 3232 533 3271 oscillorum
556 3234 663 3272 sestis
682 3234 820 3274 diebus
841 3239 989 3277 canunt
1009 3239 1047 3276 in
1070 3239 1262 3278 honorem
1283 3239 1476 3290 Erigonae.
1497 3240 1581 3279 Ari·

295 3295 456 3335 stoteles
485 3296 525 3334 in
555 3298 891 3348 Colophoniorum
917 3312 999 3351 rep.
1033 3303 1089 3342 ait
1125 3319 1134 3342 :
1158 3319 1177 3337 «
1209 3304 1393 3344 Mortuus
1409 3315 1506 3343 vero
1523 3305 1582 3344 est

295 3361 436 3399 deinde
456 3360 537 3410 ipse
563 3362 681 3401 etiam
701 3364 928 3405 Theodorus
951 3368 1080 3407 morte
1107 3368 1296 3409 violenta.
1325 3369 1482 3409 Dicitur
1504 3380 1579 3408 au-

297 3427 378 3464 tem
404 3426 519 3464 luisse
546 3425 665 3464 homo
691 3426 859 3467 luxuriae
890 3430 1118 3481 indulgens,
1145 3433 1253 3483 quod
1278 3433 1398 3473 etiam
1415 3444 1467 3473 ex
1493 3444 1583 3472 car-

297 3489 470 3528 minibus
485 3490 568 3538 ejus
584 3491 704 3538 patet.
735 3493 833 3529 Nam
850 3493 1067 3534 etiamnum
1091 3496 1274 3537 mulieres
1307 3498 1484 3538 carmina
1501 3497 1586 3548 ejtls

299 3555 448 3591 canunt
469 3552 710 3593 oscillorum
729 3554 836 3593 sestis
851 3556 1004 3596 diebus.
1027 3575 1044 3592 »

867 3633 1005 3687 [les]

351 3714 593 3764 [Colophone
608 3714 702 3753 olim
715 3745 727 3761 ,
741 3716 951 3765 antequam
966 3717 1113 3758 bellum
1127 3720 1318 3762 adversus
1330 3721 1458 3773 Lydos
1474 3724 1587 3764 ortus

301 3782 399 3819 esset
412 3810 423 3829 ‚
445 3780 570 3828 major
581 3791 676 3830 pars
694 3781 841 3819 civium
861 3792 1020 3831 magnas
1036 3783 1241 3826 facultates
1257 3788 1508 3841 possidebat]

664 3884 1184 3947 [MAGNESmRUM.
1206 3890 1223 3952 J

852 3993 954 4044 [198
977 3995 1038 4047 a.]

354 4086 599 4135 ltristotcles
630 4088 693 4126 vel
718 4087 1011 4139 Theophrastus
1041 4093 1080 4130 in
1114 4094 1440 4148 Commentariis,
1475 4102 1589 4151 post-

305 4160 368 4198 qu
362 4159 422 4188 im
435 4149 485 4188 ‹lc
496 4152 585 4200 Mag,
574 4151 742 4190 netibus
757 4152 1000 4192 Moeandrum
1016 4153 1179 4195 nuvium
1196 4160 1460 4203 accolentibus
1473 4164 1588 4216 dixit,

306 4225 387 4249 125⁴·
416 4224 483 4252 eos
513 4215 756 4265 Delphorum
788 4217 970 4267 colonos,
1000 4220 1164 4259 eandem
1181 4234 1341 4272 operam
1358 4229 1591 4276 praestantes

309 4279 399 4318 tau-it
421 4280 711 4331 peregrinis-qui
740 4293 805 4321 ‹os
824 4284 1080 4325 conueniunt.
1103 4288 1235 4327 Verba
1253 4289 1336 4338 ejus
1360 4292 1474 4332 hmcs
1461 4297 1587 4336 <.:unt

1155 306 1563 366 AmsTo‘rssms
1598 312 2007 362 FRAGMENTA.
2055 342 2064 346 -

1636 426 1862 484 stragula,
1894 423 2048 482 peigit
2087 437 2097 465 :
2132 418 2475 484 Ἀριστοτέλης
2452 421 2486 467 ο’
2512 420 2540 479 ἢ
2575 420 2852 489 Θεόφραστος
2881 431 2926 478 ἐν

1636 495 1720 546 τοῖς
1745 491 2083 554 Ὑπομνήμασι,
2081 491 2202 580 ωπερὶ
2229 491 2477 552 Μαγνήτων
2499 491 2637 558 λέγων
2659 498 2744 543 τῶν
2768 496 2839 544 ἐπὶ
2859 501 2932 545 τού
2967 523 2969 526 ·

1638 565 1890 628 Μαιάνδρου
1911 566 2127 626 ποταμοῦ,
2145 562 2210 609 ὅτι
2233 565 2412 628 Δελφῶν
2432 568 2538 613 εἰσιν
2561 555 2733 615 ἄποικοι
2747 568 2935 628 ,τοσαύ-

1637 657 1712 691 τας
1735 632 2034 688 ἐπιτελοῦντας
2062 633 2214 688 αὐτους
2246 638 2364 685 ποιεῖ
2383 636 2531 702 χρείας
2553 645 2640 694 τοῖς
2670 658 2936 706 παραγιγνο·

1637 708 1777 771 μένοις
1796 710 1881 754 τῶν
1901 704 2049 766 ξένων,
2068 706 2205 771 λέγων
2223 706 2383 762 οὕτως·
2412 711 2704 774 «Μάγνητες,
2728 714 2767 760 οἱ
2788 712 2860 761 ἐπὶ
2875 716 2962 778 τῷ..

1637 779 1878 844 Μαιάνδρω
1898 782 2086 844 ποταμῶ
2115 785 2438 840 κατοικοῦντες,
2462 782 2568 847 ἱεροὶ
2590 787 2666 831 τοῦ
2686 787 2808 849 θεοῦ,
2827 786 2938 834 Δελ-

1639 854 1728 915 φῶν
1748 850 1938 911 ἄποικοι,
1959 850 2199 916 παρέχουσι
2223 854 2310 906 τοῖς
2332 855 2590 918 ἐπιδημοῦσι
2615 855 2788 920 στέγην,
2815 856 2940 917 ἅλας,

1638 921 1842 980 ἔλαιον,”
1817 918 1924 980 οξος,
1943 922 2191 988 ἐπίλυχνον,
2209 922 2371 983 κλίνας,
2396 925 2651 1008 στρώματα,
2673 926 2940 992 τραπέζας.»

1703 997 1815 1053 Quae
1835 990 2027 1055 quidem
2041 995 2372 1058 εΥπομνήμοιτα
2387 999 2624 1058 cujusnam
2646 1002 2827 1060 generis
2841 1002 2955 1048 fue·

1635 1069 1756 1124 rint,
1799 1070 1977 1116 neseio.
2007 1070 2140 1114 Alter
2175 1071 2305 1114 locus
2340 1087 2481 1130 quem
2514 1087 2573 1116 ex
2599 1065 2764 1117 iisdem
2801 1072 2940 1120 affert

1638 1141 1884 1185 Athenaeus
1906 1143 2034 1200 XIV,
2058 1158 2108 1202 p.
2138 1140 2248 1200 655,
2261 1143 2313 1198 C,
2340 1143 2400 1199 ad
2421 1144 2665 1189 historiam
2683 1146 2962 1192 naturalem-

1637 1214 1860 1272 pertinet.
3011 1216 3013 1218 '

2104 1299 2476 1370 (ΜΙΛΗΣΙΩΝ.)
2552 1268 2554 1270 ’

2241 1417 2350 1467 199.

1706 1505 1980 1550 Parthenius
2013 1507 2146 1550 Erot.
2168 1522 2211 1552 c.
2259 1511 2315 1559 14
2345 1518 2357 1552 :
2391 1503 2502 1570 Περὶ
2538 1500 2731 1560 Ἀνθέως.
2763 1498 2969 1573 Ἱστορεῖ
3007 1500 3012 1563 ζ

1641 1574 1937 1640 Ἀριστοτέλης
1953 1575 2027 1622 καὶ
2046 1579 2083 1623 οἱ
2091 1575 2146 1623 τὰ
2155 1575 2428 1635 Μιλησιακά.
2440 1606 2501 1613 --
2513 1575 2596 1625 Ἐκ
2604 1576 2650 1624 δὲ
2658 1576 2947 1644 Ἁλικαρνασ-
3006 1578 3010 1618 -Ῐ

1642 1651 1719 1694 σοῦ
1746 1653 1849 1701 παῖς
1862 1646 2050 1707 Ἀνθεὺς,
2077 1650 2126 1694 ἐκ
2153 1647 2373 1712 βασιλείου
2389 1647 2554 1711 γένους,
2578 1648 2807 1715 ὡμήρευσε
2825 1650 2947 1714 παρὰ
3006 1651 3009 1695 ζ.

1643 1718 1826 1784 (boeio,
1854 1719 1918 1766 ἑνὶ
1948 1722 2033 1766 τῶν
2061 1721 2303 1780 Νηλειδῶν,
2332 1719 2427 1768 τότε
2446 1724 2673 1785 κρατοῦντι
2695 1720 2943 1780 Μιλησίων.
2963 1763 2970 1781 ,y
3005 1732 3007 1734 ’

1643 1789 1811 1840 Τούτου
1842 1791 2086 1851 Κλεόὸοια,
2110 1791 2163 1850 ἥν
2188 1811 2299 1847 τινες
2319 1791 2580 1857 Φιλαίχμην
2609 1791 2841 1855 ἐκάλεσαν,
2866 1797 2944 1841 τοῦ

1644 1862 1816 1912 Φοδίου
1857 1863 1991 1927 γυνὴ,
2031 1865 2292 1928 ἐρασθεῖσα,
2330 1863 2473 1912 πολλὰ
2508 1866 2762 1928 ἐμηχανᾶτο
2796 1867 2855 1919 εἷς
2888 1864 2960 1922 τὸ,

1644 1935 2001 2001 προσαγαγέσθαι
2024 1936 2097 1984 τὸν
2131 1938 2287 1987 παῖδα.
2325 1936 2403 1991 Ὡς
2427 1935 2472 1983 δὲ
2498 1937 2653 1991 ἐκεῖνος
2674 1938 2942 1999 ἀπεωθεῖτο,
3003 1929 3006 1931 Δ

1646 2007 1751 2056 ποτὲ
1786 2008 1864 2072 μὲν
1898 2008 2078 2075 φάσκων
2117 2010 2345 2075 ὀρρωδεῖν,
2385 2008 2446 2072 μὴ
2478 2009 2725 2068 κατάδηλος
2756 2007 2960 2074 γένοιτο,

1645 2079 1750 2129 ποτὲ
1772 2080 1817 2128 δὲ
1841 2080 1926 2130 Δία
1948 2081 2079 2137 ξένιόν
2099 2081 2175 2129 καὶ
2199 2079 2343 2140 κοινὴν
2366 2081 2585 2148 τράπεζαν
2605 2081 2940 2172 προϊσχόμενος,

1653 2156 1682 2211 ἡ
1723 2153 1942 2202 Κλεόὸοια
1980 2156 2126 2208 κακῶς
2159 2154 2408 2246 φερομένη,
2443 2157 2486 2202 ἐν
2525 2156 2586 2220 νῶ
2621 2159 2711 2219 εἶχε
2733 2153 2946 2203 ιτίσασθαι

1648 2225 1794 2286 αὐτὸν,
1813 2228 1976 2286 ἀνηλεη
1996 2246 2043 2274 τε
2057 2245 2132 2274 και
2157 2227 2405 2292 ὖπέραυχον
2430 2201 2788 2290 ἀποκάλουμένη.
2806 2224 2948 2277 Ἔνθα

1647 2297 1728 2358 δὴ,
1757 2299 1916 2365 χρόνου
1959 2298 2210 2364 προϊόντος,
2243 2303 2320 2347 τοῦ
2362 2297 2489 2363 μὲν”
2464 2319 2620 2366 ερωτος
2661 2298 2944 2366 ἀπηλλάχθαι

1646 2370 1969 2436 προσεποιήθη·
1997 2370 2180 2437 πέρδικα
2201 2370 2246 2418 δὲ
2269 2370 2524 2426 τιθασὸν”εἷς
2550 2369 2661 2436 βαθὺ
2693 2368 2833 2438 φρέαρ
2866 2389 2949 2419 κα-

1654 2444 1968 2505 τασοὸήσασα,
1983 2447 2120 2494 ἐδεῖτο
2149 2450 2223 2494 τοῦ
2243 2444 2444 2506 Ἀνθέως,
2460 2443 2576 2500 ὅπως
2599 2443 2819 2494 κατελθὼν
2844 2444 2944 2493 ἀνέ-

1648 2519 1768 2567 λοιτο
1787 2517 1935 2567 αὐτόν.
1963 2521 2056 2568 Τοῦ
2077 2518 2122 2568 δὲ
2143 2519 2324 2582 ἑτοίμως
2351 2517 2677 2572 ὑπακούσαντος
2699 2516 2771 2566 διὰ
2791 2516 2842 2567 τὸ
2863 2537 2957 2581 μηα,

1650 2591 1720 2639 δὲν
1761 2595 2014 2658 ὑφορᾶσθαι,
2054 2595 2082 2650 ἡ
2122 2591 2342 2641 Κλεόὸοια
2379 2591 2560 2639 ἐπισείει
2592 2590 2796 2656 στιὸαρὸν
2830 2592 2950 2657 αὐτῷ

1648 2663 1826 2729 πέτρον.
1864 2659 1955 2713 Καὶ
1986 2668 2009 2713 ὃ
2041 2663 2120 2728 μὲν
2155 2668 2432 2731 παραχρῆμα
2463 2663 2702 2724 ἐτεθνήκει,
2731 2667 2760 2723 ἡ
2787 2662 2834 2712 δὲ
2864 2663 2950 2729 ἄρα

1653 2818 1673 2838 «
1690 2803 1893 2853 Magnetes
1908 2802 1978 2853 qui
1992 2802 2043 2842 ad
2062 2803 2312 2844 Maeandrum
2338 2803 2380 2843 ss.
2401 2802 2605 2854 habitant,
2624 2802 2700 2843 deo
2711 2802 2929 2843 consecrati

1651 2867 1900 2917 Delphorum
1926 2866 2080 2916 coloni,
2106 2866 2445 2917 peregrinantibus
2473 2867 2543 2917 qui
2570 2877 2640 2906 eos
2683 2865 2926 2906 conveniunt

1650 2930 1800 2970 lectum
1818 2929 2028 2980 praebent,
2053 2929 2200 2979 salem,
2217 2929 2352 2970 oleum
2366 2959 2378 2980 ,
2394 2930 2554 2971 acetum
2565 2959 2578 2981 ‚
2600 2929 2830 2980 lucernam,
2849 2931 2931 2970 stra

1651 2994 1762 3045 gulas
1775 3023 1787 3044 ‚
1810 2993 1955 3043 lectos,
1970 3002 2141 3043 mensas.
2162 3009 2182 3028 »

2059 3101 2521 3175 (MltesloRUM.
2545 3116 2558 3181 )

2251 3236 2350 3277 199.

1709 3343 1769 3380 De
1799 3341 1967 3382 Anthe0.
1999 3342 2142 3382 Narrat
2157 3341 2388 3383 Aristoteles
2405 3341 2446 3382 et
2460 3340 2671 3392 scriptores
2687 3350 2820 3381 rerum
2843 3341 2926 3382 Mil

1657 3404 1869 3444 siacarum.
1884 3426 1937 3434 -
1956 3405 2135 3445 Antheus
2153 3405 2248 3456 regii
2268 3406 2422 3456 generis
2436 3414 2486 3445 ex
2508 3404 2781 3445 Halicarnasso
2817 3404 2906 3445 adol
2933 3405 2938 3411 '

1656 3481 1770 3510 scens
1779 3470 1929 3510 Phobio
1941 3471 2088 3511 Nelidae
2097 3472 2195 3511 tunc
2206 3470 2369 3511 Milesiis
2379 3469 2590 3520 imperanti
2605 3468 2720 3509 obses
2733 3468 2850 3509 datus
2864 3468 2905 3508 t'u
2919 3487 2922 3491 ⁴

1659 3537 1706 3574 ln
1735 3534 1855 3585 huJus
1884 3541 2062 3574 amorem
2099 3534 2287 3576 Cleoboea
2323 3533 2471 3584 (quam
2501 3531 2665 3582 quidam
2683 3531 2921 3573 Philoechm

1658 3597 1882 3647 vocarunt)
1913 3598 2053 3638 Phobii
2072 3608 2175 3637 uxor
2197 3597 2360 3647 illapsa,
2382 3595 2510 3635 multa
2523 3606 2618 3635 sane
2634 3594 2859 3636 machinata
2883 3610 2916 3629 ιτ

1658 3661 1806 3712 quibus
1820 3661 2115 3702 adolescentem
2131 3659 2310 3700 illiceret.
2341 3662 2477 3707 Quum
2495 3659 2630 3699 autem
2645 3659 2712 3700 ille
2731 3669 2820 3699 eam
2843 3658 2915 3699 av*

1658 3726 1829 3774 saretur,
1853 3724 2066 3776 aliquando
2085 3723 2263 3775 quidem
2269 3722 2456 3762 timorem
2484 3721 2726 3773 praetexuit,
2749 3732 2802 3762 ne
2813 3721 2918 3762 vid·

1660 3790 1724 3828 cet
1746 3788 1999 3828 manifestum
2022 3787 2062 3827 id
2088 3787 2225 3837 fieret,
2250 3785 2464 3837 aliquando
2487 3786 2622 3825 autem
2645 3785 2804 3837 hospitii
2823 3773 2898 3835 3119

1665 3862 1921 3892 communem
1954 3861 2136 3892 mensam
2174 3850 2361 3890 causatus
2390 3849 2473 3898 est,
2502 3848 2658 3888 tamdiu
2686 3849 2733 3888 ut
2766 3848 2882 3890 Cleo
2902 3865 2907 3881 ι

1660 3926 1764 3966 aegre
1787 3926 1870 3955 rem
1895 3915 2044 3963 ferens,
2068 3914 2109 3954 in
2132 3913 2266 3963 animo
2285 3911 2449 3953 haberet
2470 3912 2606 3952 ulcisci
2641 3922 2757 3962 eum,
2779 3910 2836 3952 im
2876 3915 2898 3957 ’ᾖ
2912 3913 2925 3955 ’,

1664 3979 1863 4020 ricordem
1884 3979 2014 4030 ipsum
2031 3980 2073 4019 et
2091 3978 2308 4030 superbum
2327 3987 2489 4017 vocans.
2507 3980 2640 4024 Quare
2657 3976 2848 4028 temporis
2866 3996 2874 4034 3
2888 4018 2907 4035 ,Ν

1662 4054 1797 4094 gressu
1815 4053 1993 4083 amorem
2019 4042 2061 4082 in
2083 4052 2126 4082 se
2147 4040 2390 4082 exstinctum
2417 4039 2655 4090 simulabat,
2675 4049 2724 4079 ac
2757 4049 2887 4102 perp(

1665 4109 1840 4150 cicurem
1863 4109 1905 4148 in
1924 4107 2169 4158 profundum
2191 4109 2357 4157 puteum
2372 4105 2611 4155 demittens,
2628 4104 2828 4162 Antheum
2878 4099 2911 4136 1²¹

1662 4172 1722 4212 vit
1740 4173 1786 4211 ut
1797 4171 2052 4212 descenderet
2067 4171 2188 4221 atque
2202 4170 2428 4210 extraheret
2441 4168 2569 4210 illam.
2582 4168 2654 4208 lile
2670 4167 2805 4218 itaque
2830 4172 2873 4219 q

1666 4237 1848 4286 prompte
1863 4234 2042 4275 obediret
2059 4233 2182 4284 (nihil
2199 4233 2303 4273 enim
2316 4232 2412 4272 mali
2430 4230 2750 4282 suspicabatur),
2772 4229 2818 4270 el
2829 4245 2842 4265 ι
2852 4246 2859 4263 ι
2879 4234 2896 4266 ³„

1664 4310 1781 4350 super
1794 4311 1884 4340 eum
1896 4299 2028 4349 dejicit
2039 4299 2172 4350 ingens
2185 4308 2340 4349 saxum,
2354 4297 2460 4338 unde
2472 4296 2535 4337 ille
2546 4296 2679 4337 statim
2694 4294 2875 4336 mortuus
2890 4310 2921 4342 ι,-
