3016 4628
284 285 375 325 202

278 386 329 428 in
356 383 486 428 libris
505 380 722 426 omnibus
741 378 955 439 quaedam
973 377 1163 436 trajecta
1182 387 1289 421 sunt
1311 386 1356 422 et
1381 377 1429 421 in
1457 377 1566 420 alie-

278 471 387 499 nam
411 454 568 499 sedem
603 453 889 514 migrarunt3
922 452 1011 495 alia
1043 451 1092 494 in
1118 451 1372 509 archetypo
1406 450 1479 493 vel
1509 447 1569 492 ad

278 527 536 586 marginem
568 525 643 569 vel
675 526 797 568 inter
829 538 986 567 versus
1014 537 1104 582 pro
1131 537 1230 566 var.
1266 522 1371 565 lect.
1410 528 1569 564 notata

280 614 407 642 nunc
435 597 702 642 deformant
727 604 906 640 textum
945 610 955 638 :
983 594 1194 653 exempla
1224 602 1361 637 sunto
1386 593 1444 638 fr.
1483 591 1567 646 38,

280 671 341 716 fr.
384 686 438 726 17
476 679 618 725 extr„
658 668 716 716 fr.
756 684 797 724 1,
833 667 860 712 3
895 676 941 711 et
971 682 1045 711 10.
1084 666 1249 710 Errori
1282 666 1379 708 haec
1403 665 1570 708 merito

282 743 574 803 imputantur
598 758 609 785 ε
636 741 694 786 ab
716 739 1086 800 interpolationis
1107 739 1411 798 protervitate
1434 751 1572 796 pror·

281 830 356 859 sus
383 823 571 870 vacant,
606 813 756 858 doctae
777 812 969 873 quidem
995 811 1364 870 interpolationis
1395 818 1442 853 et
1472 824 1573 867 quae

283 888 442 931 fucum
470 886 623 931 facere
655 884 967 945 prudentibus
995 884 1154 942 possit.
1188 884 1336 926 Pauca
1363 881 1575 939 quaedam

284 959 513 1018 ejusmodi
525 959 861 1018 simplicitatem
879 966 924 1000 et
942 955 1256 1000 innocentiam
1271 954 1577 1012 glossatorum

282 1031 518 1091 produnt,
542 1031 685 1074 veluti
708 1029 766 1074 fr.
801 1045 818 1072 1
837 1063 850 1084 ,
876 1043 901 1071 2
931 1027 991 1070 ad
1008 1024 1076 1070 ἐπ’
1101 1023 1172 1086 ἴσῃ
1194 1022 1266 1069 καὶ
1288 1021 1415 1086 ὁμοίᾳ
1449 1023 1578 1082 adje-

286 1113 452 1148 cerunt
472 1103 602 1147 alteri
622 1099 750 1164 μοίρᾳ
765 1135 778 1158 ,
802 1100 933 1144 alteri
952 1099 1079 1158 τιμῇ;
1104 1098 1162 1143 fr.
1188 1096 1243 1141 18
1258 1111 1403 1155 quum
1426 1096 1576 1141 Φᾶσιν

286 1173 336 1220 τὸ
372 1173 413 1228 ἐξ
449 1175 586 1237 ἀρχῆς
621 1171 813 1234 (Ηνίοχοι
852 1166 1075 1232 κατῴκουν
1119 1169 1206 1213 sibi
1247 1164 1375 1232 φασὶν
1415 1167 1578 1212 audire

286 1248 576 1299 viderentur,
600 1242 726 1308 φασὶν
747 1246 802 1294 ὣς
818 1239 866 1286 τὸ
885 1241 982 1286 κτλ.
1004 1249 1264 1301 posuerunt
1286 1248 1375 1284 etc.
1404 1265 1468 1273 --
1491 1240 1578 1284 Al-

289 1329 363 1363 ter
378 1327 532 1362 autem
557 1317 771 1360 librarius
792 1313 1032 1373 (dicebam
1057 1313 1180 1356 enim
1200 1313 1444 1355 minimum
1462 1311 1580 1355 duos

289 1392 589 1448 archetypum
646 1387 856 1431 codicem
902 1383 1223 1445 descripsisse)
1269 1385 1581 1443 superstitiose

291 1463 525 1521 exemplar
549 1475 682 1504 suum
705 1459 907 1501 imitatus
927 1465 992 1500 est
1007 1491 1019 1512 ,
1040 1458 1155 1500 alter
1176 1457 1300 1500 lectu
1317 1455 1583 1500 difficiliora

291 1534 555 1578 transmisit.
580 1531 749 1576 Prioris
775 1529 954 1573 familiae
974 1529 1192 1572 codicum
1208 1536 1341 1572 testes
1362 1529 1585 1573 habemus

294 1617 407 1661 tres,
431 1606 556 1649 ABC
571 1639 583 1661 ,
608 1604 793 1647 alterius
817 1602 1052 1659 reliquos,
1076 1602 1157 1659 qui
1177 1635 1189 1657 ,
1213 1609 1267 1645 ut
1294 1599 1346 1644 fit
1371 1603 1421 1644 in
1443 1603 1584 1645 novi-

294 1680 374 1722 ciis
393 1678 548 1732 libris,
568 1675 735 1735 singuli
761 1674 953 1733 singulis
975 1674 1214 1717 erroribus
1237 1675 1464 1734 inquinati
1482 1683 1587 1718 sunt

294 1750 382 1794 sibi
403 1748 730 1808 peculiaribus.
758 1747 895 1790 Prior
917 1745 1088 1789 familia
1119 1761 1267 1803 eaque
1301 1747 1439 1806 longe
1466 1748 1587 1791 inte-

294 1823 425 1882 grior
448 1820 734 1864 conservavit
756 1833 856 1876 quae
875 1818 924 1866 in
947 1818 1090 1862 altera
1105 1817 1287 1866 desunt.
1309 1816 1362 1864 V.
1384 1819 1441 1863 fr.
1469 1835 1516 1878 9,
1539 1835 1584 1863 2.

301 1910 373 1939 11.
408 1909 483 1938 2o.
521 1908 600 1938 22.
629 1889 707 1935 25.
737 1906 812 1947 27.
850 1890 934 1945 31,
977 1906 1016 1936 1.
1050 1890 1135 1945 32,
1164 1905 1210 1934 2.
1249 1891 1422 1935 Contra
1445 1891 1589 1935 bisin

297 1967 458 2024 priore
492 1966 748 2022 intercepta
784 1971 890 2006 sunt
925 1963 1150 2021 paucula,
1188 1978 1291 2021 quae
1336 1963 1592 2007 deteriores

299 2037 632 2081 custodierunt.
660 2037 716 2080 V.
753 2034 810 2080 fr.
833 2032 886 2090 8,
913 2049 960 2078 2.
1005 2033 1057 2090 3,
1088 2050 1134 2090 7.
1171 2034 1392 2078 Similiter
1415 2034 1592 2093 ubique

297 2110 544 2154 discrimen
567 2108 808 2165 utriusque
842 2106 1026 2150 familiae
1057 2107 1175 2150 mira
1209 2108 1448 2166 scripturae
1488 2123 1595 2150 con-

294 2183 457 2226 stantia
472 2179 706 2240 proditur.
763 2181 937 2223 Tamen
951 2195 1143 2239 prorsus
1166 2181 1321 2239 respui
1342 2181 1596 2224 deteriores

296 2254 483 2297 codices
505 2268 603 2296 non
621 2261 841 2311 poterant
862 2267 876 2294 z
913 2267 1022 2296 nam
1046 2252 1108 2296 ad
1131 2250 1273 2296 fidem
1294 2253 1596 2297 librariorum

297 2327 379 2384 qui
411 2326 627 2368 meliores
662 2324 1031 2384 descripserant,
1071 2340 1171 2368 non
1202 2326 1397 2385 exiguus
1433 2333 1597 2385 stupor

299 2400 510 2453 accessit,
536 2397 662 2442 unde
695 2413 812 2457 saepe
836 2413 1035 2442 numero
1055 2398 1185 2442 ABC
1208 2397 1464 2442 futilissima
1487 2400 1599 2442 vitia

299 2472 522 2526 offerunt,
548 2487 577 2515 a
598 2470 769 2530 quibus
799 2472 1030 2531 immunes
1046 2480 1155 2515 sunt
1173 2471 1283 2514 libri
1311 2471 1568 2515 deteriores
1583 2505 1596 2527 ,

298 2559 502 2602 quorum
518 2543 784 2586 auctoritati
803 2543 931 2587 haud
950 2559 1059 2587 raro
1080 2543 1439 2602 obsequendum
1458 2543 1562 2587 fuit.
1579 2564 1597 2582 υ

302 2616 533 2658 Hactenus
556 2614 615 2658 de
638 2616 818 2659 ratione
838 2615 1060 2660 codicum
1082 2615 1486 2661 Schneidewinus.

367 2690 527 2732 Restat
537 2697 589 2731 ut
599 2688 854 2745 videamus,
868 2689 984 2747 quid
995 2689 1054 2733 de
1063 2689 1432 2749 fragmentorum
1441 2689 1601 2733 indole

306 2770 354 2804 et
377 2762 559 2820 origine
575 2762 665 2804 viri
686 2761 814 2805 docti
839 2771 1070 2806 censeant.
1101 2763 1284 2806 Primus
1300 2763 1350 2805 in
1364 2763 1485 2806 hanc
1500 2778 1601 2806 rem

308 2832 544 2889 inquisivit
578 2833 839 2878 Koa-anus.
869 2835 963 2891 Qui
998 2850 1101 2893 quae
1124 2835 1366 2879 verbosius
1387 2834 1602 2893 disputa-

308 2905 396 2958 vit,
415 2919 468 2947 ea
489 2905 647 2962 paucis
669 2906 1083 2964 comprehendam.
1108 2907 1386 2951 Heraclidea
1417 2916 1573 2952 nostra
1587 2942 1599 2963 ,

309 2977 398 3030 ait,
426 2975 597 3019 diversi
619 2986 726 3020 sunt
755 2979 937 3037 generis
960 2995 969 3022 :
994 2980 1086 3023 alia
1121 2994 1285 3023 eorum
1317 2979 1599 3039 fragmenta,

311 3048 398 3091 alia
426 3048 650 3106 epitomas
674 3048 828 3093 dicere
852 3050 958 3094 licet
977 3067 990 3107 3
1010 3052 1058 3094 in
1073 3052 1162 3095 illis
1181 3053 1331 3096 oratio
1361 3052 1600 3107 disertior,

315 3119 395 3163 has
421 3121 572 3179 arguit
594 3136 745 3164 sermo
762 3122 968 3182 hiulcus,
991 3125 1184 3183 pessime
1204 3140 1372 3180 nexus,
1406 3124 1605 3169 subinde

316 3191 557 3237 obscurus.
578 3190 722 3236 Causa
741 3194 877 3252 hujus
897 3197 1219 3255 inaequalitatis
1242 3197 1415 3241 idonea
1438 3198 1513 3240 vix
1531 3197 1606 3240 in-

315 3264 463 3307 veniri
480 3273 631 3323 potest
653 3266 699 3308 in
717 3266 942 3326 languore
967 3285 1062 3327 quo
1085 3271 1407 3329 corripiuntur
1426 3270 1606 3314 librarii

317 3338 367 3380 in
420 3336 754 3393 describendo,
789 3339 1025 3400 diligentia
1054 3344 1295 3402 paullatim
1333 3343 1579 3389 deficiente
1591 3361 1604 3398 3

316 3423 461 3468 opera
488 3409 611 3452 enim
637 3418 726 3453 tam
746 3410 898 3455 brevis
923 3414 1081 3472 scripti
1107 3414 1401 3459 describendi
1424 3432 1523 3460 non
1545 3418 1609 3462 ita

319 3495 485 3539 magna
518 3489 641 3535 erat;
679 3490 724 3524 et
753 3490 849 3524 tum
885 3482 1117 3530 debuisset
1154 3486 1393 3547 diligentia
1430 3489 1608 3533 librarii

319 3553 581 3597 minutatim
616 3555 759 3613 magis
787 3557 1023 3614 magisque
1063 3573 1361 3616 evanescere3
1401 3561 1483 3606 sed
1517 3563 1608 3606 hoc

321 3633 487 3669 contra
512 3634 595 3669 est.
624 3627 773 3669 Porro
807 3628 855 3670 in
889 3627 1074 3673 delectu
1096 3646 1254 3674 rerum
1278 3642 1445 3677 auctor
1466 3635 1611 3679 libelli

320 3698 477 3756 inepte
505 3699 620 3758 egit;
653 3714 759 3742 nam
787 3701 1050 3758 gravissima
1074 3704 1293 3748 omittens
1328 3706 1378 3748 in
1400 3707 1610 3751 medium

322 3769 504 3828 profert
536 3770 678 3813 multa
715 3770 939 3815 levissima
964 3781 1008 3816 ct
1031 3789 1055 3815 a
1089 3775 1360 3820 Politiarum
1384 3780 1612 3838 scriptore

324 3856 518 3901 prorsus
547 3843 719 3904 aliena,
746 3843 887 3886 veluti
917 3847 1224 3904 geographica
1241 3882 1254 3906 ,
1278 3849 1581 3911 biographica
1597 3886 1609 3907 ,

325 3914 642 3974 mythologica
663 3948 676 3970 ,
724 3918 1040 3974 grammatica.
1094 3920 1306 3978 Denique
1347 3924 1384 3966 si
1443 3926 1609 3968 seriem

321 3995 500 4046 spectas
534 4002 625 4045 qua
654 3988 844 4047 singulae
882 3989 1056 4047 politiae
1091 4006 1137 4034 se
1172 3994 1440 4051 excipiunt,
1475 3997 1615 4041 chaos

327 4059 467 4103 habes
490 4058 733 4103 confusum
755 4068 799 4103 et
823 4060 1124 4120 indigestum.
1154 4065 1339 4108 Frustra
1362 4070 1536 4127 cogitas
1556 4069 1615 4113 de

329 4130 495 4174 ordine
519 4130 723 4189 quodam
745 4132 1081 4192 chronologico
1101 4169 1112 4188 ,
1145 4134 1203 4178 (le
1227 4138 1386 4193 gentili
1419 4139 1615 4197 conjun-

331 4210 508 4247 ctarum
539 4203 744 4262 gentium
780 4201 1026 4261 affinitate,
1054 4205 1112 4250 de
1149 4200 1308 4251 mu'tua
1346 4210 1614 4254 Politian-um

1244 266 1638 315 nemetim-,s
1675 230 2014 335 Pois-rmus

1644 378 1903 421 vicinarum
1921 372 2239 436 similitudine.
2269 372 2359 415 Tot
2383 378 2615 430 tantaeque
2638 370 2789 415 turbae
2821 387 2908 432 qu.
2977 361 2979 363 ’

1642 448 1789 494 modo
1821 455 1934 492 ortae
1965 448 2058 491 sint
2074 479 2088 502 ,
2119 445 2296 504 optime
2332 444 2596 503 explicatur
2621 444 2658 488 si
2686 451 2880 489 statuam
2923 465 2928 471 ·

1643 521 1900 581 fragmenta
1938 527 2093 563 nostra
2129 519 2318 562 cinnum
2342 530 2436 560 esse
2469 530 2527 560 ex
2547 517 2763 575 pluribus
2791 517 2937 578 iisqu:

1645 593 1836 637 diversis
1890 592 2021 635 libris
2067 597 2461 649 coagmentatum.
2489 589 2676 633 'Priora
2729 590 2866 648 quin
2908 611 2941 642 ··.¹
2973 593 2980 639 g

1646 665 1902 724 fragmenta
1922 678 2032 707 vere
2053 663 2246 722 politica
2267 661 2462 717 fuerint3
2479 661 2660 720 reliqua
2674 662 2762 706 nisi
2776 663 2906 706 omn'
2937 702 2939 704 .
2974 655 2981 718 ξ

1649 745 1773 780 certe
1803 737 2029 795 plurima,
2065 749 2122 778 ex
2159 734 2259 778 aliis
2296 732 2557 778 Heraclidis
2595 734 2779 778 Pontici
2811 734 2931 778 libr·

1650 808 1932 867 deprompta
1947 821 2041 850 esse
2061 805 2300 864 videntur,
2317 805 2492 849 scilicet
2507 819 2564 850 ex
2577 820 2721 864 opere
2739 802 2851 868 Περὶ
2867 802 2921 863 νή
2976 794 2983 882 Ξ

1651 897 1736 925 σων
1764 881 1857 939 (fr.
1882 895 1924 936 7.
1960 878 2008 924 8.
2033 895 2080 938 9.
2115 892 2289 924 10.12.
2318 876 2392 924 13.
2427 891 2501 936 ¹9·
2535 882 2613 930 24.
2641 877 2722 926 26.
2753 878 2834 923 31.
2860 878 2919 925 32
2978 888 2989 934 t

1655 952 1731 999 36.
1760 953 1836 1008 37.
1863 952 1982 1012 40),
2008 966 2033 994 e
2054 947 2250 996 Κτίσεων
2274 949 2404 993 libris
2428 949 2506 1006 (fr.
2539 949 2612 996 18.
2641 965 2728 1001 21.
2753 949 2830 996 25.
2860 951 2926 998 αἱ
2978 933 2987 1004 Ξ

1655 1023 1714 1068 30
1733 1023 1746 1084 )
1762 1058 1774 1080 ,
1801 1040 1826 1068 e
1850 1025 1972 1067 libro
1992 1019 2102 1084 Περὶ
2126 1019 2350 1082 ὀνομάτων
2376 1029 2421 1065 et
2445 1020 2637 1066 fortasse
2661 1023 2751 1067 alia
2773 1037 2873 1067 exa
2895 1024 2940 1062 ‘'·›:
2979 1009 2988 1084 {-

1651 1098 1846 1155 scriptis.
1875 1095 2092 1141 Fundum
2117 1095 2482 1154 fragmentorum
2503 1109 2528 1138 e
2548 1094 2752 1153 politicis
2766 1103 2813 1139 et
2834 1110 2881 1155 g
2904 1119 2912 1133 ·
2938 1111 2941 1114 ⁴
2980 1087 2989 1155 ξ

1652 1169 1883 1227 graphicis
1907 1168 2127 1227 operibus
2154 1166 2414 1211 Heraclidis
2434 1182 2530 1210 esse
2551 1167 2685 1226 putat
2715 1167 2946 1227 petitunr
2982 1163 2988 1221 Ξ

1655 1240 1825 1284 deinde
1866 1240 1926 1284 ad
1962 1241 2218 1299 marginem
2257 1247 2478 1283 annotata
2515 1254 2573 1283 ex
2607 1240 2707 1283 aliis
2743 1238 2888 1297 ejusd
2943 1256 2945 1260 ·
2983 1236 2992 1287 ἑ

1655 1311 1859 1356 auctoris
1898 1313 2028 1356 libris
2051 1327 2144 1356 esse
2185 1320 2340 1356 censet
2371 1311 2533 1355 similia
2574 1311 2815 1370 quaedam,
2848 1327 2946 1372 qu·v
2985 1304 2993 1376 Ξ

1654 1392 1815 1442 postea
1831 1384 1881 1426 in
1901 1392 2169 1427 contextum
2207 1383 2368 1441 illapsa
2391 1382 2609 1427 ordinem
2637 1383 2911 1428 turbaverim
2986 1379 2993 1454 Ξ

1657 1458 1691 1499 T
1696 1456 1862 1499 itulum
1890 1453 1998 1517 Περὶ
2023 1454 2274 1511 πολιτειῶν,
2297 1456 2347 1498 in
2368 1455 2596 1513 ejusmodi
2614 1471 2773 1500 rerum
2788 1471 2938 1517 conge
2987 1466 2993 1516 Ξ

1657 1529 1773 1571 riem
1790 1529 1979 1572 minime
1993 1528 2260 1584 cadentem,
2285 1543 2310 1570 a
2330 1527 2525 1572 librario
2540 1527 2701 1572 fictum
2718 1543 2812 1572 esse
2826 1538 2932 1588 post

1660 1616 1801 1659 quam
1820 1616 1955 1644 verus
1977 1601 2137 1644 titulus
2156 1598 2228 1662 (v.
2247 1615 2288 1646 e.
2315 1597 2557 1662 Συναγωγὴ
2578 1599 2778 1663 ἱστοριῶν
2793 1601 2871 1645 vel
2895 1601 2932 1646 si
2990 1606 2995 1661 ζ

1660 1672 1806 1733 milis)
1834 1673 2090 1717 excidisset.
2116 1674 2330 1731 Denique
2356 1683 2597 1718 auctorem
2615 1674 2850 1732 Excerpto
2922 1694 2945 1714 e»
2990 1673 2994 1711 ἶ

1662 1745 1797 1790 fuisse
1824 1747 2082 1805 suspicatur
2105 1747 2344 1789 Heronem
2367 1747 2602 1806 Atticum,
2629 1761 2770 1804 quem
2796 1746 2925 1791 Suus

1664 1814 1906 1877 Ἐπιτομὴν
1933 1819 2017 1862 τῶν
2039 1814 2323 1880 Ἡρακλείδου
2341 1817 2537 1881 ἱστοριῶν
2560 1817 2808 1862 confecisse
2826 1827 2940 1864 testa

1666 1900 1756 1936 tur.
1777 1893 2011 1935 Hactenus
2030 1891 2265 1935 Koelerus.
2293 1892 2383 1949 Qui
2403 1907 2506 1950 quae
2527 1891 2586 1936 de
2603 1892 2816 1936 oratione
2835 1900 2883 1936 et
2900 1891 2948 1936 d

1667 1964 1845 2007 ordinis
1869 1963 2055 2007 defectu
2074 1964 2285 2017 monuit,
2320 1978 2374 2007 ea
2396 1965 2444 2007 in
2462 1965 2732 2008 universum
2760 1971 2888 2008 recte
2919 1984 2950 2004 :;

1665 2024 1866 2079 habent.
1898 2036 2097 2093 Reliqua
2133 2034 2256 2092 justo
2290 2034 2502 2094 pondere
2535 2044 2709 2081 carent.
2741 2037 2881 2089 Nam,
2910 2051 2942 2080 u

1668 2108 1777 2151 hinc
1819 2107 2054 2162 exordiar,
2099 2108 2369 2152 Heraclides
2410 2109 2488 2153 ille
2513 2141 2527 2164 ,
2571 2108 2702 2166 cujus
2740 2106 2953 2152 Histori.

1671 2181 1835 2223 Heron
1858 2181 2136 2238 excerpsisse
2169 2179 2356 2236 dicitur,
2395 2181 2564 2239 procul
2593 2180 2740 2225 dubio
2774 2196 2874 2225 non
2895 2195 2958 2229 a

1673 2253 1943 2296 Heraclides
1971 2253 2218 2307 Ponticus,
2247 2268 2388 2311 quem
2412 2249 2623 2315 Ἱστορίας
2646 2268 2840 2313 compos
2901 2275 2921 2291 r

1673 2341 1811 2368 nemo
1845 2325 2013 2381 tradit,
2040 2325 2120 2368 sed
2151 2325 2420 2369 Heraclides
2443 2325 2671 2381 LemhuS,
2698 2326 2852 2386 ampl'
2872 2346 2879 2351 -
2930 2341 2961 2377 ,χ

1674 2399 1987 2442 Historiartmi
2022 2399 2178 2456 operis
2225 2406 2407 2454 auctor,
2453 2398 2648 2458 intelligi
2689 2397 2831 2442 debet
2841 2430 2864 2454 ,-
2894 2413 2929 2443 u
2945 2425 2965 2435 ν-

1673 2480 1780 2529 post
1803 2472 2056 2515 Meursium
2076 2478 2337 2514 statuerunt
2358 2470 2612 2514 Roulezius
2635 2469 2695 2534 (l.
2721 2471 2753 2517 L
2770 2486 2820 2531 p.
2840 2485 2901 2528 27

1675 2545 1937 2588 Deswertus
1963 2541 2010 2606 (l.
2038 2544 2071 2586 1.
2098 2558 2147 2606 p.
2175 2542 2259 2586 161
2281 2541 2294 2602 )
2314 2577 2325 2598 ,
2342 2542 2618 2587 VVelckerus
2639 2540 2656 2603 (
2677 2543 2758 2587 ΚΖ.
2779 2543 2839 2588 Sc
2861 2564 2863 2566 ’
2907 2547 2916 2556 '
2963 2582 2965 2585 .

1676 2628 1750 2661 ten
1780 2620 1827 2673 I,
1869 2634 1921 2678 p.
1950 2616 2043 2670 458
2061 2617 2098 2678 ),
2139 2617 2233 2663 alii.
2270 2615 2412 2674 Quod
2437 2615 2610 2660 deinde
2633 2617 2851 2662 Koelerus
2876 2625 2967 2663 sta-

1678 2691 1766 2734 tuit
1795 2699 2014 2749 excerpta
2044 2699 2203 2733 nostra
2227 2704 2282 2733 ex
2313 2687 2529 2748 pluribus
2563 2689 2745 2748 scriptis
2769 2686 2918 2740 confla
2950 2720 2954 2727 ι

1677 2779 1771 2807 esse
1788 2754 1809 2822 ‚'
1827 2765 1909 2807 etsi
1928 2779 2092 2807 verum
2108 2763 2248 2806 fuerit
2261 2795 2274 2818 ,
2297 2777 2396 2805 non
2417 2769 2572 2805 tamen
2596 2776 2654 2805 ex
2674 2775 2730 2805 eo
2749 2761 2842 2806 hoc
2857 2775 2949 2806 con

1677 2837 1904 2894 sequitur,
1940 2835 2071 2894 quod
2095 2835 2242 2878 multa
2265 2835 2315 2877 in
2338 2833 2500 2876 libello
2524 2842 2955 2878 commemorantur

1679 2924 1781 2967 quae
1794 2908 1855 2952 ad
1872 2924 1945 2952 res
1965 2909 2179 2968 politicas
2189 2906 2315 2950 haud
2327 2906 2540 2965 proxime
2555 2907 2830 2965 pertineant.
2853 2908 2922 2951 Na
2951 2926 2957 2946 ι

1677 2983 1716 3026 si
1734 2982 1992 3042 fragmenta
2013 2981 2284 3025 Politiarum
2306 2979 2678 3023 Aristoteliarum
2696 2980 2943 3038 pervoluta

1679 3055 1823 3110 veris,
1855 3054 2036 3098 videbis
2065 3061 2250 3114 partem
2286 3067 2451 3096 eorum
2483 3050 2710 3110 majorem
2738 3052 2788 3096 in
2809 3052 2839 3096 i'
2874 3072 2881 3091 ι
2908 3073 2958 3092 a.»

1678 3127 1818 3186 plane
1848 3126 1990 3170 rebus
2025 3126 2222 3181 versari,
2264 3125 2448 3184 quasin
2479 3123 2725 3168 Heraclide
2758 3125 2882 3169 Koel-
2956 3145 2964 3165 ;

1682 3214 1741 3243 ex
1760 3199 2081 3259 geographicis
2097 3198 2288 3256 aliisque
2305 3196 2434 3241 libris
2454 3196 2672 3241 collectas
2691 3211 2783 3241 esse
2802 3205 2954 3244 censet

1680 3271 1806 3329 Quid
1825 3271 1957 3330 quod
1971 3271 2098 3315 haud
2106 3268 2258 3330 pauca*
2269 3269 2498 3328 ejusmodi
2510 3271 2560 3313 in
2577 3261 2824 3314 Heraclide
2837 3268 2942 3314 obvi

1682 3344 1810 3404 apud
1848 3345 1964 3388 alios
1997 3345 2248 3404 scriptores
2279 3358 2335 3387 ex
2367 3342 2624 3389 Aristotelis
2653 3342 2832 3387 Politiis
2859 3368 2866 3373 -
2907 3362 2912 3381 ι

1683 3426 1864 3462 rantur.
1890 3418 2046 3476 Atque
2080 3417 2313 3476 posterius
2348 3416 2441 3460 hoc
2465 3416 2562 3475 ipse
2583 3415 2724 3459 etiam
2758 3416 2896 3460 Koele

1685 3489 2010 3535 animadvertit
2055 3490 2105 3533 in
2147 3490 2370 3534 Auctario
2404 3487 2762 3532 annotationum
2796 3488 2944 3546 aliqu

1686 3564 1816 3607 annis
1836 3571 1943 3622 post
1966 3562 2124 3617 edito;
2150 3576 2304 3620 neque
2327 3568 2486 3604 tamen
2514 3566 2767 3618 propterea
2789 3567 2918 3604 sente

1688 3637 1798 3678 tiam
1817 3635 2013 3678 mutavit
2025 3668 2038 3689 ,
2053 3633 2136 3678 sed
2155 3633 2246 3677 hoc
2263 3640 2443 3677 tantum
2457 3626 2662 3686 addidit,
2681 3630 2928 3676 Heraclide

1688 3724 1742 3752 cx
1763 3706 2011 3752 Aristotele
2025 3706 2169 3750 multa
2185 3706 2234 3748 in
2248 3719 2356 3749 usus
2374 3719 2482 3748 suos
2498 3703 2777 3748 convertisse
2792 3736 2805 3758 ,
2825 3711 2905 3748 aut
2929 3724 2943 3761 a„

1688 3779 1858 3824 eisdem
1878 3794 1985 3823 cum
2003 3777 2251 3826 Aristotele
2282 3776 2491 3821 fontibus
2510 3789 2594 3820 sua
2625 3772 2892 3836 deprompsi

1754 3852 2052 3895 xvi-,munus
2093 3847 2105 3912 (
2132 3850 2181 3893 in
2218 3848 2387 3895 Rhein.
2428 3849 2553 3894 Mus.
2608 3848 2700 3892 vol.
2745 3849 2801 3903 V,
2855 3846 2911 3892 18

1688 3939 1738 3983 p.
1769 3922 1855 3966 113
1903 3937 1984 3980 qq.
2013 3929 2058 3965 et
2088 3921 2196 3964 hinc
2223 3921 2276 3964 in
2302 3919 2540 3966 Welckers
2558 3921 2638 3966 ΚΖ.
2669 3917 2920 3976 Schriften,

1690 4012 1737 4055 p.
1767 3993 1855 4047 451
1886 3990 2000 4055 sqq)
2027 4008 2140 4052 cumv
2157 3993 2349 4037 Koelero
2371 4001 2559 4037 eatenus
2584 3992 2719 4047 facit,
2754 4000 2927 4050 quate,

1690 4069 1788 4126 ipse
1820 4080 2010 4125 quoque
2049 4064 2305 4124 fragmenta
2359 4073 2518 4129 nostra
2560 4079 2617 4108 ex
2660 4054 2927 4126 complui-'⁷

1693 4137 1950 4184 Heraclidis
1988 4137 2116 4180 libris
2141 4133 2340 4180 conflata
2370 4149 2465 4179 esse
2492 4142 2642 4194 putat.
2677 4133 2846 4179 Libros
2898 4143 2915 4198 ’Ξ

1695 4213 1803 4255 istos
1824 4210 1941 4254 duos
1965 4210 2254 4268 potissimum
2277 4207 2410 4254 fuisse
2438 4208 2567 4264 vult,
2593 4221 2739 4251 unum
2772 4204 2878 4268 Περὶ
2923 4216 2928 4219 “
2953 4254 2954 4257 Ξ
