3016 4628
25 340 70 430 531*
1037 352 1311 403 mutus
1361 350 1795 400 ATHEMENsis.

1 492 5 534 ἴ
20 460 56 560 ίῇζ
717 505 763 539 2.

485 604 689 668 [ἸΡΙΤΗ
724 601 1075 663 ΣΥΝΤΑΞΙΣ.)

190 706 502 767 Harpocratio
541 719 551 746 ε
587 698 821 764 Ἀριστίωψ
847 696 1077 762 Ὑπερίδης
1094 694 1221 744 Κατὰ
1255 699 1401 757 Δημο-

118 777 303 830 σθένους.
322 767 457 827 Οὗτος
470 771 634 834 Σάμιος
654 770 730 833 μέν
748 767 903 827 ἐστινῆ
923 766 1218 827 Πλαταιευς,ε
1196 788 1252 821 ως
1274 768 1400 816 Δίυλ·

63 835 190 903 7’λός
244 847 441 911 (“.Υιλ)ος
491 841 735 908 corrupt.)
782 860 927 907 φησιν,
987 842 1036 888 ἐκ
1099 840 1401 934 μειρακυλλίου

120 989 414 1056 Ἡφαιστίωνα
447 987 570 1035 ἕνεκα
599 988 859 1050 διαλλαγῶν,
883 986 940 1040 ὥς
975 1005 1080 1051 φησι
1109 986 1324 1050 Μαρσύας
1356 988 1399 1032 ἐν

116 1065 148 1110 ι’
188 1065 270 1109 τῶν
310 1060 419 1126 Περὶ
458 1059 727 1125 Ἀλέξανδρον
765 1063 854 1124 (Ol.
902 1077 1009 1118 ιιι,
1045 1077 1098 1117 9.,
1127 1057 1252 1122 335).
1290 1061 1404 1106 Vide

115 1138 301 1195 Marsyae
325 1135 476 1180 Pellaei
499 1135 558 1183 fr.
580 1135 631 1194 9.

741 1247 786 1292 3.

518 1362 555 1404 E
588 1360 773 1405 LIBRO
806 1361 990 1406 NONO.
1055 1408 1075 1428 ‚

24 1535 27 1545 ,
179 1491 425 1535 Athenaeus
444 1491 522 1543 lV,
547 1504 595 1548 p.
628 1487 731 1545 155,
750 1490 791 1533 A
818 1504 828 1532 t
851 1485 1030 1540 Δίυλλος
1050 1485 1254 1548 (Διύαλος
1274 1489 1377 1533 libri
1391 1505 1403 1544 ;

26 1564 35 1579 ²
116 1577 240 1606 corr.
278 1557 399 1622 Cas.)
427 1558 462 1605 δ’
486 1562 509 1605 ὁ
538 1558 753 1616 Ἀθηναῖος
776 1559 820 1606 ἐν
845 1561 898 1621 τῇ
935 1557 1062 1622 ἐνάτῃ
1098 1561 1182 1605 τῶν
1208 1561 1404 1623 ἱστοριῶν

119 1632 266 1696 φησὶν,
314 1635 371 1684 ὡς
414 1631 694 1695 Κάσσανδρος
732 1633 781 1678 ἐκ
827 1630 1037 1685 Βοιωτίας
1081 1630 1281 1690 ἐπανιὼν,
1330 1632 1405 1679 καὶ

29 1722 53 1769 ''ss
94 1703 255 1769 ,θάψας
274 1703 345 1750 τὸν
372 1702 553 1768 βασιλέα
572 1703 647 1749 καὶ
674 1701 752 1760 τὴν
778 1702 1032 1766 βασίλισσαν
1058 1705 1101 1750 ἐν
1124 1700 1301 1767 Αἰγαῖς,
1332 1705 1405 1752 καὶ

6 1781 66 1838 ’,”
120 1776 212 1860 μετ’
237 1779 374 1821 αὐτων
405 1774 482 1832 τὴν
516 1774 699 1830 Κύνναν,
735 1773 813 1832 τὴν
844 1773 1086 1840 Εὐρυδίκης
1116 1775 1308 1841 μητέρα,
1333 1777 1406 1824 καὶ

118 1848 205 1900 τοῖς
246 1846 390 1900 ἄλλοις
422 1846 632 1908 τιμήσας,
667 1837 728 1900 οἷς
765 1846 1000 1910 προσήκει,
1023 1846 1096 1894 και
1138 1848 1408 1913 μονομαχίας

30 1917 55 1972 ,fs
121 1922 267 1983 αγῶνα
290 1919 456 1978 ἔθηκεν,
488 1921 544 1972 εἷς
576 1917 621 1966 ὃν
658 1917 904 1977 κατέδησαν
930 1919 1133 1985 τέσσαρες
1158 1923 1241 1967 τῶν
1278 1939 1408 1986 στρα-

26 2011 58 2055 L?
120 1995 298 2041 τιωτῶν..

7 2047 60 2132 Ῐζ
185 2067 391 2127 Diyllum
410 2067 631 2125 expressit
649 2066 888 2111 Diodorus
901 2068 1037 2124 XIX,
1062 2066 1144 2128 52,
1172 2031 1198 2112 5
1231 2066 1308 2128 (ad
1333 2069 1406 2116 01.

29 2142 89 2203 Ῑξχ,
128 2139 236 2195 116,
269 2155 311 2183 ι.
334 2154 376 2183 a.
403 2139 454 2184 C.
482 2138 574 2183 315
600 2139 757 2200 init.:)
786 2135 915 2186 Μετὰ
939 2137 998 2184 δὲ
1007 2142 1144 2186 ταῦτα
1176 2140 1410 2202 βασιλικῶς

57 2209 204 2280 ἤδη
229 2207 430 2272 διεξάγων
458 2209 770 2274 (Κάσσανδρος)
812 2208 866 2257 τὰ
890 2209 1002 2257 κατὰ
1025 2209 1103 2268 τὴν
1139 2210 1293 2275 ἀρχὴν,
1317 2213 1409 2259 Εὖ·-

9 2333 11 2336 ,
52 2281 85 2367 Ξ,
57 2257 296 2347 ρυδίκην
330 2299 403 2328 και
438 2281 660 2329 Φίλιππον
693 2280 791 2336 τους
826 2282 1092 2345 βασιλεῖς,”
1068 2302 1130 2330 ετι
1155 2282 1200 2330 δὲ
1226 2283 1410 2343 Κύνναν,

61 2353 177 2412 ἣν
200 2353 361 2400 ἀνεῖλεν
388 2352 614 2416 Ἀλκέτας,
641 2353 795 2419 ἔθαψεν
819 2356 862 2401 ἓν
890 2357 1070 2418 Αἰγαῖς,
1099 2355 1264 2402 καθάπ-
1247 2375 1292 2421 ρ
1323 2355 1412 2409 ἔθος

124 2445 176 2485 ην
213 2431 298 2478 τοῖς
339 2426 578 2489 βασιλεῦσι.
620 2426 824 2488 Ἰιμήσας
856 2425 900 2474 δὲ
934 2427 1030 2480 τους
1059 2428 1413 2484 τετελευτηκότας

91 2496 359 2562 ἐπιταφίοις
404 2500 567 2562 ἀγῶσι,
608 2497 851 2564 κατέγραφε
886 2502 970 2546 τῶν
1013 2499 1276 2548 Μακεδόνων
1317 2498 1413 2553 τους

96 2567 342 2631 εὐθέτους,
359 2569 605 2632 διεγνωκὼς
628 2572 684 2624 εἷς
709 2569 1035 2628 Πελοπόννησον
1058 2571 1319 2635 στρατεύειν.

41 2775 90 2879 {L

155 2644 260 2688 De
283 2641 468 2704 Cynna,
493 2645 696 2705 Philippi
719 2654 767 2713 et
783 2645 975 2689 Audatae
1002 2646 1168 2705 Illyriae
1194 2644 1316 2698 filia,
1350 2646 1408 2689 cf.

745 2787 789 2827 2.

555 2881 715 2931 PARS
749 2884 998 2932 TERTIA.

35 2912 95 3188 ³2³9&ss

133 3038 158 3087 ι’
183 3047 310 3098 prima
336 3049 597 3090 adolescentia
615 3051 765 3092 amicus
784 3053 859 3092 fuit
878 3054 1174 3103 Demosthenis,
1206 3066 1229 3093 a
1256 3066 1336 3104 quo
1365 3054 1415 3093 ad

52 3100 103 3188 ξ’.
133 3111 450 3162 Hephaestionem
461 3114 786 3156 reconciliationis
801 3127 919 3156 causa
937 3117 1079 3157 missus
1095 3119 1168 3168 est,
1186 3120 1230 3158 ut
1244 3120 1368 3169 Mars)
1375 3130 1418 3158 as

0 3174 3 3236 f
52 3156 95 3230 {a
132 3175 188 3216 ait
201 3176 303 3216 libro
317 3178 456 3228 quinto
471 3181 620 3219 Rerum
636 3181 863 3222 Alexandri.

748 3270 790 3310 3.

530 3362 568 3409 Ε
604 3361 794 3411 LIBRO
829 3362 1026 3414 NONO.

133 3502 140 3515 ¹
185 3458 338 3510 Diyllus
352 3461 599 3501 Atheniensis
612 3472 719 3501 nono
738 3462 1001 3503 Historiarum
1024 3463 1125 3504 libro
1144 3466 1300 3516 scribit,
1322 3470 1418 3507 Cas-

136 3521 321 3564 sanarum
350 3534 374 3563 e
405 3524 556 3564 Boeotia
582 3525 834 3574 redeuntem,
864 3537 990 3576 quum
1015 3538 1146 3578 regem
1176 3531 1216 3568 et
1247 3531 1419 3580 reginam

54 3578 100 3626 ³3
132 3586 348 3636 sepeliisset
367 3587 479 3638 AEgis,
496 3598 588 3628 cum
608 3588 734 3638 iisque
751 3592 930 3638 cynnam
949 3591 1116 3630 matrem
1139 3593 1362 3642 Eurydices,
1381 3598 1420 3635 et
1499 3597 1724 3647 Diyllusff).
1751 3598 1822 3637 Alii
1842 3597 2061 3636 secundum
2080 3596 2251 3636 ionicam
2267 3595 2477 3636 dialectum
2495 3602 2631 3633 vocem
2659 3590 2767 3627 ἰιιῑιτ·

66 3682 87 3717 .'.
112 3643 321 3691 omnibus
335 3651 548 3692 honoribus
567 3651 712 3703 quibus
727 3663 796 3703 par
811 3654 896 3693 erat
915 3656 1143 3704 prosecutus
1164 3660 1264 3697 esset
1279 3658 1420 3698 defun

68 4061 98 4085 ’ἓν

52 4146 90 4177 Ψ
137 4163 146 4183 ι

64 4182 89 4214 ²<

64 4354 95 4443 ἓ

22 900 44 924 μ’
118 922 159 967 δ’
183 923 346 985 ἑταῖρος
380 914 700 979 Δημοσθένους,
734 913 932 977 ἐπέμφθη
972 915 1008 960 δ’
1043 915 1115 960 ὕπ’
1143 915 1273 960 αὐτου
1298 913 1419 978 πρὸς-

124 2974 135 2979 ’
180 2985 372 3031 Aristion,
396 2987 550 3028 Samius
573 2988 632 3027 est
646 2989 710 3028 vel
732 2989 977 3038 Plataeensis,
995 2990 1212 3041 utDiyllns
1233 2991 1301 3030 ait.
1323 2990 1416 3030 lnde

2650 370 2739 410 362

1489 459 1694 518 Polyaen.
1709 459 1845 513 VIII,
1862 458 1941 502 60.
1963 458 2183 504 Arrianus
2202 463 2269 505 De
2289 463 2484 508 Success.
2504 466 2631 510 Alex.
2653 467 2757 526 §23

1490 546 1536 588 p.
1568 530 1659 581 243
1680 530 1842 574 Didot.
1866 529 1969 582 (ubi
1990 528 2207 590 Κυνάνη),
2228 535 2403 579 Ari-ian.
2432 537 2605 594 Exped.
2627 540 2752 585 Alex.

1486 603 1531 655 Ι,
1557 600 1607 656 5,
1641 616 1664 656 7
1695 601 1801 659 (ubi
1829 597 1995 661 Κύνα).

2023 692 2225 736 DUBIA.

1549 878 1794 923 Athenaeus
1813 876 1957 930 XIII,
1981 890 2033 934 p.
2066 873 2155 934 593
2169 909 2181 928 ‚
2202 876 2236 919 F
2257 888 2271 922 ε
2296 874 2537 939 Δημήτριος
2561 877 2604 923 δὲ
2622 882 2643 923 ὁ
2660 880 2763 926 Φα-

1481 946 1659 1012 ληρεὺς.
1714 946 1966 1007 Λαμπιτοῦς
2010 948 2086 1002 τῆς
2132 943 2303 1006 Σαμίας
2345 945 2511 1010 ἑταίρας
2557 949 2762 1010 ἐρασθεὶς,

1480 1018 1613 1076 ἡδέως
1641 1018 1692 1064 δι’
1710 1016 1841 1075 αὐτὴν
1861 1017 1934 1064 καὶ
1957 1016 2172 1078 Λαμπιτὼ
2199 1017 2553 1079 προσηγορεύετο,
2577 1017 2633 1071 ὥς
2662 1038 2763 1084 φησι

1484 1090 1684 1143 Δίυλλος·
1706 1090 1899 1136 ἐκαλεῖτο
1919 1087 1962 1135 δὲ
1986 1088 2059 1135 καὶ
2082 1090 2122 1137 X
2131 1087 2481 1153 αριτοὸλέεραρος.

1549 1164 1616 1209 Cf.
1640 1165 1778 1223 Diog.
1806 1164 1860 1208 L.
1887 1164 1943 1218 V,
1969 1162 2027 1219 76
2057 1178 2066 1206 ε
2092 1160 2278 1221 Δίδυμος
2302 1159 2347 1206 δὲ
2367 1162 2409 1206 ἐν
2428 1162 2763 1221 Συμποσιακοῖς,

1479 1233 1552 1280 καὶ
1587 1231 1966 1297 Χαριτοὸλέφαρον
2005 1231 2078 1278 καὶ
2121 1230 2343 1292 Λαμπετὼ
2376 1233 2598 1279 καλεῖσθαι
2638 1234 2761 1280 αὐτόν

1482 1303 1580 1367 (τὸν
1606 1302 1869 1366 Δημήτριον)
1898 1322 2026 1368 φησιν
2047 1303 2133 1350 ἀπό
2157 1322 2266 1356 τινος
2291 1302 2477 1367 ἑταίρας.

1547 1398 1564 1417 «
1591 1377 1862 1437 Legendum
1885 1376 2009 1435 apud
2026 1378 2297 1421 Athenaeum
2317 1374 2500 1436 Δίδυμος
2523 1394 2610 1437 pro
2631 1377 2764 1424 Δίυλ-

1478 1450 1548 1501 λος
1567 1459 1692 1492 recte
1716 1464 1771 1492 ex
1797 1448 1983 1494 Laertio
2007 1458 2292 1493 monuerunt
2313 1450 2400 1492 viri
2422 1449 2575 1503 docti,
2598 1451 2759 1494 Casan-

1479 1522 1630 1565 bonus
1665 1520 1724 1565 ad
1762 1522 1997 1565 Laertium
2039 1530 2086 1564 et
2127 1522 2353 1565 Meursius
2396 1521 2456 1565 ad
2494 1523 2769 1579 Hesychium

1479 1594 1625 1639 Miles.
1651 1591 1723 1652 (p.
1756 1592 1812 1636 16
1838 1600 1956 1636 extr.
1985 1588 2159 1653 Orelli).
2191 1612 2209 1632 »
2240 1594 2498 1652 Menagz‘us.

2044 1734 2047 1739 ,
2085 1676 2164 1739 (5-)

1548 1784 1700 1842 Etym.
1727 1783 1789 1828 M.
1811 1797 1862 1841 p.
1893 1780 2004 1840 526,
2030 1780 2088 1826 30
2121 1795 2133 1828 :
2160 1778 2274 1842 Κόμ
2287 1798 2344 1826 αν
2360 1780 2404 1843 α]
2437 1778 2554 1844 παρὰ
2578 1779 2625 1826 τὸ
2655 1780 2767 1842 κόμη

1484 1851 1647 1915 γίνεται
1671 1851 1852 1910 θηλυκὸν
1872 1851 2040 1914 κομάνη
2053 1871 2064 1882 ·
2084 1851 2132 1898 τὸ
2150 1852 2381 1917 οὐδέτερον,
2399 1851 2602 1914 κόμανον,
2628 1853 2702 1899 καὶ
2717 1853 2771 1898 τὰ

1488 1923 1698 1986 Κόμανα·
1715 1923 1907 2010 λέγεταιΝ
1909 1923 1992 1987 γὰρ
2016 1922 2087 1970 τὸν
2108 1923 2420 1986 Ἀγαμέμνονος
2448 1923 2535 1970 υἱὸν
2560 1922 2770 1987 Ὀρέστην

1485 1994 1694 2062 φεύγοντα
1721 1996 1831 2058 μετὰ
1854 1999 1931 2052 τ’ῆς
1958 1995 2143 2058 ἀδελφῆς
2159 1995 2293 2041 ἐκεῖσε
2318 1994 2395 2052 τὴν
2425 1994 2563 2057 κόμην
2597 1995 2770 2042 ἀποκεί-

1486 2073 1657 2132 ρασθαι.
1699 2068 1833 2122 Πόλις
1869 2066 2051 2129 Κόμανα
2077 2066 2275 2120 Θύιλλις
2309 2066 2664 2159 μεθερμηνεύεται
2701 2065 2773 2113 σύ·

1486 2159 1586 2187 σκια
1605 2138 1717 2186 κατὰ
1741 2138 1819 2196 τὴν
1841 2137 1998 2186 Ἰώνων
2018 2138 2176 2203 φωνήν.

1553 2215 1729 2259 Locum
1772 2214 2008 2257 turbatum
2056 2213 2118 2256 ita
2161 2212 2257 2257 fere
2296 2213 2578 2272 expleverim
2613 2225 2625 2257 ε
2678 2208 2770 2257 ὅθεν

1487 2284 1608 2338 πόλις
1642 2283 1826 2345 Κόμανα
1860 2282 2107 2344 ὠνομάσθη.
2154 2282 2332 2335 Δίυλλος
2367 2285 2439 2328 vel
2473 2286 2530 2336 ὡς
2566 2281 2771 2336 Δίυλλος·

1488 2356 1632 2410 ἄλλοις
1665 2357 1708 2402 δὲ
1743 2358 1840 2403 κτλ.
1866 2359 1974 2401 Post
1997 2355 2070 2401 καὶ
2096 2354 2150 2401 τὰ
2177 2355 2357 2416 Κόμανα
2377 2356 2565 2401 fortasse
2603 2356 2772 2400 excidit

1488 2426 1818 2479 Καππαδοκίας.
1841 2430 1946 2473 Fuit
1962 2430 2099 2473 etiam
2115 2426 2207 2491 ὅρος
2224 2426 2425 2487 Κόμανον
2448 2428 2768 2488 Cappadociae,

1490 2502 1619 2559 cujus
1651 2517 1707 2545 ex
1744 2501 1973 2546 Damascii
2003 2502 2106 2545 Vita
2143 2501 2311 2545 Isidori
2338 2502 2546 2545 meminit
2582 2500 2772 2544 Photius

1488 2575 1606 2620 Bibl.
1626 2590 1671 2633 p.
1692 2573 1801 2628 340,
1830 2573 1920 2619 18.
1945 2569 2015 2617 ε’πὶ
2036 2570 2105 2618 τὸν
2126 2570 2327 2632 Κόμανον
2357 2569 2405 2617 τὸ
2432 2569 2526 2634 ὄρος
2543 2572 2627 2616 τῶν
2644 2569 2772 2633 Ὀρε-

1490 2645 1691 2692 στιαδων.

1489 2784 1595 2831 ctos,
1627 2783 1827 2821 certamen
1856 2782 1975 2821 etiam
2002 2781 2167 2821 edidisse
2195 2779 2494 2831 gladiatorium,
2525 2779 2567 2818 in
2597 2777 2775 2827 illudque

1490 2844 1733 2885 descendisse
1747 2846 1935 2895 quattuor
1951 2855 2001 2884 ex
2016 2844 2217 2884 militibus.

2111 2911 2155 2951 4.

1541 2993 1764 3034 Demetrius
1798 2994 2009 3034 Phalereus
2042 3003 2178 3032 amore
2210 2993 2349 3040 captus
2375 2990 2596 3041 Lampitus‚
2635 2990 2774 3030 Samiae

1491 3059 1729 3107 meretricis,
1746 3059 1884 3098 lubens
1899 3060 1938 3098 et
1957 3059 2040 3108 ipse
2055 3057 2234 3107 Lampito
2253 3067 2294 3096 se
2313 3056 2499 3107 appellari
2529 3066 2664 3105 passus
2692 3058 2770 3097 esi,

1492 3126 1538 3164 ut
1549 3125 1604 3164 ait
1614 3124 1763 3175 Diyllus
1779 3123 2041 3175 (Didymus);
2056 3123 2160 3162 idem
2172 3133 2267 3162 vero
2279 3123 2396 3161 etiam
2409 3120 2777 3170 Cliaritoblepbarus

1495 3189 1546 3239 (i.
1559 3199 1595 3228 e.
1614 3191 1801 3228 venustis
1815 3187 2083 3239 superciliis)
2105 3186 2388 3236 appellabatur.

2110 3255 2152 3296 5.

1545 3343 1720 3394 Κόμανα.
1740 3347 1771 3382 Α
1789 3343 1889 3393 κόμη
1910 3342 1957 3381 fit
1979 3341 2128 3392 κομάνη
2156 3341 2411 3388 femininum,
2429 3340 2467 3378 et
2493 3339 2678 3377 nentrum
2701 3336 2767 3374 κὸ-

1496 3419 1613 3456 μανον
1628 3408 1669 3445 et
1683 3407 1731 3445 τὰ
1748 3406 1924 3456 Κόμανα.
1950 3405 2091 3454 (Cujus
2106 3404 2279 3445 nominis
2294 3403 2388 3443 urbs
2402 3405 2461 3442 est
2484 3399 2772 3451 cappadociae.)

1495 3472 1636 3509 Fertur
1655 3470 1759 3509 enim
1776 3469 2077 3519 Agamemnonis
2095 3469 2219 3508 filium
2238 3470 2419 3509 orestem
2433 3477 2525 3505 cum
2555 3475 2685 3503 sorore
2710 3465 2771 3501 fn·

1494 3532 1663 3582 gientem
1687 3533 1740 3571 ibi
1764 3543 1918 3571 comam
1934 3532 2173 3581 totondisse,
2189 3531 2294 3571 unde
2322 3540 2463 3572 nomen
2485 3528 2571 3567 urbi
2586 3526 2766 3565 inditum

1497 3665 1702 3711 pretantur
1723 3661 1888 3712 σύσκια,
1909 3662 2123 3702 umbrosa.
