3008 4542
248 244 340 284 574

245 335 498 391 ἀποδεικνὺς
521 334 599 394 τὴν
625 334 828 384 ἀπίθανον
855 336 987 385 αὐτοῦ
1019 339 1316 404 ψευδολογίαν.
1352 342 1543 405 (Sequi-

245 419 321 457 tur
341 410 590 471 disputatio
611 413 638 456 J
641 411 844 472 osephi.)

308 483 346 527 E
379 485 586 528 numeris
622 483 814 542 Josephi
854 484 1059 544 vulgaris
1098 487 1333 546 colligitur
1369 503 1547 535 summa

241 570 473 600 annorum
493 555 602 600 333.
627 555 835 600 Eandem
859 557 1039 616 praebet
1073 558 1098 601 J
1103 560 1302 617 osephus
1321 561 1541 606 Eusebia·

240 644 326 673 nus
351 629 550 690 (Chron.
582 631 710 674 Arm.
747 631 796 687 Ι,
818 629 922 691 21),
951 645 1232 689 quamquam
1251 647 1348 675 non
1368 633 1546 692 ubique

239 710 346 738 cum
366 703 528 739 nostro
549 695 755 754 Josepho
774 697 1020 741 consentit.
1049 695 1169 741 Nam
1203 697 1240 740 si
1263 708 1544 756 supputave-

236 768 300 811 ris
341 782 488 812 annos
527 769 650 828 regis
673 769 824 828 quinti
845 766 899 828 (*)
923 776 968 812 et
995 769 1111 811 sexti
1151 778 1197 812 et
1221 770 1545 827 quintidecimi

241 838 407 900 (quem
430 840 656 885 Eusebius
698 837 898 901 omisit),
933 841 1160 900 Josephus
1183 843 1431 887 Eusebium
1461 859 1543 888 su-

234 923 370 972 perat
385 914 516 958 annis
533 912 719 958 duobus
736 923 782 958 et
796 913 1031 957 mensibus
1054 912 1257 961 duobus.
1282 916 1415 960 Hanc
1428 932 1541 962 vero

231 985 549 1031 differentiam
572 986 798 1030 Eusebius
808 980 1033 1044 'exaequat
1043 1000 1115 1042 e0‚
1138 986 1270 1045 quod
1296 988 1428 1032 Horo
1442 991 1542 1050 regi

232 1059 398 1103 tribuit
418 1074 565 1103 annos
599 1058 655 1115 37
672 1092 684 1114 ‚
711 1073 890 1102 menses
915 1072 961 1114 7,
1003 1073 1151 1116 quum
1193 1059 1243 1102 in
1278 1075 1432 1119 graeco
1459 1063 1537 1105 J0.

228 1132 378 1191 sepho
406 1131 675 1175 tribuantur
698 1131 850 1176 eidem
882 1131 992 1175 anni
1017 1130 1097 1191 35,
1136 1147 1317 1176 menses
1357 1131 1402 1177 5.
1429 1136 1538 1179 Haec

232 1219 391 1249 rerum
418 1206 541 1249 ratio
562 1220 659 1248 non
677 1219 770 1248 esse
790 1213 944 1263 potest
966 1203 1182 1260 fortuita3
1202 1206 1451 1265 probabile
1475 1216 1541 1252 est

230 1269 370 1323 aliam
408 1279 435 1322 J
439 1277 602 1337 osephi
636 1278 958 1322 recensionem
1015 1278 1224 1322 habuisse
1261 1280 1509 1324 Eusebium
1523 1314 1537 1338 ‚

228 1351 368 1394 aliam
385 1365 477 1394 esse
487 1357 710 1396 nostram.
727 1351 795 1394 Eo
816 1350 916 1410 ipso
939 1358 1093 1394 autem
1106 1365 1286 1396 summa
1305 1367 1538 1397 annorum

231 1420 323 1466 333
345 1421 664 1469 confirmatur.
686 1424 789 1468 Huc
813 1422 993 1467 accedit
1020 1423 1260 1482 Syncellus
1275 1439 1325 1483 p.
1349 1424 1457 1482 103,
1475 1427 1534 1483 D,

226 1495 310 1539 ubi
335 1495 432 1540 haec
456 1511 467 1540 ε

295 1565 541 1624 Ἰώσηππος
577 1566 622 1614 δὲ
653 1567 696 1613 ἐν
717 1569 780 1633 τῷ
805 1565 988 1633 δευτέρῳ
1015 1567 1153 1630 (deb.
1198 1567 1241 1614 ἐν
1265 1571 1327 1632 τῷ
1351 1567 1533 1637 πρώτῳ)

227 1637 335 1704 πρὸς
355 1639 536 1705 ἔλεγχον
555 1639 762 1694 Ἀπίωνος
786 1640 901 1705 λόγῳ
917 1640 1015 1706 περὶ
1038 1644 1115 1698 τῆς
1141 1638 1182 1695 ἐξ
1204 1640 1430 1704 Αἰγύπτου
1450 1662 1534 1690 πο-

227 1712 342 1778 ρείας
359 1717 436 1760 τοῦ
463 1717 568 1760 λαοῦ
585 1712 814 1776 γενομένης
839 1715 1020 1779 ἱστορῶν
1046 1713 1117 1760 ἐπὶ
1133 1717 1206 1760 τοῦ
1224 1712 1280 1760 ιδ’
1309 1714 1420 1777 μετὰ
1439 1715 1536 1772 τοὺς

224 1785 554 1852 προ-γραφέντας
577 1786 641 1833 κε’
656 1822 669 1849 ,
692 1789 807 1833 τοῦτ’
829 1785 920 1833 ἔστι
940 1786 1012 1834 ἐπὶ
1031 1791 1107 1834 τοῦ
1133 1788 1534 1854 Μισφραγμουθώ-

223 1860 333 1912 σεωξ
349 1858 445 1917 ἤτοι
471 1858 672 1924 Φαραὼ,
697 1859 741 1914 ς’
779 1859 994 1924 βασιλέως
1019 1860 1270 1924 Αἰγύπτου,
1306 1862 1419 1909 κατὰ
1455 1862 1533 1922 τὴν

224 1929 283 1989 ιη’
303 1931 423 1996 παρὰ
443 1934 504 1997 τῷ
537 1930 767 1980 Μανέθωνι
791 1932 1058 1992 δυναστείαν,
1082 1933 1146 1989 λζ’
1180 1933 1300 1989 ὄντος
1339 1934 1426 1982 ἀπὸ
1456 1940 1532 1984 τοῦ

223 2001 491 2070 Μεστραῒμ,
515 2004 669 2070 χρόνον
696 2008 803 2065 ἡμῖν
828 2004 991 2061 ἐξέθετο
1025 2005 1278 2075 Αἰγυτῑτίων
1318 2006 1532 2071 βασιλέων

220 2077 310 2142 κγ’,
334 2079 468 2125 ἐτῶν
495 2077 548 2124 δὲ
572 2077 682 2143 φ4δ’
715 2078 864 2141 (594),
887 2076 1126 2143 ἀρξάμενος
1146 2079 1232 2126 ἀπὸ
1268 2084 1341 2126 τοῦ
1376 2099 1530 2144 κοσμι-

222 2149 439 2215 κοῦ,γυοζ’
469 2149 588 2205 ἔτους
607 2149 683 2197 καὶ
703 2149 835 2209 λήξας
851 2151 908 2205 εἰς
931 2150 980 2198 τὸ
1005 2149 1080 2216 ,δο’
1107 2150 1214 2211 ἔτος,
1238 2153 1316 2200 οὐκ
1334 2153 1376 2200 ἓν
1398 2161 1530 2202 πᾶσιν

221 2222 510 2289 ὃμοφωνήσας
533 2225 595 2288 τῷ
616 2224 805 2288 Μανεθῷ
837 2221 951 2270 κατὰ
980 2222 1076 2278 τοὺς
1100 2223 1302 2290 μερικοὺς
1329 2228 1413 2273 τῶν
1436 2229 1530 2289 βα-

222 2298 375 2345 σιλέων
398 2297 579 2363 χρόνους
594 2332 606 2355 ,
626 2294 723 2344 οὔτε
749 2297 836 2359 μὴν
856 2295 1029 2353 τελείως
1068 2300 1111 2346 ἐν
1134 2302 1188 2363 τῇ
1213 2298 1376 2347 τούτων
1412 2302 1529 2363 ὁμα-

222 2371 320 2433 δικῇ
342 2367 637 2435 στοιχειώσει,
663 2372 721 2424 ὡς
738 2369 1013 2435 δειχθήσεται
1054 2372 1098 2418 ἐν
1137 2375 1192 2436 τῇ
1221 2376 1431 2439 πινακικῇ
1450 2375 1529 2420 αὖ·

221 2447 307 2492 τῶν
323 2442 653 2509 στοιχειώσει...
673 2442 835 2492 Ἰστέον
857 2443 902 2492 δὲ
921 2441 987 2492 ὅτι
1006 2438 1047 2492 οἷ
1064 2443 1186 2511 παρὰ
1204 2447 1268 2512 τῷ
1289 2446 1529 2512 Ἰωσήππῳ

222 2509 338 2566 οὗτοι
356 2516 423 2582 κγ’
450 2520 489 2565 οἳ
506 2515 628 2565 αὐτοί
656 2519 738 2565 εἶσι
765 2520 853 2573 τοῖς
878 2517 1000 2583 παρὰ
1019 2518 1252 2567 Μανέθωνι
1272 2518 1343 2566 ἐπὶ
1370 2523 1447 2578 τῆς
1477 2520 1528 2577 ιζ’

222 2591 473 2646 δυναστείας
498 2590 573 2639 καὶ
599 2589 655 2651 ιη’
674 2591 751 2639 καὶΙ
771 2591 824 2639 ιθ’
840 2590 1067 2658 φερόμενοι
1084 2594 1139 2640 ἐν
1161 2610 1193 2657 χ
1207 2590 1256 2658 ρό
1264 2611 1285 2639 ν
1298 2612 1374 2647 οις
1398 2592 1519 2659 φζὸᾞ

221 2659 362 2721 Οὗτος
377 2664 460 2729 γὰρ
487 2664 723 2732 ἀρξάμενος
737 2664 822 2712 ἀπὸ
841 2670 918 2713 τοῦ
929 2689 931 2691 ·
932 2665 1057 2732 ,γυοε’
1079 2666 1166 2732 (sic
1187 2671 1376 2732 margo}
1394 2668 1524 2731 ,γυσέ

222 2742 360 2802 text.)
387 2737 535 2798 ἔληξεν
560 2740 618 2793 εἷς
645 2738 692 2786 τὸ
712 2737 810 2803 ,δξζ’
832 2738 924 2794 ἔτος
947 2743 1020 2787 τοῦ
1040 2741 1224 2803 κόσμου.

288 2815 432 2860 Plena
452 2815 552 2859 haec
577 2813 879 2862 confusionis.
921 2816 1031 2860 Non
1083 2817 1238 2876 ipsum
1270 2817 1527 2877 Josephum

225 2895 332 2933 ante
355 2888 518 2934 oculos
551 2887 716 2932 habuit
741 2888 1005 2948 Syncellus‚
1048 2888 1130 2934 sed
1174 2905 1256 2934 sua
1302 2892 1530 2950 excerpsit

223 2978 250 3008 e
273 2963 543 3010 Panodoro.
586 2962 729 3021 Quod
767 2964 949 3008 exitum
987 2965 1073 3008 sub
1092 2973 1223 3009 sexto
1263 2980 1375 3026 rege
1414 2965 1525 3026 dyn.

220 3036 381 3083 XVIII
395 3037 838 3097 Misphragmuthosi
852 3036 1006 3096 ponit,
1023 3037 1073 3081 id
1092 3052 1119 3081 a
1138 3038 1164 3081 J
1168 3038 1344 3097 osepho
1364 3047 1526 3083 nostro

222 3111 451 3167 alienum,
478 3108 668 3154 aliunde
682 3107 830 3154 fluxit.
848 3110 1011 3154 Exitus
1034 3110 1112 3154 ille
1130 3111 1216 3154 sub
1234 3111 1393 3170 primo
1416 3126 1528 3172 rege

223 3183 444 3243 dynastiae
483 3183 670 3238 XVIII,
697 3182 968 3226 Thummosi
987 3216 1001 3242 ,
1044 3183 1125 3242 qui
1148 3181 1270 3227 filius
1298 3191 1397 3228 erat
1438 3183 1529 3229 Mi-

222 3256 621 3317 sphragmuthosis
648 3256 778 3312 alius,
795 3254 1046 3315 ponendus
1079 3270 1169 3302 sec.
1196 3256 1529 3300 Manethonem

225 3331 251 3374 J
255 3329 433 3389 osephi.
455 3355 521 3362 —
543 3327 726 3373 Deinde
748 3327 880 3372 addit
898 3342 1000 3372 non
1030 3329 1291 3373 consentire
1311 3345 1419 3373 cum
1435 3330 1529 3375 Ma-

222 3401 429 3446 nethone
466 3401 744 3461 Josephum,
780 3401 862 3460 qui
886 3409 1041 3445 tamen
1064 3401 1161 3460 ipse
1197 3415 1279 3444 sua
1303 3415 1328 3445 e
1361 3402 1529 3445 Mane-

230 3474 374 3519 thone
391 3473 544 3522 affert.
573 3475 781 3534 Apparet
799 3474 943 3534 igitur
959 3474 1228 3533 Syncellum
1254 3489 1364 3518 eum
1388 3475 1525 3518 intel-

224 3547 368 3608 ligere
390 3547 740 3603 Maneffionem,
769 3561 907 3606 quem
939 3546 1217 3592 Panodorus
1236 3546 1453 3592 adhibuit
1472 3548 1523 3592 in

225 3620 317 3663 suis
358 3619 615 3676 laterculis,
640 3620 723 3678 qui
742 3618 887 3663 iidem
924 3628 1031 3663 sunt
1071 3635 1180 3664 cum
1206 3620 1524 3680 Syncellianis.

226 3694 296 3736 Ex
319 3692 391 3736 his
414 3692 650 3751 Synceuus
667 3691 921 3736 dissensum
946 3693 1241 3737 Manethonis
1266 3702 1312 3737 et
1337 3694 1364 3738 J
1367 3695 1529 3754 osephi

227 3764 536 3809 demonstrari
563 3765 644 3809 ait.
670 3789 735 3798 —-
760 3765 911 3809 Porro
949 3779 1081 3825 reges
1118 3767 1143 3810 J
1148 3766 1310 3826 osephi
1348 3765 1407 3810 23
1450 3768 1529 3810 in·-

227 3837 466 3898 telligendi
493 3847 602 3882 sunt
633 3852 719 3886 sex
750 3852 883 3898 reges
911 3846 1153 3897 pastorum
1193 3848 1238 3883 et
1262 3839 1529 3899 septemde-

280 3971 492 4023 (*)Nempe
515 3973 657 4023 quinio
670 3972 774 4022 regi,
798 3971 1034 4023 Memphim,
1059 3973 1272 4013 Eusebium
1293 3979 1404 4014 Arm.
1425 3986 1527 4014 non-

229 4029 303 4069 nisi
325 4036 367 4069 12
384 4041 507 4070 annos
526 4033 622 4081 (pro
644 4036 689 4070 12
706 4041 772 4070 an.
794 4033 819 4070 9
843 4040 969 4070 mens.
991 4031 1153 4081 Josephi
1183 4032 1332 4083 nostri)
1354 4033 1530 4074 tribuere

228 4088 288 4127 ait
307 4088 542 4137 Boeckhius,
561 4088 666 4128 haud
685 4088 805 4129 dubie
820 4089 982 4128 secutus
1004 4089 1224 4129 versionem
1237 4091 1409 4131 Auclieri
1423 4102 1529 4142 ‚qua

229 4147 286 4185 nti
310 4146 407 4185 mihi
425 4157 506 4186 non
521 4146 645 4187 licuit.
666 4149 712 4187 ln
739 4146 834 4196 Maji
850 4146 1030 4189 versione
1062 4147 1256 4188 Eusebius
1276 4148 1326 4189 de
1353 4150 1527 4200 Mephra>

230 4214 347 4254 regno
366 4204 462 4244 nihil
479 4204 611 4245 differt
627 4205 677 4245 ab
693 4205 880 4256 Josepho.

1162 239 1578 290 MANETHONIS
1614 243 2012 295 SEBENNYTAE

1623 348 1715 390 cim
1755 363 1886 410 reges
1919 349 2139 410 dynastiae
2171 352 2348 399 XVIII.
2405 353 2538 397 Patet
2583 354 2727 414 igitur
2780 348 2951 415 quam2'

1622 638 1756 697 gibus
1782 640 1877 684 istis
1898 641 1957 685 23
1985 657 2131 686 annos
2172 641 2290 702 594,
2320 643 2424 702 vel,
2458 652 2513 687 ut
2550 643 2722 688 deinde
2757 647 2920 704 paullo
2946 692 2950 702 ,

1622 713 1880 757 accuratius
1902 714 2141 773 Syncellus
2161 714 2299 770 dicit,
2330 730 2477 759 annos
2499 713 2610 775 592.
2633 717 2736 760 Jam
2775 732 2922 777 quum
2954 746 2991 778 ³,

1618 784 1802 843 priores
1839 801 1920 830 sex
1963 786 2226 847 (Pastores)
2262 803 2476 848 regnasse
2515 788 2755 835 videamus
2790 792 2924 838 annis
2958 824 2965 852 ,·
2989 779 2993 847 ἶ

1623 854 1735 916 259,
1752 859 1986 903 mensibus
2001 875 2080 919 10,
2093 860 2281 920 regibus
2289 860 2618 920 septemdecim
2629 861 2740 921 dyn.
2758 863 2921 910 XVIII
2956 859 2962 872 ⁵

1618 930 1951 990 relinquuntur
1985 933 2095 976 anni
2131 931 2224 977 332
2247 948 2521 992 mensesque
2549 933 2675 991 duo,
2711 935 2922 981 velanni
2993 968 2995 972 -

1621 1001 1713 1046 333
1730 1036 1743 1058 ,
1789 1004 1826 1047 si
1868 1004 2110 1063 prioribus
2140 1020 2221 1050 sex
2260 1005 2471 1049 rotundo
2514 1022 2714 1052 numero
2747 1009 2920 1054 tribui—

1617 1086 1731 1119 mus·
1760 1090 1907 1120 annos
1939 1075 2051 1137 259.
2088 1079 2142 1123 V.
2187 1077 2380 1123 Boeckh.
2400 1093 2449 1137 p.
2473 1076 2568 1122 250
2588 1093 2690 1138 sqq.

1683 1147 1797 1205 Quae
1816 1163 1961 1207 quum
1986 1150 2051 1194 ita
2074 1150 2192 1205 sint,
2210 1150 2372 1194 mirari
2394 1165 2504 1195 sane
2530 1151 2639 1195 licet
2663 1151 2815 1210 ipsum
2831 1155 2920 1198 Jo-
2970 1143 2999 1212 ,ᾖ

1617 1221 1815 1280 sephum
1839 1229 2065 1280 exputare
2103 1238 2250 1267 annos
2276 1221 2389 1282 393.
2426 1224 2536 1268 Non
2574 1224 2698 1268 enim
2740 1225 2919 1272 librarii
2997 1231 2999 1233 ’

1616 1307 1751 1338 error
1764 1293 1946 1339 subesse
1957 1294 2161 1352 videtur,
2182 1311 2328 1355 quum
2348 1295 2551 1340 eundem
2568 1311 2818 1342 numerum
2837 1297 2922 1343 de-
2956 1299 2971 1347 ss'

1615 1381 1713 1410 nuo
1731 1375 1963 1411 memoret
1977 1368 2028 1411 in
2057 1367 2374 1427 sequentibuS.
2416 1367 2558 1413 Haud
2597 1368 2739 1414 dubie
2771 1370 2921 1416 aliena
2967 1372 2989 1425 “j

1612 1440 1796 1484 miscuit
1818 1441 1844 1484 J
1848 1441 2071 1500 osephus,
2097 1456 2239 1500 quem
2258 1442 2427 1486 scimus
2451 1441 2654 1487 diversas
2676 1441 2920 1488 Manetho-

1612 1513 1741 1556 niani
1763 1514 1919 1572 operis
1933 1514 2227 1558 recensiones
2252 1523 2359 1558 ante
2380 1515 2542 1558 oculos
2570 1514 2799 1560 habuisse.
2821 1515 2920 1560 Nisi

1613 1585 1752 1630 fallor
1771 1586 1881 1630 anni
1899 1587 1972 1631 isti
1987 1585 2080 1646 393
2099 1601 2153 1631 ex
2165 1586 2334 1631 eodem
2366 1587 2652 1632 Manethone
2667 1585 2920 1646 fluxerunt,
2974 1629 2978 1635 ,

1618 1674 1759 1718 quem
1781 1660 1984 1719 Syncelli
2015 1668 2180 1704 auctor
2207 1659 2441 1706 adhibuit.
2483 1660 2604 1704 Nam
2626 1674 2684 1705 ex
2718 1660 2920 1720 Syncelli
2971 1677 3007 1723 23

1610 1732 1843 1777 laterculis
1878 1747 2010 1794 reges
2054 1732 2274 1793 dynastiae
2317 1733 2478 1780 XVIII
2517 1741 2776 1794 regnarunt
2824 1748 2914 1793 per

1611 1821 1758 1850 annos
1782 1805 1894 1866 398.

1710 1947 1740 1978 1.
1810 1947 1854 1980 33
1909 1929 2100 1994 Ἄμωσις
2105 1967 2450 1982 .......
2523 1948 2569 1980 26

1708 2021 1745 2053 2.
1817 2020 1861 2052 34
1913 2004 2097 2068 Χέὸρων
2106 2040 2455 2054 .......
2530 2021 2571 2053 13
2639 2051 2644 2055 ,

1706 2091 1744 2125 3.
1816 2093 1859 2124 35
1914 2075 2138 2143 Ἀμεμφῆς
2143 2113 2456 2126 ......
2529 2093 2570 2125 15
2646 2143 2648 2146 y

1705 2166 1744 2198 4.
1815 2165 1859 2198 36
1919 2149 2144 2212 Ἀμενσῆς.
2195 2186 2208 2198 .
2257 2185 2268 2196 .
2308 2156 2329 2199 “.
2381 2186 2394 2198 .
2444 2188 2455 2199 .
2529 2166 2568 2198 11

1707 2238 1745 2272 5.
1817 2238 1860 2272 37
1916 2220 2361 2289 Μισφραγμούθωσις.
2389 2261 2401 2272 .
2446 2258 2457 2269 .
2532 2239 2573 2271 16

1705 2312 1743 2345 6.
1815 2313 1860 2345 38
1912 2295 2118 2362 Μισφρὴς
2123 2331 2456 2345 .......
2528 2312 2572 2345 23

1705 2386 1743 2419 7.
1814 2385 1858 2418 39
1911 2370 2166 2432 Τούθμωσις
2172 2405 2450 2419 ......
2522 2385 2566 2419 39

1704 2459 1742 2492 8.
1815 2459 1860 2491 40
1913 2443 2175 2508 Ἀμενῶφθις
2177 2477 2456 2491 ......
2527 2459 2572 2492 34

1704 2533 1744 2565 9.
1816 2532 1856 2565 41
1910 2507 2044 2581 Ὦρος
2051 2551 2456 2565 ........
2527 2532 2572 2564 48

1677 2605 1737 2639 10.
1810 2606 1855 2638 42
1908 2587 2161 2654 Ἀκενχερὴς
2166 2625 2454 2640 ......
2527 2606 2571 2637 25

1679 2680 1739 2713 11.
1810 2680 1854 2711 43
1910 2663 2102 2728 Ἄθωρὶς.
2153 2699 2164 2709 .
2213 2699 2225 2710 .
2277 2699 2288 2711 .
2330 2702 2341 2713 .
2385 2700 2396 2711 .
2442 2700 2453 2711 .
2525 2679 2570 2711 29

1674 2752 1729 2784 12.
1799 2752 1843 2784 44
1899 2734 2118 2800 Χενκερὴς
2122 2770 2451 2786 .......
2522 2751 2566 2783 se

1672 2825 1731 2857 13.
1803 2825 1848 2857 45
1904 2807 2110 2874 Ἀχερρῆς
2116 2843 2452 2859 .......
2541 2823 2564 2854 8
2591 2806 2656 2870 (η’
2679 2805 2707 2866 ἢ
2727 2807 2801 2856 καὶ
2824 2807 2862 2856 λ’
2875 2807 2910 2873 ),

1673 2898 1730 2932 14.
1804 2897 1848 2929 46
1906 2879 2315 2945 Ἀρμαῗος-Δαναὸς,
2354 2915 2366 2929 .
2401 2916 2413 2929 .
2442 2916 2454 2928 .
2547 2896 2568 2927 9

1672 2971 1732 3004 15.
1802 2970 1845 3003 47
1904 2952 2414 3017 Ῥαμεσσῆς-Αἴγυπτος.
2440 2991 2451 3001 .
2523 2968 2566 3000 es

1670 3043 1728 3075 16.
1798 3044 1844 3075 48
1901 3025 2138 3092 Ἀμενωφὶς
2141 3062 2458 3076 ......
2546 3042 2568 3073 s

2500 3137 2566 3169 398

2224 3188 2300 3235 51.

1670 3323 1959 3383 Theophilus
1983 3322 2061 3367 Ad
2086 3323 2305 3382 Autolyc.
2339 3323 2435 3378 III,
2463 3333 2520 3382 19
2545 3337 2562 3365 t·
2585 3317 2642 3368 ‘0
2666 3317 2712 3366 δὲ
2745 3315 2910 3376 Μωσῆς

1605 3393 1806 3458 ὡδήγησε
1838 3391 1935 3447 τοὺς
1964 3391 2219 3452 Ἰουδαίους,
2248 3395 2304 3447 ὥς
2329 3390 2517 3458 ἔφθημεν
2544 3389 2790 3457 εἰρηκέναι,
2829 3391 2908 3437 ἔκ-

1607 3465 1897 3528 ὅεὸλημένους
1922 3465 2010 3513 ἀπὸ
2032 3469 2110 3529 γῆς
2135 3464 2358 3528 Αἰγύπτου
2379 3463 2462 3513 ὑπὸ
2489 3462 2699 3529 βασιλέως
2727 3462 2906 3527 Φαραὼ

1603 3532 1651 3587 οῧ
1669 3538 1858 3602 τοῦνομα
1883 3538 2176 3602 Τέθμωσις,
2204 3537 2272 3602 ὃς,
2304 3536 2450 3603 φασὶν,
2474 3535 2586 3600 μετὰ
2605 3535 2686 3595 τὴν
2720 3534 2904 3594 ἐκὸολὴν

1604 3617 1680 3660 τοῦ
1708 3614 1815 3660 λαοῦ
1848 3611 2126 3660 ἐδασίλευσεν
2149 3610 2225 3669 ἔτη
2256 3610 2391 3666 εἴκοσι
2414 3609 2545 3657 πέντε
2568 3607 2644 3657 καὶ
2678 3612 2820 3672 μῆνας
2840 3608 2905 3670 δ’,

1603 3688 1660 3740 ὡς
1686 3685 1901 3752 ὑφῄρηται
1926 3679 2180 3738 Μαναιθῶς.

1672 3775 1708 3806 2.
1747 3757 1837 3806 Καὶ
1859 3756 1970 3820 μετὰ
1985 3762 2132 3805 τοῦτον
2152 3754 2379 3818 Χεὸρῶν
2405 3754 2478 3813 ἔτη
2502 3754 2574 3817 ιγ’.

1670 3847 1708 3881 3.
1749 3829 1876 3879 Μετὰ
1908 3829 1952 3877 δὲ
1970 3833 2118 3878 τοῦτον
2141 3828 2190 3877 Ἀ
2205 3826 2297 3890 μέν
2310 3846 2347 3875 ω
2360 3846 2388 3893 φ
2404 3846 2439 3881 ις
2462 3825 2538 3884 ἔτη
2551 3824 2610 3885 κ’,
2625 3828 2763 3889 μῆνας
2776 3824 2908 3873 ἑπτά.

1651 3920 1707 3971 ,4.
1747 3901 1877 3952 Μετὰ
1899 3902 1944 3950 δὲ
1974 3905 2123 3949 τοῦτον
2157 3903 2186 3958 ἡ
2213 3898 2376 3966 ἀδελφὴ
2407 3901 2536 3947 αὐτοῦ
2563 3898 2617 3947 Ἀ
2634 3897 2802 3962 μέσα-τι
2827 3896 2905 3954 ἔτη

1604 3974 1691 4035 nd,
1716 3979 1833 4039 μῆνα
1853 3975 1894 4022 α’
1919 3973 1983 4039 (0'
2007 3974 2149 4037 Jos.).

1670 4067 1708 4098 5.
1748 4047 1875 4098 Μετὰ
1893 4046 1937 4096 δὲ
1959 4046 2121 4105 ταύτην
2143 4049 2191 4095 Μ
2208 4045 2379 4111 ήφρης
2400 4045 2474 4104 ἔτη
2501 4043 2577 4102 ιδ’,
2596 4047 2733 4107 μῆνας
2753 4042 2803 4091 θ’.

1669 4139 1706 4172 6.
1743 4119 1872 4171 Μετὰ
1897 4120 1941 4167 δὲ
1957 4124 2105 4168 τοῦτον
2131 4118 2624 4185 Μηφραμούθωσις
2649 4115 2724 4175 ἔτη
2748 4114 2788 4163 κ’
2812 4111 2903 4180 (κε’

1602 4195 1729 4257 Jos.)
1753 4229 1766 4251 ,
1794 4196 1932 4257 μῆνας
1954 4190 1994 4241 ι’.

2937 130 2955 189 ..Γ
2933 3 2958 41 ⁷:-

2969 273 2975 288 —
2956 3 2982 220 ,suae-swas&

2955 203 2961 208 .,
2978 173 2982 204 l

2945 216 2983 277 3:¹3

2969 280 2984 311 ..Ι

2947 324 2953 332 .
2970 314 2984 333 {l

1624 429 1796 466 temere
1833 423 2071 482 Syncellus
2095 424 2220 470 dieat
2243 440 2336 470 esse
2359 425 2471 471 istos
2502 442 2634 488 reges
2671 429 2920 475 Manetho-
2943 430 2962 476 ζ’

1622 493 1692 537 nis
1715 492 1826 553 dyn.
1850 495 1981 541 XVII
2003 505 2048 541 et
2067 498 2225 542 XVIII
2261 505 2306 541 et
2329 497 2468 544 XIX.
2500 523 2561 532 —-
2595 501 2656 544 At
2678 501 2822 547 missis
2849 502 2921 547 his
2940 515 2969 561 1„
2982 509 2988 558 »ᾗ

1624 566 1903 625 quisquiliis,
1927 569 2039 613 illuc
2069 569 2330 614 redeamus.
2362 570 2546 614 Tribuit
2580 572 2808 631 Josephus
2846 589 2920 620 re-

2966 1432 2977 1441 ,
2984 1429 2985 1432 ,
