3016 4628
265 311 352 350 ¹98

258 411 414 455 insulis
437 409 624 453 fortasse
642 406 791 466 juncti
808 416 940 452 erant
962 406 1071 450 libri
1084 407 1152 451 De
1166 406 1359 450 urbibus
1370 405 1553 450 Graeciae

261 493 307 527 et
322 483 454 527 Asiae.
478 483 594 526 Nam
613 481 818 540 primum
836 479 962 540 apud
994 479 1280 538 Stephanum
1310 479 1417 536 Byz.
1438 478 1552 537 legi-

265 564 341 599 tur
369 571 379 598 :
407 549 643 617 Μοψοπία,
686 553 714 608 ἡ
739 548 934 607 Ἀττική·
978 550 1000 595 ὃ
1029 547 1207 605 πολίτης
1242 546 1551 611 Μοψόπειος...

260 624 548 690 Ἡρακλείδης
571 624 608 670 δ’
633 626 656 670 ὁ
681 621 892 676 Ποντικὸς
932 622 975 668 ἐν
1015 618 1177 685 πρώτῳ
1208 619 1253 644 ⁴¹*
1294 617 1554 683 Μοψοπίτης

261 695 384 761 φησί.
411 699 523 757 Quae
557 696 750 758 quidem
776 711 834 742 ex
870 695 1186 756 geographico
1231 707 1372 752 opere
1406 692 1555 751 petita

260 790 356 820 esse
378 782 590 835 possunt.
611 775 775 832 Neque
796 781 949 816 tamen
962 787 1015 816 ea
1029 785 1308 830 premerem,
1338 769 1423 812 nisi
1439 768 1559 811 alius

259 847 391 891 locus
414 855 613 892 exstaret
635 844 763 905 apud
784 843 1087 904 Apollonium
1109 843 1227 887 Hist.
1248 841 1353 885 Mir.
1379 856 1423 884 c.
1454 854 1511 898 19
1540 854 1554 882 t

261 915 552 981 Ἡρακλείδης
588 913 632 962 δὲ
658 917 682 960 ὁ
721 911 933 978 Κρητικὸς
960 914 1003 958 ἐν
1027 914 1088 975 τῷ
1115 908 1249 973 Περὶ
1271 912 1372 955 τῶν
1403 909 1458 953 έν
1494 909 1556 969 τῇ

262 987 487 1037 Ἐλλάδι
508 985 718 1034 πόλεων
734 984 847 1032 κατὰ
870 984 919 1030 τὸ
942 982 1108 1039 Πήλιον
1127 980 1221 1046 ὅρος
1236 978 1414 1045 φύεσθαί
1431 996 1557 1043 φησιν

262 1060 452 1108 ἄκανθαν
471 1058 759 1125 καρποφόρον,
781 1050 831 1114 ἧς
851 1055 920 1102 τὸν
938 1053 1102 1118 καρπὸν
1122 1052 1195 1098 ἐάν
1211 1071 1274 1104 τις
1291 1050 1444 1116 τρίψας
1464 1048 1558 1111 μετ’

262 1133 406 1181 ἐλαίου
425 1131 500 1180 καὶ
523 1131 674 1183 ὕδατος
693 1129 827 1194 χρίσῃ
851 1127 899 1174 τὸ
922 1129 1050 1172 αὑτοῦ
1073 1123 1100 1182 ἢ
1126 1123 1261 1171 ἄλλου
1284 1125 1413 1185 σῶμα
1429 1158 1444 1183 ,
1466 1140 1557 1184 χει-

263 1209 404 1268 μῶνος
431 1204 573 1265 ὄντος,
596 1204 672 1250 οὐκ
702 1198 1010 1257 έπαισθήσεται
1040 1202 1113 1244 τοῦ
1144 1196 1326 1262 ψύχους,
1350 1196 1559 1258 (Eadem

261 1287 446 1326 narrata
466 1279 611 1323 habes
632 1279 681 1321 in
701 1277 958 1336 fragmento
978 1271 1048 1318 De
1078 1273 1206 1317 Pelio
1231 1279 1412 1328 monte,
1428 1267 1559 1327 quod

261 1353 535 1400 Dicaearcho
563 1351 704 1395 tribui
743 1348 874 1393 solet.
911 1349 965 1392 V.
1005 1353 1166 1391 annot.
1204 1343 1265 1388 ad
1301 1341 1560 1388 Dicaearchi

263 1423 466 1485 fragm.)
502 1423 592 1481 Qui
635 1416 844 1483 Κρητικὸς
877 1417 945 1460 ibi
969 1412 1555 1468 nominaturfleraclideS,

262 1512 455 1557 prorsus
490 1505 556 1540 est
586 1496 784 1555 ignotus.
815 1492 968 1549 Quare
999 1487 1331 1549 corrigendum
1349 1501 1444 1531 esse
1470 1485 1560 1528 viri

265 1562 394 1614 docti
427 1567 487 1613 ad
515 1581 658 1610 unum
689 1578 848 1608 omnes
879 1570 1174 1607 censuerunt.
1210 1562 1278 1605 Ac
1297 1562 1561 1604 Deswertus

266 1642 339 1700 (p.
364 1655 444 1684 101
459 1673 468 1682 .
495 1634 606 1699 168)
629 1635 818 1695 quidem
835 1642 879 1678 et
893 1634 1145 1678 Roulezius
1159 1631 1459 1677 scribendum
1471 1646 1561 1690 pu-

267 1721 423 1757 tarunt
433 1712 455 1755 6
469 1706 687 1759 Ποντικός.
699 1710 809 1765 Quae
821 1706 1153 1751 violentiorvest
1163 1705 1375 1749 mutatio.
1388 1704 1562 1749 Contra

266 1800 406 1828 manu
429 1782 653 1826 lenissima
676 1779 883 1825 Olearius
906 1777 991 1839 (ad
1013 1778 1347 1822 Philostratum
1360 1791 1412 1835 p.
1438 1774 1562 1836 612)

266 1854 452 1901 refinxit
467 1855 488 1898 6
511 1848 707 1914 κριτικός.
729 1851 960 1895 Intellexit
978 1859 1133 1894 autem
1154 1849 1453 1894 Heraclidem
1472 1849 1562 1906 Ly-

268 1930 392 1972 cium
412 1927 678 1985 sophistam.
702 1923 941 1968 Fabricius
961 1921 975 1981 (
993 1923 1051 1966 B.
1072 1920 1156 1968 Gr.
1175 1923 1264 1978 VI,
1286 1936 1338 1980 p,
1374 1919 1468 1979 369
1483 1918 1498 1981 )
1516 1928 1563 1963 et

271 1998 597 2056 Beruhardyus
630 1994 644 2057 (
662 1996 722 2040 ad
737 1995 868 2041 Suid.
889 2011 936 2038 v.
961 1991 1278 2057 Ἡρακλείδης)
1296 1993 1563 2053 cogitarunt

269 2072 328 2115 de
353 2069 600 2115 Heraclide
626 2069 823 2112 Pontico
855 2066 1067 2125 juniore,
1098 2066 1290 2125 Didymi
1315 2063 1561 2122 discipulo.

268 2146 558 2201 Quamquam
573 2140 708 2198 hujus
730 2140 915 2183 nonnisi
933 2140 1116 2198 poetica
1140 2139 1309 2196 scripta
1328 2137 1558 2179 novimus.

270 2215 479 2260 Proferri
516 2215 565 2258 in
587 2213 793 2257 medium
818 2212 958 2256 etiam
979 2220 1136 2271 posset
1159 2207 1428 2254 Heraclides
1459 2206 1564 2251 Mo-

268 2296 442 2348 pseates
466 2285 1110 2348 grammaticus(Steph.Byz.
1133 2299 1185 2327 v.
1211 2280 1369 2346 Μόψου
1388 2278 1562 2344 ἑστία).

269 2407 411 2454 ἐκείνης
443 2407 539 2446 εἶναι
575 2406 681 2453 λόγοι
712 2405 890 2453 πλείους,
922 2403 1095 2455 Φρυγίαν
1124 2416 1169 2443 τε
1197 2402 1319 2442 οὖσαν
1350 2402 1560 2450 κεκλῆσθαι

268 2465 455 2518 Ἄρτεμιν,
477 2467 543 2504 καὶ
562 2465 705 2511 ταύτην
720 2463 1032 2516 παραγενομένην
1051 2464 1104 2508 εἰς
1123 2461 1289 2512 Δελφοὺς
1307 2460 1401 2512 ᾆσαι
1415 2474 1427 2483 ·

369 2545 427 2584 Ὦ
449 2545 607 2596 Δελφοὶ,
625 2543 845 2596 θεράποντες
865 2544 1053 2591 ἑκηὸόλου.
1067 2542 1320 2589 Ἀπόλλωνος,

374 2604 487 2652 ἦλθον
503 2605 579 2654 ἐγὼ
599 2606 800 2655 χρήσουσα
815 2604 903 2648 Διὸς
919 2603 1006 2644 νόον
1024 2602 1236 2653 αἰγιόχοιο,

372 2663 684 2713 αὐτοκασιγνήτῳ
702 2661 949 2713 κεχολωμένη
965 2660 1187 2709 Ἀπόλλωνι.

271 2737 382 2778 Ἐστι
405 2739 445 2777 δὲ
463 2740 528 2777 καὶ
559 2738 653 2785 ἄλλη
671 2738 874 2789 Ἐρυθραία
902 2737 1084 2790 Ἡροφίλη
1111 2735 1345 2787 καλουμένη.
1363 2735 1564 2787 Μέμνηται

271 2796 416 2834 τούτων
432 2795 675 2845 Ἡρακλείδης
692 2798 713 2835 6
731 2797 912 2841 Ποντικὸς
933 2797 970 2834 ἐν
986 2799 1042 2845 τῷ
1062 2796 1155 2846 Περὶ
1174 2793 1431 2845 χρηστηρίων.

324 2853 454 2893 Schol.
473 2852 630 2892 Hesiod.
650 2856 760 2893 scut.
782 2858 830 2895 70
855 2870 864 2893 :
884 2853 1068 2903 Πάγασος
1081 2882 1091 2900 ,
1107 2852 1216 2897 πόλις
1234 2857 1300 2898 τῆς
1321 2850 1562 2900 Θεσσαλίας,

273 2911 390 2956 τόπος
405 2911 675 2962 ὠνομασμένος
690 2913 794 2963 παρὰ
813 2913 857 2951 τὸ
878 2912 957 2952 ἐκεῖ
977 2914 1044 2959 τὴν
1067 2912 1183 2963 Ἀργὼ
1206 2910 1417 2960 πεπῆχθαι.
1443 2909 1563 2960 Ἡρα-

276 2969 423 3015 κλείδης
442 2969 481 3008 δὲ
498 2970 519 3007 6
536 2969 718 3014 Ποντικὸς
738 2970 776 3008 ἐν
793 2974 839 3021 τῇ
859 2972 949 3022 Περὶ
966 2969 1205 3022 χρηστηρίων
1221 2970 1286 3008 τὸν
1306 2969 1344 3007 ἐν
1362 2970 1564 3018 Παγασαῖς

274 3026 488 3066 Ἀπόλλωνα
510 3027 585 3066 ὑπὸ
621 3027 841 3077 Τροφωνίου
873 3029 1044 3079 ἱδρῦσθαί
1077 3041 1183 3078 φησι,
1206 3027 1295 3076 (διὰ
1313 3026 1358 3065 τὸ
1389 3025 1428 3064 ἐν
1457 3027 1561 3075 Παγ.

274 3085 505 3130 Ἀπόλλωνος
520 3085 595 3123 ὑπὸ
621 3086 837 3134 Τροφωνίου
858 3088 955 3136 ἱερὸν
972 3087 1145 3137 ἱδρῦσθαι
1171 3083 1323 3126 οοᾶ.,Β.
1339 3093 1404 3133 ap.
1433 3084 1559 3124 Gaisf.

278 3143 305 3182 i.
324 3154 359 3181 e.
385 3158 403 3176 α
427 3145 516 3181 Sec.
546 3142 792 3182 Heraclidem
825 3146 980 3192 Pagasae
998 3154 1142 3182 nomen
1171 3142 1319 3182 habent
1344 3140 1437 3181 inde
1456 3141 1566 3191 quod

279 3199 518 3238 atcliitectus
549 3198 613 3237 ille
645 3200 790 3250 ΤιόρΙι.
828 3201 1019 3251 Apollinis
1060 3200 1258 3251 templum
1285 3199 1340 3241 ibi
1370 3200 1568 3251 πεπῆχθαι

283 3258 423 3296 fertur.
447 3272 466 3290 ν
485 3257 499 3303 )

329 3313 534 3353 Plutarch.
554 3314 610 3352 De
626 3314 679 3354 ts,
697 3315 736 3353 et
752 3314 855 3354 Osir.
875 3326 912 3355 c.
930 3319 995 3365 27,
1013 3327 1051 3366 p.
1074 3321 1168 3364 361,
1181 3318 1211 3355 F
1234 3329 1242 3354 :
1277 3316 1336 3356 Οὐ
1352 3317 1427 3368 γὰρ
1453 3317 1567 3357 ἄλλον

277 3371 372 3410 εἶναι
403 3370 572 3422 Σάραπιν
591 3371 614 3418 ἢ
632 3372 697 3410 τὸν
719 3373 928 3412 Πλούτωνά
955 3387 1070 3423 φασι,
1094 3375 1160 3413 καὶ
1192 3373 1292 3415 Ἶσιν
1318 3377 1388 3423 τὴν
1420 3377 1565 3427 Περσέ-

278 3442 430 3479 φασσαν
443 3459 454 3478 ,
474 3431 525 3473 ὡς
549 3428 778 3480 Ἀρχέμαχος
801 3433 821 3469 6
837 3432 1025 3481 Εὐὸοεὺς,
1042 3434 1106 3472 καὶ
1124 3434 1144 3472 6
1165 3435 1350 3480 Ποντικὸς
1370 3436 1566 3487 Ἡρακλεί-

279 3489 344 3533 δης
364 3487 408 3526 τὸ
427 3487 656 3538 χρηστήριον
672 3488 710 3526 ἐν
727 3490 900 3540 Κανὼὅῳ
918 3491 1141 3536 Πλούτωνος
1169 3493 1375 3543 ἡγούμενος
1393 3495 1505 3534 εἶναι.

329 3545 462 3584 schol.
484 3545 595 3584 Pind.
615 3546 678 3586 Ol.
697 3549 793 3595 Vll,
818 3552 881 3586 111
909 3564 918 3586 :
938 3551 1126 3588 Μαντεῖον
1148 3549 1195 3598 ἦν
1213 3551 1251 3590 ἐν
1270 3551 1464 3604 Ὀλυμπίᾳ
1478 3583 1488 3602 ,
1521 3553 1566 3593 οὗ

279 3602 445 3653 ἀρχηγὸς
463 3601 614 3652 γέγονεν
645 3602 777 3653 Ἴαμος
799 3608 845 3654 τῇ
865 3605 928 3643 διὰ
945 3610 1021 3644 τῶν
1049 3606 1227 3656 ἐμπύρων
1249 3610 1432 3661 μαντείᾳ,
1455 3611 1480 3660 ᾖ
1501 3613 1566 3650 καὶ

280 3659 390 3710 μέχρι
412 3663 481 3698 τοῦ
496 3662 562 3698 νῦν
581 3660 618 3697 οἱ
637 3659 801 3709 Ἰαμίδαι
824 3666 1002 3712 χρῶνται.
1023 3663 1283 3711 Ἀναλαὸόντες
1313 3668 1385 3717 γὰρ
1415 3669 1464 3707 τὰ
1491 3674 1567 3708 τῶν

279 3717 425 3768 ἱερείων
437 3718 604 3767 δέρματα
616 3716 846 3757 ἐπιτιθέασιν
863 3721 914 3764 εἰς
931 3721 975 3759 τὸ
988 3723 1060 3770 πῦρ
1072 3723 1137 3759 καὶ
1154 3723 1254 3760 οὕτω
1268 3725 1564 3772 μαντεύονται...

280 3775 527 3826 Ἡρακλείδης
547 3775 587 3815 δὲ
620 3776 658 3814 ἐν
673 3778 730 3825 τῷ
751 3777 843 3826 Περὶ
865 3783 1047 3827 χρησμῶν
1072 3778 1178 3826 (scr.
1206 3782 1469 3832 χρηστηρίων)
1490 3786 1568 3828 τοῖς

278 3832 438 3882 δέρμασί
458 3845 571 3882 φησιν
589 3832 726 3876 αὐτοὺς
746 3833 993 3882 μαντεύεσθαι
1011 3833 1226 3884 ἀφορῶντας
1243 3838 1295 3881 εἰς
1311 3839 1376 3881 τὰς
1397 3841 1569 3890 σχισμὰς

279 3894 356 3927 τῶν
377 3889 572 3939 δερμάτων
584 3919 596 3939 ,
613 3890 771 3939 πότερον
784 3890 923 3929 εὐθεῖαί
940 3892 1035 3929 εἰσιν
1053 3893 1076 3937 ἢ
1092 3892 1151 3929 οὗ.

332 3947 477 3987 Zenob.
502 3949 534 3986 ll
551 3976 562 3995 ,
595 3950 643 3987 84
665 3963 675 3986 ε
694 3950 875 3991 Βοιωτοῖς
907 3948 1138 3997 μαντεύσαιο
1171 3965 1178 3987 ;
1213 3951 1309 3996 αὕτη
1331 3955 1567 4003 καταρατική

280 4004 395 4044 ἐστιν.
412 4005 660 4055 Ἡρακλείδης
677 4006 750 4055 γὰρ
765 4006 855 4054 φησὶ
867 4035 878 4052 ,
898 4008 1185 4056 μαντευομένοις
1198 4013 1275 4054 τοῖς
1289 4012 1470 4056 Θηὸαίοις
1483 4014 1566 4063 περὶ

280 4063 449 4112 πολέμου
468 4062 698 4113 ἀπεκρίνατο
714 4065 738 4109 ἡ
765 4067 946 4111 προφῆτις
967 4065 991 4109 ἡ
1020 4063 1057 4102 ἐν
1080 4065 1248 4115 Δωδώνῃ
1262 4094 1272 4113 ,
1301 4067 1408 4113 νίκην
1440 4069 1568 4114 αὐτοῖς

282 4119 519 4167 ἆσεὸήσασιν
540 4120 707 4159 ἔσεσθαι.
734 4120 796 4164 Εἰς
817 4121 855 4159 δὲ
883 4125 959 4159 τῶν
987 4122 1138 4171 θεωρῶν
1170 4123 1343 4171 ἁρπάσας
1375 4127 1568 4176 Μυρτίλαν

281 4178 350 4222 τήν
367 4181 571 4228 προφῆτιν,
591 4178 763 4217 ἐνέὸαλεν
783 4179 835 4222 εἰς
860 4179 997 4228 θερμοῦ
1014 4179 1291 4229 παρακείμενον
1314 4182 1466 4228 λέὸητα.
1488 4184 1569 4222 Ἄλ-

287 4237 342 4276 λοι
361 4235 398 4274 δὲ
420 4236 555 4285 φασὶν,
569 4235 626 4275 ὅτι
643 4235 823 4282 enemim:
843 4237 1049 4286 πολεμοῦσι
1068 4237 1212 4287 Βόμὸος
1231 4238 1244 4287 (
1262 4238 1429 4290 Βόμὸρος
1449 4241 1568 4292 ΡΙυῐ.)

1210 294 1604 343 HERACLIDES
1640 294 1967 343 PONTlCUS.
2034 337 2042 341 ,

1603 1455 1605 1457 ,
1635 1409 1792 1468 νήσων,
1810 1422 1949 1472 atque
1965 1413 2378 1472 Philostephanum
2396 1421 2573 1456 constet
2586 1413 2816 1473 scripsisse
2833 1415 2955 1459 non?
2999 1425 3003 1440 ³

1630 408 1691 450 At
1709 405 1983 450 Welckerus
2005 402 2202 465 (Kleine
2226 398 2463 458 Schrfften
2482 401 2528 455 Ι,
2556 415 2606 459 p.
2628 397 2721 453 455
2742 399 2757 462 )
2780 418 2922 462 κριτι-
2998 391 3007 448 J

1632 478 1708 522 κοῦ
1725 485 2090 537 cognomentum
2111 475 2199 534 ipsi
2214 483 2375 518 nostro
2400 473 2597 516 Pontico
2613 472 2921 532 philosopho,
2998 467 3000 470 ’

1628 558 1793 608 utpote
1811 550 1951 593 etiam
1973 547 2283 608 grammaticis
2301 545 2484 603 scriptis
2507 545 2659 598 claro,
2680 544 2936 590 vindican-'

1630 620 1745 664 dum
1764 635 1858 664 esse
1886 620 2058 665 statuit.
2083 619 2184 678 Ego
2210 616 2404 675 quidem
2437 616 2593 659 nullus
2619 614 2786 660 dubito
2810 618 2927 676 quin
2997 622 3005 660 ἰ

1630 684 1738 736 libri
1766 690 1874 754 Περὶ
1900 689 2043 746 νήσων
2065 699 2110 735 et
2143 687 2255 751 Περὶ
2278 688 2364 732 τῶν
2397 687 2442 732 ἐν
2465 683 2648 734 Ἑλλάδι
2676 686 2841 733 πόλεων
2865 689 2931 735 ad
2947 682 2953 739 J
2996 676 3006 690 f

1632 764 1832 809 eundem
1848 773 2087 809 auctorem
2102 763 2382 821 pertineant.
2402 762 2582 804 Auctor
2595 775 2709 804 vero
2731 762 2811 819 qui
2828 750 2950 826 fue-'L
2997 743 3003 805 ί

1631 837 1714 892 rit,
1735 835 1893 880 dirimi
1908 836 1987 879 vix
2003 843 2173 894 potest.
2195 833 2446 877 Ponticum
2461 832 2796 891 philosophum
2811 848 2950 878 voce
2997 825 3003 852 ³

1633 905 1820 970 κριτικὸς
1846 907 1905 967 (si
1928 916 2055 952 recte
2073 907 2137 949 ita
2157 900 2403 965 scribitur)
2425 904 2657 964 designari
2675 919 2842 963 parum
2863 912 2930 950 est
2997 943 3007 968 ἓ,

1631 979 1882 1039 probabile
1895 995 1908 1034 ;
1949 977 2128 1022 facilius
2162 975 2446 1021 crediderim
2486 975 2614 1035 apud
2643 976 2947 1036 Stephanum:
2997 972 3004 1023 Ξ

1633 1067 1678 1094 v.
1720 1047 1926 1112 Ὠλίαρος
1968 1058 2048 1094 aut
2082 1049 2321 1107 juniorem
2356 1047 2592 1107 quendam
2633 1042 2956 1099 Heraclidem

1634 1125 1880 1168 Ponticum
1904 1121 2261 1182 intelligendum
2283 1136 2402 1190 esse,
2435 1130 2516 1165 aut
2545 1121 2686 1166 alium
2711 1122 2932 1166 Heracli-
2942 1158 2958 1185 4
2998 1170 3005 1174 ,

1635 1194 1743 1239 dem
1760 1211 1866 1239 cum
1877 1196 2123 1253 notissimo.
2137 1195 2341 1238 Pontico.
2356 1201 2518 1238 nostro
2541 1195 2663 1239 male
2683 1194 2929 1242 confundi.
2957 1215 2962 1252 3
2998 1183 3004 1241 i

1636 1268 1851 1312 Ceterum
1880 1260 2026 1326 quum
2064 1267 2191 1326 apud
2224 1267 2643 1326 Harpocrationem
2668 1282 2713 1312 v.
2749 1251 2959 1329 Στρύμηῗ·Ἰ
2998 1319 3005 1323 ,

1635 1339 1852 1384 laudetur
1887 1337 2177 1403 Ἡρακλείδης
2213 1335 2241 1394 ἢ
2285 1335 2610 1400 Φιλοστέφανος
2643 1337 2686 1384 ἐν
2726 1340 2790 1404 τῷ
2821 1337 2932 1404 Περὶ
2998 1324 3007 1349 ³

1635 1486 1788 1535 solum
1812 1483 1921 1549 Περὶ
1944 1482 2105 1543 νήσων,
2131 1485 2212 1530 sed
2236 1487 2373 1530 etiam
2401 1481 2515 1547 ssepi.
2533 1485 2619 1530 τῶν
2644 1485 2688 1530 ἐν
2713 1482 2832 1549 Ἀσίᾳ
2848 1483 2933 1534 πό-
2999 1486 3003 1549 ξ

1635 1557 1766 1615 λέων,
1801 1575 1987 1603 necnon
2016 1560 2089 1603 De
2127 1560 2327 1603 Groecioe
2351 1559 2536 1602 urbibus
2570 1555 2584 1620 (
2610 1560 2820 1617 quamvis
2854 1559 2932 1605 hic
2999 1584 3002 1611 ς

1637 1632 1796 1676 titulus
1813 1648 2042 1691 nusquam
2062 1632 2245 1676 disertis
2258 1632 2412 1677 verbis
2433 1630 2725 1693 apponatur)
2750 1647 2763 1676 ε
2783 1632 2934 1678 oritur

1636 1706 1834 1764 suspicio
1872 1706 2020 1750 libros
2055 1701 2166 1767 Περὶ
2188 1697 2331 1760 νήσων
2358 1712 2403 1749 et
2439 1701 2549 1765 Περὶ
2571 1704 2655 1748 τῶν
2675 1703 2720 1749 ἐν
2751 1701 2933 1751 Ἑλλάδι
2999 1698 3002 1732 3

1636 1774 1819 1835 πόλεων,
1840 1787 2076 1837 tamquam
2087 1786 2247 1837 partes.
2257 1773 2567 1839 Περιηγήσεως
2583 1769 2946 1838 conjungendos

1639 1864 1757 1906 esse,
1791 1859 1931 1910 atque
1962 1850 2375 1909 Philostephanum
2398 1849 2748 1894 Callimachium
2777 1851 2828 1894 in
2849 1865 2931 1897 suo

1639 1936 1783 1980 opere
1797 1922 2055 1967 Heraclidae
2071 1922 2262 1982 vestigia
2286 1922 2473 1982 legisse,
2493 1923 2569 1966 vel
2591 1922 2720 1967 idem
2742 1922 2934 1983 opusab

1638 1994 1737 2038 aliis
1758 1995 2034 2052 Heraclidae,
2058 1994 2116 2039 ab
2141 1995 2247 2039 aliis·
2262 1994 2626 2054 Philostephano
2659 1994 2798 2040 fuisse
2831 1996 2936 2040 vin-

1640 2067 1864 2115 dicatum.

1687 2143 1877 2186 Praeter
1907 2139 2045 2186 allata
2079 2156 2137 2186 ex
2167 2139 2417 2185 Heraclide
2453 2140 2651 2184 Pontico
2683 2140 2773 2184 alia
2804 2155 2934 2186 com-

1637 2215 1802 2275 plura,
1827 2230 1930 2273 quae
1950 2214 2009 2259 ad
2037 2214 2279 2258 historiam
2297 2213 2559 2272 pertinent,
2584 2213 2758 2272 absque
2785 2212 2945 2258 libro·

1639 2303 1746 2331 rum
1778 2287 1906 2332 unde
1936 2287 2217 2347 deprompta
2251 2286 2343 2330 sint
2364 2285 2533 2330 notitia
2559 2284 2835 2331 afferuntur.
2859 2283 2956 2347 55⁸⁵.

1638 2361 1974 2406 Plutarchusin
1993 2361 2110 2406 Vitis
2125 2359 2310 2405 Solonis
2328 2367 2375 2402 et
2395 2358 2585 2405 Periclis
2607 2356 2670 2420 (1)
2692 2352 2947 2420 aliquoties?

1640 2487 1770 2539 μάντις
1786 2489 1936 2534 πλείους
1949 2488 2018 2539 ἔφη
2033 2488 2202 2535 νικήσειν
2215 2517 2227 2535 ,
2246 2487 2279 2527 εἰ
2294 2485 2524 2538 προθύσαιεν
2538 2488 2616 2526 τῶν
2631 2485 2833 2537 ἡγεμόνων
2845 2474 2957 2539 {vagi

1639 2550 1690 2587 Οἱ
1706 2548 1746 2587 δὲ
1777 2548 2068 2592 ἀποκτείναντες
2083 2548 2150 2586 τὸν
2173 2546 2323 2598 Βὸμὸον
2339 2545 2535 2596 ἐνίκησαν.
2557 2544 2708 2584 Eadem
2725 2540 2963 2594 mutan-cha?

1640 2608 1757 2646 Prov.
1779 2610 1820 2646 9.
1846 2621 1866 2640 «
1897 2605 2020 2646 Aliter
2039 2605 2140 2645 cod.
2160 2605 2344 2644 vatican.
2375 2606 2435 2652 11,
2459 2607 2524 2643 67.
2545 2602 2655 2643 Bodl.
2680 2619 2690 2643 z
2715 2597 2951 2651 Ἦσέὸησαιὶ

1638 2666 1712 2716 γὰρ
1728 2666 1780 2710 εἰς
1795 2665 1863 2711 τὴν
1876 2666 2013 2715 ἱέρειαν
2032 2662 2262 2713 ἐμὸαλόντες
2281 2662 2398 2708 αὐτὴν
2414 2663 2467 2707 εἰς
2478 2662 2543 2700 τὸν
2556 2661 2598 2702 ἄν
2611 2662 2783 2714 Δωδώνῃ
2794 2663 2941 2710 λέὸητα

1639 2725 1793 2772 ζέοντα,
1817 2723 2007 2773 ἐρωτικῶς
2028 2722 2263 2760 διατεθεῖσαν
2285 2721 2336 2765 εἰς
2357 2720 2425 2759 ἕνα
2443 2725 2521 2760 τῶν
2537 2721 2705 2772 θεωρῶν.
2738 2720 2803 2762 Cf.
2822 2720 2933 2762 ulil-

1639 2781 1711 2820 ler.
1732 2783 1841 2822 Min.
1860 2791 1901 2830 p.
1920 2783 2008 2819 385.
2030 2795 2049 2813 n
2068 2778 2370 2818 Schneidewin.
2461 2826 2466 2830 ,

1693 2846 1747 2894 (1)
1771 2844 1974 2884 Plutarch.
1998 2843 2134 2881 Solon.
2162 2846 2172 2880 Ι
2199 2857 2209 2880 ;
2228 2843 2306 2888 Τὴν
2323 2842 2363 2880 δὲ
2379 2841 2525 2891 μητέρα
2539 2845 2609 2881 τοῦ
2629 2842 2802 2888 Σόλωνος
2824 2842 2938 2893 Ἡρα-

1639 2905 1788 2951 κλείδης
1808 2905 1829 2942 ὁ
1849 2902 2036 2947 Ποντικὸς
2053 2901 2198 2951 ἱστορεῖ
2209 2904 2276 2948 τῆς
2305 2898 2584 2950 Πεισιστράτου
2615 2902 2753 2952 μητρὸς
2776 2901 2935 2951 ἀνεψίαν

1666 2963 1830 3002 ενέσθαι.

1639 2977 1663 3014 γ
1691 3019 1823 3059 1d.ib.
1846 3023 1894 3058 22
1908 3048 1920 3068 ,
1943 3020 1967 3057 4
1983 3048 1994 3067 ,
2013 3017 2063 3056 de
2079 3016 2229 3067 legibus
2245 3015 2402 3056 Solonis
2421 3032 2430 3055 :
2452 3016 2602 3056 Ἐκεῖνο
2629 3016 2663 3056 δ’
2681 3018 2756 3065 ἤδη
2777 3017 2936 3068 σφοδρό-

1639 3090 1746 3128 τερον
1760 3107 1772 3126 ,
1788 3077 1832 3116 τὸ
1851 3075 1946 3127 μηδὲ
1960 3078 2038 3120 τοῖς
2056 3075 2093 3119 ἐξ
2109 3073 2257 3124 ἑταίρας
2272 3074 2487 3124 γενομένοις
2502 3073 2714 3124 ἐπάναγκες
2729 3075 2826 3115 εἶναι
2848 3075 2935 3120 τοὺς

1639 3137 1805 3188 πατέρας
1831 3135 2000 3185 τρέφειν,
2034 3135 2086 3178 ὡς
2103 3131 2354 3183 ἹΙρακλείδης
2381 3130 2582 3182 ἱστόρηκεν
2611 3133 2633 3171 ὁ
2662 3134 2864 3182 Ποντικός,
2891 3137 2938 3179 ⁴0

1642 3197 1715 3246 γὰρ
1732 3195 1770 3234 ἐν
1786 3193 1901 3245 γάμῳ
1914 3195 2092 3243 παρορῶν
2111 3192 2156 3230 τὸ
2174 3191 2290 3230 καλὸν
2311 3190 2357 3229 οὐ
2376 3190 2518 3229 τέκνων
2539 3189 2654 3230 ἕνεκα
2671 3191 2783 3239 δῆλός
2805 3195 2934 3240 ἐστιν,

1641 3254 1874 3300 ἀλλ’·ἧδονῆς
1887 3250 2071 3303 ἀγόμενος
2083 3253 2263 3300 γυναῖκα,
2279 3248 2344 3288 τόν
2360 3262 2402 3288 τε
2414 3247 2548 3300 μισθὸν
2565 3247 2699 3300 ἀπέχει
2715 3253 2782 3291 καὶ
2796 3262 2936 3309 παρρη·

1642 3313 1730 3352 σίαν
1751 3313 1856 3360 αὑτῷ
1872 3310 1965 3360 πρὸς
1982 3309 2069 3354 τοὺς
2085 3308 2312 3357 γενομένους
2329 3307 2400 3346 οὐκ
2417 3306 2692 3358 ἀπολέλοιπεν,
2710 3309 2767 3356 οἷς
2782 3311 2927 3365 αὐτὸςι

1641 3373 1818 3422 γενέσθαι,
1838 3367 2045 3414 πεποίηκεν
2061 3366 2218 3412 ὄνειδος.

1693 3429 1803 3469 Idem
1817 3427 1951 3467 Solon.
1972 3431 2015 3465 31
2031 3455 2050 3475 ,
2061 3428 2085 3464 4
2103 3441 2111 3464 :
2131 3424 2359 3464 Pisistratus
2371 3423 2579 3474 plerasque
2588 3422 2745 3464 Solonis
2758 3425 2863 3478 leges
2905 3455 2917 3463 .

1641 3487 1782 3535 tinnit,
1794 3485 1921 3535 iisque
1936 3493 2060 3523 novas
2073 3482 2284 3522 nonnullas
2298 3480 2471 3526 addidit,
2489 3480 2546 3535 ὧν
2555 3479 2636 3520 ἔστι
2649 3482 2715 3522 καὶ
2731 3483 2754 3522 6
2766 3485 2854 3531 τοὺς
2865 3499 2919 3534 πη

1643 3547 1828 3598 ρωθέντας
1856 3544 1895 3582 ἐν
1922 3537 2281 3592 πολέμῳῒημοσίᾳ
2313 3539 2512 3590 τρέφεσθαι
2534 3539 2715 3579 κελεύων.
2748 3543 2874 3584 Τοῦτο
2901 3554 2926 3578 ,·-.

1642 3620 1757 3656 φησιν
1773 3601 2023 3654 Ἡρακλείδης
2040 3601 2106 3639 καὶ
2126 3597 2307 3650 πρότερον
2325 3598 2386 3636 ἐπὶ
2411 3596 2625 3648 Θερσίππῳ
2641 3601 2852 3650 πηρωθέντι
2866 3617 2911 3644 το

1643 3664 1814 3706 Σόλωνος
1830 3659 2120 3711 ψηφισαμένου,
2139 3656 2386 3707 μιμήσασθαι.
2399 3656 2465 3697 τὸν
2488 3655 2787 3708 Πεισίστρατον.

1696 3721 1803 3762 ldelu
1822 3722 1880 3759 De
1901 3719 1999 3768 glor.
2021 3717 2165 3757 Athen.
2191 3726 2229 3754 c.
2251 3717 2276 3754 3
2291 3743 2302 3762 ,
2320 3724 2360 3764 p.
2376 3717 2450 3758 347
2472 3730 2482 3752 :
2501 3716 2580 3761 Τὴν
2599 3714 2725 3755 τοίνυν
2741 3717 2780 3756 έν
2845 3741 2856 3749 1
2877 3740 2916 3752 ,.,

1643 3783 1735 3820 θῶνι
1751 3779 1878 3830 μάχην
1895 3776 2122 3825 ἀπήγγειλεν
2134 3804 2144 3821 ,
2166 3775 2218 3818 ὡς
2238 3773 2311 3823 μὲν
2323 3772 2572 3824 Ἡρακλείδης
2588 3774 2610 3812 6
2625 3775 2812 3820 Ποντικὸς
2850 3800 2857 3810 .
2898 3798 2905 3811 ,

1643 3843 1719 3891 pet,
1738 3838 1956 3888 Θέρσιππος
1972 3835 1993 3872 6
2007 3831 2186 3883 Ἐρωεύς.
2205 3833 2255 3870 Οἱ
2271 3830 2310 3870 δὲ
2330 3831 2510 3871 πλεῖστοι.
2524 3832 2699 3880 λέγουσιν
2716 3833 2880 3877 Εὐκλέα,
2900 3845 2904 3855 ’

1696 3896 1802 3936 ldem
1819 3893 1900 3933 Sol.
1920 3896 1968 3932 32
1981 3922 1992 3940 ‚
2015 3897 2036 3932 3
2057 3907 2066 3929 :
2085 3889 2300 3930 Ἐπεὸίωσε
2316 3888 2347 3929 δ’·
2365 3888 2431 3928 οὖν
2445 3890 2466 3928 ὁ
2485 3889 2614 3928 Σόλων
2634 3890 2845 3943 ἀρξαμένου
2899 3937 2901 3939 ,

1644 3951 1927 4004 Πεισιστράτου
1942 3953 2135 4000 τυραννεῖν
2147 3978 2158 3998 ,
2177 3950 2229 3992 ὡς
2243 3948 2310 3999 μὲν
2326 3947 2574 3999 Ἡρακλείδης
2589 3949 2611 3987 6
2628 3949 2814 3996 Ποντικὸς
2833 3952 2862 3990 i
2899 3954 2914 3963 ’“

1643 4016 1722 4063 ρεῖ,
1742 4010 1884 4061 συχνὸν
1901 4007 2061 4059 χρόνον,
2093 4009 2145 4059 ὡς
2165 4007 2205 4046 δὲ
2235 4007 2383 4051 Φανίας
2407 4008 2429 4046 6
2444 4007 2612 4057 Ἐρέσιος
2633 4006 2816 4048 ἐλάττονα
2835 4009 2856 4050 δ
2891 4012 2919 4051 ‘a'

1643 4083 1754 4109 ετων.
2439 4077 2448 4084 ·

1697 4126 1804 4166 Idem
1821 4120 1962 4164 Pericl.
1984 4134 2019 4163 c.
2040 4126 2086 4162 27
2100 4152 2111 4170 ,
2127 4125 2149 4161 4
2168 4133 2178 4160 2
2197 4121 2358 4172 Ἔφορος
2371 4121 2412 4160 δὲ
2429 4122 2494 4175 καὶ
2513 4127 2702 4174 μηχαναῖς
2718 4123 2832 4174 χρήσ,
2903 4119 2910 4134 ’·

1644 4186 1708 4225 τὸν
1729 4183 1916 4233 Περικλέα
1931 4182 1998 4228 τὴν
2022 4181 2232 4228 καινότητα
2247 4179 2499 4231 θαυμάσαντα
2514 4179 2744 4232 ’Ἀρτέμωνος
2766 4186 2835 4222 τοῦ

1647 4245 1809 4294 χανικοῡ
1826 4239 2033 4292 παρόντος,
2050 4238 2093 4279 ὃν
2113 4239 2239 4291 χωλὸν
2257 4237 2349 4279 ὄντα
2379 4240 2444 4279 καὶ
2472 4239 2611 4291 φορείῳ
2634 4239 2727 4289 πρὸς
2753 4240 2803 4279 τὰ
2851 4262 2858 4269 1
2909 4252 2918 4266 1
