3016 4628
25 460 57 536 i

1059 284 1136 335 DE
1178 284 1372 335 REssUS
1413 284 1709 334 PUssLlffls.

80 417 221 474 quam
254 410 397 450 totam
440 414 495 446 ex
536 398 787 445 Aristotele
816 396 996 441 fluxisse
1026 405 1171 456 puto;
1209 403 1361 439 cetera

71 490 233 539 nutem
265 478 439 522 minuta
463 473 678 527 frustula,
705 486 807 529 quae
842 484 1055 529 magnam
1094 477 1274 526 partem
1303 482 1362 510 ne

24 550 27 604 ,ἔ
79 550 223 599 titulis
248 547 470 609 quidem
458 561 507 589 ιιι
526 543 668 589 codd.
702 542 915 601 insignita
939 549 1067 595 sunt,
1091 541 1229 598 longe
1251 539 1362 597 plu·-

78 625 195 672 rima
219 634 275 667 ex
290 617 535 666 Aristotele
554 617 629 659 vel
647 613 836 659 aliunde
857 620 1039 672 aggesta
1055 626 1165 656 esse.
1186 611 1364 668 Quibus

76 695 289 748 meotis,-
318 699 551 749 tamquam
585 682 861 731 Heraclidea
891 684 1194 746 retinebimus
1229 682 1361 726 Poli—

81 769 200 815 tias:
228 781 270 810 1.
297 758 551 817 Ἀθηναίων;
580 773 623 803 2.
651 755 844 804 Λακεδαι
832 753 1033 815 ·μονίων;
1069 753 1115 800 3.
1149 754 1359 816 Κρητῶν;

83 846 130 895 4.
156 831 430 900 Κυρηναίων;
466 831 510 878 5.
543 827 800 893 Κορινθίυιν;
835 828 907 889 (6
935 825 1145 874 Ἠλείων·
1136 826 1247 887 ,)7,
1274 826 1363 872 Tg..

58 907 254 966 ’νεὸίων;
289 907 332 953 8.
372 900 570 967 Παρίων;
599 918 645 962 9.
688 897 855 960 Κείων
896 916 970 945 11.
999 895 1242 958 Κυμαίο)ν;
1280 895 1358 941 25.
1390 948 1394 952 .

81 978 320 1043 Ῥηγίνωνς
349 976 449 1036 (26.
473 971 778 1036 Ταραντίνων;
794 973 908 1034 )29.
935 972 1144 1035 Λοκρῶν;
1160 962 1237 1017 35.
1255 969 1366 1032 Κρο·

79 1051 318 1107 covinton
346 1047 420 1094 36.
446 1042 802 1109 Ἀκραγαντίνων.

79 1133 83 1138 ’
143 1123 488 1169 Atheniensium
532 1118 747 1163 Politiam
782 1116 944 1161 ceteris
995 1115 1123 1173 quasi
1171 1111 1365 1157 honoris

82 1209 212 1243 causa
252 1192 545 1253 praepositam
594 1204 687 1233 esse
733 1188 850 1232 nihil
893 1186 1034 1230 habet
1076 1185 1360 1229 offensionis.

78 1253 190 1330 Quae
220 1264 389 1311 deinde
418 1270 676 1322 sequuntur
711 1261 915 1305 civitates
937 1273 1099 1302 omnes
1127 1265 1232 1302 sunt
1269 1257 1365 1300 ori-

75 1339 184 1401 gine
199 1337 380 1383 Doricae
402 1335 476 1379 vel
503 1334 691 1378 AEolicae
712 1332 787 1376 vel
805 1330 1205 1384 Dorico-aeolicae,
1226 1336 1364 1385 atque

77 1410 288 1456 moribus
320 1417 366 1453 et
399 1407 614 1451 institutis
649 1405 736 1449 sibi
772 1404 957 1448 similes.
989 1401 1366 1446 Lacedaemonios

79 1483 318 1542 excipiunt
346 1481 596 1525 Cretenses.
624 1476 764 1535 Quod
787 1490 925 1535 quam
947 1483 1053 1533 apte
1073 1471 1180 1528 fiat,
1209 1472 1364 1516 dicere

18 1574 19 1578 ¹
78 1554 294 1616 putidum
315 1554 386 1599 sit.
407 1552 522 1596 Cum
539 1550 823 1595 Cretensium
840 1556 887 1592 et
903 1546 1365 1591 Lacedaemoniorum

78 1626 360 1679 civitatibus,
399 1619 716 1667 intercedente
740 1619 889 1664 Thera
911 1619 1081 1674 insula,
1117 1618 1365 1662 arctissime

12 1712 15 1721 ¹
70 1693 241 1758 iunctae
256 1705 362 1741 sunt
377 1694 592 1753 Cyrenoe,
613 1693 726 1737 urbs
740 1690 1126 1736 AEolieo-dorica.
1146 1691 1253 1734 Post
1268 1690 1364 1732 haec

76 1779 240 1818 auctor
257 1770 308 1813 in·
323 1769 696 1827 Peloponnesum
714 1764 852 1809 redit.
878 1765 1132 1822 Supersunt
1149 1770 1366 1821 excerpta

11 1842 13 1907 ἶ
76 1843 252 1889 Politiae
271 1839 621 1892 Corinthiorum,
659 1837 734 1881 cui
751 1851 900 1896 pauca
911 1834 1055 1878 verba
1072 1833 1131 1878 de
1154 1835 1363 1878 Eleorum

77 1927 186 1976 rege
203 1912 524 1972 subjiciuntur.
552 1912 660 1955 Haec
686 1910 769 1954 etsi
804 1907 864 1952 ad
899 1907 1209 1966 Peloponnesi
1253 1906 1364 1949 civi-

11 1983 14 1992 ’
76 1993 217 2032 tatem
255 1985 517 2045 pertinent,
558 1991 714 2026 tamen
754 1990 900 2039 quum
936 1978 1126 2048 reliquis
1158 1977 1363 2021 frustulis

76 2055 154 2107 hie
173 2059 266 2102 illic
286 2056 566 2115 intetpositis
602 2053 831 2099 simillima
859 2052 972 2107 sint,
999 2051 1057 2094 ab
1082 2049 1367 2094 Heraclideis

56 2130 303 2189 'excerptis
332 2129 479 2172 aliena
502 2141 595 2171 esse
625 2125 850 2184 suspicor.
877 2125 1032 2182 Atque
1062 2121 1366 2166 additamenti

9 2208 11 2215 ’
75 2198 210 2261 hujus
232 2200 492 2259 irruptione
511 2199 683 2243 factum
707 2212 800 2242 esse
826 2195 1029 2250 videtur,
1046 2203 1100 2237 ut
1121 2187 1280 2237 titulus
1295 2208 1364 2237 se-

77 2274 260 2335 quentis
270 2273 448 2316 Politiae
471 2271 766 2314 Tenediorum
786 2267 1024 2312 exciderit.
1048 2266 1226 2310 Porro
1215 2281 1365 2324 ipsum

75 2342 373 2392 Heraclidem
396 2358 422 2386 a
444 2335 695 2388 Corinthiis
716 2341 868 2385 statim
891 2339 951 2384 ad
968 2337 1197 2382 Tenedios
1218 2347 1366 2381 trans-

50 2414 177 2463 'iisse
205 2423 455 2476 propterea
470 2424 614 2474 puto,
634 2413 765 2473 quod
796 2427 853 2456 ex
876 2410 1122 2456 Aristotele
1144 2409 1231 2470 (fr.
1261 2407 1364 2471 169)

48 2490 292 2570 φονίιιιιις»
317 2487 527 2531 Teneatis
559 2486 656 2546 agri
680 2484 908 2530 Corinthii
938 2483 1266 2542 cognationem
1293 2482 1366 2524 in-

63 2558 330 2607 “ter-cessisse
378 2574 484 2603 cum
534 2556 771 2611 Tenediis,
829 2555 972 2613 idque
1024 2553 1367 2612 quammaxime

45 2655 51 2692 3
76 2632 379 2692 comprobari
395 2629 629 2690 Apollinis
647 2626 663 2690 ζ
674 2627 898 2673 Sminthei
913 2623 923 2686 )
939 2626 1068 2670 cultu
1085 2624 1209 2684 apud
1220 2633 1368 2668 utros-

47 2737 50 2754 2
72 2720 169 2776 que
191 2705 444 2748 simillimo.
466 2702 653 2747 Scilicet
676 2715 702 2744 a
720 2698 911 2744 Tenedo
934 2699 1084 2742 cultus
1102 2697 1211 2741 ille
1200 2712 1250 2740 ιιι
1270 2697 1367 2741 Co-

71 2777 303 2825 ¹cinthium
333 2789 497 2836 agrum
528 2773 767 2818 traductus
798 2780 886 2826 est,
929 2769 1054 2814 unde
1084 2778 1245 2828 postea
1274 2784 1367 2813 una

75 2864 184 2897 cum
203 2849 373 2894 Archia
398 2848 642 2907 Syracusas
656 2844 870 2905 migravit
888 2843 964 2903 (V.
983 2842 1153 2887 Strabo
1171 2857 1220 2900 p.
1246 2840 1363 2897 3803

62 2920 368 2982 '‘Pausan.11,
396 2917 446 2976 5,
477 2918 533 2974 3;
567 2918 888 2962 Miiller.Dor.
923 2917 973 2971 Ι,
1009 2930 1056 2974 p.
1092 2908 1226 2974 218).
1258 2913 1364 2972 Ipsa

25 2994 31 3002 '
59 2986 288 3041 'Tenedus
319 3007 344 3036 e
373 2990 582 3045 Troade,
608 2990 691 3033 ubi
713 2988 942 3048 Apollinis
964 2986 1190 3031 Sminthei
1214 2986 1365 3029 cultus

57 3064 284 3117 ,Creticus
301 3063 487 3124 vigebat
509 3061 721 3122 (Miiller.
739 3061 773 3104 l.
792 3061 825 3103 l.
843 3076 894 3119 p.
916 3059 1067 3118 220),
1088 3058 1252 3101 incolis
1268 3056 1366 3100 fie-

78 3143 296 3203 'quentata
312 3145 378 3180 est
395 3132 618 3198 (Diodor.
638 3133 702 3190 V,
723 3130 818 3194 83).
838 3132 1063 3178 Creticam
1079 3145 1191 3176 vero
1210 3129 1372 3173 severi-

64 3212 220 3268 'tatem
237 3223 333 3268 prae
352 3222 398 3251 se
417 3206 573 3251 ferunt
589 3220 691 3264 quae
715 3205 774 3249 de
794 3205 974 3264 legibus
991 3202 1333 3247 Tenediorum
1321 3217 1371 3244 ιιι

152 3288 317 3340 cerptls
327 3279 495 3323 nostris
513 3287 558 3322 et
570 3278 681 3322 alibi
698 3277 963 3321 traduntur.
980 3278 1129 3320 Porro
1144 3275 1213 3318 uti
1227 3276 1368 3318 Tene-

51 3415 55 3418 *
56 3267 293 3415 ἓιιοιιιιιι,
309 3352 372 3395 sic
397 3351 535 3395 etiam
566 3350 752 3395 Ceorum
776 3349 983 3393 instituta
1006 3348 1196 3393 Creticae
1223 3347 1368 3405 origi-

173 3435 264 3467 esse
284 3424 438 3466 nescio
461 3438 518 3466 an
544 3430 670 3466 recte
700 3421 857 3465 statuit
878 3421 1100 3464 Miillerus
1126 3417 1266 3478 (Dor.
1289 3419 1365 3473 ΙΙ,

116 3492 255 3552 2,26.
276 3492 363 3538 281
381 3493 415 3555 ).
433 3494 568 3539 Certe
585 3494 740 3553 legum
755 3506 1036 3550 morumque
1052 3488 1214 3535 eadem
1230 3504 1367 3548 pror-

176 3565 354 3610 indoles
375 3575 466 3623 est,
493 3566 612 3611 adeo
628 3574 681 3609 ut
703 3565 760 3609 ab
779 3564 995 3619 Ionibus,
1019 3562 1191 3623 quibus
1208 3569 1397 3621 postea

82 3633 162 3691 Gei
185 3638 559 3694 accensebantur,
586 3637 756 3683 deduci
779 3652 879 3680 non
906 3635 1097 3696 possint.
1128 3634 1243 3678 Cum
1267 3633 1368 3677 Ceis

80 3714 189 3767 apte
207 3723 490 3769 componere
510 3711 618 3755 licet
634 3711 810 3754 Pario&
834 3710 951 3754 Nam
967 3704 1366 3768 quemadmodum

2626 296 2717 340 207

1438 394 1665 440 Creticam
1694 395 1898 438 indolem
1924 395 2176 439 ostendunt
2205 398 2402 440 Ceorum
2428 398 2654 452 instituta,
2682 406 2727 443 et

1440 484 1497 511 ex
1536 468 1734 512 Arcadia
1768 483 1932 527 agmen
1964 467 2203 526 quoddam
2239 470 2495 513 incolarum
2515 473 2728 516 Aristaeus

1439 540 1487 582 in
1511 539 1654 583 Ceum
1674 538 1917 582 deduxisse
1942 538 2111 592 fertur,
2141 540 2203 582 sic
2228 538 2285 582 de
2314 542 2429 583 Paro
2454 543 2598 586 insula
2624 544 2725 588 Ste-

1438 610 1618 669 phanus
1643 610 1751 668 ssyz.
1780 609 1919 653 docet
1938 610 2033 652 haec
2061 624 2071 651 ε
2101 606 2271 674 ᾨκεῑτο
2286 607 2331 653 τὸ
2354 608 2430 670 μὲν
2457 614 2626 675 πρῶτον
2645 613 2728 660 ὑπὸ

1441 681 1626 742 Κρητῶν
1648 679 1722 726 καί
1749 696 1873 725 τινων
1910 676 2124 743 Ἀρκάδων
2149 677 2303 739 ὀλίγων
2320 698 2329 707 ·
2365 679 2551 741 τοῦνομα
2588 682 2630 727 δὲ
2654 683 2728 729 λέ-

1439 770 1561 813 γεται
1589 752 1674 807 ἀπὸ
1699 751 1850 816 Πάρου
1889 755 1966 798 τοῦ
2006 750 2285 814 Παρρασίου,
2324 750 2469 815 ἀνδρὸς
2510 751 2730 816 Ἀρκάδος,

1439 823 1576 888 ἔχειν,
1597 827 1653 878 ὡς
1680 824 1977 888 Καλλίμαχος.
1996 851 2060 858 -
2077 824 2217 882 Quod
2238 826 2274 868 si
2300 825 2435 868 aliam
2459 841 2633 884 quaeras
2657 830 2726 871 ci—

1438 900 1627 943 vitatem
1641 933 1653 954 ,
1677 896 1807 957 cujus
1827 900 1948 943 cives
1965 913 2149 941 morum
2175 898 2423 956 legumque
2443 898 2731 956 simplicitate

1440 974 1485 1014 et
1513 973 1752 1016 severitate
1795 987 1901 1016 cum
1940 970 2201 1030 Spartanis,
2239 968 2554 1024 Cretensibus,
2601 970 2726 1025 Ceis,

1440 1043 1654 1087 Tenediis
1674 1045 1895 1103 componi
1917 1043 2086 1103 possit,
2108 1043 2186 1084 vix
2218 1042 2448 1100 aptiorem
2483 1042 2731 1100 antiquitas

1439 1115 1705 1174 suppeditet
1729 1132 1869 1175 quam
1888 1117 2062 1175 Cymen
2081 1114 2306 1158 AEolicam
2335 1114 2410 1172 (v.
2436 1113 2621 1159 Miiller.
2641 1114 2670 1158 l.
2697 1115 2731 1158 l.

1439 1202 1490 1245 p.
1520 1202 1630 1231 221.
1668 1187 1777 1233 225.
1805 1186 1969 1247 226.).
1995 1187 2182 1246 Optime
2217 1186 2359 1245 igitur
2389 1185 2439 1227 in
2469 1183 2735 1244 fragmentis

1440 1260 1608 1303 nostris
1623 1270 1729 1319 post
1751 1256 1980 1306 Tenedios
1994 1266 2238 1319 ponuntur
2254 1257 2403 1312 Parii,
2423 1256 2525 1311 Cei,
2542 1256 2729 1302 Cumaei.

1441 1333 1538 1375 Hos
1575 1332 1793 1392 deinceps
1828 1333 2067 1391 excipiunt
2098 1331 2283 1375 Doricae
2325 1328 2496 1372 indolis
2532 1329 2736 1373 civitates

1440 1402 1610 1448 Italicae
1648 1413 1694 1448 et
1728 1403 1892 1448 Siculae
1910 1437 1924 1463 ,
1964 1403 2316 1462 Rheginorum,
2342 1401 2702 1444 Tarentinorum
2718 1434 2731 1455 ,

1441 1477 1703 1520 Locrorum
1716 1508 1728 1530 ,
1751 1475 2126 1520 Crotoniatarum
2139 1507 2152 1529 ,
2167 1473 2596 1533 Agrigentinorum.
2617 1472 2732 1529 Qui·

1439 1546 1527 1590 bus
1546 1547 1655 1591 addi
1674 1556 1827 1606 potest
1855 1548 2170 1591 Minoatarum
2192 1546 2306 1590 urbs
2331 1544 2415 1605 (fr.
2451 1543 2563 1605 28),
2597 1546 2736 1604 Agri-

1441 1620 1740 1680 gentinorum
1783 1620 1994 1675 colonia,
2036 1619 2226 1664 Creticis
2267 1617 2446 1677 legibus
2482 1617 2732 1671 instructa,

1442 1705 1724 1750 quamquam
1745 1706 1871 1736 nunc
1895 1700 2027 1736 extra
2048 1691 2214 1736 seriem
2237 1699 2342 1735 ante
2370 1691 2549 1733 Locros
2572 1689 2622 1731 in
2643 1689 2738 1732 Ex-

1442 1765 1612 1824 cerptis
1636 1765 1847 1823 ponitur.

1507 1839 1617 1881 Haec
1633 1838 1775 1897 igitur
1785 1837 1958 1881 sirecte
1975 1835 2086 1892 dixi,
2100 1833 2372 1880 Heraclides
2380 1833 2569 1878 Politias
2583 1831 2735 1877 distri-

1440 1909 1545 1952 buit
1566 1909 1821 1953 secundum
1842 1909 2006 1967 stirpes
2030 1916 2076 1952 et
2098 1907 2400 1967 cognationes
2417 1903 2705 1964 populorum
2720 1938 2733 1960 ,

1441 1982 1638 2040 vitaeque
1672 1982 1872 2040 publicae
1913 1989 1960 2025 et
1991 1980 2181 2039 privatae
2217 1977 2582 2023 similitudinem.
2624 1978 2737 2034 Quae

1442 2053 1633 2112 quidem
1668 2069 1836 2097 norma
1869 2068 1921 2097 ac
1958 2053 2077 2097 ratio
2115 2052 2326 2096 omnium
2362 2049 2735 2094 commodissima

1443 2135 1554 2171 erat.
1579 2128 1696 2171 Nam
1719 2140 1874 2170 mores
1907 2134 1953 2170 et
1985 2124 2221 2179 instituta,
2247 2138 2350 2182 quae
2374 2137 2432 2166 ex
2459 2121 2733 2180 primordiis

1442 2207 1488 2242 et
1511 2199 1640 2257 quasi
1675 2213 1700 2242 e
1725 2198 1946 2258 sanguine
1980 2196 2267 2256 populorum
2301 2202 2593 2248 enascuntur,
2635 2209 2732 2252 prae

1443 2270 1605 2313 ceteris
1628 2268 1836 2312 indolem
1860 2276 1906 2312 et
1929 2267 2166 2327 ingenium
2188 2266 2472 2325 singularum
2496 2265 2734 2308 civitatum

1443 2342 1751 2398 constituunt,
1775 2349 1820 2384 et
1837 2355 1923 2399 per
1947 2353 2107 2382 omnes
2131 2337 2456 2381 conversiones
2472 2369 2486 2394 ,
2516 2350 2629 2393 quas
2653 2349 2733 2378 re-

1441 2429 1547 2457 rum
1565 2413 1872 2456 humanarum
1893 2408 2159 2454 vicissitudo
2182 2407 2397 2462 adducit,
2421 2420 2602 2464 semper
2625 2420 2728 2449 ma-

1442 2494 1554 2528 nent
1589 2485 1676 2529 sibi
1708 2484 1890 2529 similes.
1915 2481 2096 2526 Eodem
2127 2479 2271 2523 modo
2298 2478 2567 2523 Aristoteles
2606 2492 2731 2535 quo-

1443 2573 1534 2616 que
1569 2558 1618 2600 in
1645 2557 1919 2601 Politiarum
1948 2568 2092 2613 opere
2126 2568 2227 2597 rem
2256 2553 2399 2612 egisse
2437 2551 2552 2594 mihi
2592 2549 2731 2593 vide-

1445 2638 1536 2673 tur.
1573 2630 1707 2674 Certe
1742 2643 1838 2687 quo
1863 2618 2016 2686 'magis
2049 2640 2149 2669 rem
2182 2622 2454 2683 perpendo,
2486 2629 2614 2665 tanto
2642 2623 2733 2664 mi-

1442 2717 1528 2745 nus
1555 2700 1835 2761 persuadere
1859 2700 1972 2743 mihi
2009 2712 2220 2757 possum,
2249 2695 2461 2739 distincte
2502 2703 2549 2738 et
2593 2709 2734 2738 accu-

1441 2782 1540 2817 rate
1575 2774 1707 2831 loqui
1732 2773 1992 2832 Diogenem
2024 2770 2286 2827 Laertium,
2323 2768 2404 2826 qui
2436 2767 2731 2811 Aristotelem

1443 2845 1557 2889 dicit
1579 2859 1784 2890 seorsum
1806 2852 2016 2887 tractasse
2037 2842 2242 2885 civitates
2262 2838 2547 2898 tyrannicas,
2567 2837 2728 2881 demo·

1443 2918 1634 2961 craticas
1653 2925 1741 2961 etc.
1764 2915 1883 2962 Nam
1906 2916 1956 2958 in
1980 2914 2169 2973 singulis
2200 2911 2378 2956 Politiis
2399 2924 2586 2953 omnem
2616 2909 2733 2952 civi-

1442 2998 1589 3033 tatum
1607 2989 1870 3043 historiam,
1893 2995 2116 3046 quantum
2141 2984 2236 3042 ejus
2252 2984 2312 3028 ad
2327 2998 2428 3027 rem
2446 2981 2729 3041 pertinebat,

1445 3063 1666 3106 continua
1686 3062 1954 3106 narratione
1971 3067 2302 3118 pertractatam
2325 3070 2418 3100 esse
2438 3055 2543 3099 satis
2565 3055 2729 3111 liquet.

1442 3136 1548 3179 Dici
1569 3143 1723 3195 posset
1746 3133 2042 3179 Aristotelem
2065 3132 2114 3174 in
2141 3130 2412 3174 Politiarum
2437 3126 2735 3171 ordinatione

1442 3208 1692 3266 respexisse
1723 3206 1782 3251 ad
1814 3214 1982 3250 statum
2018 3202 2497 3261 rerumpublicarum,
2540 3199 2622 3256 qui
2659 3197 2733 3240 vel

1443 3280 1584 3337 ipsius
1601 3288 1730 3323 aetate
1745 3279 1819 3322 vel
1841 3279 1931 3322 alio
1946 3284 2074 3321 certo
2089 3274 2296 3334 quodam
2314 3272 2535 3331 temporis
2553 3277 2728 3329 puncto

1442 3352 1564 3396 forte
1597 3353 1784 3396 fortuna
1822 3350 2108 3395 obtinuisset.
2146 3351 2319 3392 Verum
2356 3346 2453 3389 haec
2491 3343 2549 3387 de
2588 3342 2726 3385 trivio

1442 3434 1624 3483 arrepta
1669 3425 1790 3468 ratio
1832 3431 1922 3478 est,
1964 3436 2107 3480 quam
2147 3419 2388 3463 cordatior
2436 3430 2574 3461 nemo
2626 3414 2729 3457 viro

1441 3497 1723 3557 philosopho
1747 3495 2004 3541 obtrudere
2025 3494 2141 3538 ausit
2165 3489 2236 3554 (Ἴ.

1493 3645 1546 3694 (*)
1577 3645 1625 3683 Et
1652 3642 1714 3682 vel
1737 3652 1784 3680 eo
1813 3641 1903 3680 talis
1935 3639 2068 3690 opinio
2101 3636 2392 3686 infringeretur,
2432 3630 2539 3682 quod
2571 3630 2726 3667 Troeze-

1443 3703 1602 3740 niorum
1624 3699 1805 3739 Pontiam
1824 3696 2053 3744 Aristoteles
2067 3694 2138 3746 (fr.
2161 3693 2227 3744 94)
2247 3691 2444 3743 scripsisse
2466 3687 2623 3727 dicitur.
