3016 4628
104 452 115 471 ⁷
122 464 281 513 zazoa
313 458 551 518 καταστὰς,
586 464 634 508 ου
675 458 725 507 ἂν
766 481 792 525 ῃ
828 458 878 507 τὸ
908 459 1088 525 πρῶτον
1111 460 1169 513 εἷς
1198 458 1379 516 Ἀθήνας

118 531 370 600 ορῶμενος
400 531 503 586 νεὼς
525 528 599 580 καὶ
629 531 678 579 τὸ
715 531 934 594 πόλισμα,
967 530 1117 598 ὄψεται
1133 530 1266 622 dirupit
1301 530 1379 588 τὴν

93 607 163 646 ῖ““·”·
211 598 344 663 αὐτὴν
360 603 691 695 ᾠκοδομημένον
714 607 896 667 μνῆμα,
921 596 1006 652 οἷον
1028 623 1075 651 ου
1079 623 1110 668 χ.
1129 601 1270 666 ἕτερον
1285 601 1379 650 οὐδὲ

115 695 297 741 νεγγυς
319 675 482 725 οὐδέν’
462 695 553 724 εστι
568 679 630 724 τῶ
647 676 834 739 μεγέθει.
855 679 999 725 Τουτο
1018 678 1061 724 δὲ
1087 676 1135 724 τὸ
1159 677 1237 739 μὲν
1259 679 1377 741 πρῶ-

130 749 304 815 ,ὅπερ
329 749 464 809 εἰκὸς,
497 747 526 807 ἢ
551 749 791 798 Μιλτιάδου
821 748 970 815 φήσειε
993 751 1161 815 σαφῶς,
1186 747 1213 806 ἢ
1248 750 1378 814 Περι·

84 822 163 861 “¹
158 842 244 877 ους
269 821 296 880 ἢ
333 821 526 885 Κίμωνος
550 821 708 881 ἤτινος
731 821 876 887 ἑτέρου
900 825 984 869 τῶν
1017 824 1188 884 ἀγαθῶν
1214 823 1378 886 ἀνδρῶν

87 870 232 962 ἔναι’
271 894 463 958 μάλιστα
497 893 574 956 μὲν
602 894 685 941 ὑπὸ
715 898 791 953 τῆς
819 894 984 949 πόλεως
1016 894 1205 960 δημοσία
1253 913 1378 941 κατε-

152 966 382 1029 ευασμένον
399 983 409 994 ·
432 968 470 1013 εἰ
494 964 538 1014 δὲ
563 964 624 1028 μὴ
641 1003 654 1024 ,
676 966 928 1031 δεδογμένον
953 966 1378 1015 κατασκευάσασθαι.

67 1031 124 1090 ,ἦῆ-9
143 1036 237 1087 ἄλιν
254 1038 289 1086 δ’
310 1036 411 1086 ὅταν
429 1037 607 1102 ἐξετάσῃ
637 1039 893 1097 Πυθιονίκης
915 1043 990 1098 τῆς
1010 1039 1206 1102 ἑταίρας,
1227 1038 1376 1095 ἥντινα

40 1152 53 1177 5
74 1103 179 1175 {9⁹1
201 1110 460 1176 1Α’τροσδοκίαν
485 1111 636 1158 λαὸεῖν
660 1110 811 1170 αὐτόν;
840 1134 858 1154 υ
886 1113 954 1159 Cf.
978 1114 1209 1158 Plutarch.
1232 1114 1374 1158 Phoc.

46 1179 178 1241 “Aa
204 1187 399 1231 Pausan.
427 1187 475 1240 Ι,
505 1185 583 1242 37.

38 1270 143 1298 Q

693 1302 769 1359 73.

155 1425 319 1469 Cicero
339 1423 413 1468 Ad
427 1424 564 1471 Attio.
581 1425 664 1480 VI,
690 1439 716 1468 2
737 1439 748 1468 t
776 1443 794 1464 «
811 1425 1380 1484 Peloponnesiascivitates

17 1483 35 1523 ’ἶ
64 1528 68 1554 ·.
83 1502 253 1549 lomnes
285 1500 546 1540 maritimas
571 1511 669 1540 esse
694 1496 889 1541 hominis
919 1513 1009 1541 non
1045 1513 1262 1556 nequam,
1297 1499 1382 1541 sed

31 1603 37 1617 s
58 1564 229 1615 etiam
246 1577 320 1612 tuo
330 1570 505 1626 judicio
518 1570 706 1628 probati
716 1570 982 1614 Dicaearchi
1004 1571 1170 1614 tabulis
1189 1568 1379 1624 (fabulis

28 1682 31 1694 .
62 1639 214 1698 conj.
239 1642 274 1685 F
275 1641 379 1686 uhi
396 1641 408 1700 )
433 1643 627 1685 credidi.
651 1644 702 1685 Is
730 1646 848 1686 enim
874 1645 1026 1686 multis
1054 1644 1308 1686 nominibus
1331 1647 1377 1687 in

29 1711 70 1776 J
77 1710 416 1772 Trophoniana
436 1713 930 1774 Choeronis(Cl1ar0nis
938 1731 1036 1761 var.
1047 1716 1078 1760 l.
1087 1714 1378 1775 )narratione

87 1823 89 1825 .
129 1800 271 1829 roecos
286 1789 334 1828 in
353 1800 407 1830 eo
421 1785 720 1845 reprehendit,
745 1789 870 1846 quod
877 1803 1004 1831 mare
1016 1796 1110 1830 tam
1126 1793 1264 1831 secuti
1274 1799 1381 1832 sunt

62 1867 98 1910 ἐϋ
114 1858 322 1901 cultum
338 1861 385 1900 in
400 1859 715 1918 Peloponneso
728 1861 871 1903 locum
887 1863 1075 1919 exeipit.
1093 1861 1241 1918 Quum
1259 1862 1378 1905 mihi

66 1917 117 1988 ‘³'
147 1939 246 1975 οῖον
249 1930 457 1989 placeret
477 1928 655 1990 (etenim
672 1941 775 1975 erat
786 1930 1114 1993 ἱστορικώτατος
1129 1943 1177 1976 et
1189 1938 1381 1978 vixerat

28 2015 35 2055 χ’
84 2005 138 2059 ‚fn
155 1998 516 2064 Peloponneso),
542 2004 813 2048 admirabar
835 2015 1019 2058 tamen;
1045 2014 1092 2048 et
1112 2009 1196 2050 vix
1216 2021 1375 2049 accre-

145 2089 200 2117 ns
227 2077 552 2120 communicavi
589 2092 690 2121 cum
720 2078 951 2136 Dionysio.
983 2081 1135 2138 Atque
1165 2083 1203 2122 is
1218 2083 1375 2138 primo

32 2138 34 2147 ¹
63 2148 119 2180 ἰ
133 2153 431 2202 tcommotus‚
456 2148 625 2192 deinde
647 2150 771 2208 quod
790 2159 882 2193 tum
907 2151 967 2194 de
990 2154 1075 2194 isto
1098 2152 1375 2197 Dicaearcho

72 2204 94 2279 '¹'
126 2240 137 2257 e
196 2223 346 2263 minus
362 2220 475 2264 bene
496 2222 794 2266 existimabat
820 2239 958 2282 quam
982 2233 1028 2266 tu
1051 2224 1110 2267 de
1131 2223 1181 2269 C.
1215 2226 1257 2266 V
1256 2236 1375 2270 esto

77 2293 173 2351 ,ιὀ,
210 2306 296 2350 ego
317 2289 461 2339 deM.
487 2292 711 2348 Cluverio,
737 2310 828 2340 non
842 2295 1202 2354 dubitabatquin
1220 2301 1372 2341 eicie-

115 2378 304 2410 -Nremus
335 2366 556 2410 Arcadice
571 2367 788 2411 censebat
807 2383 864 2411 es
863 2383 905 2410 se
921 2369 1126 2426 Lepreon
1142 2370 1372 2428 quoddam

122 2439 383 2488 utilimum·
364 2470 379 2491 ,
411 2439 563 2482 Tenea
581 2449 732 2483 autem
749 2450 795 2483 et
807 2439 1031 2500 Aliphera
1046 2450 1093 2484 et
1113 2442 1259 2484 Tritia
1275 2438 1371 2485 νεό-

97 2553 114 2570 -‚
138 2523 234 2553 ιστα
264 2513 307 2554 ei
327 2510 632 2566 videbantur;
663 2512 801 2571 idque
828 2513 889 2575 τῷ
913 2513 997 2556 τῶν
1018 2530 1121 2557 νεων
1141 2509 1370 2576 καταλόγῳ

151 2580 400 2639 firmabat,
433 2580 510 2626 ubi
545 2588 711 2628 ment1‘o
755 2599 845 2628 non
865 2584 935 2643 fit
973 2589 1174 2630 istorum.
1222 2589 1371 2645 Atque

88 2649 104 2702 Ϊ-
125 2667 218 2697 um
258 2669 342 2714 ego
393 2650 538 2699 locum
591 2657 778 2701 totidem
813 2658 969 2701 verbis
1013 2674 1046 2701 a
1094 2659 1370 2703 Dicoearcho

183 2728 308 2773 stltll‘.
335 2747 354 2767 »

95 2798 97 2802 '
117 2790 350 2865 {Respicit
400 2800 563 2846 Cicero
606 2817 659 2846 ea
693 2817 795 2862 quae
840 2804 1021 2863 scripsit
1058 2804 1109 2847 in
1144 2804 1268 2848 libro
1298 2806 1368 2850 De

91 2869 286 2930 ,sep-Il,
307 2877 332 2925 4
355 2887 366 2916 :
392 2874 548 2917 Multa
562 2878 703 2919 etiam
727 2876 795 2919 ad
808 2877 1041 2920 luxuriam
1071 2880 1369 2921 invitamenta

124 2945 331 3006 rniciosa
353 2948 609 2991 civitatibus
628 2949 977 3008 suppeditantur
994 2954 1129 3003 mari,
1159 2966 1267 3008 quoe
1287 2953 1372 2994 vel

148 3018 316 3063 [untur
331 3019 413 3062 vel
449 3022 766 3078 importantur,
795 3031 932 3081 atque
953 3020 1098 3066 habet
1113 3027 1249 3066 etiam
1268 3027 1367 3082 ipsa

120 3080 162 3125 ‘l
176 3091 459 3142 sumptuosas
479 3086 562 3129 vel
584 3086 830 3130 desidiosas
852 3088 1090 3131 illecebras
1108 3090 1275 3131 multas
1289 3105 1365 3132 cu-

0 3216 1 3219 .
24 3151 28 3170 ““
166 3155 334 3202 ’.εαῐιιιη
363 3157 426 3201 Et
437 3159 561 3216 quod
579 3159 639 3202 de
671 3149 892 3204 Corintho
907 3162 1027 3216 dixi,
1058 3162 1111 3205 id
1127 3161 1258 3205 haud
1272 3166 1366 3206 scio

31 3224 47 3267 j
89 3223 142 3288 ’.
162 3227 300 3272 liceat
317 3230 376 3273 de
395 3240 558 3274 cuneta
583 3232 766 3276 Groecia
783 3237 1022 3278 verissime
1049 3234 1203 3278 dicere
1221 3251 1236 3278 .·
1253 3251 1363 3279 nam

121 3299 256 3359 ipsa
292 3301 630 3362 Peloponnesus
649 3301 762 3360 fere
798 3315 892 3349 tota
923 3310 971 3349 in
1002 3311 1124 3350 mari
1154 3317 1248 3362 est;
1281 3324 1365 3352 nec

96 3391 151 3437 ..’
164 3378 247 3415 ter·
260 3371 493 3418 Phliasios
509 3375 592 3418 ulli
604 3385 727 3431 sunt,
752 3392 937 3436 quorum
958 3382 1064 3436 agri
1079 3394 1169 3423 non
1185 3385 1364 3423 contin-

54 3454 57 3458 ⁴
154 3449 194 3491 t
211 3458 366 3500 ηιατυς
384 3457 428 3490 et
444 3457 578 3491 extra
593 3449 954 3508 Peloponnesum
971 3454 1195 3496 AEnianes
1208 3463 1255 3497 et
1270 3456 1364 3498 Do-

103 3515 112 3556 Τ
165 3523 210 3559 et
229 3517 428 3578 Dolopes
442 3522 535 3568 soli
549 3518 759 3565 absunta
775 3527 910 3568 mari.

139 3586 287 3647 Igitur
309 3589 565 3652 fragmenta
585 3589 793 3639 indicant
817 3597 865 3639 in
888 3612 1032 3655 opere
1054 3607 1216 3642 nostro
1242 3599 1363 3644 inter

19 3669 77 3681 ’·
120 3664 166 3702 la
188 3669 310 3713 certe
322 3677 582 3709 sermonem
601 3665 660 3710 de
680 3667 950 3712 Graecorum
975 3669 1154 3712 luxuria
1173 3669 1361 3728 ejusque

75 3720 101 3740 ⁴
171 3731 221 3775 is
241 3732 395 3793 fuisse3
410 3749 617 3782 narrasse
633 3747 786 3784 autem
804 3740 900 3784 haec
921 3741 1195 3786 Chaeronem
1215 3758 1362 3801 quen-

151 3823 172 3842 ιι
212 3807 366 3852 nescio
403 3810 617 3880 cuinam3
653 3811 735 3856 sed
773 3811 954 3857 affuisse
978 3815 1170 3858 alteram
1203 3829 1362 3873 perso-

165 3876 419 3927 ·Chaeroni
444 3897 577 3927 aures
598 3884 887 3942 praebentem
902 3886 976 3929 vel
1000 3901 1103 3930 cum
1130 3901 1186 3930 eo
1211 3887 1357 3931 collo-

0 3945 2 3984 Ι
31 3999 53 4013 „
93 4009 98 4014 ⁴
125 3950 296 4031 ntem
318 3962 678 3999 consentaneum
702 3966 842 4016 atque
867 3973 922 4002 ex
946 3973 1079 4002 more
1098 3954 1278 4003 Dicaeai
1281 3961 1356 4004 ch1

20 4119 27 4128 ,,
147 4081 302 4136 abest
327 4085 374 4125 ut
390 4086 498 4126 aliud
518 4087 647 4128 ullum
670 4089 795 4139 possit
819 4091 1004 4130 conferri.
1036 4094 1122 4131 Hoc
1141 4092 1260 4141 igitur
1276 4094 1358 4131 sta·

0 4146 84 4200 ζῆ.
42 4159 79 4197 ··.
123 4133 308 4187 dixerit
324 4148 392 4190 ille
411 4161 498 4192 esse
513 4154 582 4192 aut
601 4153 790 4193 Miltiadis
811 4154 919 4192 haud
941 4154 1083 4204 dubie,
1105 4157 1176 4194 aut
1198 4156 1359 4195 Periclis

0 4203 120 4318 lif⁴÷
132 4207 348 4294 Cimonis
370 4215 440 4254 aut
454 4214 556 4255 alins
582 4216 791 4266 cujusdam
817 4218 1058 4267 optimorum
1079 4218 1284 4267 virorum;
1306 4219 1356 4258 il-

69 4266 75 4276 “
157 4281 223 4312 ue
236 4274 393 4323 publico
404 4279 578 4328 maxime
588 4274 758 4321 civitatis
769 4283 930 4331 sumptu
946 4282 1062 4321 fuisse
1074 4283 1353 4322 exstructum:

1204 353 1614 404 FRAGMENTA.

2638 378 2695 416 26
2707 378 2734 414 7·

1472 471 1552 506 est.
1577 464 1688 520 Quae
1708 478 1820 508 vero
1844 466 1965 508 ratio
1986 464 2349 526 fragmentorum
2368 483 2641 530 argumento
2668 476 2739 518 in-

1454 534 1659 578 tercedat
1682 550 1788 578 cum
1817 537 1952 579 titulo
1978 539 2155 595 operis,
2193 540 2285 583 dici
2311 541 2405 597 jam
2430 546 2606 602 nequit.
2636 549 2737 591 Hoc

1454 614 1607 650 tamen
1627 605 1731 663 jure
1755 623 1927 662 sumaS‚
1950 623 2048 652 non
2082 609 2130 652 id
2153 611 2292 669 egisse
2326 614 2663 671 Dicaearchum,
2690 627 2740 662 ut

1455 679 1700 722 oraculum
1734 680 2058 739 Trophonium
2094 680 2283 740 ejusque
2314 685 2427 728 ritus
2462 697 2506 730 ct
2541 690 2740 735 instituta

1451 765 1538 809 per
1557 752 1710 810 plures
1730 750 1948 810 deinceps
1965 751 2108 795 libros
2128 752 2389 798 admodum
2407 759 2742 816 periegetarum

1453 822 1750 870 describeret.
1789 824 1962 869 Verum
1984 825 2117 868 sicuti
2149 825 2357 886 dialogos
2386 830 2454 872 De
2499 833 2647 876 anima
2673 836 2739 876 in·

1425 953 1430 958 .
1451 897 1632 955 scripsit
1647 894 1890 949 Λεσὸιακὸς
1906 906 1952 941 et
1968 895 2260 960 Κορινθιακὸς,
2282 902 2500 958 quoniam
2518 904 2744 961 Mytilenis

1452 976 1498 1011 et
1539 969 1753 1013 Corinthi
1792 970 1987 1013 instituti
2010 967 2325 1030 fingebantur,
2363 973 2570 1018 similiter
2607 978 2742 1020 etiam

1452 1042 1598 1084 nostri
1635 1043 1790 1100 operis
1827 1043 2068 1101 inscriptio
2094 1058 2151 1086 ex
2181 1044 2386 1100 ratione,
2419 1060 2509 1103 qua
2537 1046 2739 1106 disputa-

1453 1114 1627 1157 tionem
1642 1113 1700 1158 de
1720 1115 1825 1158 loco
1840 1114 1899 1158 ad
1919 1115 2261 1174 philosophiam
2277 1117 2500 1160 moralem
2513 1126 2744 1176 spectante

1453 1191 1615 1229 auctor
1632 1187 1967 1242 introduxerit,
1993 1187 2265 1247 explicanda
2285 1203 2379 1232 esse
2396 1188 2597 1234 videtur.
2623 1193 2741 1235 Num

1451 1258 1595 1317 igitur
1622 1258 1756 1303 finxit
1775 1260 2046 1304 Chaeronem
2070 1261 2329 1320 Trophonii
2353 1271 2537 1306 antrum
2565 1264 2743 1323 ingrcs-

1454 1345 1551 1373 sum
1585 1347 1696 1383 mox
1719 1332 1907 1376 rediisse
1932 1332 2066 1388 inde,
2089 1333 2222 1377 sicuti
2244 1334 2559 1379 Parmeniscus
2578 1337 2742 1394 Pytha-

1453 1418 1619 1462 goreus
1640 1403 1655 1465 (
1673 1420 1746 1463 ap.
1771 1405 1943 1449 Athen.
1970 1407 2103 1462 XIV,
2125 1422 2175 1465 p.
2202 1406 2294 1460 614
2316 1406 2329 1467 )
2350 1407 2537 1452 rediisse
2554 1408 2739 1466 dicitur,

1453 1475 1628 1518 tristem
1643 1509 1654 1530 ‚
1678 1490 1915 1532 severum,
1939 1477 2065 1537 vulgi
2091 1478 2243 1522 studia
2259 1480 2494 1538 malasque
2519 1481 2743 1540 cupidita-

1452 1555 1518 1590 tes
1535 1563 1748 1604 exosum,
1783 1557 1920 1608 atque
1959 1551 2022 1594 sic
2050 1551 2306 1595 adductum
2334 1568 2426 1597 esse
2446 1563 2499 1597 ut
2520 1555 2567 1598 in
2588 1571 2743 1600 causas

1449 1634 1704 1678 pravorum
1718 1622 1913 1665 istorum
1926 1623 2053 1682 apud
2066 1624 2249 1669 Graecos
2261 1625 2521 1670 studiorum
2537 1628 2743 1686 inquire-

1450 1692 1553 1735 ret?
1582 1695 1658 1737 An
1695 1695 1968 1739 Chaeronem
1997 1705 2240 1755 putemus,
2276 1699 2409 1742 sicuti
2445 1699 2741 1744 Timarchum

1451 1764 1767 1827 Socraticum,
1794 1767 2159 1813 reconditiorem
2180 1771 2451 1829 sapientiam
2473 1787 2497 1816 e
2519 1774 2737 1832 Tropho-

1450 1838 1516 1880 nii
1536 1854 1678 1897 specu
1701 1840 1935 1885 abstulisse
1963 1839 2039 1902 (V.
2063 1843 2301 1889 Plutarch.
2327 1846 2396 1888 De
2417 1846 2533 1891 Gen.
2556 1847 2735 1891 Socrat.

1448 1925 1498 1969 p.
1529 1909 1616 1971 591
1642 1923 1747 1971 sqq.
1768 1914 1925 1958 multis
1954 1913 2013 1958 de
2039 1915 2130 1959 hoc
2152 1916 2388 1960 Timarchi
2410 1919 2460 1960 in
2482 1919 2741 1977 Trophonii

1449 1992 1634 2027 antrum
1655 1984 1875 2029 descensu
1912 2002 2150 2046 exponens
2164 1988 2210 2042 )?
2233 1986 2287 2049 (Ἴ
2310 1990 2384 2032 An
2412 1989 2613 2049 denique
2634 2007 2738 2035 cum

1449 2056 1648 2100 Miillero
1676 2055 1826 2117 (Min.
1853 2074 1902 2118 p.
1936 2059 2056 2121 130)
2094 2061 2381 2106 censebimus
2403 2077 2556 2106 ansam
2581 2063 2739 2123 dispu-

1448 2128 1634 2172 tationis
1652 2129 1837 2174 fraudes
1852 2131 2030 2176 dedisse
2044 2142 2089 2176 et
2105 2133 2333 2193 praestigia
2345 2167 2357 2187 ,
2374 2149 2574 2192 quorum
2595 2151 2738 2194 opera

1447 2200 1707 2245 sacerdotes
1728 2203 1988 2262 Trophonii
2008 2205 2173 2264 vulgus
2200 2220 2449 2264 emungere
2474 2207 2597 2250 soliti
2619 2208 2739 2252 sint?

1446 2272 1516 2316 Ita
1525 2273 1647 2316 enim
1656 2275 1878 2319 Miillerus
1898 2291 1908 2319 :
1930 2295 1950 2314 »
1971 2277 2059 2320 Die
2075 2277 2533 2323 attischenKomiker
2545 2281 2737 2323 erwaeh-

1447 2358 1539 2386 nen
1573 2345 1655 2387 ihn
1678 2343 1694 2406 ζ
1713 2362 1777 2390 sc.
1807 2348 2164 2408 Trophonium)
2189 2347 2270 2409 (**)
2299 2350 2502 2404 iiberall‚
2542 2366 2618 2394 wo
2642 2368 2735 2395 von

1446 2408 1842 2467 Schmausereien‚
1864 2414 2098 2457 Parasiten
2120 2414 2220 2457 und
2232 2415 2536 2459 Boeotischem
2558 2417 2733 2460 Bauch-

1446 2479 1621 2525 dienste
1650 2482 1726 2526 die
1762 2484 1893 2528 Rede
1918 2486 1974 2529 ist
2001 2501 2012 2528 z
2039 2486 2139 2530 und
2173 2485 2297 2530 hoert
2320 2503 2426 2531 man
2466 2489 2729 2544 Dicaearch,

1449 2552 1542 2596 den
1576 2554 1910 2614 aufgeklaerten
1941 2558 2263 2603 Aristoteliker
2284 2559 2385 2602 und
2425 2561 2589 2604 Hasser
2625 2563 2734 2605 alles

1443 2626 1829 2684 Priesterwesens,
1850 2617 1898 2672 in
1913 2631 2085 2675 seinem
2107 2632 2263 2676 Buehe
2279 2632 2438 2676 Ueber
2455 2632 2535 2676 das
2553 2635 2727 2678 Hinab-

1445 2700 1621 2758 steigen
1643 2716 1748 2743 zum
1772 2703 2068 2760 Trophonius
2095 2720 2106 2748 :
2135 2724 2151 2743 κ
2172 2705 2302 2748 Eben
2338 2720 2388 2748 so
2417 2706 2615 2750 moechte
2637 2709 2731 2752 sich

1443 2771 1571 2814 einer
1588 2773 1818 2832 gestimmt
1837 2774 1996 2819 fuhlen
2009 2810 2022 2832 ‚
2050 2776 2135 2820 der
2158 2792 2253 2820 von
2275 2778 2530 2822 Eleusisher
2547 2779 2631 2822 auf
2649 2780 2734 2825 der

1440 2841 1643 2902 heiligen
1662 2845 1830 2890 Strasse
1850 2847 1970 2890 nach
1989 2849 2143 2892 Athen
2154 2849 2384 2905 wanden,
2401 2850 2501 2894 und
2518 2866 2632 2904 nun,
2657 2867 2730 2896 wo

1440 2915 1536 2958 sich
1566 2917 1692 2977 Burg
1710 2918 1810 2961 und
1832 2919 2219 2980 Athenentempel
2243 2931 2392 2966 zuerst
2424 2922 2517 2966 den
2540 2924 2731 2969 Blicken

1440 2987 1621 3047 wigen,
1662 3005 1737 3033 am
1766 2992 1913 3052 Wege
1945 2993 2202 3052 ploetzlich‚
2234 2982 2341 3038 statt
2363 2992 2589 3038 Miltiades
2617 2996 2732 3041 oder

1441 3059 1625 3104 Cimons
1658 3063 1957 3120 Monument‚
1984 3065 2067 3110 das
2086 3066 2355 3126 ungeheure
2378 3067 2617 3125 Cenotaph
2647 3068 2731 3112 dci·

1438 3132 1687 3178 Lustdirne
1710 3136 1973 3195 Pythonike
2000 3138 2199 3182 erblickt
2235 3158 2254 3178 »
2297 3154 2307 3182 :
2338 3154 2435 3183 wer
2455 3139 2641 3199 glaubte
2671 3140 2729 3184 da

1491 3215 1543 3267 (*)
1569 3218 1634 3258 Sic
1653 3219 1733 3258 sere
1762 3221 2051 3261 Buttmannum
2071 3223 2254 3262 statuisse
2283 3223 2477 3273 suspicor.
2502 3223 2656 3263 Etenim
2680 3225 2729 3263 de

1438 3275 1640 3316 Ciceronis
1661 3278 1750 3317 loco
1772 3279 1846 3328 (sr.
1868 3284 1916 3320 73
1934 3282 1947 3329 )
1966 3281 2086 3320 verba
2111 3281 2255 3320 taciens
2275 3282 2330 3320 ait
2346 3293 2386 3332 p.
2405 3286 2454 3321 58
2473 3297 2483 3320 ε
2504 3298 2522 3316 «
2547 3285 2619 3321 Hic
2635 3294 2728 3322 vero

1437 3344 1519 3372 non
1535 3334 1585 3374 de
1599 3335 1746 3376 tabulis
1766 3339 2057 3389 geographicis,
2082 3339 2151 3379 sed
2165 3339 2216 3378 de
2233 3340 2333 3378 libro
2351 3339 2524 3389 quodam
2544 3351 2662 3389 quem
2679 3352 2721 3378 se

1439 3404 1491 3432 ex
1510 3395 1660 3434 oraculi
1675 3397 1854 3436 cavernis
1869 3399 2076 3448 protulisse
2093 3400 2298 3449 perhibeat
2310 3403 2449 3439 auctor
2473 3400 2724 3448 cogitandum

1440 3462 1549 3502 esse,
1568 3452 1607 3490 in
1624 3453 1892 3503 disputatione
1912 3456 1962 3495 de
1981 3457 2056 3495 hoc
2072 3458 2173 3496 libro
2190 3457 2365 3496 iacienda
2381 3457 2586 3497 ostendere
2603 3469 2718 3497 cona-

1437 3508 1522 3547 bor.
1554 3509 1651 3548 »Ad
1669 3513 2025 3551 commendandam
2046 3514 2149 3553 hanc
2168 3515 2392 3565 opinionem
2421 3516 2563 3554 afferre
2583 3519 2722 3554 auctor

1436 3569 1565 3616 posset
1577 3567 1709 3608 locum
1725 3570 2096 3621 JuliiObsequentis
2113 3575 2168 3612 De
2184 3573 2335 3623 prodig.
2355 3585 2387 3612 c.
2415 3579 2502 3622 110,
2522 3573 2587 3612 ubi
2604 3576 2723 3623 Eut)-

1436 3625 1569 3665 chides
1578 3637 1599 3665 e
1607 3627 1819 3677 Trophonii
1829 3639 1944 3679 specu
1963 3630 2109 3670 librum
2103 3632 2316 3681 quendam
2329 3633 2515 3671 extulisse
2525 3635 2719 3672 narratur

1490 3684 1564 3733 (**)
1582 3687 1731 3725 Contra
1750 3686 1922 3726 Fuhrius
1942 3698 1984 3736 p.
2012 3691 2083 3727 132
2112 3704 2122 3727 ε
2144 3704 2163 3723 «
2186 3691 2247 3728 Ex
2266 3690 2450 3728 omnibus
2465 3689 2533 3739 qui
2552 3687 2717 3727 exhibiti

1438 3743 1530 3780 sunt
1562 3743 1659 3782 locis
1688 3742 1738 3782 de
1756 3744 1969 3794 Trophonii
1997 3755 2163 3795 persona
2182 3747 2246 3786 vel
2263 3748 2424 3786 omnino
2446 3747 2495 3786 de
2510 3750 2712 3786 momento

1434 3798 1519 3848 eJus
1534 3801 1722 3840 vocabuli
1741 3802 1782 3841 in
1805 3803 2092 3843 commdiarum
2122 3804 2416 3854 inscriptionem
2436 3804 2599 3843 adhibiti
2625 3804 2718 3841 deli-

1433 3858 1516 3897 nite
1545 3859 1641 3899 nihil
1663 3860 1917 3909 pronuntiari
1945 3863 2087 3910 potest.
2125 3879 2144 3897 η
2173 3863 2283 3901 ldem
2306 3863 2528 3912 suspicatur
2560 3861 2715 3910 Τροφώ-

1433 3929 1510 3960 νιος
1526 3918 1810 3957 comoediarum
1826 3918 2125 3969 inscriptionem
2141 3919 2367 3970 appellativi
2393 3920 2521 3969 potius
2542 3929 2713 3965 sensum,

1433 3972 1534 4013 bene
1556 3976 1639 4014 alti
1653 4005 1665 4025 ‚
1687 3976 1881 4016 habuisse.

1430 4093 1490 4133 sin
1517 4095 1671 4146 minus,
1706 4097 1863 4147 publico
1897 4099 2005 4138 certe
2034 4098 2194 4138 decreto
2224 4097 2409 4147 positum.
2436 4097 2584 4133 Rursus
2617 4105 2712 4133 vero

1431 4167 1556 4206 quum
1584 4159 1818 4200 sciscitando
1845 4162 2073 4212 cognoverit
2104 4160 2282 4200 essehoc
2318 4157 2558 4207 Pythionicae
2585 4166 2710 4195 mere-

1430 4220 1559 4269 tricis,
1575 4223 1731 4271 qualem
1751 4223 1822 4272 (de
1838 4224 2162 4271 Atheniensibus)
2176 4221 2399 4271 opinionem
2412 4219 2567 4259 debebit
2582 4221 2709 4258 conci·

1434 4287 1552 4334 pere?
1573 4303 1590 4320 n
