3016 4628
260 272 313 311 14
1339 262 1564 311 HlPPYS
1601 264 1868 313 RHEGIM

311 374 381 416 De
392 387 442 416 re
451 368 559 416 vide
583 371 767 419 Miiller.
783 372 909 417 Min.
930 386 980 432 p.
1003 371 1094 429 273
1110 381 1155 417 et
1172 374 1252 433 qui
1269 373 1334 416 ibi
1351 371 1544 416 laudan·

248 453 338 489 tur.
355 445 712 503 Sumpserithaec
722 459 776 489 ex
789 444 1057 508 ἀναγραφαῖς
1067 442 1315 508 Κορινθίων.
1326 445 1550 490 Graeciam

245 518 410 569 adiisse
452 518 646 577 Hippyn
668 526 870 578 arguunt
901 519 1041 563 etiam
1064 519 1309 578 Argolica,
1336 533 1394 562 ex
1436 517 1547 575 qui-

247 590 332 634 bus
370 605 472 649 quae
502 589 770 634 referuntur
797 588 885 650 (fr.
919 589 1005 651 8),
1041 591 1121 634 vix
1157 590 1346 634 aliunde
1379 589 1465 632 nisi
1491 603 1548 633 ex

247 677 331 707 ore
353 662 648 707 sacerdotum
672 661 920 723 AEsculapii
943 663 1136 722 accepit.
1166 662 1300 707 Idem
1324 662 1372 704 in
1397 660 1547 705 Chro-

245 734 362 778 nicis
391 735 557 778 seriem
588 734 896 779 Sacerdotum
920 735 1118 778 Junonis
1143 735 1326 792 Argivae
1355 741 1546 776 enotare

245 805 374 851 haud
396 807 618 853 omiserit.
641 808 795 865 Atque
819 821 876 851 ex
899 807 1087 865 Hippye
1103 839 1115 861 ,
1149 806 1238 849 nisi
1263 804 1416 860 fallor,
1459 819 1547 863 pe-

247 879 329 923 tita
350 887 456 924 sunt
471 914 485 939 ,
509 895 611 938 quae
629 879 894 923 Hellanicus
909 879 958 921 in
981 877 1312 922 Sacerdotibus
1328 878 1438 919 Jun.
1465 875 1541 936 (fr.

249 950 337 1012 26)
377 951 590 996 distincte
625 950 769 995 tradit
794 950 853 996 de
885 951 1177 1010 temporibus
1211 950 1544 1009 migrationum

247 1024 531 1070 Sicularum.

879 1100 925 1149 li.

310 1213 489 1258 Zenob.
514 1215 611 1269 III,
640 1211 935 1276 421Δῶρον
970 1211 1013 1257 δ’
1045 1209 1070 1257 ὅ
1099 1229 1149 1257 τι
1184 1210 1252 1274 δῷ
1275 1227 1355 1262 τις
1389 1206 1543 1262 ε’παί-

244 1296 322 1330 νει
355 1302 366 1329 :
397 1283 516 1341 Αὕτη
553 1283 703 1346 κόμμα
746 1284 837 1330 ἐστὶ
869 1287 1073 1347 χρησμοῦ
1104 1287 1178 1330 τοῦ
1216 1279 1405 1334 δοθέντος
1438 1282 1536 1328 Μυ-

245 1356 418 1422 σκέλλῳ
453 1359 514 1421 τῷ
538 1355 694 1419 ‘Pon-³2,
725 1359 822 1404 καθ’
858 1355 904 1403 ὃν
943 1356 994 1413 δὴ
1036 1355 1190 1422 χρόνον
1220 1352 1431 1418 Κρότωνα
1467 1354 1545 1400 οὐκ

245 1428 449 1476 ἐδούλετο
486 1428 684 1489 οἰκίζειν,
725 1428 873 1487 [ἀλλὰ]
902 1428 1095 1494 Σύὸαριν
1112 1465 1125 1488 ,
1148 1426 1206 1480 ὥς
1229 1443 1358 1493 φησιν
1381 1424 1545 1479 Ἵππυς

246 1502 417 1563 (codd.
445 1498 640 1563 Ἱππεύς)
671 1502 713 1548 ἐν
737 1503 800 1565 τῷ
833 1499 945 1565 Περὶ
969 1499 1151 1566 χρόνων.
1180 1499 1305 1558 Φησὶ
1341 1497 1385 1546 δὲ
1410 1497 1544 1551 οὕτως

245 1573 360 1639 ἔχειν
384 1573 456 1621 τὸν
478 1572 700 1638 χρησμόν·

294 1669 496 1708 Μύσκελλε
518 1667 740 1719 βραχύνωτε
752 1696 763 1716 ,
781 1667 905 1718 παρὲκ
921 1666 1004 1706 θεὸν
1021 1666 1122 1706 ἄλλα
1141 1666 1317 1717 ματεύων

294 1726 499 1776 κλαύματα
515 1726 707 1777 θηρεύσεις
721 1737 731 1746 ·
750 1726 872 1776 δῶρον
893 1725 927 1764 δ*
941 1726 1000 1765 ὅτι
1013 1726 1070 1777 δῷ
1088 1726 1134 1777 (ὃ
1151 1727 1293 1778 διδῷῖ)
1309 1741 1365 1773 τις
1382 1727 1542 1767 ἐπαίνει.

246 1806 329 1854 Ἐκ
359 1805 533 1854 Ῥυπῶν
585 1806 812 1851 oriundus
854 1808 1099 1867 Myscellus
1144 1808 1282 1853 etiam
1328 1809 1547 1854 Straboni

244 1883 379 1937 VIII,
404 1896 454 1940 p.
484 1879 594 1938 387.
623 1882 680 1924 In
703 1882 923 1940 Excerpt.
947 1881 1155 1926 Vatican.
1173 1881 1375 1925 Diodori
1397 1880 1542 1943 (VIII,

251 1953 356 2013 17),
382 1954 466 1997 ubi
482 1953 624 1997 fusius
643 1968 715 1997 res
738 1954 1003 2012 exponitur,
1027 1962 1250 2013 corrupte
1274 1954 1340 2001 M.
1369 1952 1540 2016 Ἀχαῖος

245 2024 295 2070 ἐκ
319 2022 510 2087 Κρήτης.
534 2050 598 2059 ——
617 2021 867 2084 Κλαύματα
890 2027 1028 2084 posui
1041 2041 1097 2070 ex
1118 2025 1336 2070 Diodoro
1357 2028 1389 2071 l.
1411 2029 1440 2070 l.
1462 2027 1545 2071 ubi

244 2095 479 2157 κλαύματα
524 2094 784 2158 (κλάσματα
823 2094 1013 2159 Strabo)
1063 2095 1312 2158 μαστεύεις,
1350 2098 1484 2162 δῶρον
1524 2097 1546 2145 ὃ

245 2169 348 2232 διδῷ
366 2168 457 2222 Θεὸς
479 2167 602 2216 αἴνει.
618 2170 830 2217 Zenobii.
854 2170 997 2214 codd.
1026 2167 1157 2226 ἄλλα,
1179 2171 1310 2230 quod
1326 2173 1543 2216 Leutsch.

243 2245 439 2287 mutavit
456 2244 506 2286 in
525 2242 613 2287 οὐδ’
632 2239 740 2299 ἅλα,
761 2242 967 2287 conferri
982 2242 1154 2300 jubens
1166 2244 1313 2288 schol.
1330 2244 1391 2288 ad
1403 2246 1546 2291 Hom.

244 2316 335 2360 Od.
362 2332 403 2377 ρ.
431 2314 544 2368 455.
573 2341 638 2348 -
662 2317 863 2374 Tempus
885 2316 955 2359 rei
979 2316 1053 2360 01.
1087 2331 1140 2372 17
1159 2349 1171 2371 ,
1206 2315 1232 2360 3
1258 2317 1353 2360 sive
1379 2332 1472 2373 710
1501 2333 1543 2361 a.

243 2389 294 2433 C.
324 2404 416 2432 sec.
451 2389 674 2432 Timaeum
694 2403 771 2446 ap.
793 2389 987 2446 Dionys,
1014 2389 1122 2432 Hal.
1149 2390 1221 2443 II,
1247 2405 1297 2448 p.
1329 2389 1446 2445 3613
1470 2390 1544 2434 ol.

250 2461 305 2505 18
319 2496 332 2516 ,
360 2477 380 2505 1
407 2476 498 2508 500.
519 2461 688 2507 Euseb.
704 2461 880 2506 Chron.
902 2462 959 2507 V.
976 2461 1181 2506 Fischer.
1208 2462 1357 2507 Tabb.
1379 2463 1544 2507 chron.

855 2567 938 2631 (5·)

310 2672 572 2731 Antigonus
613 2671 731 2715 Hist.
772 2671 883 2715 Mir.
927 2685 969 2716 c.
1015 2685 1101 2714 121
1145 2669 1274 2731 (133)
1314 2670 1394 2718 ed.
1433 2673 1549 2717 We-

242 2753 402 2789 sterm.
434 2759 444 2786 :
469 2740 628 2794 Ἵππυς
651 2742 822 2802 (codd.
848 2738 1048 2804 Ἵππων)
1078 2739 1121 2787 δὲ
1157 2745 1179 2788 ὁ
1201 2740 1400 2805 Ῥηγῖνος
1424 2741 1548 2806 [περὶ

243 2817 328 2860 τῶν
349 2813 589 2876 λεγομένων
608 2812 749 2860 τόπων
768 2812 954 2877 φθείρειν
974 2812 1026 2859 τὰ
1050 2812 1339 2877 ἐμπίπτοντα]
1356 2814 1546 2862 τοιοῦτόν
1592 2846 1595 2851 >

244 2906 287 2933 τι
307 2886 487 2951 γράφει·
509 2886 638 2948 φησὶν
666 2886 708 2931 ἐν
733 2884 928 2942 Ἀθήναις
949 2884 1020 2931 ἐπὶ
1049 2886 1259 2949 βασιλέως
1283 2886 1547 2935 Ἐπαινέτου

245 2957 577 3021 (’ολυμπιάδος
607 2956 732 3015 ἕκτης
760 2957 834 3005 καὶ
857 2961 1140 3022 τριακοστῆς,
1165 2960 1208 3005 ἐν
1246 2951 1276 3021 ἧ
1307 2959 1549 3023 Ἀρυτάμας

246 3031 406 3079 Λάκων
428 3038 527 3095 νικᾷ
551 3030 747 3092 στάδιον)
782 3033 858 3087 τῆς
885 3029 1089 3084 Σικελίας
1127 3033 1170 3078 ἐν
1197 3030 1408 3084 Παλίκοις
1428 3033 1547 3091 οἷκο-

244 3105 484 3165 δομηθῆναι
505 3102 659 3164 τόπον,
681 3104 740 3156 εἷς
759 3100 805 3149 ὃν
829 3100 944 3156 ὅστις
968 3101 1020 3149 ἂν
1040 3102 1207 3167 εἰσέλθῃ
1221 3140 1232 3162 ,
1254 3105 1290 3150 εἷ
1315 3102 1392 3165 μὲν
1418 3123 1550 3150 κατα-

243 3175 432 3235 κλιθείη,
467 3174 782 3234 ἀποθνήσκειν,
812 3177 850 3221 εἰ
881 3174 926 3222 δὲ
961 3175 1252 3240 περιπατοίη,
1293 3175 1415 3223 οὐδὲν
1455 3176 1548 3223 πά-

243 3265 383 3311 σχειν.

311 3323 421 3366 Haec
457 3322 813 3366 Westermanno
859 3318 1212 3382 (Paradoxogr.
1251 3338 1301 3382 p.
1346 3322 1464 3384 XX)
1501 3333 1548 3368 et

245 3395 451 3439 Prellero
478 3392 570 3454 (De
594 3394 836 3438 Hellanico
864 3410 914 3453 p.
948 3392 1032 3458 38)
1059 3412 1086 3439 a
1109 3405 1272 3440 nostro
1301 3397 1450 3441 aliena
1472 3398 1543 3440 vi-

864 3534 911 3574 4.

299 3605 440 3651 Dono‚
466 3601 580 3653 quod
607 3602 764 3652 datur,
786 3605 876 3643 esto
900 3607 1119 3645 contentus
1140 3616 1150 3643 :
1176 3604 1376 3644 particula
1393 3605 1543 3645 oraculi

248 3667 435 3716 Myscello
454 3666 537 3705 dati
556 3667 703 3717 Rhypis
719 3669 904 3720 oriundo,
933 3682 1014 3721 quo
1030 3672 1210 3721 tempore
1229 3682 1310 3710 non
1326 3674 1543 3712 Crotonem

246 3730 374 3770 voluit
389 3730 560 3770 condere
579 3732 647 3771 sed
674 3733 840 3782 Sybarin
853 3764 864 3782 ,
887 3737 932 3774 ut
953 3735 1101 3785 Hippys
1116 3735 1238 3775 tradit
1262 3736 1301 3775 in
1321 3736 1540 3778 chronicis.

247 3799 286 3837 ls
301 3797 511 3836 oraculum
537 3796 592 3836 ita
608 3797 752 3837 habere
771 3798 868 3839 dicit
894 3816 904 3840 ε

336 3872 515 3918 Myscelle
538 3873 711 3916 gibbose,
727 3877 860 3910 contra
875 3874 934 3910 dei
954 3876 1186 3912 voluntatem
1203 3877 1277 3912 alia
1301 3879 1456 3922 petms',

333 3930 498 3974 ejulatus
512 3930 674 3974 (maeris3
689 3929 835 3967 donum
850 3932 954 3976 quod
969 3932 1098 3976 datur,
1115 3935 1239 3970 ratum
1262 3935 1372 3971 habe.

874 3993 917 4034 5.

302 4057 454 4109 Hippys
472 4058 672 4109 Rheginus
682 4060 762 4100 talc
777 4060 874 4111 quid
890 4062 1035 4101 tradit:
1066 4064 1229 4104 Athenis
1247 4065 1304 4105 ait
1330 4066 1404 4106 sub
1430 4071 1544 4119 Epa·-

241 4123 346 4160 neto
359 4121 551 4163 archonte
573 4124 762 4174 (Olymp.
791 4127 840 4163 46
854 4155 868 4174 ,
886 4136 967 4175 quo
999 4127 1318 4177 Chrysoinachus
1335 4131 1464 4171 stad’o
1487 4135 1544 4171 vi-

249 4187 332 4237 cit)
353 4187 579 4228 Palicorum
603 4189 739 4229 sanum
754 4189 794 4229 in
818 4190 951 4243 Sicilia
977 4191 1218 4233 aedificatum
1235 4205 1340 4244 esse,
1366 4196 1403 4234 in
1431 4198 1540 4246 quod

1625 370 1795 416 dentur
1825 380 1923 415 tum
1945 376 2143 432 proptel
2180 389 2352 418 nomen
2377 370 2573 432 Ἵππων,
2602 383 2697 419 tum
2722 385 2917 437 ρι’-011101

1623 445 1909 488 mentionem
1941 444 2244 503 Olympiadis.
2285 445 2378 507 Sed
2413 446 2473 490 de
2508 448 2729 506 Hippone
2757 449 2916 508 aliquo

1622 515 1907 559 mirabilium
1942 516 2017 559 vel
2058 515 2262 561 historiae
2301 519 2537 577 scriptore
2579 533 2679 563 non
2720 528 2913 566 constat.

1623 586 1912 646 Olympiadis
1936 587 2105 630 notitia
2130 587 2188 630 ab
2213 588 2306 631 alio
2331 589 2444 633 addi
2474 590 2652 648 potuit,
2679 586 2874 636 sortasse
2893 607 2920 637 a

1621 653 1726 710 Mye
1756 661 2049 711 excerptor-e.
2087 653 2157 696 Ne
2182 652 2333 697 dicam
2359 653 2419 698 de
2458 655 2684 699 Charonis
2711 656 2921 702 historiis

1620 726 2046 784 Xenophontisque
2112 726 2388 782 Hellenicis,
2440 729 2658 772 excitasse
2711 729 2910 776 sufficiat

1618 797 1886 841 Diodorum
1907 796 1976 856 (ΙΙ
1989 829 2002 852 ,
2027 791 2109 858 30)
2127 830 2139 851 ,
2166 798 2247 855 qui
2262 798 2488 856 Dejocem
2505 802 2751 845 secundum
2771 802 2920 848 Hero-—

1618 869 1772 912 dotum
1802 870 1876 914 Ol.
1910 883 1963 925 17
1979 902 1991 924 ‚
2020 883 2046 912 2
2071 884 2270 929 regnum
2293 870 2515 930 adeptum
2541 887 2634 917 esse
2658 873 2813 918 docet.
2850 875 2922 920 Ne

1619 941 1856 984 archontis
1890 943 2383 986 commemorationem
2421 945 2598 1003 Hippyi
2631 944 2918 1003 abjudicem‚

1618 1027 1816 1057 moveor
1848 1028 1966 1057 voce
2002 1010 2237 1075 βασιλέως,
2265 1029 2367 1073 quae
2414 1017 2656 1076 antiquum
2681 1027 2922 1063 auctorem

1618 1094 1665 1128 et
1684 1095 1896 1130 exterum
1916 1086 2159 1131 hominem
2190 1088 2370 1147 prodit.
2393 1089 2573 1146 Quodsi
2597 1099 2725 1135 recte
2751 1093 2917 1148 statui,

1618 1158 1808 1217 colligas
1824 1158 1960 1217 inde,
1984 1159 2177 1204 Athenis
2199 1161 2394 1220 Hippyn
2417 1176 2505 1220 per
2525 1169 2706 1221 tempus
2725 1163 2920 1222 aliquod

1616 1238 1848 1273 versatum
1882 1245 1991 1274 esse.
2019 1231 2234 1275 Ceterum
2258 1223 2365 1276 cum
2400 1233 2610 1278 Corsinio
2642 1249 2701 1278 ex
2734 1235 2920 1280 Eusebii

1618 1300 1861 1346 Chronicis
1890 1302 2233 1348 emendandum
2267 1314 2334 1349 est
2359 1302 2554 1365 Ὀλυμπ.
2582 1300 2708 1361 ἕκτης
2730 1303 2804 1352 καὶ
2821 1324 2921 1352 τετ-

1617 1377 1908 1436 ταρακοστῆς,
1930 1375 1973 1420 ἐν
1992 1367 2021 1437 ᾗ
2032 1372 2338 1440 Χρυσόμαχος.
2358 1380 2430 1422 De
2448 1379 2673 1437 Epaeneto
2691 1380 2919 1426 archonte

1617 1456 1787 1504 praeter
1799 1450 2020 1492 Nostrum
2036 1464 2194 1494 nem0.
2218 1450 2371 1496 Verba
2397 1465 2409 1493 ι
2438 1449 2548 1513 Περὶ
2567 1450 2653 1494 τῶν
2675 1448 2921 1512 λεγομένων

1618 1518 1716 1566 κτλ.
1736 1535 1794 1564 ex
1812 1522 2021 1581 margine
2042 1523 2091 1564 in
2108 1531 2286 1566 textum
2300 1523 2532 1582 irrepsisse
2548 1532 2684 1582 puto.
2699 1549 2764 1558 —-
2779 1524 2920 1568 AEdi-

1619 1590 1778 1635 ficium
1813 1592 1873 1637 ad
1916 1594 2181 1637 Palicorum
2216 1594 2369 1639 fontes
2413 1603 2713 1639 exstructum·
2734 1595 2921 1646 Aristo-

1622 1665 1732 1708 teles
1747 1666 1856 1709 Mir.
1883 1667 2022 1710 Ausc.
2044 1682 2085 1710 c.
2111 1666 2174 1712 58
2193 1666 2308 1711 dicit
2325 1665 2593 1729 δεκάκλινον,
2612 1668 2776 1722 decem
2792 1677 2922 1713 toros

1619 1737 1830 1797 longum.
1859 1739 1916 1781 In
1948 1739 2217 1782 universum
2246 1739 2306 1784 de
2329 1741 2592 1784 Palicorum
2621 1740 2814 1785 historia
2843 1740 2921 1785 adi

1618 1809 1674 1853 G.
1702 1811 2023 1854 Hermannum
2045 1810 2094 1853 in
2129 1810 2448 1855 dissertatione
2481 1814 2552 1856 De
2576 1813 2780 1872 AEschyli
2814 1813 2921 1857 AEt-

1617 1883 1726 1926 naeis
1766 1881 1969 1946 (1837),
2005 1884 2116 1928 0011.
2149 1885 2357 1929 Prellero
2386 1884 2446 1929 ad
2483 1886 2728 1930 Polemon.
2772 1885 2833 1930 fr.
2864 1901 2915 1945 p.

1631 1969 1718 2012 127
1744 1970 1848 2014 sqq.

2249 2062 2294 2107 6.

1687 2189 1923 2233 Plutarch.
1941 2191 2013 2234 De
2032 2189 2169 2234 Orac·
2196 2188 2290 2234 def.
2311 2206 2352 2234 c.
2379 2191 2440 2236 23
2463 2207 2514 2251 p.
2538 2196 2630 2245 422
2651 2193 2743 2236 E.:
2761 2187 2924 2244 Ἵππυς

1621 2256 1666 2305 δὲ
1686 2261 1708 2305 ὃ
1732 2257 1930 2322 Ῥηγῖνος
1955 2251 2026 2321 (ου
2047 2258 2266 2321 μέμνηται
2290 2259 2462 2314 Φανίας
2484 2263 2506 2306 ὃ
2528 2259 2775 2325 Ἐρέσιος)’
2764 2262 2926 2327 ιστορεῖ

1623 2330 1748 2387 δόξαν
1774 2335 1884 2378 εἶναι
1906 2330 2068 2389 ταύτην
2092 2330 2316 2395 Πέτρωνος
2336 2332 2410 2379 καὶ
2429 2331 2580 2395 λόγον,
2600 2335 2657 2387 ὣς
2674 2333 2827 2381 ἑκατὸν
2847 2334 2924 2382 καὶ

1622 2402 1906 2467 ὀγδοήκοντα
1908 2403 1983 2450 καὶ
2002 2410 2114 2468 τρεῖς
2130 2403 2315 2466 κόσμους
2338 2403 2486 2463 ὄντας,
2505 2404 2772 2465 ἁπτομένους
2789 2408 2826 2454 δ’
2845 2408 2924 2454 ἀλ-

1622 2475 1766 2533 λήλων
1789 2475 1903 2523 κατὰ
1921 2479 2157 2541 στοιχεῖον·
2183 2476 2209 2522 δ’
2229 2495 2270 2523 τι
2295 2475 2348 2535 δὴ
2381 2480 2497 2524 τουτ’
2518 2477 2634 2536 ἐστὶ,
2658 2477 2771 2526 κατὰ
2794 2497 2919 2526 στοι-

1621 2550 1739 2614 χεῒον
1781 2547 2016 2607 ἅπτεσθαι,
2053 2547 2114 2611 μὴ
2139 2550 2504 2615 προσδιασαφῶν,
2531 2550 2633 2644 μηδ’
2665 2550 2803 2610 ἄλλην
2823 2551 2922 2600 τινὰ

1622 2619 1890 2679 πιθανότητα
1914 2621 2196 2686 προσάπτων.

1686 2698 1845 2742 Brevis
1858 2696 2126 2755 hujusmodi
2153 2696 2319 2740 notitia
2342 2695 2498 2740 cadit
2485 2713 2534 2741 1n
2553 2697 2700 2742 libros
2719 2699 2924 2744 Chroni-

1623 2784 1787 2812 corum
1803 2802 1816 2825 ‚
1841 2770 1892 2812 in
1915 2769 2084 2827 quibus
2110 2768 2364 2813 literariam
2393 2769 2659 2826 historiam,
2689 2786 2791 2815 eam
2814 2787 2920 2817 ma—

1621 2842 1767 2898 xime,
1794 2858 1897 2901 quae
1917 2842 1977 2885 ad
1992 2841 2134 2885 Italos
2146 2850 2309 2900 poetas
2329 2850 2374 2885 et
2396 2842 2703 2902 philosophos
2721 2853 2921 2903 spectat,

1623 2930 1723 2957 non
1741 2915 2001 2974 neglectam
2019 2913 2154 2957 fuisse
2177 2913 2424 2972 probabile
2444 2924 2526 2958 est.
2548 2916 2687 2959 Plura
2703 2915 2762 2960 de
2781 2932 2923 2960 mun·—

1622 2986 1693 3029 dis
1725 2987 1814 3030 illis
1850 2987 2077 3044 triquetra
2112 2983 2264 3045 figura
2285 2985 2475 3044 positi5‚
2507 2986 2570 3030 ita
2593 2995 2646 3030 ut
2675 2988 2726 3030 in
2759 2989 2925 3046 quovis

1621 3058 1765 3103 latere
1800 3067 1948 3103 essent
1983 3058 2220 3117 sexaginta
2235 3090 2248 3113 ,
2290 3058 2341 3100 in
2364 3058 2532 3116 quovis
2572 3059 2747 3119 angulo
2778 3075 2922 3114 unus,

1621 3130 1722 3191 lege
1753 3131 1880 3191 apud
1907 3131 2059 3191 ipsum
2097 3130 2398 3174 Plutarchum
2426 3131 2457 3174 l.
2496 3131 2525 3175 l.

2151 3299 2172 3304 -
2177 3292 2421 3311 -ooooe-

1619 3533 1836 3583 ingressum
1851 3561 1866 3582 ,
1889 3531 1922 3571 si
1944 3530 2203 3580 decubuerit,
2231 3525 2365 3581 mors,
2386 3530 2418 3570 si
2434 3530 2724 3580 ambulaverit,
2741 3529 2823 3579 pati
2853 3529 2915 3569 ni-

1619 3595 1689 3635 hil.

1839 3699 1851 3709 .
2236 3663 2279 3704 6.
2409 3697 2421 3706 ,

1668 3732 1745 3773 Sed
1774 3732 1922 3783 Hippys
1945 3732 2142 3782 Rheginus
2156 3761 2169 3782 ,
2189 3731 2304 3782 quus
2326 3731 2506 3772 meminit
2537 3730 2703 3771 Phanias
2729 3730 2911 3780 Eresius,

1621 3795 1724 3835 hanc
1747 3795 1803 3835 ait
1821 3795 2049 3846 opinionem
2074 3805 2122 3834 ac
2150 3795 2388 3835 sententiam
2407 3805 2494 3834 esse
2524 3794 2724 3844 Petronis,
2743 3793 2914 3834 Mundos

1618 3870 1703 3899 esse
1719 3862 1879 3898 centum
1902 3858 2101 3907 octoginta
2116 3859 2223 3907 tres,
2249 3858 2318 3908 qui
2335 3868 2419 3898 sese
2442 3857 2613 3897 invicem
2637 3857 2836 3897 elemento
2849 3858 2911 3895 at-

1618 3924 1773 3974 tingant
1797 3939 1807 3963 :
1831 3923 1927 3974 quid
1961 3923 2099 3962 antem
2123 3922 2175 3962 sit
2194 3924 2403 3962 contactus
2431 3922 2585 3962 ratione
2604 3921 2906 3972 elementi,n0n

1618 3989 1812 4039 explicat,
1831 3999 1960 4038 neque
1987 3987 2204 4038 quicquam
2225 3986 2335 4027 aliud
2357 3986 2518 4037 adjicit,
2542 3986 2651 4038 quod
2675 3998 2758 4027 rem
2773 3986 2909 4038 proba·

1618 4051 1737 4093 bilem
1758 4052 1890 4092 iaciat.

2110 4157 2412 4181 --οωω-

2972 126 2988 169 ι.’

2978 182 2992 212 -i
3002 193 3011 214 ⁹.

2998 216 3011 235 Α

2975 214 3016 339 ἑῇ

2990 306 3006 327 :4

2976 390 3012 435 ,ιτ
2983 403 3016 470 3

2968 513 3016 731 '³³

2979 1792 3008 1950 ‹fider-..2
2974 1613 3009 1801 wunsam&
2979 1514 3005 1585 ‘.sz
2990 1435 3001 1443 ε
2991 1391 2996 1403 ν
2983 1330 2995 1366 ·*<
2987 1271 3002 1294 2·-
2979 1206 3016 1259 4
2993 1175 3002 1190 υ
2983 979 3016 1086 ··‘e-‘2j²·
2988 926 2995 937 ⁴

2985 326 3011 366 :51

2982 367 3016 391 ,Α

2982 451 3013 512 3
