3016 4628
213 338 299 379 134

805 441 882 485 90.

270 559 503 607 Plutarch.
522 559 611 616 Qu.
627 557 705 602 Gr.
722 571 762 599 e.
789 553 834 610 5,
852 570 902 614 p.
926 567 1037 613 292,
1055 552 1090 596 B
1111 566 1120 595 :
1144 570 1162 588 ιι
1180 545 1303 599 Τίνες
1320 547 1357 592 οἱ
1370 542 1489 607 παρὰ

210 630 384 698 Ἀρκάσι
407 628 481 677 καὶ
504 623 859 688 Λακεδαιμονίοις
890 620 1092 687 χρηστάς
1116 641 1134 662 υ
1156 615 1488 679 Λακεδαιμόνιοι

209 702 447 766 Τεγεάταις
493 696 793 761 διαλλαγέντες
840 694 1095 751 ἐποιήσαντο
1142 688 1374 764 συνθήκας,
1416 684 1489 733 καὶ

210 777 371 833 στήλην
396 775 464 821 ἐπ’
489 772 667 837 Ἀλφειῷ
691 768 833 827 κοινὴν
867 766 1127 823 ἀνέστησαν,
1159 766 1200 810 ἐν
1216 767 1245 826 ᾑ
1270 759 1379 822 μετὰ
1405 761 1488 804 τῶν

209 848 351 895 ἄλλων
373 844 633 911 γέγραπται,
658 839 922 900 Μεσσηνίους
943 837 1139 885 ἐκὲαλεῒν
1160 837 1207 882 ἐκ
1229 837 1304 890 τῆς
1323 829 1486 904 χώρας,

209 920 284 968 καὶ
329 918 390 982 μὴ
431 917 583 974 ἐξεῖναι
621 913 832 980 χρηστοὺς
869 913 1020 958 ποιεῖν.
1070 904 1376 968 Ἐξηγούμενος
1413 905 1484 949 οὐν

210 996 232 1040 ὀ
256 989 548 1057 Ἀριστοτέλης
567 986 690 1035 τοῦτό
721 1004 823 1050 φησι
853 982 1056 1029 δύνασθαι
1079 978 1127 1026 τὸ
1151 977 1211 1040 μὴ
1236 972 1484 1022 ἀποκτιννύ·

211 1083 279 1112 ναι
302 1062 496 1123 βοηθείας
517 1060 644 1126 χάριν
668 1059 753 1112 τοῖς
774 1054 1053 1109 λακωνίζουσι
1077 1053 1160 1097 τῶν
1184 1048 1428 1111 Τεγεατῶν.

278 1138 415 1183 Idem
448 1138 538 1195 Qu.
566 1137 703 1180 Rom.
734 1148 773 1178 c.
801 1130 875 1186 52,
896 1145 944 1188 p.
965 1141 1075 1183 277,
1099 1125 1132 1169 C
1159 1139 1170 1167 :
1195 1116 1488 1183 Ἀριστοτέλης

213 1212 257 1258 ἐν
281 1208 374 1263 ταῖς
394 1205 608 1273 Ἀρκάδων
643 1203 747 1270 πρὸς
775 1195 1133 1260 Λακεδαιμονίους
1157 1191 1384 1250 συνθήκαις
1407 1208 1486 1279 ’γε-

211 1282 398 1348 γράφθαι
419 1278 546 1346 φησὶ,
573 1276 734 1340 μηδένα
754 1271 946 1339 ’χρηστὸν
971 1273 1106 1318 ποιεῖν
1142 1265 1335 1341 βοηθείας
1359 1281 1486 1327 χαριν

213 1359 300 1408 τοῖς
328 1351 608 1407 λακωνίζουσι
642 1352 724 1396 τῶν
749 1346 997 1408 Τεγεατῶν·
1031 1340 1134 1404 ὅπερ
1168 1342 1297 1393 εἰναι,
1324 1334 1486 1399 μηδένα

214 1423 533 1475 ἀποκτιννύναι.
566 1425 727 1469 Priore
749 1422 853 1465 loco
878 1415 1202 1477 reponendum
1225 1427 1317 1456 esse
1341 1426 1398 1455 ex
1421 1410 1483 1453 al·

215 1511 315 1545 tero
340 1495 503 1560 μηδένα
531 1492 717 1558 χρηστὸν
741 1496 873 1538 ποιεῖν
906 1505 994 1549 pro
1018 1484 1078 1547 μὴ
1102 1483 1253 1539 ἐξεῖναι
1275 1478 1489 1546 χρηστοὺς

214 1577 347 1618 ποιεῖν
370 1579 521 1615 censet
538 1565 824 1621 Grashofius,
843 1566 990 1623 ipsum
1003 1595 1014 1616 ,
1031 1569 1147 1619 puto
1160 1593 1172 1615 ,
1191 1556 1489 1603 Plutarchum

215 1632 522 1690 correcturus.
547 1641 614 1688 Cf.
644 1638 839 1698 Hesych.
865 1644 911 1679 v.
940 1629 1149 1696 Χρηστός.

619 1782 1076 1852 [mmmmm

756 1926 847 1988 [90
873 1923 945 1985 a·]

282 2070 445 2134 [Arist.
467 2069 566 2115 Pol.
600 2069 691 2123 VI,
721 2082 771 2121 2,
808 2081 833 2108 2
860 2080 870 2108 :
901 2061 1013 2126 Παρ’
1050 2059 1170 2112 ἐνίοις
1205 2057 1378 2120 δήμοις,
1412 2056 1492 2105 κᾶν

215 2141 275 2203 μὴ
315 2138 528 2204 μετέχωσι
568 2141 642 2194 τῆς
680 2135 878 2201 αἱρέσεως
911 2136 994 2180 τῶν
1025 2135 1197 2197 ἀρχῶν,
1240 2132 1352 2177 ἀλλὰ
1385 2128 1496 2183 τινὲς

215 2212 374 2276 αἱρετοὶ
407 2210 519 2258 κατὰ
552 2210 677 2274 μέρος
701 2212 748 2255 ἐκ
771 2207 966 2265 πάντων,
992 2202 1138 2269 ὥσπερ
1157 2207 1198 2251 ἐν
1227 2203 1466 2268 Μαντινείᾳ
1481 2240 1494 2262 ,

213 2290 287 2333 τοῦ
308 2284 352 2332 δὲ
378 2282 649 2348 βουλεύεσθαι
668 2280 805 2345 κύριοι
829 2271 957 2337 ὦσιν,
984 2281 1140 2331 ἱκανῶς
1165 2276 1256 2342 ἔχει
1279 2278 1367 2331 τοῖς
1387 2278 1494 2324 πολ-

214 2360 315 2411 λοῖς.
348 2356 431 2404 Καὶ
456 2357 518 2403 δεῖ
537 2354 719 2417 νομίζειν
740 2352 813 2399 καὶ
836 2351 950 2399 τοῦτ’
983 2343 1090 2397 εἶναι
1115 2349 1267 2414 σχῆμά
1290 2369 1331 2396 τι
1360 2350 1494 2412 δημο-

216 2430 416 2495 κρατίας,
436 2427 582 2493 ὥσπερ
604 2429 645 2474 ἐν
671 2425 909 2490 Μαντινείᾳ
934 2423 1027 2471 ποτ’
1044 2417 1148 2487 Just]

280 2505 643 2550 Democraticam
659 2503 778 2561 reip.
806 2501 1006 2544 formam
1033 2501 1145 2543 olim
1165 2515 1243 2558 ap.
1263 2501 1410 2543 Mant.
1429 2500 1498 2542 vi-

218 2579 362 2639 guisse
395 2576 698 2622 Schneiderus
731 2574 885 2619 nescio
922 2589 1017 2632 quo
1047 2571 1153 2630 jure
1184 2573 1342 2632 colligi
1362 2587 1499 2632 posse

219 2651 436 2709 opinatur
474 2663 530 2692 ex
553 2648 696 2692 Thuc.
721 2649 785 2702 V,
819 2654 874 2702 47
904 2643 1003 2705 (Ol.
1033 2641 1148 2707 89),
1181 2645 1264 2688 ubi
1286 2645 1337 2687 in
1366 2643 1501 2688 Man-

221 2721 464 2765 tinensium
495 2720 704 2763 oratione
740 2732 750 2763 :
777 2717 818 2762 ἐν
840 2714 884 2762 δὲ
907 2714 1146 2778 Μαντινείᾳ
1171 2717 1210 2762 οἱ
1246 2713 1498 2778 δημιουργοὶ

220 2790 296 2837 καὶ
315 2794 341 2848 ἡ
367 2788 496 2854 βουλὴ
522 2801 610 2835 etc.
645 2791 857 2835 Ceterum
885 2789 989 2848 jure
1016 2790 1192 2849 respuit
1222 2790 1498 2834 sententiam

223 2865 552 2909 Sanetocrucii.

830 3004 901 3044 90.

282 3075 359 3119 Qui
377 3074 478 3117 sune
505 3070 622 3122 apud
639 3072 821 3111 Arcades
838 3075 879 3111 ec
910 3072 1247 3112 Lacedaemonios
1269 3070 1446 3124 χρηστοί,
1463 3070 1507 3110 id

227 3139 288 3175 ese
316 3136 409 3176 boni
425 3141 447 3174 ι’
468 3134 749 3175 Lacedaemonii
768 3136 944 3186 Tegeatis
960 3137 1226 3186 reconciliati,
1249 3136 1377 3176 foedus
1395 3133 1506 3186 pepi·

228 3203 368 3250 gerunt
386 3202 426 3240 et
440 3211 689 3239 communem
713 3201 940 3240 columnam
965 3202 1015 3241 ad
1041 3203 1238 3252 Alpheum
1257 3202 1476 3253 posuerunt
1496 3216 1525 3240 :x

229 3265 270 3304 in
290 3276 371 3315 qua
400 3265 502 3304 iuter
527 3265 604 3303 alia
634 3264 788 3304 luderis
810 3265 937 3316 capita
956 3266 1037 3310 hoc
1054 3267 1244 3316 scriptum
1260 3267 1367 3316 erat,
1394 3268 1507 3306 Mes-

167 3331 170 3334 '
228 3331 368 3369 sentos
415 3330 578 3378 reqione
611 3329 800 3379 pelliculo
816 3359 827 3377 ,
870 3333 1077 3369 neminem
1114 3331 1269 3370 bonum
1293 3329 1507 3380 faciunto.

235 3393 320 3431 Hoc
332 3392 558 3432 Aristoteles
573 3392 829 3442 interpretans
845 3394 957 3432 alteo
973 3394 1177 3443 significari
1191 3424 1202 3444 ,
1225 3396 1510 3444 Teqeatarum

233 3459 442 3497 neminem
462 3456 608 3497 debere
634 3456 810 3507 interfici.
825 3488 836 3507 ‚
861 3461 935 3509 qui
951 3460 1108 3499 auxilii
1138 3470 1269 3500 causa
1292 3459 1510 3500 Laconicis

232 3523 356 3564 rebus
372 3523 574 3563 studeret.

285 3591 328 3627 ln
356 3587 504 3627 t'oederc
525 3588 718 3627 Arcadum
745 3599 837 3627 cum
860 3590 1060 3639 Spartanis
1087 3590 1190 3628 sacto
1220 3590 1412 3639 scriptum
1429 3599 1512 3629 esse

234 3651 460 3692 Aristoteles
474 3653 655 3699 testatur,
667 3654 878 3691 Neminem
899 3656 1173 3701 Teqeatarum
1191 3652 1337 3692 debere
1357 3653 1513 3692 bonum

235 3714 359 3755 reddi
378 3714 441 3763 (id
466 3715 524 3753 est
541 3714 739 3767 interfici)
754 3744 765 3763 ‚
794 3718 829 3753 si
846 3716 1004 3755 auxilii
1027 3726 1158 3756 causa
1181 3716 1304 3756 rebus
1325 3716 1513 3757 Lacedae-

236 3781 473 3820 momorum
488 3778 672 3818 studeat.

581 3894 1164 3958 [MANTlNENSIUM.]

788 4008 866 4060 [90
899 4010 966 4061 a.]

244 4134 246 4137 ’
295 4131 415 4182 [Nam
432 4129 536 4181 apud
552 4114 764 4168 nonnullos
780 4129 962 4179 populos,
978 4130 1223 4169 etiamsinon
1241 4131 1411 4172 habeant
1427 4132 1515 4172 uni-

242 4195 343 4235 versi
356 4195 419 4244 jus
439 4190 754 4233 mundandorum
770 4192 1086 4242 magistratuum,
1102 4193 1170 4233 sed
1189 4194 1309 4244 aliqui
1327 4206 1396 4245 per
1412 4196 1519 4236 vices

243 4258 333 4300 loeti
346 4288 356 4308 ‚
378 4260 422 4298 ut
438 4256 667 4306 Mantineae,
684 4255 715 4295 si
738 4255 854 4296 modo
882 4266 999 4306 penes
1014 4266 1101 4296 eam
1118 4257 1362 4298 consultandi
1379 4258 1428 4298 sit
1447 4269 1518 4309 po-

1091 310 1496 364 ARlSTOTELlS
1539 306 1948 359 FRAGMENTA.

2033 401 2382 484 [llPAJmN]
2463 451 2481 461 ,

2109 533 2198 597 [90
2223 532 2308 595 b.]

1632 677 1801 740 [Arist.
1829 675 1928 720 Pol.
1951 674 2014 729 V,
2043 688 2095 728 2,
2121 688 2150 732 9
2181 687 2191 715 z
2219 667 2560 717 Μεταὸάλλουσι
2583 670 2623 717 δ’
2647 670 2693 716 αἱ
2722 651 2918 737 πολὺ-’ζἱ

1565 756 1675 796 τεῖαι
1707 747 1780 794 καὶ
1816 745 1916 792 ἄνευ
1945 743 2136 796 στάσεως
2171 740 2242 788 διὰ
2266 740 2343 796 τὰς
2385 741 2589 808 ἐριθείας,
2628 741 2776 808 ὥσπερ
2799 741 2855 788 ,ἐν
2895 747 2922 775 ·=·

1563 819 1724 885 Ἡραίᾳ
1737 839 1746 848 ·
1773 817 1814 873 ἐξ
1832 819 2012 882 αἱρετῶν
2037 813 2121 880 γὰρ
2142 812 2212 860 διὰ
2231 817 2360 861 τοῦτο
2380 814 2591 873 ἐποίησαν
2609 812 2859 887 κληρωτᾷς,

1563 892 1627 940 ὅτι
1649 896 1831 956 ᾑροῦντο
1860 887 1956 942 τοὺς
1985 885 2351 953 ἐριθευομένους.]
2377 890 2542 935 Heraea
2569 890 2685 935 urbs
2707 890 2857 936 Arca-
2899 905 2939 954 {³

1564 967 1664 1013 diae.
1691 966 1760 1011 Cf.
1782 964 1967 1009 Miiller.
1995 964 2108 1008 Dor.
2133 963 2204 1018 ΙΙ,
2227 977 2276 1022 p.
2299 966 2410 1016 444.

1690 1080 1693 1083 Α
1775 1085 1973 1133 ΚΟΙΝΗ
1998 1083 2301 1132 ΑΡΚΑΔΩΝ
2321 1083 2652 1143 IIOAITEIA.

2170 1217 2250 1262 91.

1628 1336 1998 1396 Harpocration:
2013 1330 2209 1398 Μύριοι
2234 1332 2284 1378 ἐν
2301 1330 2524 1397 Μεγάλῃ
2542 1331 2668 1380 πόλε
2681 1334 2875 1396 ι·Δημο-Ἰ
2902 1339 2934 1395 ζ

1564 1406 1712 1465 σθένης
1726 1409 1768 1454 ἐν
1781 1408 1842 1472 τῷ
1856 1405 1952 1453 κατ’
1963 1404 2166 1470 Αἰσχίνου
2186 1405 2310 1471 (περὶ
2321 1423 2520 1470 παραπρ.
2534 1424 2586 1468 p.
2609 1406 2700 1462 344
2715 1442 2728 1465 ,
2750 1424 2768 1453 1
2780 1409 2807 1454 3
2821 1409 2858 1472 ).
2905 1424 2918 1447 “-.

1566 1481 1630 1527 Συ
1637 1477 1797 1545 νέδριόν
1821 1481 1911 1526 ἐστι
1929 1478 2071 1526 κοινὸν
2091 1477 2310 1544 Ἀρκάδων
2330 1476 2532 1525 ἁπάντων
2544 1515 2558 1539 ,
2583 1470 2632 1525 οἷ
2654 1477 2864 1534 πολλάκις
2916 1491 2918 1493 ’

1569 1550 1908 1615 μνημονεύουσιν
1933 1554 1972 1599 οἱ
1994 1549 2218 1615 ἱστορικοί.
2244 1550 2488 1599 Διείλεκται
2515 1549 2560 1597 δὲ
2583 1550 2683 1616 περὶ
2721 1552 2863 1600 αὐτῶν
2909 1562 2953 1616 'J

1565 1624 1639 1672 καὶ
1665 1623 1963 1690 Ἀριστοτέλης
1983 1626 2026 1672 ἐν
2043 1628 2096 1686 τῇ
2112 1627 2249 1689 Κοινῇ
2269 1622 2484 1687 Ἀρκάδων
2497 1622 2710 1689 πολιτείᾳ,
2729 1623 2864 1690 ἀρχό·
2923 1615 2925 1626 ⁴

1567 1718 1691 1760 μενος
1707 1703 1780 1746 τοῦ
1800 1697 1984 1764 βιὸλίου.
2009 1700 2186 1745 Eadem
2207 1714 2355 1759 usque
2387 1699 2448 1744 ad
2464 1714 2631 1744 vocem
2659 1697 2866 1764 ἱστορικοί
2899 1699 2952 1770 {⁴

2500 1771 2616 1831 128,
2667 1777 2744 1830 47·
2790 1773 2860 1823 Cs-
2916 1772 2953 1830 ’-

1566 1847 1839 1906 Xenophon
1869 1847 2052 1891 Hellen.
2078 1847 2166 1902 VI,
2195 1844 2246 1902 5,
2285 1845 2336 1902 33
2357 1845 2597 1890 Diodorus
2629 1846 2742 1902 XV,
2763 1844 2862 1907 ¹593

1567 1921 1813 1965 Pausanias
1837 1921 1971 1975 VIII,
1995 1934 2081 1978 273
2105 1918 2273 1979 Polyb.
2292 1919 2390 1978 IX,
2417 1934 2496 1976 213
2517 1918 2687 1964 Strabo
2725 1921 2863 1976 VIII,
2907 1910 2953 1961 ‘3

1565 1774 1781 1829 Photius‚
1841 1772 2030 1830 suidas,
2081 1774 2340 1818 Favorinus
2374 1788 2433 1832 ·p.

1570 1990 1695 2053 5953
1718 1993 1879 2036 Manso
1903 1991 2077 2051 Sparta
2098 1992 2195 2046 ΙΙΙ,
2225 2006 2251 2035 2
2268 2024 2282 2047 ,
2307 2006 2358 2050 p.
2389 1989 2448 2035 82
2466 2007 2480 2046 ;
2501 1992 2755 2035 Tittmann.
2782 1992 2864 2038 Gr.

1567 2061 1838 2121 Staatsvets.
1864 2079 1911 2123 p.
1935 2063 2026 2123 691
2046 2080 2059 2120 3
2087 2063 2283 2108 Cortum
2304 2078 2354 2122 p.
2386 2061 2493 2110 128.
2517 2063 2732 2108 Ceterum
2755 2079 2871 2123 quo·
2914 2068 2924 2107 ’ῖ

1568 2137 1715 2182 modo
1738 2136 2094 2197 intelligendum
2112 2137 2170 2180 sit
2191 2134 2312 2179 illud
2327 2134 2370 2180 ἐν
2395 2136 2516 2198 κοινῇ
2544 2133 2633 2198 Ἀρ.
2655 2136 2780 2192 πολ.,
2798 2151 2870 2181 ar·

1571 2219 1846 2270 gumentum
1881 2209 2131 2270 fragmenti
2167 2207 2331 2264 docet3
2369 2223 2524 2267 neque
2555 2209 2834 2261 monuissem
2851 2242 2866 2265 ,

1570 2283 1657 2326 nisi
1680 2280 1946 2327 Grashofius
1966 2297 2014 2341 p.
2037 2296 2127 2340 291
2147 2289 2334 2340 putaret
2352 2280 2558 2340 primum
2571 2280 2868 2325 Aristotelem
2910 2287 2959 2339 ²³³1·

1570 2355 1622 2397 in
1641 2355 1912 2398 universum
1935 2354 1995 2398 de
2014 2352 2216 2398 Arcadia
2234 2352 2400 2396 dixisse
2414 2386 2427 2409 ‚
2451 2361 2590 2412 atque
2614 2352 2676 2397 ad
2693 2353 2871 2398 hancce

1572 2435 1753 2485 partem
1784 2426 1974 2468 titulum
2007 2432 2223 2468 nostrum
2254 2425 2517 2483 pertinere3
2555 2417 2727 2469 deinde
2754 2437 2870 2468 vero
2912 2411 2935 2462 s:

1572 2498 1773 2558 singulas
1789 2512 1997 2556 quasque
2020 2499 2132 2543 Arc.
2155 2496 2440 2556 respublicas
2457 2497 2706 2540 recensitas
2727 2495 2837 2542 eSse.

1639 2573 1711 2615 De
1751 2570 2016 2615 Arcadibus
2038 2570 2089 2612 in
2119 2583 2264 2613 unam
2297 2569 2606 2630 Megalopolis
2638 2569 2871 2614 civitatem
2926 2580 2929 2581 ’

1575 2644 1867 2704 congregatis
1888 2641 2218 2702 intelligendus
2231 2642 2370 2686 etiam
2389 2651 2455 2686 est
2473 2643 2605 2686 locus
2616 2642 2756 2688 Arist.
2778 2642 2874 2696 Po·-
2957 2685 2960 2692 ,

1574 2717 1642 2763 lit.
1669 2717 1740 2772 ΙΙ,
1766 2731 1785 2759 1
1807 2749 1819 2771 ,
1851 2714 1878 2759 5
1907 2731 1918 2759 :
1939 2711 2102 2760 Διοίσει
2127 2710 2178 2785 δὲ
2192 2714 2255 2776 τῷ
2277 2711 2543 2778 τοιούτῳκαὶ
2560 2711 2683 2767 πόλις
2700 2710 2869 2775 ἔθνους,
2938 2731 2947 2765 ζ,

1575 2783 1678 2832 ὅταν
1715 2783 1777 2845 μὴ
1812 2783 1925 2832 κατὰ
1959 2783 2113 2848 κώμας
2146 2787 2229 2831 ὠσι
2269 2785 2582 2850 κεχωρισμένοι
2604 2783 2654 2832 τὸ
2684 2785 2872 2844 πλῆθος,
2924 2806 2951 2845 sp

1576 2859 1674 2929 0}fo
1698 2850 1784 2904 οἷον
1810 2855 2024 2920 Ἀρκάδες.

1577 2999 1714 3046 testas,
1728 2997 1806 3036 hoc
1817 3007 1898 3036 uno
1910 2997 1970 3036 est
1978 2996 2170 3039 ,contenta
2189 2994 2419 3035 multitudo.
2438 2996 2568 3045 Atque
2586 2994 2690 3034 hauc
2705 2994 2873 3045 figuram
2924 2999 2928 3001 “

1577 3062 1777 3112 quandam
1808 3072 1893 3101 esse
1908 3060 2166 3100 democratiae
2185 3060 2346 3110 oportet
2368 3059 2616 3110 existimare,
2639 3058 2770 3110 qualis
2783 3061 2873 3100 erat

1578 3127 1675 3167 olim
1689 3126 1916 3168 Mantineae.
1934 3125 1950 3177 ]

1962 3228 1981 3292 [
1999 3226 2459 3277 HERAEENSIUM.
2478 3227 2497 3290 ]

2132 3351 2221 3405 [90
2242 3348 2286 3393 b.
2307 3351 2323 3404 J

1637 3471 1651 3522 [
1663 3472 1868 3512 Mutantur
1879 3481 1998 3522 porro
2016 3469 2250 3522 respublicae
2262 3469 2383 3511 etiam
2397 3469 2483 3510 sine
2496 3467 2690 3509 seditione
2701 3477 2774 3519 per
2785 3478 2880 3521 am·

1583 3537 1736 3586 bitum,
1757 3530 2096 3588 quemadmodum
2115 3535 2158 3574 in
2180 3537 2336 3575 Heraea.
2371 3536 2475 3575 Nam
2497 3528 2647 3573 idcirco
2667 3533 2878 3590 magistra-1

1583 3603 1672 3652 tus,
1701 3602 1772 3652 qui
1809 3603 1929 3641 antea
1967 3600 2162 3650 suffragio-
2179 3598 2472 3649 deserebantur,
2512 3597 2652 3638 sortito
2694 3591 2879 3652 mandari

1585 3666 1703 3717 coepti
1725 3666 1819 3706 sunt
1837 3680 1846 3705 :
1865 3665 1959 3716 quia
1978 3663 2177 3714 eligebant
2198 3663 2380 3703 homines
2394 3661 2549 3702 ambitu
2564 3659 2828 3714 grassantem]

1659 3772 2004 3824 coMMnms
2041 3743 2358 3846 ARcADUM
2394 3768 2808 3819 RESPUBLICA.

2194 3885 2268 3927 91.

1640 4004 1780 4045 Decies
1795 4002 1903 4043 mille
1915 4001 1991 4041 viri
2006 3999 2048 4040 in
2065 3999 2165 4041 urbe
2179 3997 2425 4049 Megalopoli.
2443 3997 2731 4054 Demosthenes
2741 3996 2783 4038 in
2795 4007 2867 4037 ora

1590 4068 1698 4109 tione
1712 4070 1852 4109 contra
1867 4056 2115 4108 AEschinem.¹
2130 4063 2198 4103 Est
2213 4073 2430 4102 commuue
2445 4063 2568 4102 totius
2590 4060 2766 4103 Arcadioe
2781 4071 2856 4102 con
2873 4098 2883 4109 ,

1591 4133 1726 4173 cilium
1737 4162 1749 4183 ,
1767 4131 1881 4181 cujus
1895 4140 2000 4181 saepe
2014 4126 2255 4168 mentionem
2274 4125 2426 4166 faciunt
2446 4125 2635 4166 historici.
2653 4124 2815 4166 Disseril
2829 4125 2864 4180 d·

1590 4195 1638 4236 iis
1656 4195 1776 4236 etiam
1795 4192 2021 4241 Aristoteles
2038 4193 2080 4232 in
2102 4190 2316 4232 Communi
2337 4187 2534 4237 Arcadum
2557 4182 2778 4241 republica,
2793 4189 2854 4229 sta

1591 4260 1664 4300 tim
1681 4258 1793 4299 initio
1811 4257 1949 4298 libelli.
2879 4248 2884 4253 “
