3016 4628
60 426 234 490 ἐνετο,
274 426 369 474 ἀλλ’
409 424 501 473 οὐδ’
535 423 728 488 ὕστερον.
772 420 895 480 Αὕτη
931 420 1014 487 γὰρ
1043 424 1070 477 ἡ
1097 419 1202 482 τιμὴ
1233 427 1320 473 τοῖς

120 498 260 549 ενίσι
290 497 604 563 διεφυλάττετο.
673 494 904 559 Τιμαγόρα
941 491 1018 556 μὲν
1047 490 1128 557 γὰρ
1162 494 1222 557 τῷ
1252 491 1323 539 'A-

69 566 200 637 αίῳ
214 605 228 630 ,
251 572 312 635 τῷ
334 567 679 635 προσκυνήσαντι
706 565 886 632 βασιλέα
902 602 914 624 ,
941 564 1015 612 καὶ
1046 563 1236 626 μάλιστα
1259 583 1322 611 τι·

74 635 129 702 'j''¹·
127 641 244 701 ι’ντι,
277 660 401 689 τουτο
425 643 504 705 οὐχ
542 638 728 704 υπῆρξε·
767 641 852 686 τῶν
892 636 938 684 δὲ
972 634 1320 701 παρατιθεμένων

97 713 211 763 ιλεῗ
249 711 386 778 τούτῳ
429 711 525 760 τινὰ
576 711 660 759 ἀπὸ
701 713 777 767 τῆς
817 707 1031 774 τραπέζης
1069 707 1320 756 ἀπέστελλε.

98 781 289 832 αλκίδα
308 783 352 830 δὲ
366 786 428 849 τῶ
453 782 629 833 Λάκωνι
653 781 724 830 τὸν
747 785 876 828 αὑτοῦ
893 780 1096 846 στέφανον
1114 781 1169 832 εἷς
1189 778 1322 844 μύρον

97 873 184 914 ας
205 833 390 944 ἔπέμψε.
416 858 494 921 Τῷ
519 855 557 903 δ’
578 854 768 919 Ἐντίμῳ
791 857 969 900 τοιαῦτα
990 850 1131 899 πολλὰ
1159 851 1320 908 ἐποίει,

91 927 220 976 ἐπὶ
261 927 310 975 τὸ
343 926 589 991 συγγενικὸν
629 926 801 992 ἄριστον
852 924 1012 974 ἐκάλει.
1081 922 1179 988 ''Ezp
1215 915 1250 988 ῳ
1285 925 1323 970 οἱ

61 1052 76 1065 ν,
108 1013 208 1050 σαι
227 1002 428 1064 χαλεπῶς
446 999 608 1090 ἔφερον,
626 1002 683 1053 ὡς
702 1002 778 1055 τῆς
799 1016 846 1045 τε
865 1017 991 1059 τιμης
1013 970 1322 1058 δημευομένης,

84 1071 359 1137 ’στρατείας
386 1071 456 1118 ἐπι
487 1070 794 1129 τὴνἙλλάδα
826 1069 956 1117 πάλιν
985 1067 1238 1131 ἐσομένης..
1239 1066 1323 1116 Ἔ-

80 1143 186 1209 ψε
210 1141 254 1190 δὲ
275 1143 349 1190 καὶ
366 1142 511 1202 κλίνην
530 1144 647 1205 αὐτῶ
667 1140 969 1207 ἀργυρόποδα,
988 1140 1060 1188 καὶ
1078 1138 1323 1206 στρωμνὴν,

73 1211 90 1277 fs
131 1215 294 1274 σκηνὴν
313 1217 590 1283 οὗρανόροφον
616 1190 802 1274 ἀνθινὴν,
824 1215 898 1262 καὶ
922 1213 1066 1278 θρόνον
1093 1216 1321 1278 ἀργυροῦν,

124 1286 375 1355 ἐπίχρυσον
422 1289 632 1350 σκιάδιον,
673 1287 747 1334 καὶ
795 1286 952 1352 φιάλας
999 1284 1325 1342 λιθοκολλήτους

69 1360 312 1418 υσᾶς,και
333 1362 518 1425 ἀργυρᾶς
537 1359 582 1406 δὲ
604 1359 796 1423 μεγάλας
819 1357 990 1419 ἑκατὸν,
1014 1357 1087 1404 καὶ
1109 1375 1325 1422 κρατηρας

82 1449 272 1495 γυρους,
297 1431 371 1478 καὶ
407 1431 637 1486 παιδίσκας
661 1430 831 1494 ἑκατὸν,
868 1428 942 1478 καὶ
972 1430 1129 1483 παῖδας
1153 1429 1323 1491 ἑκατὸν,

64 1507 223 1558 υσοῦς
244 1523 290 1550 τε
311 1503 639 1569 ἑξακισχιλίους,
662 1502 795 1568 χωρὶς
816 1505 899 1549 τῶν
930 1505 988 1556 εἰς
1013 1500 1068 1548 τὰ
1105 1501 1325 1559 ἐπιτήδεια

76 1575 144 1621 θ’
163 1575 328 1640 ἡμέραν
355 1575 600 1638 διδομένων.

67 1650 217 1708 Quae
237 1665 293 1694 ex
315 1651 386 1695 his
408 1652 592 1695 Phaniae
618 1650 893 1704 debeantm‚
932 1664 1033 1707 quae
1070 1648 1326 1692 Heraclidae

20 1723 21 1726 ’
90 1740 96 1757 ν
159 1735 247 1764 ano
264 1722 379 1780 ‚qui
398 1723 448 1765 in
471 1721 850 1766 antecedentibus
871 1728 1174 1775 memoratur,
1200 1719 1327 1763 haud

110 1791 201 1836 ¹·.et
233 1795 304 1837 De
326 1794 571 1853 Timagora
589 1792 862 1837 Atheniensi
879 1807 924 1838 v.
946 1789 1163 1851 Xenoph.
1202 1792 1324 1838 Hell.

75 1871 109 1914 ,ἑ
135 1885 151 1921 ,·
175 1878 216 1920 1,
241 1863 326 1925 33,
350 1863 433 1920 38,
457 1865 572 1924 ibiq.
594 1866 790 1924 interpr.

69 1943 270 2077 ἶΠΕΡῙ
306 1978 431 2028 ἸΩΝ
466 1982 548 2028 ΕΝ
584 1982 847 2049 ΣΙΚΕΛΙᾼ
882 1979 1241 2028 TrPANNssN.

32 555 64 573 '⁴'

0 1555 4 1586 l

650 2125 722 2156 12.

116 2213 350 2259 ’ἛΙιειιεοιιε
381 2213 464 2271 Vl,
490 2230 538 2274 Ρ.
573 2214 684 2271 231,
711 2217 749 2260 E
777 2232 787 2260 :
819 2214 905 2262 Καὶ
929 2212 984 2260 τὰ
1016 2215 1058 2260 ἐν
1082 2215 1262 2277 Δελφοῖς
1285 2213 1329 2261 δὲ

118 2281 297 2344 ἶέἤματα
313 2283 368 2331 τα
387 2285 554 2349 ἀργυρᾶ
575 2284 649 2332 καὶ
665 2284 719 2332 τὰ
735 2293 877 2351 χρυσᾶ
894 2285 977 2332 υπὸ
996 2285 1167 2349 πρώτου
1189 2286 1329 2349 1ὐγου

94 2311 288 2440 ἒΛυδῶν
320 2356 530 2421 βασιλέως
554 2357 751 2415 ἀνετέθη·
775 2378 847 2405 και
869 2359 956 2434 πρὸ
975 2362 1051 2415 τῆς
1076 2357 1226 2405 τούτου
1248 2362 1328 2422 βα-

115 2445 200 2485 ας
219 2427 476 2492 ἀνάργυρος,
512 2427 575 2474 ἔτι
612 2427 656 2475 δὲ
696 2428 902 2494 ἄχρυσος,
927 2434 978 2488 ἠν
1013 2433 1034 2476 6
1065 2429 1248 2490 Πύθιος,
1274 2431 1330 2482 ὣς

96 2487 212 2554 νίας
230 2499 277 2546 τέ
301 2517 427 2564 φησιν
451 2503 474 2547 6
497 2499 693 2565 Ἐρέσιος
715 2500 838 2548 καὶι·Ι
809 2501 1111 2563 ()εόπομπος’
1093 2520 1135 2547 εν
1159 2503 1211 2564 τῇ
1232 2519 1329 2547 τεσ-

148 2636 215 2676 tis
242 2637 310 2677 ille
328 2638 453 2678 honos
472 2649 681 2678 concessus
708 2640 780 2678 est.
814 2641 951 2689 Neque
977 2640 1084 2678 enim
1103 2637 1328 2688 Timagoras

158 2694 161 2697 ’
172 2701 300 2750 iensis,
315 2713 441 2752 quum
452 2703 651 2742 adorasset
667 2715 812 2754 regem,
828 2715 1048 2754 magnoque
1066 2704 1214 2743 honore
1229 2704 1330 2742 esset

105 2767 252 2816 ptus,
279 2767 320 2806 id
339 2770 574 2808 consecutus
603 2769 662 2808 est
691 2769 787 2808 :sed
813 2769 871 2808 illi
902 2769 1031 2808 solum
1062 2780 1112 2808 ex
1143 2768 1330 2819 appositis

102 2830 114 2862 3
151 2829 307 2870 ferculis
332 2831 515 2881 quaedam
543 2831 780 2871 mittebatur
805 2832 946 2882 portio.
980 2832 1200 2871 Antalcidae
1234 2843 1329 2871 vero

132 2893 339 2932 aemonio
373 2905 443 2933 rex
462 2905 573 2934 suam
603 2895 683 2945 ipse
707 2906 919 2945 coronam,
950 2898 1151 2946 unguento
1175 2895 1328 2934 delibu-

131 2983 148 3005 ,
167 2956 287 2995 misit.
309 2945 510 2996 Entimum
530 2969 623 2997 vero
636 2958 772 2998 multis
790 2959 937 2998 talibus
965 2960 1205 3009 honorabat,
1222 2961 1262 2998 et
1280 2959 1331 2998 ad

99 3019 112 3063 ᾗ
148 3018 272 3060 ivium
301 3022 468 3062 vocabat
488 3025 746 3072 cognatorum
778 3039 787 3062 ε
820 3035 923 3073 aegre
943 3024 1160 3063 ferentibus
1179 3024 1326 3074 Persis,

175 3084 216 3123 et
239 3084 466 3134 vulgaretur
488 3086 554 3126 ille
578 3087 726 3134 honos,
754 3089 795 3126 et
814 3098 916 3126 nova
935 3087 1134 3138 expeditio
1154 3088 1194 3127 in
1215 3090 1329 3127 Grae-

127 3146 310 3188 instare
328 3148 542 3188 videretur.
569 3150 676 3190 Misit
698 3161 793 3189 vero
818 3152 854 3190 ei
877 3162 950 3190 rex
968 3153 1008 3190 et
1027 3151 1175 3191 lectum
1196 3163 1330 3202 argen-

112 3210 320 3269 pedibus,
339 3215 380 3255 et
405 3214 600 3265 quidquid
620 3215 671 3254 ad
692 3227 784 3255 eum
805 3216 1060 3256 sternendum
1088 3217 1330 3266 pertinebat,

125 3282 153 3315 ’.ι
186 3278 409 3317 naculum
433 3279 652 3319 orbiculato
672 3283 800 3331 tecto,
822 3281 985 3321 floribus
1000 3282 1265 3332 variegatum‚
1293 3284 1333 3322 et

167 3344 468 3392 mgenteam,
509 3345 550 3383 et
586 3345 800 3384 umbellam
830 3345 1080 3396 inauratam,
1117 3349 1157 3386 et
1189 3359 1332 3388 aureas

128 3448 151 3461 f
174 3459 180 3462 η
220 3406 386 3456 gemmis
407 3407 632 3456 distinctas,
660 3410 701 3448 et
720 3411 881 3449 centum
912 3410 1009 3450 alias
1027 3413 1230 3461 argenteas
1250 3424 1331 3452 ma·

155 3468 238 3522 et
250 3469 424 3509 crateres
449 3472 674 3520 argenteos,
693 3472 845 3522 puellas
875 3474 1060 3522 centum,
1087 3474 1332 3526 totidemque

129 3533 142 3537 ”
175 3557 209 3576 .
224 3532 265 3570 et
278 3541 492 3574 aureorum
512 3545 728 3574 numorum
749 3535 873 3575 millia
891 3546 984 3585 sex,
1012 3539 1158 3586 praeter
1178 3548 1225 3576 ea
1243 3549 1333 3588 quae

147 3589 412 3644 'Midianam
401 3608 618 3649 impensam
637 3599 847 3640 dabantur.

313 3684 400 3733 DE
437 3685 684 3735 SICILIAE
720 3689 1054 3747 TYRANNlS.

653 3791 722 3830 12.

137 3861 149 3880 ”
173 3885 175 3888 .
204 3860 285 3901 ant
295 3862 430 3902 autem
461 3866 646 3914 argentea
671 3866 712 3905 et
739 3876 862 3904 aurea
885 3865 1050 3905 donaria
1071 3867 1111 3905 in
1140 3867 1331 3916 Delphico

148 3938 189 3966 ,ι
212 3922 384 3977 utimum
399 3926 578 3967 omnium
595 3929 760 3978 aGyge,
783 3928 981 3978 Lydorum
999 3940 1108 3978 rege,
1127 3929 1331 3978 dedicata3

134 3980 201 4056 ,ἓν-ι
230 3995 276 4024 m
306 3997 469 4038 regnum
501 3992 664 4040 argento
694 3993 735 4030 et
763 4002 862 4030 auro
895 3993 1023 4031 caruit
1055 3993 1218 4042 Pythius
1247 4010 1256 4032 :
1289 3996 1333 4032 ut

147 4093 161 4114 Ἡ
205 4050 369 4093 scribit
387 4054 558 4103 Eresius‚
572 4055 613 4094 et
624 4055 900 4107 Theopompus
915 4057 1218 4108 Philippicorum
1232 4058 1333 4097 libro

140 4134 143 4135 ⁷
167 4120 191 4137 Γ
191 4104 229 4120 ”
220 4119 313 4167 ant
327 4120 444 4160 enim
451 4121 491 4160 hi
503 4125 764 4171 ‚exornatum
780 4125 898 4164 fuisse
917 4126 1123 4175 Pythicum
1142 4127 1333 4176 templum

145 4232 166 4263 ⁴,
162 4175 352 4233 Gyge,
365 4184 453 4224 tum
465 4185 677 4235 posthunc
685 4198 710 4225 a
725 4188 879 4236 Croeso,
891 4190 930 4228 et
947 4190 1080 4239 postea
1097 4200 1120 4228 a
1135 4190 1284 4229 Gelone
1295 4192 1335 4228 et

246 4246 461 4297 veiculis,
478 4259 648 4299 quorum
668 4250 734 4290 ille
751 4251 943 4301 tripodem
967 4265 1130 4293 aureum
1148 4256 1186 4293 et
1203 4254 1332 4294 Victo-

1109 314 1564 362 FRAGMENTA.

2582 323 2672 363 297

1396 423 1644 484 σαρακοστῇ
1688 421 1771 465 τῶν
1814 421 2114 468 Φιλιππικῶν.
2168 419 2401 484 Ἱστοροῧσι
2443 422 2525 485 γὰρ
2563 416 2677 470 οὗτοι

1396 494 1666 552 κοσμηθῆναι
1708 490 1756 536 τὸ
1795 489 1980 537 Πυθικὸν
2013 490 2122 553 ἱερὸν
2160 490 2243 536 ὑπό
2266 511 2310 537 τε
2344 498 2416 539 τοῦ
2440 493 2579 555 Γύγου
2604 495 2676 541 καὶ

1395 567 1471 609 τοῦ
1507 562 1617 624 μετὰ
1640 565 1789 608 τοῦτον
1828 560 2035 624 Κροίσου,
2069 561 2159 621 μεθ’
2183 561 2252 615 οὒς
2290 563 2373 609 ὑπό
2408 584 2453 610 τε
2490 566 2678 618 Γέλωνος

1396 632 1470 680 καὶ
1501 632 1695 697 Ἱέρωνος
1722 634 1806 678 τῶν
1846 633 2135 689 Σικελιωτῶν,
2170 637 2242 678 τοῦ
2280 632 2355 694 μὲν
2391 635 2571 696 τρίποδα
2605 636 2679 682 καὶ

1396 704 1537 763 Νίκην
1559 709 1722 769 χρυσοῦ
1739 702 2008 765 πεποιημένα
2033 702 2282 764 ἀναθέντος,
2302 706 2396 749 καθ’
2420 704 2489 758 οὒς
2506 707 2681 770 χρόνους

1396 775 1561 840 Ξέρξης
1599 773 1881 839 ἐπεστράτευε
1916 781 1967 838 τῇ
2003 773 2208 834 Ἑλλάδι,
2236 794 2309 821 του
2342 775 2376 820 δ’
2410 775 2599 840 Ἱέρωνος
2627 779 2681 824 τὰ

1397 846 1542 909 ὅμοια.
1565 847 1694 910 Λεγει
1710 846 1754 894 δὲ
1770 845 1901 900 οὕτως
1919 849 1941 893 6
1960 844 2244 907 Θεόπομπος·
2266 868 2284 887 «ι
2309 849 2389 893 Ἢν
2407 846 2488 911 γὰρ
2509 850 2601 896 κτλ.
2622 850 2680 909 (v.

1397 923 1454 971 fr.
1474 938 1585 983 219.
1606 922 1618 983 )
1638 918 1822 983 Ἱστορεῖ
1836 918 1892 966 τὰ
1919 917 2029 966 αὐτὰ
2043 937 2115 965 και
2131 917 2342 971 (Ι)ανίας’
2325 937 2367 965 εν
2388 938 2448 982 τῳ
2471 920 2579 984 Περι
2600 923 2682 967 τῶν

1399 994 1441 1038 ἐν
1463 991 1644 1058 Σικελία
1677 991 1910 1055 τυράννων,
1941 994 1997 1045 ὡς
2018 992 2194 1054 χαλκῶν
2228 990 2361 1037 ὄντων
2381 994 2463 1036 τῶν
2488 993 2683 1037 παλαιῶν

1398 1065 1686 1127 ἀναθημάτων
1721 1063 1796 1111 καὶ
1814 1063 2024 1128 τριπόδων
2059 1061 2134 1110 καὶ
2171 1061 2365 1119 λεὸήτων
2394 1061 2468 1110 καὶ
2502 1064 2683 1127 ἐγχειρι-

1399 1136 1516 1196 δίων,
1544 1129 1602 1184 &v
1625 1136 1688 1203 ἐφ’
1714 1136 1804 1190 ἑνὸς
1827 1134 1903 1183 καί
1926 1134 2237 1199 ἐπιγεγράφθαι
2259 1133 2409 1199 φησίν·

1450 1264 1604 1310 Θάησαί
1626 1264 1678 1315 μ’·
1694 1264 1796 1303 ἐτεὸν
1812 1264 1884 1314 γὰρ
1901 1265 1939 1302 ἐν
1955 1262 2068 1302 Ἰλίου
2085 1260 2182 1313 εὐρέϊ
2200 1261 2333 1314 πύργῳ

1501 1322 1563 1371 ἦν,
1581 1322 1643 1361 ὅτε
1660 1321 1884 1372 καλλικόμῳ
1901 1319 2106 1372 μαρνάμεθ’
2123 1320 2214 1371 ἀμφ’
2229 1321 2360 1370 Ἑλένῃ
2375 1333 2385 1344 ⁴

1449 1379 1514 1418 καί
1537 1380 1575 1430 μ’
1597 1379 1850 1429 Ἀντηνορίδης
1870 1379 1993 1429 ἐφόρει
2014 1379 2153 1430 κρείων
2170 1378 2372 1417 Ἑλικάων.

1503 1439 1582 1477 Νῦν
1600 1437 1641 1476 δέ
1658 1450 1704 1488 με
1721 1437 1913 1483 Λητοΐδου
1931 1437 2030 1476 θεῖον
2048 1436 2127 1486 ἔχει
2144 1436 2322 1476 δάπεδον.

1400 1551 1506 1600 Ἐπὶ
1531 1551 1576 1599 δὲ
1600 1552 1796 1617 τρίποδος
1812 1589 1826 1614 ,
1851 1550 1894 1606 ὃς
1917 1544 1967 1610 ἦν
1991 1544 2048 1605 εἷς
2071 1554 2155 1599 τῶν
2181 1551 2250 1598 ἐπὶ
2280 1550 2522 1618 Πατρόκλῳ
2549 1554 2687 1600 ἄθλων

1398 1623 1623 1671 τεθέντων·

1451 1739 1623 1784 Χάλκεός
1640 1742 1716 1791 εἰμι
1732 1741 1886 1792 τρίπους
1902 1753 1911 1761 ·
1930 1743 2051 1781 Πυθοῖ
2065 1741 2098 1780 δ’
2114 1741 2320 1791 ἀνάκειμαι
2345 1742 2500 1792 ἄγαλμα
2511 1771 2521 1790 ,

1451 1799 1516 1836 καί
1539 1798 1578 1848 μ’
1594 1799 1655 1837 ἐπὶ
1678 1799 1889 1850 Πατρόκλῳ
1910 1801 2021 1847 θῆκεν
2037 1800 2157 1845 πόδας
2173 1800 2273 1844 ὠκὺς
2290 1799 2496 1850 Ἀχιλλεύς·

1451 1857 1632 1904 Τυδείδης
1649 1857 1681 1896 δ’
1699 1858 1859 1904 ἀνέθηκε
1877 1860 1970 1909 βοὴν
1991 1860 2130 1908 ἀγαθὸς
2152 1860 2344 1909 Διομήδης
2356 1889 2366 1906 ,

1452 1915 1611 1961 νικήσας
1630 1916 1783 1954 ἵπποισι
1800 1918 1905 1967 παρὰ
1926 1918 2070 1956 πλατὺν
2086 1918 2381 1964 Ἑλλήσποντον.

2012 2025 2083 2070 13.

1467 2141 1599 2185 Idem
1624 2143 1674 2196 1,
1696 2157 1746 2200 Ρ.
1775 2142 1824 2199 6,
1841 2142 1913 2187 C:
1939 2139 2111 2192 Φανίας
2135 2139 2179 2185 δέ
2204 2158 2344 2204 φησιν,
2371 2159 2434 2186 οτι
2461 2138 2689 2194 Φιλόξενος

1401 2214 1423 2257 6
1450 2210 1659 2274 Κυθηριος
1680 2210 1858 2268 ποιητὴς
1873 2247 1886 2271 ,
1911 2210 2196 2284 περιπαθης
2171 2230 2229 2256 ων
2249 2213 2335 2266 τοῖς
2356 2212 2491 2276 ὄψοις,
2510 2213 2688 2259 δειπνῶν

1401 2302 1480 2328 ποῖ
1485 2302 1503 2328 ε
1544 2282 1663 2346 παρὰ
1700 2281 1939 2346 Διονυσίῳ,
1980 2285 2036 2335 ὡς
2070 2275 2176 2328 εἶδεν
2215 2283 2362 2348 ἐκείνῳ
2387 2281 2464 2344 μὲν
2495 2285 2687 2347 μεγάλην

1401 2354 1576 2417 τρίγλαν
1611 2356 1944 2444 παρατεθεῖσαν,
1984 2357 2122 2400 ἑαυτω
2162 2354 2205 2400 δὲ
2247 2355 2419 2419 μικρὰν,
2459 2354 2687 2402 ἀναλαὸὼν·

1403 2427 1534 2484 αὐτὴν
1557 2429 1614 2480 εἰς
1645 2427 1721 2481 τὰς
1745 2434 1891 2492 χεῖρας
1927 2423 2031 2491 πρὸς
2055 2428 2102 2474 τὸ
2127 2447 2197 2482 ους
2234 2428 2420 2492 προσήνε
2422 2449 2515 2492 γ.κε
2544 2432 2686 2477 Πυθο-

1406 2499 1532 2560 μένου
1558 2498 1601 2546 δὲ
1621 2518 1693 2546 του
1718 2499 1964 2559 Διονυσίου,
1987 2501 2096 2553 τίνος
2113 2499 2251 2546 ἕνεκεν
2271 2519 2394 2547 τουτο
2414 2520 2508 2547 ποιε
2507 2502 2550 2558 ἶ,
2572 2507 2688 2548 εἶπεν

1399 2608 1419 2625 0

1401 2637 1499 2676 riam
1510 2648 1559 2676 ex
1567 2649 1664 2676 auro
1674 2637 1817 2676 iactam
1828 2611 2081 2684 dedicaverit,
2091 2649 2171 2687 quo
2182 2639 2359 2687 tempore
2368 2637 2691 2678 xerxesGraecioe

1403 2702 1551 2742 bellum
1568 2702 1728 2753 intulit;
1744 2704 1865 2742 Hiero
1880 2714 1974 2742 vero
1991 2714 2126 2742 rursus
2142 2703 2247 2752 paria
2264 2703 2367 2742 dona
2383 2703 2546 2743 miserit.
2565 2704 2689 2742 Theo·

1404 2768 1535 2818 pompi
1560 2769 1680 2807 verba
1709 2769 1795 2807 haec
1832 2770 1989 2808 sunt....
2024 2769 2137 2808 Paria
2167 2768 2332 2808 Phanias
2362 2772 2495 2807 narrat
2524 2769 2564 2806 in
2592 2769 2690 2807 libro

1402 2836 1461 2872 De
1485 2833 1626 2872 Siciliae
1648 2833 1821 2882 tyrannis
1837 2862 1848 2880 ‚
1871 2833 2006 2873 dicens
2027 2843 2137 2872 aenea
2161 2833 2280 2873 fuisse
2305 2833 2431 2883 prisca
2449 2833 2631 2882 donaria,
2652 2835 2692 2873 et

1403 2897 1563 2947 quidem
1581 2898 1777 2947 tripodas,
1795 2898 1941 2937 lebetes
1958 2899 1996 2938 et
2015 2898 2217 2948 pugiones.
2238 2901 2282 2938 ln
2297 2899 2510 2948 pugionum
2528 2909 2607 2936 uno
2621 2898 2693 2936 hos

1407 2961 1616 3011 inscriptos
1636 2962 1755 3001 fuisse
1767 2973 1904 3000 versus
1925 2962 1980 3001 ait
1999 2977 2009 3001 ι

1499 3046 1628 3091 Aspice
1651 3056 1711 3082 me
1729 3058 1738 3080 z
1757 3055 1885 3082 revera
1902 3046 2003 3082 enim
2021 3046 2060 3080 in
2082 3046 2138 3080 Ilii
2157 3046 2276 3091 ampla
2292 3045 2386 3080 turri

1534 3111 1635 3137 eram
1649 3128 1657 3144 ,
1683 3112 1795 3147 quum
1812 3102 1860 3138 ob
1881 3102 2168 3148 pulchricomam
2185 3111 2432 3147 pugnaremus
2450 3102 2627 3138 Helenam

1491 3160 1530 3194 et
1545 3168 1604 3193 me
1618 3157 1862 3194 Antenorides
1878 3159 2037 3202 gestabat
2052 3159 2225 3204 princeps
2244 3158 2419 3194 Helicaon
2436 3171 2446 3193 z

1538 3224 1640 3250 nunc
1657 3225 1714 3251 me
1731 3218 1879 3250 Latonae
1897 3215 1960 3250 {ilii
1979 3214 2104 3249 fanum
2122 3212 2258 3250 tenet.'

1408 3296 1532 3343 Super
1549 3294 1704 3344 tripode
1720 3305 1837 3342 vero,
1855 3293 1924 3343 qui
1941 3305 2043 3332 nnus
2063 3304 2112 3331 ex
2129 3292 2183 3331 cis
2198 3295 2304 3340 erat,
2328 3303 2420 3342 quae
2448 3293 2487 3331 in
2516 3292 2687 3331 Patrocli

1406 3357 1637 3396 funebribus
1654 3357 1756 3396 ludis
1773 3357 1936 3407 praemia
1967 3356 2182 3396 victoribus
2212 3356 2368 3396 ruerant
2390 3357 2590 3406 proposita
2605 3387 2616 3406 ,
2635 3357 2690 3394 in·-

1405 3419 1549 3469 scripta
1573 3420 1660 3459 haec
1678 3423 1791 3460 erant
1814 3437 1823 3459 z

1493 3501 1627 3533 AEncus
1643 3508 1724 3533 sum
1742 3499 1878 3543 tripus‚
1902 3499 2034 3542 Pythio
2050 3501 2305 3533 consecratum
2330 3497 2526 3532 donarium
2549 3509 2557 3529 :

1494 3554 1532 3587 in
1551 3556 1711 3590 Patrocli
1735 3554 1866 3590 funcre.
1882 3555 2074 3599 praemium
2093 3563 2151 3588 me.
2166 3557 2407 3599 proposuerat
2426 3553 2601 3590 Achilles:

1493 3611 1675 3647 dedicavit
1697 3615 1820 3648 autem
1841 3612 1956 3655 Tydei
1973 3612 2088 3652 filius,
2106 3611 2203 3647 be.lo
2225 3615 2394 3647 strenuus
2419 3610 2608 3646 Diomedes
2622 3637 2631 3651 ‚

1494 3671 1686 3713 postquam
1704 3671 1806 3714 equis
1824 3670 1911 3705 vicit
1924 3671 2029 3714 juxta
2044 3670 2158 3706 latum
2183 3670 2470 3714 Hellespontum.

1460 3812 1627 3851 Phanias
1658 3814 1792 3851 narrat
1825 3813 2087 3852 Philoxenum
2107 3813 2334 3862 cytherium
2363 3812 2515 3861 portani
2532 3839 2542 3853 ,
2570 3809 2685 3847 obso-

1406 3874 1562 3913 niorum
1580 3874 1753 3924 cupediis
1768 3875 2054 3915 deditissimum
2066 3906 2075 3922 ‚
2095 3887 2217 3925 quum
2234 3876 2405 3913 coenaret
2417 3872 2518 3922 apud
2544 3872 2686 3919 Diony·

1407 3938 1510 3976 sium
1526 3968 1536 3987 ,
1560 3941 1604 3976 ut
1626 3938 1798 3977 mullum
1814 3940 2010 3988 ingentem
2044 3939 2139 3977 vidit
2167 3939 2201 3977 ei
2224 3937 2466 3987 appositum,
2497 3934 2570 3972 sibi
2594 3945 2686 3971 vero

1409 4011 1576 4049 parvum
1593 4031 1604 4049 ,
1633 4012 1752 4039 manu
1769 4012 1840 4040 sua
1866 4002 2102 4051 prehensum
2122 4002 2227 4040 hunc
2257 3998 2477 4038 admovisse
2502 3995 2585 4033 auri
2601 4024 2611 4042 ,
2646 3998 2684 4031 rt

1409 4063 1671 4113 interrogante
1690 4064 1874 4114 Dionysio
1886 4075 1957 4103 eur
1969 4065 2007 4103 id
2022 4066 2165 4103 faceret
2179 4093 2190 4112 ,
2210 4061 2445 4111 respondisse
2461 4075 2468 4096 :
2484 4058 2684 4096 Galateam

1410 4138 1452 4166 se
1473 4126 1665 4176 scribere,
1681 4127 1954 4178 cupivisseque
1983 4126 2157 4165 nonnihil
2182 4135 2340 4171 eorum,
2371 4131 2461 4171 quae
2478 4119 2582 4169 apud
2609 4122 2685 4159 Ne-

1412 4202 1524 4231 reum
1544 4194 1748 4242 geruntur,
1773 4204 1823 4232 ex
1848 4192 1914 4231 illo
1931 4191 2118 4242 pisciculo
2146 4190 2307 4235 rescire;
2325 4187 2430 4225 hunc
2446 4195 2538 4222 vero
2562 4183 2686 4222 inter-

1413 4257 1591 4304 rogatum
1625 4257 1865 4306 respondisse
1897 4273 1904 4295 ε
1933 4256 2126 4305 juniorem
2151 4265 2190 4291 se
2207 4263 2288 4290 esse
2316 4252 2493 4299 captum,
2522 4248 2687 4297 ideoque
