3016 4628
214 307 255 368 e'
1201 316 1540 378 monuimus
1577 314 1887 365 MiLEsms

267 441 520 482 Auctorem
539 439 643 482 satis
663 445 891 482 vetustum
909 439 1146 481 Hecataeus
1163 446 1208 481 et
1227 437 1495 481 Hellanicus

1579 434 1694 477 lonii
1712 449 1768 478 ex
1803 435 2029 494 Dionysio
2057 435 2277 497 leguntur
2306 438 2461 482 omnia
2491 439 2735 484 referenda
2767 451 2873 486 sunt

202 511 393 554 comites
412 520 640 570 arguunt3
678 526 763 554 nec
790 510 1048 569 quidquam
1079 510 1230 553 obstat
1264 510 1379 568 quin
1400 509 1497 551 haec
1573 505 1634 550 ad
1657 507 1970 565 Mytilenaeum
1984 541 1997 563 ,
2020 510 2102 567 qui
2121 510 2170 552 in
2182 511 2410 554 Milesium
2428 510 2543 554 abiit
2558 512 2630 554 vel
2648 512 2872 557 librario-

201 599 258 627 ex
276 583 469 627 historia
494 582 606 626 belli
629 582 800 627 Medici
822 580 1060 626 fluxerint.

266 657 390 699 Num
413 655 485 701 Πε
502 652 658 717 ριήγη
673 671 759 699 σιν
790 650 1080 713 οἰκουμένη
1096 670 1115 704 ς
1138 653 1386 711 Dionysius
1408 652 1489 695 Mi-

201 728 337 771 leslus
361 727 620 786 scripserit,
652 741 798 771 necne
815 760 828 782 ,
855 725 1164 785 demonstrari
1189 724 1382 783 quidem
1413 737 1498 766 ne·

203 800 328 858 quit3
354 798 437 843 sed
459 814 605 858 quum
625 798 794 843 eodem
814 797 911 842 fere
929 786 1141 857 tempore
1162 798 1279 840 alter
1294 795 1498 840 Milesius

202 874 252 916 in
271 871 439 916 eodem
467 871 1007 937 argumento-egregiam
1033 870 1243 928 posuerit
1273 883 1466 928 operam
1483 900 1496 920 ‚

203 960 303 988 non
320 944 569 1003 probabile
586 952 653 988 est
675 942 837 987 eadem
851 943 1011 1002 paullo
1033 951 1138 1001 post
1154 951 1364 986 tractasse
1387 943 1500 987 Dio-

203 1017 400 1075 nysium.
426 1015 577 1061 Suidae
604 1031 718 1060 vero
755 1015 1004 1059 auctoritas
1029 1028 1162 1071 paene
1189 1014 1318 1057 nulla
1341 1021 1424 1059 est.
1456 1017 1500 1060 Is

203 1090 327 1133 enim
348 1105 447 1132 non
464 1089 643 1133 Milesio
676 1096 854 1131 tantum
874 1086 1138 1145 Periegesin
1155 1084 1385 1147 attribuit,
1416 1088 1498 1133 sed

203 1163 340 1206 etiam
370 1162 597 1220 Dionysio
623 1159 890 1215 Corinthio,
920 1157 1123 1201 addens:
1146 1158 1283 1201 ταῦτα
1309 1155 1353 1201 δὲ
1377 1149 1498 1221 εῧρον

203 1231 277 1278 καὶ
298 1233 340 1277 ἐν
360 1230 571 1295 Διονυσίῳ
595 1232 655 1295 τῷ
676 1228 731 1276 τὰ
758 1226 948 1276 Λιθιακὰ
969 1225 1201 1292 γράψαντι·
1225 1226 1402 1292 πότερος
1426 1222 1498 1276 οῧν

203 1306 344 1351 αὐτῶν
376 1304 452 1350 οὐκ
492 1295 604 1349 οἶδα.
639 1303 773 1348 Idem
794 1303 955 1362 paullo
992 1311 1100 1360 post
1131 1302 1394 1362 Periegesin
1416 1303 1498 1348 dat

202 1379 428 1438 Dionysio
454 1378 607 1422 Samio
632 1377 706 1420 vel
718 1375 909 1420 Rhodio
923 1409 936 1431 ,
956 1375 1135 1419 haerens
1147 1375 1370 1431 incertus3
1391 1392 1500 1421 nam

202 1450 387 1508 subjicit
408 1466 417 1493 z
436 1446 733 1509 ὑπολαμὸάνω
766 1445 811 1493 δὲ
833 1444 898 1493 ὅτι
921 1446 1142 1498 Διονύσιος
1172 1447 1194 1490 ὃ
1222 1445 1499 1509 Περιηγητὴς

205 1520 437 1576 Βυζάντιος
465 1512 516 1578 ἦν
544 1518 613 1566 διὰ
646 1518 718 1566 τὸν
751 1517 948 1580 ποταμὸν
975 1517 1146 1576 Ῥήὸαν
1191 1516 1260 1582 (V.
1288 1525 1378 1580 794
1420 1522 1496 1566 ed.

201 1595 390 1654 Bernh.)
401 1630 411 1640 .
427 1595 823 1641 Verisimillimum
840 1594 983 1653 igitur
996 1602 1062 1637 est
1076 1592 1292 1636 omnibus
1301 1594 1370 1637 his
1387 1594 1502 1638 locis

202 1684 304 1713 eam
327 1682 469 1727 quam
487 1668 740 1711 etiamnum
758 1665 984 1710 habemus
1009 1665 1222 1723 Dionysii
1239 1666 1501 1725 Periegesin

205 1741 452 1802 designari.
472 1739 579 1784 Vid.
609 1738 902 1798 Bernhardy.
929 1738 990 1783 ad
1011 1739 1154 1783 Dion.
1192 1740 1298 1782 Per.
1328 1754 1378 1797 p.
1406 1738 1499 1798 489

202 1812 565 1872 sqq.;SchirlitZ.
593 1809 744 1856 [seber
759 1812 839 1854 des
862 1812 1037 1867 Dionys
1051 1844 1061 1854 .
1084 1811 1190 1853 Per.
1210 1810 1437 1853 Zeitalter
1450 1826 1495 1854 ιι.

209 1888 254 1927 V
250 1886 475 1939 atet-land,
501 1885 550 1928 in
566 1884 785 1928 Seebodii
804 1885 868 1928 N.
888 1883 1065 1928 Archiv
1072 1880 1124 1941 f
1153 1883 1279 1930 Phil.
1297 1899 1342 1926 ιι.
1362 1884 1496 1927 Poed.

211 1957 350 2015 1828,
377 1960 503 2017 II‚p.
527 1955 584 2001 33
602 1972 704 2016 sqq.

269 2038 539 2095 Sequuntur
576 2034 704 2093 apud
733 2033 924 2080 Suidam
965 2032 1174 2096 Τρωικῶν
1220 2030 1368 2095 βιὸλία
1391 2030 1433 2094 γ’
1457 2043 1502 2078 et

207 2105 399 2164 Μυθικά,
426 2108 485 2152 de
511 2107 681 2167 quibus
703 2114 868 2165 utpote
887 2106 1067 2150 Milesii
1082 2107 1295 2165 Dionysii
1331 2106 1500 2165 operi-

206 2183 292 2226 bus
336 2181 524 2226 aliunde
548 2195 647 2224 non
673 2187 867 2223 constat.
895 2179 1068 2223 Contra
1098 2181 1414 2236 Argonautica
1437 2180 1500 2224 D.

205 2255 385 2298 Milesii
401 2253 528 2313 apud
550 2252 697 2296 schol.
722 2251 781 2295 ad
796 2252 1021 2310 Apollon.
1044 2251 1204 2295 Rhod.
1234 2266 1497 2295 memoran-

208 2337 282 2371 tur
306 2327 420 2370 locis
442 2341 537 2370 sex.
561 2325 694 2370 Idem
726 2323 837 2367 alibi
861 2323 1133 2382 simpliciter
1164 2321 1323 2366 laudat
1342 2324 1500 2382 Argo-

205 2400 389 2444 nautica
405 2399 618 2458 Dionysii
634 2412 734 2440 non
749 2395 912 2440 addita
929 2395 1096 2439 notitia
1110 2396 1287 2454 patriae.
1305 2396 1502 2439 Duobus

208 2472 410 2531 denique
433 2471 547 2515 locis
581 2469 641 2514 ad
663 2471 1043 2529 Argonautarum
1075 2468 1318 2511 historiam
1349 2469 1501 2527 perti-

208 2545 423 2589 nentibus
447 2544 615 2588 citatur
640 2541 891 2600 Dionysius
911 2542 1233 2599 Mytilenoens.
1266 2542 1390 2584 Num
1419 2542 1501 2601 igi-

207 2625 282 2660 tur
314 2616 518 2660 duorum
543 2615 879 2674 Dionysiorum
905 2613 1222 2672 Argonautica
1257 2612 1503 2656 scholiasta

208 2688 609 2732 adhibuit?11nmo
624 2721 635 2743 ‚
661 2697 915 2745 utrumque
935 2700 1082 2730 unum
1100 2699 1192 2728 esse
1206 2684 1502 2742 eundemque

207 2762 467 2815 hominem,
488 2776 595 2804 eum
617 2760 790 2804 scilicet
806 2773 946 2818 quem
957 2757 1197 2802 Diodorus
1220 2757 1343 2800 libro
1362 2759 1500 2801 tertio

208 2842 433 2892 etquarto
453 2832 621 2877 ducem
646 2833 871 2890 sequitur,
906 2845 964 2881 ex
996 2830 1274 2888 comparatis
1303 2831 1425 2873 inter
1456 2845 1502 2874 sc

210 2906 476 2966 fragmentis
491 2939 503 2961 ,
549 2921 651 2964 quae
696 2903 757 2948 ad
799 2905 972 2948 calcem
1006 2901 1143 2959 hujus
1162 2901 1503 2960 ‘disputationis

208 2976 549 3035 subjunximus,
571 2985 700 3035 patet
718 2974 1093 3019 luculentissime.
1113 2975 1139 3018 J
1143 2989 1217 3018 am
1239 2974 1276 3017 si
1292 2974 1502 3018 indolem

211 3065 366 3094 rerum
390 3056 683 3093 narratarum
703 3056 878 3106 spectas
890 3080 902 3102 ,
921 3045 1103 3090 videbis
1120 3060 1220 3090 eam
1236 3060 1263 3089 a
1281 3046 1496 3104 simplici-

211 3131 301 3166 tate
325 3121 551 3165 nascentis
571 3119 889 3180 logographiae
913 3118 1234 3162 alienissimam
1255 3132 1348 3162 esse
1364 3127 1504 3176 atque

211 3193 571 3239 Alexandrinam
586 3194 718 3238 istam
732 3192 947 3237 redolere
963 3199 1158 3246 aetatem,
1175 3206 1276 3249 quae
1293 3192 1342 3233 in
1354 3192 1504 3236 Euhe-

210 3268 437 3311 meristica
457 3266 633 3311 fabulas
650 3264 879 3310 tractandi
893 3264 1074 3308 ratione
1090 3264 1262 3321 mirum
1276 3272 1503 3322 quantum

210 3340 296 3384 sibi
314 3339 491 3398 placuit
510 3335 587 3401 (Ἴ.
614 3339 764 3398 Igitur
788 3352 889 3396 quae
903 3336 1030 3395 apud
1045 3337 1334 3380 scholiastam
1355 3338 1503 3396 Apol-

261 3510 311 3559 (*)
343 3510 497 3548 Primus
526 3508 576 3548 ad
599 3509 675 3548 hoc
703 3508 874 3548 attendit
899 3507 1074 3557 Heynius
1091 3507 1172 3559 (De
1193 3508 1310 3549 sontt.
1341 3510 1502 3550 Diodori

210 3581 248 3619 p.
271 3573 315 3608 57
334 3568 397 3607 ed.
421 3567 506 3617 Bip.
523 3569 560 3617 )‚
581 3578 810 3617 quanquam
835 3568 868 3606 is
895 3566 1093 3606 Milesium
1112 3567 1341 3617 Dionysium
1358 3579 1382 3608 a
1406 3571 1503 3609 Dio-

210 3627 308 3665 doro
341 3625 563 3665 adhibitum
590 3636 674 3664 esse
701 3626 868 3676 putavit.
905 3640 924 3658 «
956 3624 1169 3674 Dionysius
1191 3625 1389 3677 Milesius,
1421 3628 1502 3679 ait,

211 3685 391 3735 improbo
412 3684 544 3724 studio
571 3684 725 3723 fabulas
747 3684 800 3723 ad
823 3683 1077 3722 historiarum
1098 3684 1268 3723 sormam
1289 3696 1501 3737 revocare,

213 3754 346 3783 rerum
378 3753 474 3782 vere
505 3743 707 3792 gestarum
746 3741 917 3792 speciem
949 3741 996 3780 iis
1039 3740 1231 3791 induere,
1264 3744 1504 3794 mythosque

211 3800 414 3851 scriptoris
430 3799 658 3849 pragmatici
681 3810 791 3839 more
811 3799 986 3837 tractare
1008 3798 1203 3848 instituit,
1233 3800 1288 3840 ita
1304 3802 1350 3840 ut
1366 3802 1416 3840 ad
1433 3813 1503 3841 ve-

211 3857 546 3898 risimilitudinem
562 3858 602 3896 et
618 3857 668 3896 ad
685 3856 969 3908 probabilitatis
988 3856 1182 3896 historicae
1194 3859 1366 3908 speciem
1378 3861 1505 3912 exige·

214 3918 272 3955 ret
299 3926 367 3963 ea,
387 3925 479 3964 quae
505 3925 528 3953 a
546 3913 669 3964 poetis
699 3925 769 3954 seu
792 3914 965 3964 antiquis
985 3914 1243 3965 scriptoribus
1263 3919 1393 3957 essent
1410 3929 1504 3957 nar·

214 3975 311 4012 rata.
331 3975 420 4019 Quo
436 3971 598 4022 quidem
623 3972 789 4012 consilio
806 3972 903 4011 nihil
931 3972 1060 4021 potuit
1086 3984 1172 4013 csse
1190 3974 1382 4025 ineptius,
1406 3977 1503 4016 nihil

213 4031 262 4070 ad
282 4032 382 4081 ipsas
403 4030 583 4069 historias
598 4030 868 4079 perniciosius.
890 4030 1130 4079 »Subiungit
1151 4031 1188 4070 in
1208 4034 1328 4072 nota:
1351 4048 1369 4067 «
1390 4035 1504 4073 l-laud

214 4090 384 4128 ‹lit'titeor
414 4088 509 4126 mihi
542 4088 610 4126 vix
641 4087 955 4138 satisprohabile
984 4088 1140 4137 visum,
1169 4088 1251 4137 Jam
1281 4091 1504 4131 llerodotca

214 4149 332 4186 aetate
355 4146 403 4184 ‹le
425 4146 565 4184 tabulis
596 4148 775 4184 veterum
807 4146 1048 4195 scriptorum
1068 4146 1242 4196 aliquem
1262 4150 1399 4195 arguta
1431 4150 1505 4188 hac

215 4204 437 4244 subtilitate
467 4214 580 4252 agere
613 4204 840 4243 instituisse.
869 4206 1015 4243 Rerum
1047 4206 1176 4242 tamen
1198 4208 1439 4253 argumentis
1466 4210 1505 4248 et

217 4262 455 4313 scriptorum
469 4262 697 4302 auctoritati
717 4262 903 4312 refragari
921 4273 999 4301 non
1021 4262 1125 4301 licet.
1151 4279 1167 4297 υ
1188 4264 1245 4303 Gt'.
1261 4263 1365 4303 idmn
1383 4276 1419 4315 p.
1440 4272 1501 4306 (59.

1577 594 1684 622 rum
1705 580 1866 624 acrisia
1883 613 1896 635 ,
1934 581 2010 624 vel
2047 582 2189 640 ipsius
2217 582 2380 626 fraude
2405 581 2679 642 Mytilenaei,
2713 594 2767 628 ut
2790 587 2871 644 qui

1572 666 1671 694 non
1693 652 1845 695 solum
1858 651 2036 695 Xanthi
2055 652 2194 712 Lydi,
2216 653 2298 698 sed
2315 654 2453 698 etiam
2470 655 2683 713 Dionysii
2704 652 2871 705 Milesii

1572 739 1748 768 nomen
1776 725 1996 769 mentitus
2015 740 2108 769 esse
2124 725 2277 770 videri
2298 728 2456 786 possit.
2481 755 2539 762 --
2573 729 2692 772 Rem
2711 727 2874 772 'conti-

1575 797 1704 841 ciunt
1724 812 1826 856 quae
1852 797 2016 842 Suidas
2034 798 2092 842 de
2115 796 2379 857 Mytilenaeo
2398 796 2575 845 tradit':

1639 865 1857 920 Διονύσιος
1874 867 2192 925 Μιτυληναῖος,
2215 867 2413 922 ἐποποιός
2439 869 2507 932 (*).
2539 861 2684 922 Οῧτος
2709 867 2871 927 ἐκλήθη

1575 936 1914 1002 Σκυτοὸραχίων
1939 937 2013 984 καὶ
2036 937 2244 992 Σκυτεύς.
2263 939 2358 997 Τὴν
2383 939 2590 988 Διονύσου
2606 940 2682 987 καὶ
2694 940 2872 998 Ἀθηνᾶς

1573 1009 1800 1074 στρατείαν
1825 1009 1917 1073 (**).
1940 1009 2219 1074 Ἀργοναῦται
2245 1010 2567 1075 (Ἀργοναυτικά
2604 1014 2800 1075 Eudoc.)
2829 1014 2872 1060 ἐν

1575 1081 1756 1146 βιὸλίοις
1776 1079 1818 1136 ἔξ
1835 1097 1846 1107 ·
1878 1085 2015 1128 ταῦτα
2041 1082 2086 1129 δέ
2107 1085 2200 1130 ἐστι
2234 1083 2362 1140 πεζοί.
2396 1083 2575 1134 Μυθικὰ
2604 1084 2711 1150 πρὸς
2736 1087 2867 1150 Παρ-

1573 1151 1754 1216 μένοντα
1780 1153 1904 1217 (***J.

1638 1229 1789 1288 Igitur
1810 1238 1856 1273 et
1875 1227 1915 1273 Ἀ
1925 1226 2182 1291 ργοναυτικὰ
2206 1238 2252 1274 et
2277 1227 2453 1276 Μυθικὰ
2474 1232 2699 1291 expressis
2711 1231 2868 1276 verbis

1573 1302 1862 1361 assignantur
1873 1301 2157 1359 Mytilenaeo.
2174 1298 2372 1363 Τρωικὰ,
2386 1303 2436 1347 h.
2452 1303 2485 1347 l.
2501 1318 2528 1348 a
2540 1302 2682 1349 Suida
2693 1303 2874 1358 omissa,

1572 1373 1812 1418 Diodorus
1837 1372 1983 1417 dabit.

1637 1445 1877 1490 Diodorus
1893 1448 1980 1502 ΙΙΙ,
1996 1445 2074 1502 52,
2098 1445 2143 1502 3,
2160 1447 2453 1492 'Amazonum
2467 1446 2708 1491 historiam
2721 1460 2874 1507 expo-

1573 1520 1743 1563 siturus
1768 1534 1778 1562 :
1810 1517 1874 1564 Οὐ
1896 1515 1982 1579 μὴν
2017 1519 2115 1564 ἀλλ’
2149 1522 2273 1580 ἡμεῖς
2297 1516 2563 1582 εὑρίσκοντες
2588 1517 2772 1572 πολλοὺς
2792 1517 2871 1580 μὲν

1575 1592 1664 1636 τῶν
1683 1588 1879 1653 ἀρχαίων
1900 1592 2092 1647 ποιητῶν
2118 1609 2163 1637 τε
2181 1590 2255 1637 καὶ
2291 1589 2590 1656 συγγραφέων,
2611 1591 2689 1638 οὐκ
2709 1589 2876 1654 ὀλίγους

1576 1661 1622 1709 δὲ
1646 1661 1720 1709 καὶ
1741 1665 1826 1709 τῶν
1849 1661 2225 1728 μεταγενεστέρων
2251 1663 2429 1726 μνήμην
2452 1663 2773 1726 πεποιημένους
2790 1665 2874 1712 αὖ·

1576 1738 1677 1792 τῶν,
1695 1734 1959 1799 ἀναγράφειν
1974 1734 2050 1788 τὰς
2062 1734 2236 1800 πράξεις
2256 1734 2552 1800 πειρασόμεθα
2565 1738 2606 1783 ἐν
2627 1734 2876 1802 κεφαλαίοις

1577 1806 1822 1861 ἀκολούθως
1863 1807 2076 1873 Διονυσίῳ
2115 1811 2177 1873 τῷ
2202 1807 2534 1873 συντεταγμένῳ
2558 1808 2614 1856 τὰ
2644 1809 2744 1875 περὶ
2778 1809 2876 1863 τοὺς

1577 1879 1865 1945 Ἀργοναύτας
1881 1879 2044 1927 καὶτὸν
2069 1881 2276 1928 Διόνυσον
2297 1880 2372 1928 καὶ
2396 1880 2523 1946 ἔτερα
2547 1880 2690 1929 πολλὰ
2713 1884 2799 1930 τῶν
2829 1883 2874 1929 ἐν

1574 1960 1661 2007 τοῖς
1679 1952 1987 2007 παλαιοτάτοις
2002 1953 2172 2018 χρόνοις
2190 1953 2491 2019 πραχθέντων.

1641 2027 1775 2071 Idem
1797 2028 1895 2084 III,
1924 2027 2005 2088 66,
2035 2027 2061 2072 5
2099 2044 2110 2072 ε
2135 2024 2242 2074 Ἵνα
2258 2025 2400 2088 γμηδὲν
2424 2025 2766 2090 παραλείπωμεν
2788 2029 2875 2074 τῶν

1575 2095 1870 2162 ἱστορημένων
1893 2096 1993 2162 περὶ
2011 2095 2246 2160 Διονύσου,
2276 2095 2463 2159 διέξιμεν
2486 2099 2530 2144 ἐν
2556 2097 2806 2163 κεφαλαίοις
2818 2097 2874 2145 τὰ

1575 2168 1697 2234 παρὰ
1719 2172 1807 2223 τοῖς
1824 2168 1986 2217 Meum
2005 2169 2217 2233 λεγόμενα
2237 2168 2312 2217 καὶ
2350 2173 2436 2216 τῶν
2475 2168 2748 2228 Ἑλληνικῶν
2775 2189 2876 2234 συγ-

1574 2240 1775 2307 γραφέων
1800 2241 1892 2290 ὅσοι
1905 2241 2068 2296 τούτοις
2081 2242 2292 2309 σύμφωνα
2305 2242 2548 2310 γεγράφασι
2571 2242 2646 2290 καὶ
2667 2243 2876 2309 Διονυσίῳ

1575 2319 1636 2379 τῶ
1677 2314 1982 2381 συνταξαμένῳ
2019 2314 2095 2370 τὰς
2145 2315 2335 2370 παλαιὰς
2377 2315 2659 2379 μυθοποιίας.
2732 2309 2874 2371 Οἷτος

1577 2388 1661 2452 γὰρ
1685 2387 1740 2435 τά
1763 2407 1812 2434 τε
1835 2387 1934 2452 περὶ
1957 2386 2029 2434 τὸν
2056 2388 2262 2437 Διόνυσον
2288 2387 2363 2436 καὶ
2383 2388 2460 2442 τὰς
2472 2387 2726 2451 Ἀμαζόνας,
2751 2388 2816 2436 ἔτι
2832 2388 2877 2437 δὲ

1576 2459 1673 2515 τοὺς
1717 2459 2006 2525 Ἀργοναύτας
2027 2460 2102 2508 καὶ
2136 2459 2191 2508 τὰ
2230 2461 2344 2509 κατὰ
2377 2460 2451 2508 τὸν
2475 2460 2664 2509 Ἰλιακὸν
2689 2460 2880 2524 πόλεμον

1576 2531 1828 2599 πραχθέντα
1860 2532 1935 2580 καὶ
1969 2532 2097 2580 πόλλ’
2122 2533 2250 2599 ἕτερα
2279 2533 2592 2597 συντέτακται,
2632 2534 2882 2601 παρατιθεὶς

1575 2605 1630 2653 τὰ
1649 2605 1876 2668 ποιήματα
1900 2608 1984 2652 τῶν
2004 2605 2219 2672 ἀρχαίων,
2246 2609 2331 2654 τῶν
2355 2626 2403 2654 τε
2426 2607 2675 2672 μυθολόγων
2695 2607 2770 2656 καὶ
2787 2611 2875 2656 τῶν

1575 2681 1783 2737 ποιητῶν.
1815 2678 1939 2743 (****)

1630 2824 1682 2874 (*)
1712 2826 1771 2863 De
1799 2825 1920 2864 aetate
1949 2827 1999 2864 D.
2022 2825 2120 2875 Myt.
2146 2836 2187 2864 v.
2217 2826 2380 2866 sueton.
2403 2827 2463 2866 De
2483 2826 2632 2866 illustr.
2665 2837 2724 2876 gr.
2758 2837 2795 2867 c.
2819 2830 2840 2867 7
2866 2843 2876 2868 :

1577 2884 1634 2922 M.
1651 2884 1887 2922 Antoninus
1911 2882 2126 2932 Gnipho...
2141 2885 2373 2924 institutus
2389 2883 2693 2932 Alexandriae,
2713 2886 2764 2924 uc
2790 2885 2875 2924 ali-

1578 2942 1652 2992 qui
1681 2939 1887 2988 tradunt,
1909 2942 1954 2980 in
1974 2940 2252 2980 contubernio
2274 2943 2468 2991 Dionysii
2484 2941 2876 2991 Scytobrachionis;

1579 2996 1693 3048 quod
1707 2997 1901 3047 equidem
1922 3008 2006 3037 non
2025 3000 2178 3037 temere
2193 2998 2450 3042 crediderim
2461 3027 2472 3047 ,
2490 3009 2626 3050 quum
2639 3001 2879 3050 temporum

1578 3057 1692 3093 ratio
1722 3057 1798 3094 vix
1836 3058 2061 3105 conyruac.
2109 3057 2261 3106 Nempe
2286 3057 2422 3106 paullo
2459 3056 2726 3107 antiquiorem
2760 3058 2880 3098 fuisse

1577 3113 1714 3162 putat;
1743 3123 1818 3151 nec
1844 3112 1929 3152 sine
1956 3124 2097 3163 causa,
2120 3113 2318 3164 siquidem
2345 3114 2557 3165 Dionysius
2577 3115 2662 3165 jam
2682 3115 2734 3154 ab
2755 3116 2877 3166 Apol-

1578 3169 1716 3209 lodoro
1744 3170 1929 3210 laudetur
1957 3171 2028 3221 (V.
2061 3172 2109 3211 sr.
2137 3172 2249 3212 Dion.
2279 3172 2346 3223 1),
2376 3172 2554 3223 adeoque
2575 3172 2661 3222 jam
2681 3174 2880 3216 circa15o

1583 3238 1621 3284 a.
1643 3230 1690 3267 G.
1710 3227 1887 3268 floruisse
1902 3228 2058 3268 debeat.
2083 3229 2146 3268 Cf.
2165 3228 2338 3269 Nitzsch.
2353 3230 2454 3269 Hist.
2474 3231 2591 3269 Hom.
2607 3240 2648 3279 p.
2670 3233 2734 3270 90.
2757 3232 2877 3273 Plura

1578 3283 1628 3323 de
1647 3286 1762 3325 Dion.
1780 3287 1878 3335 Myt.
1900 3297 1964 3336 ap.
1992 3286 2250 3327 Welckerum
2266 3287 2307 3326 in
2335 3286 2519 3327 Seebodii
2540 3290 2702 3329 Nauem
2723 3290 2879 3331 Archiv

1582 3346 1696 3392 1830,
1723 3354 1761 3392 p.
1782 3346 1832 3383 70
1851 3355 1938 3395 sqq.
1959 3344 2074 3394 (coll.
2089 3345 2234 3385 nostris
2256 3347 2415 3396 Fragm.
2436 3346 2540 3387 Hist.
2558 3357 2599 3397 p.
2617 3346 2751 3396 xxt),
2772 3348 2874 3389 etin

1585 3401 1696 3450 cycl.
1721 3404 1842 3440 Hom.
1861 3412 1902 3451 p.
1922 3405 1970 3442 73
1987 3411 2048 3451 sq.
2791 3414 2794 3415 ⁷

1631 3457 1703 3509 (Η)
1731 3461 1835 3498 Num
1850 3459 1981 3499 verbis
2002 3461 2071 3506 τήν
2098 3461 2203 3498 Διον.
2229 3474 2269 3499 κ.
2290 3459 2371 3499 Ἀθ.
2390 3459 2592 3511 στρατείαν
2625 3470 2673 3499 ea
2695 3459 2875 3512 designat

1577 3527 1671 3567 quae
1698 3516 1894 3556 Diodorus
1911 3517 2079 3557 deorum
2106 3519 2146 3557 et
2169 3518 2386 3568 Gigantum
2407 3517 2556 3558 bellum
2575 3529 2778 3568 exponens
2800 3519 2875 3560 ha-

1578 3574 1646 3613 het
1662 3574 1731 3615 lib.
1751 3577 1807 3613 ΙΙΙ
1822 3604 1834 3623 ,
1856 3585 1893 3614 e.
1912 3578 1962 3615 70
1989 3577 2292 3627 (διῃρημένης...
2320 3575 2490 3627 συνάψαι
2521 3575 2704 3627 μάχην)ἰ’
2719 3578 2771 3616 At
2790 3577 2878 3618 hoec

1578 3631 1786 3681 singularis
1805 3633 1895 3672 libri
1921 3636 2201 3684 argumentum
2218 3633 2395 3684 praebere
2412 3644 2493 3672 non
2510 3635 2745 3683 potuerunt.
2773 3637 2874 3676 For·

1578 3690 1681 3729 tasse
1700 3691 1874 3740 primum
1897 3694 2019 3741 caput
2035 3693 2151 3731 erant
2182 3696 2260 3731 τῶν
2283 3692 2369 3743 περὶ
2401 3691 2610 3740 Διόνυσον,
2640 3691 2713 3731 nisi
2742 3694 2876 3743 potius

1578 3747 1727 3794 Ἀθηνᾶς
1746 3762 1825 3800 στρ.
1841 3750 2027 3799 corrupte
2043 3749 2171 3799 posita
2186 3760 2259 3799 pro
2275 3748 2492 3799 Ἀμαζόνων
2513 3762 2616 3800 erp„
2636 3749 2754 3789 sicuti
2769 3751 2875 3801 apud

1578 3805 1797 3846 Diodorum
1813 3807 1840 3847 l.
1862 3807 1890 3846 l.
1905 3806 2129 3858 junguntur
2152 3808 2202 3847 τὰ
2221 3809 2306 3859 περὶ
2321 3807 2386 3847 τὸν
2417 3807 2605 3847 Διόνυσον
2631 3809 2698 3846 καὶ
2716 3808 2873 3859 Ἀμαζό·
2920 3809 2922 3812 ’

1577 3876 1661 3908 νας.

1632 3919 1726 3970 (***)
1736 3922 1771 3960 Π
1781 3933 1836 3972 αρ
1846 3921 1900 3970 μέ
1909 3935 1928 3959 ν
1938 3920 2077 3972 οντα]
2092 3921 2274 3961 Fortasse
2289 3921 2555 3972 Παρμενίωνα.
2574 3921 2873 3962 Parmenionem

1578 3977 1778 4028 quendam
1820 3979 2092 4029 Mytilenaeum
2122 3978 2438 4029 Olympionicam
2476 3979 2566 4029 (Ol.
2598 3984 2678 4020 v117
2695 3980 2708 4030 )
2753 3980 2874 4020 habet

1579 4036 1742 4077 Diodor.
1762 4039 1850 4076 Xlx
1863 4067 1875 4088 ,
1898 4041 1944 4078 77
1958 4066 1971 4088 ,
1998 4043 2033 4077 1.
2055 4038 2244 4078 Ceterum
2269 4038 2323 4077 cs.
2345 4048 2439 4088 quae
2460 4038 2511 4077 ad
2528 4037 2634 4077 hunc
2649 4037 2678 4077 Ι.
2695 4037 2873 4088 disputat

1579 4094 1825 4144 Bernhardy.
2116 4098 2119 4101 ’

1634 4150 1750 4200 (****)
1768 4151 2009 4202 Bernhardy.
2027 4151 2076 4190 ad
2090 4151 2252 4201 Dionys.
2270 4155 2357 4192 Per.
2373 4163 2412 4202 p.
2430 4155 2498 4192 471
2521 4168 2529 4190 :
2551 4167 2570 4185 «
2589 4151 2704 4198 Quod
2724 4152 2870 4192 Diodo-

1583 4221 1650 4248 rus
1666 4209 1894 4259 Dionysium
1911 4209 2022 4259 sequi
2038 4221 2080 4248 se
2095 4209 2318 4260 profitetur,
2332 4209 2398 4261 qui
2415 4209 2556 4249 Bacchi
2573 4211 2611 4249 et
2623 4213 2870 4250 Amazonum

1584 4268 1854 4320 expeditiones
1879 4270 1917 4309 et
1938 4269 2102 4310 Iliacum
2121 4269 2269 4310 bellum
2293 4269 2423 4311 citatis
2446 4268 2706 4320 antiquorum
2725 4269 2870 4309 carmi·

2977 1168 3013 1507 smaeffifflt„
2991 1100 2995 1102 ·
2984 1057 3013 1063 ’.
2980 975 2986 994 ’“
3011 942 3013 945 .

2980 0 3016 342 εᾱεψει-εκεειιιηῆἁ

2987 518 3016 814 ,Ἄεῖῗῗςθ-ΝΑ.
3004 489 3013 501 2
2997 460 3016 478 ..j
2995 403 3016 443 ξφ
3006 363 3013 393 20
