3016 4628
1223 331 1415 380 nuais
1449 332 1696 382 SAMqu.
2675 361 2759 399 467

66 428 373 482 *Juiodorus
403 431 622 512 (XVIII,
628 433 686 489 8,
713 430 765 493 5)
791 435 876 489 ait,
911 431 1204 489 ἀπηντηκότες
1238 433 1421 488 ἅπαντες
1499 450 1622 484 recte
1644 443 1939 488 Hullemanus
1977 448 2181 502 (Danaes
2214 458 2398 494 ⁴>amu
2387 472 2488 511 quoe
2518 474 2665 515 ,aper
2650 471 2765 504 .ι,αηι

137 496 206 551 ἐπὶ
224 494 302 555 τὴν
317 494 575 559 πανήγυριν,
597 494 712 549 ὄντες
730 495 900 549 πλείους
915 499 999 543 τῶν
1020 496 1271 560 δισμυρίων.
1294 502 1421 545 Nun·

131 570 249 616 tium
268 568 522 615 Alexandri
539 570 714 629 ingenti
729 570 894 628 plausu
909 580 1188 629 acceperunt
1203 573 1421 626 universi,

16 679 18 681 .
134 640 395 687 Samiorum
429 655 544 684 vero
578 641 744 685 laetitiae
775 656 951 684 novum
974 643 1111 686 etiam
1138 653 1424 688 momentum

80 712 320 768 seccessit
353 726 411 757 ex
447 713 671 765 victoria,
709 728 848 771 quam
882 714 989 773 ipsis
1016 714 1104 758 illis
1142 715 1262 759 ludis
1290 718 1426 760 Duris

55 798 87 846 ,[,
133 797 252 844 puer
277 784 553 843 reportavit.
593 784 737 828 Testis
765 785 833 828 rei
862 786 1105 831 Pausanias
1137 788 1223 842 VI,
1253 787 1334 846 13,
1356 787 1422 832 5:

70 862 83 909 j·
134 852 327 907 Χιόνιδος
359 851 404 899 δὲ
425 854 472 900 οὗ
496 850 645 918 πόρρω
681 857 756 911 τῆς
791 855 834 900 ἐν
871 854 1094 919 Ὀλυμπία
1137 856 1297 915 στήλης
1334 858 1426 920 [καὶ

68 964 92 997 3,
119 923 176 980 ,ὃς
206 923 280 991 (2)]
301 923 480 983 ἕστηκεν
511 925 572 989 [ὁ]
602 926 756 988 Δοῦρις
795 927 870 988 (in
908 929 1010 974 aliis
1047 930 1188 977 codd.
1224 930 1426 994 Δούριος,

130 997 264 1060 quod
290 999 525 1044 retinuere
559 999 804 1046 Schubart.
837 1009 882 1045 et
905 1001 1078 1062 Walz.)
1110 999 1298 1089 Σάμιος,
1323 1021 1427 1066 κρα-

132 1066 265 1126 τήσας
283 1087 436 1134 πυγμῃ
407 1068 622 1123 “παῖδας·
640 1068 770 1133 τέχνη
781 1068 868 1127 δὲὴ
890 1072 1015 1118 εἰκὼν
1032 1070 1122 1118 ἔστι
1139 1071 1216 1134 μὲν
1233 1072 1378 1120 Ἱππίο
1359 1093 1424 1135 ου,

86 1138 182 1192 ’τὸ
198 1138 244 1189 δὲ
260 1139 517 1206 ἐπίγραμμα
534 1142 655 1199 δηλοῖ
671 1161 719 1189 το
731 1142 801 1190 ἐπ’
816 1143 933 1190 αὐτῶ
946 1147 1118 1201 νικῆσαι
1133 1148 1286 1210 Δοῦριν
1301 1146 1433 1208 (libri

72 1210 309 1284 Χίονιν)
339 1212 467 1272 ἡνίκα
500 1217 524 1261 ὃ
555 1213 738 1276 Σαμίων
769 1215 955 1277 δῆμος”
932 1235 1106 1281 εφευγεν
1129 1218 1177 1263 ἐκ
1200 1237 1276 1274 της
1299 1217 1427 1274 νήσου

72 1285 191 1360 (ἰ.
228 1301 270 1331 e.
300 1303 390 1347 quo
408 1298 607 1349 tempore
628 1290 779 1333 insula
792 1292 951 1349 pulsus
973 1294 1019 1334 in
1039 1292 1181 1335 e.z·1’lio
1198 1293 1412 1352 degebat,

2 1386 3 1391 =
128 1368 186 1404 ut
217 1358 347 1415 ἡνίκα
380 1360 419 1405 οἱ
455 1359 689 1413 Πλαταιεῖς
723 1358 913 1424 ἔφευγον,
938 1364 1036 1419 ῙΧ,
1071 1362 1118 1423 3’,
1155 1359 1234 1425 4)·
1267 1362 1337 1408 τὸν
1381 1361 1425 1408 δὲ

131 1428 296 1494 καιρὸν,
320 1429 416 1479 καθ’
446 1428 492 1478 ὃν
522 1431 592 1478 ἐπὶ
617 1430 672 1478 τὰ
689 1434 825 1479 οἰκεῖα
849 1431 923 1479 τὸν
950 1433 1132 1494 δῆμον“
1137 1432 1199 1478 *ἦ
1226 1433 1358 1499 Παρὰ
1381 1435 1425 1480 δὲ

63 1507 72 1547 ,ἴ
130 1499 204 1550 τὸν
218 1500 421 1568 τύραννον
439 1501 622 1557 Δίαλλος
641 1506 663 1550 ὁ
688 1502 943 1558 Πόλλιδος’
920 1507 1143 1551 ανακεῖται
1163 1506 1260 1553 κτλ.

195 1578 348 1622 Locus
367 1592 475 1622 sane
496 1578 687 1622 mutilus
710 1587 798 1632 est,
826 1577 907 1623 sed
940 1578 1055 1622 nihil
1095 1578 1286 1636 dubito,
1313 1582 1427 1638 quin

81 1786 84 1792 ,
130 1746 316 1785 liorcetae.
335 1746 404 1786 Sin
420 1747 663 1795 Αἰγυπτιακὰ
679 1756 780 1796 opus
793 1744 1025 1784 historicum
1043 1724 1193 1793 lorent,
1216 1749 1419 1797 Lynceum

27 1827 35 1834 ¹
67 1803 80 1812 ”
123 1802 338 1898 ἕῧὲἷὲἰῗω
369 1804 550 1854 putarem
579 1812 674 1842 cum
714 1804 844 1851 Lycea
870 1803 1122 1851 Naucratita,
1147 1805 1426 1854 Αἰγυπτιακῶν

71 2004 73 2011 s
90 2002 94 2006 .
129 1965 250 2008 verba
260 1966 340 2006 huc
354 1967 485 2006 delata
499 1968 614 2017 sunt;
627 1965 770 2006 namin
787 1966 1008 2006 librisliaud
1024 1968 1161 2017 paucis
1171 1969 1423 2012 omittuntur.

74 2021 107 2078 j
127 2027 278 2065 Vocem
301 2028 392 2070 παῖς
421 2035 494 2075 pro
519 2025 586 2064 καὶ
615 2026 657 2070 ὃς
677 2024 943 2075 reponendam
970 2035 1057 2065 esse
1075 2026 1289 2076 conjecisse
1310 2027 1425 2068 video

14 2114 17 2115 ν
79 2086 95 2125 ,³
127 2082 249 2123 etiam
259 2082 440 2123 Eckertz.
457 2083 532 2132 (De
551 2082 699 2122 Duride
715 2084 863 2131 Samio,
878 2082 1071 2133 imprimis
1085 2084 1136 2124 de
1154 2084 1240 2134 ejus
1257 2086 1297 2137 in
1311 2086 1426 2126 rebus

82 2141 99 2151 ·
114 2139 327 2192 ‘tradendis
340 2139 416 2181 tide
431 2139 523 2180 diss.
538 2142 664 2181 Bonn.
682 2143 779 2181 1842
799 2140 812 2190 )
837 2141 958 2180 Aliter
978 2140 1190 2182 Schuhart.
1211 2146 1252 2183 ct
1288 2144 1421 2184 Walz.

72 2238 75 2241 ,
96 2214 101 2230 ¹
126 2195 170 2237 fu
190 2198 348 2250 praefat·
369 2198 418 2237 ad
441 2201 606 2238 Pausan.
625 2198 704 2237 vol.
723 2201 782 2244 ΙΙ,
806 2209 832 2248 p
865 2200 1002 2248 XLIV,
1021 2198 1089 2238 ubi
1112 2200 1227 2240 hoec.
1217 2215 1226 2225 ·
1251 2203 1335 2241 ‹ln
1354 2205 1420 2241 καὶ

101 2255 171 2310 (ὃς
182 2255 323 2306 pugilis
333 2266 481 2295 nomen
489 2256 611 2296 latere
625 2257 733 2295 recte
746 2228 844 2294 vidit
854 2255 1073 2305 Bekkerus3
1087 2267 1158 2296 nos
1173 2267 1195 2295 e
1209 2246 1347 2304 στήλης
1357 2259 1421 2296 καὶ

110 2310 168 2370 ιἧς
183 2313 359 2355 eruimus
373 2314 512 2362 στήλης
528 2315 584 2354 Σκ
595 2317 692 2359 αῖος.
711 2313 928 2354 Donarium
943 2314 1042 2353 Semi
1058 2314 1198 2365 pugilis
1213 2315 1357 2355 Thebis
1372 2315 1422 2354 vi·

82 2363 194 2456 dit
219 2370 446 2411 Herodotus
475 2373 527 2419 V,
558 2377 623 2411 60.
662 2373 779 2411 Hunc
798 2374 955 2411 Scoeum
983 2382 1115 2422 neque
1144 2371 1424 2422 Hippocoontis

119 2440 123 2442 ·
155 2435 256 2478 ιι.ιιι
273 2427 415 2478 fuisse,
432 2439 621 2479 nequeeo
637 2430 816 2479 tempore
830 2429 1009 2479 pugilatu
1024 2429 1184 2479 vicisse,
1203 2441 1284 2480 quo
1301 2430 1423 2470 Samii

128 2494 185 2531 eu
195 2475 326 2527 insula
352 2488 472 2526 Samo
489 2486 540 2525 ab
563 2486 725 2526 Ionibus
738 2485 839 2552 pulsi
858 2488 951 2525 sunt
967 2488 1059 2535 (990
1077 2497 1114 2525 a.
1138 2488 1184 2526 C.
1201 2488 1238 2536 )‚
1262 2497 1342 2526 non
1364 2489 1424 2526 est

99 2565 108 2571 τ
128 2536 235 2597 quod
254 2554 510 2593 moneamus;
522 2543 564 2582 in
579 2554 627 2583 eo
640 2543 940 2593 acquiescimus,
957 2543 1063 2594 quod
1079 2544 1302 2584 Herodotus
1318 2545 1418 2584 The-

98 2594 215 2658 liis,
236 2601 449 2642 Pausanias
471 2601 513 2640 in
528 2602 610 2641 Alti
632 2599 916 2640 vetustissimas
934 2603 1032 2641 Scaei
1054 2599 1259 2650 cujusdam
1284 2603 1424 2652 pugilis

103 2651 321 2710 imagines
339 2659 549 2708 viderunt;
569 2658 666 2709 quid
682 2657 793 2697 denis
807 2657 1017 2708 utrobique
1033 2660 1239 2699 retulerint
1251 2659 1422 2699 credulis

17 2737 19 2743 <
91 2751 99 2762 ,
111 2711 305 2769 &exegetoe
321 2726 465 2767 parum
479 2717 611 2756 refert.
629 2715 670 2755 Si
686 2718 843 2766 autem,
861 2717 968 2767 quod
983 2717 1150 2757 dubium
1165 2718 1233 2757 vix
1251 2718 1422 2767 videtur,

100 2771 172 2822 ἰΒ.
201 2773 230 2814 l.
258 2772 392 2815 aedem
419 2773 495 2814 sibi
523 2773 698 2814 debitam
720 2775 1012 2826 recuperaverit
1045 2778 1201 2824 ScaeuS,
1232 2778 1351 2816 etiam
1383 2777 1423 2815 in

41 2874 44 2884 ,
101 2830 240 2887 Qfaoqq.
258 2833 311 2873 id
331 2843 477 2872 nomen
496 2832 650 2872 restitui
668 2831 831 2872 debetn
831 2833 1019 2873 ›Deinde
1039 2833 1089 2873 ad
1117 2834 1237 2873 verba
1261 2835 1327 2872 τὸν
1353 2834 1421 2881 δῆ-

43 2906 46 2910 ·
79 2891 97 2907 ·³‘
111 2890 245 2942 ςυρψ*
333 2891 572 2942 «suspicari
597 2891 693 2930 lieet
718 2891 862 2940 praeter
882 2891 1114 2931 relationem
1133 2890 1183 2931 de
1202 2892 1423 2932 Samiorum

107 2942 111 2948 ’
130 2948 260 2989 mditu
278 2948 472 3000 (Pausan
487 2951 587 2996 vu,
605 2954 650 2998 2,
668 2953 704 2988 8.
723 2952 762 2988 9.
780 2951 827 2998 4,
845 2954 867 2988 2
883 2949 998 2999 sqq)
1003 2949 1212 2988 donarium
1224 2949 1423 2999 quoddam

91 3043 94 3045 ,
118 2999 361 3058 &olym-atis,
375 3006 601 3047 Samiorum
612 3006 788 3061 tyranni,
800 3017 844 3046 οι
849 3009 1154 3046 ιιιιιιειιιοιειιιιιιι
1169 3007 1296 3055 fuisse,
1312 3018 1423 3047 suam

102 3062 252 3116 {inlus
271 3066 466 3115 statuam,
484 3064 594 3116 quod
612 3065 821 3105 manifesto
837 3066 932 3106 satis
949 3065 1108 3116 prodire
1126 3065 1283 3105 videtur
1299 3076 1321 3105 e
1339 3077 1424 3106 ver·

110 3121 191 3167 *hl
216 3122 479 3174 sequentibus
499 3136 604 3174 παρα
626 3124 666 3163 δὲ
689 3125 755 3164 τὸν
769 3123 950 3176 τύραννον
969 3124 1053 3162 κτλ.
1078 3125 1204 3162 »Ιιιιο
1226 3123 1313 3163 hmc
1343 3123 1426 3174 ipsa

117 3180 360 3230 comparata
377 3190 472 3220 cum
485 3179 618 3220 verbis
642 3181 823 3242 Athenaei
839 3183 956 3229 Vni,
973 3191 1012 3230 p.
1031 3183 1102 3219 337
1124 3182 1160 3219 D
1185 3183 1224 3219 et
1240 3180 1371 3220 Suidae
1386 3194 1427 3223 v.

118 3227 303 3283 Λυγκεὺς
322 3230 386 3281 (v.
403 3231 487 3270 not.
507 3234 523 3270 1
539 3230 581 3281 );
597 3234 666 3270 τοῦ
676 3231 745 3277 τὰς
772 3230 940 3282 ἱστορίας
954 3230 1167 3282 γράψαντος
1182 3231 1246 3269 καὶ
1263 3243 1423 3282 τυραν·

115 3288 366 3341 Α,νηοναντοις
379 3290 446 3334 τῆς
456 3287 650 3339 πατρίδος,
666 3299 788 3338 quam
803 3289 975 3328 maxime
986 3287 1150 3328 suadere
1165 3286 1360 3327 debebant
1375 3288 1428 3328 vi·

108 3356 149 3384 -.·,
185 3355 288 3385 rem
308 3344 432 3384 istum
448 3355 530 3384 non
545 3355 630 3385 esse
644 3347 800 3385 Scaeum
822 3345 1020 3396 quendam
1032 3376 1044 3393 ,
1064 3345 1115 3384 de
1132 3355 1213 3395 quo
1224 3345 1321 3385 nihil
1336 3356 1426 3385 eon-

177 3403 231 3455 t,
247 3401 316 3442 sed
337 3401 532 3443 Duridem
547 3404 744 3452 nostrum,
758 3402 978 3453 proesertim
994 3412 1118 3452 quum
1139 3405 1318 3453 tempora
1344 3405 1425 3443 No·

111 3459 203 3551 ,ιιι-ι
230 3470 324 3499 eum
345 3459 393 3500 iis
419 3470 510 3510 quae
528 3459 580 3500 de
599 3461 826 3510 samiorum
852 3461 971 3501 exilio
989 3459 1216 3508 traduntur,
1244 3461 1427 3501 facillime

190 3517 283 3558 int
301 3517 515 3558 conciliari.
538 3539 592 3548 —
613 3521 712 3559 «De
729 3520 808 3560 alio
834 3518 1007 3570 quodam
1026 3517 1425 3564 Duride(}1ullema-

102 3572 210 3622 uus
227 3575 389 3624 monet)
416 3575 531 3626 longe
557 3575 781 3626 antiquiore
800 3576 988 3626 cogitavit
1010 3577 1175 3615 Krause.
1205 3575 1423 3627 (Olympia

56 3651 58 3653 >
114 3640 175 3684 Ι.
193 3633 322 3684 276),
336 3632 482 3672 erroris
499 3632 617 3673 simul
638 3634 772 3674 nescio
793 3633 909 3685 cujus
928 3633 1163 3673 insimulans
1174 3633 1425 3681 Pausaniam,

158 3700 254 3733 em
267 3690 490 3741 auspicatur
501 3691 666 3731 exilium
678 3692 915 3742 significasse
927 3691 1149 3732 Samiorum
1163 3692 1426 3731 memoratum

112 3742 497 3798 'anquandotoin
515 3751 604 3794 149.
626 3750 903 3790 n—Alterum
919 3749 1083 3789 exilium
1104 3749 1118 3797 (
1136 3748 1202 3788 01.
1224 3749 1428 3800 107-114),

111 3815 113 3818 ·
125 3802 314 3869 ῥοᾷ-ἱωεὶ
322 3807 430 3846 reete
449 3810 584 3847 censet
603 3809 722 3850 etiam
742 3808 932 3848 Mullerus
951 3806 1184 3857 (Archoeol.
1210 3805 1234 3857 §
1256 3808 1351 3855 124,
1369 3807 1427 3855 ι),

228 3873 281 3904 ex
307 3864 503 3905 Pausania
530 3864 559 3905 1.
593 3864 621 3904 Ι.
652 3865 799 3916 colligit
820 3865 1003 3916 Hippiam
1031 3863 1207 3904 floruisse
1232 3863 1336 3903 circa
1363 3864 1428 3905 ol.

62 3955 65 3959 Δ
119 3911 146 3963 ff
249 3925 301 3951 -'·
321 3923 509 3962 ceterum
532 3922 566 3962 si
587 3922 671 3962 veri
690 3923 839 3974 aliquid
853 3923 988 3963 subest
1007 3921 1159 3961 nomini
1182 3921 1335 3971 Σκαίῳ,
1353 3921 1426 3960 sor·

115 3974 187 4070 ἓ(
224 3980 369 4030 pater
386 3972 550 4020 Duridis
565 3991 613 4020 eo
627 3981 888 4031 significatur,
908 3980 1008 4020 adeo
1027 3981 1073 4018 ut
1091 3978 1340 4029 scribendum
1367 3978 1427 4017 t'o-

120 4048 122 4050 ’
168 4034 358 4083 anatona
382 4036 522 4083 ἔστηκε
537 4039 688 4089 Δοῦρις,
709 4037 820 4087 quod
841 4037 1012 4078 deinde
1002 4036 1145 4076 maliis
1158 4035 1268 4075 libris
1289 4036 1428 4076 abierit

164 4088 342 4137 Σκαῖος
367 4092 450 4132 ἔστ.
473 4093 496 4132 ὀ
514 4093 688 4144 Δούριος.
706 4095 857 4132 Nomen
875 4092 982 4144 apud
1003 4093 1187 4142 Argivos,
1206 4092 1428 4136 samiorum

200 4163 207 4178 ·
297 4148 460 4189 obvium
477 4149 596 4190 fuisse
612 4150 821 4200 suspiceris
832 4161 885 4190 ex
899 4153 1026 4200 Scaea,
1049 4148 1267 4190 Archandri
1287 4160 1426 4198 uxore,

68 4224 74 4265 J
119 4183 165 4287 ³1
198 4205 595 4302 gammae
618 4209 785 4252 pausan.
803 4207 901 4258 vu,
922 4211 959 4256 ι,
987 4211 1034 4256 a;
1053 4205 1278 4258 apollodor
1300 4209 1354 4256 ιι,
1393 4213 1426 4255 ι,

181 1909 237 1960 (2)
261 1905 336 1949 Καὶ
350 1909 406 1960 ὃς]
418 1910 598 1949 Fortasse
611 1908 686 1948 suit
700 1912 788 1953 παῖς
801 1908 864 1947 vel
883 1909 1013 1958 εἰκών,
1026 1909 1099 1950 nisi
1117 1911 1249 1960 potius
1263 1911 1426 1952 aliunde
1456 1950 1458 1955 ,

1489 2626 1527 2727 οοέι

1507 513 1630 568 Traj.
1649 514 1716 555 ad
1731 513 1873 560 Rhea.
1901 515 2038 570 1841,
2056 532 2104 575 p.
2122 519 2576 577 7)statueritnomen
2593 530 2777 579 victoris

1500 598 1593 627 esse
1625 586 1795 646 Δουριν,
1832 587 1959 644 quod
1989 603 2130 646 quum
2164 591 2267 635 libri
2299 594 2418 638 haud
2451 602 2774 647 contemnendi

1504 655 1778 711 exhibeant,
1802 656 1971 702 deinde
1990 669 2151 718 aperto
2172 677 2327 707 errore
2353 667 2398 709 in
2421 667 2559 712 Χίονιν
2584 672 2770 728 abierit.

1503 726 1655 771 verbis
1674 736 1825 771 autem
1844 725 1914 772 τὸν
1931 726 1974 773 δὲ
1992 728 2136 790 καιρὸν
2158 740 2335 793 tempus
2350 751 2374 778 v
2382 738 2549 782 ictoriae
2566 742 2771 800 indicari,

1504 796 1562 841 de
1583 813 1679 856 quo
1699 814 1835 857 supra
1859 799 2069 845 diximus.
2095 803 2227 847 Plura
2254 813 2402 850 tamen
2430 811 2643 856 excidisse
2668 830 2770 860 cen-

1503 883 1597 912 seo.
1619 871 1734 915 Nam
1755 885 1898 929 quum
1918 873 2160 918 Athenaeus
2182 884 2318 935 atque
2335 879 2494 924 Suidas
2514 882 2577 939 (v
2598 894 2695 931 not.
2721 889 2764 946 ι)

1504 948 1723 986 testentur
1744 943 1970 987 Duridem
1996 946 2041 988 in
2062 946 2234 990 Samo
2223 963 2305 994 ins.
2333 952 2616 1032 tyrannidem
2641 970 2772 1002 exer-

1503 1011 1660 1067 cuisse,
1680 1014 1919 1059 Pausanias
1937 1030 2048 1059 vero
2064 1025 2225 1075 pergat
2243 1016 2361 1079 παρὰ
2376 1016 2448 1063 τὸν
2470 1020 2667 1083 τύραννον
2690 1037 2775 1082 ete,

1503 1097 1599 1125 non
1619 1084 1769 1127 solum
1799 1085 1859 1129 de
1890 1087 2042 1131 reditu
2075 1089 2335 1133 Samiorum
2363 1093 2665 1151 pei-iegetam,
2701 1099 2778 1143 sed

1506 1153 1565 1200 de
1598 1166 1821 1216 occupata
1858 1159 1995 1202 etiam
2029 1173 2053 1203 a
2086 1160 2253 1203 Nostro
2281 1163 2523 1240 tyrannide
2557 1169 2779 1213 monuisse

1504 1224 1647 1270 facilis
1665 1236 1731 1270 est
1752 1228 2034 1285 conjectura.

1569 1291 1905 1351 Praeceptor-em
1937 1295 2099 1350 Duris,
2131 1297 2263 1340 sicuti
2286 1299 2492 1355 Lynceus
2513 1299 2666 1355 frater,
2695 1303 2772 1347 ha-

1509 1362 1656 1406 buisse
1676 1363 1873 1408 traditur
1888 1365 2272 1425 Theophrastum,
2291 1370 2368 1427 qui
2387 1384 2529 1427 quum
2553 1374 2781 1421 Aristoteli

1503 1435 1765 1478 successerit
1780 1436 1855 1480 01.
1882 1451 1898 1479 1
1914 1442 1996 1497 14„
2021 1437 2068 1484 3.
2090 1437 2179 1482 322
2194 1471 2207 1494 ,
2228 1439 2352 1483 baud
2373 1442 2518 1485 multo
2539 1452 2641 1501 post
2660 1444 2779 1491 hune

1502 1518 1671 1548 annum
1696 1521 1721 1549 e
1737 1506 1873 1550 Samo
1894 1509 2059 1553 Noster
2079 1510 2278 1554 Athenas
2294 1526 2340 1555 se
2364 1514 2604 1559 contulisse
2623 1525 2780 1574 putan-

1503 1574 1589 1619 dus
1612 1584 1695 1622 est.
1728 1578 1927 1635 Quando
1959 1580 2129 1625 deinde
2163 1590 2207 1625 et
2240 1597 2328 1640 qua
2361 1586 2537 1629 ratione
2567 1596 2781 1644 tyrannus

1501 1647 1662 1703 patriae
1685 1650 1902 1710 evaserit,
1926 1650 2018 1695 dici
2039 1653 2216 1711 nequit.
2244 1653 2314 1697 Ad
2334 1662 2539 1714 tempora
2563 1659 2777 1704 Demetrii

1444 1730 1446 1732 ·
1503 1715 1747 1782 Phalerei(
1770 1721 1894 1766 circa
1917 1723 1990 1769 01.
2023 1722 2133 1780 118,
2165 1723 2220 1785 2)
2255 1740 2352 1769 rem
2380 1727 2664 1773 referendam
2686 1745 2777 1775 esse

1508 1789 1706 1848 conjecit
1738 1793 1946 1839 Panoska
1987 1794 2081 1854 (De
2117 1796 2253 1839 rebus
2286 1798 2543 1845 Samiorum
2579 1815 2625 1859 p.
2662 1802 2763 1861 98),

1949 1924 2100 1983 Opera
2126 1927 2328 1972 Dur-ide...

1506 2051 1548 2081 ι.
1589 2033 1846 2099 Ἱστορίαι
1875 2037 2193 2096 (Μακεδονικαί,
2227 2037 2514 2102 Ἑλλληνικοὶ)
2534 2079 2543 2096 ,
2576 2044 2630 2087 sr.
2668 2062 2680 2088 ι
2741 2074 2774 2077 -·

1536 2216 1545 2226 .
1585 2178 1661 2226 Τὰ
1681 2178 2145 2242 περιἉγαθοκλέα
2177 2181 2425 2245 (Λιὸυκά),
2449 2185 2504 2229 fr.
2536 2185 2741 2239 34-46,

1534 2286 1544 2297 .
1582 2248 1800 2311 Σαμίων
1823 2242 1971 2315 ὧροι,
1992 2252 2046 2299 fr.
2072 2254 2278 2310 47—68.

1536 2357 1545 2367 .
1586 2321 1719 2385 Περὶ
1742 2322 1927 2384 νόμων,
1947 2323 2006 2371 fr.
2030 2340 2239 2383 71—72.

1533 2429 1545 2442 .
1584 2392 1717 2458 Περὶ
1742 2393 1979 2457 ἀγώνων,
2004 2396 2063 2442 fr.
2089 2397 2146 2454 73
2219 2398 2294 2455 76.

1535 2500 1543 2510 .
1586 2463 1722 2528 Περὶ
1745 2465 2070 2530 τραγῳδίας,
2095 2468 2152 2513 fr.
2180 2469 2257 2528 69.

1588 2535 1698 2602 Περὶ
1716 2536 1947 2601 Εὐριπίδου
1968 2536 2042 2584 καὶ
2067 2538 2350 2603 Σοφοκλέους,
2370 2542 2423 2586 fr.
2450 2558 2522 2597 7⁰.

1533 2645 1544 2657 .
1583 2609 1707 2674 Περὶ
1737 2608 2049 2674 ζωγράφων,
2074 2613 2131 2657 sr.
2158 2628 2216 2670 77
2232 2613 2384 2669 —78.

1532 2717 1541 2727 .
1583 2680 1715 2745 Περὶ
1739 2684 2076 2746 τορευτικῆς,
2101 2684 2159 2729 fr.
2192 2701 2266 2745 79.
2396 2684 2410 2700 '

1567 2763 1745 2822 Agmen
1777 2760 1905 2805 ducit
1939 2762 2143 2822 amplum
2180 2764 2483 2809 Historiarum
2515 2780 2656 2826 opus,
2683 2781 2775 2826 quo

1498 2846 1570 2878 res
1602 2833 1786 2878 Graeciae
1822 2833 2195 2893 Maceddhiaeque
2230 2835 2535 2880 narrabantur
2568 2836 2677 2881 inde
2713 2836 2769 2881 ab

1499 2918 1622 2949 anno
1635 2938 1647 2959 ‚
1667 2904 1747 2963 qui
1770 2905 1985 2964 proxime
2000 2913 2179 2950 secutus
2193 2916 2258 2950 est
2273 2922 2472 2967 pugnam
2495 2909 2779 2954 Leuctricam

1499 2985 1793 3035 mortemque
1816 2976 2146 3035 Epaminondae
2177 2985 2223 3021 et
2253 2977 2569 3035 Cleombroti,
2594 2981 2686 3025 sive
2719 2980 2777 3024 ab

1501 3046 1574 3095 01.
1608 3061 1717 3106 102,
1738 3047 1782 3092 3.
1809 3046 1919 3105 370,
1939 3048 2020 3107 qui
2034 3062 2192 3104 annus,
2218 3038 2363 3094 tribhs
2376 3050 2561 3110 regibus
2574 3054 2778 3111 Amynt-

1499 3120 1622 3180 patri
1666 3119 1892 3180 Philippi,
1937 3121 2173 3181 Agesipoli
2213 3120 2587 3178 Lacedaemonio,
2626 3124 2775 3167 Iasoni

1500 3193 1707 3248 Pheraeo,
1729 3200 1827 3236 erat
1842 3191 2003 3238 fatalis.
2020 3191 2219 3238 Diodor.
2233 3194 2335 3249 XV,
2352 3193 2413 3238 60
2434 3193 2508 3253 (Ἴ.
2529 3195 2776 3254 Quousque

1501 3272 1664 3309 auctor
1679 3263 1992 3319 descenderit,
2012 3279 2110 3308 non
2125 3263 2340 3310 traditur.
2360 3266 2682 3336 Fragmentum
2694 3265 2776 3322 33,

1499 2195 1527 2508 030¹!wa

1554 3403 1606 3454 (*)
1621 3403 1782 3444 Diodor.
1802 3403 1829 3443 Ι.
1848 3403 1874 3443 Ι.
1897 3403 2013 3443 Ἰδιον
2036 3404 2076 3443 δέ
2094 3418 2128 3443 τι
2155 3405 2294 3451 συνέόη
2310 3405 2407 3444 κατὰ
2431 3408 2561 3444 τοῦτον
2577 3406 2639 3444 τὸν
2655 3406 2775 3444 evenu-

1500 3461 1576 3502 τον·
1596 3465 1673 3501 τῶν
1688 3462 1760 3512 γὰρ
1778 3462 1817 3500 ἐν
1840 3461 2074 3508 δυναστείαις
2097 3462 2217 3501 ὄντων
2236 3466 2331 3513 τρεῖς
2347 3463 2590 3507 ἐτελεύτησαν
2609 3464 2688 3514 περὶ
2714 3463 2775 3503 τὸν

1500 3519 1614 3559 αὑτὸν
1631 3518 1775 3568 καιρόν.
1795 3518 1971 3568 Ἀμύντας
1988 3519 2054 3569 μὶν
2081 3520 2103 3559 ο
2118 3519 2323 3571 Ἀρριδαίου
2342 3521 2552 3571 βασιλεύων
2566 3524 2631 3566 τῆς
2648 3522 2775 3559 Man·

1500 3577 1626 3622 δονίας
1640 3576 1878 3622 ἐτελεύτησεν
1894 3578 2004 3627 ἄρξας
2019 3577 2085 3623 ἐτη
2100 3578 2225 3617 εἴκοσι
2245 3580 2309 3617 καὶ
2326 3580 2481 3628 τέτταρα
2494 3606 2505 3625 ,
2523 3579 2626 3622 υἱοὺς
2645 3577 2776 3615 &toh-

1499 3635 1585 3673 πὼν
1599 3637 1696 3684 τρεῖς
1708 3661 1719 3681 ,
1737 3633 1971 3684 Ἀλέξανδρον
1987 3636 2052 3672 καὶ
2068 3634 2280 3684 Περδίκκαν
2296 3636 2359 3673 καὶ
2376 3636 2577 3674 Φίλιππον·
2594 3634 2775 3677 διεδέξατο

1500 3691 1541 3730 δὲ
1555 3691 1622 3737 τὴν
1636 3690 1832 3741 βασιλείαν
1845 3691 1867 3729 ὁ
1881 3691 1961 3735 υἱὸς
1979 3690 2210 3743 Ἀλέξανδρος
2226 3694 2290 3731 καὶ
2303 3692 2407 3743 ἦρξεν
2422 3691 2599 3731 ἐνιαυτόν.
2614 3691 2775 3739 Ὁμοίως

1500 3749 1542 3788 δὲ
1555 3749 1621 3787 καὶ
1633 3747 1870 3797 Ἀγησίπολις
1887 3749 1911 3787 ο
1930 3753 2006 3787 ’τῶν
2029 3750 2341 3799 Λακεδαιμονίων
2360 3750 2533 3799 βασιλεὺς
2556 3748 2774 3797 μετήλλαξεν

1502 3806 1613 3856 ἄρξας
1632 3805 1818 3853 ἐνιαυτὸν,
1834 3806 1903 3853 τὴν
1921 3805 1962 3844 δὲ
1981 3806 2101 3856 ἀρχὴν
2127 3807 2384 3856 διαδεξάμενος
2404 3807 2612 3854 Rhoiteum<
2631 3807 2653 3842 ο
2671 3803 2774 3843 ἀδελ·

1501 3864 1568 3914 φὸς
1583 3862 1827 3904 ἐδασίλευσεν
1842 3862 1908 3910 ἔτη
1931 3863 2135 3915 τριάκοντα
2150 3866 2215 3902 καὶ
2241 3868 2411 3912 τέτταρα.
2434 3862 2562 3911 Τρίτος
2581 3861 2619 3900 δὲ
2635 3859 2772 3900 Ἰάσων

1502 3921 1524 3959 ο
1539 3922 1724 3971 Φεραῖος,
1743 3920 1897 3970 ἡγεμὼν
1916 3920 2060 3971 ᾑρημέν
2042 3933 2100 3964 νος
2116 3925 2181 3967 τῆς
2197 3918 2423 3965 θετταλίας,
2440 3920 2502 3956 καὶ
2518 3918 2639 3956 δοκῶν
2662 3917 2772 3955 ἑπτα·

1502 3982 1579 4024 κῶς
1596 3977 1725 4028 ἄρχειν
1737 3980 1813 4015 τῶν
1831 3977 2160 4027 ὑποτεταγμένων,
2182 3975 2450 4024 ἐδολοφονήθη,
2464 3975 2514 4017 ὡς
2531 3974 2597 4023 μὲν
2617 3974 2772 4022 Ἔφορος

1502 4037 1695 4087 γέγραφεν,
1721 4034 1797 4074 ὑπο
1819 4048 1931 4074 τινων
1956 4037 2053 4074 ἑπτὰ
2082 4034 2291 4073 νεανίσκων
2320 4031 2636 4080 συνομοσαμένων
2667 4030 2773 4077 δόξης

1503 4095 1635 4143 ἕνεκα,
1652 4095 1703 4138 ὥς
1715 4092 1748 4132 δ’
1763 4092 1853 4132 ἔνιοι
1865 4092 2088 4143 γράφουσιν,
2106 4093 2181 4131 ὑπὸ
2200 4090 2427 4139 Πολυδώρου
2439 4086 2771 4136 *taedeo-Effice

1502 4153 1543 4192 et
1561 4152 1626 4190 καὶ
1638 4151 1750 4195 αὐτὸς
1763 4150 2022 4200 διαδεξάμενος
2035 4150 2102 4195 τὴν
2117 4148 2335 4188 δυναστείαν
2352 4146 2457 4197 ἦρξαν
2481 4145 2662 4184 ινιιιυτον.
2678 4148 2771 4184 Δοῡ·

1502 4218 1557 4257 ρις
1574 4205 1608 4246 δ’
1625 4207 1647 4246 ο
1672 4206 1811 4260 Σᾴμιος
1836 4207 1859 4245 ο
1882 4206 2161 4257 ἱστοριογράφος
2184 4210 2247 4251 τῆς
2270 4208 2344 4242 τῶν
2359 4203 2618 4248 ’ἶΕλληνικῶν
2606 4202 2769 4252 nepio<

1503 4263 1669 4304 ἐντεῦθεν
1682 4265 1890 4312 ἐποιήσατο
1905 4265 1972 4316 Ώὶν
1989 4263 2119 4313 ἀρχήν.

2442 4349 2492 4378 .ιι).
