3008 4542
205 320 314 377 '1V.
353 332 496 377 3657.
519 347 528 379 :
555 328 754 393 2972ss
775 340 961 393 2490οι
992 350 1110 379 2011
1152 351 1186 368 ⁵²

1192 349 1206 367 θ

1140 378 1215 399 1661

349 418 522 470 364Ἰιε
551 421 665 479 29¹l2
684 441 748 459 =
769 419 925 480 24925
948 436 958 464 ε
984 420 1106 466 2013
1147 421 1234 472 ÷⁶⁷

95 559 97 562 Ι
171 502 451 565 (Computus
474 506 496 548 1
518 506 747 550 institutus
774 515 839 550 est
868 521 924 550 ex
946 507 1201 551 rationibus
1226 508 1342 566 cycli
1363 510 1445 552 Pa-

97 618 100 623 .
165 576 325 623 schalis
342 591 572 621 annorum
595 577 931 624 novemdecim.
957 580 1027 623 De
1053 580 1218 624 ceteris
1254 594 1351 623 non
1383 589 1450 624 est

65 666 75 685 .·
91 635 109 709 [⁴¹
165 647 295 706 quod
314 662 598 694 moneamus.
618 647 632 709 )

89 762 95 767 ,
227 718 378 762 Verba
397 719 578 763 Eusebii
595 721 848 779 postulant,
872 730 924 764 ut
941 720 999 764 de
1023 736 1079 765 eo
1103 723 1300 766 maxime
1321 738 1447 766 com·

84 771 108 811 ’ἶ
161 797 277 848 puto
295 791 561 850 cogitemus,
580 805 719 850 quem
734 792 937 836 secundo
955 793 1060 837 loco
1077 795 1314 853 posuimus
1326 797 1450 853 prio-

82 855 94 910 f.
161 875 278 906 rem.
324 862 392 905 Ex
432 862 524 906 hoc
568 864 877 907 nanciscimur
921 865 1091 908 solares
1132 881 1276 909 annos
1322 866 1446 918 2046

104 991 106 994 y
165 930 375 994 (BMC')
399 950 412 989 ;
445 948 582 992 quem
605 935 753 994 ipsum
777 951 1022 979 numerum
1044 936 1170 996 apud
1204 938 1449 982 Eusebium

158 1017 248 1063 pro
283 1005 407 1049 2206
443 1001 590 1066 BEG'
628 1008 955 1066 reponendum
986 1023 1077 1052 0550
1112 1010 1286 1067 optime
1313 1010 1447 1068 jubet

59 1072 91 1119 ⁸?
158 1075 427 1132 Boeckhius,
464 1078 607 1137 idque
634 1093 691 1123 eo
712 1081 877 1139 magis,
911 1095 1006 1138 quo
1030 1080 1206 1125 facilius
1228 1083 1340 1142 sigla
1359 1099 1444 1126 nu-

161 1163 398 1192 merorum
420 1151 672 1208 permutari
693 1159 959 1210 potuerant.
989 1177 1055 1185 —-
1077 1154 1178 1196 Jam
1203 1169 1348 1213 quum
1371 1155 1443 1198 di-

156 1218 332 1262 luvium
364 1221 421 1264 ab
449 1222 772 1266 Alexandrinis
804 1223 973 1267 Judaeis
1010 1224 1201 1283 aliisque
1230 1227 1442 1285 plurimis

66 1302 69 1319 ³
153 1300 358 1349 ponatur
374 1293 422 1335 111
438 1307 559 1337 011110
575 1295 738 1339 mundi
756 1300 879 1347 2242
901 1293 974 1356 (*),
995 1296 1190 1340 deorum
1208 1297 1439 1357 dynastiae,

119 1360 122 1363 ’
154 1361 239 1405 uhi
262 1377 288 1406 a
310 1365 461 1423 primo
488 1379 610 1409 anno
634 1367 797 1410 mundi
822 1366 1151 1426 p1·oficisceriS‚
1180 1370 1442 1414 desinerent

59 1426 88 1499 A,
154 1434 285 1477 annis
313 1434 400 1494 196
425 1445 530 1480 ante
547 1438 771 1496 epocham
790 1439 969 1485 diluvii.
997 1442 1267 1485 Accuratius
1290 1444 1437 1502 JEgy-

151 1504 359 1563 ptiorum
376 1515 585 1566 tempora
604 1525 709 1552 cum
725 1511 751 1553 J
754 1509 994 1554 udaeorum
1011 1512 1314 1571 chronologia
1331 1527 1439 1555 con-

54 1625 59 1628 ,
76 1567 84 1620 ¹Jv
153 1577 309 1622 ciliare
327 1588 432 1637 post
450 1579 698 1624 Eusebium
721 1584 914 1625 tentavit
938 1583 1233 1639 Panodorus,
1256 1583 1315 1627 dc
1341 1598 1435 1642 quo

48 1698 54 1705 .
75 1641 77 1653 ²
150 1659 325 1709 postea.
603 1651 607 1654 ’
762 1643 767 1647 ’

48 1711 55 1720 ’
216 1722 241 1764 J
245 1736 318 1764 am
338 1736 448 1766 vero
472 1723 798 1769 Manethonem
818 1726 1019 1784 mythica
1038 1727 1122 1770 ista
1145 1735 1355 1786 tempora
1373 1728 1436 1772 ita

61 1782 82 1834 'f
149 1791 417 1850 adornasse,
450 1802 502 1839 ut
531 1809 708 1840 summa
735 1811 962 1842 annorum
992 1807 1171 1844 certum
1202 1798 1433 1859 quendam

48 1851 86 1921 ’ᾳ
147 1865 450 1923 periodorum
484 1870 894 1914 astronomicarum
930 1887 1176 1916 numerum
1200 1873 1434 1931 exprime-

146 1945 246 1992 ret,
273 1952 328 1981 ex
359 1939 457 1997 ipsa
486 1949 650 1985 natura
673 1949 718 1985 et
739 1942 897 1987 indole
929 1943 1155 2001 ejusmodi
1190 1953 1433 2003 computa-

146 2007 327 2052 tionum
364 2011 559 2070 quisque
590 2014 845 2074 collegerit.
916 2016 1066 2073 Quare
1097 2018 1431 2062 accuratissime

65 2111 73 2119 ,
144 2095 362 2125 numeros
395 2083 633 2128 Eusebius
650 2085 889 2130 tradidisse
925 2088 1104 2146 nequit.
1176 2089 1280 2146 Ipse
1319 2089 1430 2131 olim

107 2166 109 2168 ·
147 2151 257 2211 (Fr.
284 2153 458 2200 Chron.
483 2169 531 2213 p.
554 2154 660 2216 191)
682 2146 936 2202 statueram
954 2173 1180 2202 summam
1205 2160 1428 2203 Eusebia-

46 2264 75 2287 „
142 2238 250 2268 nam
268 2225 282 2282 ζ
302 2224 485 2286 24925)
504 2227 741 2273 involvere
760 2230 1087 2289 septemdecim
1106 2231 1329 2290 periodos
1345 2233 1427 2276 So-

47 2284 68 2335 ἰ
142 2295 313 2340 thiacas
345 2298 438 2342 sive
469 2314 614 2343 annos
646 2299 819 2357 24837.
853 2302 910 2344 111
935 2302 1130 2347 eandem
1158 2304 1428 2347 sententiam

53 2389 66 2396 ἡ
140 2367 304 2412 incidit
319 2370 562 2414 Boeckhius
584 2372 617 2418 l.
637 2372 684 2428 l.,
708 2373 937 2431 simulque
957 2375 1186 2418 rationem
1209 2375 1425 2434 suppedi-

110 2419 274 2496 (tavit,
295 2456 385 2499 qua
402 2457 577 2487 summa
598 2459 736 2503 quam
755 2446 1041 2504 postulamus
1059 2446 1276 2491 facillima
1291 2449 1427 2492 unius

79 2521 81 2523 ’
139 2514 322 2556 numeri
358 2515 614 2559 mutatione
649 2517 749 2560 erui
789 2518 948 2576 possit.
1021 2519 1202 2563 Scilicet
1239 2520 1426 2579 regibus

138 2584 400 2642 Memphitis
413 2601 503 2645 pro
524 2588 653 2631 annis
682 2603 802 2647 1790
815 2622 828 2647 ,
850 2580 1033 2646 ΑΨῊᾏ
1051 2589 1230 2633 dandos
1247 2605 1339 2635 esse
1354 2593 1426 2635 vir

45 2663 59 2689 ²*-
136 2670 338 2701 summus
357 2668 508 2703 censet
524 2674 668 2703 annos
692 2676 709 2703 1
721 2675 830 2716 702,
849 2659 1018 2707 ΑΨΒ’.
1037 2663 1108 2713 Ita
1124 2677 1267 2720 quum
1288 2678 1314 2706 a
1330 2671 1422 2707 tra-

48 2715 65 2730 *
138 2727 234 2771 dita
257 2743 431 2774 summa
456 2730 732 2775 detrahendi
765 2733 855 2775 sint
884 2734 992 2777 anni
1023 2732 1106 2789 88,
1136 2749 1225 2792 pro
1263 2735 1420 2793 24925

136 2799 325 2845 habebis
348 2801 505 2859 24837
520 2836 531 2858 ,
555 2804 648 2846 51νο
673 2819 724 2859 17
741 2813 782 2852 Χ
804 2804 941 2856 1461.
968 2805 1198 2863 Equidem
1217 2808 1424 2865 suspicor

134 2870 357 2916 Manibus
378 2874 586 2932 primitus
621 2876 816 2919 tributos
846 2891 938 2921 esse
973 2892 1117 2921 annos
1142 2876 1264 2931 5844
1300 2879 1411 2939 (4)(

143 2941 327 3002 1461),
362 2946 442 3003 qui
474 2961 692 2990 numerus
721 2949 935 3006 proxime
974 2949 1101 2992 abest
1132 2965 1155 2991 a
1191 2964 1247 2992 eo
1283 2966 1422 3008 quem

136 3012 354 3059 Eusebius
374 3016 558 3061 exhibet
576 3053 589 3078 ,
610 3017 753 3064 5813.
776 3021 926 3064 Porro
947 3020 1073 3079 apud
1095 3022 1422 3066 Manethonem

137 3085 476 3133 Panodoreumt
497 3091 589 3133 diis
617 3105 701 3134 sex
729 3091 982 3149 majoribus
1014 3093 1285 3137 tribuuntur
1313 3097 1421 3137 anni

141 3173 159 3201 1
175 3157 293 3218 1985
320 3176 330 3203 :
358 3176 521 3205 novem
552 3162 638 3207 diis
659 3164 917 3208 minoribus
939 3165 1047 3208 anni
1071 3163 1181 3208 858.
1253 3167 1307 3209 In
1330 3167 1420 3210 hoc

134 3241 355 3290 computo
375 3233 649 3278 Panodorus
671 3235 741 3278 sui
776 3236 941 3280 calculi
961 3237 1112 3296 gratia
1131 3238 1190 3281 ad
1214 3239 1421 3282 minores

181 3359 236 3411 (*)
258 3363 314 3400 De
331 3362 481 3402 ratione
505 3363 652 3413 cyclica
667 3365 823 3403 numeri
839 3367 936 3404 2242
956 3366 996 3404 et
1013 3366 1181 3404 aliorum
1204 3367 1418 3405 nonnullo-

132 3429 221 3457 rum
247 3419 353 3469 lege,
379 3430 536 3470 quaeso,
561 3421 830 3471 sagacissimas
855 3422 1101 3471 conjecturas
1127 3423 1299 3463 ssoeckhii
1333 3424 1360 3463 l.
1390 3425 1416 3464 l.

39 3474 71 3518 ''³3-
129 3489 167 3528 p.
187 3483 235 3518 86
251 3489 336 3529 sqq.

744 3611 787 3650 2.

51 3779 53 3781 Ι
180 3736 212 3768 1.
241 3734 334 3771 Post
363 3732 449 3772 haec
473 3733 551 3783 (50.
582 3737 679 3784 post
707 3745 758 3774 ea
789 3745 886 3786 quoe
908 3736 1108 3776 Manetho
1135 3738 1181 3776 in
1213 3737 1321 3776 libro
1352 3741 1412 3777 De

59 3788 70 3799 ’“
126 3793 240 3843 cyclo
281 3794 478 3836 sethiaco
512 3796 687 3837 dixerat
720 3797 772 3837 de
805 3801 1164 3849 interpretatione
1202 3801 1412 3840 librorum

126 3859 489 3908 Hermeticorum)
507 3859 625 3900 etiam
644 3860 694 3900 de
708 3861 888 3910 gentibus
904 3863 1092 3913 AEgyptiis
1104 3864 1280 3913 quinque
1293 3893 1304 3912 ,
1322 3875 1412 3913 quae

38 3916 43 3918 ’
55 3944 59 3947 -
122 3929 192 3969 per
204 3920 361 3970 triginta
373 3921 574 3972 dynastias
584 3924 781 3975 regnat-int
792 3955 803 3975 ‚
823 3925 836 3975 (
847 3927 1030 3966 Manetho
1043 3927 1057 3977 )
1074 3928 1250 3978 exponit,
1270 3939 1412 3977 nempe

122 3981 172 4021 de
197 3982 270 4022 diis
287 3994 388 4033 quos
413 3985 485 4035 ipsi
515 3986 674 4036 dicunt,
704 3988 754 4028 de
772 3989 967 4040 semidiis,
999 3991 1048 4030 de
1079 3992 1262 4030 manibus
1294 3993 1334 4031 et
1363 3991 1412 4031 de

35 4036 72 4094 l}
124 4046 372 4086 mortalibus.
395 4049 574 4088 Meminit
595 4060 731 4089 earum
751 4051 941 4092 Eusebius
970 4064 1130 4104 quoque
1156 4054 1350 4104 Pamphili
1371 4054 1411 4093 in

121 4107 343 4157 chronicis,
359 4109 428 4149 ubi
448 4111 623 4161 loquitur
643 4114 748 4152 hunc
765 4113 806 4153 in
824 4115 986 4154 modum
1010 4132 1019 4154 :

181 4175 216 4211 2.
249 4187 268 4206 «
288 4172 457 4223 AEgyptii
474 4173 524 4213 de
539 4175 666 4224 regnis
681 4176 844 4215 deorum
864 4181 904 4216 et
923 4179 1186 4219 semideorum
1204 4182 1243 4219 et
1269 4180 1411 4230 praeter

275 4260 515 4288 FRAGMENTA
546 4262 645 4289 lllST.
671 4264 735 4290 GR.
756 4275 795 4279 —
814 4264 898 4291 vol..
921 4264 961 4291 11.

1309 230 1717 280 FRAGMENTA.

2709 265 2800 303 529

1527 338 1638 382 deos
1659 356 1762 384 cum
1791 346 1920 389 annis
1954 358 2138 393 centum
2171 351 2224 413 (*)
2261 356 2462 402 traduxit
2489 362 2656 407 Horum
2677 399 2689 420 ,
2723 369 2802 426 qui

1523 416 1738 469 septimus
1761 429 1852 459 esse
1879 417 2078 463 debebat
2112 422 2306 468 deorum
2331 424 2573 486 majorum.
2611 438 2772 496 Itaque
2788 475 2799 496 ,

1524 483 1560 524 si
1582 484 1759 527 Horum
1780 486 1839 530 ad
1857 502 1988 531 suum
2005 491 2159 535 locum
2174 496 2433 559 reduxeris,
2455 502 2540 547 diis
2555 506 2803 564 majoribus

1525 554 1841 601 tribuerentur
1888 560 2040 604 12085
2054 597 2067 620 ,
2109 564 2194 609 diis
2234 570 2490 617 minoribus
2540 575 2647 634 757.
2699 582 2801 624 Jam

1525 639 1669 682 quum
1687 629 1930 686 probabile
1949 634 2005 676 sit
2035 635 2171 678 simili
2194 639 2336 683 modo
2359 644 2684 693 Manethonem
2704 654 2800 696 Eu-

1523 697 1637 740 sebii
1650 714 1867 745 numeros
1884 702 2180 763 distribuisse,
2199 710 2450 767 majoribus
2466 716 2552 760 diis
2567 719 2697 766 datos
2710 739 2801 769 esse

1525 768 1804 814 crediderim
1832 787 1904 817 an.
1933 774 2086 835 13149
2113 776 2125 840 (
2143 793 2172 836 9
2186 787 2227 828 ><
2247 783 2360 833 1461
2378 780 2417 842 ),
2442 788 2695 837 minoribus
2724 810 2796 842 an.

1529 838 1619 894 730
1643 838 1862 900 (dimidia
1881 846 2102 903 periodus
2119 848 2158 908 );
2183 851 2291 894 inde
2311 868 2485 900 summa
2505 858 2701 906 efficitur
2723 880 2796 912 an.

1531 909 1618 954 138
1628 926 1684 971 79
1724 911 1737 973 (
1758 913 1912 973 13900
1952 916 2119 962 Euseb.
2141 918 2175 980 ).
2211 923 2359 981 Igitur
2383 930 2676 977 semitleorum
2711 936 2799 994 dy-

1524 983 1676 1026 nastiis
1695 992 1915 1042 quattuor
1931 989 2259 1049 relinquuntur
2279 1002 2370 1040 tres
2398 1000 2581 1055 periodi
2605 1013 2651 1046 et
2667 1005 2798 1050 dimi·

1522 1052 1622 1109 dia,
1641 1055 1734 1099 sive
1757 1058 1866 1100 anni
1887 1061 1941 1104 51
1957 1059 2010 1102 13
2029 1076 2040 1115 ;
2071 1076 2160 1120 pro
2182 1065 2351 1122 quibus
2372 1066 2595 1116 Eusebius
2612 1076 2801 1122 exhibet

1523 1122 1648 1169 5212
1663 1160 1676 1182 ,
1703 1127 1821 1172 adeo
1845 1138 1896 1172 ut
1918 1131 1968 1173 in
1987 1147 2183 1178 numero
2206 1140 2470 1183 centenario
2501 1144 2573 1186 vel
2605 1145 2700 1203 ipse
2726 1150 2798 1192 vel

1520 1205 1683 1241 auctor
1703 1199 1798 1256 ejus
1821 1215 1993 1246 errasse
2016 1204 2243 1254 videatur.

1583 1268 1651 1314 Ex
1668 1271 1874 1315 Boeckhii
1891 1278 2216 1333 supputatione
2231 1281 2278 1323 M
2284 1283 2451 1326 anetho
2472 1284 2673 1331 Africani
2690 1290 2797 1336 inde

1516 1353 1542 1381 a
1561 1341 1696 1386 Mene
1713 1358 1823 1403 rege
1842 1360 1986 1390 annos
2000 1351 2228 1394 recensuit
2250 1350 2391 1398 5366.
2412 1356 2493 1399 His
2508 1358 2543 1400 si
2562 1359 2798 1407 addideris

1514 1413 1837 1459 antecedentes
1870 1431 2014 1461 annos
2049 1420 2202 1477 24837
2223 1456 2234 1477 ,
2264 1438 2439 1470 5111111110
2475 1443 2700 1475 annorum
2732 1444 2795 1478 est

1517 1481 1691 1530 30203.
1708 1486 1933 1532 Conferre
1954 1505 2058 1533 cum
2078 1492 2148 1536 his
2165 1494 2271 1538 licet
2291 1497 2419 1540 locos
2440 1503 2688 1548 nonnullos
2704 1507 2794 1550 He·

1512 1555 1672 1600 rodoti
1695 1557 1765 1617 (II
1785 1594 1798 1619 ,
1826 1559 1913 1613 145
1934 1572 1979 1605 01
2000 1563 2088 1624 43)
2110 1574 2154 1609 01
2170 1568 2369 1612 Diodori
2389 1570 2455 1628 (Ι,
2481 1573 2556 1618 26.
2578 1573 2696 1636 23),
2715 1581 2793 1636 qui

1512 1640 1537 1669 a
1571 1629 1862 1675 Manethonis
1895 1638 2122 1694 computis
2147 1639 2270 1682 haud
2297 1641 2360 1684 ita
2390 1642 2526 1703 longe
2550 1648 2788 1694 recedunt.

1511 1701 1684 1743 Verum
1704 1702 1762 1746 de
1781 1704 1850 1747 his
1869 1704 2009 1750 fusius
2029 1723 2264 1767 exponere
2289 1713 2331 1758 h.
2357 1714 2387 1761 l.
2408 1730 2505 1759 non
2528 1728 2671 1766 vacat.
2701 1722 2792 1766 Adi

1510 1771 1783 1820 Boeckhium
1799 1791 1850 1837 p.
1873 1776 1933 1838 95
1955 1794 2057 1841 sqq.

1821 1882 2114 1929 MANETHO
2151 1885 2476 1936 PANODORI.

2125 1987 2168 2015 2.

1571 2050 1806 2107 Syncellus
1818 2067 1866 2111 p.
1884 2058 1961 2110 40,
1977 2058 2034 2111 D,
2046 2066 2290 2117 postquam
2301 2076 2356 2105 ex
2369 2063 2788 2112 Pseudomanetho-

1506 2122 1574 2164 nis
1590 2122 1711 2166 libro
1734 2122 1842 2186 Περὶ
1869 2123 2033 2178 Σώθεος
2056 2131 2207 2173 attulit
2222 2165 2234 2186 ,
2257 2148 2356 2191 quae
2378 2134 2425 2176 in
2441 2136 2787 2185 introductione

1498 2193 1592 2250 jam
1615 2195 1960 2255 adscripsimus,
1981 2203 2130 2261 pergit
2155 2203 2246 2250 ita:

1570 2281 1604 2313 1.
1635 2265 1757 2312 Μετὰ
1773 2266 1815 2313 δὲ
1833 2272 1968 2315 ταῦτα
1988 2270 2060 2316 καὶ
2083 2272 2181 2335 περὶ
2196 2275 2321 2320 ἐθνῶν
2342 2278 2641 2338 Αἰγυπτιακῶν
2659 2281 2784 2328 πέντε

1503 2337 1545 2381 ἓν
1563 2337 1791 2400 τριάκοντα
1810 2340 2075 2396 δυναστείαις
2094 2346 2253 2408 ἱστορεῖ
2272 2348 2358 2408 (50.
2380 2351 2590 2414 Μανεθῶ)
2610 2356 2692 2398 τῶν
2713 2355 2781 2400 λε-

1501 2407 1693 2469 γομένων
1713 2415 1817 2475 παρ’
1841 2414 1982 2467 αὐτοῖς
2002 2418 2104 2461 θεῶν
2129 2417 2202 2462 καὶ
2223 2418 2405 2477 ἡμιθέων
2429 2421 2502 2468 καὶ
2526 2422 2684 2470 νεκύων
2710 2424 2783 2471 καὶ

1502 2483 1678 2540 θνητῶν,
1713 2475 1771 2528 ὧν
1793 2482 1867 2530 καὶ
1891 2485 2156 2542 Eam-3620<
2186 2492 2207 2535 ὁ
2242 2491 2475 2556 Παμφίλου
2507 2495 2707 2555 μνησθεὶς
2738 2498 2782 2543 ἐν

1500 2559 1586 2605 τοῖς
1610 2555 1829 2615 Χρονικοῖς
1851 2557 1978 2602 αὐτοῦ
2004 2558 2129 2622 φησὶν
2155 2559 2310 2614 οὕτως·

1565 2641 1602 2672 2.
1632 2647 1650 2666 α
1675 2625 1902 2688 Αἰγύπτιοι
1933 2628 1977 2675 δὲ
1997 2628 2104 2677 θεῶν
2125 2632 2198 2678 καὶ
2222 2634 2407 2694 ἡμιθέων
2435 2637 2508 2683 καὶ
2531 2638 2649 2703 παρὰ
2679 2639 2782 2688 τού-

1499 2715 1585 2749 τοις
1613 2697 1771 2743 νεκύων
1802 2699 1874 2745 καὶ
1898 2703 2060 2757 θνητῶν
2098 2702 2250 2770 ἑτέρων
2270 2707 2479 2770 βασιλέων
2513 2711 2677 2767 πολλὴν
2706 2711 2781 2758 καὶ

1499 2767 1684 2832 φλύαρον
1717 2768 1953 2833 συνείρουσι
1995 2775 2275 2837 μυθολογίαν·
2310 2780 2347 2824 οἱ
2386 2777 2468 2843 γὰρ
2502 2782 2604 2845 παρ’
2641 2784 2782 2836 αὐτοῖς

1498 2840 1777 2888 παλαιότατοι
1808 2844 2056 2900 σεληναίους
2090 2846 2274 2910 ἔφασκον
2308 2841 2415 2896 εἶναι
2444 2851 2538 2905 τοὺς
2562 2853 2666 2918 [frss'
2696 2864 2779 2916 μή·

1498 2911 1654 2966 νιαίους
1673 2912 1787 2976 τοὺς]
1817 2915 2030 2970 ἐνιαυτοὺς
2051 2917 2092 2972 ἐξ
2113 2922 2283 2984 ἡμερῶν
2319 2921 2546 2986 τριάκοντα
2571 2931 2779 2973 συνεστῶ-

1499 3002 1574 3036 τας
1591 3020 1605 3045 ,
1632 2985 1670 3030 οἱ
1696 2985 1739 3030 δὲ
1777 2985 1886 3047 μετὰ
1907 2986 2078 3043 τούτους
2107 2990 2275 3051 ἡμίθεοι
2308 2991 2440 3056 ὥρους
2475 2994 2652 3042 ἐκάλουν
2672 2996 2779 3051 ,τοὺς

1497 3054 1710 3111 ἐνιαυτοὺς
1728 3055 1823 3110 τοὺς
1847 3058 1930 3122 [ψ’]
1952 3060 2288 3124 τρισμηνιαίους.
2310 3084 2328 3104 »
2783 3064 2787 3072 ’

1560 3144 1599 3177 3.
1628 3128 1718 3175 Καὶ
1738 3135 1873 3176 ταῦτα
1896 3130 1971 3192 μὲν
1991 3134 2012 3177 ὁ
2034 3131 2240 3186 Effice-5430<
2259 3137 2528 3200 μεμφόμενος
2548 3140 2685 3192 αὐτοῖς
2706 3143 2777 3195 τῆς

1496 3201 1703 3267 φλυαρίας
1726 3202 1910 3265 εὐλόγως
1941 3203 2219 3271 συνέγραψεν,
2245 3206 2289 3254 ὃν
2321 3212 2344 3255 ὁ
2379 3212 2458 3258 Πα
2474 3210 2704 3275 νόδωρος
2729 3214 2774 3260 οὐ

1550 3313 1602 3361 (*)
1628 3315 1742 3352 Hunc
1759 3313 1884 3363 ipsum
1908 3326 2119 3355 numerum
2139 3327 2203 3367 ap.
2234 3320 2510 3361 Manethonem
2541 3324 2667 3362 multo
2699 3335 2774 3363 ma-

1481 3369 1616 3418 jorem
1635 3368 1753 3410 'fuisse
1768 3401 1777 3419 ,
1797 3372 1864 3411 sed
1883 3383 1906 3411 a
1934 3374 2140 3413 Panodoro
2163 3375 2223 3414 vel
2240 3376 2324 3425 eJ'us
2343 3380 2503 3419 auctore
2518 3382 2572 3419 ita
2593 3381 2776 3420 imminu-

1493 3431 1581 3466 tum
1611 3439 1717 3474 esse,
1745 3431 1790 3468 ut
1818 3429 1866 3468 ad
1895 3434 2143 3480 sequentium
2170 3432 2335 3473 deorum
2358 3446 2476 3485 regna
2500 3439 2772 3478 accommoda·

1455 3528 1458 3531 ¹
1495 3485 1616 3532 retur,
1637 3484 1758 3523 facilis
1774 3485 2001 3535 conjectura
2017 3490 2086 3527 est.

1489 3609 1559 3647 1105
1582 3608 1760 3647 manium
1779 3605 2028 3660 'aliorumque
2049 3623 2184 3662 regum
2201 3616 2423 3654 mortalium
2436 3618 2580 3656 multas
2599 3617 2768 3666 ineptas-

1486 3682 1565 3721 que
1584 3674 1798 3720 congerunt
1821 3671 1986 3712 fabulas.
2016 3675 2172 3715 Scilicet
2206 3678 2464 3727 antiquissimi
2491 3689 2626 3717 eorum
2657 3690 2767 3727 reges

1489 3734 1608 3783 (dei)
1657 3735 1879 3774 menstruos
1913 3736 2104 3785 putabant
2149 3750 2233 3778 esse
2274 3751 2396 3780 annos
2434 3741 2572 3780 diebus
2611 3741 2767 3790 triginta

1487 3797 1764 3845 consistente„
1784 3799 1872 3847 post
1889 3798 1961 3846 lios
1978 3811 2071 3839 vero
2096 3802 2164 3851 qui
2181 3802 2362 3852 deinceps
2380 3804 2589 3852 regnarunt
2607 3804 2764 3842 semidei

1489 3870 1612 3899 annos
1628 3890 1640 3909 ‚
1659 3870 1758 3910 quos
1775 3861 1895 3911 ὥρους
1914 3863 2187 3913 appellabant,
2209 3865 2402 3904 habebant
2420 3865 2646 3910 trimestres.
2667 3882 2686 3899 »

1538 3928 1575 3962 3.
1604 3925 1654 3963 Ε1
1671 3924 1756 3962 liaec
1779 3923 1939 3973 quidem
1966 3926 2156 3965 Eusebius
2181 3928 2365 3976 sugillans
2387 3927 2656 3976 AEgyptiorum
2679 3928 2762 3967 ine·

1485 3987 1587 4037 111105
1601 3988 1702 4027 bene
1717 3988 1968 4038 conscripsit,
1986 4001 2113 4040 neque
2128 3994 2254 4039 recte,
2278 3993 2321 4029 ut
2338 3993 2433 4040 puto
2446 4021 2457 4039 ‚
2478 3991 2518 4029 111
2546 3992 2620 4030 1100
2640 3996 2760 4031 Pano·

1485 4052 1606 4092 dorus
1635 4063 1727 4092 eum
1758 4053 2027 4103 reprehendit,
2065 4066 2143 4093 non
2182 4056 2352 4104 potuisse
2388 4056 2597 4094 Eusebium
2631 4055 2763 4095 dicens

1485 4116 1691 4156 enucleare
1708 4116 1985 4156 historicorum
2001 4118 2230 4156 sententiam
2248 4146 2257 4164 ‚
2277 4129 2393 4166 quam
2411 4118 2491 4167 ipse
2510 4129 2613 4157 nova
2633 4119 2761 4168 aliqua

1485 4179 1635 4220 ratione
1658 4178 1853 4229 explicare
1870 4180 1941 4219 sibi
1964 4179 2118 4219 videtur
2138 4180 2241 4218 hisce
2261 4196 2268 4218 ι

2558 4254 2617 4287 81.
