3016 4628
1028 293 1108 340 PA
1118 293 1470 343 LAEPHATUS
1514 295 1863 347 ABYDENUS.

728 410 774 438 2.

182 507 527 567 Harpocration
568 518 579 551 ε
622 497 974 565 Μακροκέφαλοι.
1016 501 1217 566 Ἀντιφῶν
1257 501 1299 546 ἐν
1338 502 1398 565 τῷ

121 576 231 643 Περὶ
253 575 467 639 ὁμονοίας.
493 572 644 628 Ἐθνος
665 571 780 621 ἐστὶν
805 571 915 619 οὕτω
937 571 1226 634 καλούμενον,
1251 566 1299 619 οἷ
1323 572 1398 619 καὶ

117 648 313 702 Ἡσίοδος
333 647 549 712 μέμνηται
567 647 612 693 ἐν
637 644 679 709 γ’
699 645 920 693 Γυναικῶν
946 643 1194 710 καταλόγῳ.
1216 673 1280 679 -
1305 647 1400 692 Πα-

114 718 320 786 λαίφατος
343 721 385 766 ἐν
415 717 451 774 ζ’
487 718 694 782 Τρωικῶν
718 717 761 762 ἐν
783 717 838 780 τῇ
870 713 1012 780 Λιὸύῃ
1043 715 1172 780 φησὶν
1196 715 1395 780 ὓπεροίνω

117 790 299 856 Κόλχων
321 792 447 839 οἰκεῖν
471 787 566 842 τοὺς
585 785 970 852 Μακροκεφάλους.

181 864 424 925 Palaephati
442 877 614 908 nomen
635 860 825 906 fortasse
843 861 1016 906 excidit
1036 861 1163 921 apud
1179 862 1396 922 Stephan.

115 937 365 998 Byz.‚ubi:
391 930 750 998 Μακροκέφαλοι,
774 930 877 995 πρὸς
896 931 983 986 τοῖς
1006 931 1219 996 Κόλχοις,
1245 935 1303 986 ὡς
1329 934 1418 993 (οῖ’

115 1008 222 1055 cod.
253 1006 453 1067 Rhedig.
471 1005 485 1067 )
504 1004 529 1030 *
553 1003 638 1069 γὰρ
665 1002 922 1066 Ἤμίκυνες,
958 1002 1298 1069 Μακροκέφαλοι
1322 1004 1396 1052 καὶ

114 1077 349 1142 Πυγμαῖοι.
372 1103 437 1112 -
460 1077 504 1124 ἐν
529 1079 583 1142 τῇ
605 1075 780 1140 Λιὸύῃ]
805 1080 960 1123 neseio
986 1093 1046 1123 an
1068 1079 1159 1122 hoc
1194 1094 1368 1123 nomen
1383 1114 1395 1135 ,

112 1150 254 1196 modo
277 1159 400 1195 recte
419 1164 466 1194 se
483 1149 650 1195 haheat
665 1184 679 1211 ‚
698 1151 808 1194 alias
832 1158 1064 1196 occurrat.
1091 1150 1400 1211 Intelligenda

106 1223 241 1284 regio
259 1223 634 1283 Libystinorum,
655 1238 774 1282 quos
796 1222 910 1267 dicit
933 1223 1192 1282 Stephanus
1214 1238 1225 1266 ε
1254 1220 1397 1268 Affin—

111 1293 269 1351 στῖνοι,
295 1291 410 1346 ἔθνος
436 1291 753 1357 παρακείμενον
793 1291 996 1357 Κόλχοις,
1016 1295 1073 1346 ὡς
1098 1292 1332 1358 Διόφαντος
1356 1295 1398 1339 ἐν

60 1370 73 1387 “’
102 1366 353 1441 ΙΠολιτικοῒς
379 1366 559 1430 (scribe
583 1367 626 1414 ἐν
651 1366 878 1420 Ποντικοῖς
898 1367 933 1429 ).

515 1498 552 1540 Ε
585 1496 772 1543 LIBRO
806 1497 988 1544 NONO.

727 1622 768 1666 3.

175 1753 520 1812 Harpocration
543 1766 555 1799 :
575 1748 876 1806 Δυσαύλης·
899 1749 1134 1815 Δείναρχος
1148 1751 1190 1797 ἐν
1211 1753 1264 1814 τῇ
1291 1749 1400 1815 Περὶ

81 1804 83 1806 -
111 1827 188 1883 τῆς
209 1823 367 1888 ἱερείας
394 1821 643 1888 διαδικασίᾳ
658 1859 672 1885 ‚
694 1824 730 1869 εἷ
750 1821 936 1886 γνήσιος·
964 1820 1280 1880 Ἀσκληπιάδης
1297 1822 1333 1868 δ’
1356 1825 1399 1870 ἐν

113 1896 155 1953 δ’,
188 1897 229 1944 Τ
233 1893 568 1961 ραγῳδουμένων
614 1894 686 1942 τὸν
726 1893 957 1953 Δυσαύλην
999 1894 1239 1958 αὐτόχθονα
1290 1886 1399 1941 εἷναί

83 1997 86 1999 -
112 1986 242 2034 φησι,
266 1966 580 2026 συνοικήσαντα
613 1966 658 2015 δὲ
681 1967 852 2016 Βαυὸοἴ
871 1973 994 2032 σχεῖν
1017 1968 1181 2033 παῖδας,
1213 1969 1400 2031 Πρωτο-

111 2039 211 2100 νόην
228 2059 275 2088 τε
299 2037 374 2088 καὶ
395 2039 556 2089 Νίσαν.
584 2039 869 2105 Παλαίφατος
892 2039 929 2087 δ’
954 2042 998 2088 ἐν
1030 2039 1065 2086 θ’
1095 2039 1273 2105 (πρώτῃ
1292 2042 1399 2088 cod.

111 2117 168 2163 A.
205 2110 429 2176 Bekkeri')
467 2113 678 2175 Τρωικῶν
704 2111 781 2159 σὺν
805 2117 859 2178 τῇ
897 2111 1070 2176 γυναικί
1104 2130 1232 2176 φησιν
1269 2110 1397 2158 αὐτὸν

100 2183 396 2240 ὑποδέξασθαι
416 2181 492 2242 τὴν
515 2183 775 2250 Δήμητραν.

178 2259 248 2307 Cf.
267 2259 476 2303 Clemens
486 2259 620 2304 Alex.
639 2274 688 2318 p.
716 2258 772 2304 13
791 2259 865 2304 ed.
883 2259 1011 2318 Sylb.
1036 2274 1046 2302 :
1067 2252 1236 2323 ’ᾩκουν
1253 2255 1298 2302 δὲ
1318 2275 1400 2314 τη-

112 2328 258 2376 νικάδε
305 2327 384 2387 τὴν
421 2327 651 2376 Ἐλευσῖνα
690 2329 728 2374 οἳ
769 2331 984 2391 γηγενεῖς·
1023 2326 1216 2389 ὀνόματα
1258 2329 1398 2382 αὐτοῖς

48 2432 50 2434 v
113 2399 298 2459 Βαυὸὼ,
323 2399 551 2458 Δυσαύλης
581 2398 654 2447 καὶ
679 2399 1002 2464 Τριπτόλεμος·
1035 2398 1098 2446 ἔτι
1123 2396 1167 2446 δὲ
1202 2398 1276 2446 καὶ
1309 2397 1399 2447 Εὔ-

70 2480 75 2485 ’
113 2471 279 2537 μολπός
292 2491 337 2519 τε
349 2471 424 2518 καὶ
438 2469 731 2524 Εὐὸουλεύς...
752 2471 841 2520 Καὶ
860 2469 961 2528 δὴ...
977 2469 1178 2525 ξενίσασα
1200 2469 1402 2526 ἡΒαυὸὼ

111 2543 190 2604 τὴν
220 2542 349 2606 Δηὼ,
373 2543 511 2608 ὀρέγει
544 2546 739 2591 κυκεῶνα
774 2546 883 2608 αὐτῇ
918 2545 1013 2592 κτλ.
1044 2545 1219 2590 Eadem
1253 2547 1402 2589 Arno·

112 2619 216 2666 hius
242 2619 364 2666 Adv.
385 2620 520 2666 Gent.
551 2621 616 2679 V,
647 2635 696 2678 p.
727 2617 831 2675 175.
857 2618 959 2662 Alia
978 2626 1117 2676 atque
1136 2618 1270 2677 plura
1294 2618 1401 2663 vide

0 2726 1 2738 l
50 2689 54 2691 ⁸
114 2705 191 2752 ap.
216 2691 553 2749 PausaniamI,
578 2695 633 2742 14
650 2725 662 2747 ‚
688 2706 714 2734 2
731 2699 780 2734 et
802 2692 871 2746 II,
899 2695 980 2750 14,
1003 2706 1051 2733 2.
1070 2687 1296 2736 Δυσαύλου
1315 2705 1402 2735 no-

113 2779 222 2810 men
235 2766 530 2810 Hermannus
545 2764 754 2823 reposuit
777 2764 827 2806 in
846 2763 1039 2822 Orphic.
1062 2764 1119 2810 H.
1155 2767 1231 2813 4ο.
1263 2763 1401 2807 Cete-

166 2973 415 3024 Paloephatus
444 2973 545 3013 libro
567 2905 996 3024 septimo2'rroieorum
1012 2970 1109 3011 dicit
1131 2971 1172 3010 in
1188 2969 1311 3020 Libya
1328 2970 1403 3021 (in

116 3039 431 3091 libystinorum
452 3039 643 3090 reqione)
667 3049 786 3090 supra
815 3038 985 3078 Colchos
1000 3037 1180 3077 habitare
1195 3037 1399 3075 Macroce-

116 3102 268 3154 phales.

724 3170 751 3211 3

167 3238 415 3289 Palaephatus
443 3237 679 3277 ‘l'roicorum
712 3237 816 3277 libro
832 3247 937 3276 nono
966 3236 1064 3276 dicit
1088 3235 1285 3287 Dysaulen
1310 3245 1403 3274 cum

117 3313 244 3344 uxore
261 3314 332 3343 sua
349 3305 532 3345 Cererem
550 3302 720 3354 hospitio
739 3302 951 3353 excepisse.

2656 316 2748 357 339

1473 412 1578 441 rum
1615 413 1717 456 quae
1747 414 1805 442 ex
1830 401 2100 459 Asclepiade
2130 403 2401 460 afferuntur,
2434 403 2535 448 filiae
2571 406 2754 452 Baubus

1472 469 1661 513 aliunde
1696 485 1795 513 nou
1827 479 1964 516 notae.
1998 474 2089 516 Pro
2117 471 2257 519 Νίσαν
2284 476 2426 522 codd.
2461 476 2555 520 DE
2586 474 2751 535 νήσαν,

1471 541 1581 586 cod.
1607 542 1660 585 B.
1699 539 1865 587 κνίσαν.
1900 544 2027 588 Nihil
2050 545 2218 590 borum
2243 550 2495 606 genuinum
2518 565 2610 594 esse
2641 551 2754 594 mihi

1470 614 1673 659 videtur.
1711 616 1914 660 Historia
1951 615 2011 661 de
2048 617 2214 662 Cerere
2248 619 2304 663 ab
2344 636 2435 664 anu
2470 621 2754 681 hospitaliter

1473 693 1664 745 excepta
1683 686 1811 730 haud
1826 701 1922 730 uno
1945 686 2092 732 modo
2113 698 2348 746 narratur,
2374 692 2441 734 uti
2463 700 2654 736 constat.
2687 695 2759 738 Ne·

1472 756 1532 801 de
1550 757 1710 802 Iambe
1726 757 1878 803 dicam
1892 792 1905 814 ‚
1929 758 2057 818 apud
2074 761 2364 805 Antoninum
2385 762 2491 808 Lib.
2514 778 2556 808 c.
2578 770 2634 816 24
2663 767 2756 810 sive

1471 844 1548 889 ap.
1574 829 1885 886 NIcandrum,
1910 832 2142 875 Antonini
2165 840 2405 876 auctorem
2421 867 2433 889 ‚
2455 835 2668 880 Cererem
2683 853 2757 882 ex·

1471 902 1586 961 cipit
1602 899 1759 963 Μίσμη
1775 937 1788 959 ,
1814 903 2023 947 Ascalabi
2047 911 2211 949 mater.
2233 904 2317 948 Illa
2336 902 2492 965 Μίσμη
2518 921 2628 950 vero
2652 923 2759 966 pro·

1471 974 1546 1018 cul
1567 972 1712 1018 dubio
1732 984 1798 1020 est
1816 974 1941 1019 idem
1960 990 2133 1019 nomen
2154 990 2259 1019 cum
2283 972 2402 1030 Μίση
2418 1010 2431 1035 ,
2454 991 2559 1019 cum
2584 977 2760 1023 Cereris

1471 1046 1600 1090 cultu
1615 1047 1694 1090 illa
1711 1046 1837 1107 apud
1855 1047 2086 1107 Orphicos
2104 1055 2209 1092 ante
2224 1046 2483 1105 conjuncta.
2500 1049 2553 1092 V.
2567 1048 2757 1107 Orphic.

1470 1119 1629 1177 hymn.
1664 1125 1740 1177 41,
1774 1116 1947 1180 ἁγνήν..
1984 1118 2154 1180 Μίσην,
2185 1116 2369 1183 ἄρρητον
2401 1116 2607 1165 ἄνασσαν.
2641 1118 2759 1165 Ean·

1474 1191 1581 1235 dem
1595 1226 1608 1251 ,
1627 1200 1769 1251 puto,
1792 1191 2066 1253 significavit
2088 1192 2250 1238 Suidas
2273 1192 2425 1237 verbis
2446 1208 2456 1236 τ
2482 1190 2634 1250 Μίσις,
2652 1192 2758 1252 ιδος,

1472 1278 1570 1307 non
1599 1264 1757 1308 addita
1791 1265 2117 1323 explicatione.
2151 1265 2367 1323 Denique
2394 1264 2594 1323 Hesych.
2636 1262 2760 1312 Μίσα

1473 1352 1552 1387 τις.
1569 1333 1715 1392 Μίσης
1735 1336 1794 1398 (l.
1814 1334 1938 1393 Μίση
1952 1336 1965 1398 )
1981 1373 1995 1395 ‚
2009 1337 2094 1382 τῶν
2110 1334 2208 1399 περὶ
2227 1334 2304 1392 τὴν
2323 1333 2490 1398 μητέρα
2509 1354 2594 1392 τις,
2612 1334 2665 1392 ἣν
2689 1336 2763 1382 καὶ

1473 1405 1717 1468 ὀμνύουσιν.
1734 1434 1800 1444 —-
1816 1411 1842 1454 J
1845 1425 1918 1453 arn
1944 1425 2090 1471 quum
2105 1410 2221 1453 nihil
2246 1410 2533 1468 frequentius
2553 1410 2610 1452 sit
2625 1425 2763 1468 quam

1473 1489 1525 1525 ut
1553 1491 1750 1542 cognata
1772 1491 1938 1527 natura
1959 1468 2041 1526 sua
2071 1483 2165 1526 sive
2199 1482 2329 1526 cultu
2363 1480 2613 1539 conjuncta
2631 1481 2762 1539 juxta

1473 1563 1712 1612 ponantur
1736 1554 2102 1614 genealogorum
2137 1553 2307 1614 opera,
2331 1568 2429 1596 non
2452 1553 2616 1597 dubito
2646 1554 2760 1613 quin

1475 1626 1602 1685 apud
1628 1627 2050 1686 Harpocrationem
2080 1641 2170 1685 pro
2204 1622 2343 1673 Νίσαν
2385 1624 2681 1669 scribendum
2708 1626 2768 1669 sit

1475 1695 1622 1744 Μίσαν
1652 1699 1723 1744 vel
1754 1695 1931 1756 Μίσην,
1966 1700 2170 1757 itemque
2198 1697 2386 1742 fortasse
2407 1696 2534 1758 apud
2567 1698 2763 1742 Antoni--

1475 1786 1588 1815 num
1608 1772 1639 1814 l.
1668 1772 1710 1816 l..

1815 1885 1899 1930 EX
1932 1882 2115 1930 LIBRO
2152 1885 2429 1930 INCERTO.

2097 2004 2143 2051 4.

1541 2111 1708 2156 Strabo
1732 2112 1851 2169 XII,
1869 2127 1921 2173 p.
1946 2110 2040 2156 550
2073 2128 2083 2155 z
2120 2109 2175 2158 ‘O
2197 2109 2239 2156 δὲ
2259 2107 2542 2174 Παλαίφατός
2574 2126 2702 2172 φησιν
2723 2106 2766 2163 ἐξ

1476 2179 1720 2243 Ἀμαζόνων
1743 2184 1828 2228 τῶν
1853 2184 1897 2228 ἐν
1920 2185 1973 2246 τῇ
1999 2180 2159 2245 Ἀλόπῃ
2178 2180 2404 2229 οἰκούντων
2416 2221 2430 2241 ,
2459 2185 2532 2228 νῦν
2555 2180 2591 2227 δ’
2615 2182 2659 2228 ἐν
2679 2182 2765 2229 Ζι-

1475 2252 1592 2317 λείᾳ,
1612 2252 1684 2299 τὸν
1704 2252 1854 2302 ζΟδίον
1879 2253 1953 2301 καὶ
1972 2253 2043 2300 τὸν
2061 2253 2348 2319 Ἐπίστροφον
2365 2257 2638 2319 στρατεῦσαι.
2659 2255 2764 2299 Ple-

1475 2328 1579 2372 nius
1596 2327 1721 2372 hunc
1744 2329 1900 2373 locum
1919 2328 2238 2373 exhibebimus
2255 2330 2302 2371 in
2317 2327 2588 2372 Menecratis
2609 2327 2765 2370 Elaitae

1477 2399 1533 2446 fr.
1561 2414 1606 2447 2.
1629 2400 1845 2445 Ceterum
1873 2400 2002 2445 vides
2023 2402 2191 2445 Troica
2217 2400 2463 2459 Palaephati
2486 2398 2775 2459 peramplum

1478 2486 1595 2531 opus
1632 2471 1768 2517 fuisse
1809 2473 2096 2532 plenumque
2137 2471 2414 2516 eruditIOnis
2450 2471 2759 2531 periegeticae.

1477 2546 1547 2588 Ex
1585 2542 2012 2604 fragmentishisce
2039 2560 2159 2588 unus
2188 2545 2317 2588 locus
2350 2543 2409 2588 ad
2444 2559 2517 2588 res
2545 2541 2766 2600 Trojanas

1475 2617 1671 2677 propius
1689 2618 1868 2664 attinet.
1887 2619 2056 2662 Totum
2072 2633 2184 2662 vero
2207 2631 2324 2677 opus
2343 2617 2431 2661 tale
2448 2616 2544 2661 fere
2561 2616 2764 2675 cogitare

1478 2690 1722 2746 debemus,
1742 2691 1878 2749 quale
1896 2690 1983 2735 fuit
2005 2691 2027 2735 ὃ
2045 2687 2240 2753 Τρωικὸς
2256 2687 2488 2749 διάκοσμος
2514 2688 2764 2733 doctissimi

1479 2763 1705 2807 Demetrii
1724 2763 1911 2823 Scepsii.

2100 2904 2143 2944 4.

1531 2999 1785 3049 Palaephatus
1803 2997 1899 3037 dicit
1921 2996 2095 3038 Rodium
2121 2995 2161 3035 et
2189 2994 2472 3045 Epistrophum
2494 2990 2654 3043 TroJam
2674 3000 2766 3030 cum

1481 3066 1656 3106 exercitu
1672 3064 1825 3104 venisse
1840 3074 1891 3103 ex
1912 3062 2068 3113 regione
2090 3065 2346 3110 Amazonum,
2362 3059 2510 3109 Alopen
2525 3059 2622 3098 tunc
2633 3086 2644 3106 ,
2662 3066 2766 3097 nuuc

1481 3131 1625 3171 Zeliam
1641 3126 1959 3169 inhabitantium.
2554 3127 2562 3134 ·
