3016 4628
263 300 352 340 168

254 400 365 446 ἀλλὰ
387 398 522 462 κύριοι
543 396 697 461 κρίνειν
711 394 792 442 εἰσὶ
804 394 878 443 καὶ
898 398 958 460 τῷ
986 393 1232 460 βουλομένῳ
1248 400 1335 447 τοῖς
1352 394 1543 457 εἰσφερο-

255 471 396 533 μένοις
414 471 626 515 ἀντειπεῖν
647 486 824 526 εςεστιν,
835 466 974 533 ὅπερ’
955 487 999 514 εν
1009 473 1102 521 ταῖς
1123 465 1286 530 ἑτέραις
1305 462 1538 516 πολιτείαις

252 546 329 590 οὐκ
351 541 483 590 ἔστιν.
510 541 560 604 (4)
584 539 709 589 Τὸ’λ
667 546 710 587 ὃ·
735 539 812 594 τὰς
837 538 1099 604 πενταρχίας
1118 538 1267 613 κυρίας
1283 535 1411 589 οὔσας
1429 535 1542 581 πολ-

252 618 339 667 λων
364 633 438 661 και
464 611 661 676 μεγάλων
679 612 748 678 ὑφ’
773 614 913 660 αυτῶν
929 610 1100 677 αἱρετὰς
1121 614 1252 667 εἶναι,
1272 627 1346 655 και
1364 606 1539 663 τὴντῶν

253 686 405 734 ἑκατὸν
433 685 593 741 ταύτας
620 688 832 750 αἱρεῖσθαι
866 684 944 742 τὴν
981 683 1186 746 μεγίστην
1226 679 1380 745 ἀρχὴν,
1409 675 1539 725 ἔτιδὲ

252 760 411 814 ταύτας
443 758 619 806 πλείονα
651 757 798 823 ἄρχειν
827 755 977 821 χρόνον
1021 774 1106 802 των
1144 754 1287 800 ἄλλων
1329 749 1432 813 (καὶ
1455 747 1538 836 γὰρ

256 830 608 888 ἐξεληλυθότες”
580 849 761 896 αρχουσι
795 829 869 877 καὶ
895 826 1152 891 μέλλοντες)
1178 821 1470 910 ὀλιγαρχικὸν,
1491 820 1540 866 τὸ

256 905 291 950 δ’
318 903 523 966 ἀμίσθους
540 903 611 950 καὶ
630 901 690 965 μὴ
726 899 968 965 κληρωτὰς,
999 895 1352 988 ἀριστοκρατικὸν
1377 892 1470 940 θετε
1453 910 1537 978 ἶον,

254 995 328 1022 και
352 976 646 1027 εἴτιτοιοῧτον
670 973 825 1038 ἕτερον,
852 971 926 1018 καὶ
941 970 990 1018 τὸ
1002 969 1079 1023 τὰς
1095 968 1252 1021 δίκας
1237 965 1319 1013 υπὸ
1341 983 1428 1012 των
1451 965 1532 1028 ἀρ·-

252 1047 382 1112 χείων
402 1048 576 1095 πάντων
590 1045 833 1101 δικάζεσθαι
854 1042 1014 1099 πάσας,
1037 1040 1109 1087 καὶ
1126 1038 1186 1098 μὴ
1205 1037 1378 1090 ἄλλας
1362 1035 1433 1083 υπ’
1446 1034 1538 1081 ἄλ-

252 1122 354 1179 λων,
371 1119 561 1184 καθάπερ
588 1120 631 1166 ἐν
659 1115 964 1177 Λακεδαίμονι.
991 1112 1044 1178 (5)
1074 1108 1368 1175 Παρεκὸαίνει
1394 1107 1439 1155 δὲ
1462 1111 1539 1165 τ’ἧς

253 1190 581 1257 ἀριστοκρατίας
599 1194 625 1247 ἡ
647 1188 720 1236 τάῖ
703 1208 760 1243 ις
779 1190 861 1234 τῶν
884 1181 1192 1249 Καρχηδονίων
1219 1180 1406 1244 μάλιστα
1434 1178 1539 1243 πρὸς

251 1262 330 1321 τὴν
347 1263 600 1353 ὀλιγαρχίαν
617 1260 727 1323 κατά
749 1279 843 1306 τινα
858 1256 1059 1314 διάνοιαν,
1075 1255 1102 1312 ἢ
1125 1256 1320 1301 συνδοκεῖ
1331 1258 1420 1306 τοῖς
1433 1252 1539 1298 πολ-

253 1338 371 1390 λοῖς·
397 1338 445 1383 οὗ
471 1335 554 1399 γὰρ
584 1333 712 1396 μόνον
750 1329 1010 1396 ἀριστίνδην,
1045 1326 1155 1374 ἀλλὰ
1181 1326 1254 1374 καὶ
1277 1323 1537 1381 πλουτίνδην

254 1408 416 1456 οἴονται
456 1408 541 1454 δεῖν
575 1407 786 1470 αἱρεῖσθαι
825 1421 920 1455 τους
957 1402 1160 1491 ἄρχοντς·
1209 1396 1419 1445 ἀδύνατον
1453 1395 1537 1461 γὰρ

253 1481 326 1527 τὸν
348 1483 594 1544 ἀπορουντα
614 1475 801 1530 καλῶς
774 1493 919 1540 αρχειν
945 1474 1018 1520 καὶ
1043 1469 1282 1536 σχολάζειν.
1312 1469 1450 1535 Εἴπερ
1467 1473 1538 1517 οὖν

252 1552 302 1599 τὸ
334 1552 411 1614 μὲν
437 1554 529 1616 αἶρε
511 1556 646 1598 εἷσθαι
671 1547 926 1602 πλουτίνδην
966 1542 1264 1608 ὀλιγαρχικὸν,
1286 1542 1333 1589 τὸ
1366 1541 1409 1589 δὲ
1436 1540 1535 1589 κατ’

254 1624 413 1689 ἀρετὴν
451 1620 816 1688 ἀριστοκρατικὸν,
841 1619 949 1677 αὕτη
974 1637 1036 1672 τις
1059 1616 1110 1664 ἂν
1138 1616 1203 1674 εἴη
1227 1615 1345 1672 τάξις
1371 1614 1495 1681 τρίτη
1513 1653 1528 1678 ,

253 1699 348 1744 καθ’
371 1696 506 1760 ἥνπερ
531 1694 811 1742 συντέτακται
831 1711 903 1738 και
920 1694 1005 1745 τοῖς
1023 1688 1339 1754 Καρχηδονίοις
1361 1687 1418 1736 τὰ
1438 1687 1539 1753 περὶ

251 1769 331 1827 τὴν
357 1767 600 1815 πολιτείΛαν
625 1769 844 1831 αἱροῦνται
867 1763 948 1828 γὰρ
973 1766 1031 1818 εἷς
1053 1762 1128 1810 δύο
1147 1766 1285 1809 ταῦτα
1309 1760 1539 1826 βλέποντες

251 1841 325 1887 καὶ
351 1839 538 1903 μάλιστα
570 1838 646 1893 τὰς
680 1837 899 1901 μέγιστας,
918 1835 1015 1890 τούς
1046 1854 1093 1883 τε
1121 1836 1314 1899 βασιλεῖς
1345 1833 1535 1889 καὶτοὺς

253 1912 530 1976 στρατηγούς.
565 1912 618 1975 (6)
639 1914 716 1959 Δεῖ
742 1908 784 1957 δὲ
818 1908 1000 1971 νομίζειν
1026 1905 1266 1972 ἁμάρτημα
1300 1905 1533 1969 νομοθέτου

251 1986 328 2043 τὴν
358 1984 623 2050 παρέκὸασιν
661 1976 768 2030 εἶναι
806 2002 881 2039 της
905 1979 1237 2052 ἀριστοκρατίας
1279 1978 1464 2038 ταύτην.·
1474 1978 1516 2034 ἐξ

260 2060 397 2122 ἀρχης
420 2056 502 2121 γὰρ
537 2055 651 2103 ’rouo’
671 2053 816 2120 ὁρᾶν”
793 2074 883 2102 εστι
909 2073 992 2100 των
1020 2050 1389 2117 ἀναγκαιοτάτων,
1423 2053 1540 2105 ὅπως

249 2207 341 2234 cum
359 2195 603 2238 senatoribus
621 2195 852 2244 potestatem
869 2193 1016 2232 habent
1031 2192 1141 2231 aliud
1155 2192 1205 2231 ad
1220 2191 1416 2242 populum
1431 2190 1534 2230 defe—
1567 2193 1575 2250 l
1610 2192 1812 2242 culpaque
1827 2192 2018 2233 occidisse
2030 2193 2293 2233 existimanda
2301 2194 2375 2232 est.
2395 2194 2496 2232 Nam
2511 2192 2646 2232 statim
2654 2184 2828 2232 ab‘initio
2838 2192 2917 2232 hoc
2963 2235 2966 2238 ,
2995 2174 2998 2187 ¹

250 2259 384 2308 rendi,
402 2258 510 2297 aliud
526 2269 606 2304 non
625 2257 823 2297 deserendi
834 2286 845 2307 ,
866 2257 898 2297 si
913 2257 1075 2307 quidem
1091 2267 1229 2295 omnes
1251 2256 1356 2295 inter
1371 2266 1414 2295 se
1432 2266 1530 2294 con-

249 2325 438 2376 senserint
453 2340 465 2375 ;
485 2324 545 2363 sin
559 2323 690 2363 minus
703 2353 713 2371 ‚
729 2334 848 2373 penes
865 2323 1059 2373 populum
1079 2321 1289 2362 arbitrium
1309 2321 1349 2361 et
1360 2321 1536 2371 potestas

249 2392 317 2428 est.
348 2393 446 2437 Quae
465 2391 601 2429 autem
621 2388 663 2427 hi
677 2388 849 2427 atterunt
864 2388 913 2427 ad
926 2388 1142 2438 populum,
1159 2398 1240 2427 non
1257 2386 1376 2426 modo
1393 2397 1536 2426 renun-

249 2455 345 2493 tiant
362 2454 506 2505 populo
518 2484 528 2503 ,
557 2455 603 2493 ut
626 2452 763 2492 audiat
786 2463 878 2503 quae
895 2453 1042 2493 fuerint
1058 2464 1082 2492 a
1099 2452 1342 2503 principibus
1360 2452 1537 2492 civitatis

248 2519 425 2570 decreta,
441 2531 580 2559 verum
596 2518 715 2559 etiam
733 2519 859 2558 cuivis
874 2518 923 2559 de
938 2519 1085 2570 populo
1101 2521 1241 2558 contra
1263 2530 1311 2559 ea
1330 2530 1422 2570 quae
1437 2519 1537 2559 atre-

251 2586 405 2633 runtur,
429 2584 559 2623 dicere
573 2583 665 2622 licet
687 2598 696 2622 ε
721 2582 830 2633 quod
848 2594 929 2622 non
946 2583 992 2622 fit
1017 2583 1059 2622 in
1081 2582 1215 2623 alteris
1231 2582 1537 2633 rebuspublicis.

251 2648 304 2695 (ἐι)
327 2647 444 2693 Quod
464 2648 598 2686 autem
621 2646 880 2698 pentarchiae,
909 2646 950 2685 id
977 2647 1037 2686 est
1085 2646 1440 2701 quinqueviratus‚
1467 2646 1539 2697 qui

250 2713 342 2749 sunt
354 2711 569 2759 multarum
585 2721 898 2760 magnarumque
921 2721 1059 2757 rerum,
1077 2711 1283 2761 compotes
1293 2711 1415 2761 atque
1430 2710 1539 2749 arbi·

251 2774 327 2823 tri,
344 2776 383 2813 et
401 2785 426 2813 a
442 2785 483 2814 se
497 2774 567 2824 ipsi
584 2774 783 2828 leguntur,
801 2777 843 2825 et
854 2775 1148 2819 centumvirum
1162 2764 1455 2827 magistratum,
1470 2774 1540 2824 qui

250 2830 619 2893 amplissimus'est,
650 2838 825 2888 eligunt;
849 2842 1120 2890 praetereaque
1158 2839 1267 2895 quod
1286 2840 1539 2890 pentarehae,

252 2902 401 2954 seuqui
422 2901 739 2953 pentarchjarum
756 2902 915 2948 nomine
927 2903 1202 2953 magistratum
1215 2904 1374 2953 gerunt,
1391 2903 1543 2943 diutius

250 2966 390 3014 gerunt
420 2965 689 3014 magistratum
716 2976 835 3015 quam
858 2968 977 3006 ceteri
994 2967 1111 3016 (nam
1141 2968 1182 3006 et
1202 2978 1369 3020 munere
1391 2968 1537 3017 egressi

251 3030 290 3066 et
309 3027 498 3078 egressuri
517 3028 789 3077 magistratum
803 3030 1001 3083 quendam
1010 3032 1184 3081 gerunt),
1202 3031 1280 3070 hoc
1295 3031 1345 3069 ad
1357 3032 1537 3081 potenta-

252 3093 339 3129 tum
359 3095 574 3141 paucorum
593 3091 775 3140 pertinet.
797 3093 914 3139 Quod
935 3096 1070 3143 autem
1088 3094 1171 3134 sine
1190 3093 1376 3134 mercede
1398 3096 1439 3134 et
1459 3095 1544 3142 sine

252 3153 458 3206 sortitione
475 3152 601 3203 liunt,
621 3154 695 3193 hoc
717 3154 768 3194 ad
788 3156 1040 3205 optimatium
1060 3157 1327 3208 principatum
1347 3159 1545 3208 pertinere

255 3216 510 3260 statuendum
527 3218 600 3266 est,
621 3218 660 3256 et
675 3217 707 3257 si
734 3219 826 3267 quid
844 3220 970 3259 simile
985 3221 1092 3260 aliud
1125 3222 1206 3272 est,
1239 3222 1299 3261 uti
1321 3222 1420 3261 illud
1435 3222 1545 3273 quod

254 3282 341 3321 lites
357 3283 396 3320 et
415 3282 694 3321 controversiae
709 3294 846 3323 omnes
865 3285 914 3324 ab
941 3286 1148 3335 omnibus,
1176 3286 1243 3336 qui
1267 3286 1544 3336 magistratum

255 3346 419 3394 gerunt,
437 3344 716 3395 disceptantur,
737 3357 815 3385 non
835 3347 920 3387 aliae
937 3349 986 3387 ab
1005 3348 1110 3398 aliis,
1122 3349 1461 3400 quemadmodum
1476 3353 1546 3400 La-

254 3407 494 3451 cedoemonc.
563 3409 618 3459 (5)
641 3409 821 3450 Deflectit
844 3414 977 3451 autem
1010 3414 1187 3452 maxime
1218 3413 1268 3453 ab
1287 3414 1544 3466 optimatium

254 3472 474 3523 principatu
508 3472 556 3512 ad
597 3483 814 3523 paucorum
846 3477 1019 3517 maxime
1049 3480 1299 3528 potentatum
1334 3480 1542 3530 Cartbagi-

256 3536 448 3576 niensium
466 3535 692 3587 reipublicae
705 3539 933 3586 constitutio
948 3549 997 3579 cx
1009 3542 1181 3591 quadam
1199 3542 1387 3592 opinione
1399 3553 1423 3588 a
1438 3545 1544 3584 mul-

187 3612 190 3617 ¹
254 3602 304 3640 tis
319 3602 497 3652 probata.
513 3604 602 3644 Non
618 3602 724 3641 enirn
741 3604 928 3647 virtutem
942 3607 1086 3658 solum,
1103 3619 1244 3646 verum
1257 3608 1378 3647 etiam
1388 3608 1545 3653 divitias

254 3668 292 3705 in
318 3666 504 3717 eligendis
530 3668 821 3715 magistratibus
847 3672 986 3718 putant
1021 3674 1188 3721 spectari
1211 3674 1409 3723 oportere.
1441 3676 1545 3715 Fieri

253 3732 358 3770 enim
381 3742 459 3770 non
476 3742 588 3782 posse
603 3731 844 3771 arbitrantur
861 3736 904 3779 ut
925 3735 978 3782 is,
1007 3736 1071 3782 cui
1099 3737 1243 3787 desunt
1263 3738 1328 3778 rei·
1342 3739 1546 3779 familiaris

254 3795 484 3847 facultates,
504 3795 585 3834 otio
611 3796 828 3842 necessario
845 3796 995 3841 fruatur
1010 3800 1050 3837 et
1087 3802 1191 3839 recte
1207 3801 1393 3851 fungatur
1418 3803 1545 3853 magi·

253 3862 392 3899 stratu.
412 3861 451 3901 Si
466 3860 581 3910 igitur
598 3860 898 3911 magistratuum
918 3863 1057 3902 electio
1071 3876 1091 3904 e
1105 3876 1225 3905 censu
1247 3867 1350 3907 sacta
1370 3867 1420 3907 ad
1445 3879 1543 3918 pau-

253 3936 391 3964 corum
413 3926 661 3976 potentatum
692 3926 876 3976 pertinet3
902 3935 952 3965 cx
979 3928 1126 3968 virtute
1152 3942 1267 3980 vcro,
1300 3932 1350 3971 ad
1372 3934 1543 3983 optima-

255 3991 355 4030 tium
376 3990 640 4041 principatum
671 4006 679 4029 :
714 3991 801 4030 haec
832 3992 951 4031 tertia
978 3992 1097 4033 luerit
1123 3995 1348 4044 reipublicae
1373 3998 1543 4038 admini-

255 4054 425 4093 strandae
442 4054 541 4094 ratio
554 4065 600 4094 ac
612 4054 822 4104 descriptio
839 4066 917 4104 qua
943 4056 1283 4107 Carthaginienses
1295 4062 1476 4101 utuntur.
1499 4064 1544 4101 ln

255 4118 441 4167 eligendis
460 4118 564 4157 enim
593 4118 906 4168 magistratibus,
928 4118 1054 4169 iisque
1072 4122 1276 4172 maximiS,
1303 4124 1458 4174 regibus
1477 4125 1545 4164 sci·

257 4182 402 4222 licetret
422 4183 736 4236 imperatoribus,
749 4182 834 4224 lnaec
847 4183 1047 4224 duosimul
1073 4188 1265 4236 spectant.
1283 4189 1338 4238 (6)
1359 4193 1454 4230 liceo
1472 4200 1543 4229 au·

258 4249 336 4284 tem
353 4246 401 4283 ab
417 4247 650 4296 optimatum
666 4247 884 4297 principatu
898 4247 1105 4288 declinatio
1123 4250 1257 4291 latoris
1280 4253 1371 4303 legis
1383 4254 1544 4303 peccato

1154 281 1551 332 ARISTOTELIS
1587 275 1991 328 FRAGMENTA.
2021 335 2028 339 ἱ

1618 393 1656 439 οἱ
1680 389 1892 454 βέλτιστοι
1907 385 2116 434 δύνωνται
2134 384 2383 451 σχολάζειν,
2399 387 2473 432 καὶ
2491 382 2625 449 μηδὲν
2643 387 2914 454 ἀσχημονεῖν

1619 462 1678 525 μὴ
1708 461 1836 524 μόνον
1865 459 2084 525 ἄρχοντες,
2111 456 2223 504 ἀλλὰ
2247 457 2348 520 μηδ’
2371 456 2675 515 ἰδιωτεύοντες.
2699 461 2757 510 Et
2777 457 2823 508 δὲ
2845 460 2914 508 δεῖ
2945 458 2947 463 ’
2984 470 2989 484 ²

1619 533 1790 598 βλέπειν
1815 530 1890 578 καὶ
1924 528 2030 594 πρὸς
2057 527 2262 592 εὐπορίαν
2299 526 2428 594 χάριν
2454 531 2644 594 σχολης,
2670 533 2834 595 φαυλον
2854 530 2912 579 τὸ

1614 605 1692 659 τὰς
1719 603 1925 667 μεγίστας
1946 600 2116 659 ὠνητὰς
2143 594 2253 648 εἶναι
2275 604 2361 659 τῶν
2389 603 2554 667 ἀρχῶν,
2583 601 2664 662 τήν
2691 621 2740 652 τε
2781 607 2911 670 βασι·
2985 605 2995 660 Ϊι

1614 676 1733 724 λείαν
1747 674 1912 732 καὶτὴν
1925 672 2208 739 στρατηγίαν·
2220 671 2391 736 ἔντιμον
2403 668 2910 739 γὰρὸνόμοςοῧτοςποιεῖ
2955 708 2957 710 -
2991 686 2993 689 “

1614 748 1686 794 τὸν
1711 748 1894 794 πλοῦτον
1914 746 2082 808 μᾶλλον
2113 749 2192 804 τ’ῆς
2213 746 2394 810 ἀρετης,
2431 745 2508 794 καὶ
2539 745 2619 805 τὴν
2651 746 2780 796 πόλιν
2802 746 2910 806 ὅλην·
2986 797 2993 814 ÷

1615 817 1960 884 φιλοχρήματον.
1991 816 2042 881 (7)
2063 815 2130 867 “O
2147 836 2188 865 τι
2210 816 2254 865 δὲ
2281 817 2334 866 ἂν
2348 817 2546 884 ὖπολάὸῃ
2563 818 2706 883 τίμιον
2730 815 2912 868 εἶναιτὸ

1613 889 1773 954 κύριον,
1799 888 1965 953 ἀνάγκη
1981 888 2056 936 καὶ
2075 888 2153 948 τὴν
2170 892 2255 938 τῶν
2281 889 2426 939 ἄλλων
2446 893 2637 940 πολιτων
2659 891 2784 948 δόξαν
2807 893 2911 940 ἀκο-
2988 934 2999 938 -

1613 962 1778 1009 λουθεῖν
1806 961 1997 1016 τούτοις·
2025 960 2134 1010 ὅπου
2159 961 2204 1009 δὲ
2232 961 2295 1025 μὴ
2321 962 2513 1025 μάλιστα
2544 962 2675 1029 ἀρετὴ
2698 970 2910 1026 τιμᾶται,

1612 1032 1775 1093 ταύτην
1800 1036 1882 1098 οὐχ
1902 1026 1990 1082 οἶόν
2025 1053 2070 1082 τε
2095 1026 2208 1083 εἰναι
2237 1035 2424 1101 βεὸαίως
2448 1037 2808 1102 ἀριστοκρατικὴν
2829 1055 2910 1084 πο-

1612 1106 1795 1157 λιτείαν.
1814 1105 2059 1163 Ἐθίζεσθαι
2085 1108 2122 1154 δ’
2147 1107 2321 1172 εὔλογον
2345 1108 2582 1176 κερδαίνειν
2599 1108 2699 1165 τοὺς
2715 1109 2911 1173 ὠνουμέ-

1613 1198 1728 1238 νους,
1748 1199 1852 1227 οταν
1876 1179 2208 1238 δαπανήσαντες
2229 1181 2448 1246 ἄρχωσιν·
2468 1181 2630 1231 ἄτοπον
2649 1180 2750 1249 γὰρ,
2763 1184 2807 1230 ἐἷ
2830 1180 2912 1230 πέ-

1613 1272 1690 1310 νης
1711 1251 1790 1313 μὲν
1811 1249 1871 1300 ὢν
1897 1251 2094 1311 ἐπιεικὴς·
2110 1252 2155 1300 δὲ
2178 1253 2441 1318 βουλήσεται
2465 1255 2720 1321 κερδαίνειν,
2743 1253 2910 1320 φαυλό-

1613 1343 1734 1390 τερος
1771 1325 1808 1371 δ’
1835 1325 1894 1372 ὢν
1925 1326 1973 1372 06
2013 1325 2277 1390 βουλήσεται
2301 1327 2576 1385 δαπανήσας.
2610 1327 2691 1376 Διὸ
2715 1328 2781 1376 δεῖ
2812 1326 2911 1383 τοὺς

1615 1396 1879 1460 δυναμένους
1905 1399 2204 1464 ἀρισταρχεῗν,
2224 1398 2400 1463 τούτους
2419 1400 2587 1466 ἄρχειν.
2613 1402 2791 1450 Βέλτιον
2813 1401 2851 1448 δ’
2873 1402 2912 1449 εἷ

1614 1470 1688 1519 καὶ
1716 1477 1891 1538 προεῖτο
1911 1470 1992 1530 τὴν
2026 1471 2230 1539 εὐπορίαν
2262 1476 2348 1522 τῶν
2373 1476 2572 1523 ἐπιεικῶν
2605 1476 2628 1522 ὃ
2659 1472 2912 1537 νομοθέτης,

1615 1542 1772 1591 ἀλλα’
1748 1543 1971 1609 αρχόντων
1995 1564 2044 1609 γε
2067 1546 2370 1609 ἐπιμελεῖσθαι
2393 1566 2471 1606 της
2493 1548 2670 1612 σχολῆς.
2701 1545 2752 1612 (8)
2779 1547 2911 1595 Φαῦ-

1613 1618 1687 1665 λον
1709 1616 1792 1664 δ’
1771 1636 1823 1664 αν
1851 1615 2007 1672 δόξειεν
2031 1622 2141 1665 εἶναι
2166 1618 2242 1666 καὶ
2261 1618 2310 1666 τὸ
2331 1618 2504 1674 πλείους
2523 1616 2662 1685 ἀρχὰς
2679 1639 2754 1668 τον
2782 1618 2913 1668 αὐτὸν

1615 1689 1780 1754 ἄρχειν,
1798 1687 1903 1754 ὅπερ
1924 1690 2145 1752 εὐδοκιμεῖ
2159 1689 2282 1756 παρὰ
2296 1697 2385 1745 τοῖς
2405 1689 2743 1758 Καρχηδονίοις·
2764 1689 2814 1739 ἓν
2828 1690 2915 1755 γὰρ
2953 1684 2957 1734 s

1614 1762 1684 1826 ὑφ’
1710 1760 1846 1814 ἑνὸς”
1823 1780 1944 1826 εργον
1967 1761 2108 1829 ἄριστ’
2135 1764 2426 1822 ἀποτελεῖται.
2450 1765 2529 1811 Δεῖ
2546 1763 2582 1810 δ’
2605 1761 2722 1818 ὅπως
2739 1762 2912 1828 γίνηται
2952 1768 2955 1775 “
2995 1823 2998 1826 Δ

1613 1835 1728 1896 τοῦθ’
1748 1837 1850 1899 ὁρᾶν
1868 1833 1940 1897 τὸν
1960 1834 2210 1897 νομοθέτην,
2223 1835 2297 1883 καὶ
2319 1835 2379 1899 μὴ
2398 1834 2682 1903 προστάττειν
2694 1835 2767 1885 τὸν
2782 1836 2912 1884 αὐτὸν
2956 1894 2958 1897 .

2129 1907 2151 1918 m

1615 1907 1760 1953 αὐλεῖν
1790 1905 1865 1953 καὶ
1890 1925 2191 1969 σκυτοτομειν.
2216 1904 2360 1963 *Ὥσθῖ
2376 1907 2484 1956 ὅπου
2510 1907 2572 1972 μὴ
2598 1906 2734 1975 μικρὰ
2753 1908 2877 1962 πόλις
2893 1945 2909 1967 ,

1615 1977 1949 2044 πολιτικώτερον
1975 1978 2178 2035 πλείονας
2204 1978 2404 2044 μετέχειν
2427 1982 2513 2028 τῶν
2539 1982 2702 2046 ἀρχῶν,
2726 1979 2802 2028 καὶ
2829 1981 2915 2038 δη·
2961 2015 2963 2018 -
2996 2011 2997 2014 =

1618 2050 1908 2117 μοτικώτερον
1924 2070 1935 2080 ·
1955 2051 2201 2119 κοινότερόν
2221 2071 2269 2100 τε
2287 2052 2388 2118 γὰρ,
2411 2051 2605 2118 καθάπερ
2623 2051 2819 2116 εἴπομεν,
2838 2052 2916 2102 καὶ
2956 2088 2959 2096 ,
2996 2076 2999 2077 ⁷

1610 2255 1791 2306 inprimis
1825 2256 2026 2307 provideri
2041 2256 2159 2297 debet
2170 2286 2182 2307 ,
2202 2257 2250 2296 ut
2265 2256 2338 2295 viri
2358 2256 2500 2307 opti-mi
2519 2255 2634 2295 otiari
2647 2255 2800 2307 possint
2820 2267 2915 2296 cum

1610 2320 1743 2371 aliqua
1751 2320 1955 2373 dignitate,
1966 2322 2038 2362 aut
2049 2322 2157 2362 certe
2165 2321 2250 2362 sine
2265 2321 2395 2372 specie
2402 2321 2570 2361 deformi
2583 2322 2705 2372 atque
2713 2320 2915 2371 indecora;

1608 2383 1732 2435 idque
1755 2396 1838 2425 non
1862 2386 1994 2426 solum
2013 2386 2208 2437 quamdiu
2233 2385 2440 2437 publicam
2478 2395 2692 2436 personam
2719 2385 2917 2426 sustinent

1610 2448 1969 2500 magistratumque
1979 2451 2138 2500 gerunt,
2153 2460 2296 2490 verum
2310 2449 2431 2491 etiam
2443 2459 2571 2500 quum
2581 2449 2708 2489 vltam
2719 2449 2916 2500 privatam

1611 2514 1776 2565 degunt.
1808 2515 1963 2562 Quodsi
1995 2516 2066 2556 otii
2082 2517 2209 2566 gratia
2223 2516 2345 2555 etiam
2361 2515 2410 2555 ad
2427 2514 2638 2555 facultates
2651 2514 2692 2555 et
2710 2513 2844 2565 copias
2860 2513 2916 2559 rei

1611 2578 1816 2619 familiaris
1844 2579 2112 2620 attendendus
2147 2579 2308 2620 animus
2338 2579 2420 2629 est,
2455 2589 2634 2618 summos
2662 2577 2918 2628 magistratus

1613 2645 1751 2683 tamen
1769 2673 1781 2694 ,
1799 2655 1970 2695 regnum
1991 2645 2032 2684 et
2047 2644 2262 2695 imperium
2279 2643 2471 2684 bellicum
2482 2673 2495 2694 ,
2519 2653 2604 2683 esse
2619 2642 2800 2692 venales,
2825 2651 2913 2680 ma-

1612 2709 1698 2748 lum
1719 2710 1795 2750 est.
1814 2709 1946 2750 Efficit
1979 2710 2086 2750 enim
2110 2710 2200 2750 haec
2232 2710 2323 2760 lex,
2345 2710 2391 2749 ut
2415 2708 2569 2759 maJore
2586 2708 2628 2748 in
2646 2707 2775 2759 pretio
2794 2708 2916 2758 atque

1614 2775 1766 2814 honore
1781 2775 1860 2815 sint
1875 2774 2025 2815 divitiae
2035 2806 2048 2827 ,
2069 2787 2192 2827 quam
2220 2775 2352 2815 virtus
2365 2804 2377 2825 ,
2395 2775 2436 2814 et
2450 2775 2496 2814 ut
2507 2775 2595 2814 tota
2610 2773 2750 2813 civitas
2766 2772 2914 2812 immo-

1614 2839 1752 2879 derato
1768 2839 1954 2890 pecuniae
1976 2839 2111 2879 studio
2136 2839 2188 2878 sit
2202 2838 2352 2878 dedita.
2377 2838 2432 2888 (7)
2459 2837 2664 2888 Quidquid
2679 2837 2814 2876 autem
2838 2835 2913 2875 ho-
2961 2836 2963 2838 ’

1615 2904 1806 2942 noratum
1831 2903 2028 2953 principes
2048 2900 2223 2942 civitatis
2242 2901 2524 2951 existimarint,
2550 2900 2658 2940 idem
2681 2901 2722 2940 et
2745 2898 2912 2949 reliquis
2962 2927 2970 2946 „

1616 2966 1774 3012 civibus
1800 2967 1883 3007 tale
1909 2966 2095 3006 videatur
2112 2975 2274 3006 necesse
2289 2966 2365 3005 est.
2384 2968 2474 3012 Qua
2489 2965 2626 3004 autem
2647 2963 2690 3003 in
2709 2963 2915 3013 republica

1615 3042 1700 3078 non
1717 3032 1893 3072 maximo
1909 3032 1951 3072 in
1968 3032 2119 3072 bonore
2133 3031 2341 3082 pretioque
2353 3030 2480 3071 virtus
2496 3031 2571 3079 est,
2591 3029 2681 3068 haec
2691 3027 2915 3079 respublica
2967 3032 2969 3035 ⁴
2998 3022 3001 3042 ¹

1615 3098 1667 3138 ad
1696 3097 1881 3139 stabilem
1906 3097 2166 3149 optimatium
2191 3091 2463 3147 principatum
2486 3093 2601 3134 nullo
2630 3091 2754 3132 modo
2775 3101 2914 3143 perve-

1616 3162 1704 3202 nire
1730 3163 1880 3213 potest.
1925 3162 2246 3206 Consentaneum
2274 3171 2394 3210 porro
2415 3160 2475 3199 est
2494 3169 2586 3208 eos,
2609 3156 2681 3208 qui
2699 3155 2913 3207 magistra-

1615 3229 1682 3268 tus
1700 3231 1898 3276 emerunt,
1914 3238 2042 3278 quum
2058 3227 2276 3277 impensam
2297 3225 2488 3267 fecerint
2477 3236 2519 3264 ιιι
2538 3209 2832 3287 magistratt’xm,
2847 3232 2914 3262 as-

1615 3302 1797 3336 sufficere
1811 3293 2012 3342 quaestum
2025 3291 2168 3330 facere.
2199 3289 2391 3330 Omnium
2406 3288 2512 3329 enim
2526 3284 2691 3328 minime
2709 3284 2916 3337 probabile
2948 3296 2950 3300 ’

1617 3357 1701 3405 est,
1729 3355 1761 3395 si
1795 3355 1957 3406 quidem
1983 3365 2150 3405 pauper,
2181 3353 2251 3393 sed
2278 3355 2414 3392 tamen
2442 3351 2506 3391 vir
2536 3351 2688 3400 bonus,
2729 3350 2912 3400 quaestus
2945 3367 2951 3375 ·=
3000 3371 3002 3374 >

1618 3419 1789 3460 faciendi
1816 3419 2068 3458 voluntatem
2101 3417 2271 3466 habeat,
2311 3415 2517 3459 bominem
2551 3413 2812 3462 deteriorem,
2844 3412 2914 3463 qui

1616 3485 1822 3534 sumptum
1833 3483 1984 3539 fecerit,
2000 3482 2147 3522 lucrari
2156 3481 2275 3523 noue.
2295 3483 2545 3531 Quapropter
2560 3477 2720 3528 oportet
2735 3487 2825 3526 eos,
2844 3476 2914 3526 qui
2951 3478 2955 3484 ’

1616 3547 1766 3598 optime
1780 3558 1948 3599 praeesse
1958 3546 2186 3597 reipublicae
2203 3549 2392 3596 possunt,
2409 3543 2483 3588 bos
2494 3551 2680 3593 praeesse.
2694 3539 2915 3582 Praestabat
2953 3533 2965 3598 :ff
3001 3588 3003 3590 ¹

1616 3614 1749 3652 autem
1757 3641 1767 3660 ,
1781 3612 1853 3652 etsi
1862 3609 2124 3661 impediendae
2131 3607 2519 3654 virorumbonorum
2526 3604 2752 3655 indigentiae
2762 3603 2914 3644 nullam
3002 3620 3004 3629 v

1617 3686 1755 3723 curam
1768 3675 1964 3726 legislator
1978 3672 2176 3722 hahuerit,
2188 3673 2231 3712 at
2238 3672 2347 3714 certe
2360 3669 2667 3721 magistratuum
2678 3667 2764 3713 otio
2773 3677 2912 3719 consu-
2953 3671 2958 3706 ;
3001 3703 3004 3706 .

1618 3743 1699 3782 lere
1713 3753 1760 3786 ac
1777 3741 2011 3793 prospicere.
2030 3739 2085 3791 (8)
2099 3738 2250 3779 Malum
2265 3737 2401 3779 autem
2409 3745 2494 3776 osse
2510 3733 2669 3775 videtur
2684 3732 2805 3778 etiam
2819 3731 2912 3787 boc,
2959 3773 2961 3778 ,

1617 3807 1788 3848 eundem
1801 3807 2002 3847 hominem
2012 3805 2146 3856 pluras
2160 3801 2414 3854 magistratus
2425 3798 2584 3852 gerere‘:
2613 3797 2723 3849 quod
2748 3795 2914 3848 quidem

1620 3872 1727 3923 apud
1747 3870 2089 3920 Carthaginienses
2111 3865 2375 3907 honorificum
2405 3866 2446 3905 et
2468 3863 2687 3915 gloriosum
2714 3862 2789 3902 est.
2811 3862 2913 3901 Nam
2951 3910 2956 3916 ι
3004 3896 3006 3898 ,

1617 3947 1745 3976 unum
1766 3945 1867 3986 opus
1881 3933 1934 3973 ab
1953 3943 2034 3972 uno
2049 3931 2200 3983 optime
2212 3929 2430 3982 perficitur.
2451 3926 2619 3979 Oportet
2634 3936 2728 3966 vero
2743 3925 2915 3977 latorem
2950 3940 2958 3955 ’-

1617 3998 1735 4048 legis‚
1764 3998 1808 4037 ut
1830 3997 1908 4036 hoc
1929 3995 2025 4044 fiat,
2045 4004 2207 4045 operam
2223 3992 2334 4041 dare,
2355 4002 2437 4031 non
2459 3993 2507 4031 ut
2532 3990 2640 4030 idem
2659 3990 2700 4029 et
2721 3987 2820 4028 tibia
2843 3997 2907 4026 ca·
2950 3998 2961 4031 ,⁴

1617 4064 1686 4103 nat
1706 4062 1746 4105 et
1761 4060 1952 4101 sutoriam
1980 4059 2125 4107 saciat,
2153 4057 2357 4107 negotium
2372 4055 2480 4095 dare.
2505 4055 2646 4104 Itaque
2663 4052 2734 4092 ubi
2753 4061 2834 4091 non
2850 4051 2950 4094 estr-

1618 4135 1740 4177 parva
1759 4124 1914 4173 civitas,
1932 4122 2090 4163 civilius
2104 4122 2164 4162 est
2191 4121 2326 4172 plures
2345 4130 2430 4160 esse
2450 4117 2755 4169 magistratuum
2786 4114 2953 4165 partl-
2963 4127 2965 4133 ¹

1618 4190 1753 4240 cipes,
1774 4189 1815 4230 et
1834 4187 1958 4239 magis
1984 4184 2189 4244 populare.
2216 4186 2316 4233 Nam
2332 4193 2460 4234 quum
2477 4182 2553 4221 hoc
2574 4178 2825 4238 communius
2837 4178 2910 4228 sit,

1619 4250 1957 4307 quemadmodum
1973 4249 2171 4299 diximus,
2193 4249 2278 4290 tum
2297 4255 2547 4298 unaquaeque
2570 4254 2630 4287 res
2650 4244 2690 4284 et
2705 4234 2844 4283 melius
2863 4239 2909 4283 fit
