3060 4634
233 301 341 334 xxn

293 394 427 441 XXV
435 396 515 442 ΙΙΙ.
534 389 687 442 ζὈτι
660 414 761 453 ηκεν
785 400 842 452 εἷς
854 398 932 456 τὴν
951 399 1178 463 Ἱ)ώμην
1156 402 1242 449 απὸ
1259 408 1332 450 τοῦ
1357 407 1521 467 βασιλι·

232 469 307 513 κοῦ
332 465 475 527 γένους
500 468 707 533 υπάρχων
731 470 950 536 Ἰογόρθας
986 471 1149 537 ἕτερος,
1179 477 1526 537 ἀντιποιούμενος

229 557 305 596 της
323 539 576 600 Νομαδικης
595 543 833 606 βασιλείας.
861 546 1242 608 Εὐδοκιμοῧντος
1219 547 1262 594 οὲ
1282 551 1413 597 αὐτου
1427 554 1524 597 καθ’

230 610 487 676 ὅπερὸολὴν,
520 616 542 661 ὁ
576 614 794 680 Ἰογόρθας
832 618 1158 680 μισθωσάμενός
1192 641 1310 675 τινας
1349 629 1526 687 σφαγεῖς

229 688 375 731 τοῦτον
399 683 477 748 μὲν
501 687 826 753 ἐδολοφόνησεν,
853 690 979 743 αὐτὸς
1011 690 1053 737 δὲ
1095 694 1261 746 οὐδενὸς
1290 692 1525 746 κωλύοντος

228 758 464 815 ἐπανῆλθεν
491 760 549 813 εἰς
566 758 642 817 τὴν
666 761 906 824 βασιλείαν.

291 831 465 880 XXIX.
490 828 598 880 (Ότι
621 836 643 880 ὁ
678 833 968 900 πρεσὸύτερος
996 838 1307 898 Πτολεμαῖος
1289 858 1331 884 εν
1359 839 1522 884 Σελευ-

175 963 181 966 -
226 901 322 966 κείᾳ
345 906 398 967 τῇ
415 904 537 950 πόλει
555 924 613 951 ων
635 908 946 969 συγκεκλεισμέ
949 926 1015 960 νος
1029 945 1040 964 ,
1061 907 1142 954 ὑπό
1162 927 1271 961 τινος
1286 927 1370 954 των
1388 908 1521 973 φίλων

227 953 541 1029 ἐπιδουλευθεὶς
558 1014 570 1037 ‚
591 977 662 1024 τὸν
685 977 762 1039 μὲν
788 977 1155 1026 ἐπιὸουλεύσαντα
1182 979 1453 1025 συλλαέιιΜ
1435 998 1518 1026 ετι-

227 1065 485 1110 μωρησατο,
527 1050 585 1102 εἷς
626 1049 668 1096 δὲ
703 1052 751 1097 τὸ
783 1050 932 1097 λοιπὸν
964 1053 1010 1097 οὐ
1054 1057 1140 1102 τοῖς
1175 1070 1352 1114 τυχουσι
1388 1051 1523 1115 φίλοις

226 1118 376 1166 ἑαυτὸν
402 1119 640 1169 ἐπίστευεν.

289 1193 442 1241 XXX.
468 1190 573 1241 “On
596 1194 755 1240 πολλαὶ
784 1194 833 1258 (1)
862 1194 1175 1247 ἐπαναστάσεις
1200 1193 1394 1256 ἐγένοντο
1415 1198 1522 1243 οἰκε-

193 1280 195 1282 ·
225 1267 323 1312 τῶν.
351 1266 515 1329 Πρώτη
545 1264 622 1329 μὲν
649 1267 793 1330 ἡπερὶ
814 1265 890 1323 τὴν
919 1268 971 1328 (2)
1002 1265 1263 1331 Νουκερίαν·
1288 1267 1522 1331 τριάκοντα

224 1339 399 1384 οἰκετῶν
424 1338 693 1399 συνωμοσίαν
715 1337 1021 1399 ποιησαμένων
1047 1338 1125 1385 καὶ
1151 1337 1263 1403 ταχὺ
1286 1340 1521 1387 κολασθέν-

224 1430 307 1457 των
322 1431 332 1440 ·
351 1411 525 1476 δευτέρα
549 1412 592 1459 δὲ
613 1413 667 1476 (3)
687 1417 711 1470 ἡ
730 1413 827 1478 περὶ
847 1412 923 1470 τὴν
942 1412 1142 1470 Καπύην,
1164 1413 1394 1460 διακοσίων
1416 1416 1524 1462 οἶκε-

224 1502 306 1528 των
329 1483 661 1531 ἐπαναστάντων
686 1485 759 1531 καὶ
785 1503 897 1548 ταχυ
922 1484 1216 1532 κολασθέντων
1240 1487 1314 1548 (4)·
1333 1487 1455 1552 τρίτη
1476 1488 1521 1535 δὲ

224 1555 462 1611 ἀπόστασις
497 1557 662 1620 ἐγένετο
693 1557 931 1622 παράδοξος
972 1557 1047 1605 καὶ
1082 1557 1192 1605 πολυ
1220 1557 1294 1613 τὰς
1328 1561 1518 1624 εἰθισμέ-

222 1648 296 1681 τας
318 1628 629 1677 διαλλάττουσα
671 1632 704 1694 (5
687 1633 740 1691 5)
776 1634 855 1678 Ην
876 1629 960 1695 γάρ
983 1650 1046 1684 τις
1072 1630 1200 1685 Τίτος
1219 1631 1295 1694 μὲν
1318 1633 1522 1689 Οὐέττιος

222 1700 377 1756 ἱππεὺς
401 1701 444 1748 δὲ
470 1704 519 1765 (6)
544 1701 792 1765 Ῥωμαίων,
818 1702 906 1756 ὃς”
883 1722 901 1748 ε
905 1723 995 1767 χων
1020 1704 1188 1769 πατέρα
1215 1706 1518 1768 μεγαλόπλου-

224 1793 313 1833 ‘to-v,
342 1773 416 1820 καὶ
440 1775 526 1828 νέος
554 1774 612 1821 ὢν
643 1777 885 1834 παντελῶς,
919 1779 976 1829 εἰς
1007 1776 1236 1838 ἐπιθυμίαν
1260 1770 1363 1836 ἦλθε
1388 1780 1516 1826 ἀλλο-

224 1846 342 1910 τρίας
376 1848 700 1910 θεραπαινίδος,
740 1847 888 1895 κάλλει
926 1849 1226 1915 διαφερούσης.

223 1918 311 1971 κεἰς
337 1921 387 1981 (7)
415 1918 459 1966 δὲ
487 1923 595 1984 αὐτῇ
617 1920 689 1967 καὶ
719 1920 971 1982 συμὸιώσας
997 1923 1144 1969 ἱκανόν
1172 1943 1267 1971 τινα
1288 1924 1442 1990 χρόνον
1463 1927 1521 1979 εἷς

225 1992 363 2055 ἔρωτα
390 1993 630 2055 παράδοξον
668 1993 838 2040 ἐνέπεσε
869 1994 943 2041 καὶ
973 1995 1159 2043 διάθεσιν
1182 1997 1315 2063 μανία
1343 2017 1520 2062 παρεμ-

222 2068 346 2127 φερῆ.
419 2065 502 2112 Διὰ
520 2065 602 2131 γὰρ
623 2065 698 2123 τὴν
723 2067 1021 2132 φιλοστοργίαν
1040 2068 1354 2131 έπιὸαλόμενος
1373 2069 1519 2134 ἐξαγο-

223 2138 352 2197 poisat
372 2136 449 2192 τὴν
467 2137 719 2201 παιδίσκην,
737 2138 784 2185 τὸ
805 2137 882 2201 μὲν
901 2143 1072 2204 πρῶτον
1095 2140 1196 2206 ἔσχε
1215 2142 1288 2189 τὸν
1309 2143 1519 2202 δεσπότην

223 2211 350 2265 αὐτῆς
377 2209 712 2275 ἀντιπράττοντα
732 2249 744 2273 ‚
774 2211 884 2274 μετὰ
910 2212 954 2259 δὲ
988 2219 1127 2261 ταῦτα
1159 2218 1221 2280 τῷ
1253 2216 1422 2278 μεγέθει
1446 2220 1520 2275 τῆς

220 2284 347 2341 τιμῆς
371 2282 716 2348 προτρεψάμενος
741 2284 996 2349 ἐξηγόρασεν
1016 2286 1151 2345 αὐτὴν
1172 2288 1397 2336 ταλάντων
1417 2288 1517 2337 Ἀτ-

221 2357 347 2399 -τικῶν
375 2355 508 2412 ἑπτὰ,
544 2356 616 2402 καὶ
647 2356 723 2413 τὴν
765 2357 971 2406 ἀπόδοσιν
1003 2363 1079 2417 τῆς
1109 2365 1239 2423 τιμῆς
1272 2362 1330 2415 εἷς
1361 2361 1518 2408 τακτὸν

220 2426 366 2488 χρόνον
392 2429 601 2474 συνέθετο.
664 2430 915 2485 Πιστευθεὶς
936 2431 979 2478 δὲ
1005 2437 1081 2479 τοῦ
1102 2433 1327 2498 χρήματος
1349 2432 1418 2480 διὰ
1442 2431 1519 2491 τὴν

227 2503 290 2543 ’.οἳ
317 2499 478 2564 πατρὸς
512 2501 731 2566 εὐπορίαν,
773 2502 975 2566 ἀπήγαγε
1006 2507 1085 2561 τὴν
1112 2505 1420 2570 θεραπαινίδα,
1443 2505 1519 2552 καὶ

218 2570 403 2624 καταδὺς
424 2571 481 2626 εἴς
504 2593 597 2620 τινα
627 2595 712 2622 των
748 2580 971 2642 πατρικῶν
1000 2580 1143 2644 ἇγρων
1176 2578 1412 2643 ἐξεπλήρου
1437 2579 1517 2638 τὴν

221 2646 257 2686 l
248 2663 328 2688 25<ae
355 2645 595 2708 ἐπιθυμίαν
666 2647 741 2702 Ὡς
761 2647 839 2695 δὲ
824 2666 846 2696 ο
867 2650 1142 2714 συγκείμενος
1157 2657 1232 2700 τοῦ
1252 2652 1404 2718 χρέους
1420 2653 1517 2718 χρό-

221 2736 285 2761 vo:
325 2718 508 2775 διῆλθεν,
546 2724 650 2777 ἧκον
687 2723 725 2767 οἱ
760 2721 1025 2787 πεμφθέντες
1059 2726 1115 2778 εἷς
1149 2726 1228 2783 τὴν
1260 2725 1514 2784 ἀπαίτησιν.

222 2788 276 2835 l)
306 2788 349 2835 δὲ
387 2792 444 2843 εἰς
474 2790 550 2848 τὴν
586 2793 844 2857 τριακοστὴν
873 2815 931 2856 ηυ
929 2795 1041 2859 .ε’ραν
1079 2798 1402 2862 ἀναὲαλόμενος
1439 2798 1518 2856 τὴν

222 2859 446 2919 ἀπόὶυσιν,
467 2882 540 2909 και
564 2862 612 2910 τὸ
634 2884 710 2925 μεν
732 2870 883 2931 χρῆμα
904 2868 951 2913 οὐ
971 2869 1202 2931 δυνάμενος
1226 2869 1429 2936 πορίσαι,
1453 2889 1515 2916 τω

1296 1850 1518 1899 Ἐπιπλα·
1535 1870 1537 1872 ·

875 291 955 339 ΕΚ
993 294 1121 341 ΤΗΣ
1158 295 1450 345 ΙΣΤΟΡΙΑΣ
1486 300 1806 351 ΔΙΟΔΩΡΟΥ
1842 304 2252 380 ΣΙΚΕΛΙΩΤΟΥ.

1650 419 1831 457 XXVlll.
1866 421 2034 459 Romam
2064 422 2173 461 venit
2202 433 2224 461 c
2247 423 2354 473 regia
2374 424 2522 464 familia
2551 426 2663 466 ortus
2691 429 2893 480 ¹Iugurtha
2922 445 2926 450 ⁴

1598 502 1713 551 alter,
1735 514 1901 553 regnum
1921 505 2183 546 Numidarum
2207 507 2281 547 sibi
2309 508 2594 551 vindicaturus.
2664 514 2742 561 Qui
2768 526 2896 566 quum

1598 587 1725 626 multa
1744 589 1870 637 gratia
1890 589 1994 639 apud
2011 592 2213 632 Romanos
2224 593 2372 644 pollere
2387 596 2592 648 coep1sset,
2609 599 2630 637 J
2635 599 2808 649 ugurtha
2826 612 2898 652 per

1597 673 1757 713 sicarios
1773 674 1956 715 mercede
1971 676 2193 718 conductos
2206 678 2521 723 interficiendum
2534 685 2705 726 curavit.
2723 688 2825 738 Ipse,
2835 699 2898 729 ne-

1597 758 1704 798 mine
1720 760 1970 810 prohibente,
1991 762 2032 801 in
2052 773 2220 813 regnum
2239 776 2357 805 suum
2370 778 2552 809 reversus
2567 771 2640 810 est.

1647 850 1788 887 XXIX.
1810 849 2052 891 Ptolemaeus
2066 853 2212 902 senior,
2233 853 2332 901 dum
2347 854 2388 893 in
2408 856 2588 897 Seleucia
2607 858 2706 899 urhe
2724 859 2901 902 inclusus

1594 942 1826 993 tenebatur,
1851 945 1968 984 amici
1985 946 2191 996 cujusdam
2209 947 2358 988 insidiis
2377 951 2574 1001 appetitus
2586 982 2599 1001 ‚
2616 953 2723 994 hunc
2738 930 2901 1006 quidem

1595 1038 1924 1087 comprehensum
1937 1040 2130 1091 supplicio
2147 1041 2301 1093 affecit,
2320 1043 2358 1082 in
2375 1046 2578 1094 posterum
2594 1058 2688 1087 vero
2703 1048 2812 1089 haud
2825 1050 2900 1091 ob-

1597 1125 1673 1164 viis
1695 1125 1920 1176 quibusque
1934 1137 1977 1166 se
1992 1129 2205 1169 commisit.

1646 1214 1771 1251 XXX..
1799 1213 2036 1264 Complures
2060 1217 2159 1255 tunc
2180 1216 2391 1258 seditiones
2413 1229 2619 1260 servorum
2649 1225 2899 1264 exarserunt.

1596 1302 1730 1341 Prima
1755 1304 1934 1344 Nuceriae
1954 1304 2052 1356 fuit,
2072 1305 2142 1345 ubi
2158 1307 2320 1358 triginta
2340 1310 2445 1349 servi
2464 1310 2780 1361 conjurationem
2797 1313 2902 1354 inter

1595 1407 1638 1437 se
1655 1397 1858 1447 fecerunt,
1879 1397 1947 1437 sed
1964 1409 2059 1437 mox
2078 1409 2214 1449 poenas
2232 1399 2390 1442 dedere.
2443 1403 2627 1443 Secunda
2645 1405 2796 1446 exstitit
2819 1408 2900 1448 Ca-

1595 1499 1702 1539 puae,
1712 1487 1780 1527 ubi
1793 1489 1895 1528 servi
1913 1488 2075 1529 ducenti
2087 1490 2352 1542 rebellarunt,
2370 1493 2412 1532 at
2425 1504 2519 1533 mox
2538 1494 2633 1534 item
2646 1476 2774 1546 puniti
2789 1500 2898 1538 sunt.

1596 1582 1730 1621 Tertia
1750 1593 1774 1621 a
1792 1582 1954 1632 reliquis
1971 1593 2062 1633 quae
2091 1583 2176 1624 fieri
2197 1585 2377 1625 solebant
2394 1586 2514 1636 plane
2535 1587 2724 1629 differens
2753 1589 2899 1630 mirum

1596 1671 1637 1711 in
1655 1671 1822 1711 modum
1838 1673 1996 1714 accidit.
2051 1675 2165 1715 Titus
2183 1675 2345 1726 quidam
2368 1677 2526 1718 Vettius
2544 1682 2630 1719 erat
2645 1711 2657 1731 ,
2671 1691 2794 1732 eques
2814 1685 2898 1722 Ro-

1597 1775 1737 1805 manus
1748 1795 1759 1815 ‚
1775 1767 1887 1816 patre
1901 1768 2020 1807 natus
2034 1766 2242 1808 ditissimo.
2295 1771 2333 1809 Is
2347 1800 2357 1819 ‚
2373 1769 2531 1819 juvenis
2558 1771 2776 1813 admodum
2793 1803 2806 1824 ,
2837 1760 2897 1815 fass

1598 1857 1720 1896 mulae
1744 1857 1907 1908 alienae,
1938 1859 2145 1910 insigniter
2161 1861 2360 1912 formosae,
2383 1873 2519 1903 amore
2539 1866 2678 1915 captus
2706 1867 2780 1906 est.
2850 1869 2902 1908 Et

1595 1953 1780 2003 amplexu
1802 1953 1887 2003 ejus
1901 1954 2049 2004 potitus
2064 1957 2104 1996 et
2123 1967 2194 2007 per
2208 1958 2367 2008 tempus
2384 1959 2546 2009 aliquod
2563 1971 2654 2000 cum
2674 1972 2720 2001 ea
2735 1972 2899 2003 consue·

1595 2051 1724 2092 scens,
1741 2042 1907 2083 mirifice
1922 2044 2096 2094 puellam
2106 2047 2146 2085 et
2161 2046 2211 2085 ad
2223 2045 2417 2087 insaniam
2431 2059 2557 2099 usque
2570 2049 2748 2101 deperire
2761 2051 2896 2103 coepit.

1597 2134 1685 2179 Qua
1701 2133 1848 2183 amoris
1866 2134 2117 2175 vehementia
2144 2136 2340 2187 impulsus
2358 2150 2482 2190 quum
2502 2140 2696 2182 redimere
2722 2143 2899 2193 puellam

1595 2223 1738 2273 vellet,
1756 2224 1868 2264 initio
1880 2225 2089 2266 dominum
2107 2227 2400 2279 obstrepentem
2416 2229 2569 2281 habuit,
2587 2243 2684 2272 mox
2697 2228 2915 2285 magnitu}

1595 2315 1686 2355 dine
1706 2315 1821 2366 pretii
1840 2327 1933 2356 eum
1951 2317 2182 2357 demulcens
2202 2319 2300 2358 emit
2317 2319 2491 2370 puellam
2505 2321 2664 2363 talentis
2681 2325 2822 2366 Atticis
2841 2337 2898 2366 se·

1595 2408 1719 2455 ptem,
1737 2408 1971 2456 certumque
1990 2407 2191 2448 solvendae
2208 2409 2386 2459 pecuniae
2399 2409 2503 2450 diem
2521 2411 2740 2452 constituit.
2760 2406 2899 2453 Fidem

1596 2497 1834 2538 conciliabat
1850 2499 2150 2549 patrimonium.
2221 2502 2364 2552 ltaque
2393 2513 2550 2541 servam
2566 2501 2758 2553 abduxit,
2786 2504 2828 2544 et
2855 2504 2899 2544 in

1595 2599 1722 2627 unum
1752 2599 1802 2628 ex
1823 2589 1927 2639 agris
1942 2590 2120 2640 paternis
2147 2602 2190 2630 se
2212 2590 2459 2635 abscondens
2488 2592 2692 2634 libidinem
2723 2594 2895 2637 satiavit.

1595 2684 1688 2722 Mox
1709 2693 1835 2732 quum
1856 2682 1939 2722 dies
1963 2682 2141 2732 pecuniae
2168 2683 2370 2723 solvendae
2400 2683 2575 2734 adesset,
2603 2687 2802 2727 venerunt
2826 2687 2898 2738 qui

1593 2775 1766 2825 pretium
1779 2775 1992 2825 exigerent.
2014 2775 2085 2815 llle
2104 2775 2144 2814 in
2159 2775 2405 2825 trigesimum
2423 2776 2516 2815 inde
2530 2775 2635 2816 diem
2654 2777 2894 2818 solutionem

1593 2861 1757 2901 remisit.
1780 2861 1830 2900 Et
1848 2871 1974 2911 quum
1991 2861 2110 2900 etiam
2130 2862 2228 2901 tunc
2240 2861 2431 2901 solvendo
2449 2872 2530 2900 non
2547 2863 2649 2902 esset
2661 2892 2673 2913 ,
2697 2862 2898 2916 simulque

1592 2947 1740 2986 amoris
1750 2946 1791 2986 vi
1804 2946 1995 2986 subactus
2002 2948 2218 2998 teneretur,
2232 2947 2383 2987 facinus
2394 2947 2552 2988 tandem
2562 2948 2734 2989 insolens
2745 2960 2899 3000 aggres-

3019 1823 3028 1889 «vso-v
3022 1619 3030 1698 „w—
3021 1289 3031 1611 W·
3029 1316 3031 1319 ,
3017 501 3030 1288 -v-vwm-—v—uvvnmawmmwmr-om'rJ-”ssffl'f
3017 433 3026 464 '‘1'
3025 411 3027 421 ‹-
3026 398 3028 402 ν
3025 356 3027 362 Δ
3026 329 3028 345 -Α
3026 281 3027 286 Α
3026 263 3027 266 Α
3025 233 3027 240 -
3025 142 3027 180 ⁴⁴⁴

2987 2091 2991 2094 -
3010 2034 3032 2114 Ι

3008 2159 3031 2283 ’ἶ

2991 2393 3029 2459 ςζι

3007 2461 3030 2492 >t

308 2954 406 2980 .;ωτι
418 2935 647 2998 δουλεύων,
660 2939 734 2984 ἐπε
719 2938 915 3002 ,χείρησε
926 2939 1076 3005 πράξει
1087 2942 1432 3006 παραλογωτάτῃ
1448 2942 1515 3006 (8).

277 3074 455 3112 ΧΧἫΙΙΙ
490 3074 574 3114 Fol.
610 3081 703 3122 185,
726 3082 906 3117 22-26
927 3089 963 3117 r.
995 3079 1237 3131 Ἰογόρθας
1262 3079 1454 3132 ἕτερος]
1480 3081 1717 3120 Massivam
1742 3077 1913 3128 appellat
1939 3075 2099 3118 Sallust.
2118 3080 2208 3131 Jug
2229 3082 2300 3128 355
2328 3078 2413 3118 Liv.
2434 3082 2506 3129 Ep.
2526 3082 2591 3121 64.
2613 3081 2896 3131 Fragmentum

223 3141 323 3179 pone
340 3131 511 3180 postlib.
535 3135 715 3182 XXXIV,
733 3146 769 3173 c
792 3136 961 3185 35(ΙΙΟ
983 3148 1020 3176 a.
1040 3139 1120 3187 C..)

276 3191 832 3239 xxiX.Fol.185‚26--29
851 3205 889 3234 r.
909 3196 930 3233 ὁ
957 3197 1284 3247 πρεσὸύτερος
1305 3193 1636 3247 Πτολεμαῖος]
1656 3194 1896 3234 Ptolemaeus
1911 3195 2008 3233 VIII
2025 3194 2141 3234 Soter
2160 3195 2218 3241 ΙΙ,
2236 3194 2340 3234 tilius
2365 3193 2568 3234 Ptolemaei
2587 3197 2662 3235 VII
2679 3195 2868 3238 Soteris!

223 3246 293 3283 si·
260 3258 296 3284 {a
302 3258 344 3285 ιι·
360 3247 488 3295 maior
508 3248 719 3289 Alexandri
742 3255 773 3290 Ι.
799 3255 836 3291 18
852 3264 970 3302 regno
992 3254 1128 3303 pulsus
1151 3257 1163 3302 (
1182 3259 1249 3295 107
1272 3267 1310 3294 a.
1331 3258 1379 3295 C.
1395 3255 1432 3305 )‚
1450 3265 1473 3294 e
1489 3255 1647 3302 Cypr0‚
1671 3263 1795 3303 quam
1811 3251 2038 3298 obtinebat,
2059 3252 2101 3291 in
2129 3252 2283 3302 Syriam
2306 3252 2483 3302 trajecit,
2502 3254 2549 3292 ut
2569 3253 2762 3293 Antiocho
2776 3254 2894 3306 Cyzi-

155 3344 158 3347 ,
223 3316 265 3339 ιι
271 3315 318 3342 no
338 3307 475 3343 contra
501 3306 737 3346 Antiochum
756 3310 933 3358 Grypum
952 3311 1212 3349 auxiliaretur
1232 3312 1245 3359 (
1264 3317 1333 3351 103
1358 3322 1395 3351 a.
1415 3313 1458 3350 G.
1473 3309 1499 3359 ).
1517 3313 1618 3356 Quae
1634 3310 1675 3349 in
1691 3311 1804 3360 Syria
1818 3309 1978 3374 gesserit
1998 3281 2190 3349 P’tolema
2193 3321 2238 3349 us
2258 3313 2392 3350 narrat
2410 3310 2606 3360 Josephus
2621 3313 2893 3360 Xlll,12,3·

222 3363 372 3401 Verum
398 3361 447 3400 dc
465 3363 610 3411 rogoin
625 3364 802 3404 Seleucia
819 3366 916 3405 urbe
932 3367 1090 3407 obsesso
1106 3368 1202 3407 nihil
1222 3368 1276 3407 ibi
1293 3368 1477 3408 traditur.
1497 3369 1555 3406 De
1574 3367 1820 3418 temporibus
1837 3367 1922 3416 ejus
1941 3378 1980 3406 v.
2002 3366 2309 3450 disputationem
2327 3370 2356 3408 Ι
2359 3367 2528 3408 etronnii
2542 3367 2583 3407 in
2600 3370 2806 3419 [rescript.
2825 3380 2892 3420 qr.

224 3422 273 3459 de
294 3420 322 3459 ι’
326 3424 379 3460 L(
364 3424 499 3470 Jyple.
519 3424 617 3461 tom.
637 3425 678 3469 1,
696 3434 735 3472 p.
758 3428 804 3462 53
821 3435 906 3475 sqq.
928 3428 1059 3465 lnsere
1079 3426 1344 3476 fragmentum
1366 3428 1454 3477 post
1468 3428 1653 3475 XXXIV,
1673 3428 1738 3466 39.

275 3482 393 3518 xxx.
415 3482 440 3519 Ι
434 3480 502 3519 οι.
525 3484 612 3529 185,
634 3486 682 3521 30
700 3493 736 3520 r.
753 3504 801 3511 -
820 3487 906 3531 185,
911 3486 957 3522 24
977 3495 1015 3523 v.
1037 3485 1232 3524 Diodorus
1243 3485 1292 3525 de
1310 3485 1444 3526 Siculo
1459 3485 1564 3524 bello
1582 3495 1802 3533 servorum,
1820 3483 1927 3534 quod
1943 3484 2096 3534 gestum
2111 3484 2171 3523 est
2186 3482 2278 3523 inde
2294 3483 2345 3523 ab
2360 3493 2465 3523 anno
2488 3488 2559 3524 102
2576 3494 2614 3523 a
2629 3485 2660 3524 G
2693 3484 2893 3535 expositu-

223 3548 305 3585 rus,
325 3537 513 3586 praemisit
530 3539 720 3577 nonnulla
736 3539 784 3578 de
800 3540 992 3580 similibus
1008 3542 1285 3582 rebellionibus
1295 3552 1414 3593 ,quae
1428 3542 1520 3581 alibi
1538 3544 1628 3582 ante
1643 3543 1814 3582 Siculam
1830 3543 1940 3582 illam
1955 3542 2094 3582 iisdem
2108 3542 2190 3581 fere
2200 3541 2447 3592 temporibus
2461 3541 2694 3582 exarserint.
2712 3542 2893 3582 Eundem

225 3595 285 3631 Ιοι
289 3604 354 3631 uin
368 3593 488 3632 etiam
505 3594 666 3633 Photius
680 3606 719 3645 p.
737 3601 809 3636 529
823 3598 1018 3647 excerpsit
1037 3599 1224 3648 (Diodor.
1242 3602 1421 3650 XXXVI,
1439 3603 1460 3637 2
1475 3612 1514 3651 p.
1534 3606 1607 3641 550
1622 3601 1685 3639 ed.
1705 3600 1838 3642 Didot
1843 3601 1871 3651 ).
1888 3601 2042 3641 Notabo
2059 3600 2292 3639 varietatem
2312 3599 2800 3640 lectionis.—1.Photius
2812 3601 2892 3651 ple-

223 3652 288 3689 ιιίιι
294 3661 313 3689 s
329 3651 411 3690 ita:
432 3651 511 3701 ΙΙρὸ
528 3651 568 3689 δὲ
583 3656 648 3698 τῆς
668 3654 768 3691 κατὰ
784 3655 851 3700 τὴν
868 3655 1040 3694 Σικεὶίαν
1058 3661 1134 3695 τῶν
1150 3658 1331 3696 δούλων’
1316 3658 1614 3704 επαναστάσεως
1632 3660 1804 3710 ἐγένοντο
1819 3659 1921 3702 κατὰ
1941 3659 2009 3706 τὴν
2023 3658 2191 3698 Ἰταλίαν
2214 3657 2366 3702 πλείους
2386 3655 2618 3701 ἀποστάσεις
2637 3657 2892 3708 ὀλιγοχρόνιοι

224 3711 286 3746 καὶ
307 3710 460 3759 μικραὶ,
477 3709 647 3759 καθάπερ
665 3715 733 3749 τοῦ
750 3712 947 3762 δαιμονίου
969 3716 1295 3766 προσημαίνοντος
1316 3717 1360 3755 τὸ
1378 3717 1533 3766 μέγεθος
1552 3720 1618 3763 τῆς
1636 3717 1819 3770 ἐσομένης
1835 3718 1936 3756 κατὰ
1955 3719 2024 3765 τήν
2041 3717 2215 3756 Σικελίαν
2231 3714 2545 3760 ἐπαναστάσεως.
2564 3716 2706 3766 Πρώτη
2728 3717 2795 3766 μὲν
2807 3717 2890 3757 κτλ.

226 3779 246 3803 ι.
256 3770 307 3804 iz·
297 3769 391 3816 ›pud
413 3769 613 3806 Nostrum.
634 3790 683 3795 —
700 3775 736 3808 2.
755 3769 866 3821 τήν]
888 3782 967 3810 om
990 3775 1105 3813 l’liot.
1125 3797 1174 3803 —
1195 3781 1229 3814 3.
1247 3773 1322 3825 δὲ]
1339 3786 1419 3815 om.
1443 3776 1557 3815 Phot.
1581 3799 1631 3809 —
1647 3778 1685 3815 4
1701 3777 1987 3816 καταλυθέντων
2004 3773 2430 3824 Photius,me1ius.-
2446 3779 2482 3814 5.
2503 3773 2641 3824 τρίτη
2657 3773 2743 3812 δὲ...
2762 3773 2892 3813 διαλ·

224 3832 237 3865 'f
253 3828 304 3866 άτ
314 3827 492 3879 τουσα]
515 3828 676 3867 l‘hotius
697 3829 880 3869 brevius:
904 3831 970 3869 Γ
938 3845 970 3880 ρ
974 3846 1018 3878 τη
1041 3833 1080 3871 δὲ
1103 3834 1315 3884 παράδοξος
1338 3835 1471 3901 γέγονέ
1486 3849 1556 3880 τις.
1576 3837 1626 3875 ΕΙ
1646 3834 1816 3874 deinde:
1838 3833 1915 3874 Ην
1936 3834 2048 3880 Τίτος
2066 3832 2288 3877 Μενουίτιος
2303 3861 2315 3881 ,
2336 3830 2492 3870 omissis
2515 3831 2589 3882 γάρ
2603 3844 2673 3876 τις.
2694 3833 2770 3870 Pro
2789 3832 2891 3870 Μεν-

224 3902 243 3925 ‹
246 3887 348 3931 Ιτιος
361 3886 443 3937 ipse
463 3887 646 3925 ΡΙιοΙΙιι8
638 3898 676 3925 ιιι
695 3897 806 3937 seqq.
826 3888 943 3927 habet
960 3891 1151 3935 Οὐέττιος.
1173 3891 1281 3931 Unde
1298 3893 1427 3962 priore
1443 3893 1530 3932 loco
1546 3892 1817 3943 reponendum
1833 3903 1917 3932 esse
1930 3893 1997 3943 μὲν
2014 3892 2194 3936 Οὐέττιος
2209 3892 2316 3930 recte
2331 3889 2494 3929 monuit
2501 3888 2800 3939 Wesselingius.
2819 3891 2890 3929 Ce-

225 3949 271 3982 ιι).
267 3955 352 3983 ·ιιι11
370 3955 441 3995 pro
454 3945 565 3990 Τίτος
579 3945 616 3983 in
638 3948 773 3984 nostro
790 3946 923 3986 codice
940 3951 998 3987 est
1013 3962 1148 3998 τυγγος
1168 3951 1234 4000 μὲν
1251 3950 1425 3996 οὐίττιος.
1443 3972 1496 3979 --
1512 3956 1549 3990 6.
1568 3952 1756 3991 Photius:
1771 3951 1907 3997 ἱππεὺς
1924 3951 1991 4002 μὲν
2007 3949 2228 4001 Ῥωμαίων,
2247 3947 2558 4000 μεγαλοπλοὺτου
2574 3947 2614 3986 δὲ
2631 3947 2772 3998 πατρὸς
2783 3952 2887 3993 παῖς.

224 4004 244 4036 s
246 4001 304 4039 1.,
308 4015 347 4046 ος
369 4001 516 4052 ἠράσθη
537 4003 796 4053 θεραπαινίδος
818 4005 886 4042 ἀλ)
888 4005 1012 4054 οτρίας
1032 4006 1159 4044 κάλὶει
1179 4007 1279 4057 διαφ.
1302 4032 1350 4040 -
1370 4011 1407 4047 7.
1430 4008 1594 4049 Photius
1609 4011 1845 4061 συμπλακεὶς
1870 4008 1884 4058 (
1902 4008 2040 4049 vocab.
2061 4007 2188 4047 rarius
2205 4005 2427 4050 ἐπιπλακεὶς
2449 4003 2589 4044 eodem
2606 4014 2721 4043 sensu
2738 4014 2760 4042 c
2777 4004 2887 4042 Posi-

224 4060 342 4096 donio
365 4059 485 4099 babes
500 4071 564 4110 ap.
590 4060 731 4100 Athen.
754 4072 792 4111 p.
813 4067 901 4110 2141
924 4065 964 4101 F.
989 4063 1133 4102 rodem
1150 4065 1255 4103 sonte
1276 4064 1403 4104 utitur
1421 4065 1633 4108 Diodorus.
1652 4067 1752 4107 Vide
1770 4067 1952 4107 Posidon.
1970 4068 2019 4106 fr.
2041 4066 2112 4105 15
2101 4085 2112 4112 1
2129 4065 2162 4104 δ’
2179 4065 2276 4116 αὐτῇ
2295 4064 2360 4103 καὶ
2377 4064 2430 4108 εἰς
2448 4062 2571 4114 ἔρωτα
2589 4062 2802 4113 παράδοξον
2815 4062 2879 4101 αὐ-

228 4121 286 4161 ἧς
310 4119 404 4165 ἑεμπ
407 4118 488 4156 σὼν
501 4118 727 4169 ἐξηγόρασεν
751 4120 884 4166 αὐτὴν,
902 4121 1004 4158 οὕτω
1023 4125 1090 4159 τοῦ
1110 4135 1149 4159 τε
1172 4123 1422 4172 μανιώδους”
1406 4137 1545 4174 ερωτος
1563 4126 1789 4176 βιαζομένου
1805 4126 1870 4164 καὶ
1886 4129 1954 4164 τοῦ
1971 4117 2103 4174 κυρίου
2122 4126 2189 4170 τῆς
2205 4122 2319 4173 κόρης
2334 4121 2404 4168 τὴν
2420 4123 2559 4171 πρᾶσιν
2577 4119 2682 4170 μόλις
2698 4119 2885 4158 κατανεύ·

227 4190 382 4224 ταντος,
398 4175 594 4216 ταλάντων
612 4176 787 4217 Ἀττικῶν
807 4178 903 4216 ἑπτὰ
915 4207 925 4226 ,
948 4179 1012 4216 καὶ
1027 4178 1160 4228 χρόνον
1175 4182 1289 4231 ὥρισε
1308 4181 1393 4220 καθ’
1414 4183 1455 4220 ὃν
1476 4182 1650 4222 ἀποτίσει
1666 4185 1709 4223 τὸ
1729 4183 1852 4235 χρέος.
1869 4181 2113 4222 Ἐπιστεύετο
2129 4180 2169 4219 δὲ
2185 4179 2247 4218 διὰ
2262 4185 2330 4224 την
2346 4178 2528 4228 πατρῴαν
2547 4177 2780 4229 περιουσίαν.
2802 4175 2885 4216 Ἐν-

226 4235 381 4297 στάντος
397 4234 436 4274 δὲ
450 4239 520 4275 τοῦ
537 4236 747 4287 ὁρισθέντος
732 4266 770 4285 ..,
788 4237 853 4275 καὶ
872 4237 924 4285 μή
942 4236 1042 4286 ἔχων
1063 4237 1289 4286 ἀποδοῦναι,
1309 4240 1420 4278 πάλιν
1435 4241 1542 4286 ἔταξε
1561 4241 1763 4310 τριάκοντα
1780 4242 1931 4291 ἡμερῶν
1947 4237 2197 4290 προθεσμίαν.
2215 4237 2282 4280 Ὡς
2302 4235 2342 4275 δὲ
2358 4248 2424 4274 και
2439 4235 2578 4279 ταύτης
2596 4233 2828 4282 ἐπιστάσης,
2850 4237 2885 4272 οἰ

227 4305 265 4328 ι,
273 4292 511 4341 τπήντουν,
534 4294 553 4332 ὁ
575 4294 614 4332 δὲ
635 4295 742 4332 οὐδὲν
762 4294 876 4333 πλέον
901 4307 1001 4344 ειχεν
1022 4294 1161 4344 ἀνύειν
1185 4297 1204 4333 ὀ
1222 4297 1253 4334 δ’
1272 4297 1363 4346 ἔρως
1384 4299 1529 4347 ἤκμαζε
1532 4312 1551 4335 ν
1558 4299 1809 4349 ,ἐπεχείρησε
1830 4297 1956 4349 πράξει
1977 4293 2298 4348 παραλογωτάτῃ.
2327 4292 2570 4332 Επιὸουὶευε
2576 4306 2587 4330 ι
2610 4292 2676 4342 μὲν
2703 4291 2776 4341 γὰρ
2798 4302 2888 4335 τῦυς
