3008 4542
130 248 147 289 ς
188 201 283 272 628

795 350 873 384 12.

185 414 198 421 ⁶
244 428 481 475 Plutarch.
514 429 719 487 Lycurg.
748 442 790 471 c.
821 423 909 482 25,
945 430 971 481 l.
1003 421 1151 471 εΟὐδὲ
1175 420 1258 488 γὰρ
1285 421 1412 475 αὐτὸς
1438 426 1491 480 ἠν

182 496 383 563 ἀκράτως
404 496 616 562 αὐστηρὸς
638 499 660 543 ὁ
678 499 940 561 Λυκοῦργος·
963 493 1076 545 ἀλλὰ
1095 494 1170 543 καὶ
1188 493 1238 542 τὸ
1257 499 1332 542 τοῦ
1351 494 1494 542 Γέλω·

177 582 247 618 τος
276 563 550 628 ἀγαλμάτιον
585 564 747 612 ἐκεῖνον
771 561 1030 628 ἱδρύσασθαι
1062 559 1276 615 Σωσίὸιος
1301 563 1488 627 ἱστορεῖ,

177 636 256 696 τὴν
280 636 459 687 παιδιὰν
485 635 634 703 ὥσπερ
653 635 833 699 ἥδυσμα
853 640 930 686 τοῦ
963 634 1095 685 πόνου
1127 633 1202 684 καὶ
1229 638 1306 691 τ’ῆς
1326 633 1493 692 διαίτης

178 703 428 767 ἔμὸαλόντα
452 701 567 751 κατὰ
587 701 734 769 καιρὸν
756 703 813 756 εἷς
836 701 891 748 τὰ
913 700 1139 764 συμπόσια
1156 699 1231 747 καὶ
1251 699 1328 754 τὰς
1352 698 1492 749 τοιαύ-

182 795 259 831 τας
284 774 524 841 διατριὸοίς.
553 776 621 822 Cf.
645 777 830 823 Miiller.
865 778 988 825 Dor.-
1004 776 1073 831 II,
1091 791 1136 834 p.
1161 774 1272 833 390.

798 863 872 908 13.

242 962 493 1008 Athenaeus
505 961 594 1015 ΙΙΙ,
617 975 666 1019 p.
688 959 764 1016 78,
786 960 820 1004 C
843 974 853 1005 z
872 955 1086 1009 Σωσίὸιος
1106 956 1142 1002 δ’
1164 957 1186 1001 ὁ
1204 954 1366 1006 Λάκων
1381 957 1492 1001 ἀπο-

175 1031 340 1086 δεικνὺς
377 1030 549 1097 εὕρημα
576 1029 785 1080 Διονύσου
820 1029 899 1086 τὴν
937 1031 1092 1091 συκῆν,
1133 1026 1203 1075 διὰ
1237 1026 1362 1075 τοῦτό
1386 1046 1493 1093 φησι

174 1106 249 1152 καὶ
277 1102 646 1166 Λακεδαιμονίους
667 1102 847 1159 συκίτην
876 1100 1083 1150 Διόνυσον
1106 1107 1255 1163 τιμᾶν,

799 1208 816 1236 1
828 1198 852 1245 4
863 1227 875 1239 .

242 1283 453 1328 Clemens
471 1282 605 1328 Alex.
625 1283 783 1324 Protr.
809 1295 849 1325 c.
869 1294 915 1334 2,
935 1294 986 1339 p.
1014 1295 1030 1322 1
1047 1295 1089 1334 1,
1106 1277 1165 1323 23
1182 1279 1310 1338 Sylh.
1334 1295 1344 1322 ε
1361 1274 1492 1324 Ἔστι

173 1353 248 1400 καὶ
266 1353 496 1418 [Ιοδοίγρας
514 1350 759 1416 Ἀρτέμιδος
777 1352 819 1397 ἐν
832 1353 888 1414 τῇ
907 1352 1143 1414 Λακωνικῇ
1162 1350 1292 1416 ἱερὸν,
1312 1348 1370 1402 ὥς
1388 1368 1492 1414 φησι

175 1425 410 1480 Σωσίὸιος.

205 1500 207 1502 ,
804 1523 822 1550 1
834 1505 875 1554 5.

240 1610 375 1655 Idem
397 1609 516 1655 ibid.
543 1625 593 1671 p.
635 1624 705 1665 10,
726 1607 786 1661 46
811 1624 821 1653 z.
844 1604 1060 1659 Σωσίὸιος
1084 1604 1128 1651 δὲ
1154 1603 1229 1651 καὶ
1249 1604 1322 1651 τὸν
1350 1604 1489 1670 Ἡρα·

175 1681 284 1730 κλέα
312 1680 418 1748 πρὸς
441 1682 526 1727 τῶν
549 1678 928 1728 Ἱπποκοωντίδων
949 1676 1065 1726 κατὰ
1090 1680 1166 1734 τῆς
1197 1677 1339 1744 χειρὸς
1365 1681 1493 1724 οὐτα-

175 1759 329 1813 σθῆναι
349 1753 483 1818 λέγει.
507 1754 748 1802 Arnobius
764 1753 885 1800 Adv.
905 1754 1042 1800 Gent.
1071 1755 1151 1807 IV,
1182 1769 1237 1797 12
1265 1769 1276 1797 :
1304 1755 1411 1799 Non
1429 1754 1490 1798 ab

175 1833 506 1893 Hippocoontis
530 1832 682 1876 llberis
707 1834 854 1889 ipsum
883 1829 1096 1873 ls'osibe‘us
1122 1830 1368 1876 Herculem
1393 1845 1494 1872 cru-

175 1911 349 1952 ciatum
377 1906 534 1951 tulisse
544 1903 853 1968 pronuntiat?
883 1901 956 1949 Cf.
983 1901 1211 1958 Diodor.‚
1238 1903 1317 1958 IV,
1347 1901 1423 1948 33.

452 1994 457 1996 ’
798 1994 873 2039 16.

243 2098 403 2143 Schol.
423 2098 537 2142 Eur.
561 2097 714 2144 Orest.
742 2092 865 2139 1632
893 2109 903 2138 ε
926 2089 1035 2141 ’Ότι
1056 2090 1132 2137 καὶ
1162 2093 1189 2147 ἡ
1221 2082 1379 2149 Ἑλένη
1408 2094 1496 2145 τοῖς

173 2166 505 2234 χειμαζομένοις
552 2168 667 2214 κατὰ
713 2165 933 2213 θάλατταν
981 2163 1169 2223 ἐπήκοός
1213 2165 1332 2222 ἐστι,
1381 2163 1496 2211 κατὰ

181 2241 419 2307 Εὐριπίδην
460 2239 788 2302 σεσημείωται·
817 2240 840 2285 ὃ
869 2237 1014 2301 μέντοι
1048 2236 1264 2291 Σωσίὸιος
1299 2236 1490 2300 ἔμπαλιν

174 2314 311 2362 οἴεται
342 2317 420 2362 οὐκ
446 2315 635 2376 εὐμενῶς
663 2311 800 2371 αὐτὴν
837 2310 1154 2378 ἐπιφαίνεσθαι.
1195 2309 1410 2372 Πολέμων
1446 2309 1491 2358 δὲ

174 2409 213 2436 κ.
232 2408 270 2435 τ.
288 2389 332 2435 λ.
359 2391 431 2435 De
455 2405 506 2434 re
526 2405 570 2434 v.
595 2388 836 2434 Welcker.
865 2388 1043 2448 Trilog.
1067 2402 1117 2447 p.
1139 2383 1252 2446 599,
1271 2385 1365 2431 288
1384 2403 1491 2448 sqq.

801 2490 873 2533 17.

242 2588 476 2647 Diogenes
493 2588 549 2632 L.
570 2586 609 2641 Ι,
639 2601 658 2628 1
673 2583 748 2640 15,
767 2583 827 2628 de
850 2582 1128 2643 Epinienide
1150 2597 1163 2626 τ
1189 2578 1279 2628 Καὶ
1296 2578 1345 2626 τὸ
1363 2582 1494 2642 σῶμα

180 2660 309 2706 αὔτοῦ
331 2656 602 2723 φυλάσσουσι
627 2652 969 2717 Λακεδαιμόνιοι
994 2652 1098 2718 παρ’
1121 2654 1287 2717 ἑαυτοῖς
1313 2652 1428 2700 κατά
1453 2672 1495 2699 τι

793 2799 865 2842 12.
892 2762 899 2764 ’

228 2886 365 2934 Neque
388 2891 680 2933 usquequaque
695 2882 877 2921 austerus
906 2881 992 2919 erat
1008 2879 1092 2930 ipse
1117 2868 1348 2932 Lycurgus.
1369 2890 1496 2932 quum

178 2949 320 2988 auctor
340 2947 392 2987 sit
412 2947 591 2988 Sosibius
618 2945 849 2985 dedicatum
866 2945 917 2984 ab
941 2955 990 2985 eo
1014 2945 1129 2988 Risus
1144 2944 1408 2984 simulacrum
1424 2973 1435 2992 ,
1453 2946 1500 2983 ut

178 3012 247 3063 qui
263 3012 402 3062 jocum
416 3041 428 3060 ,
460 3010 575 3060 quasi
591 3008 896 3050 condimentum
919 3018 1068 3047 severae
1084 3007 1180 3046 vitae
1207 3006 1400 3056 rationis,
1421 3017 1498 3058 op-

180 3080 353 3127 portune
368 3075 562 3116 conviviis
581 3076 621 3116 et
640 3073 678 3113 id
696 3084 821 3124 genus
832 3072 1099 3113 conventibus
1117 3071 1341 3114 immiserit.

808 3145 825 3181 1
837 3142 880 3182 3.

232 3213 410 3254 Sosibius
439 3215 546 3252 Laco
564 3214 778 3261 postquam
798 3208 901 3250 ficus
926 3209 1180 3249 inventorem
1198 3208 1398 3249 Bacchum
1417 3218 1502 3247 esse

180 3267 341 3327 ‹fficuit‚
363 3279 574 3328 propterea
601 3277 721 3314 etiam
749 3274 1078 3315 Lacedaemonios
1095 3273 1299 3314 Bacchum
1329 3275 1501 3323 Syenen

185 3343 320 3394 (quasi
341 3344 515 3382 Ficuum
534 3340 794 3390 patronum)
812 3338 953 3378 colere.

813 3418 876 3456 14.

238 3489 308 3528 Est
324 3487 444 3526 etiam
470 3483 662 3534 Podagroe
679 3483 818 3525 Dianae
843 3483 1132 3524 Lacedaemone
1153 3483 1314 3532 sanum,
1329 3484 1375 3523 ut
1393 3482 1500 3523 Sosi-

183 3554 275 3595 hius
298 3553 366 3593 ait.

806 3618 877 3658 15.

238 3691 417 3733 Sosibius
441 3689 655 3729 Herculem
687 3698 850 3741 quoque
882 3685 933 3726 ah
952 3686 1277 3738 Hippocoontidis
1311 3689 1351 3726 in
1379 3696 1502 3727 manu

188 3758 335 3798 vulnus
355 3753 550 3805 accepisse
570 3755 727 3792 narrat..

810 3820 879 3859 16.

245 3894 437 3934 Helenam
470 3900 633 3942 quoque
665 3889 711 3928 iis
734 3889 804 3938 qui
839 3890 1075 3939 tempestate
1103 3889 1141 3928 in
1179 3890 1278 3928 mari
1298 3889 1502 3938 jactantur

191 3956 481 3998 auxiliatricem
513 3965 598 3994 esse
622 3952 828 4003 Euripides
853 3952 1047 4002 siguificat
1063 3966 1073 4002 ;
1092 3953 1270 3993 Sosibius
1291 3965 1386 3993 vero
1414 3965 1501 3993 eam

193 4034 270 4063 non
295 4020 508 4073 propitiam
531 4029 721 4069 apparere
737 4017 806 4056 ait.

799 4085 877 4124 ‘17.

246 4161 374 4201 Etiam
399 4167 543 4206 corpus
562 4153 802 4204 Epimenidis
833 4151 1120 4192 Lacedaemonii
1142 4154 1245 4203 apud
1280 4166 1321 4194 sc
1342 4159 1502 4195 servant

196 4222 358 4265 oraculo
372 4220 544 4271 quodam
567 4217 781 4265 admoniti,
802 4218 845 4254 nt
867 4216 1042 4255 Sosibius
1059 4217 1125 4256 ait.

1265 196 1490 266 sosum
1530 217 1793 268 LAcorus

1568 317 1732 384 λόγιον,
1771 317 1828 374 ὥς
1849 338 1956 385 φησι
1979 320 2197 376 Σωσίὸιος
2216 323 2240 370 ὃ
2259 321 2438 372 Λάκων.
2462 327 2520 375 V.
2553 325 2741 373 Miiller.
2765 300 2906 371 Βον.ιὶ
2943 286 2953 294 *¹

1572 395 1619 441 ΙΙ
1635 427 1649 450 ,
1668 409 1720 454 p.
1752 393 1863 456 395.
3004 391 3006 400 ¹

2187 473 2263 520 18.

1636 584 1893 643 Hesychius
1913 598 1924 626 t
1947 581 2215 642 Ἠλακᾶτια,
2236 581 2353 646 ἀγὼν
2379 584 2422 631 ἐν
2445 584 2791 651 Λακεδαιμονίᾳ,
2812 584 2886 636 ἐπὶ

1569 654 1831 721 Ἠλακάτῳ,
1857 654 1902 710 ὃς
1931 648 1986 714 ἧν
2013 654 2226 721 ἐρώμενος
2252 655 2538 722 Ἡρακλέους,
2562 655 2622 712 ὥς
2645 675 2753 723 φησι
2779 651 2916 724 Zia-'2

1569 728 1721 783 σίὸιος.
1743 731 1814 777 Cf.
1843 732 2031 777 Miiller.
2060 731 2094 778 l.
2119 732 2154 778 l.
2191 733 2240 788 I,
2266 748 2317 792 p.
2345 730 2465 788 4513
2501 730 2758 779 Hermann.
2793 734 2828 782 l.
2854 733 2906 796 1ιῆ

1567 805 1594 865 §
1617 802 1696 860 53,
1729 821 1802 861 17.
1829 806 1899 849 Ex
1920 803 2093 848 eodem
2117 805 2303 850 Sosibio
2328 803 2552 852 fluxerint
2570 806 2755 865 reliqua
2778 793 2909 866 [quae'
2955 807 2958 863 ῗ

1569 877 1629 921 de
1660 877 1782 922 ludis
1815 876 2030 936 festisque
2063 879 2309 923 Laconicis
2339 879 2468 938 apud
2500 878 2786 938 Hesychium
2819 880 2914 938 le-2.

1568 961 1758 1012 guntur.
2906 951 2913 961 ”

1947 1052 2096 1099 ΠΕΡΙ
2134 1052 2508 1101 ΑΛΚΜΑΝΟΣ.

1956 1178 1993 1220 Ε
2028 1177 2218 1225 LIBRO
2256 1178 2501 1223 TERTIO.

2190 1294 2262 1339 19.

2926 1366 2928 1371 '
2968 1365 2973 1383 ἓ

1636 1397 1884 1440 Athenaeus
1909 1397 2006 1453 ΙΙΙ,
2033 1412 2084 1456 p.
2123 1413 2138 1440 1
2157 1394 2211 1440 15
2228 1431 2240 1451 ,
2274 1396 2312 1441 A
2340 1413 2350 1441 ι
2376 1394 2589 1452 Σωσίὸιος
2620 1397 2658 1443 δ’
2684 1397 2728 1447 ἐν
2759 1395 2891 1461 τρίτῳ

1571 1467 1683 1539 Περὶ
1708 1467 1949 1529 Ἀλκμᾶνος
1968 1467 2155 1534 κρίὸανά
2182 1488 2288 1533 φησι
2308 1468 2508 1530 λέγεσθαι
2531 1470 2804 1523 πλακοῦντάς
2825 1489 2891 1518 τι·
2971 1467 2975 1527 ξ

1569 1560 1644 1594 νας
1667 1543 1729 1605 τῷ
1751 1540 1948 1605 σχήματι
1974 1542 2258 1599 μαστοειδεῖς.

1636 1616 1770 1661 Idem
1787 1618 1916 1672 XIV,
1931 1632 1978 1678 p.
1998 1615 2110 1672 646,
2127 1620 2194 1664 A:
2217 1614 2439 1680 Κριὸάνας
2457 1635 2467 1644 ·
2481 1615 2758 1671 πλακοῦντάς
2771 1635 2890 1672 τινας
2934 1670 2937 1671 ⁷

1569 1689 1867 1748 ὀνομαστικῶς
1887 1686 2210 1751 Ἀπολλόδωρος
2228 1689 2331 1753 παρ’
2351 1688 2581 1752 Ἀλκμᾶνι.
2602 1688 2796 1751 ‘Op-olm<
2811 1691 2887 1736 καὶ
2975 1699 2978 1708 ’

1570 1759 1788 1815 Σωσίὸιος
1812 1762 1854 1807 ἐν
1881 1759 2014 1826 τρίτῳ
2041 1761 2153 1827 Περὶ
2179 1761 2446 1824 Ἀλκμᾶνος,
2472 1765 2534 1828 τῷ
2572 1762 2770 1827 σχήματι
2803 1781 2889 1825 μα·

1569 1833 1771 1888 στοειδεῖς
1789 1825 1898 1881 εἶναι
1914 1833 2092 1899 φάσκων
2109 1833 2281 1894 αὐτοὺς,
2298 1839 2489 1899 χρῆσθαι
2511 1837 2549 1882 δ’
2569 1836 2718 1889 αὐτοῖς
2737 1834 2893 1885 Λάκω-
2938 1846 2939 1850 ’

1570 1926 1646 1961 νας
1662 1906 1768 1971 πρὸς
1791 1906 1869 1961 τὰς
1886 1909 1971 1954 τῶν
1990 1910 2206 1972 γυναικῶν
2226 1908 2460 1961 ἑστιάσεις·
2480 1907 2727 1975 περιφέρειν
2741 1928 2788 1956 τε
2806 1910 2888 1958 αὗ·-

1569 1979 1683 2039 τοὺς,
1698 1979 1800 2027 ὅταν
1813 1978 2030 2042 μέλλωσιν
2047 1979 2162 2046 ᾄδειν
2177 1980 2226 2028 τὸ
2239 1980 2653 2046 παρεσκευασμένον
2668 1979 2884 2046 ἐγκώμιον

1570 2055 1647 2110 τῆς
1669 2052 1886 2118 παρθένου
1907 2055 1953 2100 αἱ
1978 2054 2022 2099 ἐν
2047 2055 2110 2118 τῷ
2133 2056 2253 2120 χορῷ
2275 2053 2518 2126 ἀκόλουθοι.

1917 2179 1954 2223 Ε
1987 2177 2193 2223 LIBRIS
2229 2177 2531 2225 INCERTIS.
2610 2140 2617 2146 ‘

2193 2276 2272 2307 20.

1640 2348 1773 2438 {denti
1788 2349 1920 2405 XIV,
1942 2364 1990 2409 p.
2015 2348 2133 2409 648,
2152 2350 2188 2393 Β
2210 2364 2221 2393 :
2245 2344 2418 2395 Πόλτου
2439 2344 2485 2396 δὲ
2507 2347 2770 2410 μνημονεύει
2790 2340 2892 2396 Ἀλ-

1577 2438 1696 2482 κμαν
1718 2437 1874 2473 ουτως·
1893 2449 1910 2461 .

1681 2507 1782 2555 Ἤδη
1799 2507 1952 2559 παρέξει
1972 2522 2008 2547 τι
2029 2507 2190 2547 πυάνιόν
2210 2521 2252 2548 τε
2269 2507 2412 2547 πόλτον

1680 2566 1814 2618 χίδρον
1825 2580 1872 2606 πε
1887 2566 2203 2617 λευκὸν,κηρίναν
2222 2566 2256 2605 τ’
2276 2566 2449 2614 ὀπώραν.

1575 2648 1708 2702 Ἔστι
1729 2652 1773 2701 δὲ
1794 2653 1843 2701 τὸ
1861 2653 2056 2711 πυάνιον,
2078 2651 2137 2708 ὥς
2157 2672 2265 2719 φησι
2283 2653 2502 2708 Σωσίὸιος
2515 2690 2528 2715 ,
2547 2651 2830 2719 πανσπερμία
2849 2655 2894 2700 ἐν

2203 2799 2276 2839 18.

1634 2903 1839 2954 Elacatia,
1869 2903 1950 2943 ludi
1979 2903 2049 2953 qui
2076 2903 2363 2946 Lacedaemone
2378 2903 2632 2944 celebrantur
2643 2903 2684 2943 in
2701 2893 2894 2944 bonorem
2967 2943 2970 2945 ,
2995 2889 3001 2945 ζῖ

1576 2970 1731 3014 Elacati
1743 3001 1756 3020 ,
1773 2970 1844 3021 qui
1866 2969 2052 3009 Herculis
2070 2970 2244 3010 amasius
2264 2970 2394 3013 suerat
2407 3000 2419 3020 ,
2435 2971 2537 3010 teste
2555 2969 2723 3011 Sosibio.
2996 2963 3001 2976 ¹

2014 3087 2099 3134 DE
2138 3087 2456 3135 ALCMANE.

2210 3211 2275 3252 19.

1628 3313 1808 3354 Sosibius
1824 3313 1927 3354 libro
1939 3314 2059 3356 tertio
2076 3313 2127 3353 de
2140 3312 2330 3353 Alcmane
2343 3310 2399 3350 ait
2413 3309 2596 3350 cribana
2610 3309 2745 3349 vocari
2761 3320 2896 3352 muzus
2964 3285 2967 3311 Ξ

1576 3376 1770 3428 quasdam
1794 3379 1982 3419 mammis
1997 3379 2126 3419 forma
2141 3376 2305 3417 similes.

1635 3442 1846 3483 Crihanas
1857 3473 1868 3494 ‚
1888 3444 2091 3494 placentas
2098 3441 2294 3494 quasdam
2310 3440 2468 3490 proprie
2483 3439 2540 3478 sic
2554 3438 2779 3479 nominatas
2787 3437 2895 3489 apud

1577 3505 1810 3546 Alcmanem
1838 3507 2124 3559 Apollodorus.
2147 3505 2337 3546 Similiter
2363 3504 2483 3544 etiam
2507 3502 2686 3545 Sosibius
2705 3502 2823 3544 tertio
2844 3501 2891 3542 li-

1582 3572 1657 3611 bro
1683 3575 1742 3612 De
1759 3573 1972 3621 Alemane‚
1996 3572 2134 3612 dicens
2154 3572 2323 3611 sormam
2344 3569 2491 3609 habere
2509 3578 2777 3607 mammarum
2792 3595 2803 3614 ‚
2834 3568 2894 3606 uti

1577 3640 1714 3677 autem
1742 3637 1821 3677 illis
1848 3640 2027 3677 Lacones
2060 3636 2100 3676 in
2136 3635 2352 3677 mulierum
2375 3633 2525 3687 epulis>²
2555 3632 2892 3680 circumferi-eque

1577 3710 1670 3748 eas,
1693 3699 1854 3750 quando
1866 3699 2006 3739 laudes
2024 3698 2188 3748 virginis
2205 3697 2406 3748 (sponsae)
2424 3693 2605 3735 encomio
2626 3695 2765 3743 parato
2800 3703 2893 3734 can-

1577 3764 1723 3807 taturae
1746 3765 1840 3804 sunt
1851 3764 1990 3805 amicae
2004 3763 2134 3812 illius,
2157 3762 2326 3802 chorum
2346 3760 2577 3803 formantes

2182 3869 2253 3909 20.

1631 3970 1774 4013 Pullis
1789 3969 1955 4010 Alcman
1971 3968 2150 4008 meminit
2167 3966 2226 4006 liis
2245 3965 2374 4006 verbis
2390 3978 2398 4004 ;

1667 4072 1746 4106 lam
1762 4072 1799 4105 et
1810 4068 1999 4113 pyaniam
2016 4068 2157 4113 pultem
2169 4066 2347 4111 praebebit
2359 4092 2367 4106 .

1666 4130 1704 4162 ct
1726 4126 1898 4162 cliidrum
1914 4123 2117 4160 candidum
2141 4126 2177 4158 ct
2192 4133 2340 4159 cereum
2355 4121 2534 4158 finctum.

1584 4219 1797 4269 Pyam'um
1829 4218 1987 4266 autem,
2010 4217 2053 4255 ut
2083 4215 2258 4254 Sosibius
2286 4214 2363 4260 ait,
2397 4213 2586 4253 dicuntur
2616 4212 2712 4253 varii
2738 4210 2888 4263 generis
