<?xml version="1.0" encoding="UTF-8"?>
<!DOCTYPE html PUBLIC "-//W3C//DTD XHTML 1.0 Transitional//EN"
    "http://www.w3.org/TR/xhtml1/DTD/xhtml1-transitional.dtd">
<html xmlns="http://www.w3.org/1999/xhtml" xml:lang="en" lang="en">
 <head>
  <title>
</title>
<meta http-equiv="Content-Type" content="text/html;charset=utf-8" />
  <meta name='ocr-system' content='tesseract 3.04.00' />
  <meta name='ocr-capabilities' content='ocr_page ocr_carea ocr_par ocr_line ocrx_word'/>
</head>
<body>
  <div class='ocr_page' id='page_1' title='image "./fragmentahistori02mueluoft_0061.png"; bbox 0 0 3016 4628; ppageno 0'>
   <div class='ocr_carea' id='block_1_1' title="bbox 54 457 65 510">
    <p class='ocr_par' dir='ltr' id='par_1_1' title="bbox 54 457 65 510">
     <span class='ocr_line' id='line_1_1' title="bbox 54 457 65 510; baseline 0 0"><span class='ocrx_word' id='word_1_1' title='bbox 54 457 65 510; x_wconf 65' lang='lat' dir='ltr'><em>k</em></span> 
     </span>
    </p>
   </div>
   <div class='ocr_carea' id='block_1_2' title="bbox 0 0 51 2432">
    <p class='ocr_par' dir='ltr' id='par_1_2' title="bbox 0 0 51 2432">
     <span class='ocr_line' id='line_1_2' title="bbox 0 0 51 2432; baseline 0 0"><span class='ocrx_word' id='word_1_2' title='bbox 0 0 51 2432; x_wconf 95' lang='lat' dir='ltr'><strong> </strong></span> 
     </span>
    </p>
   </div>
   <div class='ocr_carea' id='block_1_3' title="bbox 1121 267 2832 341">
    <p class='ocr_par' dir='ltr' id='par_1_3' title="bbox 1121 267 2832 341">
     <span class='ocr_line' id='line_1_3' title="bbox 1121 267 2832 341; baseline -0.003 0"><span class='ocrx_word' id='word_1_3' title='bbox 1121 267 1475 341; x_wconf 70' lang='lat' dir='ltr'><strong>DIONYqus‘</strong></span> <span class='ocrx_word' id='word_1_4' title='bbox 1497 268 1803 339; x_wconf 69' lang='lat' dir='ltr'><strong>nnomus&#39;.</strong></span> <span class='ocrx_word' id='word_1_5' title='bbox 2761 301 2789 341; x_wconf 81' lang='lat'>9</span> <span class='ocrx_word' id='word_1_6' title='bbox 2830 334 2832 336; x_wconf 74' lang='grc'>,</span> 
     </span>
    </p>
   </div>
   <div class='ocr_carea' id='block_1_4' title="bbox 760 417 806 462">
    <p class='ocr_par' dir='ltr' id='par_1_4' title="bbox 760 417 806 462">
     <span class='ocr_line' id='line_1_4' title="bbox 760 417 806 462; baseline 0 -17"><span class='ocrx_word' id='word_1_7' title='bbox 760 417 806 462; x_wconf 85' lang='grc'>9.</span> 
     </span>
    </p>
   </div>
   <div class='ocr_carea' id='block_1_5' title="bbox 139 500 1430 1283">
    <p class='ocr_par' dir='ltr' id='par_1_5' title="bbox 142 500 1430 925">
     <span class='ocr_line' id='line_1_5' title="bbox 211 500 1429 572; baseline -0.008 -14"><span class='ocrx_word' id='word_1_8' title='bbox 211 512 344 558; x_wconf 89' lang='lat' dir='ltr'><strong>Idem</strong></span> <span class='ocrx_word' id='word_1_9' title='bbox 366 514 434 569; x_wconf 93' lang='grc' dir='ltr'><strong>ΙΙ,</strong></span> <span class='ocrx_word' id='word_1_10' title='bbox 457 509 550 572; x_wconf 84' lang='grc'><strong>965</strong></span> <span class='ocrx_word' id='word_1_11' title='bbox 575 526 586 554; x_wconf 89' lang='lat'><strong>:</strong></span> <span class='ocrx_word' id='word_1_12' title='bbox 608 505 828 560; x_wconf 88' lang='grc' dir='ltr'>Διονύσιος</span> <span class='ocrx_word' id='word_1_13' title='bbox 850 506 893 552; x_wconf 81' lang='grc' dir='ltr'>ἐν</span> <span class='ocrx_word' id='word_1_14' title='bbox 919 503 1101 569; x_wconf 84' lang='grc' dir='ltr'>δευτέρῳ</span> <span class='ocrx_word' id='word_1_15' title='bbox 1124 504 1237 551; x_wconf 83' lang='grc' dir='ltr'>κατὰ</span> <span class='ocrx_word' id='word_1_16' title='bbox 1260 500 1429 559; x_wconf 73' lang='grc' dir='ltr'>Αιὸύην</span> 
     </span>
     <span class='ocr_line' id='line_1_6' title="bbox 146 573 1430 648; baseline -0.006 -19"><span class='ocrx_word' id='word_1_17' title='bbox 146 581 277 635; x_wconf 78' lang='grc' dir='ltr'>αὐτὰς</span> <span class='ocrx_word' id='word_1_18' title='bbox 293 579 592 648; x_wconf 79' lang='lat' dir='ltr'>(Amazones)</span> <span class='ocrx_word' id='word_1_19' title='bbox 612 579 827 644; x_wconf 84' lang='grc' dir='ltr'>ᾠκηκέναι</span> <span class='ocrx_word' id='word_1_20' title='bbox 842 576 961 642; x_wconf 84' lang='grc' dir='ltr'>φησί·</span> <span class='ocrx_word' id='word_1_21' title='bbox 980 576 1105 641; x_wconf 77' lang='grc' dir='ltr'>ῥώμῃ</span> <span class='ocrx_word' id='word_1_22' title='bbox 1128 575 1172 623; x_wconf 86' lang='grc' dir='ltr'>δὲ</span> <span class='ocrx_word' id='word_1_23' title='bbox 1195 573 1430 638; x_wconf 87' lang='grc' dir='ltr'>διενεγκού-</span> 
     </span>
     <span class='ocr_line' id='line_1_7' title="bbox 144 646 1427 718; baseline -0.005 -18"><span class='ocrx_word' id='word_1_24' title='bbox 144 671 223 708; x_wconf 87' lang='grc' dir='ltr'><strong>σας</strong></span> <span class='ocrx_word' id='word_1_25' title='bbox 246 653 320 701; x_wconf 82' lang='grc' dir='ltr'><strong>καὶ</strong></span> <span class='ocrx_word' id='word_1_26' title='bbox 343 650 613 718; x_wconf 80' lang='grc' dir='ltr'>τρεψαμένας</span> <span class='ocrx_word' id='word_1_27' title='bbox 641 650 736 704; x_wconf 81' lang='grc' dir='ltr'>τοὺς</span> <span class='ocrx_word' id='word_1_28' title='bbox 759 649 961 714; x_wconf 84' lang='grc' dir='ltr'>ὁμόρους,</span> <span class='ocrx_word' id='word_1_29' title='bbox 987 650 1123 696; x_wconf 83' lang='grc' dir='ltr'>ἐλθεῖν</span> <span class='ocrx_word' id='word_1_30' title='bbox 1152 646 1226 695; x_wconf 79' lang='grc' dir='ltr'><strong>καὶ</strong></span> <span class='ocrx_word' id='word_1_31' title='bbox 1254 646 1324 694; x_wconf 79' lang='grc' dir='ltr'><strong>ἐπὶ</strong></span> <span class='ocrx_word' id='word_1_32' title='bbox 1348 646 1427 704; x_wconf 80' lang='grc' dir='ltr'><strong>τὴν</strong></span> 
     </span>
     <span class='ocr_line' id='line_1_8' title="bbox 142 717 1426 789; baseline -0.006 -17"><span class='ocrx_word' id='word_1_33' title='bbox 142 723 375 789; x_wconf 79' lang='grc' dir='ltr'>Εὐρώπην,</span> <span class='ocrx_word' id='word_1_34' title='bbox 395 723 468 771; x_wconf 75' lang='grc' dir='ltr'><strong>καὶ</strong></span> <span class='ocrx_word' id='word_1_35' title='bbox 484 723 645 777; x_wconf 81' lang='grc' dir='ltr'>πολλὰς</span> <span class='ocrx_word' id='word_1_36' title='bbox 664 720 809 769; x_wconf 79' lang='grc' dir='ltr'>αὐτόθι</span> <span class='ocrx_word' id='word_1_37' title='bbox 823 719 969 774; x_wconf 87' lang='grc' dir='ltr'>πόλεις</span> <span class='ocrx_word' id='word_1_38' title='bbox 984 719 1130 767; x_wconf 87' lang='grc' dir='ltr'><strong>κτίσαι</strong></span> <span class='ocrx_word' id='word_1_39' title='bbox 1154 717 1362 773; x_wconf 74' lang='grc' dir='ltr'>ὑποτάξαι</span> <span class='ocrx_word' id='word_1_40' title='bbox 1378 737 1426 765; x_wconf 82' lang='grc' dir='ltr'><strong>τε</strong></span> 
     </span>
     <span class='ocr_line' id='line_1_9' title="bbox 144 785 1429 852; baseline -0.005 -11"><span class='ocrx_word' id='word_1_41' title='bbox 144 797 292 850; x_wconf 76' lang='grc' dir='ltr'>αὑταῖς</span> <span class='ocrx_word' id='word_1_42' title='bbox 310 794 359 843; x_wconf 85' lang='grc' dir='ltr'>τὸ</span> <span class='ocrx_word' id='word_1_43' title='bbox 380 793 650 843; x_wconf 80' lang='grc' dir='ltr'>Ἀτλαντικὸν</span> <span class='ocrx_word' id='word_1_44' title='bbox 668 792 806 852; x_wconf 84' lang='grc' dir='ltr'>ἔθνος,</span> <span class='ocrx_word' id='word_1_45' title='bbox 825 785 915 850; x_wconf 67' lang='grc' dir='ltr'>δῆν</span> <span class='ocrx_word' id='word_1_46' title='bbox 939 790 1235 840; x_wconf 83' lang='grc' dir='ltr'>δυνατώτατον</span> <span class='ocrx_word' id='word_1_47' title='bbox 1251 792 1335 837; x_wconf 85' lang='grc' dir='ltr'><strong>τῶν</strong></span> <span class='ocrx_word' id='word_1_48' title='bbox 1353 792 1429 848; x_wconf 73' lang='grc' dir='ltr'><strong>τῆς</strong></span> 
     </span>
     <span class='ocr_line' id='line_1_10' title="bbox 142 866 322 925; baseline 0.006 -9"><span class='ocrx_word' id='word_1_49' title='bbox 142 866 322 925; x_wconf 75' lang='grc' dir='ltr'>Λιὸύης.</span> 
     </span>
    </p>

    <p class='ocr_par' dir='ltr' id='par_1_6' title="bbox 139 938 1429 1283">
     <span class='ocr_line' id='line_1_11' title="bbox 205 938 1429 1000; baseline -0.006 -14"><span class='ocrx_word' id='word_1_50' title='bbox 205 941 484 1000; x_wconf 84' lang='lat' dir='ltr'><strong>Libycarum</strong></span> <span class='ocrx_word' id='word_1_51' title='bbox 530 942 816 986; x_wconf 87' lang='lat' dir='ltr'><strong>Amazonum</strong></span> <span class='ocrx_word' id='word_1_52' title='bbox 848 938 1088 983; x_wconf 86' lang='lat' dir='ltr'><strong>historiam</strong></span> <span class='ocrx_word' id='word_1_53' title='bbox 1122 938 1336 981; x_wconf 87' lang='lat' dir='ltr'><strong>novimus</strong></span> <span class='ocrx_word' id='word_1_54' title='bbox 1371 952 1429 980; x_wconf 88' lang='lat' dir='ltr'><strong>ex</strong></span> 
     </span>
     <span class='ocr_line' id='line_1_12' title="bbox 139 1009 1429 1073; baseline -0.005 -16"><span class='ocrx_word' id='word_1_55' title='bbox 139 1011 354 1057; x_wconf 86' lang='lat' dir='ltr'><strong>Diodoro</strong></span> <span class='ocrx_word' id='word_1_56' title='bbox 376 1011 475 1073; x_wconf 92' lang='lat' dir='ltr'><strong>(III</strong></span> <span class='ocrx_word' id='word_1_57' title='bbox 490 1046 502 1068; x_wconf 90' lang='lat'><strong>,</strong></span> <span class='ocrx_word' id='word_1_58' title='bbox 527 1010 586 1056; x_wconf 87' lang='lat'><strong>52</strong></span> <span class='ocrx_word' id='word_1_59' title='bbox 607 1009 733 1073; x_wconf 91' lang='lat' dir='ltr'><strong>sqq.)</strong></span> <span class='ocrx_word' id='word_1_60' title='bbox 746 1044 758 1067; x_wconf 93' lang='lat'>,</span> <span class='ocrx_word' id='word_1_61' title='bbox 778 1011 860 1069; x_wconf 87' lang='lat' dir='ltr'><strong>qui</strong></span> <span class='ocrx_word' id='word_1_62' title='bbox 879 1020 1118 1054; x_wconf 80' lang='lat' dir='ltr'><strong>auctorem</strong></span> <span class='ocrx_word' id='word_1_63' title='bbox 1135 1025 1270 1053; x_wconf 90' lang='lat' dir='ltr'><strong>suum</strong></span> <span class='ocrx_word' id='word_1_64' title='bbox 1283 1009 1429 1052; x_wconf 87' lang='lat' dir='ltr'><strong>diser—</strong></span> 
     </span>
     <span class='ocr_line' id='line_1_13' title="bbox 141 1079 1429 1140; baseline -0.002 -14"><span class='ocrx_word' id='word_1_65' title='bbox 141 1083 196 1126; x_wconf 88' lang='lat' dir='ltr'><strong>tis</strong></span> <span class='ocrx_word' id='word_1_66' title='bbox 210 1082 364 1126; x_wconf 85' lang='lat' dir='ltr'><strong>verbis</strong></span> <span class='ocrx_word' id='word_1_67' title='bbox 393 1082 602 1126; x_wconf 87' lang='lat' dir='ltr'><strong>nominat</strong></span> <span class='ocrx_word' id='word_1_68' title='bbox 617 1096 720 1140; x_wconf 89' lang='lat' dir='ltr'><strong>cap.</strong></span> <span class='ocrx_word' id='word_1_69' title='bbox 758 1079 836 1137; x_wconf 82' lang='lat'><strong>51,</strong></span> <span class='ocrx_word' id='word_1_70' title='bbox 891 1081 935 1126; x_wconf 83' lang='lat'><strong>3.</strong></span> <span class='ocrx_word' id='word_1_71' title='bbox 969 1081 1184 1126; x_wconf 82' lang='lat' dir='ltr'><strong>Ceterum</strong></span> <span class='ocrx_word' id='word_1_72' title='bbox 1210 1081 1355 1124; x_wconf 87' lang='lat' dir='ltr'><strong>verba</strong></span> <span class='ocrx_word' id='word_1_73' title='bbox 1386 1080 1429 1124; x_wconf 83' lang='grc' dir='ltr'>ἐν</span> 
     </span>
     <span class='ocr_line' id='line_1_14' title="bbox 141 1149 1429 1215; baseline -0.002 -18"><span class='ocrx_word' id='word_1_74' title='bbox 141 1149 325 1215; x_wconf 81' lang='grc' dir='ltr'>δευτέρῳ</span> <span class='ocrx_word' id='word_1_75' title='bbox 342 1167 440 1196; x_wconf 88' lang='lat' dir='ltr'><strong>non</strong></span> <span class='ocrx_word' id='word_1_76' title='bbox 459 1152 519 1197; x_wconf 86' lang='lat' dir='ltr'><strong>ad</strong></span> <span class='ocrx_word' id='word_1_77' title='bbox 535 1153 811 1197; x_wconf 85' lang='lat' dir='ltr'><strong>Amazonica</strong></span> <span class='ocrx_word' id='word_1_78' title='bbox 824 1152 996 1208; x_wconf 88' lang='lat' dir='ltr'><strong>refero,</strong></span> <span class='ocrx_word' id='word_1_79' title='bbox 1015 1151 1096 1196; x_wconf 89' lang='lat' dir='ltr'><strong>sed</strong></span> <span class='ocrx_word' id='word_1_80' title='bbox 1112 1151 1173 1196; x_wconf 89' lang='lat' dir='ltr'><strong>ad</strong></span> <span class='ocrx_word' id='word_1_81' title='bbox 1191 1152 1429 1211; x_wconf 84' lang='lat' dir='ltr'><strong>Argonau-</strong></span> 
     </span>
     <span class='ocr_line' id='line_1_15' title="bbox 142 1222 1429 1283; baseline -0.002 -15"><span class='ocrx_word' id='word_1_82' title='bbox 142 1225 232 1269; x_wconf 83' lang='lat' dir='ltr'><strong>tica</strong></span> <span class='ocrx_word' id='word_1_83' title='bbox 254 1239 311 1268; x_wconf 88' lang='lat' dir='ltr'><strong>ex</strong></span> <span class='ocrx_word' id='word_1_84' title='bbox 346 1223 516 1282; x_wconf 89' lang='lat' dir='ltr'><strong>quibus</strong></span> <span class='ocrx_word' id='word_1_85' title='bbox 538 1224 720 1283; x_wconf 87' lang='lat' dir='ltr'><strong>reliqua</strong></span> <span class='ocrx_word' id='word_1_86' title='bbox 753 1239 834 1268; x_wconf 89' lang='lat' dir='ltr'><strong>sua</strong></span> <span class='ocrx_word' id='word_1_87' title='bbox 871 1225 1115 1268; x_wconf 85' lang='lat' dir='ltr'><strong>scholiasta</strong></span> <span class='ocrx_word' id='word_1_88' title='bbox 1137 1224 1315 1282; x_wconf 88' lang='lat' dir='ltr'><strong>petivit.</strong></span> <span class='ocrx_word' id='word_1_89' title='bbox 1355 1222 1429 1265; x_wconf 91' lang='lat' dir='ltr'><strong>Ibi</strong></span> 
     </span>
    </p>
   </div>
   <div class='ocr_carea' id='block_1_6' title="bbox 85 1288 1429 1355">
    <p class='ocr_par' dir='ltr' id='par_1_7' title="bbox 85 1288 1429 1355">
     <span class='ocr_line' id='line_1_16' title="bbox 85 1288 1429 1355; baseline -0.001 -16"><span class='ocrx_word' id='word_1_90' title='bbox 85 1288 88 1292; x_wconf 38' lang='lat'>⁸</span> <span class='ocrx_word' id='word_1_91' title='bbox 143 1296 393 1355; x_wconf 85' lang='lat' dir='ltr'><strong>Dionysius</strong></span> <span class='ocrx_word' id='word_1_92' title='bbox 412 1296 462 1338; x_wconf 90' lang='lat' dir='ltr'><strong>in</strong></span> <span class='ocrx_word' id='word_1_93' title='bbox 484 1304 746 1340; x_wconf 86' lang='lat' dir='ltr'><strong>transcursu</strong></span> <span class='ocrx_word' id='word_1_94' title='bbox 777 1312 906 1340; x_wconf 90' lang='lat' dir='ltr'><strong>suam</strong></span> <span class='ocrx_word' id='word_1_95' title='bbox 925 1296 983 1340; x_wconf 94' lang='lat' dir='ltr'><strong>de</strong></span> <span class='ocrx_word' id='word_1_96' title='bbox 1001 1295 1314 1344; x_wconf 62' lang='lat' dir='ltr'><strong>Amazoniluis</strong></span> <span class='ocrx_word' id='word_1_97' title='bbox 1340 1294 1429 1338; x_wconf 86' lang='lat' dir='ltr'><strong>do-</strong></span> 
     </span>
    </p>
   </div>
   <div class='ocr_carea' id='block_1_7' title="bbox 141 1368 1429 1428">
    <p class='ocr_par' dir='ltr' id='par_1_8' title="bbox 141 1368 1429 1428">
     <span class='ocr_line' id='line_1_17' title="bbox 141 1368 1429 1428; baseline 0 -17"><span class='ocrx_word' id='word_1_98' title='bbox 141 1368 341 1412; x_wconf 85' lang='lat' dir='ltr'><strong>ctrinam</strong></span> <span class='ocrx_word' id='word_1_99' title='bbox 377 1368 572 1428; x_wconf 72' lang='lat' dir='ltr'><strong>tetigisse</strong></span> <span class='ocrx_word' id='word_1_100' title='bbox 596 1376 641 1413; x_wconf 93' lang='lat' dir='ltr'><strong>et</strong></span> <span class='ocrx_word' id='word_1_101' title='bbox 669 1369 848 1428; x_wconf 87' lang='lat' dir='ltr'><strong>vulgari</strong></span> <span class='ocrx_word' id='word_1_102' title='bbox 882 1368 1126 1413; x_wconf 87' lang='lat' dir='ltr'><strong>traditioni</strong></span> <span class='ocrx_word' id='word_1_103' title='bbox 1161 1368 1429 1427; x_wconf 88' lang='lat' dir='ltr'><strong>opposuisse</strong></span> 
     </span>
    </p>
   </div>
   <div class='ocr_carea' id='block_1_8' title="bbox 139 1439 911 1534">
    <p class='ocr_par' dir='ltr' id='par_1_9' title="bbox 139 1439 911 1534">
     <span class='ocr_line' id='line_1_18' title="bbox 139 1439 340 1484; baseline 0.005 -2"><span class='ocrx_word' id='word_1_104' title='bbox 139 1439 340 1484; x_wconf 81' lang='lat' dir='ltr'><strong>videtur.</strong></span> 
     </span>
     <span class='ocr_line' id='line_1_19' title="bbox 642 1514 911 1534; baseline 0 -6"><span class='ocrx_word' id='word_1_105' title='bbox 642 1514 911 1534; x_wconf 45' lang='lat' dir='ltr'><strong>w...-</strong></span> 
     </span>
    </p>
   </div>
   <div class='ocr_carea' id='block_1_9' title="bbox 138 1594 1430 2329">
    <p class='ocr_par' dir='ltr' id='par_1_10' title="bbox 729 1594 839 1657">
     <span class='ocr_line' id='line_1_20' title="bbox 729 1594 839 1657; baseline 0.018 -17"><span class='ocrx_word' id='word_1_106' title='bbox 729 1594 839 1657; x_wconf 82' lang='lat'><strong>(10).</strong></span> 
     </span>
    </p>

    <p class='ocr_par' dir='ltr' id='par_1_11' title="bbox 138 1684 1430 2108">
     <span class='ocr_line' id='line_1_21' title="bbox 204 1684 1427 1747; baseline 0.001 -16"><span class='ocrx_word' id='word_1_107' title='bbox 204 1686 335 1732; x_wconf 89' lang='lat' dir='ltr'><strong>Idem</strong></span> <span class='ocrx_word' id='word_1_108' title='bbox 355 1690 424 1744; x_wconf 90' lang='lat'><strong>11,</strong></span> <span class='ocrx_word' id='word_1_109' title='bbox 449 1694 542 1741; x_wconf 79' lang='grc'><strong>904</strong></span> <span class='ocrx_word' id='word_1_110' title='bbox 570 1704 580 1732; x_wconf 92' lang='lat'><strong>:</strong></span> <span class='ocrx_word' id='word_1_111' title='bbox 601 1685 707 1734; x_wconf 66' lang='grc' dir='ltr'>’Ότι</span> <span class='ocrx_word' id='word_1_112' title='bbox 727 1684 1078 1747; x_wconf 84' lang='grc' dir='ltr'>κατεπολέμησεν</span> <span class='ocrx_word' id='word_1_113' title='bbox 1101 1684 1260 1740; x_wconf 77' lang='grc' dir='ltr'>Ἰνδοὺς</span> <span class='ocrx_word' id='word_1_114' title='bbox 1283 1689 1305 1733; x_wconf 87' lang='grc' dir='ltr'>ὃ</span> <span class='ocrx_word' id='word_1_115' title='bbox 1329 1685 1427 1733; x_wconf 87' lang='grc' dir='ltr'>Διό-</span> 
     </span>
     <span class='ocr_line' id='line_1_22' title="bbox 139 1757 1427 1825; baseline 0.003 -21"><span class='ocrx_word' id='word_1_116' title='bbox 139 1776 264 1812; x_wconf 90' lang='grc' dir='ltr'>νυσος</span> <span class='ocrx_word' id='word_1_117' title='bbox 286 1757 504 1813; x_wconf 92' lang='grc' dir='ltr'>Διονύσιός</span> <span class='ocrx_word' id='word_1_118' title='bbox 529 1778 634 1824; x_wconf 80' lang='grc' dir='ltr'>φησι</span> <span class='ocrx_word' id='word_1_119' title='bbox 657 1758 731 1806; x_wconf 89' lang='grc' dir='ltr'><strong>καὶ</strong></span> <span class='ocrx_word' id='word_1_120' title='bbox 753 1759 1056 1825; x_wconf 86' lang='grc' dir='ltr'>Ἀριστόδημος</span> <span class='ocrx_word' id='word_1_121' title='bbox 1080 1760 1122 1806; x_wconf 82' lang='grc' dir='ltr'>ἐν</span> <span class='ocrx_word' id='word_1_122' title='bbox 1145 1757 1304 1824; x_wconf 83' lang='grc' dir='ltr'>πρώτῳ</span> <span class='ocrx_word' id='word_1_123' title='bbox 1329 1762 1427 1816; x_wconf 90' lang='grc' dir='ltr'><strong>Θη-</strong></span> 
     </span>
     <span class='ocr_line' id='line_1_23' title="bbox 140 1829 1430 1896; baseline 0.001 -18"><span class='ocrx_word' id='word_1_124' title='bbox 140 1829 303 1878; x_wconf 75' lang='grc' dir='ltr'>ὅαῖκῶν</span> <span class='ocrx_word' id='word_1_125' title='bbox 340 1829 682 1896; x_wconf 81' lang='grc' dir='ltr'>ἐπιγραμμάτων</span> <span class='ocrx_word' id='word_1_126' title='bbox 718 1832 791 1878; x_wconf 72' lang='grc' dir='ltr'><strong>καὶ</strong></span> <span class='ocrx_word' id='word_1_127' title='bbox 830 1830 1101 1896; x_wconf 86' lang='grc' dir='ltr'>Κλείταρχος</span> <span class='ocrx_word' id='word_1_128' title='bbox 1132 1832 1175 1877; x_wconf 81' lang='grc' dir='ltr'>ἐν</span> <span class='ocrx_word' id='word_1_129' title='bbox 1203 1831 1297 1884; x_wconf 81' lang='grc' dir='ltr'>ταῖς</span> <span class='ocrx_word' id='word_1_130' title='bbox 1330 1829 1430 1895; x_wconf 71' lang='grc' dir='ltr'>περὶ</span> 
     </span>
     <span class='ocr_line' id='line_1_24' title="bbox 141 1901 1429 1967; baseline -0.001 -17"><span class='ocrx_word' id='word_1_131' title='bbox 141 1901 412 1967; x_wconf 82' lang='grc' dir='ltr'>Ἀλεξάνδρου</span> <span class='ocrx_word' id='word_1_132' title='bbox 436 1902 656 1966; x_wconf 83' lang='grc' dir='ltr'>ἱστορίαις.</span> <span class='ocrx_word' id='word_1_133' title='bbox 682 1907 787 1949; x_wconf 90' lang='lat' dir='ltr'><strong>Hoc</strong></span> <span class='ocrx_word' id='word_1_134' title='bbox 813 1920 926 1948; x_wconf 90' lang='lat' dir='ltr'><strong>num</strong></span> <span class='ocrx_word' id='word_1_135' title='bbox 947 1905 1008 1948; x_wconf 88' lang='lat' dir='ltr'><strong>ad</strong></span> <span class='ocrx_word' id='word_1_136' title='bbox 1031 1903 1344 1964; x_wconf 77' lang='lat' dir='ltr'><strong>Mitylenaeum</strong></span> <span class='ocrx_word' id='word_1_137' title='bbox 1370 1921 1429 1949; x_wconf 91' lang='lat' dir='ltr'><strong>an</strong></span> 
     </span>
     <span class='ocr_line' id='line_1_25' title="bbox 139 1977 1425 2038; baseline 0.002 -16"><span class='ocrx_word' id='word_1_138' title='bbox 139 1977 342 2022; x_wconf 84' lang='lat' dir='ltr'><strong>Samium</strong></span> <span class='ocrx_word' id='word_1_139' title='bbox 363 1979 636 2038; x_wconf 84' lang='lat' dir='ltr'><strong>Dionysium</strong></span> <span class='ocrx_word' id='word_1_140' title='bbox 664 1977 961 2024; x_wconf 86' lang='lat' dir='ltr'><strong>referendum</strong></span> <span class='ocrx_word' id='word_1_141' title='bbox 993 1979 1075 2036; x_wconf 83' lang='lat' dir='ltr'><strong>sit,</strong></span> <span class='ocrx_word' id='word_1_142' title='bbox 1101 1979 1275 2026; x_wconf 86' lang='lat' dir='ltr'><strong>nescio.</strong></span> <span class='ocrx_word' id='word_1_143' title='bbox 1304 1978 1425 2024; x_wconf 84' lang='lat' dir='ltr'><strong>Illud</strong></span> 
     </span>
     <span class='ocr_line' id='line_1_26' title="bbox 138 2049 451 2108; baseline 0.006 -16"><span class='ocrx_word' id='word_1_144' title='bbox 138 2049 451 2108; x_wconf 81' lang='lat' dir='ltr'><strong>probabilius.</strong></span> 
     </span>
    </p>

    <p class='ocr_par' dir='ltr' id='par_1_12' title="bbox 138 2121 1428 2329">
     <span class='ocr_line' id='line_1_27' title="bbox 203 2121 1428 2183; baseline 0.002 -19"><span class='ocrx_word' id='word_1_145' title='bbox 203 2121 608 2180; x_wconf 85' lang='lat' dir='ltr'><strong>Scytobrachionis</strong></span> <span class='ocrx_word' id='word_1_146' title='bbox 632 2123 922 2168; x_wconf 85' lang='lat' dir='ltr'><strong>mentionem</strong></span> <span class='ocrx_word' id='word_1_147' title='bbox 938 2121 1162 2167; x_wconf 83' lang='lat' dir='ltr'><strong>Miillerus</strong></span> <span class='ocrx_word' id='word_1_148' title='bbox 1177 2123 1320 2168; x_wconf 88' lang='lat' dir='ltr'><strong>latere</strong></span> <span class='ocrx_word' id='word_1_149' title='bbox 1339 2139 1428 2183; x_wconf 91' lang='lat' dir='ltr'><strong>pu-</strong></span> 
     </span>
     <span class='ocr_line' id='line_1_28' title="bbox 140 2192 1428 2259; baseline 0.004 -24"><span class='ocrx_word' id='word_1_150' title='bbox 140 2194 252 2236; x_wconf 83' lang='lat' dir='ltr'><strong>tavit</strong></span> <span class='ocrx_word' id='word_1_151' title='bbox 269 2194 319 2237; x_wconf 89' lang='lat' dir='ltr'><strong>in</strong></span> <span class='ocrx_word' id='word_1_152' title='bbox 343 2195 492 2238; x_wconf 90' lang='lat' dir='ltr'><strong>Tzetz.</strong></span> <span class='ocrx_word' id='word_1_153' title='bbox 519 2194 576 2239; x_wconf 89' lang='lat' dir='ltr'><strong>ad</strong></span> <span class='ocrx_word' id='word_1_154' title='bbox 606 2197 719 2254; x_wconf 87' lang='lat' dir='ltr'><strong>Lyc.</strong></span> <span class='ocrx_word' id='word_1_155' title='bbox 748 2201 867 2252; x_wconf 79' lang='lat'><strong>1247</strong></span> <span class='ocrx_word' id='word_1_156' title='bbox 898 2212 909 2240; x_wconf 90' lang='lat'>:</span> <span class='ocrx_word' id='word_1_157' title='bbox 946 2192 1037 2242; x_wconf 75' lang='grc' dir='ltr'><strong>Καὶ</strong></span> <span class='ocrx_word' id='word_1_158' title='bbox 1058 2192 1277 2247; x_wconf 86' lang='grc' dir='ltr'>Διονύσιός</span> <span class='ocrx_word' id='word_1_159' title='bbox 1299 2212 1428 2259; x_wconf 80' lang='grc' dir='ltr'>φησιν</span> 
     </span>
     <span class='ocr_line' id='line_1_29' title="bbox 138 2258 1427 2329; baseline 0.003 -21"><span class='ocrx_word' id='word_1_160' title='bbox 138 2264 161 2308; x_wconf 80' lang='grc' dir='ltr'>ὁ</span> <span class='ocrx_word' id='word_1_161' title='bbox 179 2264 413 2317; x_wconf 80' lang='grc' dir='ltr'>Σκιωναῖος</span> <span class='ocrx_word' id='word_1_162' title='bbox 435 2266 525 2326; x_wconf 89' lang='lat' dir='ltr'><strong>(sic</strong></span> <span class='ocrx_word' id='word_1_163' title='bbox 545 2266 641 2311; x_wconf 86' lang='lat' dir='ltr'><strong>duo</strong></span> <span class='ocrx_word' id='word_1_164' title='bbox 659 2258 801 2312; x_wconf 90' lang='lat' dir='ltr'><strong>codd.</strong></span> <span class='ocrx_word' id='word_1_165' title='bbox 817 2302 830 2324; x_wconf 90' lang='lat'>‚</span> <span class='ocrx_word' id='word_1_166' title='bbox 850 2269 992 2328; x_wconf 83' lang='lat' dir='ltr'><strong>vulgo</strong></span> <span class='ocrx_word' id='word_1_167' title='bbox 1015 2266 1305 2329; x_wconf 86' lang='grc' dir='ltr'>Σκυμναῖος)·</span> <span class='ocrx_word' id='word_1_168' title='bbox 1348 2265 1427 2314; x_wconf 85' lang='grc' dir='ltr'><strong>Μὰ</strong></span> 
     </span>
    </p>
   </div>
   <div class='ocr_carea' id='block_1_10' title="bbox 0 2332 1428 2546">
    <p class='ocr_par' dir='ltr' id='par_1_13' title="bbox 0 2332 1428 2546">
     <span class='ocr_line' id='line_1_30' title="bbox 84 2332 1428 2402; baseline 0.004 -22"><span class='ocrx_word' id='word_1_169' title='bbox 84 2367 85 2370; x_wconf 63' lang='lat'>,</span> <span class='ocrx_word' id='word_1_170' title='bbox 138 2332 214 2388; x_wconf 83' lang='grc' dir='ltr'><strong>τὰς</strong></span> <span class='ocrx_word' id='word_1_171' title='bbox 233 2333 410 2382; x_wconf 87' lang='grc' dir='ltr'>Θεοίνου</span> <span class='ocrx_word' id='word_1_172' title='bbox 430 2335 504 2382; x_wconf 61' lang='grc' dir='ltr'><strong>καὶΙ</strong></span> <span class='ocrx_word' id='word_1_173' title='bbox 524 2337 771 2402; x_wconf 83' lang='grc' dir='ltr'>Κορωνίδας</span> <span class='ocrx_word' id='word_1_174' title='bbox 789 2337 934 2402; x_wconf 86' lang='grc' dir='ltr'>κόρας.</span> <span class='ocrx_word' id='word_1_175' title='bbox 953 2341 1103 2400; x_wconf 86' lang='lat' dir='ltr'><strong>Igitur</strong></span> <span class='ocrx_word' id='word_1_176' title='bbox 1127 2356 1184 2384; x_wconf 86' lang='lat' dir='ltr'><strong>ex</strong></span> <span class='ocrx_word' id='word_1_177' title='bbox 1201 2341 1428 2396; x_wconf 85' lang='grc' dir='ltr'>Μυθικοῖς,</span> 
     </span>
     <span class='ocr_line' id='line_1_31' title="bbox 0 2410 1428 2473; baseline 0.006 -24"><span class='ocrx_word' id='word_1_178' title='bbox 0 2429 1 2448; x_wconf 77' lang='lat'>1</span> <span class='ocrx_word' id='word_1_179' title='bbox 63 2467 66 2471; x_wconf 83' lang='lat'><strong>.</strong></span> <span class='ocrx_word' id='word_1_180' title='bbox 139 2424 242 2467; x_wconf 89' lang='lat' dir='ltr'><strong>quae</strong></span> <span class='ocrx_word' id='word_1_181' title='bbox 255 2410 459 2453; x_wconf 83' lang='lat' dir='ltr'><strong>versibus</strong></span> <span class='ocrx_word' id='word_1_182' title='bbox 477 2419 703 2470; x_wconf 87' lang='lat' dir='ltr'><strong>concepta</strong></span> <span class='ocrx_word' id='word_1_183' title='bbox 722 2422 876 2468; x_wconf 83' lang='lat' dir='ltr'><strong>erant,</strong></span> <span class='ocrx_word' id='word_1_184' title='bbox 893 2413 1039 2471; x_wconf 89' lang='lat' dir='ltr'><strong>petita</strong></span> <span class='ocrx_word' id='word_1_185' title='bbox 1061 2412 1232 2456; x_wconf 88' lang='lat' dir='ltr'><strong>forent.</strong></span> <span class='ocrx_word' id='word_1_186' title='bbox 1252 2414 1351 2473; x_wconf 87' lang='lat' dir='ltr'><strong>Ego</strong></span> <span class='ocrx_word' id='word_1_187' title='bbox 1370 2413 1428 2457; x_wconf 91' lang='lat' dir='ltr'><strong>de</strong></span> 
     </span>
     <span class='ocr_line' id='line_1_32' title="bbox 102 2480 1425 2546; baseline 0.004 -23"><span class='ocrx_word' id='word_1_188' title='bbox 102 2544 104 2546; x_wconf 13' lang='grc' dir='ltr'><strong><em>ι</em></strong></span> <span class='ocrx_word' id='word_1_189' title='bbox 138 2480 363 2539; x_wconf 84' lang='lat' dir='ltr'><strong>Dionysio</strong></span> <span class='ocrx_word' id='word_1_190' title='bbox 387 2481 646 2542; x_wconf 86' lang='lat' dir='ltr'><strong>Sinopensi,</strong></span> <span class='ocrx_word' id='word_1_191' title='bbox 663 2491 801 2542; x_wconf 88' lang='lat' dir='ltr'><strong>poeta</strong></span> <span class='ocrx_word' id='word_1_192' title='bbox 823 2484 1022 2541; x_wconf 75' lang='lat' dir='ltr'><strong>comice,</strong></span> <span class='ocrx_word' id='word_1_193' title='bbox 1045 2485 1241 2544; x_wconf 82' lang='lat' dir='ltr'><strong>cogitari</strong></span> <span class='ocrx_word' id='word_1_194' title='bbox 1251 2485 1425 2529; x_wconf 89' lang='lat' dir='ltr'><strong>malim.</strong></span> 
     </span>
    </p>
   </div>
   <div class='ocr_carea' id='block_1_11' title="bbox 748 2606 822 2634">
    <p class='ocr_par' dir='ltr' id='par_1_14' title="bbox 748 2606 822 2634">
     <span class='ocr_line' id='line_1_33' title="bbox 748 2606 822 2634; baseline 0 0"><span class='ocrx_word' id='word_1_195' title='bbox 748 2606 822 2634; x_wconf 89' lang='lat'><strong>11.</strong></span> 
     </span>
    </p>
   </div>
   <div class='ocr_carea' id='block_1_12' title="bbox 139 2681 1428 3107">
    <p class='ocr_par' dir='ltr' id='par_1_15' title="bbox 139 2681 1428 3107">
     <span class='ocr_line' id='line_1_34' title="bbox 204 2681 1424 2743; baseline 0.005 -18"><span class='ocrx_word' id='word_1_196' title='bbox 204 2683 272 2726; x_wconf 83' lang='lat' dir='ltr'><strong>Ex</strong></span> <span class='ocrx_word' id='word_1_197' title='bbox 288 2681 496 2743; x_wconf 85' lang='grc' dir='ltr'>Τρωικῶν</span> <span class='ocrx_word' id='word_1_198' title='bbox 517 2683 646 2727; x_wconf 86' lang='lat' dir='ltr'><strong>libris</strong></span> <span class='ocrx_word' id='word_1_199' title='bbox 670 2681 858 2728; x_wconf 85' lang='lat' dir='ltr'><strong>fluxerit</strong></span> <span class='ocrx_word' id='word_1_200' title='bbox 882 2684 1038 2734; x_wconf 89' lang='lat' dir='ltr'><strong>Schol.</strong></span> <span class='ocrx_word' id='word_1_201' title='bbox 1065 2687 1207 2731; x_wconf 88' lang='lat' dir='ltr'><strong>Hom.</strong></span> <span class='ocrx_word' id='word_1_202' title='bbox 1242 2686 1300 2732; x_wconf 88' lang='lat' dir='ltr'><strong>Il.</strong></span> <span class='ocrx_word' id='word_1_203' title='bbox 1328 2688 1424 2743; x_wconf 92' lang='grc' dir='ltr'>ΙΙΙ,</span> 
     </span>
     <span class='ocr_line' id='line_1_35' title="bbox 142 2750 1428 2820; baseline 0.005 -23"><span class='ocrx_word' id='word_1_204' title='bbox 142 2759 235 2806; x_wconf 65' lang='lat'><strong>140:</strong></span> <span class='ocrx_word' id='word_1_205' title='bbox 268 2750 485 2806; x_wconf 86' lang='grc' dir='ltr'>Διονύσιός</span> <span class='ocrx_word' id='word_1_206' title='bbox 507 2771 634 2818; x_wconf 76' lang='grc' dir='ltr'>φησιν</span> <span class='ocrx_word' id='word_1_207' title='bbox 663 2757 686 2800; x_wconf 83' lang='grc' dir='ltr'>ὃ</span> <span class='ocrx_word' id='word_1_208' title='bbox 722 2754 1064 2820; x_wconf 73' lang='grc' dir='ltr'>Σκυτοὸραχίων</span> <span class='ocrx_word' id='word_1_209' title='bbox 1094 2756 1315 2820; x_wconf 89' lang='grc' dir='ltr'>Δάρδανον</span> <span class='ocrx_word' id='word_1_210' title='bbox 1341 2757 1428 2804; x_wconf 81' lang='grc' dir='ltr'><strong>ἀπὸ</strong></span> 
     </span>
     <span class='ocr_line' id='line_1_36' title="bbox 140 2817 1423 2891; baseline 0.003 -19"><span class='ocrx_word' id='word_1_211' title='bbox 140 2821 316 2881; x_wconf 82' lang='grc' dir='ltr'>Ἑλένης</span> <span class='ocrx_word' id='word_1_212' title='bbox 342 2824 414 2871; x_wconf 77' lang='grc' dir='ltr'><strong>καὶ</strong></span> <span class='ocrx_word' id='word_1_213' title='bbox 443 2824 630 2890; x_wconf 81' lang='grc' dir='ltr'>Πάριδος</span> <span class='ocrx_word' id='word_1_214' title='bbox 657 2817 777 2873; x_wconf 68' lang='grc' dir='ltr'>εἶναι.</span> <span class='ocrx_word' id='word_1_215' title='bbox 804 2829 922 2875; x_wconf 86' lang='lat' dir='ltr'><strong>Vide</strong></span> <span class='ocrx_word' id='word_1_216' title='bbox 951 2830 1098 2875; x_wconf 90' lang='lat' dir='ltr'><strong>Wolf.</strong></span> <span class='ocrx_word' id='word_1_217' title='bbox 1132 2832 1345 2891; x_wconf 84' lang='lat' dir='ltr'><strong>Prolegg.</strong></span> <span class='ocrx_word' id='word_1_218' title='bbox 1376 2848 1423 2891; x_wconf 92' lang='lat' dir='ltr'><strong>p.</strong></span> 
     </span>
     <span class='ocr_line' id='line_1_37' title="bbox 147 2898 1427 2962; baseline 0.007 -22"><span class='ocrx_word' id='word_1_219' title='bbox 147 2902 255 2956; x_wconf 74' lang='lat'><strong>194,</strong></span> <span class='ocrx_word' id='word_1_220' title='bbox 290 2907 336 2942; x_wconf 91' lang='lat' dir='ltr'><strong>et</strong></span> <span class='ocrx_word' id='word_1_221' title='bbox 360 2898 579 2943; x_wconf 80' lang='lat' dir='ltr'><strong>Welcker</strong></span> <span class='ocrx_word' id='word_1_222' title='bbox 605 2899 729 2958; x_wconf 80' lang='lat' dir='ltr'><strong>Cycl.</strong></span> <span class='ocrx_word' id='word_1_223' title='bbox 750 2916 800 2960; x_wconf 89' lang='lat' dir='ltr'><strong>p.</strong></span> <span class='ocrx_word' id='word_1_224' title='bbox 823 2900 912 2961; x_wconf 81' lang='lat'><strong>863</strong></span> <span class='ocrx_word' id='word_1_225' title='bbox 932 2903 1105 2947; x_wconf 91' lang='lat' dir='ltr'><strong>scilicet</strong></span> <span class='ocrx_word' id='word_1_226' title='bbox 1125 2913 1232 2962; x_wconf 91' lang='lat' dir='ltr'><strong>post</strong></span> <span class='ocrx_word' id='word_1_227' title='bbox 1253 2906 1344 2958; x_wconf 93' lang='grc' dir='ltr'>ΙΙΙ,</span> <span class='ocrx_word' id='word_1_228' title='bbox 1367 2910 1427 2957; x_wconf 76' lang='grc'><strong>40</strong></span> 
     </span>
     <span class='ocr_line' id='line_1_38' title="bbox 139 2966 1426 3034; baseline 0.008 -22"><span class='ocrx_word' id='word_1_229' title='bbox 139 2970 198 3013; x_wconf 88' lang='lat' dir='ltr'><strong>D.</strong></span> <span class='ocrx_word' id='word_1_230' title='bbox 225 2985 398 3013; x_wconf 89' lang='lat' dir='ltr'><strong>novum</strong></span> <span class='ocrx_word' id='word_1_231' title='bbox 423 2986 606 3015; x_wconf 85' lang='lat' dir='ltr'><strong>versum</strong></span> <span class='ocrx_word' id='word_1_232' title='bbox 629 2973 853 3017; x_wconf 84' lang='lat' dir='ltr'><strong>inseruit:</strong></span> <span class='ocrx_word' id='word_1_233' title='bbox 880 2971 1010 3030; x_wconf 87' lang='grc' dir='ltr'>Μηδέ</span> <span class='ocrx_word' id='word_1_234' title='bbox 1028 2992 1069 3020; x_wconf 93' lang='grc' dir='ltr'><strong>τι</strong></span> <span class='ocrx_word' id='word_1_235' title='bbox 1089 2973 1289 3034; x_wconf 82' lang='grc' dir='ltr'>γούνασιν</span> <span class='ocrx_word' id='word_1_236' title='bbox 1319 2966 1426 3022; x_wconf 71' lang='grc' dir='ltr'>οἶσιν</span> 
     </span>
     <span class='ocr_line' id='line_1_39' title="bbox 140 3039 912 3107; baseline 0.004 -22"><span class='ocrx_word' id='word_1_237' title='bbox 140 3039 399 3104; x_wconf 80' lang='grc' dir='ltr'>ἐφέσσασθαι</span> <span class='ocrx_word' id='word_1_238' title='bbox 422 3039 540 3106; x_wconf 67' lang='grc' dir='ltr'>φίλον</span> <span class='ocrx_word' id='word_1_239' title='bbox 560 3040 650 3088; x_wconf 80' lang='grc' dir='ltr'>υἱὸν·</span> <span class='ocrx_word' id='word_1_240' title='bbox 674 3041 912 3107; x_wconf 89' lang='grc' dir='ltr'>Δάρδανον.</span> 
     </span>
    </p>
   </div>
   <div class='ocr_carea' id='block_1_13' title="bbox 609 3173 946 3196">
    <p class='ocr_par' dir='ltr' id='par_1_16' title="bbox 609 3173 946 3196">
     <span class='ocr_line' id='line_1_40' title="bbox 609 3173 946 3196; baseline 0 1432"><span class='ocrx_word' id='word_1_241' title='bbox 609 3173 946 3196; x_wconf 95' lang='lat' dir='ltr'><strong> </strong></span> 
     </span>
    </p>
   </div>
   <div class='ocr_carea' id='block_1_14' title="bbox 320 3277 1241 3603">
    <p class='ocr_par' dir='ltr' id='par_1_17' title="bbox 320 3277 1241 3603">
     <span class='ocr_line' id='line_1_41' title="bbox 320 3277 1241 3354; baseline 0.01 -9"><span class='ocrx_word' id='word_1_242' title='bbox 320 3277 793 3351; x_wconf 90' lang='lat' dir='ltr'><strong>DIONYSIUS</strong></span> <span class='ocrx_word' id='word_1_243' title='bbox 839 3279 1241 3354; x_wconf 89' lang='lat' dir='ltr'><strong>RHODIUS</strong></span> 
     </span>
     <span class='ocr_line' id='line_1_42' title="bbox 468 3420 1038 3503; baseline 0.005 -32"><span class='ocrx_word' id='word_1_244' title='bbox 468 3498 481 3503; x_wconf 76' lang='lat'><strong>-</strong></span> <span class='ocrx_word' id='word_1_245' title='bbox 510 3420 678 3475; x_wconf 89' lang='lat' dir='ltr'><strong>SIVE</strong></span> <span class='ocrx_word' id='word_1_246' title='bbox 730 3421 1038 3476; x_wconf 82' lang='lat' dir='ltr'><strong>SAMIUS.</strong></span> 
     </span>
     <span class='ocr_line' id='line_1_43' title="bbox 421 3550 1107 3603; baseline 0.009 -6"><span class='ocrx_word' id='word_1_247' title='bbox 421 3550 710 3600; x_wconf 52' lang='lat' dir='ltr'><strong>armos</strong></span> <span class='ocrx_word' id='word_1_248' title='bbox 746 3554 1107 3603; x_wconf 77' lang='grc' dir='ltr'>ιΣΤοΡιΚοΣ.</span> 
     </span>
    </p>
   </div>
   <div class='ocr_carea' id='block_1_15' title="bbox 528 3671 1030 3806">
    <p class='ocr_par' dir='ltr' id='par_1_18' title="bbox 528 3671 1030 3806">
     <span class='ocr_line' id='line_1_44' title="bbox 760 3671 799 3702; baseline 0.077 -3"><span class='ocrx_word' id='word_1_249' title='bbox 760 3671 778 3699; x_wconf 88' lang='lat'>1</span> <span class='ocrx_word' id='word_1_250' title='bbox 788 3689 799 3702; x_wconf 95' lang='lat'><strong>.</strong></span> 
     </span>
     <span class='ocr_line' id='line_1_45' title="bbox 528 3755 1030 3806; baseline 0.018 -9"><span class='ocrx_word' id='word_1_251' title='bbox 528 3755 564 3798; x_wconf 90' lang='lat' dir='ltr'><strong>E</strong></span> <span class='ocrx_word' id='word_1_252' title='bbox 600 3756 784 3802; x_wconf 90' lang='lat' dir='ltr'><strong>LIBRO</strong></span> <span class='ocrx_word' id='word_1_253' title='bbox 819 3759 1030 3806; x_wconf 88' lang='lat' dir='ltr'><strong>PRIMO.</strong></span> 
     </span>
    </p>
   </div>
   <div class='ocr_carea' id='block_1_16' title="bbox 136 3856 1429 4138">
    <p class='ocr_par' dir='ltr' id='par_1_19' title="bbox 136 3856 1429 4138">
     <span class='ocr_line' id='line_1_46' title="bbox 205 3856 1429 3933; baseline 0.012 -33"><span class='ocrx_word' id='word_1_254' title='bbox 205 3856 361 3902; x_wconf 86' lang='lat' dir='ltr'><strong>Schol.</strong></span> <span class='ocrx_word' id='word_1_255' title='bbox 384 3861 496 3904; x_wconf 87' lang='lat' dir='ltr'><strong>Eur.</strong></span> <span class='ocrx_word' id='word_1_256' title='bbox 512 3862 676 3907; x_wconf 90' lang='lat' dir='ltr'><strong>Phoen.</strong></span> <span class='ocrx_word' id='word_1_257' title='bbox 703 3880 722 3908; x_wconf 92' lang='lat'>1</span> <span class='ocrx_word' id='word_1_258' title='bbox 737 3880 754 3908; x_wconf 96' lang='lat'>1</span> <span class='ocrx_word' id='word_1_259' title='bbox 770 3881 787 3908; x_wconf 90' lang='lat'>1</span> <span class='ocrx_word' id='word_1_260' title='bbox 798 3866 825 3909; x_wconf 89' lang='lat'>6</span> <span class='ocrx_word' id='word_1_261' title='bbox 847 3881 858 3909; x_wconf 90' lang='lat'>:</span> <span class='ocrx_word' id='word_1_262' title='bbox 882 3863 1101 3919; x_wconf 89' lang='grc' dir='ltr'>Διονύσιος</span> <span class='ocrx_word' id='word_1_263' title='bbox 1114 3865 1158 3912; x_wconf 81' lang='grc' dir='ltr'>δὲ</span> <span class='ocrx_word' id='word_1_264' title='bbox 1177 3867 1220 3913; x_wconf 79' lang='grc' dir='ltr'>ἐν</span> <span class='ocrx_word' id='word_1_265' title='bbox 1235 3870 1297 3933; x_wconf 83' lang='grc' dir='ltr'>τῷ</span> <span class='ocrx_word' id='word_1_266' title='bbox 1313 3868 1429 3933; x_wconf 90' lang='grc' dir='ltr'>πρώ-</span> 
     </span>
     <span class='ocr_line' id='line_1_47' title="bbox 140 3928 1426 4005; baseline 0.012 -32"><span class='ocrx_word' id='word_1_267' title='bbox 140 3945 201 3991; x_wconf 89' lang='grc' dir='ltr'>τῳ</span> <span class='ocrx_word' id='word_1_268' title='bbox 214 3931 290 3975; x_wconf 73' lang='grc' dir='ltr'><strong>τοῦ</strong></span> <span class='ocrx_word' id='word_1_269' title='bbox 300 3928 473 3977; x_wconf 82' lang='grc' dir='ltr'>Κύκλου</span> <span class='ocrx_word' id='word_1_270' title='bbox 494 3931 656 3996; x_wconf 85' lang='grc' dir='ltr'>βύρσαν</span> <span class='ocrx_word' id='word_1_271' title='bbox 674 3934 800 3981; x_wconf 78' lang='grc' dir='ltr'>αὐτὸν</span> <span class='ocrx_word' id='word_1_272' title='bbox 814 3937 1033 4000; x_wconf 83' lang='lat' dir='ltr'><strong>(Argum)</strong></span> <span class='ocrx_word' id='word_1_273' title='bbox 1053 3938 1289 4003; x_wconf 74' lang='grc' dir='ltr'>ἠμφιέσθαι</span> <span class='ocrx_word' id='word_1_274' title='bbox 1307 3942 1426 4005; x_wconf 82' lang='grc' dir='ltr'>φησὶ,</span> 
     </span>
     <span class='ocr_line' id='line_1_48' title="bbox 136 3997 1427 4076; baseline 0.014 -33"><span class='ocrx_word' id='word_1_275' title='bbox 136 3997 216 4044; x_wconf 81' lang='grc' dir='ltr'><strong>καὶ</strong></span> <span class='ocrx_word' id='word_1_276' title='bbox 234 3998 380 4065; x_wconf 84' lang='grc' dir='ltr'>κύκλῳ</span> <span class='ocrx_word' id='word_1_277' title='bbox 402 4001 451 4048; x_wconf 83' lang='grc' dir='ltr'>τὸ</span> <span class='ocrx_word' id='word_1_278' title='bbox 471 4006 600 4065; x_wconf 81' lang='grc' dir='ltr'>σῶμα</span> <span class='ocrx_word' id='word_1_279' title='bbox 620 4003 717 4052; x_wconf 76' lang='grc' dir='ltr'>ὅλον</span> <span class='ocrx_word' id='word_1_280' title='bbox 735 4007 1053 4071; x_wconf 85' lang='grc' dir='ltr'>ὠμματῶσθαι.</span> <span class='ocrx_word' id='word_1_281' title='bbox 1074 4009 1130 4059; x_wconf 86' lang='grc' dir='ltr'><strong>Ὁ</strong></span> <span class='ocrx_word' id='word_1_282' title='bbox 1145 4010 1188 4057; x_wconf 80' lang='grc' dir='ltr'>δὲ</span> <span class='ocrx_word' id='word_1_283' title='bbox 1205 4012 1276 4059; x_wconf 85' lang='grc' dir='ltr'><strong>τὸν</strong></span> <span class='ocrx_word' id='word_1_284' title='bbox 1302 4015 1427 4076; x_wconf 87' lang='grc' dir='ltr'>Αἰγί-</span> 
     </span>
     <span class='ocr_line' id='line_1_49' title="bbox 139 4070 588 4138; baseline 0.02 -24"><span class='ocrx_word' id='word_1_285' title='bbox 139 4078 236 4130; x_wconf 77' lang='grc' dir='ltr'>μιον</span> <span class='ocrx_word' id='word_1_286' title='bbox 252 4070 434 4128; x_wconf 83' lang='grc' dir='ltr'>ποιήσας</span> <span class='ocrx_word' id='word_1_287' title='bbox 457 4074 588 4138; x_wconf 80' lang='grc' dir='ltr'>φησὶν</span> 
     </span>
    </p>
   </div>
   <div class='ocr_carea' id='block_1_17' title="bbox 241 4153 1299 4280">
    <p class='ocr_par' dir='ltr' id='par_1_20' title="bbox 241 4153 1299 4280">
     <span class='ocr_line' id='line_1_50' title="bbox 243 4153 1299 4226; baseline 0.014 -24"><span class='ocrx_word' id='word_1_288' title='bbox 243 4162 319 4202; x_wconf 85' lang='grc' dir='ltr'><strong>Καί</strong></span> <span class='ocrx_word' id='word_1_289' title='bbox 335 4166 372 4205; x_wconf 80' lang='grc' dir='ltr'>οἱ</span> <span class='ocrx_word' id='word_1_290' title='bbox 387 4153 599 4207; x_wconf 83' lang='grc' dir='ltr'>ἐπίσκοπον</span> <span class='ocrx_word' id='word_1_291' title='bbox 620 4169 759 4220; x_wconf 80' lang='grc' dir='ltr'>’Ἄργον</span> <span class='ocrx_word' id='word_1_292' title='bbox 777 4172 826 4211; x_wconf 83' lang='grc' dir='ltr'><strong>ἰἐι</strong></span> <span class='ocrx_word' id='word_1_293' title='bbox 846 4173 1026 4225; x_wconf 87' lang='grc' dir='ltr'>κρατερόν</span> <span class='ocrx_word' id='word_1_294' title='bbox 1044 4188 1085 4214; x_wconf 92' lang='grc' dir='ltr'><strong>τε</strong></span> <span class='ocrx_word' id='word_1_295' title='bbox 1102 4177 1220 4226; x_wconf 85' lang='grc' dir='ltr'>μέγαν</span> <span class='ocrx_word' id='word_1_296' title='bbox 1239 4191 1299 4220; x_wconf 85' lang='grc' dir='ltr'><strong>τε,</strong></span> 
     </span>
     <span class='ocr_line' id='line_1_51' title="bbox 241 4220 1199 4280; baseline 0.014 -19"><span class='ocrx_word' id='word_1_297' title='bbox 241 4220 413 4271; x_wconf 80' lang='grc' dir='ltr'>τέτρασιν</span> <span class='ocrx_word' id='word_1_298' title='bbox 430 4223 677 4277; x_wconf 79' lang='grc' dir='ltr'>ὀφθαλμοῖσιν</span> <span class='ocrx_word' id='word_1_299' title='bbox 694 4229 885 4280; x_wconf 87' lang='grc' dir='ltr'>ὁρώμενον</span> <span class='ocrx_word' id='word_1_300' title='bbox 903 4232 992 4271; x_wconf 81' lang='grc' dir='ltr'>ἔνθα</span> <span class='ocrx_word' id='word_1_301' title='bbox 1008 4234 1072 4272; x_wconf 86' lang='grc' dir='ltr'><strong>καὶ</strong></span> <span class='ocrx_word' id='word_1_302' title='bbox 1087 4233 1175 4273; x_wconf 80' lang='grc' dir='ltr'>ἔνθα</span> <span class='ocrx_word' id='word_1_303' title='bbox 1187 4261 1199 4279; x_wconf 82' lang='grc'>,</span> 
     </span>
    </p>
   </div>
   <div class='ocr_carea' id='block_1_18' title="bbox 1604 402 2707 512">
    <p class='ocr_par' dir='ltr' id='par_1_21' title="bbox 1604 402 2707 512">
     <span class='ocr_line' id='line_1_52' title="bbox 1608 402 2588 453; baseline 0.004 -12"><span class='ocrx_word' id='word_1_304' title='bbox 1608 402 1808 453; x_wconf 82' lang='grc' dir='ltr'>ἀκάματον</span> <span class='ocrx_word' id='word_1_305' title='bbox 1832 402 1873 441; x_wconf 87' lang='grc' dir='ltr'>δέ</span> <span class='ocrx_word' id='word_1_306' title='bbox 1890 404 1926 441; x_wconf 81' lang='grc' dir='ltr'>οἱ</span> <span class='ocrx_word' id='word_1_307' title='bbox 1945 402 2046 453; x_wconf 84' lang='grc' dir='ltr'>ὦρσε</span> <span class='ocrx_word' id='word_1_308' title='bbox 2066 402 2134 441; x_wconf 81' lang='grc' dir='ltr'><strong>θεὰ</strong></span> <span class='ocrx_word' id='word_1_309' title='bbox 2153 403 2262 453; x_wconf 82' lang='grc' dir='ltr'>μένος</span> <span class='ocrx_word' id='word_1_310' title='bbox 2274 431 2285 450; x_wconf 91' lang='grc'>,</span> <span class='ocrx_word' id='word_1_311' title='bbox 2305 404 2392 444; x_wconf 86' lang='grc' dir='ltr'>οὐδέ</span> <span class='ocrx_word' id='word_1_312' title='bbox 2412 407 2449 444; x_wconf 79' lang='grc' dir='ltr'>οἱ</span> <span class='ocrx_word' id='word_1_313' title='bbox 2472 406 2588 451; x_wconf 81' lang='grc' dir='ltr'>ὕπνος</span> 
     </span>
     <span class='ocr_line' id='line_1_53' title="bbox 1604 460 2707 512; baseline 0.004 -13"><span class='ocrx_word' id='word_1_314' title='bbox 1604 463 1742 499; x_wconf 86' lang='grc' dir='ltr'>πῖπτεν</span> <span class='ocrx_word' id='word_1_315' title='bbox 1758 460 1820 499; x_wconf 82' lang='grc' dir='ltr'><strong>ἐπὶ</strong></span> <span class='ocrx_word' id='word_1_316' title='bbox 1839 460 2054 511; x_wconf 83' lang='grc' dir='ltr'>βλεφάροις,</span> <span class='ocrx_word' id='word_1_317' title='bbox 2078 461 2226 510; x_wconf 76' lang='grc' dir='ltr'>φυλακὴ</span> <span class='ocrx_word' id='word_1_318' title='bbox 2243 462 2275 499; x_wconf 84' lang='grc' dir='ltr'>δ’</span> <span class='ocrx_word' id='word_1_319' title='bbox 2295 461 2381 511; x_wconf 82' lang='grc' dir='ltr'>ἔχεν</span> <span class='ocrx_word' id='word_1_320' title='bbox 2399 462 2560 512; x_wconf 74' lang='grc' dir='ltr'>ἔμπεδον</span> <span class='ocrx_word' id='word_1_321' title='bbox 2578 463 2707 503; x_wconf 83' lang='grc' dir='ltr'>αὐτόν.</span> 
     </span>
    </p>
   </div>
   <div class='ocr_carea' id='block_1_19' title="bbox 1501 558 2799 1558">
    <p class='ocr_par' dir='ltr' id='par_1_22' title="bbox 1501 558 2799 1558">
     <span class='ocr_line' id='line_1_54' title="bbox 1509 558 2797 624; baseline 0.005 -21"><span class='ocrx_word' id='word_1_322' title='bbox 1509 582 1529 603; x_wconf 86' lang='lat'><strong><em>«</em></strong></span> <span class='ocrx_word' id='word_1_323' title='bbox 1558 563 1821 623; x_wconf 84' lang='lat' dir='ltr'><strong>Legebatur</strong></span> <span class='ocrx_word' id='word_1_324' title='bbox 1841 561 1882 606; x_wconf 83' lang='grc' dir='ltr'>ἓν</span> <span class='ocrx_word' id='word_1_325' title='bbox 1903 561 1964 624; x_wconf 80' lang='grc' dir='ltr'>τῷ</span> <span class='ocrx_word' id='word_1_326' title='bbox 1988 558 2200 623; x_wconf 79' lang='grc' dir='ltr'>ἑνδεκάτῳ</span> <span class='ocrx_word' id='word_1_327' title='bbox 2214 595 2227 620; x_wconf 87' lang='grc'>,</span> <span class='ocrx_word' id='word_1_328' title='bbox 2256 563 2338 619; x_wconf 91' lang='lat' dir='ltr'><strong>qui</strong></span> <span class='ocrx_word' id='word_1_329' title='bbox 2359 576 2492 606; x_wconf 85' lang='lat' dir='ltr'><strong>error</strong></span> <span class='ocrx_word' id='word_1_330' title='bbox 2507 572 2637 607; x_wconf 88' lang='lat' dir='ltr'><strong>natus</strong></span> <span class='ocrx_word' id='word_1_331' title='bbox 2657 574 2797 609; x_wconf 86' lang='lat' dir='ltr'><strong>erate</strong></span> 
     </span>
     <span class='ocr_line' id='line_1_55' title="bbox 1501 633 2797 694; baseline 0.002 -16"><span class='ocrx_word' id='word_1_332' title='bbox 1501 635 1729 694; x_wconf 86' lang='lat' dir='ltr'><strong>scriptura</strong></span> <span class='ocrx_word' id='word_1_333' title='bbox 1750 634 1790 680; x_wconf 91' lang='lat' dir='ltr'>T</span> <span class='ocrx_word' id='word_1_334' title='bbox 1804 633 1846 679; x_wconf 86' lang='grc' dir='ltr'>Ω</span> <span class='ocrx_word' id='word_1_335' title='bbox 1864 634 1883 679; x_wconf 88' lang='grc' dir='ltr'>Ι</span> <span class='ocrx_word' id='word_1_336' title='bbox 1899 634 1953 680; x_wconf 90' lang='grc' dir='ltr'>Α.</span> <span class='ocrx_word' id='word_1_337' title='bbox 1975 635 2142 679; x_wconf 87' lang='lat' dir='ltr'><strong>Veram</strong></span> <span class='ocrx_word' id='word_1_338' title='bbox 2174 634 2423 676; x_wconf 88' lang='lat' dir='ltr'><strong>lectionem</strong></span> <span class='ocrx_word' id='word_1_339' title='bbox 2442 649 2500 677; x_wconf 81' lang='lat' dir='ltr'><strong>ex</strong></span> <span class='ocrx_word' id='word_1_340' title='bbox 2519 637 2637 694; x_wconf 85' lang='lat' dir='ltr'><strong>Aug.</strong></span> <span class='ocrx_word' id='word_1_341' title='bbox 2664 638 2797 680; x_wconf 84' lang='lat' dir='ltr'><strong>resti-</strong></span> 
     </span>
     <span class='ocr_line' id='line_1_56' title="bbox 1502 698 2797 766; baseline 0.002 -17"><span class='ocrx_word' id='word_1_342' title='bbox 1502 707 1590 749; x_wconf 90' lang='lat' dir='ltr'><strong>tuit</strong></span> <span class='ocrx_word' id='word_1_343' title='bbox 1615 706 1834 752; x_wconf 84' lang='lat' dir='ltr'><strong>Valcken.</strong></span> <span class='ocrx_word' id='word_1_344' title='bbox 1860 707 1996 750; x_wconf 87' lang='lat' dir='ltr'><strong>Taur.</strong></span> <span class='ocrx_word' id='word_1_345' title='bbox 2022 705 2065 750; x_wconf 83' lang='grc' dir='ltr'>ἐν</span> <span class='ocrx_word' id='word_1_346' title='bbox 2088 705 2150 766; x_wconf 84' lang='grc' dir='ltr'>τῷ</span> <span class='ocrx_word' id='word_1_347' title='bbox 2173 698 2292 749; x_wconf 80' lang='grc' dir='ltr'>ἀίτου</span> <span class='ocrx_word' id='word_1_348' title='bbox 2326 701 2488 766; x_wconf 86' lang='grc' dir='ltr'>κύκλῳ.</span> <span class='ocrx_word' id='word_1_349' title='bbox 2512 730 2577 738; x_wconf 92' lang='grc'><strong>·-</strong></span> <span class='ocrx_word' id='word_1_350' title='bbox 2600 708 2719 765; x_wconf 84' lang='lat' dir='ltr'><strong>Aug.</strong></span> <span class='ocrx_word' id='word_1_351' title='bbox 2751 716 2797 751; x_wconf 85' lang='lat' dir='ltr'><strong>et</strong></span> 
     </span>
     <span class='ocr_line' id='line_1_57' title="bbox 1502 772 2796 840; baseline 0.001 -19"><span class='ocrx_word' id='word_1_352' title='bbox 1502 779 1539 821; x_wconf 93' lang='grc' dir='ltr'>Τ</span> <span class='ocrx_word' id='word_1_353' title='bbox 1541 793 1641 824; x_wconf 87' lang='lat' dir='ltr'><strong>aur.</strong></span> <span class='ocrx_word' id='word_1_354' title='bbox 1678 775 1850 840; x_wconf 86' lang='grc' dir='ltr'>φυλάκη</span> <span class='ocrx_word' id='word_1_355' title='bbox 1887 775 1922 822; x_wconf 90' lang='grc' dir='ltr'>δ’</span> <span class='ocrx_word' id='word_1_356' title='bbox 1957 775 2053 839; x_wconf 83' lang='grc' dir='ltr'>ἔχεν</span> <span class='ocrx_word' id='word_1_357' title='bbox 2091 773 2260 837; x_wconf 82' lang='lat' dir='ltr'><strong>(Taur.</strong></span> <span class='ocrx_word' id='word_1_358' title='bbox 2292 772 2447 838; x_wconf 81' lang='grc' dir='ltr'>ἔσχεν)</span> <span class='ocrx_word' id='word_1_359' title='bbox 2474 775 2655 833; x_wconf 83' lang='grc' dir='ltr'>ἔμπεδος</span> <span class='ocrx_word' id='word_1_360' title='bbox 2689 777 2796 834; x_wconf 84' lang='grc' dir='ltr'>αἰεί,</span> 
     </span>
     <span class='ocr_line' id='line_1_58' title="bbox 1503 845 2797 908; baseline 0 -15"><span class='ocrx_word' id='word_1_361' title='bbox 1503 849 1634 908; x_wconf 92' lang='lat' dir='ltr'><strong>quod</strong></span> <span class='ocrx_word' id='word_1_362' title='bbox 1657 864 1822 893; x_wconf 88' lang='lat' dir='ltr'><strong>verum</strong></span> <span class='ocrx_word' id='word_1_363' title='bbox 1845 849 2049 893; x_wconf 90' lang='lat' dir='ltr'><strong>videtur.</strong></span> <span class='ocrx_word' id='word_1_364' title='bbox 2088 848 2234 892; x_wconf 86' lang='lat' dir='ltr'><strong>Paulo</strong></span> <span class='ocrx_word' id='word_1_365' title='bbox 2267 856 2374 892; x_wconf 90' lang='lat' dir='ltr'><strong>ante</strong></span> <span class='ocrx_word' id='word_1_366' title='bbox 2408 850 2527 907; x_wconf 84' lang='lat' dir='ltr'><strong>Aug.</strong></span> <span class='ocrx_word' id='word_1_367' title='bbox 2555 845 2701 892; x_wconf 88' lang='grc' dir='ltr'>πίπτει</span> <span class='ocrx_word' id='word_1_368' title='bbox 2728 848 2797 893; x_wconf 83' lang='grc' dir='ltr'><strong>ἐπὶ</strong></span> 
     </span>
     <span class='ocr_line' id='line_1_59' title="bbox 1505 917 2792 985; baseline -0.001 -19"><span class='ocrx_word' id='word_1_369' title='bbox 1505 919 1746 985; x_wconf 77' lang='grc' dir='ltr'>βλεφάρων.</span> <span class='ocrx_word' id='word_1_370' title='bbox 1761 923 1922 966; x_wconf 88' lang='lat' dir='ltr'><strong>Taur.:</strong></span> <span class='ocrx_word' id='word_1_371' title='bbox 1945 921 1983 966; x_wconf 78' lang='grc' dir='ltr'>οἱ</span> <span class='ocrx_word' id='word_1_372' title='bbox 2000 917 2131 972; x_wconf 76' lang='grc' dir='ltr'>ὕπνος</span> <span class='ocrx_word' id='word_1_373' title='bbox 2149 917 2489 983; x_wconf 67' lang='grc' dir='ltr'>ἐπιὸλεφάροισι.</span> <span class='ocrx_word' id='word_1_374' title='bbox 2506 921 2653 964; x_wconf 90' lang='lat' dir='ltr'><strong>Etiam</strong></span> <span class='ocrx_word' id='word_1_375' title='bbox 2666 923 2691 964; x_wconf 89' lang='lat' dir='ltr'><strong>J</strong></span> <span class='ocrx_word' id='word_1_376' title='bbox 2695 931 2792 966; x_wconf 80' lang='lat' dir='ltr'><strong>unt.</strong></span> 
     </span>
     <span class='ocr_line' id='line_1_60' title="bbox 1501 991 2797 1058; baseline 0 -21"><span class='ocrx_word' id='word_1_377' title='bbox 1501 995 1636 1038; x_wconf 89' lang='lat' dir='ltr'><strong>Basil.</strong></span> <span class='ocrx_word' id='word_1_378' title='bbox 1667 991 1933 1058; x_wconf 81' lang='grc' dir='ltr'>βλεφάροισι.</span> <span class='ocrx_word' id='word_1_379' title='bbox 1975 1013 1994 1033; x_wconf 79' lang='grc' dir='ltr'>υ</span> <span class='ocrx_word' id='word_1_380' title='bbox 2026 993 2302 1039; x_wconf 80' lang='lat' dir='ltr'><strong>MATTHIAE.</strong></span> <span class='ocrx_word' id='word_1_381' title='bbox 2330 1018 2395 1026; x_wconf 92' lang='lat'><strong>—-</strong></span> <span class='ocrx_word' id='word_1_382' title='bbox 2416 994 2584 1037; x_wconf 86' lang='lat' dir='ltr'><strong>Versus</strong></span> <span class='ocrx_word' id='word_1_383' title='bbox 2618 991 2797 1052; x_wconf 83' lang='lat' dir='ltr'><strong>AEgimii</strong></span> 
     </span>
     <span class='ocr_line' id='line_1_61' title="bbox 1501 1062 2797 1124; baseline -0.001 -16"><span class='ocrx_word' id='word_1_384' title='bbox 1501 1065 1598 1124; x_wconf 90' lang='lat' dir='ltr'><strong>ipse</strong></span> <span class='ocrx_word' id='word_1_385' title='bbox 1612 1066 1862 1124; x_wconf 85' lang='lat' dir='ltr'><strong>Dionysius</strong></span> <span class='ocrx_word' id='word_1_386' title='bbox 1877 1064 2162 1108; x_wconf 85' lang='lat' dir='ltr'><strong>laudaverat.</strong></span> <span class='ocrx_word' id='word_1_387' title='bbox 2182 1066 2251 1108; x_wconf 88' lang='lat' dir='ltr'><strong>Ex</strong></span> <span class='ocrx_word' id='word_1_388' title='bbox 2273 1063 2439 1108; x_wconf 86' lang='lat' dir='ltr'><strong>eodem</strong></span> <span class='ocrx_word' id='word_1_389' title='bbox 2458 1062 2680 1108; x_wconf 86' lang='lat' dir='ltr'><strong>fluxerint</strong></span> <span class='ocrx_word' id='word_1_390' title='bbox 2696 1081 2797 1108; x_wconf 86' lang='lat' dir='ltr'><strong>ver·</strong></span> 
     </span>
     <span class='ocr_line' id='line_1_62' title="bbox 1501 1136 2796 1195; baseline 0 -15"><span class='ocrx_word' id='word_1_391' title='bbox 1501 1152 1575 1180; x_wconf 89' lang='lat' dir='ltr'><strong>sus</strong></span> <span class='ocrx_word' id='word_1_392' title='bbox 1591 1146 1792 1195; x_wconf 87' lang='lat' dir='ltr'><strong>quatuor</strong></span> <span class='ocrx_word' id='word_1_393' title='bbox 1806 1137 1962 1181; x_wconf 89' lang='lat' dir='ltr'><strong>Iliadis</strong></span> <span class='ocrx_word' id='word_1_394' title='bbox 1976 1152 2146 1195; x_wconf 85' lang='lat' dir='ltr'><strong>parvae,</strong></span> <span class='ocrx_word' id='word_1_395' title='bbox 2160 1151 2277 1195; x_wconf 91' lang='lat' dir='ltr'><strong>quos</strong></span> <span class='ocrx_word' id='word_1_396' title='bbox 2298 1136 2443 1180; x_wconf 91' lang='lat' dir='ltr'><strong>schol.</strong></span> <span class='ocrx_word' id='word_1_397' title='bbox 2459 1137 2605 1183; x_wconf 85' lang='lat' dir='ltr'><strong>Vatic.</strong></span> <span class='ocrx_word' id='word_1_398' title='bbox 2624 1137 2672 1179; x_wconf 88' lang='lat' dir='ltr'><strong>in</strong></span> <span class='ocrx_word' id='word_1_399' title='bbox 2686 1138 2796 1184; x_wconf 82' lang='lat' dir='ltr'><strong>Eur.</strong></span> 
     </span>
     <span class='ocr_line' id='line_1_63' title="bbox 1501 1204 2798 1269; baseline 0 -17"><span class='ocrx_word' id='word_1_400' title='bbox 1501 1209 1642 1253; x_wconf 86' lang='lat' dir='ltr'><strong>Rhes.</strong></span> <span class='ocrx_word' id='word_1_401' title='bbox 1672 1208 1765 1253; x_wconf 78' lang='lat'><strong>823</strong></span> <span class='ocrx_word' id='word_1_402' title='bbox 1790 1210 1861 1252; x_wconf 90' lang='lat' dir='ltr'><strong>his</strong></span> <span class='ocrx_word' id='word_1_403' title='bbox 1882 1209 2142 1253; x_wconf 86' lang='lat' dir='ltr'><strong>introducit</strong></span> <span class='ocrx_word' id='word_1_404' title='bbox 2163 1208 2317 1252; x_wconf 87' lang='lat' dir='ltr'><strong>verbis</strong></span> <span class='ocrx_word' id='word_1_405' title='bbox 2342 1223 2352 1251; x_wconf 89' lang='lat'>:</span> <span class='ocrx_word' id='word_1_406' title='bbox 2375 1205 2499 1259; x_wconf 82' lang='grc' dir='ltr'>Τινὲς</span> <span class='ocrx_word' id='word_1_407' title='bbox 2518 1207 2599 1269; x_wconf 78' lang='grc' dir='ltr'>οὐχ</span> <span class='ocrx_word' id='word_1_408' title='bbox 2613 1204 2768 1259; x_wconf 79' lang='grc' dir='ltr'>ἵππους</span> <span class='ocrx_word' id='word_1_409' title='bbox 2784 1243 2798 1268; x_wconf 86' lang='grc'>,</span> 
     </span>
     <span class='ocr_line' id='line_1_64' title="bbox 1502 1277 2797 1343; baseline 0 -19"><span class='ocrx_word' id='word_1_410' title='bbox 1502 1278 1615 1325; x_wconf 81' lang='grc' dir='ltr'>ἀλλὰ</span> <span class='ocrx_word' id='word_1_411' title='bbox 1634 1283 1798 1343; x_wconf 73' lang='grc' dir='ltr'>χρυσῆν</span> <span class='ocrx_word' id='word_1_412' title='bbox 1818 1278 2012 1341; x_wconf 85' lang='grc' dir='ltr'>ἄμπελόν</span> <span class='ocrx_word' id='word_1_413' title='bbox 2029 1298 2134 1343; x_wconf 82' lang='grc' dir='ltr'>φασι</span> <span class='ocrx_word' id='word_1_414' title='bbox 2149 1278 2344 1325; x_wconf 86' lang='grc' dir='ltr'>δεδόσθαι</span> <span class='ocrx_word' id='word_1_415' title='bbox 2364 1277 2471 1340; x_wconf 80' lang='grc' dir='ltr'>ὑπὲρ</span> <span class='ocrx_word' id='word_1_416' title='bbox 2497 1277 2797 1340; x_wconf 80' lang='grc' dir='ltr'>Γανυμήδους,</span> 
     </span>
     <span class='ocr_line' id='line_1_65' title="bbox 1502 1349 2798 1416; baseline 0.001 -20"><span class='ocrx_word' id='word_1_417' title='bbox 1502 1350 1698 1416; x_wconf 89' lang='grc' dir='ltr'>καθάπερ</span> <span class='ocrx_word' id='word_1_418' title='bbox 1723 1353 1766 1398; x_wconf 80' lang='grc' dir='ltr'>ἐν</span> <span class='ocrx_word' id='word_1_419' title='bbox 1789 1351 1950 1416; x_wconf 91' lang='grc' dir='ltr'>Κύκλῳ</span> <span class='ocrx_word' id='word_1_420' title='bbox 1969 1350 2143 1413; x_wconf 83' lang='grc' dir='ltr'>λέγει...</span> <span class='ocrx_word' id='word_1_421' title='bbox 2182 1355 2287 1397; x_wconf 86' lang='lat' dir='ltr'><strong>Vox</strong></span> <span class='ocrx_word' id='word_1_422' title='bbox 2322 1349 2541 1402; x_wconf 88' lang='grc' dir='ltr'>Διονύσιος</span> <span class='ocrx_word' id='word_1_423' title='bbox 2579 1353 2798 1397; x_wconf 84' lang='lat' dir='ltr'><strong>excidisse</strong></span> 
     </span>
     <span class='ocr_line' id='line_1_66' title="bbox 1501 1416 2799 1484; baseline 0.002 -16"><span class='ocrx_word' id='word_1_424' title='bbox 1501 1416 1704 1481; x_wconf 87' lang='lat' dir='ltr'><strong>videtur,</strong></span> <span class='ocrx_word' id='word_1_425' title='bbox 1730 1434 1952 1469; x_wconf 80' lang='lat' dir='ltr'><strong>monente</strong></span> <span class='ocrx_word' id='word_1_426' title='bbox 1974 1426 2225 1470; x_wconf 85' lang='lat' dir='ltr'><strong>Welckero</strong></span> <span class='ocrx_word' id='word_1_427' title='bbox 2246 1426 2295 1468; x_wconf 93' lang='lat' dir='ltr'><strong>in</strong></span> <span class='ocrx_word' id='word_1_428' title='bbox 2317 1425 2442 1483; x_wconf 77' lang='lat' dir='ltr'><strong>Cycl.</strong></span> <span class='ocrx_word' id='word_1_429' title='bbox 2465 1440 2515 1484; x_wconf 91' lang='lat' dir='ltr'><strong>p.</strong></span> <span class='ocrx_word' id='word_1_430' title='bbox 2543 1440 2621 1482; x_wconf 85' lang='lat'><strong>72.</strong></span> <span class='ocrx_word' id='word_1_431' title='bbox 2645 1451 2710 1458; x_wconf 85' lang='lat'>—</span> <span class='ocrx_word' id='word_1_432' title='bbox 2727 1427 2799 1470; x_wconf 89' lang='lat' dir='ltr'><strong>De</strong></span> 
     </span>
     <span class='ocr_line' id='line_1_67' title="bbox 1502 1498 2364 1558; baseline 0 -17"><span class='ocrx_word' id='word_1_433' title='bbox 1502 1499 1629 1558; x_wconf 85' lang='lat' dir='ltr'><strong>Argo</strong></span> <span class='ocrx_word' id='word_1_434' title='bbox 1647 1502 1700 1543; x_wconf 84' lang='lat' dir='ltr'><strong>cf.</strong></span> <span class='ocrx_word' id='word_1_435' title='bbox 1721 1498 1958 1544; x_wconf 83' lang='lat' dir='ltr'><strong>Welcker.</strong></span> <span class='ocrx_word' id='word_1_436' title='bbox 1988 1499 2156 1556; x_wconf 76' lang='lat' dir='ltr'><strong>Trilog.</strong></span> <span class='ocrx_word' id='word_1_437' title='bbox 2183 1513 2233 1556; x_wconf 89' lang='lat' dir='ltr'><strong>p.</strong></span> <span class='ocrx_word' id='word_1_438' title='bbox 2257 1504 2364 1544; x_wconf 81' lang='lat'><strong>129.</strong></span> 
     </span>
    </p>
   </div>
   <div class='ocr_carea' id='block_1_20' title="bbox 2053 1609 2173 1662">
    <p class='ocr_par' dir='ltr' id='par_1_23' title="bbox 2053 1609 2173 1662">
     <span class='ocr_line' id='line_1_68' title="bbox 2053 1609 2173 1662; baseline -0.008 0"><span class='ocrx_word' id='word_1_439' title='bbox 2053 1609 2173 1662; x_wconf 54' lang='grc' dir='ltr'><strong>μ2.</strong></span> 
     </span>
    </p>
   </div>
   <div class='ocr_carea' id='block_1_21' title="bbox 1502 1734 2798 2013">
    <p class='ocr_par' dir='ltr' id='par_1_24' title="bbox 1502 1734 2798 2013">
     <span class='ocr_line' id='line_1_69' title="bbox 1569 1734 2798 1794; baseline 0 -11"><span class='ocrx_word' id='word_1_440' title='bbox 1569 1739 1725 1784; x_wconf 88' lang='lat' dir='ltr'><strong>Schol.</strong></span> <span class='ocrx_word' id='word_1_441' title='bbox 1751 1741 1864 1783; x_wconf 78' lang='lat' dir='ltr'><strong>Eur.</strong></span> <span class='ocrx_word' id='word_1_442' title='bbox 1893 1739 2056 1783; x_wconf 89' lang='lat' dir='ltr'><strong>Phoen.</strong></span> <span class='ocrx_word' id='word_1_443' title='bbox 2079 1738 2174 1794; x_wconf 87' lang='lat'><strong>670</strong></span> <span class='ocrx_word' id='word_1_444' title='bbox 2197 1754 2208 1782; x_wconf 90' lang='lat'>:</span> <span class='ocrx_word' id='word_1_445' title='bbox 2232 1734 2449 1789; x_wconf 89' lang='grc' dir='ltr'>Διονύσιος</span> <span class='ocrx_word' id='word_1_446' title='bbox 2471 1734 2515 1782; x_wconf 79' lang='grc' dir='ltr'>δὲ</span> <span class='ocrx_word' id='word_1_447' title='bbox 2539 1735 2651 1790; x_wconf 87' lang='grc' dir='ltr'>ἔθνος</span> <span class='ocrx_word' id='word_1_448' title='bbox 2671 1739 2798 1783; x_wconf 79' lang='grc' dir='ltr'>Βοιω-</span> 
     </span>
     <span class='ocr_line' id='line_1_70' title="bbox 1502 1806 2797 1873; baseline 0.001 -19"><span class='ocrx_word' id='word_1_449' title='bbox 1502 1807 1594 1862; x_wconf 86' lang='grc' dir='ltr'>τίας</span> <span class='ocrx_word' id='word_1_450' title='bbox 1644 1808 1796 1862; x_wconf 82' lang='grc' dir='ltr'>αὐτούς</span> <span class='ocrx_word' id='word_1_451' title='bbox 1838 1808 1957 1873; x_wconf 81' lang='grc' dir='ltr'>(τοὺς</span> <span class='ocrx_word' id='word_1_452' title='bbox 1990 1806 2241 1873; x_wconf 89' lang='grc' dir='ltr'>Σπαρτούς)</span> <span class='ocrx_word' id='word_1_453' title='bbox 2295 1827 2440 1872; x_wconf 79' lang='grc' dir='ltr'>φησιν.</span> <span class='ocrx_word' id='word_1_454' title='bbox 2499 1812 2607 1854; x_wconf 83' lang='lat' dir='ltr'><strong>Haec</strong></span> <span class='ocrx_word' id='word_1_455' title='bbox 2644 1812 2797 1855; x_wconf 86' lang='lat' dir='ltr'><strong>Samio</strong></span> 
     </span>
     <span class='ocr_line' id='line_1_71' title="bbox 1502 1883 2798 1942; baseline 0.002 -16"><span class='ocrx_word' id='word_1_456' title='bbox 1502 1883 1713 1938; x_wconf 86' lang='lat' dir='ltr'><strong>vindico,</strong></span> <span class='ocrx_word' id='word_1_457' title='bbox 1741 1884 1851 1942; x_wconf 84' lang='lat' dir='ltr'><strong>quia</strong></span> <span class='ocrx_word' id='word_1_458' title='bbox 1872 1884 2078 1941; x_wconf 84' lang='lat' dir='ltr'><strong>reliqua,</strong></span> <span class='ocrx_word' id='word_1_459' title='bbox 2098 1898 2199 1941; x_wconf 88' lang='lat' dir='ltr'><strong>quae</strong></span> <span class='ocrx_word' id='word_1_460' title='bbox 2222 1883 2463 1926; x_wconf 85' lang='lat' dir='ltr'><strong>scholiasta</strong></span> <span class='ocrx_word' id='word_1_461' title='bbox 2479 1884 2591 1926; x_wconf 85' lang='lat' dir='ltr'><strong>Eur.</strong></span> <span class='ocrx_word' id='word_1_462' title='bbox 2612 1899 2669 1926; x_wconf 83' lang='lat' dir='ltr'><strong>ex</strong></span> <span class='ocrx_word' id='word_1_463' title='bbox 2684 1886 2798 1928; x_wconf 86' lang='lat' dir='ltr'><strong>Dio-</strong></span> 
     </span>
     <span class='ocr_line' id='line_1_72' title="bbox 1502 1954 2798 2013; baseline 0.002 -16"><span class='ocrx_word' id='word_1_464' title='bbox 1502 1955 1633 2013; x_wconf 87' lang='lat' dir='ltr'><strong>nysio</strong></span> <span class='ocrx_word' id='word_1_465' title='bbox 1672 1960 1822 2011; x_wconf 82' lang='lat' dir='ltr'><strong>affert,</strong></span> <span class='ocrx_word' id='word_1_466' title='bbox 1861 1954 1920 1999; x_wconf 89' lang='lat' dir='ltr'><strong>ad</strong></span> <span class='ocrx_word' id='word_1_467' title='bbox 1948 1955 2152 1999; x_wconf 86' lang='lat' dir='ltr'><strong>Samium</strong></span> <span class='ocrx_word' id='word_1_468' title='bbox 2183 1959 2466 1998; x_wconf 82' lang='lat' dir='ltr'><strong>referuntur.</strong></span> <span class='ocrx_word' id='word_1_469' title='bbox 2505 1956 2576 1998; x_wconf 84' lang='lat' dir='ltr'><strong>De</strong></span> <span class='ocrx_word' id='word_1_470' title='bbox 2612 1970 2663 1998; x_wconf 89' lang='lat' dir='ltr'><strong>re</strong></span> <span class='ocrx_word' id='word_1_471' title='bbox 2693 1972 2798 1999; x_wconf 90' lang='lat' dir='ltr'><strong>cum</strong></span> 
     </span>
    </p>
   </div>
   <div class='ocr_carea' id='block_1_22' title="bbox 1499 2027 2792 2162">
    <p class='ocr_par' dir='ltr' id='par_1_25' title="bbox 1499 2027 2792 2162">
     <span class='ocr_line' id='line_1_73' title="bbox 1499 2027 2792 2097; baseline 0.002 -26"><span class='ocrx_word' id='word_1_472' title='bbox 1499 2028 1727 2097; x_wconf 79' lang='lat' dir='ltr'><strong>Dionysio</strong></span> <span class='ocrx_word' id='word_1_473' title='bbox 1753 2029 1980 2071; x_wconf 85' lang='lat' dir='ltr'><strong>consentit</strong></span> <span class='ocrx_word' id='word_1_474' title='bbox 2013 2027 2208 2087; x_wconf 88' lang='lat' dir='ltr'><strong>Hippias</strong></span> <span class='ocrx_word' id='word_1_475' title='bbox 2230 2028 2391 2072; x_wconf 90' lang='lat' dir='ltr'><strong>Delius</strong></span> <span class='ocrx_word' id='word_1_476' title='bbox 2413 2042 2490 2086; x_wconf 91' lang='lat' dir='ltr'><strong>ap.</strong></span> <span class='ocrx_word' id='word_1_477' title='bbox 2520 2027 2666 2072; x_wconf 89' lang='lat' dir='ltr'><strong>schol.</strong></span> <span class='ocrx_word' id='word_1_478' title='bbox 2701 2031 2792 2088; x_wconf 90' lang='lat' dir='ltr'><strong>Ap.</strong></span> 
     </span>
     <span class='ocr_line' id='line_1_74' title="bbox 1501 2100 1888 2162; baseline 0.005 -18"><span class='ocrx_word' id='word_1_479' title='bbox 1501 2100 1712 2158; x_wconf 82' lang='lat' dir='ltr'><strong>Rh.111,</strong></span> <span class='ocrx_word' id='word_1_480' title='bbox 1747 2115 1888 2162; x_wconf 89' lang='lat'><strong>1079.</strong></span> 
     </span>
    </p>
   </div>
   <div class='ocr_carea' id='block_1_23' title="bbox 1567 2198 2796 2369">
    <p class='ocr_par' dir='ltr' id='par_1_26' title="bbox 1567 2198 2796 2369">
     <span class='ocr_line' id='line_1_75' title="bbox 2123 2198 2169 2244; baseline 0 0"><span class='ocrx_word' id='word_1_481' title='bbox 2123 2198 2169 2244; x_wconf 84' lang='lat'><strong>3.</strong></span> 
     </span>
     <span class='ocr_line' id='line_1_76' title="bbox 1567 2303 2796 2369; baseline -0.002 -15"><span class='ocrx_word' id='word_1_482' title='bbox 1567 2308 1723 2354; x_wconf 91' lang='lat' dir='ltr'><strong>Schol.</strong></span> <span class='ocrx_word' id='word_1_483' title='bbox 1749 2310 1863 2352; x_wconf 86' lang='lat' dir='ltr'><strong>Eur.</strong></span> <span class='ocrx_word' id='word_1_484' title='bbox 1900 2309 2049 2353; x_wconf 89' lang='lat' dir='ltr'><strong>Orest.</strong></span> <span class='ocrx_word' id='word_1_485' title='bbox 2088 2306 2182 2367; x_wconf 88' lang='lat'><strong>988</strong></span> <span class='ocrx_word' id='word_1_486' title='bbox 2218 2303 2515 2369; x_wconf 75' lang='grc' dir='ltr'>ιλόχευμα]</span> <span class='ocrx_word' id='word_1_487' title='bbox 2551 2305 2796 2352; x_wconf 83' lang='grc' dir='ltr'>ἀκολουθεῖν</span> 
     </span>
    </p>
   </div>
   <div class='ocr_carea' id='block_1_24' title="bbox 1501 2375 2799 3380">
    <p class='ocr_par' dir='ltr' id='par_1_27' title="bbox 1501 2375 2799 3380">
     <span class='ocr_line' id='line_1_77' title="bbox 1503 2375 2795 2442; baseline -0.001 -17"><span class='ocrx_word' id='word_1_488' title='bbox 1503 2379 1617 2425; x_wconf 86' lang='grc' dir='ltr'>δοκεῖ</span> <span class='ocrx_word' id='word_1_489' title='bbox 1636 2380 1697 2442; x_wconf 84' lang='grc' dir='ltr'>τῷ</span> <span class='ocrx_word' id='word_1_490' title='bbox 1716 2377 1794 2435; x_wconf 77' lang='grc' dir='ltr'><strong>τὴν</strong></span> <span class='ocrx_word' id='word_1_491' title='bbox 1819 2376 2138 2440; x_wconf 88' lang='grc' dir='ltr'>Ἀλκμαιωνίδα</span> <span class='ocrx_word' id='word_1_492' title='bbox 2163 2375 2418 2435; x_wconf 90' lang='grc' dir='ltr'>πεποιηκότι</span> <span class='ocrx_word' id='word_1_493' title='bbox 2439 2381 2496 2430; x_wconf 87' lang='grc' dir='ltr'><strong>εἰς</strong></span> <span class='ocrx_word' id='word_1_494' title='bbox 2518 2375 2574 2424; x_wconf 86' lang='grc' dir='ltr'>τὰ</span> <span class='ocrx_word' id='word_1_495' title='bbox 2597 2377 2696 2442; x_wconf 75' lang='grc' dir='ltr'>περὶ</span> <span class='ocrx_word' id='word_1_496' title='bbox 2719 2379 2795 2435; x_wconf 81' lang='grc' dir='ltr'><strong>τὴν</strong></span> 
     </span>
     <span class='ocr_line' id='line_1_78' title="bbox 1504 2448 2796 2516; baseline 0.001 -21"><span class='ocrx_word' id='word_1_497' title='bbox 1504 2450 1640 2516; x_wconf 82' lang='grc' dir='ltr'>ἄρνα,</span> <span class='ocrx_word' id='word_1_498' title='bbox 1662 2453 1719 2504; x_wconf 86' lang='grc' dir='ltr'><strong>ὡς</strong></span> <span class='ocrx_word' id='word_1_499' title='bbox 1742 2449 1818 2497; x_wconf 77' lang='grc' dir='ltr'><strong>καὶ</strong></span> <span class='ocrx_word' id='word_1_500' title='bbox 1845 2448 2065 2503; x_wconf 84' lang='grc' dir='ltr'>Διονύσιος</span> <span class='ocrx_word' id='word_1_501' title='bbox 2085 2452 2107 2496; x_wconf 86' lang='grc' dir='ltr'>ὁ</span> <span class='ocrx_word' id='word_1_502' title='bbox 2127 2449 2422 2514; x_wconf 75' lang='grc' dir='ltr'>κυκλογράφος</span> <span class='ocrx_word' id='word_1_503' title='bbox 2446 2449 2563 2514; x_wconf 80' lang='grc' dir='ltr'>φησί.</span> <span class='ocrx_word' id='word_1_504' title='bbox 2591 2450 2796 2514; x_wconf 85' lang='grc' dir='ltr'>Φερεκύ-</span> 
     </span>
     <span class='ocr_line' id='line_1_79' title="bbox 1504 2520 2796 2587; baseline 0.001 -19"><span class='ocrx_word' id='word_1_505' title='bbox 1504 2523 1577 2579; x_wconf 89' lang='grc' dir='ltr'><strong>δης</strong></span> <span class='ocrx_word' id='word_1_506' title='bbox 1605 2520 1705 2573; x_wconf 81' lang='grc' dir='ltr'>δὲ...</span> <span class='ocrx_word' id='word_1_507' title='bbox 1735 2522 1803 2585; x_wconf 88' lang='lat' dir='ltr'><strong>(v.</strong></span> <span class='ocrx_word' id='word_1_508' title='bbox 1836 2524 1895 2570; x_wconf 86' lang='lat' dir='ltr'><strong>fr.</strong></span> <span class='ocrx_word' id='word_1_509' title='bbox 1920 2523 2031 2586; x_wconf 80' lang='lat'><strong>93),</strong></span> <span class='ocrx_word' id='word_1_510' title='bbox 2061 2524 2083 2568; x_wconf 88' lang='grc' dir='ltr'><em>ὃ</em></span> <span class='ocrx_word' id='word_1_511' title='bbox 2107 2521 2151 2568; x_wconf 77' lang='grc' dir='ltr'>δὲ</span> <span class='ocrx_word' id='word_1_512' title='bbox 2175 2521 2254 2579; x_wconf 77' lang='grc' dir='ltr'><strong>τὴν</strong></span> <span class='ocrx_word' id='word_1_513' title='bbox 2284 2520 2601 2583; x_wconf 85' lang='grc' dir='ltr'>Ἀλκμαιωνίδα</span> <span class='ocrx_word' id='word_1_514' title='bbox 2629 2522 2796 2587; x_wconf 79' lang='grc' dir='ltr'>γράψας</span> 
     </span>
     <span class='ocr_line' id='line_1_80' title="bbox 1502 2592 2799 2659; baseline 0 -19"><span class='ocrx_word' id='word_1_515' title='bbox 1502 2593 1575 2640; x_wconf 76' lang='grc' dir='ltr'><strong>τὸν</strong></span> <span class='ocrx_word' id='word_1_516' title='bbox 1598 2593 1784 2656; x_wconf 84' lang='grc' dir='ltr'>ποιμένα</span> <span class='ocrx_word' id='word_1_517' title='bbox 1805 2593 2137 2659; x_wconf 88' lang='grc' dir='ltr'>προσαγαγόντα</span> <span class='ocrx_word' id='word_1_518' title='bbox 2159 2593 2207 2640; x_wconf 83' lang='grc' dir='ltr'>τὸ</span> <span class='ocrx_word' id='word_1_519' title='bbox 2223 2592 2418 2655; x_wconf 87' lang='grc' dir='ltr'>ποιμνίον</span> <span class='ocrx_word' id='word_1_520' title='bbox 2439 2596 2499 2657; x_wconf 76' lang='grc' dir='ltr'>τῷ</span> <span class='ocrx_word' id='word_1_521' title='bbox 2517 2593 2658 2658; x_wconf 86' lang='grc' dir='ltr'>Ἀτρεῖ</span> <span class='ocrx_word' id='word_1_522' title='bbox 2675 2596 2799 2640; x_wconf 82' lang='grc' dir='ltr'>ἀντα-</span> 
     </span>
     <span class='ocr_line' id='line_1_81' title="bbox 1501 2667 2798 2728; baseline 0.001 -17"><span class='ocrx_word' id='word_1_523' title='bbox 1501 2667 1700 2715; x_wconf 87' lang='grc' dir='ltr'>ποκαλεῒ.</span> <span class='ocrx_word' id='word_1_524' title='bbox 1721 2671 1873 2728; x_wconf 82' lang='lat' dir='ltr'><strong>Igitur</strong></span> <span class='ocrx_word' id='word_1_525' title='bbox 1895 2668 2133 2728; x_wconf 88' lang='lat' dir='ltr'><strong>Euripidis</strong></span> <span class='ocrx_word' id='word_1_526' title='bbox 2151 2669 2362 2712; x_wconf 87' lang='lat' dir='ltr'><strong>meminit</strong></span> <span class='ocrx_word' id='word_1_527' title='bbox 2376 2668 2641 2726; x_wconf 85' lang='lat' dir='ltr'><strong>Dionysius,</strong></span> <span class='ocrx_word' id='word_1_528' title='bbox 2668 2669 2798 2727; x_wconf 89' lang='lat' dir='ltr'><strong>quod</strong></span> 
     </span>
     <span class='ocr_line' id='line_1_82' title="bbox 1502 2740 2797 2798; baseline 0.001 -15"><span class='ocrx_word' id='word_1_529' title='bbox 1502 2741 1704 2784; x_wconf 83' lang='lat' dir='ltr'><strong>Milesius</strong></span> <span class='ocrx_word' id='word_1_530' title='bbox 1739 2743 1800 2784; x_wconf 94' lang='lat' dir='ltr'><strong>D.</strong></span> <span class='ocrx_word' id='word_1_531' title='bbox 1840 2741 1995 2790; x_wconf 63' lang='lat' dir='ltr'><strong>facere,</strong></span> <span class='ocrx_word' id='word_1_532' title='bbox 2030 2755 2130 2784; x_wconf 90' lang='lat' dir='ltr'><strong>non</strong></span> <span class='ocrx_word' id='word_1_533' title='bbox 2158 2741 2331 2798; x_wconf 80' lang='lat' dir='ltr'><strong>potuit.</strong></span> <span class='ocrx_word' id='word_1_534' title='bbox 2372 2740 2640 2783; x_wconf 88' lang='lat' dir='ltr'><strong>Rectissime</strong></span> <span class='ocrx_word' id='word_1_535' title='bbox 2675 2742 2797 2784; x_wconf 88' lang='lat' dir='ltr'><strong>enim</strong></span> 
     </span>
     <span class='ocr_line' id='line_1_83' title="bbox 1502 2810 2798 2870; baseline 0.002 -16"><span class='ocrx_word' id='word_1_536' title='bbox 1502 2821 1662 2855; x_wconf 88' lang='lat' dir='ltr'><strong>monet</strong></span> <span class='ocrx_word' id='word_1_537' title='bbox 1684 2813 1940 2856; x_wconf 89' lang='lat' dir='ltr'><strong>Nitzschius</strong></span> <span class='ocrx_word' id='word_1_538' title='bbox 1959 2813 2078 2857; x_wconf 89' lang='lat' dir='ltr'><strong>Hist.</strong></span> <span class='ocrx_word' id='word_1_539' title='bbox 2101 2813 2245 2856; x_wconf 91' lang='lat' dir='ltr'><strong>Hom.</strong></span> <span class='ocrx_word' id='word_1_540' title='bbox 2267 2814 2313 2868; x_wconf 96' lang='grc' dir='ltr'><strong>Ι,</strong></span> <span class='ocrx_word' id='word_1_541' title='bbox 2339 2827 2388 2870; x_wconf 91' lang='lat' dir='ltr'><strong>p.</strong></span> <span class='ocrx_word' id='word_1_542' title='bbox 2414 2810 2475 2870; x_wconf 89' lang='lat'><strong>89</strong></span> <span class='ocrx_word' id='word_1_543' title='bbox 2511 2827 2523 2854; x_wconf 66' lang='grc' dir='ltr'>ε</span> <span class='ocrx_word' id='word_1_544' title='bbox 2553 2831 2571 2851; x_wconf 76' lang='grc' dir='ltr'>α</span> <span class='ocrx_word' id='word_1_545' title='bbox 2599 2813 2723 2856; x_wconf 92' lang='lat' dir='ltr'><strong>Illud</strong></span> <span class='ocrx_word' id='word_1_546' title='bbox 2743 2813 2798 2863; x_wconf 84' lang='grc' dir='ltr'><strong>ὡς</strong></span> 
     </span>
     <span class='ocr_line' id='line_1_84' title="bbox 1502 2881 2799 2944; baseline 0.002 -17"><span class='ocrx_word' id='word_1_547' title='bbox 1502 2881 1575 2927; x_wconf 87' lang='grc' dir='ltr'><strong>καὶ</strong></span> <span class='ocrx_word' id='word_1_548' title='bbox 1596 2885 1649 2929; x_wconf 93' lang='grc' dir='ltr'><strong>Δ.</strong></span> <span class='ocrx_word' id='word_1_549' title='bbox 1666 2918 1680 2944; x_wconf 85' lang='grc'>,</span> <span class='ocrx_word' id='word_1_550' title='bbox 1704 2886 1741 2928; x_wconf 90' lang='lat' dir='ltr'><strong>si</strong></span> <span class='ocrx_word' id='word_1_551' title='bbox 1764 2894 2095 2944; x_wconf 86' lang='lat' dir='ltr'><strong>excerptorum</strong></span> <span class='ocrx_word' id='word_1_552' title='bbox 2118 2900 2381 2928; x_wconf 86' lang='lat' dir='ltr'><strong>sermonem</strong></span> <span class='ocrx_word' id='word_1_553' title='bbox 2414 2885 2519 2928; x_wconf 88' lang='lat' dir='ltr'><strong>satis</strong></span> <span class='ocrx_word' id='word_1_554' title='bbox 2549 2894 2683 2929; x_wconf 87' lang='lat' dir='ltr'><strong>teneo</strong></span> <span class='ocrx_word' id='word_1_555' title='bbox 2698 2919 2709 2940; x_wconf 89' lang='lat'>,</span> <span class='ocrx_word' id='word_1_556' title='bbox 2738 2887 2799 2931; x_wconf 84' lang='lat' dir='ltr'><strong>ita</strong></span> 
     </span>
     <span class='ocr_line' id='line_1_85' title="bbox 1502 2956 2799 3015; baseline 0.003 -16"><span class='ocrx_word' id='word_1_557' title='bbox 1502 2956 1906 3015; x_wconf 86' lang='lat' dir='ltr'><strong>interpretandum</strong></span> <span class='ocrx_word' id='word_1_558' title='bbox 1921 2967 2010 3014; x_wconf 89' lang='lat' dir='ltr'><strong>est,</strong></span> <span class='ocrx_word' id='word_1_559' title='bbox 2033 2967 2085 3002; x_wconf 91' lang='lat' dir='ltr'><strong>ut</strong></span> <span class='ocrx_word' id='word_1_560' title='bbox 2104 2959 2355 3002; x_wconf 84' lang='lat' dir='ltr'><strong>scholiastae</strong></span> <span class='ocrx_word' id='word_1_561' title='bbox 2373 2974 2558 3002; x_wconf 89' lang='lat' dir='ltr'><strong>omnem</strong></span> <span class='ocrx_word' id='word_1_562' title='bbox 2580 2959 2639 3003; x_wconf 89' lang='lat' dir='ltr'><strong>de</strong></span> <span class='ocrx_word' id='word_1_563' title='bbox 2662 2962 2799 3004; x_wconf 81' lang='lat' dir='ltr'><strong>Euri—·</strong></span> 
     </span>
     <span class='ocr_line' id='line_1_86' title="bbox 1501 3029 2798 3087; baseline 0.002 -16"><span class='ocrx_word' id='word_1_564' title='bbox 1501 3029 1614 3087; x_wconf 90' lang='lat' dir='ltr'><strong>pide</strong></span> <span class='ocrx_word' id='word_1_565' title='bbox 1636 3039 1681 3073; x_wconf 87' lang='lat' dir='ltr'><strong>et</strong></span> <span class='ocrx_word' id='word_1_566' title='bbox 1703 3030 2020 3074; x_wconf 86' lang='lat' dir='ltr'><strong>Alcmaeonide</strong></span> <span class='ocrx_word' id='word_1_567' title='bbox 2045 3030 2300 3074; x_wconf 78' lang='lat' dir='ltr'><strong>annotandi</strong></span> <span class='ocrx_word' id='word_1_568' title='bbox 2321 3046 2503 3077; x_wconf 79' lang='lat' dir='ltr'><strong>cansam</strong></span> <span class='ocrx_word' id='word_1_569' title='bbox 2531 3032 2798 3075; x_wconf 48' lang='lat' dir='ltr'><strong>materiam*</strong></span> 
     </span>
     <span class='ocr_line' id='line_1_87' title="bbox 1502 3103 2797 3162; baseline 0.002 -17"><span class='ocrx_word' id='word_1_570' title='bbox 1502 3117 1594 3160; x_wconf 92' lang='lat' dir='ltr'><strong>que</strong></span> <span class='ocrx_word' id='word_1_571' title='bbox 1618 3117 1643 3146; x_wconf 91' lang='lat' dir='ltr'><strong>e</strong></span> <span class='ocrx_word' id='word_1_572' title='bbox 1678 3103 1978 3162; x_wconf 82' lang='lat' dir='ltr'><strong>cyclographi</strong></span> <span class='ocrx_word' id='word_1_573' title='bbox 1999 3103 2237 3146; x_wconf 88' lang='lat' dir='ltr'><strong>volumine</strong></span> <span class='ocrx_word' id='word_1_574' title='bbox 2271 3103 2512 3147; x_wconf 84' lang='lat' dir='ltr'><strong>subnatam</strong></span> <span class='ocrx_word' id='word_1_575' title='bbox 2537 3119 2629 3147; x_wconf 91' lang='lat' dir='ltr'><strong>esse</strong></span> <span class='ocrx_word' id='word_1_576' title='bbox 2656 3114 2797 3162; x_wconf 87' lang='lat' dir='ltr'><strong>pute-</strong></span> 
     </span>
     <span class='ocr_line' id='line_1_88' title="bbox 1503 3170 2793 3235; baseline 0.002 -19"><span class='ocrx_word' id='word_1_577' title='bbox 1503 3188 1620 3218; x_wconf 90' lang='lat' dir='ltr'><strong>mus.</strong></span> <span class='ocrx_word' id='word_1_578' title='bbox 1654 3199 1720 3207; x_wconf 89' lang='lat'><strong>-—</strong></span> <span class='ocrx_word' id='word_1_579' title='bbox 1750 3174 1882 3218; x_wconf 90' lang='lat' dir='ltr'><strong>Idem</strong></span> <span class='ocrx_word' id='word_1_580' title='bbox 1922 3170 2217 3235; x_wconf 87' lang='lat' dir='ltr'><strong>(scholiasta)</strong></span> <span class='ocrx_word' id='word_1_581' title='bbox 2257 3190 2374 3233; x_wconf 89' lang='lat' dir='ltr'><strong>quos</strong></span> <span class='ocrx_word' id='word_1_582' title='bbox 2406 3175 2466 3219; x_wconf 88' lang='lat' dir='ltr'><strong>ad</strong></span> <span class='ocrx_word' id='word_1_583' title='bbox 2501 3176 2793 3220; x_wconf 86' lang='lat' dir='ltr'><strong>Andromed.</strong></span> 
     </span>
     <span class='ocr_line' id='line_1_89' title="bbox 1503 3244 2798 3308; baseline 0.002 -20"><span class='ocrx_word' id='word_1_584' title='bbox 1503 3244 1596 3304; x_wconf 88' lang='lat'><strong>698</strong></span> <span class='ocrx_word' id='word_1_585' title='bbox 1621 3246 1946 3291; x_wconf 88' lang='lat' dir='ltr'><strong>Alcmaeonidis</strong></span> <span class='ocrx_word' id='word_1_586' title='bbox 1965 3262 2121 3291; x_wconf 86' lang='lat' dir='ltr'><strong>versus</strong></span> <span class='ocrx_word' id='word_1_587' title='bbox 2145 3247 2302 3302; x_wconf 88' lang='lat' dir='ltr'><strong>affert,</strong></span> <span class='ocrx_word' id='word_1_588' title='bbox 2325 3263 2424 3291; x_wconf 90' lang='lat' dir='ltr'><strong>non</strong></span> <span class='ocrx_word' id='word_1_589' title='bbox 2449 3249 2591 3308; x_wconf 84' lang='lat' dir='ltr'><strong>magis</strong></span> <span class='ocrx_word' id='word_1_590' title='bbox 2614 3264 2669 3291; x_wconf 84' lang='lat' dir='ltr'><strong>ex</strong></span> <span class='ocrx_word' id='word_1_591' title='bbox 2697 3249 2798 3307; x_wconf 84' lang='lat' dir='ltr'><strong>ipso</strong></span> 
     </span>
     <span class='ocr_line' id='line_1_90' title="bbox 1503 3318 2711 3380; baseline 0.002 -18"><span class='ocrx_word' id='word_1_592' title='bbox 1503 3319 1731 3375; x_wconf 87' lang='lat' dir='ltr'><strong>carmine,</strong></span> <span class='ocrx_word' id='word_1_593' title='bbox 1753 3318 1834 3363; x_wconf 89' lang='lat' dir='ltr'><strong>sed</strong></span> <span class='ocrx_word' id='word_1_594' title='bbox 1858 3335 1913 3363; x_wconf 86' lang='lat' dir='ltr'><strong>ex</strong></span> <span class='ocrx_word' id='word_1_595' title='bbox 1933 3320 2230 3380; x_wconf 85' lang='lat' dir='ltr'><strong>cyclographi</strong></span> <span class='ocrx_word' id='word_1_596' title='bbox 2256 3321 2437 3380; x_wconf 84' lang='lat' dir='ltr'><strong>paginis</strong></span> <span class='ocrx_word' id='word_1_597' title='bbox 2455 3320 2663 3365; x_wconf 84' lang='lat' dir='ltr'><strong>adscivit.</strong></span> <span class='ocrx_word' id='word_1_598' title='bbox 2693 3340 2711 3359; x_wconf 77' lang='grc' dir='ltr'>υ</span> 
     </span>
    </p>
   </div>
   <div class='ocr_carea' id='block_1_25' title="bbox 2125 3452 2172 3500">
    <p class='ocr_par' dir='ltr' id='par_1_28' title="bbox 2125 3452 2172 3500">
     <span class='ocr_line' id='line_1_91' title="bbox 2125 3452 2172 3500; baseline 0 -9"><span class='ocrx_word' id='word_1_599' title='bbox 2125 3452 2172 3500; x_wconf 74' lang='grc'>4.</span> 
     </span>
    </p>
   </div>
   <div class='ocr_carea' id='block_1_26' title="bbox 1502 3544 2797 3985">
    <p class='ocr_par' dir='ltr' id='par_1_29' title="bbox 1502 3544 2797 3881">
     <span class='ocr_line' id='line_1_92' title="bbox 1569 3544 2797 3609; baseline 0.001 -20"><span class='ocrx_word' id='word_1_600' title='bbox 1569 3545 1724 3589; x_wconf 87' lang='lat' dir='ltr'><strong>Schol.</strong></span> <span class='ocrx_word' id='word_1_601' title='bbox 1748 3544 1884 3589; x_wconf 92' lang='lat' dir='ltr'><strong>Pind.</strong></span> <span class='ocrx_word' id='word_1_602' title='bbox 1903 3547 2037 3590; x_wconf 90' lang='lat' dir='ltr'><strong>Nem.</strong></span> <span class='ocrx_word' id='word_1_603' title='bbox 2059 3547 2154 3603; x_wconf 91' lang='grc' dir='ltr'>ΙΙΙ,</span> <span class='ocrx_word' id='word_1_604' title='bbox 2184 3555 2269 3591; x_wconf 75' lang='lat'><strong>104</strong></span> <span class='ocrx_word' id='word_1_605' title='bbox 2302 3563 2311 3590; x_wconf 93' lang='lat'><strong>:</strong></span> <span class='ocrx_word' id='word_1_606' title='bbox 2338 3544 2556 3597; x_wconf 87' lang='grc' dir='ltr'>Διονύσιος</span> <span class='ocrx_word' id='word_1_607' title='bbox 2577 3546 2618 3591; x_wconf 84' lang='grc' dir='ltr'>ἐν</span> <span class='ocrx_word' id='word_1_608' title='bbox 2639 3544 2797 3609; x_wconf 85' lang='grc' dir='ltr'>πρώτῳ</span> 
     </span>
     <span class='ocr_line' id='line_1_93' title="bbox 1506 3613 2795 3682; baseline 0.001 -21"><span class='ocrx_word' id='word_1_609' title='bbox 1506 3613 1689 3661; x_wconf 89' lang='grc' dir='ltr'>Κύκλων</span> <span class='ocrx_word' id='word_1_610' title='bbox 1715 3614 1980 3679; x_wconf 74' lang='grc' dir='ltr'>Θηρίμαχον</span> <span class='ocrx_word' id='word_1_611' title='bbox 2006 3615 2078 3662; x_wconf 80' lang='grc' dir='ltr'><strong>καὶ</strong></span> <span class='ocrx_word' id='word_1_612' title='bbox 2100 3618 2354 3673; x_wconf 88' lang='grc' dir='ltr'>Δηικόωντα</span> <span class='ocrx_word' id='word_1_613' title='bbox 2381 3618 2467 3678; x_wconf 82' lang='grc'>(50.</span> <span class='ocrx_word' id='word_1_614' title='bbox 2494 3616 2731 3682; x_wconf 85' lang='grc' dir='ltr'>ἹΙρακλέος</span> <span class='ocrx_word' id='word_1_615' title='bbox 2749 3618 2795 3662; x_wconf 85' lang='grc' dir='ltr'><strong>ἐκ</strong></span> 
     </span>
     <span class='ocr_line' id='line_1_94' title="bbox 1502 3685 2794 3753; baseline -0.002 -20"><span class='ocrx_word' id='word_1_616' title='bbox 1502 3685 1713 3750; x_wconf 89' lang='grc' dir='ltr'>Μεγάρας</span> <span class='ocrx_word' id='word_1_617' title='bbox 1727 3687 1886 3740; x_wconf 84' lang='grc' dir='ltr'>παῖδας</span> <span class='ocrx_word' id='word_1_618' title='bbox 1906 3687 2177 3753; x_wconf 74' lang='grc' dir='ltr'>ἀναγράφει).</span> <span class='ocrx_word' id='word_1_619' title='bbox 2203 3688 2439 3753; x_wconf 85' lang='grc' dir='ltr'>Εὐριπίδης</span> <span class='ocrx_word' id='word_1_620' title='bbox 2459 3687 2501 3734; x_wconf 82' lang='grc' dir='ltr'>δὲ</span> <span class='ocrx_word' id='word_1_621' title='bbox 2518 3687 2794 3749; x_wconf 85' lang='grc' dir='ltr'>προστίθησιν</span> 
     </span>
     <span class='ocr_line' id='line_1_95' title="bbox 1503 3758 2789 3823; baseline 0.001 -20"><span class='ocrx_word' id='word_1_622' title='bbox 1503 3758 1642 3811; x_wconf 80' lang='grc' dir='ltr'>αὐτοῖς</span> <span class='ocrx_word' id='word_1_623' title='bbox 1661 3758 1734 3804; x_wconf 82' lang='grc' dir='ltr'><strong>καὶ</strong></span> <span class='ocrx_word' id='word_1_624' title='bbox 1753 3758 2074 3823; x_wconf 85' lang='grc' dir='ltr'>Ἀριστόδημον.</span> <span class='ocrx_word' id='word_1_625' title='bbox 2108 3782 2127 3802; x_wconf 86' lang='lat'>«</span> <span class='ocrx_word' id='word_1_626' title='bbox 2159 3763 2469 3822; x_wconf 85' lang='lat' dir='ltr'><strong>Deperditum</strong></span> <span class='ocrx_word' id='word_1_627' title='bbox 2490 3762 2647 3805; x_wconf 82' lang='lat' dir='ltr'><strong>drama</strong></span> <span class='ocrx_word' id='word_1_628' title='bbox 2681 3775 2789 3819; x_wconf 84' lang='lat' dir='ltr'><strong>spe-</strong></span> 
     </span>
     <span class='ocr_line' id='line_1_96' title="bbox 1503 3834 1884 3881; baseline 0.013 -6"><span class='ocrx_word' id='word_1_629' title='bbox 1503 3840 1610 3876; x_wconf 86' lang='lat' dir='ltr'><strong>ctat.</strong></span> <span class='ocrx_word' id='word_1_630' title='bbox 1644 3852 1663 3872; x_wconf 91' lang='lat'>»</span> <span class='ocrx_word' id='word_1_631' title='bbox 1693 3834 1884 3881; x_wconf 71' lang='lat' dir='ltr'><strong>Boecklz.</strong></span> 
     </span>
    </p>

    <p class='ocr_par' dir='ltr' id='par_1_30' title="bbox 2127 3940 2172 3985">
     <span class='ocr_line' id='line_1_97' title="bbox 2127 3940 2172 3985; baseline -0.022 0"><span class='ocrx_word' id='word_1_632' title='bbox 2127 3940 2172 3985; x_wconf 83' lang='lat'><strong>5.</strong></span> 
     </span>
    </p>
   </div>
   <div class='ocr_carea' id='block_1_27' title="bbox 1569 4052 2788 4215">
    <p class='ocr_par' dir='ltr' id='par_1_31' title="bbox 1569 4052 2788 4215">
     <span class='ocr_line' id='line_1_98' title="bbox 1876 4052 2416 4110; baseline -0.006 -13"><span class='ocrx_word' id='word_1_633' title='bbox 1876 4055 1912 4097; x_wconf 87' lang='lat' dir='ltr'>E</span> <span class='ocrx_word' id='word_1_634' title='bbox 1946 4054 2132 4098; x_wconf 87' lang='lat' dir='ltr'><strong>LIBRO</strong></span> <span class='ocrx_word' id='word_1_635' title='bbox 2168 4052 2416 4110; x_wconf 88' lang='lat' dir='ltr'><strong>QUINTO.</strong></span> 
     </span>
     <span class='ocr_line' id='line_1_99' title="bbox 1569 4151 2788 4215; baseline -0.002 -15"><span class='ocrx_word' id='word_1_636' title='bbox 1569 4158 1778 4200; x_wconf 85' lang='lat' dir='ltr'><strong>Clemens</strong></span> <span class='ocrx_word' id='word_1_637' title='bbox 1791 4156 2032 4202; x_wconf 86' lang='lat' dir='ltr'><strong>Al.Protr.</strong></span> <span class='ocrx_word' id='word_1_638' title='bbox 2051 4175 2091 4201; x_wconf 89' lang='lat' dir='ltr'><strong>c.</strong></span> <span class='ocrx_word' id='word_1_639' title='bbox 2115 4165 2223 4215; x_wconf 80' lang='lat' dir='ltr'><strong>4,p.</strong></span> <span class='ocrx_word' id='word_1_640' title='bbox 2257 4163 2308 4208; x_wconf 77' lang='lat'><strong>14</strong></span> <span class='ocrx_word' id='word_1_641' title='bbox 2326 4190 2337 4211; x_wconf 91' lang='lat'>‚</span> <span class='ocrx_word' id='word_1_642' title='bbox 2362 4172 2377 4198; x_wconf 89' lang='lat'><em>1</em></span> <span class='ocrx_word' id='word_1_643' title='bbox 2394 4171 2410 4198; x_wconf 89' lang='lat'>1</span> <span class='ocrx_word' id='word_1_644' title='bbox 2438 4153 2565 4212; x_wconf 80' lang='lat' dir='ltr'><strong>Sylb.</strong></span> <span class='ocrx_word' id='word_1_645' title='bbox 2583 4151 2597 4213; x_wconf 80' lang='lat'>(</span> <span class='ocrx_word' id='word_1_646' title='bbox 2617 4162 2726 4195; x_wconf 86' lang='lat' dir='ltr'><strong>tom.</strong></span> <span class='ocrx_word' id='word_1_647' title='bbox 2749 4155 2788 4209; x_wconf 88' lang='lat' dir='ltr'><strong>l,</strong></span> 
     </span>
    </p>
   </div>
   <div class='ocr_carea' id='block_1_28' title="bbox 1462 4222 2771 4289">
    <p class='ocr_par' dir='ltr' id='par_1_32' title="bbox 1462 4222 2771 4289">
     <span class='ocr_line' id='line_1_100' title="bbox 1462 4222 2771 4289; baseline -0.004 -17"><span class='ocrx_word' id='word_1_648' title='bbox 1462 4270 1467 4272; x_wconf 84' lang='lat'><strong>.</strong></span> <span class='ocrx_word' id='word_1_649' title='bbox 1507 4243 1555 4286; x_wconf 88' lang='lat' dir='ltr'><strong>p.</strong></span> <span class='ocrx_word' id='word_1_650' title='bbox 1589 4232 1643 4279; x_wconf 70' lang='lat'><strong>[⁸1</strong></span> <span class='ocrx_word' id='word_1_651' title='bbox 1684 4225 1864 4289; x_wconf 81' lang='lat' dir='ltr'><strong>Klotz.)</strong></span> <span class='ocrx_word' id='word_1_652' title='bbox 1892 4245 1901 4272; x_wconf 88' lang='lat'>:</span> <span class='ocrx_word' id='word_1_653' title='bbox 1932 4227 2092 4275; x_wconf 85' lang='grc' dir='ltr'>Πολλοὶ</span> <span class='ocrx_word' id='word_1_654' title='bbox 2117 4228 2151 4273; x_wconf 89' lang='grc' dir='ltr'>δ’</span> <span class='ocrx_word' id='word_1_655' title='bbox 2178 4226 2230 4272; x_wconf 81' lang='grc' dir='ltr'>ἂν</span> <span class='ocrx_word' id='word_1_656' title='bbox 2260 4225 2376 4288; x_wconf 67' lang='grc' dir='ltr'>τάχα</span> <span class='ocrx_word' id='word_1_657' title='bbox 2402 4242 2483 4270; x_wconf 92' lang='grc' dir='ltr'>που</span> <span class='ocrx_word' id='word_1_658' title='bbox 2505 4222 2771 4284; x_wconf 66' lang='grc' dir='ltr'>θαυμάσεικν</span> 
     </span>
    </p>
   </div>
  </div>
 </body>
</html>
