3016 4628
247 323 298 360 28
416 313 419 315 ’
1162 311 1478 360 DElOCHUS
1520 312 1909 361 PROCONNESI
1923 313 2011 360 US.

239 430 295 484 ὥς
322 450 424 495 φησι
443 431 741 492 Ammo-Aeg,
764 426 876 474 κατὰ
897 426 1020 491 ἕγθος
1051 447 1098 474 το
1116 447 1221 494 προς
1242 448 1337 482 τους
1357 429 1420 476 Θε
1404 447 1533 475 σσα-
1570 427 1576 465 ¹
1611 441 1742 486 iant,
1782 433 1922 475 nescii
1965 447 2122 476 iuisus
2162 433 2359 492 appulei
2362 442 2461 476 unt
2500 435 2726 480 Doliones
2754 437 2908 483 hostes
2943 427 2982 492 ,ἶῇΔ

238 504 359 563 λους,
370 506 458 590 Νυφ’
483 495 542 550 ων
562 500 859 559 ἐξεὸέὸληντο.
884 503 1023 554 Οὗτος
1048 499 1092 547 δὲ
1112 502 1196 562 (sc.
1223 500 1533 563 Ἀπολλώνιος)

238 578 319 624 υπὸ
340 581 423 624 τῶν
451 579 486 625 Γ
488 595 652 639 ηγενων
671 593 777 638 φησι
799 593 846 621 κε
849 576 1018 637 χωσθαι
1040 573 1186 636 αὐτὸν,
1213 577 1463 632 ποιητικῶς.

303 654 375 700 Id.
407 652 542 713 989·
569 646 857 711 Γηγενέες·
893 646 1111 710 Δηίλοχος
1142 648 1206 695 Θε
1189 645 1390 700 ετταλους
1427 639 1537 693 εἶναι

239 743 365 790 φησιν
390 719 793 787 ἐγχειρογάστορας.
818 716 931 772 Τους
967 717 1011 765 δὲ
1035 719 1226 782 γηγενεῖς
1262 720 1352 779 (sc.
1377 717 1536 765 Ἀπολ-

166 854 169 857 .
237 796 400 858 Λωνιος)
413 813 519 869 φησι
540 796 627 847 τοῖς
654 789 955 856 Αργοναύταις
974 789 1294 848 ἐπιδουλεῦσαι,
1310 790 1538 842 δοκουντας

237 866 399 932 λῃστὰς
419 871 545 914 εἶναι.

303 941 373 987 Cf.
405 957 450 985 v.
473 939 612 1001 996:
642 938 846 990 Μυθικῳς
870 934 1000 998 φησὶν
1043 936 1093 995 (ὁ
1113 933 1472 992 Ἀπολλώνιος)Ε
1455 933 1538 980 υπὸ

236 1010 381 1076 ’Ἥρας
411 1013 476 1078 ἐφ
513 1010 727 1075 ςΗρακλεῖ
751 1008 986 1072 τετράφθαι
1020 1027 1116 1061 τους
1155 1009 1374 1070 Γηγενεῖς.
1412 1006 1469 1054 ‘O
1493 1005 1536 1052 δὲ
1563 1027 1567 1030 ·

240 1089 369 1146 μῦθος
393 1082 479 1130 ἀπὸ
500 1099 613 1130 ‘toul
596 1079 814 1143 Νεμεαίου
831 1078 998 1132 λέοντος
1019 1078 1171 1132 αὐτους
1186 1086 1335 1144 γεννᾷ.
1364 1077 1536 1127 Πολύ-

237 1175 465 1221 γνωστος
479 1155 522 1202 δὲ
541 1156 584 1202 ἐν
604 1155 689 1206 τοῖς
708 1153 817 1218 Περὶ
838 1154 1025 1206 Κυζικου
1046 1150 1210 1216 λῃστὰς
1230 1151 1382 1206 αὐτους
1403 1150 1536 1216 λε’γει.

304 1231 466 1278 Codex
485 1230 678 1275 Parisin.
707 1228 742 1274 l
755 1245 781 1282 η
794 1243 882 1286 γεν
897 1222 1019 1278 έες;
1043 1222 1253 1276 Τούτους
1250 1223 1437 1288 Διίοχος
1459 1222 1537 1286 μὲν

238 1299 495 1353 Θεσσαλους
518 1291 628 1346 εἶναί
653 1316 757 1363 φησι
783 1296 1147 1360 ἐγγαστρόχειρας
1181 1297 1327 1358 (sic),
1351 1295 1538 1342 ἐπιδου-

237 1379 390 1424 >etjam
409 1374 453 1420 δὲ
470 1373 558 1424 τοῖς
575 1369 878 1437 Ἀργοναύταις
896 1369 1024 1423 διὰτὸ
1040 1368 1216 1431 νομίσαι
1233 1367 1395 1433 λῃστὰς
1413 1373 1537 1418 εἶναι.

243 1445 389 1496 ῘΙολ’
368 1464 457 1505 υγν
471 1462 600 1496 ωτος
621 1441 665 1489 δὲ
691 1444 733 1488 ἐν
765 1444 852 1495 τοῖς
870 1441 983 1506 Περὶ
1011 1440 1242 1497 Κυζίκου
1229 1439 1390 1504 Λῃστὰς
1410 1460 1536 1507 φησιν

239 1518 387 1573 αὐτοὺς
413 1523 537 1570 εἰναι.
566 1516 622 1564 ‘O
644 1514 688 1562 δὲ
715 1518 847 1576 μῦθος
879 1515 965 1567 ἀπὸ
998 1518 1072 1561 τοῦ
1109 1515 1332 1576 Νεμεαίου
1371 1514 1539 1566 λέοντος

238 1591 389 1643 αὐτοὺς
410 1596 559 1654 γεννᾷ,
585 1586 659 1635 καὶ
682 1586 765 1633 ὑπὸ
788 1585 937 1651 (ίΗρας
963 1586 1027 1651 ἐφ’
1053 1585 1266 1651 Ἡρακλεῖ
1299 1586 1537 1651 τετράφθαι

238 1661 386 1727 φησίν.

302 1733 443 1786 Χυτὸς
478 1732 612 1795 λιμήν
630 1732 648 1795 ]
684 1736 789 1792 Hoc
820 1735 862 1779 ei
904 1749 1081 1778 nomen
1115 1733 1351 1778 dederunt
1393 1749 1539 1794 opera

237 1799 477 1870 Pelasgica
488 1822 641 1869 prope
654 1817 848 1867 portum
866 1808 979 1855 olim
994 1816 1226 1852 exstructa
1239 1816 1284 1851 et
1301 1808 1350 1850 in
1368 1808 1540 1866 penin-

228 1884 349 1939 sula,
374 1897 476 1942 quae
497 1882 617 1925 ostio
641 1889 807 1940 portus
825 1879 1150 1940 praetenditur.
1166 1879 1360 1924 Rudera
1376 1880 1536 1923 etiam-

236 1971 350 1999 num
385 1962 647 2014 supersunt.
688 1953 806 2001 Vide
845 1954 1011 1998 Sestini
1047 1954 1227 1996 Lettere
1264 1952 1537 2011 edepol-iolla

239 2027 464 2088 (Livorno
501 2022 621 2083 1785
643 2025 677 2087 ),
705 2035 820 2074 tom.
856 2027 903 2079 I,
949 2041 1000 2091 p.
1045 2041 1127 2081 lo;
1153 2025 1446 2083 Marquardt.
1483 2041 1532 2084 p.

246 2107 300 2154 14
327 2111 374 2146 et
414 2105 493 2153 44.
519 2100 735 2159 Pelasgos
767 2100 976 2159 intellige
1005 2099 1311 2154 Thessalicos,
1353 2101 1435 2158 qui
1478 2100 1535 2143 ab

237 2173 436 2218 sEolidis
450 2173 603 2231 patria
617 2173 739 2231 pulsi
752 2173 801 2215 in
818 2172 1087 2231 Cyziceuam
1103 2173 1346 2231 regionem
1366 2172 1535 2232 migra-

236 2255 424 2302 verant,
467 2245 628 2303 ibique
659 2245 825 2289 urbem
862 2245 1078 2304 Cyzicum
1103 2245 1430 2289 condiderant.
1461 2246 1530 2290 Cf.

235 2319 422 2363 Miiller.
441 2319 564 2362 Min.
596 2333 642 2376 p.
677 2316 789 2370 243.
817 2314 930 2371 254,
954 2315 999 2360 5.
1025 2315 1137 2373 287.
1174 2318 1358 2360 Horum
1399 2333 1532 2376 pars,

240 2392 251 2450 (
274 2387 495 2437 Θεσσαλοὶ
513 2385 888 2451 ἐγχειρογάστορες
908 2386 923 2448 )
943 2389 1111 2431 veteris
1135 2387 1317 2445 injuriae
1347 2404 1373 2433 a
1394 2389 1538 2434 Thes—

236 2464 355 2517 salis,
385 2463 511 2507 AEoli
530 2462 776 2521 prosapia,
807 2459 892 2504 sibi
921 2461 1060 2504 illatae
1100 2476 1354 2517 memores,
1393 2471 1439 2506 et
1460 2478 1538 2506 ra-

237 2538 369 2594 pinas
392 2550 555 2580 eorum
587 2542 844 2578 metuentes
859 2567 871 2587 ‚
898 2542 1092 2592 portum
1118 2534 1362 2578 obstruere
1385 2535 1537 2578 moliti

237 2617 358 2654 sunt.
378 2608 594 2654 Ceterum
616 2607 779 2651 confer
805 2603 1012 2651 fabulam
1034 2607 1314 2651 simillimam
1333 2623 1409 2667 ap.
1438 2606 1538 2652 Ste-

236 2680 379 2740 phan.
403 2681 496 2739 Byz
516 2696 562 2723 v.
582 2676 790 2730 Βέσὸικος
817 2694 873 2722 ex
901 2680 1158 2737 Agathocle
1178 2678 1198 2738 (
1217 2677 1324 2743 Περὶ
1351 2678 1537 2734 Κυζίκου

237 2754 295 2799 fr:
326 2752 353 2796 3
378 2753 410 2811 ).
429 2778 491 2787 -—-
509 2748 950 2816 Ἔγχειρογάστορες]
978 2752 1016 2796 οἱ
1036 2748 1121 2796 ἀπὸ
1146 2753 1230 2796 τῶν
1263 2754 1422 2815 χειρῶν
1448 2770 1535 2814 γα-

240 2821 508 2887 στριζόμενοι
524 2822 599 2869 καὶ
619 2825 672 2885 τῇ
694 2821 851 2885 γαστρὶ
875 2821 1136 2886 πορίζοντες.
1167 2821 1381 2886 Λέγονται
1398 2822 1443 2870 δὲ
1463 2822 1537 2870 καὶ

239 2894 560 2959 γαστρόχειρες,
584 2896 782 2954 Hesych.
806 2897 945 2940 Plura
968 2913 1013 2940 v.
1042 2898 1091 2940 in
1116 2895 1279 2957 Steph.
1314 2898 1447 2942 Thes.
1487 2914 1534 2941 v.
1560 2938 1562 2940 .

239 2967 627 3032 Ἐγχειριγάστωρ.

305 3045 376 3087 De
410 3042 672 3100 Pohfgnoco
704 3042 798 3085 sive
824 3042 1122 3102 Pohfgnosto,
1170 3042 1251 3100 qui
1285 3043 1394 3085 item
1430 3038 1539 3104 Περὶ

241 3112 428 3168 Κυζίκου
450 3115 679 3176 scripsisse
700 3114 890 3170 dicitur,
914 3114 1102 3158 aliunde
1127 3130 1225 3158 non
1245 3124 1442 3159 constat.
1475 3117 1539 3147 ‘—

241 3185 458 3248 Νεμεαίου
479 3184 649 3237 λέοντος
668 3190 684 3242 ]
703 3187 828 3230 conf.
857 3187 1096 3231 Herodori
1116 3186 1174 3230 fr.
1202 3183 1275 3231 ro.
1312 3186 1390 3240 45.

861 3303 907 3346 6.

307 3423 588 3479 Argonautae
609 3420 775 3476 Cyzico
808 3420 954 3463 avecti
991 3435 1101 3463 mox
1127 3429 1229 3464 orta
1270 3429 1540 3478 tempestate

201 3480 208 3486 ²
244 3501 387 3537 noctu
411 3491 472 3536 ad
497 3507 627 3536 oram
648 3493 903 3535 Dolionum
923 3526 935 3548 ,
978 3492 1291 3552 quam'modo
1330 3493 1539 3551 relique-

242 3630 394 3667 struere
410 3626 576 3677 aggressi
596 3628 711 3676 sunt,
730 3629 775 3666 ut
794 3628 990 3667 Deiochus
1006 3629 1125 3668 refert
1136 3659 1147 3678 ‚
1161 3630 1322 3679 propter
1344 3628 1481 3668 odium
1501 3628 1542 3667 in

242 3690 447 3731 Thessalos
458 3721 468 3739 ‚
490 3690 558 3741 qui
579 3691 780 3731 Thessalia
796 3703 863 3731 eos
878 3692 1089 3739 ejecerant.

297 3754 493 3795 Deiochus
512 3755 708 3805 (Pelasgos
724 3755 826 3804 illos,
846 3767 946 3805 quos
961 3756 1191 3806 Apollonius
1208 3757 1360 3807 poetice
1371 3760 1541 3807 γηγενεῖς

242 3819 428 3870 appellat)
461 3818 668 3858 Thessalos
702 3819 1075 3870 ἐγχειρογάστορας,
1109 3823 1137 3859 i.
1168 3831 1202 3859 (e.
1236 3823 1310 3872 qui
1343 3821 1542 3861 manibus

241 3886 432 3935 propriis
455 3886 618 3924 victum
637 3884 715 3923 sibl
730 3887 921 3934 parant,
943 3885 1052 3925 dicit.

870 3955 911 3993 6.

296 4024 352 4060 De
369 4030 498 4070 pugna
517 4019 583 4059 illa
607 4019 803 4060 Deiochus
819 4032 980 4071 quoquc
998 4024 1146 4062 narrat.
1170 4025 1320 4062 Verum
1338 4023 1386 4062 de
1406 4023 1538 4073 Cyzici

243 4083 514 4123 intersectione
529 4082 633 4123 etde
653 4084 737 4123 toto
758 4082 833 4123 isto
853 4085 992 4136 nroelio
1016 4097 1095 4124 non
1116 4086 1301 4125 convenit
1324 4087 1426 4126 inter
1443 4087 1541 4126 scri·
1563 4091 1566 4095 '

243 4150 388 4195 ptores.
407 4148 562 4187 Etenim
577 4148 758 4199 Ephorus
777 4149 960 4189 Doliones
978 4150 1179 4200 Pelasgos,
1197 4151 1266 4201 qui
1285 4152 1414 4191 hostili
1429 4153 1542 4191 erant

245 4211 281 4248 in
313 4211 525 4250 Thessaliae
543 4212 582 4251 et
607 4213 817 4263 Magnesiae
849 4213 996 4252 incolas
1027 4215 1182 4265 animo,
1203 4217 1411 4266 propterea
1436 4216 1540 4265 quod

243 4275 345 4323 pulsi
364 4277 414 4314 ab
432 4276 476 4315 iis
491 4276 585 4315 olim
605 4277 781 4327 fuerant,
798 4280 919 4319 noctu
938 4290 1004 4317 eos
1019 4291 1068 4318 ex
1082 4280 1231 4321 insidiis
1246 4292 1444 4330 aggressos
1460 4293 1543 4322 csse

1599 663 1695 690 rex
1709 649 1914 707 Cyzicus.
1937 650 2006 692 Ita
2029 649 2324 708 Apollonius.
2351 650 2427 694 Ad
2443 651 2542 695 haec
2571 653 2718 698 schol.
2739 663 2834 699 vet.
2854 656 2907 711 Ι,

1611 504 1766 548 adesse
1791 506 1878 548 1ati
1904 520 1959 548 ex
1982 514 2117 564 gente
2137 507 2412 549 Macronum
2443 506 2700 552 latrociniis
2720 508 2905 566 dedita,

1615 592 1800 620 manum
1821 593 1927 620 cum
1947 578 2000 620 iis
2020 587 2287 621 conserunt.
2314 578 2498 624 Cadunt
2514 581 2674 638 multi,
2688 581 2812 627 inter
2830 598 2910 628 eos
2947 632 2949 634 ,

1620 719 1785 776 1037:

1683 792 1746 838 Πε
1729 809 1791 855 ερι
1826 794 1901 848 τῆς
1922 790 2068 855 μάχης
2097 809 2170 838 και
2189 790 2435 856 Δηίλοχοςε
2425 801 2596 858 ιστορεῖ.
2619 793 2732 861 Περι
2755 795 2800 843 δὲ
2833 816 2910 855 της
2955 839 2957 841 ,

1614 881 1686 909 του
1710 861 1892 918 Κυζίκου
1918 863 2177 929 ἀναιρέσεως
2199 864 2275 911 καὶ
2311 885 2388 922 της
2421 864 2522 922 ὅλης
2549 866 2695 931 μάχης
2715 869 2763 915 οὔ
2797 887 2910 933 συμ-

1615 935 1835 998 φωνεῖ-αι
1855 933 2047 1002 ”Εφορος
2082 937 2172 998 (fr.
2201 938 2318 1000 104)
2348 936 2426 1000 μὲν
2457 938 2541 1003 γὰρ
2557 938 2655 994 τοὺς
2682 939 2910 1006 Δολίοναις,

1616 1007 1871 1071 Πελασγούς
1906 1008 2053 1067 ὄντας,
2086 1028 2160 1056 και
2204 1010 2428 1074 ἐχθρωδῶς
2472 1011 2766 1074 διακειμένους
2805 1033 2911 1080 προς
2960 1044 2962 1046 v
2994 1005 2997 1008 ⁴

1614 1098 1712 1166 τρυς
1732 1079 1811 1136 τὴν
1831 1081 2083 1131 Θεσσαλίαν
2102 1101 2176 1128 και
2203 1081 2467 1146 Μαγνησίαν
2491 1102 2822 1146 κατοικουντας,
2839 1086 2911 1133 διὰ

1614 1151 1663 1198 τὸ
1686 1154 1985 1212 ἀπελασθῆναι
2019 1158 2091 1201 υπ’
2118 1156 2279 1216 αὐτῶν,
2309 1154 2531 1217 ἐπιθέσθαι
2551 1158 2694 1212 αὐτοῖς
2722 1157 2908 1226 νύκτωρ,

1614 1224 1768 1291 γράφει
1784 1229 1827 1274 ἐν
1846 1230 1899 1290 τῇ
1919 1227 2064 1293 ἐνάτῃ.
2082 1193 2381 1286 Ἢκολούθηκε
2401 1226 2446 1275 δὲ
2469 1226 2753 1284 Ἀπολλώνιος
2773 1233 2848 1290 Δη
2861 1250 2910 1277 ι-
2958 1229 2960 1231 ’

1615 1297 1673 1344 λο
1680 1317 1778 1364 χω
2956 1306 2985 1358 ¹„

1681 1374 1794 1430 Quae
1810 1375 1936 1427 hunc
1960 1375 2010 1419 in
2038 1373 2235 1419 modum
2261 1375 2475 1434 corrupit
2504 1374 2652 1419 schol.
2684 1375 2794 1420 cod.
2823 1376 2913 1421 Pa-

1614 1446 1743 1490 risin.
1771 1463 1781 1490 ε
1801 1437 1910 1511 Περὶ
1923 1449 1997 1502 τῆς
2019 1443 2275 1511 ἀναιρέσεως
2287 1447 2372 1491 τῶν
2390 1443 2602 1492 Δολιόνων
2619 1446 2910 1512 διαφωνεῖται.
2959 1482 2965 1495 ,
2982 1433 2992 1500 Ἀ

1615 1515 1816 1580 Διίλοχος
1851 1515 1927 1579 μὲν
1957 1516 2041 1581 γάρ
2067 1537 2172 1583 φησι
2190 1516 2288 1571 τοὺς
2311 1515 2538 1576 Δολίονας,
2565 1517 2818 1583 Πελασγοὺς
2837 1518 2911 1566 ὅν-

1614 1610 1691 1644 τας
1709 1591 1783 1639 καὶ
1810 1596 2038 1654 μισοῦντας
2055 1589 2150 1644 τοὺς
2174 1590 2250 1648 τὴν
2274 1589 2527 1639 Θεσσαλίαν
2552 1590 2628 1638 καὶ
2648 1590 2911 1654 Μαγνησίαν

1615 1665 1837 1718 οἰκοῦντας
1852 1701 1865 1726 ‚
1902 1662 1972 1710 διὰ
1991 1663 2039 1710 τὸ
2053 1665 2353 1721 ἀπελασθῆναι
2373 1665 2446 1710 ὑπ’
2473 1664 2615 1710 αὐτῶν
2631 1665 2680 1712 ἐκ
2701 1667 2779 1722 τῆς
2791 1666 2912 1714 Oec-
2975 1664 2978 1666 ’

1615 1735 1790 1795 σαλίας,
1810 1735 2028 1783 ἐπιθέσθαι
2058 1735 2223 1800 νύκτωρ
2241 1741 2328 1789 τοῖς
2351 1734 2390 1781 Ἄ
2401 1735 2670 1800 ργοναύταις.
2974 1727 2986 1790 1,
3005 1798 3009 1801 Δ

1678 1813 1933 1870 Doliones,
1958 1810 2096 1869 hujus
2123 1820 2296 1855 tractus
2315 1812 2522 1870 populus
2545 1811 2910 1870 antiquissimus,
2980 1800 2982 1802 V

1613 1899 1639 1928 a
1662 1885 1861 1945 Pelasgis
1881 1899 1905 1928 e
1922 1884 2152 1928 Thessalia
2168 1882 2360 1927 advenis
2376 1883 2555 1927 subacti
2583 1884 2731 1943 iisque
2757 1883 2911 1928 tribu—
3001 1877 3011 1951 ἱ

1614 1958 1719 2001 tarii
1735 1966 1883 2009 erant.
1900 1958 2054 2015 Quare
2070 1955 2306 2001 Deiochus
2325 1954 2411 2017 (fr.
2435 1971 2460 1999 2
2479 1950 2734 2016 )rationem
2747 1953 2912 2002 eorum
2977 1950 3009 2002 ”1

1612 2044 1711 2072 non
1738 2029 1918 2073 habuit.
1936 2029 2214 2088 Apollonius
2227 2028 2369 2087 igitur
2381 2027 2418 2071 si
2434 2027 2647 2086 Pelasgos
2664 2027 2914 2087 Cyzicenos

1611 2095 1836 2138 Doliones
1856 2094 1996 2150 dicit,
2020 2094 2114 2153 agit
2131 2102 2346 2152 poetam.
2390 2094 2458 2136 Ac
2493 2093 2742 2137 verisimile
2770 2102 2837 2138 est
2856 2109 2914 2138 ex

1612 2167 1869 2225 Apollonio
1900 2181 2076 2211 nomen
2112 2165 2339 2209 transiisse
2373 2165 2424 2208 in
2448 2165 2685 2220 scholion,
2723 2181 2821 2209 non
2856 2182 2914 2210 ex

1611 2240 1827 2298 Ephoro,
1853 2254 1993 2298 quem
2025 2239 2181 2297 itaque
2202 2238 2295 2281 hoc
2315 2245 2450 2281 'certe
2483 2237 2591 2282 loco
2617 2239 2787 2282 acrisiae
2823 2239 2916 2283 cri-

1612 2328 1736 2356 mine
1752 2313 2063 2357 liberaverlm
2082 2312 2297 2356 Ceterum
2311 2309 2371 2354 cf.
2386 2310 2569 2356 Miiller.
2581 2311 2704 2355 Min.
2716 2312 2910 2356 Excurs.
2974 2343 2981 2366 e

1611 2387 1648 2429 Ι
1683 2383 1974 2443 Marquardt.
1998 2399 2048 2443 p.
2095 2391 2172 2436 42.
2210 2383 2326 2428 Cum
2357 2381 2553 2441 Ephoro
2586 2369 2653 2427 eff
2682 2383 2915 2429 Callisthc-

1612 2470 1694 2500 nes
1714 2455 1882 2509 s1.43.

2239 2612 2282 2652 7.

1678 2724 1811 2769 Idem
1833 2723 2021 2778 I‚1061
2053 2723 2180 2769 :Tou
2202 2719 2594 2782 δὲΛειμωνίου
2617 2721 2803 2769 πεδίου
2833 2723 2913 2785 (ἰη

1614 2813 1710 2856 quo
1731 2797 1882 2855 Cyzici
1904 2796 2170 2855 sepulcrum
2190 2792 2203 2858 )
2229 2791 2449 2855 μέμνηται
2465 2791 2729 2856 Δηιόλοχος,
2745 2794 2846 2858 περί
2861 2814 2908 2841 τε
2981 2792 3012 2868 ff

1613 2864 1687 2914 τοῦ
1708 2866 1844 2931 τάφου
1865 2866 2052 2922 Κυζίκου
2076 2864 2254 2919 ὁαῦτός.
2281 2866 2351 2912 Cf.
2378 2864 2671 2926 Marquardt.
2703 2883 2752 2927 p.
2779 2868 2887 2915 135.
2983 2879 3016 2929 ag

2243 2996 2289 3041 8.

1683 3125 1817 3170 Idem
1831 3127 1871 3180 Ι,
1905 3123 2026 3168 1063
2063 3139 2073 3167 :
2098 3120 2210 3185 Περὶ
2245 3119 2290 3167 δὲ
2318 3120 2504 3179 Κλείτης
2536 3121 2642 3186 φησὶ
2675 3122 2912 3190 Δηιόλοχος
2986 3167 2988 3172 ,

1618 3195 1700 3243 ὑπὸ
1722 3194 1860 3252 λύπης
1883 3196 2157 3251 τελευτῆσαι.
2747 3254 2752 3260 ἢ
2980 3216 2989 3250 i

1683 3271 1817 3315 Idem
1833 3271 1870 3326 1,
1888 3268 2033 3314 1065:
2056 3265 2296 3324 Εὐάνθης
2316 3267 2594 3329 (Νεάνθηςῖ)
2612 3265 2664 3314 δὲ
2683 3267 2772 3316 καὶ
2791 3266 2912 3328 Ani·
2972 3260 2982 3327 J

1615 3344 1713 3407 λοχ
1721 3361 1770 3395 ος
1796 3343 2035 3406 ἱστοροῦσιν
2060 3338 2125 3386 ὅτι
2138 3338 2360 3402 ἀπήγξατο
2378 3343 2405 3396 ἡ
2430 3339 2704 3399 Κλείτη,καὶ
2724 3339 2789 3388 ὅτι
2812 3345 2838 3400 ἡ
2861 3345 2911 3390 ἐκ

1616 3418 1700 3461 τῶν
1715 3412 1912 3478 δακρύων
1931 3411 2093 3469 ταύτης
2110 3411 2246 3477 κρήνη
2262 3413 2304 3459 ἐν
2326 3412 2503 3478 Κυζίκῳ
2516 3411 2683 3477 ἐγένετο
2699 3414 2908 3470 κληθεῖσα

1616 3489 1687 3536 ἐπὶ
1715 3491 1776 3554 τῷ
1797 3486 1977 3549 ὀνόματι
2002 3487 2134 3542 αὐτῆς
2149 3485 2330 3544 Κλείτη.

1610 3626 1732 3666 tradit
1746 3626 1847 3665 libro
1874 3635 1994 3664 nono.
2026 3625 2176 3664 Contra
2203 3622 2432 3674 Apollonius
2458 3621 2621 3662 Deiochi
2640 3621 2907 3689 narrationem

1609 3692 1769 3730 secutus
1784 3691 1857 3728 est.

2237 3754 2281 3794 7.

1661 3826 1800 3877 Campi
1832 3825 2025 3876 pratensis
2056 3823 2238 3863 meminit
2266 3822 2476 3863 Deiochus.
2511 3823 2622 3863 Idem
2650 3823 2701 3862 de
2724 3824 2908 3875 sepulc-ro

1609 3891 1740 3942 Cyzici
1757 3889 1933 3940 exponit.

2207 3955 2275 3995 .8.

1660 4027 1790 4068 Cliten
1831 4038 1912 4078 prae
1971 4035 2142 4064 moerore
2183 4022 2307 4063 vitam
2350 4022 2495 4062 finiisse
2529 4024 2671 4063 auctor
2698 4022 2758 4063 est
2787 4023 2905 4064 Deio-

1609 4093 1864 4197 ‹JhEZamhes
1881 4153 2114 4204 (Neanthes
2127 4154 2162 4202 Ρ)
2191 4153 2232 4192 et
2268 4151 2465 4192 Deiochus
2488 4151 2616 4192 Cliten
2643 4151 2905 4204 strangulasse

1609 4231 1650 4260 se
1673 4221 1859 4267 narrant,
1878 4220 1999 4268 atque
2014 4229 2061 4257 ex
2080 4217 2260 4256 lacrimis
2283 4216 2405 4255 mites
2433 4215 2582 4255 sontem
2613 4214 2746 4266 Cyzici
2770 4217 2904 4255 ortum

1611 4295 1716 4333 esse,
1734 4284 1802 4333 qui
1824 4283 1874 4322 de
1894 4282 2056 4322 nomine
2073 4281 2158 4331 ojus
2174 4279 2408 4332 appelletur,
2910 4275 2921 4284 “
