3008 4542
102 264 119 309 ὃ
187 239 282 280 630

185 474 456 538 ἀπειληφότα
475 472 591 522 κατὰ
614 471 690 527 τὰς
715 471 795 526 σὰς
815 471 1020 526 ἐπινοίας.
1046 472 1136 521 Καὶ
1159 477 1299 519 ταῦτα
1322 474 1404 537 οὐχ
1421 475 1492 538 ὑφ’

182 551 347 608 ἄλλων,
379 547 491 596 ἀλλὰ
525 547 612 600 τοῖς
653 548 813 594 σαυτοῦ
847 552 1044 611 πτεροῖς,
1073 544 1188 594 κατὰ
1212 545 1284 593 τὸν
1313 545 1494 609 θαυμά-

181 642 273 671 σιον
306 621 546 688 Αἰσχύλον,
581 620 767 685 ἁλίσκῃ,
793 619 1157 684 ἀπροσδιονύσους
1192 618 1336 673 λύσεις
1374 638 1492 684 πρα-

182 695 518 761 γματευόμενος.
542 718 559 738 ¹·

615 783 1054 833 ΟΜΟΙΟΤΗΤΕΣ.

798 894 878 939 23.

247 982 496 1028 Athenaeus
507 983 614 1039 XV,
632 997 681 1042 p.
703 981 866 1042 690,E
888 997 899 1025 ε
922 977 1137 1041 Πολέμων
1161 977 1196 1025 δ’
1214 979 1258 1024 ἐν
1281 984 1370 1031 τοῖς
1389 975 1495 1042 πρὸς

179 1051 347 1102 Ἀδαῖον
379 1052 503 1119 παρὰ
533 1052 725 1107 Ἠλείοις
750 1051 855 1118 φησὶ
885 1050 1018 1116 μύρον
1043 1070 1085 1097 τι
1110 1050 1373 1115 πλαγγόνιον
1409 1069 1494 1098 κα-

181 1127 378 1190 λεῖσθαι,
397 1124 565 1191 εὑρεθὲν
593 1126 678 1173 ὑπό
706 1144 816 1179 τινος
839 1124 1102 1189 Πλάγγονος.
1127 1124 1319 1188 Ὁμοίως
1334 1126 1497 1189 ἱστορεῖ

178 1197 256 1246 καὶ
276 1197 493 1253 Σωσίὸιος
511 1200 553 1246 ἐν
574 1196 850 1260 Ὁμοιότησι,
871 1199 928 1252 ὡς
941 1196 1016 1245 καὶ
1033 1197 1082 1244 τὸ
1102 1196 1366 1260 Μεγάλλιον·
1387 1197 1494 1244 ὠνο-

178 1271 326 1335 μάσθη
348 1271 432 1337 γὰρ
457 1271 678 1329 καὶτοῦτο
704 1270 793 1318 ἀπὸ
826 1270 1064 1335 Μεγάλλου
1093 1274 1170 1318 τοῦ
1204 1268 1489 1319 Σικελιώτου.

175 1349 353 1394 Praeter
393 1347 629 1392 Sosibium
668 1343 813 1398 Ἰόὸας
855 1347 878 1391 ὁ
926 1342 1128 1408 βασιλεὺς
1169 1344 1343 1390 librum
1358 1382 1371 1407 ‚
1419 1346 1496 1390 cui

175 1487 287 1537 genis
309 1487 472 1526 nomine
504 1485 722 1526 secundam
737 1488 776 1526 si
788 1517 799 1536 ,
834 1487 875 1526 et
894 1497 918 1526 a
934 1486 1058 1527 Bione
1078 1496 1221 1525 rursus
1236 1485 1405 1535 primam
1425 1484 1465 1523 bi
1481 1513 1492 1531 ‚

178 1552 357 1603 denique
380 1552 707 1592 terminationem
735 1555 806 1592 τοῦ
833 1552 1098 1601 Ἀπόλλωνος;
1127 1551 1321 1602 reperies,
1349 1553 1391 1591 te
1411 1551 1493 1601 iam
1567 1551 1657 1589 tum
1675 1560 1822 1590 nomen
1835 1549 2207 1600 invenitaMegallo
2223 1549 2372 1591 Siculo.

176 1618 377 1668 accepisse
404 1617 645 1668 stipendium
658 1647 670 1667 ,
691 1617 913 1657 secundum
933 1619 1003 1657 tua
1023 1616 1187 1656 inventa
1204 1631 1217 1656 ε
1247 1617 1289 1656 et
1308 1615 1493 1666 quidem,

178 1693 260 1723 non
280 1683 330 1722 ab
352 1682 463 1730 aliis,
495 1681 566 1721 sed
604 1681 775 1733 propriis
807 1682 890 1721 tuis
919 1682 1083 1732 pennis,
1103 1682 1150 1720 ut
1177 1681 1233 1720 ait
1251 1680 1496 1720 admirabilis

183 1747 395 1798 AEsc-hylus
412 1778 424 1798 ,
442 1748 585 1798 captus
596 1746 766 1797 teneris,
791 1747 876 1786 tam
894 1746 1123 1797 incongruis
1149 1745 1419 1786 solutionibus
1433 1756 1496 1786 oc-

177 1814 365 1864 cupatus.
386 1827 406 1846 υ

575 1900 1088 1951 SlMlLlTUDlNES.

797 2019 871 2060 23.

235 2108 430 2150 Polemon
452 2109 494 2148 in
511 2107 689 2159 epistolis
712 2107 763 2147 ad
784 2107 952 2147 Adaeum
969 2138 981 2157 ,
999 2106 1105 2157 apud
1124 2107 1241 2146 Eleos
1255 2107 1310 2146 ait
1324 2118 1499 2158 unguen·
1572 2106 1731 2157 scripsit
1751 2105 1997 2157 elegiacum)
2025 2110 2235 2148 Persarum
2262 2118 2373 2159 reges
2392 2107 2449 2148 ait
2474 2105 2650 2150 luxuriae
2669 2116 2789 2146 causa
2816 2117 2885 2157 pe-

174 2175 264 2214 tum
285 2173 447 2223 aliquod
477 2172 615 2212 vocari
635 2172 919 2224 planqom'um
946 2183 970 2211 a
989 2172 1194 2222 Plangone
1228 2171 1405 2223 quodam
1434 2172 1500 2211 in—

177 2238 358 2278 ventum.
391 2237 541 2278 Eadem
573 2237 696 2277 tradit
725 2236 904 2277 Sosibius
933 2236 976 2276 in
1006 2236 1366 2288 similitudinibus,
1389 2237 1491 2288 adji-

1275 226 1555 275 sosusz
1583 211 1767 276 mco.

184 329 376 396 σιγένους
398 338 447 377 τὸ
471 347 543 388 σι,
570 342 644 376 και
671 329 744 374 τοῦ
771 325 934 380 Βίωνος
956 325 1035 384 τὴν
1063 325 1241 392 πρώτην
1265 317 1491 385 συλλαὸὴν
1567 324 1851 390 Ὁμοιότητες
1889 330 2051 376 titulus
2089 338 2214 390 erat,
2253 329 2494 392 scripsisse*
2526 330 2700 378 dicitur
2741 323 2883 394 apussi

185 408 248 468 βι,
267 402 342 451 καὶ
357 401 435 461 τὴν
454 400 706 448 τελευταίαν
723 403 796 447 τοῦ
817 397 1100 458 Ἀπόλλωνος,
1121 398 1315 464 εὓρήσεις
1332 399 1491 447 σαυτὸν
1565 403 1841 448 Athenaeum
1860 404 1943 465 lv,
1964 419 2015 464 p.
2046 419 2064 448 1
2077 418 2157 464 70,
2179 404 2234 450 E.
2879 420 2882 423 ·

2859 222 2972 252 „,

1937 536 2122 599 (ΠΕΡΙ
2166 536 2510 587 ΒΑΣΙΛΕΙΑΣ

1886 666 2060 714 ΠΡΟΣ
2098 666 2567 730 ΚΑΣΣΑΝΔΡΟΝ.)

2179 795 2256 846 24.

1635 907 1883 952 Athenaeus
1896 907 1976 966 IV,
1996 923 2043 967 p.
2068 912 2174 964 144,
2193 908 2232 952 E
2251 903 2559 970 τΘεόφραστος
2579 905 2620 953 δ’
2633 906 2677 954 ἐν
2691 909 2755 973 τῷ
2769 898 2890 974 πρὸς·ζ
2938 911 2946 969 ἰ

1570 978 1858 1042 Κάσσανδρον
1881 977 1990 1043 Περὶ
2010 976 2259 1045 βασιλείας(
2271 979 2308 1024 εἷ
2326 976 2501 1042 γνήσιον
2521 978 2571 1026 τὸ
2587 977 2873 1045 σύγγραμμα·
2940 971 2946 981 ¹

1568 1050 1724 1098 πολλοὶ
1746 1049 1832 1116 γὰρ
1858 1049 1965 1098 αὐτό
1989 1069 2120 1116 φασιν
2141 1042 2250 1098 εἶναι
2275 1049 2523 1110 Σωσιὸίου,
2545 1053 2604 1106 εἷς
2625 1050 2672 1099 ὃν
2704 1051 2876 1101 Καλλί-

1570 1142 1712 1189 μαχος
1733 1126 1757 1171 ὃ
1775 1122 1959 1183 ποιητὴς
1990 1122 2198 1171 ἐπινίκιον
2237 1122 2481 1187 ἐλεγειακὸν
2517 1123 2754 1191 ἐποίησε),
2779 1124 2911 1185 ‘tobes

1571 1199 1758 1263 Περσῶν
1792 1215 1899 1263 φησι
1934 1199 2126 1262 βασιλεῖς
2153 1197 2238 1257 ὑπὸ
2265 1199 2427 1263 τρυφῆς
2453 1199 2766 1264 προκηρύττειν
2790 1206 2878 1253 τοῖς

1569 1268 1871 1336 ἐφευρίσκουσί
1894 1288 1991 1317 τινα
2007 1268 2160 1328 καινὴν
2185 1269 2343 1328 ἡδονὴν
2372 1269 2576 1335 ἀργυρίου
2601 1272 2780 1330 πλῆθος.
2805 1273 2876 1320 Cf.
2950 1246 2957 1300 ἱ·

1569 1345 1730 1391 Ebert.
1755 1346 1880 1391 Diss.
1905 1346 1999 1394 Sic.
2023 1361 2071 1406 p.
2103 1361 2178 1404 72.
2647 1354 2654 1364 '

1567 1483 1677 1523 ciens
1693 1483 1863 1523 similem
1891 1494 1975 1524 esse
1992 1483 2186 1524 rationem
2203 1484 2397 1535 meqallii
2415 1498 2429 1525 .·
2446 1495 2541 1525 nam
2556 1485 2597 1526 et
2611 1484 2690 1525 hoc
2700 1495 2886 1536 unguen·

1727 1691 1834 1751 (DE
1868 1690 2085 1739 REGNO
2119 1690 2208 1740 AD
2245 1687 2726 1756 CASSANDRUM.)

2184 1817 2259 1859 24.

1624 1913 1923 1964 Theophrastus
1942 1914 1984 1953 in
2002 1914 2106 1955 libro
2129 1917 2188 1955 De
2220 1886 2342 1966 regno
2365 1914 2415 1954 ad
2435 1913 2709 1955 Cassandrum
2729 1912 2787 1964 (si
2821 1925 2888 1965 ge·
2932 1926 2936 1934 ²
2973 1926 2980 1964 ;

1571 1976 1742 2018 nuinum
1770 1976 1866 2017 illud
1901 1978 2095 2030 scriptum
2133 1980 2198 2020 est·
2229 1995 2239 2020 :
2269 1979 2387 2020 multi
2421 1979 2528 2019 enim
2558 1979 2765 2019 auctorem
2803 1977 2889 2028 ejus
2974 1975 2980 2031 ξ

1572 2042 1685 2082 aiunt
1703 2041 1904 2082 Sosibium
1935 2053 2020 2083 esse
2047 2043 2163 2083 illum
2178 2072 2191 2093 ,
2218 2043 2261 2083 in
2292 2054 2412 2094 quem
2434 2042 2704 2086 Callimachus
2725 2053 2887 2083 carmen

1575 2173 1706 2213 cuniae
1729 2183 1928 2212 summam
1954 2173 2117 2224 publice
2150 2173 2330 2225 polliceri
2357 2173 2419 2214 his
2433 2173 2505 2225 qui
2537 2182 2685 2213 novam
2712 2171 2887 2224 aliquam

1575 2237 1826 2288 voluptatem
1842 2237 2171 2289 excogitaverint.
