<?xml version="1.0" encoding="UTF-8"?>
<!DOCTYPE html PUBLIC "-//W3C//DTD XHTML 1.0 Transitional//EN"
    "http://www.w3.org/TR/xhtml1/DTD/xhtml1-transitional.dtd">
<html xmlns="http://www.w3.org/1999/xhtml" xml:lang="en" lang="en">
 <head>
  <title>
</title>
<meta http-equiv="Content-Type" content="text/html;charset=utf-8" />
  <meta name='ocr-system' content='tesseract 3.04.00' />
  <meta name='ocr-capabilities' content='ocr_page ocr_carea ocr_par ocr_line ocrx_word'/>
</head>
<body>
  <div class='ocr_page' id='page_1' title='image "./fragmentahistori02mueluoft_0326.png"; bbox 0 0 3016 4628; ppageno 0'>
   <div class='ocr_carea' id='block_1_1' title="bbox 296 333 382 369">
    <p class='ocr_par' dir='ltr' id='par_1_1' title="bbox 296 333 382 369">
     <span class='ocr_line' id='line_1_1' title="bbox 296 333 382 369; baseline -0.012 0"><span class='ocrx_word' id='word_1_1' title='bbox 296 333 382 369; x_wconf 71' lang='lat'><strong>2²5⁴</strong></span> 
     </span>
    </p>
   </div>
   <div class='ocr_carea' id='block_1_2' title="bbox 287 488 1569 2717">
    <p class='ocr_par' dir='ltr' id='par_1_2' title="bbox 291 488 1569 990">
     <span class='ocr_line' id='line_1_2' title="bbox 292 488 1568 556; baseline -0.007 -12"><span class='ocrx_word' id='word_1_2' title='bbox 292 517 365 551; x_wconf 87' lang='grc' dir='ltr'><strong>νας</strong></span> <span class='ocrx_word' id='word_1_3' title='bbox 402 498 713 549; x_wconf 75' lang='grc' dir='ltr'>ἀποκαλοῦντες</span> <span class='ocrx_word' id='word_1_4' title='bbox 737 492 910 551; x_wconf 79' lang='grc' dir='ltr'>αὐτους,</span> <span class='ocrx_word' id='word_1_5' title='bbox 932 512 1006 540; x_wconf 85' lang='grc' dir='ltr'><strong>και</strong></span> <span class='ocrx_word' id='word_1_6' title='bbox 1039 492 1254 556; x_wconf 81' lang='grc' dir='ltr'>λέγοντες,</span> <span class='ocrx_word' id='word_1_7' title='bbox 1282 490 1347 539; x_wconf 80' lang='grc' dir='ltr'><strong>ὅτι</strong></span> <span class='ocrx_word' id='word_1_8' title='bbox 1369 488 1568 544; x_wconf 83' lang='grc' dir='ltr'>ἐκκοπείη</span> 
     </span>
     <span class='ocr_line' id='line_1_3' title="bbox 295 562 1569 628; baseline -0.008 -12"><span class='ocrx_word' id='word_1_9' title='bbox 295 568 343 616; x_wconf 80' lang='grc' dir='ltr'><strong>ἂν</strong></span> <span class='ocrx_word' id='word_1_10' title='bbox 379 571 518 615; x_wconf 78' lang='grc' dir='ltr'>αὐτῶν</span> <span class='ocrx_word' id='word_1_11' title='bbox 561 567 588 624; x_wconf 85' lang='grc' dir='ltr'>ἥ</span> <span class='ocrx_word' id='word_1_12' title='bbox 629 586 675 614; x_wconf 86' lang='grc' dir='ltr'><strong>τε</strong></span> <span class='ocrx_word' id='word_1_13' title='bbox 716 568 921 628; x_wconf 76' lang='grc' dir='ltr'>σεμνότης</span> <span class='ocrx_word' id='word_1_14' title='bbox 963 584 1071 621; x_wconf 88' lang='grc' dir='ltr'>αυτη</span> <span class='ocrx_word' id='word_1_15' title='bbox 1108 583 1181 611; x_wconf 91' lang='grc' dir='ltr'><strong>και</strong></span> <span class='ocrx_word' id='word_1_16' title='bbox 1219 568 1244 621; x_wconf 82' lang='grc' dir='ltr'>ἡ</span> <span class='ocrx_word' id='word_1_17' title='bbox 1283 562 1569 625; x_wconf 89' lang='grc' dir='ltr'>προσποίητος</span> 
     </span>
     <span class='ocr_line' id='line_1_4' title="bbox 292 631 1561 699; baseline -0.008 -12"><span class='ocrx_word' id='word_1_18' title='bbox 292 640 433 694; x_wconf 88' lang='grc' dir='ltr'>πίστις</span> <span class='ocrx_word' id='word_1_19' title='bbox 457 639 531 687; x_wconf 78' lang='grc' dir='ltr'><strong>καὶ</strong></span> <span class='ocrx_word' id='word_1_20' title='bbox 550 642 577 696; x_wconf 80' lang='grc' dir='ltr'>ἡ</span> <span class='ocrx_word' id='word_1_21' title='bbox 615 637 795 685; x_wconf 68' lang='grc' dir='ltr'>ἀπάθεια</span> <span class='ocrx_word' id='word_1_22' title='bbox 812 673 824 694; x_wconf 91' lang='grc'><em>,</em></span> <span class='ocrx_word' id='word_1_23' title='bbox 851 639 968 689; x_wconf 85' lang='grc' dir='ltr'>εἴτις</span> <span class='ocrx_word' id='word_1_24' title='bbox 1003 635 1294 699; x_wconf 76' lang='grc' dir='ltr'>περιστήσειεν</span> <span class='ocrx_word' id='word_1_25' title='bbox 1325 631 1475 686; x_wconf 72' lang='grc' dir='ltr'>αὐτοὺς</span> <span class='ocrx_word' id='word_1_26' title='bbox 1504 633 1561 685; x_wconf 83' lang='grc' dir='ltr'><strong>εἷς</strong></span> 
     </span>
     <span class='ocr_line' id='line_1_5' title="bbox 293 703 1568 776; baseline -0.009 -15"><span class='ocrx_word' id='word_1_27' title='bbox 293 711 515 776; x_wconf 68' lang='grc' dir='ltr'>συμφορὰν</span> <span class='ocrx_word' id='word_1_28' title='bbox 537 714 759 772; x_wconf 81' lang='lat' dir='ltr'><strong>(Kiister.‚</strong></span> <span class='ocrx_word' id='word_1_29' title='bbox 777 708 908 775; x_wconf 72' lang='grc' dir='ltr'>φορὰν</span> <span class='ocrx_word' id='word_1_30' title='bbox 927 710 1048 771; x_wconf 79' lang='lat' dir='ltr'><strong>libri)</strong></span> <span class='ocrx_word' id='word_1_31' title='bbox 1067 707 1310 770; x_wconf 77' lang='grc' dir='ltr'>ἀξιόχρεων·</span> <span class='ocrx_word' id='word_1_32' title='bbox 1330 703 1568 767; x_wconf 74' lang='grc' dir='ltr'>ἀντιλεγόν-</span> 
     </span>
     <span class='ocr_line' id='line_1_6' title="bbox 291 779 1566 844; baseline -0.011 -10"><span class='ocrx_word' id='word_1_33' title='bbox 291 805 374 834; x_wconf 86' lang='grc' dir='ltr'><strong>των</strong></span> <span class='ocrx_word' id='word_1_34' title='bbox 398 786 441 832; x_wconf 79' lang='grc' dir='ltr'><strong>δὲ</strong></span> <span class='ocrx_word' id='word_1_35' title='bbox 467 786 590 831; x_wconf 79' lang='grc' dir='ltr'>τινῶν</span> <span class='ocrx_word' id='word_1_36' title='bbox 620 782 693 829; x_wconf 74' lang='grc' dir='ltr'><strong>καὶ</strong></span> <span class='ocrx_word' id='word_1_37' title='bbox 714 781 936 844; x_wconf 80' lang='grc' dir='ltr'>γινομένης</span> <span class='ocrx_word' id='word_1_38' title='bbox 962 779 1239 841; x_wconf 68' lang='grc' dir='ltr'>φιλονεικίας,</span> <span class='ocrx_word' id='word_1_39' title='bbox 1274 780 1566 839; x_wconf 76' lang='grc' dir='ltr'>συνταχθῆναι</span> 
     </span>
     <span class='ocr_line' id='line_1_7' title="bbox 294 847 1568 919; baseline -0.01 -15"><span class='ocrx_word' id='word_1_40' title='bbox 294 857 361 904; x_wconf 72' lang='grc' dir='ltr'>ἰπὶ</span> <span class='ocrx_word' id='word_1_41' title='bbox 381 854 476 908; x_wconf 76' lang='grc' dir='ltr'>τοὺς</span> <span class='ocrx_word' id='word_1_42' title='bbox 493 854 589 919; x_wconf 76' lang='grc' dir='ltr'>περὶ</span> <span class='ocrx_word' id='word_1_43' title='bbox 609 853 811 913; x_wconf 79' lang='grc' dir='ltr'>Φιντίαν,</span> <span class='ocrx_word' id='word_1_44' title='bbox 831 850 1016 899; x_wconf 82' lang='grc' dir='ltr'>ἐναντίον</span> <span class='ocrx_word' id='word_1_45' title='bbox 1035 870 1078 897; x_wconf 84' lang='grc' dir='ltr'><strong>τε</strong></span> <span class='ocrx_word' id='word_1_46' title='bbox 1101 850 1195 898; x_wconf 87' lang='grc' dir='ltr'>τινὰ</span> <span class='ocrx_word' id='word_1_47' title='bbox 1216 849 1298 896; x_wconf 76' lang='grc' dir='ltr'><strong>τῶν</strong></span> <span class='ocrx_word' id='word_1_48' title='bbox 1318 847 1568 910; x_wconf 77' lang='grc' dir='ltr'>κατηγόρων</span> 
     </span>
     <span class='ocr_line' id='line_1_8' title="bbox 292 920 1565 990; baseline -0.011 -12"><span class='ocrx_word' id='word_1_49' title='bbox 292 933 422 978; x_wconf 80' lang='grc' dir='ltr'>αὐτοῦ</span> <span class='ocrx_word' id='word_1_50' title='bbox 458 930 606 985; x_wconf 80' lang='grc' dir='ltr'>εἰπεῖν,</span> <span class='ocrx_word' id='word_1_51' title='bbox 631 927 737 973; x_wconf 78' lang='grc' dir='ltr'><strong>ὅτι</strong></span> <span class='ocrx_word' id='word_1_52' title='bbox 717 926 892 990; x_wconf 70' lang='grc' dir='ltr'>φανερὸς</span> <span class='ocrx_word' id='word_1_53' title='bbox 925 924 1099 987; x_wconf 77' lang='grc' dir='ltr'>γέγονε</span> <span class='ocrx_word' id='word_1_54' title='bbox 1093 922 1201 968; x_wconf 76' lang='grc' dir='ltr'>μετὰ</span> <span class='ocrx_word' id='word_1_55' title='bbox 1236 924 1360 967; x_wconf 85' lang='grc' dir='ltr'>τινῶν</span> <span class='ocrx_word' id='word_1_56' title='bbox 1394 920 1565 966; x_wconf 55' lang='lat' dir='ltr'><strong>{ingov-</strong></span> 
     </span>
    </p>

    <p class='ocr_par' dir='ltr' id='par_1_3' title="bbox 290 991 1567 1064">
     <span class='ocr_line' id='line_1_9' title="bbox 290 991 1567 1064; baseline -0.01 -16"><span class='ocrx_word' id='word_1_57' title='bbox 290 1001 425 1048; x_wconf 82' lang='grc' dir='ltr'>λεύων</span> <span class='ocrx_word' id='word_1_58' title='bbox 451 1002 594 1064; x_wconf 83' lang='grc' dir='ltr'>αὖτῳ·</span> <span class='ocrx_word' id='word_1_59' title='bbox 629 999 700 1045; x_wconf 77' lang='grc' dir='ltr'><strong>καὶ</strong></span> <span class='ocrx_word' id='word_1_60' title='bbox 725 1002 848 1044; x_wconf 70' lang='grc' dir='ltr'>τοῦτο</span> <span class='ocrx_word' id='word_1_61' title='bbox 873 1013 1059 1058; x_wconf 86' lang='grc' dir='ltr'>μαρτυρε</span> <span class='ocrx_word' id='word_1_62' title='bbox 1043 992 1178 1040; x_wconf 83' lang='grc' dir='ltr'>εῖσθαί</span> <span class='ocrx_word' id='word_1_63' title='bbox 1201 1012 1247 1039; x_wconf 91' lang='grc' dir='ltr'><strong>τε</strong></span> <span class='ocrx_word' id='word_1_64' title='bbox 1272 991 1352 1038; x_wconf 88' lang='grc' dir='ltr'>υπὸ</span> <span class='ocrx_word' id='word_1_65' title='bbox 1377 1010 1459 1037; x_wconf 86' lang='grc' dir='ltr'><strong>των</strong></span> <span class='ocrx_word' id='word_1_66' title='bbox 1486 1010 1567 1036; x_wconf 79' lang='grc' dir='ltr'><strong>πα-</strong></span> 
     </span>
    </p>

    <p class='ocr_par' dir='ltr' id='par_1_4' title="bbox 287 1061 1567 1776">
     <span class='ocr_line' id='line_1_10' title="bbox 293 1061 1567 1138; baseline -0.009 -19"><span class='ocrx_word' id='word_1_67' title='bbox 293 1073 447 1138; x_wconf 80' lang='grc' dir='ltr'>ρόντων</span> <span class='ocrx_word' id='word_1_68' title='bbox 478 1071 662 1124; x_wconf 79' lang='grc' dir='ltr'>ἐκείνων,</span> <span class='ocrx_word' id='word_1_69' title='bbox 687 1068 759 1115; x_wconf 83' lang='grc' dir='ltr'><strong>καὶ</strong></span> <span class='ocrx_word' id='word_1_70' title='bbox 794 1068 869 1123; x_wconf 72' lang='grc' dir='ltr'><strong>τὴν</strong></span> <span class='ocrx_word' id='word_1_71' title='bbox 905 1063 1195 1127; x_wconf 80' lang='grc' dir='ltr'>ἀγανάκτησιν</span> <span class='ocrx_word' id='word_1_72' title='bbox 1231 1065 1418 1115; x_wconf 75' lang='grc' dir='ltr'>πιθανῶς</span> <span class='ocrx_word' id='word_1_73' title='bbox 1456 1061 1567 1107; x_wconf 82' lang='grc' dir='ltr'>πάνυ</span> 
     </span>
     <span class='ocr_line' id='line_1_11' title="bbox 292 1131 1566 1206; baseline -0.01 -15"><span class='ocrx_word' id='word_1_74' title='bbox 292 1143 509 1206; x_wconf 84' lang='grc' dir='ltr'>γενέσθαι·</span> <span class='ocrx_word' id='word_1_75' title='bbox 533 1142 604 1188; x_wconf 79' lang='grc' dir='ltr'><strong>τὸν</strong></span> <span class='ocrx_word' id='word_1_76' title='bbox 628 1140 671 1186; x_wconf 82' lang='grc' dir='ltr'><strong>δὲ</strong></span> <span class='ocrx_word' id='word_1_77' title='bbox 701 1138 884 1187; x_wconf 83' lang='grc' dir='ltr'>ψιντίαν</span> <span class='ocrx_word' id='word_1_78' title='bbox 910 1137 1111 1197; x_wconf 82' lang='grc' dir='ltr'>θαυμάζε</span> <span class='ocrx_word' id='word_1_79' title='bbox 1107 1155 1139 1182; x_wconf 82' lang='grc' dir='ltr'><strong>,ν</strong></span> <span class='ocrx_word' id='word_1_80' title='bbox 1160 1134 1232 1181; x_wconf 86' lang='grc' dir='ltr'><strong>τὸν</strong></span> <span class='ocrx_word' id='word_1_81' title='bbox 1267 1133 1418 1195; x_wconf 72' lang='grc' dir='ltr'>λόγον·</span> <span class='ocrx_word' id='word_1_82' title='bbox 1442 1135 1498 1184; x_wconf 76' lang='grc' dir='ltr'><strong>ὡς</strong></span> <span class='ocrx_word' id='word_1_83' title='bbox 1523 1131 1566 1179; x_wconf 85' lang='grc' dir='ltr'><strong>δὲ</strong></span> 
     </span>
     <span class='ocr_line' id='line_1_12' title="bbox 293 1204 1566 1297; baseline -0.011 -35"><span class='ocrx_word' id='word_1_84' title='bbox 293 1216 415 1268; x_wconf 82' lang='grc' dir='ltr'>αὐτὸς</span> <span class='ocrx_word' id='word_1_85' title='bbox 435 1213 661 1297; x_wconf 75' lang='grc' dir='ltr'>διαρρῆδτν</span> <span class='ocrx_word' id='word_1_86' title='bbox 687 1216 817 1266; x_wconf 83' lang='grc' dir='ltr'>εἰπεν,</span> <span class='ocrx_word' id='word_1_87' title='bbox 842 1209 905 1256; x_wconf 80' lang='grc' dir='ltr'><strong>ὅτι</strong></span> <span class='ocrx_word' id='word_1_88' title='bbox 927 1207 968 1262; x_wconf 82' lang='grc' dir='ltr'><strong>ἐξ</strong></span> <span class='ocrx_word' id='word_1_89' title='bbox 973 1208 1155 1263; x_wconf 68' lang='grc' dir='ltr'>ν’τασται</span> <span class='ocrx_word' id='word_1_90' title='bbox 1191 1211 1328 1252; x_wconf 82' lang='grc' dir='ltr'>ταῦτα</span> <span class='ocrx_word' id='word_1_91' title='bbox 1353 1204 1538 1269; x_wconf 66' lang='grc' dir='ltr'>ἅκριοῧς</span> <span class='ocrx_word' id='word_1_92' title='bbox 1554 1240 1566 1262; x_wconf 86' lang='grc'><em>,</em></span> 
     </span>
     <span class='ocr_line' id='line_1_13' title="bbox 293 1274 1567 1338; baseline -0.008 -5"><span class='ocrx_word' id='word_1_93' title='bbox 293 1287 366 1333; x_wconf 80' lang='grc' dir='ltr'><strong>καὶ</strong></span> <span class='ocrx_word' id='word_1_94' title='bbox 397 1287 456 1332; x_wconf 77' lang='grc' dir='ltr'>δεῖ</span> <span class='ocrx_word' id='word_1_95' title='bbox 481 1284 607 1331; x_wconf 79' lang='grc' dir='ltr'>αυτὸν</span> <span class='ocrx_word' id='word_1_96' title='bbox 633 1281 932 1338; x_wconf 86' lang='grc' dir='ltr'>ἀποθνησκειν,</span> <span class='ocrx_word' id='word_1_97' title='bbox 957 1281 1062 1325; x_wconf 84' lang='grc' dir='ltr'>εἷπει</span> <span class='ocrx_word' id='word_1_98' title='bbox 1066 1298 1087 1322; x_wconf 88' lang='grc' dir='ltr'><strong>ν</strong></span> <span class='ocrx_word' id='word_1_99' title='bbox 1113 1277 1185 1325; x_wconf 82' lang='grc' dir='ltr'><strong>τὸν</strong></span> <span class='ocrx_word' id='word_1_100' title='bbox 1210 1276 1411 1334; x_wconf 57' lang='lat' dir='ltr'><strong>&lt;Invi-tw,</strong></span> <span class='ocrx_word' id='word_1_101' title='bbox 1442 1274 1506 1322; x_wconf 76' lang='grc' dir='ltr'><strong>ὅτι</strong></span> <span class='ocrx_word' id='word_1_102' title='bbox 1531 1278 1567 1323; x_wconf 81' lang='grc' dir='ltr'>εἰ</span> 
     </span>
     <span class='ocr_line' id='line_1_14' title="bbox 292 1349 1561 1419; baseline -0.008 -15"><span class='ocrx_word' id='word_1_103' title='bbox 292 1358 420 1408; x_wconf 73' lang='grc' dir='ltr'>οὕτως</span> <span class='ocrx_word' id='word_1_104' title='bbox 438 1359 551 1419; x_wconf 73' lang='grc' dir='ltr'>αὐτῷ</span> <span class='ocrx_word' id='word_1_105' title='bbox 573 1354 762 1401; x_wconf 76' lang='grc' dir='ltr'>δέδοκται</span> <span class='ocrx_word' id='word_1_106' title='bbox 783 1372 916 1400; x_wconf 87' lang='grc' dir='ltr'>ταυτα</span> <span class='ocrx_word' id='word_1_107' title='bbox 936 1350 1156 1414; x_wconf 81' lang='grc' dir='ltr'>γενέσθαι,</span> <span class='ocrx_word' id='word_1_108' title='bbox 1176 1349 1224 1403; x_wconf 68' lang='lat' dir='ltr'><strong>oi}</strong></span> <span class='ocrx_word' id='word_1_109' title='bbox 1231 1349 1354 1395; x_wconf 66' lang='grc' dir='ltr'>ιιίιηα</span> <span class='ocrx_word' id='word_1_110' title='bbox 1376 1368 1422 1411; x_wconf 89' lang='grc' dir='ltr'>γε</span> <span class='ocrx_word' id='word_1_111' title='bbox 1443 1350 1561 1395; x_wconf 78' lang='grc' dir='ltr'>αὐτῶ</span> 
     </span>
     <span class='ocr_line' id='line_1_15' title="bbox 294 1422 1566 1488; baseline -0.006 -13"><span class='ocrx_word' id='word_1_112' title='bbox 294 1431 462 1485; x_wconf 61' lang='grc' dir='ltr'>δοθῆναι</span> <span class='ocrx_word' id='word_1_113' title='bbox 500 1428 546 1473; x_wconf 82' lang='grc' dir='ltr'><strong>τὸ</strong></span> <span class='ocrx_word' id='word_1_114' title='bbox 581 1427 722 1473; x_wconf 76' lang='grc' dir='ltr'>λοιπὸν</span> <span class='ocrx_word' id='word_1_115' title='bbox 751 1429 825 1481; x_wconf 66' lang='grc' dir='ltr'><strong>τῆς</strong></span> <span class='ocrx_word' id='word_1_116' title='bbox 857 1425 1046 1488; x_wconf 70' lang='grc' dir='ltr'>ἡμέρας,</span> <span class='ocrx_word' id='word_1_117' title='bbox 1076 1422 1188 1474; x_wconf 79' lang='grc' dir='ltr'>ὅπως</span> <span class='ocrx_word' id='word_1_118' title='bbox 1231 1422 1566 1481; x_wconf 76' lang='grc' dir='ltr'>οἷκονομῆσηται</span> 
     </span>
     <span class='ocr_line' id='line_1_16' title="bbox 292 1491 1564 1553; baseline -0.006 -9"><span class='ocrx_word' id='word_1_119' title='bbox 292 1500 342 1544; x_wconf 73' lang='grc' dir='ltr'><strong>τοί</strong></span> <span class='ocrx_word' id='word_1_120' title='bbox 363 1518 405 1544; x_wconf 84' lang='grc' dir='ltr'><strong>τε</strong></span> <span class='ocrx_word' id='word_1_121' title='bbox 430 1501 523 1543; x_wconf 79' lang='grc' dir='ltr'>καθ’</span> <span class='ocrx_word' id='word_1_122' title='bbox 550 1497 696 1543; x_wconf 83' lang='grc' dir='ltr'>ἑαυτὸν</span> <span class='ocrx_word' id='word_1_123' title='bbox 718 1496 790 1542; x_wconf 74' lang='grc' dir='ltr'><strong>καὶ</strong></span> <span class='ocrx_word' id='word_1_124' title='bbox 815 1495 867 1541; x_wconf 79' lang='grc' dir='ltr'><strong>τὰ</strong></span> <span class='ocrx_word' id='word_1_125' title='bbox 900 1494 1011 1541; x_wconf 82' lang='grc' dir='ltr'>κατὰ</span> <span class='ocrx_word' id='word_1_126' title='bbox 1032 1494 1101 1540; x_wconf 84' lang='grc' dir='ltr'><strong>τὸν</strong></span> <span class='ocrx_word' id='word_1_127' title='bbox 1127 1492 1318 1553; x_wconf 77' lang='grc' dir='ltr'>Δάμωνα</span> <span class='ocrx_word' id='word_1_128' title='bbox 1335 1511 1345 1521; x_wconf 92' lang='grc'>·</span> <span class='ocrx_word' id='word_1_129' title='bbox 1381 1491 1564 1547; x_wconf 81' lang='grc' dir='ltr'>συνέζων</span> 
     </span>
     <span class='ocr_line' id='line_1_17' title="bbox 289 1561 1566 1633; baseline -0.005 -18"><span class='ocrx_word' id='word_1_130' title='bbox 289 1570 370 1633; x_wconf 83' lang='grc' dir='ltr'>γὰρ</span> <span class='ocrx_word' id='word_1_131' title='bbox 397 1572 432 1615; x_wconf 81' lang='grc' dir='ltr'><strong>οἱ</strong></span> <span class='ocrx_word' id='word_1_132' title='bbox 464 1569 607 1632; x_wconf 76' lang='grc' dir='ltr'>ἄνδρες</span> <span class='ocrx_word' id='word_1_133' title='bbox 631 1587 743 1614; x_wconf 84' lang='grc' dir='ltr'>ουτοι</span> <span class='ocrx_word' id='word_1_134' title='bbox 767 1566 837 1613; x_wconf 78' lang='grc' dir='ltr'><strong>καὶ</strong></span> <span class='ocrx_word' id='word_1_135' title='bbox 863 1564 1105 1613; x_wconf 82' lang='grc' dir='ltr'>ἐκοινώνουν</span> <span class='ocrx_word' id='word_1_136' title='bbox 1131 1562 1352 1610; x_wconf 81' lang='grc' dir='ltr'>ἁπάντων·</span> <span class='ocrx_word' id='word_1_137' title='bbox 1374 1561 1566 1627; x_wconf 67' lang='grc' dir='ltr'>πρεσὸύ-</span> 
     </span>
     <span class='ocr_line' id='line_1_18' title="bbox 290 1634 1564 1705; baseline -0.005 -19"><span class='ocrx_word' id='word_1_138' title='bbox 290 1660 405 1705; x_wconf 83' lang='grc' dir='ltr'>τερος</span> <span class='ocrx_word' id='word_1_139' title='bbox 425 1640 467 1686; x_wconf 80' lang='grc' dir='ltr'><strong>δὲ</strong></span> <span class='ocrx_word' id='word_1_140' title='bbox 492 1638 548 1686; x_wconf 83' lang='grc' dir='ltr'><strong>ὢν</strong></span> <span class='ocrx_word' id='word_1_141' title='bbox 577 1643 597 1686; x_wconf 84' lang='grc' dir='ltr'>ὁ</span> <span class='ocrx_word' id='word_1_142' title='bbox 622 1639 800 1692; x_wconf 85' lang='grc' dir='ltr'>ψιντίας</span> <span class='ocrx_word' id='word_1_143' title='bbox 816 1677 828 1700; x_wconf 80' lang='lat'>‚</span> <span class='ocrx_word' id='word_1_144' title='bbox 854 1638 906 1684; x_wconf 85' lang='grc' dir='ltr'><strong>τὰ</strong></span> <span class='ocrx_word' id='word_1_145' title='bbox 926 1636 1067 1685; x_wconf 82' lang='grc' dir='ltr'>πολλὰ</span> <span class='ocrx_word' id='word_1_146' title='bbox 1091 1640 1174 1683; x_wconf 80' lang='grc' dir='ltr'><strong>τῶν</strong></span> <span class='ocrx_word' id='word_1_147' title='bbox 1201 1655 1298 1700; x_wconf 89' lang='grc' dir='ltr'>περι</span> <span class='ocrx_word' id='word_1_148' title='bbox 1320 1634 1564 1698; x_wconf 79' lang='grc' dir='ltr'>οἰκονομίαν</span> 
     </span>
     <span class='ocr_line' id='line_1_19' title="bbox 287 1707 1564 1776; baseline -0.004 -17"><span class='ocrx_word' id='word_1_149' title='bbox 287 1718 338 1770; x_wconf 77' lang='grc' dir='ltr'><strong>ἦν</strong></span> <span class='ocrx_word' id='word_1_150' title='bbox 363 1715 419 1766; x_wconf 87' lang='grc' dir='ltr'><strong>εἷς</strong></span> <span class='ocrx_word' id='word_1_151' title='bbox 438 1712 561 1758; x_wconf 75' lang='grc' dir='ltr'>αὑτὸν</span> <span class='ocrx_word' id='word_1_152' title='bbox 591 1711 854 1776; x_wconf 66' lang='grc' dir='ltr'>ἀνειληφώς·</span> <span class='ocrx_word' id='word_1_153' title='bbox 865 1709 1042 1768; x_wconf 83' lang='grc' dir='ltr'>ἠξίωσεν</span> <span class='ocrx_word' id='word_1_154' title='bbox 1064 1729 1134 1756; x_wconf 91' lang='grc' dir='ltr'><strong>ουν</strong></span> <span class='ocrx_word' id='word_1_155' title='bbox 1157 1707 1229 1756; x_wconf 80' lang='grc' dir='ltr'><strong>ἐπι</strong></span> <span class='ocrx_word' id='word_1_156' title='bbox 1252 1713 1387 1755; x_wconf 71' lang='grc' dir='ltr'>ταῦτα</span> <span class='ocrx_word' id='word_1_157' title='bbox 1409 1711 1564 1771; x_wconf 71' lang='grc' dir='ltr'>ἀφεθῆ-</span> 
     </span>
    </p>

    <p class='ocr_par' dir='ltr' id='par_1_5' title="bbox 288 1777 1564 2207">
     <span class='ocr_line' id='line_1_20' title="bbox 289 1777 1562 1847; baseline -0.002 -17"><span class='ocrx_word' id='word_1_158' title='bbox 289 1803 379 1840; x_wconf 87' lang='grc' dir='ltr'>ναι,</span> <span class='ocrx_word' id='word_1_159' title='bbox 416 1783 622 1847; x_wconf 82' lang='grc' dir='ltr'>εγγυητὴν</span> <span class='ocrx_word' id='word_1_160' title='bbox 657 1783 930 1840; x_wconf 74' lang='grc' dir='ltr'>καταστήσας</span> <span class='ocrx_word' id='word_1_161' title='bbox 963 1781 1032 1829; x_wconf 82' lang='grc' dir='ltr'><strong>τὸν</strong></span> <span class='ocrx_word' id='word_1_162' title='bbox 1076 1781 1286 1843; x_wconf 82' lang='grc' dir='ltr'>Δαμωνα.</span> <span class='ocrx_word' id='word_1_163' title='bbox 1330 1777 1450 1845; x_wconf 68' lang='grc' dir='ltr'><strong>’Ἔφη</strong></span> <span class='ocrx_word' id='word_1_164' title='bbox 1491 1784 1562 1828; x_wconf 83' lang='grc' dir='ltr'><strong>οὖν</strong></span> 
     </span>
     <span class='ocr_line' id='line_1_21' title="bbox 288 1852 1562 1918; baseline -0.001 -17"><span class='ocrx_word' id='word_1_165' title='bbox 288 1860 310 1901; x_wconf 80' lang='grc' dir='ltr'><strong>ὁ</strong></span> <span class='ocrx_word' id='word_1_166' title='bbox 354 1857 566 1909; x_wconf 80' lang='grc' dir='ltr'>Διονύσιος</span> <span class='ocrx_word' id='word_1_167' title='bbox 602 1855 822 1917; x_wconf 81' lang='grc' dir='ltr'>θαυμάσαι</span> <span class='ocrx_word' id='word_1_168' title='bbox 869 1873 914 1901; x_wconf 91' lang='grc' dir='ltr'><strong>τε</strong></span> <span class='ocrx_word' id='word_1_169' title='bbox 958 1853 1034 1901; x_wconf 82' lang='grc' dir='ltr'><strong>καὶ</strong></span> <span class='ocrx_word' id='word_1_170' title='bbox 1073 1855 1288 1918; x_wconf 67' lang='grc' dir='ltr'>ἐρωτῆσαι</span> <span class='ocrx_word' id='word_1_171' title='bbox 1314 1890 1325 1911; x_wconf 89' lang='grc'><strong>,</strong></span> <span class='ocrx_word' id='word_1_172' title='bbox 1368 1855 1405 1900; x_wconf 84' lang='grc' dir='ltr'>εἰ</span> <span class='ocrx_word' id='word_1_173' title='bbox 1448 1852 1562 1901; x_wconf 83' lang='grc' dir='ltr'>ἔστιν</span> 
     </span>
     <span class='ocr_line' id='line_1_22' title="bbox 288 1919 1564 1992; baseline -0.001 -19"><span class='ocrx_word' id='word_1_174' title='bbox 288 1932 310 1973; x_wconf 79' lang='grc' dir='ltr'>ὁ</span> <span class='ocrx_word' id='word_1_175' title='bbox 343 1928 558 1992; x_wconf 70' lang='grc' dir='ltr'>ἄνθριιιπος</span> <span class='ocrx_word' id='word_1_176' title='bbox 592 1920 741 1984; x_wconf 60' lang='grc' dir='ltr'>οὗτος,</span> <span class='ocrx_word' id='word_1_177' title='bbox 773 1927 887 1981; x_wconf 76' lang='grc' dir='ltr'>ὅστις</span> <span class='ocrx_word' id='word_1_178' title='bbox 916 1927 1119 1989; x_wconf 78' lang='grc' dir='ltr'>ὑπομενεῖ</span> <span class='ocrx_word' id='word_1_179' title='bbox 1152 1919 1333 1973; x_wconf 78' lang='grc' dir='ltr'>θανάτου</span> <span class='ocrx_word' id='word_1_180' title='bbox 1367 1926 1564 1989; x_wconf 80' lang='grc' dir='ltr'>γενέσθαι</span> 
     </span>
     <span class='ocr_line' id='line_1_23' title="bbox 290 1996 1564 2062; baseline -0.002 -17"><span class='ocrx_word' id='word_1_181' title='bbox 290 1999 506 2062; x_wconf 77' lang='grc' dir='ltr'>ἐγγυητής.</span> <span class='ocrx_word' id='word_1_182' title='bbox 549 1999 775 2057; x_wconf 75' lang='grc' dir='ltr'>Φήσαντος</span> <span class='ocrx_word' id='word_1_183' title='bbox 809 1999 853 2046; x_wconf 77' lang='grc' dir='ltr'><strong>δὲ</strong></span> <span class='ocrx_word' id='word_1_184' title='bbox 893 2003 966 2046; x_wconf 80' lang='grc' dir='ltr'><strong>τοῦ</strong></span> <span class='ocrx_word' id='word_1_185' title='bbox 1005 1997 1216 2059; x_wconf 85' lang='grc' dir='ltr'>Φιντίου,</span> <span class='ocrx_word' id='word_1_186' title='bbox 1256 1996 1564 2062; x_wconf 79' lang='grc' dir='ltr'>μετάπεμπτον</span> 
     </span>
     <span class='ocr_line' id='line_1_24' title="bbox 289 2069 1564 2134; baseline 0 -17"><span class='ocrx_word' id='word_1_187' title='bbox 289 2072 557 2134; x_wconf 71' lang='grc' dir='ltr'>·[ενε’σθαιτὸν</span> <span class='ocrx_word' id='word_1_188' title='bbox 572 2072 775 2134; x_wconf 81' lang='grc' dir='ltr'>Δάμωνα,</span> <span class='ocrx_word' id='word_1_189' title='bbox 789 2073 861 2118; x_wconf 84' lang='grc' dir='ltr'><strong>καὶ</strong></span> <span class='ocrx_word' id='word_1_190' title='bbox 880 2070 1166 2118; x_wconf 75' lang='grc' dir='ltr'>διακούσαντα</span> <span class='ocrx_word' id='word_1_191' title='bbox 1185 2071 1239 2117; x_wconf 75' lang='grc' dir='ltr'><strong>τὰ</strong></span> <span class='ocrx_word' id='word_1_192' title='bbox 1255 2069 1564 2132; x_wconf 68' lang='grc' dir='ltr'>συμὸεὸηκότα</span> 
     </span>
     <span class='ocr_line' id='line_1_25' title="bbox 289 2142 1564 2207; baseline -0.001 -17"><span class='ocrx_word' id='word_1_193' title='bbox 289 2142 460 2206; x_wconf 78' lang='grc' dir='ltr'>φάσκειν</span> <span class='ocrx_word' id='word_1_194' title='bbox 479 2143 764 2207; x_wconf 76' lang='grc' dir='ltr'>ἐγγυήσασθαί</span> <span class='ocrx_word' id='word_1_195' title='bbox 782 2164 825 2191; x_wconf 87' lang='grc' dir='ltr'><strong>τε</strong></span> <span class='ocrx_word' id='word_1_196' title='bbox 849 2143 922 2191; x_wconf 81' lang='grc' dir='ltr'><strong>καὶ</strong></span> <span class='ocrx_word' id='word_1_197' title='bbox 943 2143 1082 2204; x_wconf 70' lang='grc' dir='ltr'>μενεῖν</span> <span class='ocrx_word' id='word_1_198' title='bbox 1107 2146 1259 2202; x_wconf 75' lang='grc' dir='ltr'>αὐτοῦ,</span> <span class='ocrx_word' id='word_1_199' title='bbox 1280 2142 1357 2197; x_wconf 75' lang='grc' dir='ltr'><strong>ἕως</strong></span> <span class='ocrx_word' id='word_1_200' title='bbox 1375 2143 1425 2190; x_wconf 80' lang='grc' dir='ltr'><strong>ἂν</strong></span> <span class='ocrx_word' id='word_1_201' title='bbox 1439 2145 1564 2190; x_wconf 81' lang='grc' dir='ltr'>ἐπαν-</span> 
     </span>
    </p>

    <p class='ocr_par' dir='ltr' id='par_1_6' title="bbox 287 2208 1567 2425">
     <span class='ocr_line' id='line_1_26' title="bbox 289 2208 1567 2278; baseline 0.001 -18"><span class='ocrx_word' id='word_1_202' title='bbox 289 2214 385 2278; x_wconf 82' lang='grc' dir='ltr'>έλθῃ</span> <span class='ocrx_word' id='word_1_203' title='bbox 405 2215 635 2269; x_wconf 78' lang='grc' dir='ltr'>ὁΦιντίας·</span> <span class='ocrx_word' id='word_1_204' title='bbox 659 2215 782 2270; x_wconf 80' lang='grc' dir='ltr'>αὐτὸς</span> <span class='ocrx_word' id='word_1_205' title='bbox 807 2215 881 2277; x_wconf 81' lang='grc' dir='ltr'><strong>μὲν</strong></span> <span class='ocrx_word' id='word_1_206' title='bbox 906 2208 976 2262; x_wconf 60' lang='grc' dir='ltr'><strong>οὖν</strong></span> <span class='ocrx_word' id='word_1_207' title='bbox 997 2214 1067 2262; x_wconf 77' lang='grc' dir='ltr'>ἐπὶ</span> <span class='ocrx_word' id='word_1_208' title='bbox 1089 2214 1251 2269; x_wconf 85' lang='grc' dir='ltr'>τούτοις</span> <span class='ocrx_word' id='word_1_209' title='bbox 1265 2214 1384 2269; x_wconf 77' lang='grc' dir='ltr'>εὐθὺς</span> <span class='ocrx_word' id='word_1_210' title='bbox 1409 2217 1567 2262; x_wconf 81' lang='grc' dir='ltr'>ἐκπλα-</span> 
     </span>
     <span class='ocr_line' id='line_1_27' title="bbox 287 2286 1563 2353; baseline 0.002 -23"><span class='ocrx_word' id='word_1_211' title='bbox 287 2290 411 2348; x_wconf 81' lang='grc' dir='ltr'>γῆναι</span> <span class='ocrx_word' id='word_1_212' title='bbox 428 2286 505 2350; x_wconf 69' lang='grc' dir='ltr'><strong>ἔφη</strong></span> <span class='ocrx_word' id='word_1_213' title='bbox 522 2306 531 2316; x_wconf 95' lang='grc'>·</span> <span class='ocrx_word' id='word_1_214' title='bbox 551 2287 732 2342; x_wconf 81' lang='grc' dir='ltr'>ἐκείνους</span> <span class='ocrx_word' id='word_1_215' title='bbox 756 2290 798 2335; x_wconf 85' lang='grc' dir='ltr'><strong>δὲ</strong></span> <span class='ocrx_word' id='word_1_216' title='bbox 823 2288 918 2342; x_wconf 70' lang='grc' dir='ltr'>τοὺς</span> <span class='ocrx_word' id='word_1_217' title='bbox 939 2287 978 2342; x_wconf 81' lang='grc' dir='ltr'><strong>ἐξ</strong></span> <span class='ocrx_word' id='word_1_218' title='bbox 1001 2291 1138 2353; x_wconf 78' lang='grc' dir='ltr'>ἄρχ’ἧς</span> <span class='ocrx_word' id='word_1_219' title='bbox 1155 2287 1462 2351; x_wconf 75' lang='grc' dir='ltr'>εἰσαγαγόντας</span> <span class='ocrx_word' id='word_1_220' title='bbox 1486 2286 1563 2345; x_wconf 80' lang='grc' dir='ltr'><strong>τὴν</strong></span> 
     </span>
     <span class='ocr_line' id='line_1_28' title="bbox 289 2358 1564 2425; baseline 0.003 -21"><span class='ocrx_word' id='word_1_221' title='bbox 289 2358 521 2423; x_wconf 83' lang='grc' dir='ltr'>διάπειραν,</span> <span class='ocrx_word' id='word_1_222' title='bbox 540 2358 611 2407; x_wconf 83' lang='grc' dir='ltr'><strong>τὸν</strong></span> <span class='ocrx_word' id='word_1_223' title='bbox 631 2359 819 2422; x_wconf 81' lang='grc' dir='ltr'>Δάμωνα</span> <span class='ocrx_word' id='word_1_224' title='bbox 840 2359 1080 2425; x_wconf 78' lang='grc' dir='ltr'>χλευάζειν,</span> <span class='ocrx_word' id='word_1_225' title='bbox 1103 2363 1160 2414; x_wconf 81' lang='grc' dir='ltr'><strong>ὣς</strong></span> <span class='ocrx_word' id='word_1_226' title='bbox 1173 2361 1564 2425; x_wconf 73' lang='grc' dir='ltr'>ἐγκαταλειφθησό-</span> 
     </span>
    </p>

    <p class='ocr_par' dir='ltr' id='par_1_7' title="bbox 293 2432 1565 2499">
     <span class='ocr_line' id='line_1_29' title="bbox 293 2432 1565 2499; baseline 0.002 -22"><span class='ocrx_word' id='word_1_227' title='bbox 293 2449 429 2490; x_wconf 84' lang='grc' dir='ltr'>μενον,</span> <span class='ocrx_word' id='word_1_228' title='bbox 470 2451 542 2478; x_wconf 89' lang='grc' dir='ltr'><strong>και</strong></span> <span class='ocrx_word' id='word_1_229' title='bbox 582 2432 852 2487; x_wconf 81' lang='grc' dir='ltr'>σκώπτοντας</span> <span class='ocrx_word' id='word_1_230' title='bbox 885 2433 1039 2499; x_wconf 70' lang='grc' dir='ltr'>ἔλαφον</span> <span class='ocrx_word' id='word_1_231' title='bbox 1081 2433 1365 2481; x_wconf 84' lang='grc' dir='ltr'>ἀντιδίδοσθαι</span> <span class='ocrx_word' id='word_1_232' title='bbox 1404 2432 1565 2496; x_wconf 84' lang='grc' dir='ltr'>λέγειν·</span> 
     </span>
    </p>

    <p class='ocr_par' dir='ltr' id='par_1_8' title="bbox 287 2500 1566 2717">
     <span class='ocr_line' id='line_1_30' title="bbox 287 2500 1565 2582; baseline 0.005 -35"><span class='ocrx_word' id='word_1_233' title='bbox 287 2502 398 2556; x_wconf 81' lang='grc' dir='ltr'>ὄντος</span> <span class='ocrx_word' id='word_1_234' title='bbox 436 2503 478 2550; x_wconf 78' lang='grc' dir='ltr'><strong>δὲ</strong></span> <span class='ocrx_word' id='word_1_235' title='bbox 513 2500 582 2551; x_wconf 69' lang='grc' dir='ltr'><strong>οὖν</strong></span> <span class='ocrx_word' id='word_1_236' title='bbox 616 2505 696 2563; x_wconf 83' lang='grc' dir='ltr'><strong>ἤδη</strong></span> <span class='ocrx_word' id='word_1_237' title='bbox 727 2511 799 2553; x_wconf 76' lang='grc' dir='ltr'><strong>τοῦ</strong></span> <span class='ocrx_word' id='word_1_238' title='bbox 834 2505 956 2563; x_wconf 78' lang='grc' dir='ltr'>ἡλίου</span> <span class='ocrx_word' id='word_1_239' title='bbox 981 2526 1083 2582; x_wconf 89' lang='grc' dir='ltr'>περι</span> <span class='ocrx_word' id='word_1_240' title='bbox 1117 2504 1325 2568; x_wconf 83' lang='grc' dir='ltr'>δυσμὰς,</span> <span class='ocrx_word' id='word_1_241' title='bbox 1341 2505 1460 2562; x_wconf 72' lang='grc' dir='ltr'>ἥκειν</span> <span class='ocrx_word' id='word_1_242' title='bbox 1494 2525 1565 2553; x_wconf 90' lang='grc' dir='ltr'><strong>τον</strong></span> 
     </span>
     <span class='ocr_line' id='line_1_31' title="bbox 288 2576 1564 2645; baseline 0.002 -22"><span class='ocrx_word' id='word_1_243' title='bbox 288 2576 470 2623; x_wconf 77' lang='grc' dir='ltr'>Φιντίαν</span> <span class='ocrx_word' id='word_1_244' title='bbox 498 2578 858 2640; x_wconf 81' lang='grc' dir='ltr'>ἀποθανούμενον·</span> <span class='ocrx_word' id='word_1_245' title='bbox 887 2581 951 2641; x_wconf 76' lang='grc' dir='ltr'><strong>ἐρ’</strong></span> <span class='ocrx_word' id='word_1_246' title='bbox 976 2583 1011 2645; x_wconf 84' lang='grc' dir='ltr'>ᾡ</span> <span class='ocrx_word' id='word_1_247' title='bbox 1035 2578 1197 2634; x_wconf 84' lang='grc' dir='ltr'>πάντας</span> <span class='ocrx_word' id='word_1_248' title='bbox 1224 2578 1492 2643; x_wconf 80' lang='grc' dir='ltr'>ἕκπλαγηναί</span> <span class='ocrx_word' id='word_1_249' title='bbox 1519 2599 1564 2626; x_wconf 89' lang='grc' dir='ltr'><strong>τε</strong></span> 
     </span>
     <span class='ocr_line' id='line_1_32' title="bbox 292 2647 1566 2717; baseline 0.005 -25"><span class='ocrx_word' id='word_1_250' title='bbox 292 2647 364 2693; x_wconf 81' lang='grc' dir='ltr'><strong>καὶ</strong></span> <span class='ocrx_word' id='word_1_251' title='bbox 387 2649 663 2706; x_wconf 75' lang='grc' dir='ltr'>δου)ιι)θῆναι·</span> <span class='ocrx_word' id='word_1_252' title='bbox 689 2651 813 2705; x_wconf 81' lang='grc' dir='ltr'>αὐτὸς</span> <span class='ocrx_word' id='word_1_253' title='bbox 835 2650 878 2698; x_wconf 78' lang='grc' dir='ltr'><strong>δὲ</strong></span> <span class='ocrx_word' id='word_1_254' title='bbox 903 2655 974 2698; x_wconf 83' lang='grc' dir='ltr'><strong>οὖν</strong></span> <span class='ocrx_word' id='word_1_255' title='bbox 1001 2651 1103 2717; x_wconf 76' lang='grc' dir='ltr'>ἔφη,</span> <span class='ocrx_word' id='word_1_256' title='bbox 1139 2651 1393 2717; x_wconf 76' lang='grc' dir='ltr'>περιὸαλών</span> <span class='ocrx_word' id='word_1_257' title='bbox 1422 2671 1467 2698; x_wconf 90' lang='grc' dir='ltr'><strong>τε</strong></span> <span class='ocrx_word' id='word_1_258' title='bbox 1493 2651 1566 2698; x_wconf 77' lang='grc' dir='ltr'><strong>καὶ</strong></span> 
     </span>
    </p>
   </div>
   <div class='ocr_carea' id='block_1_3' title="bbox 256 2785 1570 4314">
    <p class='ocr_par' dir='ltr' id='par_1_9' title="bbox 256 2785 1570 3933">
     <span class='ocr_line' id='line_1_33' title="bbox 291 2785 1567 2841; baseline 0.006 -19"><span class='ocrx_word' id='word_1_259' title='bbox 291 2785 422 2833; x_wconf 78' lang='lat' dir='ltr'><strong>tione,</strong></span> <span class='ocrx_word' id='word_1_260' title='bbox 454 2788 601 2827; x_wconf 78' lang='lat' dir='ltr'><strong>cavillis</strong></span> <span class='ocrx_word' id='word_1_261' title='bbox 634 2800 700 2828; x_wconf 79' lang='lat' dir='ltr'><strong>eos</strong></span> <span class='ocrx_word' id='word_1_262' title='bbox 737 2791 945 2841; x_wconf 86' lang='lat' dir='ltr'><strong>sannisque</strong></span> <span class='ocrx_word' id='word_1_263' title='bbox 980 2791 1265 2841; x_wconf 87' lang='lat' dir='ltr'><strong>traducebant;</strong></span> <span class='ocrx_word' id='word_1_264' title='bbox 1302 2790 1567 2841; x_wconf 79' lang='lat' dir='ltr'><strong>jactabundos</strong></span> 
     </span>
     <span class='ocr_line' id='line_1_34' title="bbox 288 2849 1568 2906; baseline 0.008 -21"><span class='ocrx_word' id='word_1_265' title='bbox 288 2849 437 2899; x_wconf 79' lang='lat' dir='ltr'><strong>quippe</strong></span> <span class='ocrx_word' id='word_1_266' title='bbox 463 2852 758 2902; x_wconf 83' lang='lat' dir='ltr'><strong>appellitabant‚</strong></span> <span class='ocrx_word' id='word_1_267' title='bbox 794 2858 832 2894; x_wconf 90' lang='lat' dir='ltr'><strong>et</strong></span> <span class='ocrx_word' id='word_1_268' title='bbox 866 2856 1097 2905; x_wconf 86' lang='lat' dir='ltr'><strong>gravitatem</strong></span> <span class='ocrx_word' id='word_1_269' title='bbox 1128 2856 1235 2896; x_wconf 87' lang='lat' dir='ltr'><strong>illam</strong></span> <span class='ocrx_word' id='word_1_270' title='bbox 1262 2857 1568 2906; x_wconf 83' lang='lat' dir='ltr'><strong>simulatamque</strong></span> 
     </span>
     <span class='ocr_line' id='line_1_35' title="bbox 295 2911 1566 2967; baseline 0.006 -17"><span class='ocrx_word' id='word_1_271' title='bbox 295 2911 410 2951; x_wconf 80' lang='lat' dir='ltr'><strong>tidem</strong></span> <span class='ocrx_word' id='word_1_272' title='bbox 424 2915 462 2951; x_wconf 83' lang='lat' dir='ltr'><strong>et</strong></span> <span class='ocrx_word' id='word_1_273' title='bbox 474 2915 686 2954; x_wconf 70' lang='lat' dir='ltr'><strong>affectuum</strong></span> <span class='ocrx_word' id='word_1_274' title='bbox 699 2918 934 2957; x_wconf 73' lang='lat' dir='ltr'><strong>vacuitatem</strong></span> <span class='ocrx_word' id='word_1_275' title='bbox 954 2920 1065 2959; x_wconf 80' lang='lat' dir='ltr'><strong>facile</strong></span> <span class='ocrx_word' id='word_1_276' title='bbox 1080 2919 1218 2959; x_wconf 83' lang='lat' dir='ltr'><strong>elisum</strong></span> <span class='ocrx_word' id='word_1_277' title='bbox 1236 2919 1283 2958; x_wconf 85' lang='lat' dir='ltr'><strong>iri</strong></span> <span class='ocrx_word' id='word_1_278' title='bbox 1298 2919 1566 2967; x_wconf 80' lang='lat' dir='ltr'><strong>affirmabant,</strong></span> 
     </span>
     <span class='ocr_line' id='line_1_36' title="bbox 294 2975 1566 3032; baseline 0.006 -17"><span class='ocrx_word' id='word_1_279' title='bbox 294 2975 326 3015; x_wconf 85' lang='lat' dir='ltr'><strong>si</strong></span> <span class='ocrx_word' id='word_1_280' title='bbox 349 2978 437 3025; x_wconf 88' lang='lat' dir='ltr'><strong>quis</strong></span> <span class='ocrx_word' id='word_1_281' title='bbox 463 2978 550 3017; x_wconf 91' lang='lat' dir='ltr'><strong>illos</strong></span> <span class='ocrx_word' id='word_1_282' title='bbox 577 2979 614 3017; x_wconf 92' lang='lat' dir='ltr'><strong>in</strong></span> <span class='ocrx_word' id='word_1_283' title='bbox 634 2982 789 3030; x_wconf 84' lang='lat' dir='ltr'><strong>gravius</strong></span> <span class='ocrx_word' id='word_1_284' title='bbox 808 2984 1022 3032; x_wconf 85' lang='lat' dir='ltr'><strong>periculum</strong></span> <span class='ocrx_word' id='word_1_285' title='bbox 1059 2985 1275 3024; x_wconf 81' lang='lat' dir='ltr'><strong>induceret..</strong></span> <span class='ocrx_word' id='word_1_286' title='bbox 1320 2983 1415 3025; x_wconf 80' lang='lat' dir='ltr'><strong>Aliis</strong></span> <span class='ocrx_word' id='word_1_287' title='bbox 1433 2986 1566 3024; x_wconf 84' lang='lat' dir='ltr'><strong>autem</strong></span> 
     </span>
     <span class='ocr_line' id='line_1_37' title="bbox 292 3041 1567 3099; baseline 0.007 -20"><span class='ocrx_word' id='word_1_288' title='bbox 292 3041 672 3094; x_wconf 74' lang='lat' dir='ltr'><strong>contradicentibus,</strong></span> <span class='ocrx_word' id='word_1_289' title='bbox 697 3046 735 3084; x_wconf 91' lang='lat' dir='ltr'><strong>in</strong></span> <span class='ocrx_word' id='word_1_290' title='bbox 761 3050 888 3096; x_wconf 88' lang='lat' dir='ltr'><strong>partes</strong></span> <span class='ocrx_word' id='word_1_291' title='bbox 911 3049 1011 3088; x_wconf 90' lang='lat' dir='ltr'><strong>itum</strong></span> <span class='ocrx_word' id='word_1_292' title='bbox 1033 3052 1115 3099; x_wconf 82' lang='lat' dir='ltr'><strong>est,</strong></span> <span class='ocrx_word' id='word_1_293' title='bbox 1140 3061 1187 3089; x_wconf 89' lang='lat' dir='ltr'><strong>ac</strong></span> <span class='ocrx_word' id='word_1_294' title='bbox 1211 3051 1387 3090; x_wconf 80' lang='lat' dir='ltr'><strong>fervente</strong></span> <span class='ocrx_word' id='word_1_295' title='bbox 1406 3051 1567 3090; x_wconf 80' lang='lat' dir='ltr'><strong>conten-</strong></span> 
     </span>
     <span class='ocr_line' id='line_1_38' title="bbox 297 3101 1568 3164; baseline 0.009 -22"><span class='ocrx_word' id='word_1_296' title='bbox 297 3103 402 3143; x_wconf 83' lang='lat' dir='ltr'><strong>tione</strong></span> <span class='ocrx_word' id='word_1_297' title='bbox 416 3101 432 3154; x_wconf 74' lang='grc'><strong>,’</strong></span> <span class='ocrx_word' id='word_1_298' title='bbox 447 3106 587 3145; x_wconf 84' lang='lat' dir='ltr'><strong>techna</strong></span> <span class='ocrx_word' id='word_1_299' title='bbox 614 3107 652 3146; x_wconf 93' lang='lat' dir='ltr'><strong>in</strong></span> <span class='ocrx_word' id='word_1_300' title='bbox 670 3109 832 3150; x_wconf 73' lang='lat' dir='ltr'><strong>Phintias</strong></span> <span class='ocrx_word' id='word_1_301' title='bbox 859 3115 978 3161; x_wconf 84' lang='lat' dir='ltr'><strong>caput</strong></span> <span class='ocrx_word' id='word_1_302' title='bbox 1004 3116 1174 3161; x_wconf 86' lang='lat' dir='ltr'><strong>structa,</strong></span> <span class='ocrx_word' id='word_1_303' title='bbox 1200 3115 1487 3164; x_wconf 82' lang='lat' dir='ltr'><strong>accusatorque</strong></span> <span class='ocrx_word' id='word_1_304' title='bbox 1508 3116 1568 3153; x_wconf 62' lang='lat' dir='ltr'><strong>est</strong></span> 
     </span>
     <span class='ocr_line' id='line_1_39' title="bbox 296 3168 1569 3229; baseline 0.01 -23"><span class='ocrx_word' id='word_1_305' title='bbox 296 3168 553 3217; x_wconf 85' lang='lat' dir='ltr'><strong>subornatus,</strong></span> <span class='ocrx_word' id='word_1_306' title='bbox 587 3172 654 3221; x_wconf 88' lang='lat' dir='ltr'><strong>qui</strong></span> <span class='ocrx_word' id='word_1_307' title='bbox 689 3184 820 3213; x_wconf 89' lang='lat' dir='ltr'><strong>coram</strong></span> <span class='ocrx_word' id='word_1_308' title='bbox 851 3176 886 3222; x_wconf 72' lang='lat' dir='ltr'><strong>ci</strong></span> <span class='ocrx_word' id='word_1_309' title='bbox 920 3177 1128 3227; x_wconf 85' lang='lat' dir='ltr'><strong>objiceret,</strong></span> <span class='ocrx_word' id='word_1_310' title='bbox 1160 3179 1268 3229; x_wconf 87' lang='lat' dir='ltr'><strong>quod</strong></span> <span class='ocrx_word' id='word_1_311' title='bbox 1302 3178 1569 3229; x_wconf 84' lang='lat' dir='ltr'><strong>deprehensus</strong></span> 
     </span>
     <span class='ocr_line' id='line_1_40' title="bbox 297 3234 1566 3293; baseline 0.01 -24"><span class='ocrx_word' id='word_1_312' title='bbox 297 3234 396 3270; x_wconf 80' lang='lat' dir='ltr'><strong>esset</strong></span> <span class='ocrx_word' id='word_1_313' title='bbox 412 3243 501 3271; x_wconf 90' lang='lat' dir='ltr'><strong>cum</strong></span> <span class='ocrx_word' id='word_1_314' title='bbox 525 3234 757 3283; x_wconf 81' lang='lat' dir='ltr'><strong>quibusdam</strong></span> <span class='ocrx_word' id='word_1_315' title='bbox 782 3239 819 3276; x_wconf 94' lang='lat' dir='ltr'><strong>in</strong></span> <span class='ocrx_word' id='word_1_316' title='bbox 841 3239 1011 3290; x_wconf 85' lang='lat' dir='ltr'><strong>Dionysii</strong></span> <span class='ocrx_word' id='word_1_317' title='bbox 1042 3242 1160 3281; x_wconf 90' lang='lat' dir='ltr'><strong>vitam</strong></span> <span class='ocrx_word' id='word_1_318' title='bbox 1184 3243 1450 3292; x_wconf 88' lang='lat' dir='ltr'><strong>conspirasse;</strong></span> <span class='ocrx_word' id='word_1_319' title='bbox 1471 3253 1566 3293; x_wconf 85' lang='lat' dir='ltr'><strong>pro-</strong></span> 
     </span>
     <span class='ocr_line' id='line_1_41' title="bbox 296 3295 1568 3357; baseline 0.009 -23"><span class='ocrx_word' id='word_1_320' title='bbox 296 3295 616 3348; x_wconf 80' lang='lat' dir='ltr'><strong>ducebanturque</strong></span> <span class='ocrx_word' id='word_1_321' title='bbox 643 3303 759 3340; x_wconf 80' lang='lat' dir='ltr'><strong>testes</strong></span> <span class='ocrx_word' id='word_1_322' title='bbox 772 3331 782 3350; x_wconf 93' lang='lat'>,</span> <span class='ocrx_word' id='word_1_323' title='bbox 810 3306 926 3353; x_wconf 84' lang='lat' dir='ltr'><strong>atque</strong></span> <span class='ocrx_word' id='word_1_324' title='bbox 946 3306 1116 3344; x_wconf 81' lang='lat' dir='ltr'><strong>maxima</strong></span> <span class='ocrx_word' id='word_1_325' title='bbox 1136 3307 1422 3357; x_wconf 80' lang='lat' dir='ltr'><strong>probabilitatis</strong></span> <span class='ocrx_word' id='word_1_326' title='bbox 1439 3307 1568 3357; x_wconf 90' lang='lat' dir='ltr'><strong>specie</strong></span> 
     </span>
     <span class='ocr_line' id='line_1_42' title="bbox 296 3362 1566 3423; baseline 0.012 -25"><span class='ocrx_word' id='word_1_327' title='bbox 296 3362 455 3411; x_wconf 85' lang='lat' dir='ltr'><strong>querela</strong></span> <span class='ocrx_word' id='word_1_328' title='bbox 476 3363 719 3405; x_wconf 81' lang='lat' dir='ltr'><strong>induebatur.</strong></span> <span class='ocrx_word' id='word_1_329' title='bbox 774 3370 919 3418; x_wconf 77' lang='lat' dir='ltr'><strong>Raptus</strong></span> <span class='ocrx_word' id='word_1_330' title='bbox 934 3373 992 3409; x_wconf 88' lang='lat' dir='ltr'><strong>est</strong></span> <span class='ocrx_word' id='word_1_331' title='bbox 1015 3371 1087 3410; x_wconf 87' lang='lat' dir='ltr'><strong>hac</strong></span> <span class='ocrx_word' id='word_1_332' title='bbox 1106 3372 1284 3412; x_wconf 90' lang='lat' dir='ltr'><strong>oratione</strong></span> <span class='ocrx_word' id='word_1_333' title='bbox 1306 3373 1346 3412; x_wconf 93' lang='lat' dir='ltr'><strong>in</strong></span> <span class='ocrx_word' id='word_1_334' title='bbox 1363 3375 1566 3423; x_wconf 88' lang='lat' dir='ltr'><strong>stuporem</strong></span> 
     </span>
     <span class='ocr_line' id='line_1_43' title="bbox 301 3424 1566 3486; baseline 0.011 -23"><span class='ocrx_word' id='word_1_335' title='bbox 301 3424 472 3464; x_wconf 76' lang='lat' dir='ltr'><strong>Phintias</strong></span> <span class='ocrx_word' id='word_1_336' title='bbox 489 3441 497 3464; x_wconf 79' lang='lat' dir='ltr'><strong><em>z</em></strong></span> <span class='ocrx_word' id='word_1_337' title='bbox 516 3427 582 3464; x_wconf 82' lang='lat' dir='ltr'><strong>scd</strong></span> <span class='ocrx_word' id='word_1_338' title='bbox 599 3439 721 3477; x_wconf 86' lang='lat' dir='ltr'><strong>quum</strong></span> <span class='ocrx_word' id='word_1_339' title='bbox 741 3430 793 3468; x_wconf 90' lang='lat' dir='ltr'><strong>illi</strong></span> <span class='ocrx_word' id='word_1_340' title='bbox 812 3432 1015 3482; x_wconf 87' lang='lat' dir='ltr'><strong>Dionysius</strong></span> <span class='ocrx_word' id='word_1_341' title='bbox 1030 3435 1183 3475; x_wconf 81' lang='lat' dir='ltr'><strong>disertis</strong></span> <span class='ocrx_word' id='word_1_342' title='bbox 1196 3436 1326 3476; x_wconf 86' lang='lat' dir='ltr'><strong>verbis</strong></span> <span class='ocrx_word' id='word_1_343' title='bbox 1341 3436 1566 3486; x_wconf 79' lang='lat' dir='ltr'><strong>indicasset,</strong></span> 
     </span>
     <span class='ocr_line' id='line_1_44' title="bbox 256 3487 1568 3550; baseline 0.012 -26"><span class='ocrx_word' id='word_1_344' title='bbox 256 3494 265 3503; x_wconf 92' lang='lat'><strong>·</strong></span> <span class='ocrx_word' id='word_1_345' title='bbox 299 3487 430 3527; x_wconf 84' lang='lat' dir='ltr'><strong>onmia</strong></span> <span class='ocrx_word' id='word_1_346' title='bbox 457 3488 540 3528; x_wconf 65' lang='lat' dir='ltr'><strong>haec</strong></span> <span class='ocrx_word' id='word_1_347' title='bbox 568 3491 649 3539; x_wconf 78' lang='lat' dir='ltr'><strong>jain</strong></span> <span class='ocrx_word' id='word_1_348' title='bbox 687 3494 841 3542; x_wconf 81' lang='lat' dir='ltr'><strong>penitus</strong></span> <span class='ocrx_word' id='word_1_349' title='bbox 872 3496 1073 3545; x_wconf 82' lang='lat' dir='ltr'><strong>explorata</strong></span> <span class='ocrx_word' id='word_1_350' title='bbox 1107 3509 1212 3549; x_wconf 88' lang='lat' dir='ltr'><strong>esse,</strong></span> <span class='ocrx_word' id='word_1_351' title='bbox 1251 3511 1428 3550; x_wconf 85' lang='lat' dir='ltr'><strong>eumque</strong></span> <span class='ocrx_word' id='word_1_352' title='bbox 1464 3500 1568 3540; x_wconf 90' lang='lat' dir='ltr'><strong>mori</strong></span> 
     </span>
     <span class='ocr_line' id='line_1_45' title="bbox 299 3554 1567 3609; baseline 0.013 -22"><span class='ocrx_word' id='word_1_353' title='bbox 299 3554 501 3600; x_wconf 72' lang='lat' dir='ltr'><strong>oportere3</strong></span> <span class='ocrx_word' id='word_1_354' title='bbox 524 3554 633 3601; x_wconf 81' lang='lat' dir='ltr'><strong>petiit</strong></span> <span class='ocrx_word' id='word_1_355' title='bbox 658 3558 723 3600; x_wconf 75' lang='lat' dir='ltr'><strong>ut,</strong></span> <span class='ocrx_word' id='word_1_356' title='bbox 741 3557 923 3605; x_wconf 73' lang='lat' dir='ltr'><strong>quioniam</strong></span> <span class='ocrx_word' id='word_1_357' title='bbox 940 3560 1024 3608; x_wconf 85' lang='lat' dir='ltr'><strong>ejus</strong></span> <span class='ocrx_word' id='word_1_358' title='bbox 1040 3561 1190 3609; x_wconf 89' lang='lat' dir='ltr'><strong>judicio</strong></span> <span class='ocrx_word' id='word_1_359' title='bbox 1225 3574 1286 3602; x_wconf 90' lang='lat' dir='ltr'><strong>res</strong></span> <span class='ocrx_word' id='word_1_360' title='bbox 1302 3564 1380 3603; x_wconf 93' lang='lat' dir='ltr'><strong>huc</strong></span> <span class='ocrx_word' id='word_1_361' title='bbox 1395 3563 1567 3604; x_wconf 89' lang='lat' dir='ltr'><strong>deducta</strong></span> 
     </span>
     <span class='ocr_line' id='line_1_46' title="bbox 296 3615 1566 3677; baseline 0.011 -24"><span class='ocrx_word' id='word_1_362' title='bbox 296 3616 420 3663; x_wconf 74' lang='lat' dir='ltr'><strong>esset,</strong></span> <span class='ocrx_word' id='word_1_363' title='bbox 451 3615 642 3665; x_wconf 74' lang='lat' dir='ltr'><strong>reliquum</strong></span> <span class='ocrx_word' id='word_1_364' title='bbox 662 3618 732 3657; x_wconf 82' lang='lat' dir='ltr'><strong>sibi</strong></span> <span class='ocrx_word' id='word_1_365' title='bbox 760 3620 833 3658; x_wconf 74' lang='lat' dir='ltr'><strong>(liei</strong></span> <span class='ocrx_word' id='word_1_366' title='bbox 851 3622 1146 3673; x_wconf 83' lang='lat' dir='ltr'><strong>concederetur.</strong></span> <span class='ocrx_word' id='word_1_367' title='bbox 1176 3627 1218 3665; x_wconf 90' lang='lat' dir='ltr'><strong>ut</strong></span> <span class='ocrx_word' id='word_1_368' title='bbox 1245 3628 1324 3666; x_wconf 85' lang='lat' dir='ltr'><strong>tarn</strong></span> <span class='ocrx_word' id='word_1_369' title='bbox 1349 3638 1420 3666; x_wconf 89' lang='lat' dir='ltr'><strong>sua</strong></span> <span class='ocrx_word' id='word_1_370' title='bbox 1446 3638 1566 3677; x_wconf 87' lang='lat' dir='ltr'><strong>quam</strong></span> 
     </span>
     <span class='ocr_line' id='line_1_47' title="bbox 298 3679 1567 3735; baseline 0.012 -19"><span class='ocrx_word' id='word_1_371' title='bbox 298 3679 483 3718; x_wconf 75' lang='grc' dir='ltr'>υωιιοιιίε</span> <span class='ocrx_word' id='word_1_372' title='bbox 514 3681 665 3728; x_wconf 67' lang='lat' dir='ltr'><strong>negotia</strong></span> <span class='ocrx_word' id='word_1_373' title='bbox 687 3693 921 3731; x_wconf 78' lang='lat' dir='ltr'><strong>componere</strong></span> <span class='ocrx_word' id='word_1_374' title='bbox 949 3691 1088 3735; x_wconf 80' lang='lat' dir='ltr'><strong>posset.</strong></span> <span class='ocrx_word' id='word_1_375' title='bbox 1118 3689 1364 3730; x_wconf 82' lang='lat' dir='ltr'><strong>victitabant</strong></span> <span class='ocrx_word' id='word_1_376' title='bbox 1390 3691 1495 3730; x_wconf 89' lang='lat' dir='ltr'><strong>enim</strong></span> <span class='ocrx_word' id='word_1_377' title='bbox 1527 3691 1567 3731; x_wconf 89' lang='lat' dir='ltr'><strong>in</strong></span> 
     </span>
     <span class='ocr_line' id='line_1_48' title="bbox 296 3741 1570 3806; baseline 0.014 -27"><span class='ocrx_word' id='word_1_378' title='bbox 296 3741 490 3782; x_wconf 87' lang='lat' dir='ltr'><strong>bonorum</strong></span> <span class='ocrx_word' id='word_1_379' title='bbox 514 3745 691 3784; x_wconf 78' lang='lat' dir='ltr'><strong>ninnium</strong></span> <span class='ocrx_word' id='word_1_380' title='bbox 712 3750 987 3789; x_wconf 87' lang='lat' dir='ltr'><strong>communione</strong></span> <span class='ocrx_word' id='word_1_381' title='bbox 1006 3752 1076 3790; x_wconf 89' lang='lat' dir='ltr'><strong>viri</strong></span> <span class='ocrx_word' id='word_1_382' title='bbox 1095 3752 1157 3792; x_wconf 85' lang='lat' dir='ltr'><strong>isli</strong></span> <span class='ocrx_word' id='word_1_383' title='bbox 1186 3770 1194 3793; x_wconf 74' lang='grc' dir='ltr'><strong><em>ε</em></strong></span> <span class='ocrx_word' id='word_1_384' title='bbox 1218 3758 1257 3793; x_wconf 87' lang='lat' dir='ltr'><strong>et</strong></span> <span class='ocrx_word' id='word_1_385' title='bbox 1278 3756 1370 3806; x_wconf 85' lang='lat' dir='ltr'><strong>quia</strong></span> <span class='ocrx_word' id='word_1_386' title='bbox 1394 3756 1570 3797; x_wconf 81' lang='lat' dir='ltr'><strong>Phintias</strong></span> 
     </span>
     <span class='ocr_line' id='line_1_49' title="bbox 296 3808 1569 3860; baseline 0.013 -16"><span class='ocrx_word' id='word_1_387' title='bbox 296 3808 414 3845; x_wconf 73' lang='lat' dir='ltr'><strong>aetatc</strong></span> <span class='ocrx_word' id='word_1_388' title='bbox 441 3808 659 3856; x_wconf 69' lang='lat' dir='ltr'><strong>proiectior</strong></span> <span class='ocrx_word' id='word_1_389' title='bbox 682 3812 785 3857; x_wconf 81' lang='lat' dir='ltr'><strong>crat,</strong></span> <span class='ocrx_word' id='word_1_390' title='bbox 807 3812 994 3860; x_wconf 73' lang='lat' dir='ltr'><strong>potiori-m</strong></span> <span class='ocrx_word' id='word_1_391' title='bbox 1016 3816 1068 3854; x_wconf 87' lang='lat' dir='ltr'><strong>rei</strong></span> <span class='ocrx_word' id='word_1_392' title='bbox 1093 3815 1290 3857; x_wconf 79' lang='lat' dir='ltr'><strong>(amiliaris</strong></span> <span class='ocrx_word' id='word_1_393' title='bbox 1316 3830 1452 3859; x_wconf 90' lang='lat' dir='ltr'><strong>curam</strong></span> <span class='ocrx_word' id='word_1_394' title='bbox 1473 3820 1512 3860; x_wconf 90' lang='lat' dir='ltr'><strong>in</strong></span> <span class='ocrx_word' id='word_1_395' title='bbox 1527 3832 1569 3860; x_wconf 87' lang='lat' dir='ltr'><strong>sc</strong></span> 
     </span>
     <span class='ocr_line' id='line_1_50' title="bbox 295 3870 1567 3934; baseline 0.013 -27"><span class='ocrx_word' id='word_1_396' title='bbox 295 3879 455 3919; x_wconf 66' lang='lat' dir='ltr'><strong>suscepi·</strong></span> <span class='ocrx_word' id='word_1_397' title='bbox 457 3873 531 3909; x_wconf 87' lang='lat' dir='ltr'><strong>rat.</strong></span> <span class='ocrx_word' id='word_1_398' title='bbox 551 3870 672 3920; x_wconf 82' lang='lat' dir='ltr'><strong>liujus</strong></span> <span class='ocrx_word' id='word_1_399' title='bbox 691 3871 822 3922; x_wconf 83' lang='lat' dir='ltr'><strong>itaque</strong></span> <span class='ocrx_word' id='word_1_400' title='bbox 838 3875 1026 3916; x_wconf 74' lang='lat' dir='ltr'><strong>ordinant]</strong></span> <span class='ocrx_word' id='word_1_401' title='bbox 1030 3889 1063 3917; x_wconf 75' lang='lat'><strong>1:</strong></span> <span class='ocrx_word' id='word_1_402' title='bbox 1077 3891 1211 3920; x_wconf 79' lang='lat' dir='ltr'><strong>caussa</strong></span> <span class='ocrx_word' id='word_1_403' title='bbox 1224 3881 1365 3922; x_wconf 84' lang='lat' dir='ltr'><strong>dimitti</strong></span> <span class='ocrx_word' id='word_1_404' title='bbox 1385 3883 1567 3934; x_wconf 81' lang='lat' dir='ltr'><strong>rogabat,</strong></span> 
     </span>
    </p>

    <p class='ocr_par' dir='ltr' id='par_1_10' title="bbox 298 3933 1570 4184">
     <span class='ocr_line' id='line_1_51' title="bbox 300 3933 1570 3993; baseline 0.013 -22"><span class='ocrx_word' id='word_1_405' title='bbox 300 3935 473 3973; x_wconf 85' lang='lat' dir='ltr'><strong>Damone</strong></span> <span class='ocrx_word' id='word_1_406' title='bbox 490 3933 588 3973; x_wconf 77' lang='lat' dir='ltr'><strong>vaste</strong></span> <span class='ocrx_word' id='word_1_407' title='bbox 605 3934 713 3973; x_wconf 87' lang='lat' dir='ltr'><strong>dato.</strong></span> <span class='ocrx_word' id='word_1_408' title='bbox 736 3938 867 3980; x_wconf 81' lang='lat' dir='ltr'><strong>Quum</strong></span> <span class='ocrx_word' id='word_1_409' title='bbox 885 3938 1014 3989; x_wconf 81' lang='lat' dir='ltr'><strong>itaque</strong></span> <span class='ocrx_word' id='word_1_410' title='bbox 1040 3942 1244 3993; x_wconf 86' lang='lat' dir='ltr'><strong>Dionysius</strong></span> <span class='ocrx_word' id='word_1_411' title='bbox 1260 3945 1570 3988; x_wconf 83' lang='lat' dir='ltr'><strong>admirabundus</strong></span> 
     </span>
     <span class='ocr_line' id='line_1_52' title="bbox 298 3996 1569 4059; baseline 0.014 -26"><span class='ocrx_word' id='word_1_412' title='bbox 298 3996 576 4045; x_wconf 71' lang='lat' dir='ltr'><strong>interrogaret,</strong></span> <span class='ocrx_word' id='word_1_413' title='bbox 595 4009 691 4037; x_wconf 89' lang='lat' dir='ltr'><strong>num</strong></span> <span class='ocrx_word' id='word_1_414' title='bbox 709 3999 918 4050; x_wconf 83' lang='lat' dir='ltr'><strong>quisquam</strong></span> <span class='ocrx_word' id='word_1_415' title='bbox 938 4003 1142 4044; x_wconf 86' lang='lat' dir='ltr'><strong>hominum</strong></span> <span class='ocrx_word' id='word_1_416' title='bbox 1156 4009 1271 4058; x_wconf 82' lang='lat' dir='ltr'><strong>esset,</strong></span> <span class='ocrx_word' id='word_1_417' title='bbox 1293 4009 1360 4059; x_wconf 91' lang='lat' dir='ltr'><strong>qui</strong></span> <span class='ocrx_word' id='word_1_418' title='bbox 1378 4009 1416 4048; x_wconf 91' lang='lat' dir='ltr'><strong>in</strong></span> <span class='ocrx_word' id='word_1_419' title='bbox 1432 4021 1569 4051; x_wconf 80' lang='lat' dir='ltr'><strong>caussa</strong></span> 
     </span>
     <span class='ocr_line' id='line_1_53' title="bbox 299 4062 1569 4117; baseline 0.014 -19"><span class='ocrx_word' id='word_1_420' title='bbox 299 4062 453 4110; x_wconf 83' lang='lat' dir='ltr'><strong>capitali</strong></span> <span class='ocrx_word' id='word_1_421' title='bbox 468 4073 535 4102; x_wconf 60' lang='lat' dir='ltr'><strong>tas</strong></span> <span class='ocrx_word' id='word_1_422' title='bbox 551 4062 599 4101; x_wconf 69' lang='lat' dir='ltr'><strong>sw,</strong></span> <span class='ocrx_word' id='word_1_423' title='bbox 603 4063 633 4103; x_wconf 86' lang='lat' dir='ltr'><strong>ri</strong></span> <span class='ocrx_word' id='word_1_424' title='bbox 646 4065 854 4105; x_wconf 83' lang='lat' dir='ltr'><strong>sustineret</strong></span> <span class='ocrx_word' id='word_1_425' title='bbox 869 4067 1018 4117; x_wconf 81' lang='lat' dir='ltr'><strong>,idque</strong></span> <span class='ocrx_word' id='word_1_426' title='bbox 1036 4070 1209 4111; x_wconf 76' lang='lat' dir='ltr'><strong>Phintias</strong></span> <span class='ocrx_word' id='word_1_427' title='bbox 1227 4073 1278 4111; x_wconf 89' lang='lat' dir='ltr'><strong>ita</strong></span> <span class='ocrx_word' id='word_1_428' title='bbox 1296 4074 1376 4114; x_wconf 82' lang='lat' dir='ltr'><strong>sore</strong></span> <span class='ocrx_word' id='word_1_429' title='bbox 1393 4074 1569 4115; x_wconf 83' lang='lat' dir='ltr'><strong>affirma-</strong></span> 
     </span>
     <span class='ocr_line' id='line_1_54' title="bbox 300 4126 1568 4189; baseline 0.013 -26"><span class='ocrx_word' id='word_1_430' title='bbox 300 4126 383 4170; x_wconf 83' lang='lat' dir='ltr'><strong>ret</strong></span> <span class='ocrx_word' id='word_1_431' title='bbox 414 4127 620 4166; x_wconf 63' lang='lat' dir='ltr'><strong>aroessitus</strong></span> <span class='ocrx_word' id='word_1_432' title='bbox 652 4130 712 4168; x_wconf 82' lang='lat' dir='ltr'><strong>est</strong></span> <span class='ocrx_word' id='word_1_433' title='bbox 735 4131 923 4170; x_wconf 86' lang='lat' dir='ltr'><strong>Damon.</strong></span> <span class='ocrx_word' id='word_1_434' title='bbox 945 4131 1011 4180; x_wconf 86' lang='lat' dir='ltr'><strong>qui</strong></span> <span class='ocrx_word' id='word_1_435' title='bbox 1042 4133 1198 4180; x_wconf 68' lang='lat' dir='ltr'><strong>cognito</strong></span> <span class='ocrx_word' id='word_1_436' title='bbox 1217 4135 1322 4184; x_wconf 86' lang='lat' dir='ltr'><strong>quod</strong></span> <span class='ocrx_word' id='word_1_437' title='bbox 1348 4138 1568 4189; x_wconf 84' lang='lat' dir='ltr'><strong>acciderat,</strong></span> 
     </span>
    </p>

    <p class='ocr_par' dir='ltr' id='par_1_11' title="bbox 300 4187 1570 4314">
     <span class='ocr_line' id='line_1_55' title="bbox 302 4187 1569 4249; baseline 0.014 -23"><span class='ocrx_word' id='word_1_438' title='bbox 302 4187 437 4229; x_wconf 73' lang='lat' dir='ltr'><strong>vadem</strong></span> <span class='ocrx_word' id='word_1_439' title='bbox 455 4201 496 4231; x_wconf 87' lang='lat' dir='ltr'><strong>se</strong></span> <span class='ocrx_word' id='word_1_440' title='bbox 518 4191 694 4232; x_wconf 77' lang='lat' dir='ltr'><strong>futurum</strong></span> <span class='ocrx_word' id='word_1_441' title='bbox 709 4192 837 4241; x_wconf 81' lang='lat' dir='ltr'><strong>dixit,</strong></span> <span class='ocrx_word' id='word_1_442' title='bbox 858 4194 989 4245; x_wconf 80' lang='lat' dir='ltr'><strong>ibique</strong></span> <span class='ocrx_word' id='word_1_443' title='bbox 1009 4197 1289 4249; x_wconf 72' lang='lat' dir='ltr'><strong>perstituruui,</strong></span> <span class='ocrx_word' id='word_1_444' title='bbox 1311 4201 1435 4241; x_wconf 84' lang='lat' dir='ltr'><strong>donec</strong></span> <span class='ocrx_word' id='word_1_445' title='bbox 1456 4203 1569 4243; x_wconf 83' lang='lat' dir='ltr'><strong>Phin-</strong></span> 
     </span>
     <span class='ocr_line' id='line_1_56' title="bbox 300 4253 1570 4314; baseline 0.014 -26"><span class='ocrx_word' id='word_1_446' title='bbox 300 4253 374 4289; x_wconf 78' lang='lat' dir='ltr'><strong>tias</strong></span> <span class='ocrx_word' id='word_1_447' title='bbox 398 4257 670 4295; x_wconf 61' lang='lat' dir='ltr'><strong>averteretur.</strong></span> <span class='ocrx_word' id='word_1_448' title='bbox 731 4259 811 4296; x_wconf 74' lang='lat' dir='ltr'><strong>llo(=</strong></span> <span class='ocrx_word' id='word_1_449' title='bbox 841 4257 942 4296; x_wconf 73' lang='lat' dir='ltr'><strong>farto</strong></span> <span class='ocrx_word' id='word_1_450' title='bbox 965 4260 1171 4309; x_wconf 76' lang='lat' dir='ltr'><strong>Dionysius</strong></span> <span class='ocrx_word' id='word_1_451' title='bbox 1199 4262 1324 4301; x_wconf 82' lang='lat' dir='ltr'><strong>aiebat</strong></span> <span class='ocrx_word' id='word_1_452' title='bbox 1349 4275 1389 4302; x_wconf 83' lang='lat' dir='ltr'><strong>se</strong></span> <span class='ocrx_word' id='word_1_453' title='bbox 1410 4266 1570 4314; x_wconf 85' lang='lat' dir='ltr'><strong>quidem</strong></span> 
     </span>
    </p>
   </div>
   <div class='ocr_carea' id='block_1_4' title="bbox 1202 308 1963 362">
    <p class='ocr_par' dir='ltr' id='par_1_12' title="bbox 1202 308 1963 362">
     <span class='ocr_line' id='line_1_57' title="bbox 1202 308 1963 362; baseline -0.012 -0.892"><span class='ocrx_word' id='word_1_454' title='bbox 1202 311 1575 362; x_wconf 62' lang='lat' dir='ltr'><strong>ARlSToxtlxl</strong></span> <span class='ocrx_word' id='word_1_455' title='bbox 1618 311 1657 358; x_wconf 88' lang='lat' dir='ltr'>T</span> <span class='ocrx_word' id='word_1_456' title='bbox 1666 308 1963 357; x_wconf 53' lang='lat' dir='ltr'><strong>ARPNTlx&#39;t</strong></span> 
     </span>
    </p>
   </div>
   <div class='ocr_carea' id='block_1_5' title="bbox 291 405 2932 491">
    <p class='ocr_par' dir='ltr' id='par_1_13' title="bbox 291 405 2932 491">
     <span class='ocr_line' id='line_1_58' title="bbox 291 405 2932 491; baseline -0.006 -17"><span class='ocrx_word' id='word_1_457' title='bbox 291 425 480 491; x_wconf 81' lang='grc' dir='ltr'>γορείων,</span> <span class='ocrx_word' id='word_1_458' title='bbox 497 422 765 489; x_wconf 82' lang='grc' dir='ltr'>διασύροντές</span> <span class='ocrx_word' id='word_1_459' title='bbox 791 442 835 469; x_wconf 88' lang='grc' dir='ltr'><strong>τε</strong></span> <span class='ocrx_word' id='word_1_460' title='bbox 859 420 1388 484; x_wconf 79' lang='grc' dir='ltr'>καιδιαμυκώμενοι,καὶ</span> <span class='ocrx_word' id='word_1_461' title='bbox 1413 417 1569 472; x_wconf 75' lang='grc' dir='ltr'>ἀλαζό·</span> <span class='ocrx_word' id='word_1_462' title='bbox 1643 415 1827 481; x_wconf 81' lang='grc' dir='ltr'>φιλήσας</span> <span class='ocrx_word' id='word_1_463' title='bbox 1861 432 1956 465; x_wconf 91' lang='grc' dir='ltr'>τους</span> <span class='ocrx_word' id='word_1_464' title='bbox 1994 411 2171 474; x_wconf 81' lang='grc' dir='ltr'>ἄνδρας,</span> <span class='ocrx_word' id='word_1_465' title='bbox 2208 407 2387 463; x_wconf 82' lang='grc' dir='ltr'>ἀξιῶσαι</span> <span class='ocrx_word' id='word_1_466' title='bbox 2420 407 2560 472; x_wconf 88' lang='grc' dir='ltr'>τρίτον</span> <span class='ocrx_word' id='word_1_467' title='bbox 2593 406 2722 455; x_wconf 77' lang='grc' dir='ltr'>αὐτὸν</span> <span class='ocrx_word' id='word_1_468' title='bbox 2760 409 2842 464; x_wconf 80' lang='grc' dir='ltr'><strong>εἷς</strong></span> <span class='ocrx_word' id='word_1_469' title='bbox 2853 405 2932 469; x_wconf 72' lang='grc' dir='ltr'><strong>τὴν</strong></span> 
     </span>
    </p>
   </div>
   <div class='ocr_carea' id='block_1_6' title="bbox 1599 1276 1606 1482">
    <p class='ocr_par' dir='ltr' id='par_1_14' title="bbox 1599 1276 1606 1482">
     <span class='ocr_line' id='line_1_59' title="bbox 1599 1276 1606 1482; baseline 0 0"><span class='ocrx_word' id='word_1_470' title='bbox 1599 1276 1606 1482; x_wconf 71' lang='grc'>,</span> 
     </span>
    </p>
   </div>
   <div class='ocr_carea' id='block_1_7' title="bbox 1599 1483 1605 1693">
    <p class='ocr_par' dir='ltr' id='par_1_15' title="bbox 1599 1483 1605 1693">
     <span class='ocr_line' id='line_1_60' title="bbox 1599 1483 1605 1693; baseline 0 0"><span class='ocrx_word' id='word_1_471' title='bbox 1599 1483 1605 1693; x_wconf 95' lang='lat' dir='ltr'><strong> </strong></span> 
     </span>
    </p>
   </div>
   <div class='ocr_carea' id='block_1_8' title="bbox 1597 1699 1606 1852">
    <p class='ocr_par' dir='ltr' id='par_1_16' title="bbox 1597 1699 1606 1852">
     <span class='ocr_line' id='line_1_61' title="bbox 1597 1699 1606 1852; baseline 0 0"><span class='ocrx_word' id='word_1_472' title='bbox 1597 1699 1606 1852; x_wconf 95' lang='lat' dir='ltr'><strong> </strong></span> 
     </span>
    </p>
   </div>
   <div class='ocr_carea' id='block_1_9' title="bbox 1599 2792 1607 2936">
    <p class='ocr_par' dir='ltr' id='par_1_17' title="bbox 1599 2792 1607 2936">
     <span class='ocr_line' id='line_1_62' title="bbox 1599 2792 1607 2936; baseline 0 1692"><span class='ocrx_word' id='word_1_473' title='bbox 1599 2792 1607 2936; x_wconf 95' lang='lat' dir='ltr'><strong> </strong></span> 
     </span>
    </p>
   </div>
   <div class='ocr_carea' id='block_1_10' title="bbox 2726 362 3016 4628">
    <p class='ocr_par' dir='ltr' id='par_1_18' title="bbox 2726 362 3016 4628">
     <span class='ocr_line' id='line_1_63' title="bbox 2970 362 3016 722; baseline 0 -64"><span class='ocrx_word' id='word_1_474' title='bbox 2970 362 3016 722; x_wconf 95' lang='lat' dir='ltr'><strong>    </strong></span> 
     </span>
     <span class='ocr_line' id='line_1_64' title="bbox 2962 864 3016 1079; baseline 0 0"><span class='ocrx_word' id='word_1_475' title='bbox 2962 864 3016 1079; x_wconf 95' lang='lat' dir='ltr'><strong>   </strong></span> 
     </span>
     <span class='ocr_line' id='line_1_65' title="bbox 2962 1079 3016 1150; baseline 0 3478"><span class='ocrx_word' id='word_1_476' title='bbox 2962 1079 3016 1150; x_wconf 95' lang='lat' dir='ltr'><strong> </strong></span> 
     </span>
     <span class='ocr_line' id='line_1_66' title="bbox 2956 1150 3016 1223; baseline 0 3405"><span class='ocrx_word' id='word_1_477' title='bbox 2956 1150 3016 1223; x_wconf 95' lang='lat' dir='ltr'><strong> </strong></span> 
     </span>
     <span class='ocr_line' id='line_1_67' title="bbox 2956 1223 3016 1295; baseline 0 3333"><span class='ocrx_word' id='word_1_478' title='bbox 2956 1223 3016 1295; x_wconf 95' lang='lat' dir='ltr'><strong> </strong></span> 
     </span>
     <span class='ocr_line' id='line_1_68' title="bbox 2956 1295 3016 1363; baseline 0 3265"><span class='ocrx_word' id='word_1_479' title='bbox 2956 1295 3016 1363; x_wconf 95' lang='lat' dir='ltr'><strong> </strong></span> 
     </span>
     <span class='ocr_line' id='line_1_69' title="bbox 2960 1363 3016 1442; baseline 0 3186"><span class='ocrx_word' id='word_1_480' title='bbox 2960 1363 3016 1442; x_wconf 95' lang='lat' dir='ltr'><strong> </strong></span> 
     </span>
     <span class='ocr_line' id='line_1_70' title="bbox 2954 1442 3016 1808; baseline 0 0"><span class='ocrx_word' id='word_1_481' title='bbox 2954 1442 3016 1808; x_wconf 95' lang='lat' dir='ltr'><strong>      </strong></span> 
     </span>
     <span class='ocr_line' id='line_1_71' title="bbox 2952 1808 3016 2098; baseline 0 -137"><span class='ocrx_word' id='word_1_482' title='bbox 2952 1808 3016 2098; x_wconf 95' lang='lat' dir='ltr'><strong>   </strong></span> 
     </span>
     <span class='ocr_line' id='line_1_72' title="bbox 2952 2098 3016 2317; baseline 0 -76"><span class='ocrx_word' id='word_1_483' title='bbox 2952 2098 3016 2317; x_wconf 95' lang='lat' dir='ltr'><strong>   </strong></span> 
     </span>
     <span class='ocr_line' id='line_1_73' title="bbox 2952 2317 3016 2391; baseline 0 2237"><span class='ocrx_word' id='word_1_484' title='bbox 2952 2317 3016 2391; x_wconf 95' lang='lat' dir='ltr'><strong> </strong></span> 
     </span>
     <span class='ocr_line' id='line_1_74' title="bbox 2942 2391 3016 2460; baseline 0 2168"><span class='ocrx_word' id='word_1_485' title='bbox 2942 2391 3016 2460; x_wconf 95' lang='lat' dir='ltr'><strong> </strong></span> 
     </span>
     <span class='ocr_line' id='line_1_75' title="bbox 2942 2460 3016 2535; baseline 0 2093"><span class='ocrx_word' id='word_1_486' title='bbox 2942 2460 3016 2535; x_wconf 95' lang='lat' dir='ltr'><strong> </strong></span> 
     </span>
     <span class='ocr_line' id='line_1_76' title="bbox 2942 2535 3016 2606; baseline 0 2022"><span class='ocrx_word' id='word_1_487' title='bbox 2942 2535 3016 2606; x_wconf 95' lang='lat' dir='ltr'><strong> </strong></span> 
     </span>
     <span class='ocr_line' id='line_1_77' title="bbox 2944 2606 3016 2764; baseline 0 0"><span class='ocrx_word' id='word_1_488' title='bbox 2944 2606 3016 2764; x_wconf 95' lang='lat' dir='ltr'><strong>   </strong></span> 
     </span>
     <span class='ocr_line' id='line_1_78' title="bbox 2942 2764 3016 2991; baseline 0 -126"><span class='ocrx_word' id='word_1_489' title='bbox 2942 2764 3016 2991; x_wconf 95' lang='lat' dir='ltr'><strong>   </strong></span> 
     </span>
     <span class='ocr_line' id='line_1_79' title="bbox 2942 2991 3016 3058; baseline 0 1570"><span class='ocrx_word' id='word_1_490' title='bbox 2942 2991 3016 3058; x_wconf 95' lang='lat' dir='ltr'><strong> </strong></span> 
     </span>
     <span class='ocr_line' id='line_1_80' title="bbox 2938 3058 3016 3188; baseline 0 -67"><span class='ocrx_word' id='word_1_491' title='bbox 2938 3058 3016 3188; x_wconf 95' lang='lat' dir='ltr'><strong>  </strong></span> 
     </span>
     <span class='ocr_line' id='line_1_81' title="bbox 2726 3188 3016 3463; baseline 0 0"><span class='ocrx_word' id='word_1_492' title='bbox 2726 3188 3016 3463; x_wconf 95' lang='lat' dir='ltr'><strong>    </strong></span> 
     </span>
     <span class='ocr_line' id='line_1_82' title="bbox 2726 3463 3016 3716; baseline 0 -63"><span class='ocrx_word' id='word_1_493' title='bbox 2726 3463 3016 3716; x_wconf 95' lang='lat' dir='ltr'><strong>   </strong></span> 
     </span>
     <span class='ocr_line' id='line_1_83' title="bbox 2863 3716 3016 4023; baseline 0 0"><span class='ocrx_word' id='word_1_494' title='bbox 2863 3716 3016 4023; x_wconf 95' lang='lat' dir='ltr'><strong>    </strong></span> 
     </span>
     <span class='ocr_line' id='line_1_84' title="bbox 2841 4023 3016 4150; baseline 0 -59"><span class='ocrx_word' id='word_1_495' title='bbox 2841 4023 3016 4150; x_wconf 95' lang='lat' dir='ltr'><strong>   </strong></span> 
     </span>
     <span class='ocr_line' id='line_1_85' title="bbox 2833 4150 3016 4280; baseline 0 -116"><span class='ocrx_word' id='word_1_496' title='bbox 2833 4150 3016 4280; x_wconf 95' lang='lat' dir='ltr'><strong>   </strong></span> 
     </span>
     <span class='ocr_line' id='line_1_86' title="bbox 2818 4280 3016 4628; baseline 0 0"><span class='ocrx_word' id='word_1_497' title='bbox 2818 4280 3016 4628; x_wconf 95' lang='lat' dir='ltr'><strong>  </strong></span> 
     </span>
    </p>
   </div>
   <div class='ocr_carea' id='block_1_11' title="bbox 1638 479 3014 2743">
    <p class='ocr_par' dir='ltr' id='par_1_19' title="bbox 1643 479 2960 763">
     <span class='ocr_line' id='line_1_87' title="bbox 1643 479 2936 551; baseline -0.002 -18"><span class='ocrx_word' id='word_1_498' title='bbox 1643 486 1786 551; x_wconf 77' lang='grc' dir='ltr'>φιὶίαν</span> <span class='ocrx_word' id='word_1_499' title='bbox 1825 482 2170 549; x_wconf 84' lang='grc' dir='ltr'>παραδέξασθαι,</span> <span class='ocrx_word' id='word_1_500' title='bbox 2203 479 2300 534; x_wconf 90' lang='grc' dir='ltr'>τους</span> <span class='ocrx_word' id='word_1_501' title='bbox 2328 480 2373 527; x_wconf 83' lang='grc' dir='ltr'><strong>δὲ</strong></span> <span class='ocrx_word' id='word_1_502' title='bbox 2412 479 2564 542; x_wconf 85' lang='grc' dir='ltr'>μηδενὶ</span> <span class='ocrx_word' id='word_1_503' title='bbox 2597 479 2768 546; x_wconf 87' lang='grc' dir='ltr'>τρόπῳ,</span> <span class='ocrx_word' id='word_1_504' title='bbox 2794 481 2936 546; x_wconf 80' lang='grc' dir='ltr'>καίτοι</span> 
     </span>
     <span class='ocr_line' id='line_1_88' title="bbox 1644 551 2954 623; baseline -0.003 -17"><span class='ocrx_word' id='word_1_505' title='bbox 1644 561 1925 623; x_wconf 74' lang='grc' dir='ltr'>λιπαρουντος</span> <span class='ocrx_word' id='word_1_506' title='bbox 1945 557 2103 611; x_wconf 79' lang='grc' dir='ltr'>αὐτοῦ,</span> <span class='ocrx_word' id='word_1_507' title='bbox 2127 556 2460 615; x_wconf 87' lang='grc' dir='ltr'>συγκαταθεῖναι</span> <span class='ocrx_word' id='word_1_508' title='bbox 2477 553 2536 606; x_wconf 84' lang='grc' dir='ltr'><strong>εἷς</strong></span> <span class='ocrx_word' id='word_1_509' title='bbox 2554 551 2605 600; x_wconf 81' lang='grc' dir='ltr'><strong>τὸ</strong></span> <span class='ocrx_word' id='word_1_510' title='bbox 2619 558 2823 604; x_wconf 77' lang='grc' dir='ltr'>τοιοῦτον.</span> <span class='ocrx_word' id='word_1_511' title='bbox 2842 553 2954 604; x_wconf 67' lang='grc' dir='ltr'><strong>Καὶ7</strong></span> 
     </span>
     <span class='ocr_line' id='line_1_89' title="bbox 1643 612 2959 701; baseline -0.001 -25"><span class='ocrx_word' id='word_1_512' title='bbox 1643 635 1780 678; x_wconf 80' lang='grc' dir='ltr'>ταῦτα</span> <span class='ocrx_word' id='word_1_513' title='bbox 1806 628 1858 690; x_wconf 84' lang='grc' dir='ltr'><strong>μὲ</strong></span> <span class='ocrx_word' id='word_1_514' title='bbox 1842 649 1883 675; x_wconf 96' lang='grc' dir='ltr'><strong>ν</strong></span> <span class='ocrx_word' id='word_1_515' title='bbox 1910 630 1933 674; x_wconf 84' lang='grc' dir='ltr'>ὃ</span> <span class='ocrx_word' id='word_1_516' title='bbox 1954 623 2277 690; x_wconf 82' lang='grc' dir='ltr'>Ἀριστόξενος</span> <span class='ocrx_word' id='word_1_517' title='bbox 2254 644 2311 678; x_wconf 91' lang='grc' dir='ltr'><strong>ως</strong></span> <span class='ocrx_word' id='word_1_518' title='bbox 2338 624 2442 688; x_wconf 87' lang='grc' dir='ltr'>παρ’</span> <span class='ocrx_word' id='word_1_519' title='bbox 2468 626 2598 701; x_wconf 75' lang='grc' dir='ltr'>αὐτου</span> <span class='ocrx_word' id='word_1_520' title='bbox 2619 644 2692 673; x_wconf 79' lang='grc' dir='ltr'><strong>του</strong></span> <span class='ocrx_word' id='word_1_521' title='bbox 2710 612 2959 676; x_wconf 79' lang='grc' dir='ltr'>Διονυσίου’</span> 
     </span>
     <span class='ocr_line' id='line_1_90' title="bbox 1643 697 2960 763; baseline -0.012 -14"><span class='ocrx_word' id='word_1_522' title='bbox 1643 701 1876 763; x_wconf 88' lang='grc' dir='ltr'>πυθόμενος</span> <span class='ocrx_word' id='word_1_523' title='bbox 1898 697 2019 763; x_wconf 69' lang='grc' dir='ltr'>φησί.</span> <span class='ocrx_word' id='word_1_524' title='bbox 2950 745 2960 752; x_wconf 26' lang='grc' dir='ltr'><em>υ</em></span> 
     </span>
    </p>

    <p class='ocr_par' dir='ltr' id='par_1_20' title="bbox 1638 768 3014 1624">
     <span class='ocr_line' id='line_1_91' title="bbox 1709 768 2972 832; baseline -0.002 -13"><span class='ocrx_word' id='word_1_525' title='bbox 1709 775 1883 820; x_wconf 86' lang='lat' dir='ltr'><strong>Eadem</strong></span> <span class='ocrx_word' id='word_1_526' title='bbox 1914 788 1970 817; x_wconf 85' lang='lat' dir='ltr'><strong>ex</strong></span> <span class='ocrx_word' id='word_1_527' title='bbox 1997 772 2275 816; x_wconf 79' lang='lat' dir='ltr'><strong>Aiistoxeno</strong></span> <span class='ocrx_word' id='word_1_528' title='bbox 2308 768 2418 831; x_wconf 85' lang='lat' dir='ltr'><strong>(vel</strong></span> <span class='ocrx_word' id='word_1_529' title='bbox 2441 771 2599 832; x_wconf 85' lang='lat' dir='ltr'><strong>potius</strong></span> <span class='ocrx_word' id='word_1_530' title='bbox 2629 786 2687 816; x_wconf 84' lang='lat' dir='ltr'><strong>ex</strong></span> <span class='ocrx_word' id='word_1_531' title='bbox 2715 772 2936 817; x_wconf 74' lang='lat' dir='ltr'><strong>Nicoma·</strong></span> <span class='ocrx_word' id='word_1_532' title='bbox 2970 803 2972 807; x_wconf 31' lang='grc' dir='ltr'><em>ψ</em></span> 
     </span>
     <span class='ocr_line' id='line_1_92' title="bbox 1643 843 2935 910; baseline 0 -19"><span class='ocrx_word' id='word_1_533' title='bbox 1643 849 1749 901; x_wconf 89' lang='lat' dir='ltr'><strong>cho,</strong></span> <span class='ocrx_word' id='word_1_534' title='bbox 1770 847 1851 905; x_wconf 85' lang='lat' dir='ltr'><strong>qui</strong></span> <span class='ocrx_word' id='word_1_535' title='bbox 1875 846 2205 890; x_wconf 86' lang='lat' dir='ltr'><strong>Aristoxenum</strong></span> <span class='ocrx_word' id='word_1_536' title='bbox 2223 844 2675 910; x_wconf 75' lang='lat' dir='ltr'><strong>commemoraverit)</strong></span> <span class='ocrx_word' id='word_1_537' title='bbox 2701 843 2935 904; x_wconf 74' lang='lat' dir='ltr'><strong>Porphyr.</strong></span> 
     </span>
     <span class='ocr_line' id='line_1_93' title="bbox 1641 915 2937 982; baseline -0.002 -20"><span class='ocrx_word' id='word_1_538' title='bbox 1641 920 1696 962; x_wconf 88' lang='lat' dir='ltr'><strong>V.</strong></span> <span class='ocrx_word' id='word_1_539' title='bbox 1731 919 1780 962; x_wconf 92' lang='lat' dir='ltr'><strong>P.</strong></span> <span class='ocrx_word' id='word_1_540' title='bbox 1808 918 1933 982; x_wconf 57' lang='lat' dir='ltr'><strong>§tio</strong></span> <span class='ocrx_word' id='word_1_541' title='bbox 1968 938 1985 955; x_wconf 91' lang='lat'>«</span> <span class='ocrx_word' id='word_1_542' title='bbox 2018 916 2270 960; x_wconf 83' lang='lat' dir='ltr'><strong>Historiam</strong></span> <span class='ocrx_word' id='word_1_543' title='bbox 2297 915 2418 959; x_wconf 88' lang='lat' dir='ltr'><strong>hanc</strong></span> <span class='ocrx_word' id='word_1_544' title='bbox 2448 915 2733 960; x_wconf 86' lang='lat' dir='ltr'><strong>lamblichus</strong></span> <span class='ocrx_word' id='word_1_545' title='bbox 2765 915 2937 975; x_wconf 84' lang='lat' dir='ltr'><strong>aliique</strong></span> 
     </span>
     <span class='ocr_line' id='line_1_94' title="bbox 1640 985 2956 1048; baseline -0.001 -15"><span class='ocrx_word' id='word_1_546' title='bbox 1640 991 1888 1048; x_wconf 82' lang='lat' dir='ltr'><strong>scriptores</strong></span> <span class='ocrx_word' id='word_1_547' title='bbox 1905 987 1963 1032; x_wconf 88' lang='lat' dir='ltr'><strong>de</strong></span> <span class='ocrx_word' id='word_1_548' title='bbox 1983 989 2194 1032; x_wconf 86' lang='lat' dir='ltr'><strong>Damone</strong></span> <span class='ocrx_word' id='word_1_549' title='bbox 2218 996 2266 1030; x_wconf 86' lang='lat' dir='ltr'><strong>et</strong></span> <span class='ocrx_word' id='word_1_550' title='bbox 2286 985 2492 1042; x_wconf 80' lang='lat' dir='ltr'><strong>Phintia,</strong></span> <span class='ocrx_word' id='word_1_551' title='bbox 2525 987 2766 1045; x_wconf 73' lang='lat' dir='ltr'><strong>Polyaenus</strong></span> <span class='ocrx_word' id='word_1_552' title='bbox 2788 986 2956 1046; x_wconf 70' lang='lat' dir='ltr'><strong>(Stra-⁴</strong></span> 
     </span>
     <span class='ocr_line' id='line_1_95' title="bbox 1642 1059 2938 1120; baseline 0 -16"><span class='ocrx_word' id='word_1_553' title='bbox 1642 1071 1732 1120; x_wconf 81' lang='lat' dir='ltr'><strong>tag.</strong></span> <span class='ocrx_word' id='word_1_554' title='bbox 1759 1062 1813 1115; x_wconf 91' lang='lat' dir='ltr'><strong>V,</strong></span> <span class='ocrx_word' id='word_1_555' title='bbox 1838 1059 1924 1120; x_wconf 79' lang='lat'><strong>22)</strong></span> <span class='ocrx_word' id='word_1_556' title='bbox 1946 1059 2005 1103; x_wconf 89' lang='lat' dir='ltr'><strong>de</strong></span> <span class='ocrx_word' id='word_1_557' title='bbox 2027 1059 2340 1117; x_wconf 67' lang='lat' dir='ltr'><strong>Ecphanto,et</strong></span> <span class='ocrx_word' id='word_1_558' title='bbox 2356 1059 2572 1117; x_wconf 86' lang='lat' dir='ltr'><strong>Eucrito‚</strong></span> <span class='ocrx_word' id='word_1_559' title='bbox 2595 1059 2806 1119; x_wconf 75' lang='lat' dir='ltr'><strong>Hyginus</strong></span> <span class='ocrx_word' id='word_1_560' title='bbox 2825 1073 2938 1104; x_wconf 75' lang='lat' dir='ltr'><strong>veru</strong></span> 
     </span>
     <span class='ocr_line' id='line_1_96' title="bbox 1643 1128 3014 1198; baseline 0 -22"><span class='ocrx_word' id='word_1_561' title='bbox 1643 1131 1656 1169; x_wconf 75' lang='grc' dir='ltr'>ί</span> <span class='ocrx_word' id='word_1_562' title='bbox 1673 1132 1764 1176; x_wconf 89' lang='lat' dir='ltr'><strong>fab.</strong></span> <span class='ocrx_word' id='word_1_563' title='bbox 1793 1130 1918 1192; x_wconf 83' lang='lat'>257)</span> <span class='ocrx_word' id='word_1_564' title='bbox 1947 1130 2006 1175; x_wconf 89' lang='lat' dir='ltr'><strong>de</strong></span> <span class='ocrx_word' id='word_1_565' title='bbox 2039 1132 2188 1174; x_wconf 83' lang='lat' dir='ltr'><strong>Moero</strong></span> <span class='ocrx_word' id='word_1_566' title='bbox 2210 1139 2256 1174; x_wconf 89' lang='lat' dir='ltr'><strong>et</strong></span> <span class='ocrx_word' id='word_1_567' title='bbox 2278 1131 2538 1198; x_wconf 83' lang='lat' dir='ltr'><strong>Selinuntio</strong></span> <span class='ocrx_word' id='word_1_568' title='bbox 2562 1130 2785 1176; x_wconf 81' lang='lat' dir='ltr'><strong>referunt.</strong></span> <span class='ocrx_word' id='word_1_569' title='bbox 2804 1130 2971 1180; x_wconf 58' lang='grc' dir='ltr'>Ρτω--Ἒ</span> <span class='ocrx_word' id='word_1_570' title='bbox 3011 1128 3014 1130; x_wconf 52' lang='grc'><strong>’</strong></span> 
     </span>
     <span class='ocr_line' id='line_1_97' title="bbox 1641 1199 2971 1264; baseline 0.002 -18"><span class='ocrx_word' id='word_1_571' title='bbox 1641 1212 1710 1247; x_wconf 80' lang='lat' dir='ltr'><strong>tei</strong></span> <span class='ocrx_word' id='word_1_572' title='bbox 1713 1219 1764 1247; x_wconf 87' lang='lat' dir='ltr'><strong>ea</strong></span> <span class='ocrx_word' id='word_1_573' title='bbox 1787 1202 2046 1248; x_wconf 87' lang='lat' dir='ltr'><strong>notandum</strong></span> <span class='ocrx_word' id='word_1_574' title='bbox 2063 1203 2212 1248; x_wconf 86' lang='lat' dir='ltr'><strong>Valer.</strong></span> <span class='ocrx_word' id='word_1_575' title='bbox 2228 1205 2354 1248; x_wconf 80' lang='lat' dir='ltr'><strong>Max,</strong></span> <span class='ocrx_word' id='word_1_576' title='bbox 2374 1205 2452 1260; x_wconf 90' lang='lat' dir='ltr'><strong>lv,</strong></span> <span class='ocrx_word' id='word_1_577' title='bbox 2477 1219 2502 1260; x_wconf 95' lang='lat'><strong>7</strong></span> <span class='ocrx_word' id='word_1_578' title='bbox 2518 1202 2734 1262; x_wconf 74' lang='lat' dir='ltr'><strong>Pythiam</strong></span> <span class='ocrx_word' id='word_1_579' title='bbox 2744 1217 2936 1264; x_wconf 70' lang='lat' dir='ltr'><strong>vocare,</strong></span> <span class='ocrx_word' id='word_1_580' title='bbox 2962 1199 2971 1245; x_wconf 60' lang='grc' dir='ltr'><em>ἒ</em></span> 
     </span>
     <span class='ocr_line' id='line_1_98' title="bbox 1642 1263 3013 1334; baseline 0.001 -15"><span class='ocrx_word' id='word_1_581' title='bbox 1642 1277 1724 1334; x_wconf 88' lang='lat' dir='ltr'><strong>qui</strong></span> <span class='ocrx_word' id='word_1_582' title='bbox 1740 1276 2003 1320; x_wconf 86' lang='lat' dir='ltr'><strong>Iamblicho</strong></span> <span class='ocrx_word' id='word_1_583' title='bbox 2029 1274 2224 1334; x_wconf 87' lang='lat' dir='ltr'><strong>aliisque</strong></span> <span class='ocrx_word' id='word_1_584' title='bbox 2245 1276 2450 1320; x_wconf 84' lang='lat' dir='ltr'><strong>Phintias</strong></span> <span class='ocrx_word' id='word_1_585' title='bbox 2468 1275 2658 1320; x_wconf 82' lang='lat' dir='ltr'><strong>dicitur.</strong></span> <span class='ocrx_word' id='word_1_586' title='bbox 2685 1295 2703 1315; x_wconf 68' lang='lat' dir='ltr'><strong>n</strong></span> <span class='ocrx_word' id='word_1_587' title='bbox 2728 1276 2936 1322; x_wconf 69' lang='lat' dir='ltr'><strong>Kus&#39;ntn.</strong></span> <span class='ocrx_word' id='word_1_588' title='bbox 2960 1263 2962 1266; x_wconf 33' lang='lat'>¹</span> <span class='ocrx_word' id='word_1_589' title='bbox 3010 1292 3013 1295; x_wconf 65' lang='grc'><strong><em>’</em></strong></span> 
     </span>
     <span class='ocr_line' id='line_1_99' title="bbox 1640 1345 3012 1413; baseline 0.003 -25"><span class='ocrx_word' id='word_1_590' title='bbox 1640 1368 1658 1388; x_wconf 74' lang='grc' dir='ltr'>α</span> <span class='ocrx_word' id='word_1_591' title='bbox 1685 1347 1821 1391; x_wconf 87' lang='lat' dir='ltr'><strong>Adde</strong></span> <span class='ocrx_word' id='word_1_592' title='bbox 1842 1348 1936 1392; x_wconf 87' lang='lat' dir='ltr'><strong>Cic.</strong></span> <span class='ocrx_word' id='word_1_593' title='bbox 1963 1347 2022 1391; x_wconf 89' lang='lat' dir='ltr'><strong>de</strong></span> <span class='ocrx_word' id='word_1_594' title='bbox 2048 1347 2141 1393; x_wconf 88' lang='lat' dir='ltr'><strong>Osf.</strong></span> <span class='ocrx_word' id='word_1_595' title='bbox 2167 1349 2261 1403; x_wconf 92' lang='lat' dir='ltr'>III,</span> <span class='ocrx_word' id='word_1_596' title='bbox 2293 1363 2374 1400; x_wconf 83' lang='lat'><strong>10,</strong></span> <span class='ocrx_word' id='word_1_597' title='bbox 2391 1348 2593 1395; x_wconf 78' lang='lat' dir='ltr'><strong>Diodor.</strong></span> <span class='ocrx_word' id='word_1_598' title='bbox 2621 1347 2714 1410; x_wconf 87' lang='lat' dir='ltr'><strong>(X,</strong></span> <span class='ocrx_word' id='word_1_599' title='bbox 2736 1345 2797 1413; x_wconf 75' lang='grc'><strong>4)</strong></span> <span class='ocrx_word' id='word_1_600' title='bbox 2827 1348 2938 1394; x_wconf 84' lang='lat' dir='ltr'><strong>Exc.</strong></span> <span class='ocrx_word' id='word_1_601' title='bbox 3010 1380 3012 1384; x_wconf 31' lang='grc' dir='ltr'><em>ψ</em></span> 
     </span>
     <span class='ocr_line' id='line_1_100' title="bbox 1638 1418 3011 1480; baseline 0.004 -18"><span class='ocrx_word' id='word_1_602' title='bbox 1638 1421 1708 1463; x_wconf 89' lang='lat' dir='ltr'><strong>De</strong></span> <span class='ocrx_word' id='word_1_603' title='bbox 1746 1420 1855 1463; x_wconf 86' lang='lat' dir='ltr'><strong>virt.</strong></span> <span class='ocrx_word' id='word_1_604' title='bbox 1884 1434 1935 1478; x_wconf 89' lang='lat' dir='ltr'><strong>p.</strong></span> <span class='ocrx_word' id='word_1_605' title='bbox 1967 1418 2080 1471; x_wconf 73' lang='lat'><strong>554.</strong></span> <span class='ocrx_word' id='word_1_606' title='bbox 2109 1421 2320 1466; x_wconf 80' lang='lat' dir='ltr'><strong>Laetam.</strong></span> <span class='ocrx_word' id='word_1_607' title='bbox 2347 1421 2405 1480; x_wconf 85' lang='lat' dir='ltr'><strong>V,</strong></span> <span class='ocrx_word' id='word_1_608' title='bbox 2443 1421 2718 1480; x_wconf 71' lang='lat' dir='ltr'><strong>17.&#39;Neque</strong></span> <span class='ocrx_word' id='word_1_609' title='bbox 2740 1423 2941 1480; x_wconf 72' lang='lat' dir='ltr'><strong>praeter-</strong></span> <span class='ocrx_word' id='word_1_610' title='bbox 3008 1471 3011 1473; x_wconf 64' lang='lat'><em>,</em></span> 
     </span>
     <span class='ocr_line' id='line_1_101' title="bbox 1640 1491 2936 1552; baseline 0.001 -17"><span class='ocrx_word' id='word_1_611' title='bbox 1640 1491 1821 1536; x_wconf 90' lang='lat' dir='ltr'><strong>eundus</strong></span> <span class='ocrx_word' id='word_1_612' title='bbox 1852 1500 1917 1536; x_wconf 86' lang='lat' dir='ltr'><strong>est</strong></span> <span class='ocrx_word' id='word_1_613' title='bbox 1949 1493 2004 1536; x_wconf 92' lang='lat' dir='ltr'><strong>A.</strong></span> <span class='ocrx_word' id='word_1_614' title='bbox 2037 1491 2090 1537; x_wconf 89' lang='lat' dir='ltr'><strong>G.</strong></span> <span class='ocrx_word' id='word_1_615' title='bbox 2120 1493 2278 1552; x_wconf 83' lang='lat' dir='ltr'><strong>Lange</strong></span> <span class='ocrx_word' id='word_1_616' title='bbox 2315 1493 2364 1535; x_wconf 85' lang='lat' dir='ltr'><strong>in</strong></span> <span class='ocrx_word' id='word_1_617' title='bbox 2403 1493 2466 1536; x_wconf 87' lang='lat' dir='ltr'><strong>N.</strong></span> <span class='ocrx_word' id='word_1_618' title='bbox 2506 1491 2693 1541; x_wconf 76' lang='lat' dir='ltr'><strong>leutsch.</strong></span> <span class='ocrx_word' id='word_1_619' title='bbox 2729 1492 2936 1536; x_wconf 72' lang='lat' dir='ltr'><strong>Memur.</strong></span> 
     </span>
     <span class='ocr_line' id='line_1_102' title="bbox 1645 1563 2352 1624; baseline 0.003 -16"><span class='ocrx_word' id='word_1_620' title='bbox 1645 1563 1992 1624; x_wconf 74' lang='lat' dir='ltr'><strong>1808,p.183.</strong></span> <span class='ocrx_word' id='word_1_621' title='bbox 2023 1584 2043 1603; x_wconf 87' lang='lat'>»</span> <span class='ocrx_word' id='word_1_622' title='bbox 2075 1566 2352 1610; x_wconf 68' lang='lat' dir='ltr'><strong>KmssmNG-</strong></span> 
     </span>
    </p>

    <p class='ocr_par' dir='ltr' id='par_1_21' title="bbox 2255 1649 2702 1681">
     <span class='ocr_line' id='line_1_103' title="bbox 2255 1649 2702 1681; baseline 0 0"><span class='ocrx_word' id='word_1_623' title='bbox 2255 1652 2331 1681; x_wconf 90' lang='lat'><strong>10.</strong></span> <span class='ocrx_word' id='word_1_624' title='bbox 2696 1649 2702 1655; x_wconf 80' lang='grc'><strong><em>’</em></strong></span> 
     </span>
    </p>

    <p class='ocr_par' dir='ltr' id='par_1_22' title="bbox 1639 1684 2963 1919">
     <span class='ocr_line' id='line_1_104' title="bbox 1703 1684 2963 1773; baseline -0.002 -18"><span class='ocrx_word' id='word_1_625' title='bbox 1703 1712 1934 1772; x_wconf 82' lang='lat' dir='ltr'><strong>Diog.L.</strong></span> <span class='ocrx_word' id='word_1_626' title='bbox 1976 1684 2466 1773; x_wconf 58' lang='lat' dir='ltr'><strong>V111,1[.:11p0›rov</strong></span> <span class='ocrx_word' id='word_1_627' title='bbox 2497 1709 2559 1762; x_wconf 77' lang='grc' dir='ltr'><strong>εἷς</strong></span> <span class='ocrx_word' id='word_1_628' title='bbox 2591 1705 2705 1763; x_wconf 76' lang='grc' dir='ltr'>τοὺς</span> <span class='ocrx_word' id='word_1_629' title='bbox 2713 1703 2963 1767; x_wconf 74' lang='grc' dir='ltr'>Ἕλληνας</span> 
     </span>
     <span class='ocr_line' id='line_1_105' title="bbox 1640 1777 2941 1894; baseline 0.001 -66"><span class='ocrx_word' id='word_1_630' title='bbox 1640 1780 1776 1846; x_wconf 84' lang='grc' dir='ltr'>μέτρα</span> <span class='ocrx_word' id='word_1_631' title='bbox 1800 1781 1874 1828; x_wconf 85' lang='grc' dir='ltr'><strong>καὶ</strong></span> <span class='ocrx_word' id='word_1_632' title='bbox 1911 1779 2084 1842; x_wconf 85' lang='grc' dir='ltr'>σταθμὰ</span> <span class='ocrx_word' id='word_1_633' title='bbox 2110 1780 2457 1844; x_wconf 78' lang='grc' dir='ltr'>εἰσηγήσασθαι(</span> <span class='ocrx_word' id='word_1_634' title='bbox 2481 1778 2803 1894; x_wconf 77' lang='grc' dir='ltr'>Πυθαγόραν),</span> <span class='ocrx_word' id='word_1_635' title='bbox 2823 1777 2941 1829; x_wconf 61' lang='grc' dir='ltr'>καθά</span> 
     </span>
     <span class='ocr_line' id='line_1_106' title="bbox 1639 1851 2440 1919; baseline -0.001 -19"><span class='ocrx_word' id='word_1_636' title='bbox 1639 1872 1767 1919; x_wconf 79' lang='grc' dir='ltr'>φησιν</span> <span class='ocrx_word' id='word_1_637' title='bbox 1791 1851 2073 1919; x_wconf 81' lang='grc' dir='ltr'>Ἀριστόξενος</span> <span class='ocrx_word' id='word_1_638' title='bbox 2102 1855 2125 1899; x_wconf 83' lang='grc' dir='ltr'>ὁ</span> <span class='ocrx_word' id='word_1_639' title='bbox 2151 1852 2370 1915; x_wconf 87' lang='grc' dir='ltr'>μουσικός.</span> <span class='ocrx_word' id='word_1_640' title='bbox 2438 1867 2440 1869; x_wconf 74' lang='grc'><strong><em>’</em></strong></span> 
     </span>
    </p>

    <p class='ocr_par' dir='ltr' id='par_1_23' title="bbox 2254 1943 2329 1972">
     <span class='ocr_line' id='line_1_107' title="bbox 2254 1943 2329 1972; baseline 0.02 -1"><span class='ocrx_word' id='word_1_641' title='bbox 2254 1943 2329 1972; x_wconf 90' lang='lat'><strong>11.</strong></span> 
     </span>
    </p>

    <p class='ocr_par' dir='ltr' id='par_1_24' title="bbox 1638 1988 2961 2716">
     <span class='ocr_line' id='line_1_108' title="bbox 1705 1988 2939 2088; baseline 0.002 -43"><span class='ocrx_word' id='word_1_642' title='bbox 1705 2000 1951 2045; x_wconf 83' lang='lat' dir='ltr'><strong>Iamblich.</strong></span> <span class='ocrx_word' id='word_1_643' title='bbox 1978 2001 2067 2046; x_wconf 90' lang='lat' dir='ltr'><strong>Vit.</strong></span> <span class='ocrx_word' id='word_1_644' title='bbox 2079 2000 2226 2088; x_wconf 30' lang='grc' dir='ltr'>ὶξΡγιΙι</span> <span class='ocrx_word' id='word_1_645' title='bbox 2247 1999 2288 2060; x_wconf 98' lang='grc'>5</span> <span class='ocrx_word' id='word_1_646' title='bbox 2309 1999 2442 2054; x_wconf 73' lang='lat'>248:</span> <span class='ocrx_word' id='word_1_647' title='bbox 2474 1995 2657 2060; x_wconf 80' lang='grc' dir='ltr'>Κύλων,</span> <span class='ocrx_word' id='word_1_648' title='bbox 2681 1996 2813 2064; x_wconf 75' lang='grc' dir='ltr'>ἀνὴρ</span> <span class='ocrx_word' id='word_1_649' title='bbox 2822 1988 2939 2064; x_wconf 74' lang='grc' dir='ltr'><strong>Κρό·</strong></span> 
     </span>
     <span class='ocr_line' id='line_1_109' title="bbox 1638 2068 2937 2135; baseline 0.001 -19"><span class='ocrx_word' id='word_1_650' title='bbox 1638 2070 1869 2127; x_wconf 84' lang='grc' dir='ltr'>τωνιοὶτης,</span> <span class='ocrx_word' id='word_1_651' title='bbox 1895 2069 2006 2133; x_wconf 84' lang='grc' dir='ltr'>γένει</span> <span class='ocrx_word' id='word_1_652' title='bbox 2042 2069 2120 2132; x_wconf 82' lang='grc' dir='ltr'><strong>μὲν</strong></span> <span class='ocrx_word' id='word_1_653' title='bbox 2151 2069 2226 2116; x_wconf 83' lang='grc' dir='ltr'><strong>καὶ</strong></span> <span class='ocrx_word' id='word_1_654' title='bbox 2259 2068 2357 2134; x_wconf 84' lang='grc' dir='ltr'>δόξῃ</span> <span class='ocrx_word' id='word_1_655' title='bbox 2391 2069 2466 2118; x_wconf 81' lang='grc' dir='ltr'><strong>καὶ</strong></span> <span class='ocrx_word' id='word_1_656' title='bbox 2495 2068 2668 2135; x_wconf 86' lang='grc' dir='ltr'>πλουτῳ</span> <span class='ocrx_word' id='word_1_657' title='bbox 2701 2068 2937 2134; x_wconf 66' lang='grc' dir='ltr'>πρωτεύων</span> 
     </span>
     <span class='ocr_line' id='line_1_110' title="bbox 1638 2116 2940 2208; baseline 0.002 -19"><span class='ocrx_word' id='word_1_658' title='bbox 1638 2162 1722 2189; x_wconf 91' lang='grc' dir='ltr'><strong>των</strong></span> <span class='ocrx_word' id='word_1_659' title='bbox 1763 2144 1969 2200; x_wconf 86' lang='grc' dir='ltr'>πολιτῶν,</span> <span class='ocrx_word' id='word_1_660' title='bbox 2010 2116 2152 2198; x_wconf 87' lang='grc' dir='ltr'>ἄλλως</span> <span class='ocrx_word' id='word_1_661' title='bbox 2190 2140 2235 2189; x_wconf 83' lang='grc' dir='ltr'><strong>δὲ</strong></span> <span class='ocrx_word' id='word_1_662' title='bbox 2266 2142 2460 2207; x_wconf 82' lang='grc' dir='ltr'>χαλεπός</span> <span class='ocrx_word' id='word_1_663' title='bbox 2493 2161 2558 2196; x_wconf 90' lang='grc' dir='ltr'><strong>τις</strong></span> <span class='ocrx_word' id='word_1_664' title='bbox 2591 2142 2666 2189; x_wconf 81' lang='grc' dir='ltr'><strong>καὶ</strong></span> <span class='ocrx_word' id='word_1_665' title='bbox 2699 2140 2836 2208; x_wconf 81' lang='grc' dir='ltr'>βίαιος</span> <span class='ocrx_word' id='word_1_666' title='bbox 2861 2141 2940 2191; x_wconf 67' lang='grc' dir='ltr'><strong>καὶ</strong></span> 
     </span>
     <span class='ocr_line' id='line_1_111' title="bbox 1640 2208 2940 2282; baseline -0.001 -19"><span class='ocrx_word' id='word_1_667' title='bbox 1640 2213 1886 2280; x_wconf 74' lang='grc' dir='ltr'>θορυὸώδης</span> <span class='ocrx_word' id='word_1_668' title='bbox 1910 2214 1984 2262; x_wconf 77' lang='grc' dir='ltr'><strong>καὶ</strong></span> <span class='ocrx_word' id='word_1_669' title='bbox 2013 2214 2264 2280; x_wconf 77' lang='grc' dir='ltr'>τυραννικὸς</span> <span class='ocrx_word' id='word_1_670' title='bbox 2293 2214 2344 2262; x_wconf 84' lang='grc' dir='ltr'><strong>τὸ</strong></span> <span class='ocrx_word' id='word_1_671' title='bbox 2367 2208 2494 2274; x_wconf 68' lang='grc' dir='ltr'>ἦθος,</span> <span class='ocrx_word' id='word_1_672' title='bbox 2521 2222 2669 2263; x_wconf 81' lang='grc' dir='ltr'>πᾶσαν</span> <span class='ocrx_word' id='word_1_673' title='bbox 2697 2212 2940 2282; x_wconf 66' lang='grc' dir='ltr'>προθυμίαιι</span> 
     </span>
     <span class='ocr_line' id='line_1_112' title="bbox 1639 2286 2941 2356; baseline -0.002 -20"><span class='ocrx_word' id='word_1_674' title='bbox 1639 2287 1971 2352; x_wconf 77' lang='grc' dir='ltr'>παρασχόμενος</span> <span class='ocrx_word' id='word_1_675' title='bbox 2006 2289 2112 2352; x_wconf 84' lang='grc' dir='ltr'>πρὸς</span> <span class='ocrx_word' id='word_1_676' title='bbox 2146 2286 2194 2334; x_wconf 73' lang='grc' dir='ltr'><strong>τὸ</strong></span> <span class='ocrx_word' id='word_1_677' title='bbox 2230 2291 2491 2345; x_wconf 67' lang='grc' dir='ltr'>κοινωνῆσαι</span> <span class='ocrx_word' id='word_1_678' title='bbox 2523 2292 2599 2335; x_wconf 76' lang='grc' dir='ltr'><strong>τοῦ</strong></span> <span class='ocrx_word' id='word_1_679' title='bbox 2643 2286 2941 2356; x_wconf 70' lang='grc' dir='ltr'>Πυθαγορείοῠ·</span> 
     </span>
     <span class='ocr_line' id='line_1_113' title="bbox 1643 2358 2945 2426; baseline -0.002 -17.998"><span class='ocrx_word' id='word_1_680' title='bbox 1643 2360 1761 2424; x_wconf 79' lang='grc' dir='ltr'>βίου,</span> <span class='ocrx_word' id='word_1_681' title='bbox 1789 2360 1861 2408; x_wconf 81' lang='grc' dir='ltr'><strong>καὶ</strong></span> <span class='ocrx_word' id='word_1_682' title='bbox 1889 2361 2137 2424; x_wconf 85' lang='grc' dir='ltr'>προσελθὼν</span> <span class='ocrx_word' id='word_1_683' title='bbox 2171 2360 2277 2425; x_wconf 79' lang='grc' dir='ltr'>πρὸς</span> <span class='ocrx_word' id='word_1_684' title='bbox 2301 2360 2429 2408; x_wconf 80' lang='grc' dir='ltr'>αὐτὸν</span> <span class='ocrx_word' id='word_1_685' title='bbox 2455 2359 2528 2407; x_wconf 80' lang='grc' dir='ltr'><strong>τὸν</strong></span> <span class='ocrx_word' id='word_1_686' title='bbox 2566 2359 2824 2426; x_wconf 76' lang='grc' dir='ltr'>Πυθαγόραν</span> <span class='ocrx_word' id='word_1_687' title='bbox 2842 2358 2945 2420; x_wconf 63' lang='grc' dir='ltr'><strong>ἤδη.</strong></span> 
     </span>
     <span class='ocr_line' id='line_1_114' title="bbox 1644 2427 2959 2499; baseline 0 -21"><span class='ocrx_word' id='word_1_688' title='bbox 1644 2432 1890 2497; x_wconf 68' lang='grc' dir='ltr'>πρεσὸύτην</span> <span class='ocrx_word' id='word_1_689' title='bbox 1915 2432 2041 2491; x_wconf 85' lang='grc' dir='ltr'>ὄντα,</span> <span class='ocrx_word' id='word_1_690' title='bbox 2073 2432 2404 2494; x_wconf 82' lang='grc' dir='ltr'>ἀπεδοκιμάσθη</span> <span class='ocrx_word' id='word_1_691' title='bbox 2432 2431 2502 2479; x_wconf 79' lang='grc' dir='ltr'><strong>διὰ</strong></span> <span class='ocrx_word' id='word_1_692' title='bbox 2519 2430 2596 2488; x_wconf 77' lang='grc' dir='ltr'><strong>τὰς</strong></span> <span class='ocrx_word' id='word_1_693' title='bbox 2618 2427 2933 2499; x_wconf 72' lang='grc' dir='ltr'>προειρημένας</span> <span class='ocrx_word' id='word_1_694' title='bbox 2956 2495 2959 2499; x_wconf 17' lang='grc' dir='ltr'><strong><em>Δ</em></strong></span> 
     </span>
     <span class='ocr_line' id='line_1_115' title="bbox 1641 2501 2954 2571; baseline 0.001 -19"><span class='ocrx_word' id='word_1_695' title='bbox 1641 2507 1796 2559; x_wconf 80' lang='grc' dir='ltr'>αἰτίας.</span> <span class='ocrx_word' id='word_1_696' title='bbox 1825 2504 2062 2568; x_wconf 85' lang='grc' dir='ltr'>Γενομένου</span> <span class='ocrx_word' id='word_1_697' title='bbox 2096 2503 2140 2552; x_wconf 85' lang='grc' dir='ltr'><strong>δὲ</strong></span> <span class='ocrx_word' id='word_1_698' title='bbox 2167 2504 2319 2552; x_wconf 82' lang='grc' dir='ltr'>τούτου</span> <span class='ocrx_word' id='word_1_699' title='bbox 2337 2542 2352 2568; x_wconf 83' lang='lat'>,</span> <span class='ocrx_word' id='word_1_700' title='bbox 2384 2505 2574 2568; x_wconf 87' lang='grc' dir='ltr'>πόλεμον</span> <span class='ocrx_word' id='word_1_701' title='bbox 2605 2505 2780 2571; x_wconf 79' lang='grc' dir='ltr'>ἷσχυρὸν</span> <span class='ocrx_word' id='word_1_702' title='bbox 2801 2501 2954 2570; x_wconf 54' lang='grc' dir='ltr'>ἤρατο</span> 
     </span>
     <span class='ocr_line' id='line_1_116' title="bbox 1640 2567 2961 2644; baseline -0.001 -19"><span class='ocrx_word' id='word_1_703' title='bbox 1640 2578 1714 2625; x_wconf 82' lang='grc' dir='ltr'><strong>καὶ</strong></span> <span class='ocrx_word' id='word_1_704' title='bbox 1750 2577 1875 2632; x_wconf 77' lang='grc' dir='ltr'>αὐτὸς</span> <span class='ocrx_word' id='word_1_705' title='bbox 1907 2577 1982 2625; x_wconf 79' lang='grc' dir='ltr'><strong>καὶ</strong></span> <span class='ocrx_word' id='word_1_706' title='bbox 2005 2580 2044 2625; x_wconf 76' lang='grc' dir='ltr'><strong>οἱ</strong></span> <span class='ocrx_word' id='word_1_707' title='bbox 2078 2576 2192 2644; x_wconf 87' lang='grc' dir='ltr'>φίλοι</span> <span class='ocrx_word' id='word_1_708' title='bbox 2233 2579 2386 2624; x_wconf 80' lang='grc' dir='ltr'>αὐτου</span> <span class='ocrx_word' id='word_1_709' title='bbox 2395 2596 2443 2625; x_wconf 88' lang='grc' dir='ltr'><strong>τε</strong></span> <span class='ocrx_word' id='word_1_710' title='bbox 2478 2581 2550 2626; x_wconf 76' lang='grc' dir='ltr'><strong>τοῦ</strong></span> <span class='ocrx_word' id='word_1_711' title='bbox 2585 2577 2787 2634; x_wconf 64' lang='grc' dir='ltr'>Κιρλωνος</span> <span class='ocrx_word' id='word_1_712' title='bbox 2830 2567 2961 2642; x_wconf 48' lang='grc' dir='ltr'>πρὶξῘ</span> 
     </span>
     <span class='ocr_line' id='line_1_117' title="bbox 1642 2646 2939 2743; baseline -0.002 -45"><span class='ocrx_word' id='word_1_713' title='bbox 1642 2650 1769 2698; x_wconf 82' lang='grc' dir='ltr'>αυτόν</span> <span class='ocrx_word' id='word_1_714' title='bbox 1802 2670 1849 2698; x_wconf 89' lang='grc' dir='ltr'><strong>τε</strong></span> <span class='ocrx_word' id='word_1_715' title='bbox 1892 2649 2154 2716; x_wconf 86' lang='grc' dir='ltr'>Πυθαγόραν</span> <span class='ocrx_word' id='word_1_716' title='bbox 2190 2649 2265 2698; x_wconf 73' lang='grc' dir='ltr'><strong>καὶ</strong></span> <span class='ocrx_word' id='word_1_717' title='bbox 2314 2650 2410 2704; x_wconf 82' lang='grc' dir='ltr'>τους</span> <span class='ocrx_word' id='word_1_718' title='bbox 2449 2649 2665 2715; x_wconf 83' lang='grc' dir='ltr'>ἑταίρους·</span> <span class='ocrx_word' id='word_1_719' title='bbox 2711 2648 2788 2698; x_wconf 66' lang='grc' dir='ltr'><strong>καὶ</strong></span> <span class='ocrx_word' id='word_1_720' title='bbox 2823 2646 2939 2743; x_wconf 56' lang='grc' dir='ltr'>οὔτί)</span> 
     </span>
    </p>
   </div>
   <div class='ocr_carea' id='block_1_12' title="bbox 2861 1634 2878 1651">
    <p class='ocr_par' dir='ltr' id='par_1_25' title="bbox 2861 1634 2878 1651">
     <span class='ocr_line' id='line_1_118' title="bbox 2861 1634 2878 1651; baseline 0 0"><span class='ocrx_word' id='word_1_721' title='bbox 2861 1634 2878 1651; x_wconf 57' lang='grc' dir='ltr'>ἱ</span> 
     </span>
    </p>
   </div>
   <div class='ocr_carea' id='block_1_13' title="bbox 1639 2767 2938 4315">
    <p class='ocr_par' dir='ltr' id='par_1_26' title="bbox 1639 2767 2951 4315">
     <span class='ocr_line' id='line_1_119' title="bbox 1639 2767 2934 2841; baseline -0.001 -11"><span class='ocrx_word' id='word_1_722' title='bbox 1639 2767 1913 2841; x_wconf 78' lang='lat' dir='ltr'><strong>obstupuisse;</strong></span> <span class='ocrx_word' id='word_1_723' title='bbox 1931 2790 2019 2829; x_wconf 86' lang='lat' dir='ltr'><strong>illos</strong></span> <span class='ocrx_word' id='word_1_724' title='bbox 2045 2801 2141 2830; x_wconf 87' lang='lat' dir='ltr'><strong>vero</strong></span> <span class='ocrx_word' id='word_1_725' title='bbox 2158 2820 2169 2838; x_wconf 92' lang='lat'>‚</span> <span class='ocrx_word' id='word_1_726' title='bbox 2191 2790 2261 2840; x_wconf 89' lang='lat' dir='ltr'><strong>qui</strong></span> <span class='ocrx_word' id='word_1_727' title='bbox 2281 2789 2446 2840; x_wconf 85' lang='lat' dir='ltr'><strong>periculi</strong></span> <span class='ocrx_word' id='word_1_728' title='bbox 2463 2789 2632 2829; x_wconf 81' lang='lat' dir='ltr'><strong>faciendi</strong></span> <span class='ocrx_word' id='word_1_729' title='bbox 2657 2789 2773 2840; x_wconf 75' lang='lat' dir='ltr'><strong>primi</strong></span> <span class='ocrx_word' id='word_1_730' title='bbox 2791 2789 2934 2829; x_wconf 63' lang='lat' dir='ltr'><strong>aneto·</strong></span> 
     </span>
     <span class='ocr_line' id='line_1_120' title="bbox 1644 2851 2938 2901; baseline -0.002 -7"><span class='ocrx_word' id='word_1_731' title='bbox 1644 2865 1707 2894; x_wconf 88' lang='lat' dir='ltr'><strong>res</strong></span> <span class='ocrx_word' id='word_1_732' title='bbox 1722 2854 1902 2901; x_wconf 73' lang='lat' dir='ltr'><strong>funerant,</strong></span> <span class='ocrx_word' id='word_1_733' title='bbox 1919 2853 2087 2894; x_wconf 86' lang='lat' dir='ltr'><strong>irrisisse</strong></span> <span class='ocrx_word' id='word_1_734' title='bbox 2115 2857 2362 2901; x_wconf 88' lang='lat' dir='ltr'><strong>Damonem,</strong></span> <span class='ocrx_word' id='word_1_735' title='bbox 2391 2863 2484 2893; x_wconf 88' lang='lat' dir='ltr'><strong>eum</strong></span> <span class='ocrx_word' id='word_1_736' title='bbox 2504 2853 2632 2892; x_wconf 80' lang='lat' dir='ltr'><strong>veluti</strong></span> <span class='ocrx_word' id='word_1_737' title='bbox 2649 2863 2811 2893; x_wconf 81' lang='lat' dir='ltr'><strong>cervam</strong></span> <span class='ocrx_word' id='word_1_738' title='bbox 2830 2851 2938 2891; x_wconf 72' lang='lat' dir='ltr'><strong>vien-</strong></span> 
     </span>
     <span class='ocr_line' id='line_1_121' title="bbox 1639 2915 2938 2970; baseline -0.003 -12"><span class='ocrx_word' id='word_1_739' title='bbox 1639 2919 1741 2958; x_wconf 84' lang='lat' dir='ltr'><strong>riam</strong></span> <span class='ocrx_word' id='word_1_740' title='bbox 1771 2918 1976 2958; x_wconf 76' lang='lat' dir='ltr'><strong>victimam</strong></span> <span class='ocrx_word' id='word_1_741' title='bbox 2007 2918 2267 2957; x_wconf 86' lang='lat' dir='ltr'><strong>substitutum</strong></span> <span class='ocrx_word' id='word_1_742' title='bbox 2290 2927 2376 2957; x_wconf 81' lang='lat' dir='ltr'><strong>esse</strong></span> <span class='ocrx_word' id='word_1_743' title='bbox 2402 2917 2593 2957; x_wconf 84' lang='lat' dir='ltr'><strong>caviliati.</strong></span> <span class='ocrx_word' id='word_1_744' title='bbox 2644 2919 2787 2970; x_wconf 76' lang='lat' dir='ltr'><strong>Quum</strong></span> <span class='ocrx_word' id='word_1_745' title='bbox 2812 2915 2938 2966; x_wconf 75' lang='lat' dir='ltr'><strong>igitur</strong></span> 
     </span>
     <span class='ocr_line' id='line_1_122' title="bbox 1639 2980 2936 3032; baseline -0.002 -10"><span class='ocrx_word' id='word_1_746' title='bbox 1639 2986 1722 3032; x_wconf 88' lang='lat' dir='ltr'><strong>jam</strong></span> <span class='ocrx_word' id='word_1_747' title='bbox 1738 2982 1788 3022; x_wconf 82' lang='lat' dir='ltr'><strong>ad</strong></span> <span class='ocrx_word' id='word_1_748' title='bbox 1804 2992 1995 3021; x_wconf 87' lang='lat' dir='ltr'><strong>occasum</strong></span> <span class='ocrx_word' id='word_1_749' title='bbox 2025 2982 2084 3021; x_wconf 90' lang='lat' dir='ltr'><strong>sol</strong></span> <span class='ocrx_word' id='word_1_750' title='bbox 2105 2980 2340 3030; x_wconf 75' lang='lat' dir='ltr'><strong>inclinaret,</strong></span> <span class='ocrx_word' id='word_1_751' title='bbox 2359 2980 2535 3020; x_wconf 84' lang='lat' dir='ltr'><strong>Phintias</strong></span> <span class='ocrx_word' id='word_1_752' title='bbox 2558 2980 2775 3021; x_wconf 88' lang='lat' dir='ltr'><strong>moriturus</strong></span> <span class='ocrx_word' id='word_1_753' title='bbox 2795 2989 2936 3030; x_wconf 83' lang='lat' dir='ltr'><strong>super·</strong></span> 
     </span>
     <span class='ocr_line' id='line_1_123' title="bbox 1643 3040 2935 3095; baseline -0.002 -10"><span class='ocrx_word' id='word_1_754' title='bbox 1643 3047 1768 3087; x_wconf 87' lang='lat' dir='ltr'><strong>venit.</strong></span> <span class='ocrx_word' id='word_1_755' title='bbox 1825 3050 1914 3093; x_wconf 85' lang='lat' dir='ltr'><strong>Qua</strong></span> <span class='ocrx_word' id='word_1_756' title='bbox 1947 3040 1991 3086; x_wconf 88' lang='lat' dir='ltr'><strong>re</strong></span> <span class='ocrx_word' id='word_1_757' title='bbox 2017 3045 2198 3087; x_wconf 88' lang='lat' dir='ltr'><strong>omnium</strong></span> <span class='ocrx_word' id='word_1_758' title='bbox 2221 3044 2344 3083; x_wconf 89' lang='lat' dir='ltr'><strong>animi</strong></span> <span class='ocrx_word' id='word_1_759' title='bbox 2371 3043 2544 3094; x_wconf 86' lang='lat' dir='ltr'><strong>perculsi</strong></span> <span class='ocrx_word' id='word_1_760' title='bbox 2571 3045 2612 3083; x_wconf 88' lang='lat' dir='ltr'><strong>et</strong></span> <span class='ocrx_word' id='word_1_761' title='bbox 2637 3043 2751 3095; x_wconf 84' lang='lat' dir='ltr'><strong>quasi</strong></span> <span class='ocrx_word' id='word_1_762' title='bbox 2772 3043 2935 3084; x_wconf 78' lang='lat' dir='ltr'><strong>subacti</strong></span> 
     </span>
     <span class='ocr_line' id='line_1_124' title="bbox 1641 3100 2936 3161; baseline -0.002 -11"><span class='ocrx_word' id='word_1_763' title='bbox 1641 3113 1746 3151; x_wconf 88' lang='lat' dir='ltr'><strong>sunt.</strong></span> <span class='ocrx_word' id='word_1_764' title='bbox 1777 3113 1863 3161; x_wconf 86' lang='lat' dir='ltr'><strong>lpse</strong></span> <span class='ocrx_word' id='word_1_765' title='bbox 1890 3120 1984 3150; x_wconf 89' lang='lat' dir='ltr'><strong>vero</strong></span> <span class='ocrx_word' id='word_1_766' title='bbox 2010 3100 2220 3159; x_wconf 84' lang='lat' dir='ltr'><strong>Dionysius</strong></span> <span class='ocrx_word' id='word_1_767' title='bbox 2235 3136 2246 3151; x_wconf 83' lang='lat'>‚</span> <span class='ocrx_word' id='word_1_768' title='bbox 2267 3107 2374 3148; x_wconf 60' lang='lat' dir='ltr'><strong>vitos</strong></span> <span class='ocrx_word' id='word_1_769' title='bbox 2388 3108 2596 3158; x_wconf 87' lang='lat' dir='ltr'><strong>amplexus</strong></span> <span class='ocrx_word' id='word_1_770' title='bbox 2611 3137 2624 3157; x_wconf 84' lang='lat'>,</span> <span class='ocrx_word' id='word_1_771' title='bbox 2646 3109 2692 3148; x_wconf 86' lang='lat' dir='ltr'><strong>ut</strong></span> <span class='ocrx_word' id='word_1_772' title='bbox 2716 3106 2870 3157; x_wconf 79' lang='lat' dir='ltr'><strong>aiebat.</strong></span> <span class='ocrx_word' id='word_1_773' title='bbox 2895 3109 2936 3148; x_wconf 86' lang='lat' dir='ltr'><strong>et</strong></span> 
     </span>
     <span class='ocr_line' id='line_1_125' title="bbox 1641 3170 2934 3224; baseline -0.002 -10"><span class='ocrx_word' id='word_1_774' title='bbox 1641 3175 1894 3215; x_wconf 85' lang='lat' dir='ltr'><strong>deosculatus</strong></span> <span class='ocrx_word' id='word_1_775' title='bbox 1914 3174 2088 3224; x_wconf 86' lang='lat' dir='ltr'><strong>rogavit,</strong></span> <span class='ocrx_word' id='word_1_776' title='bbox 2102 3174 2148 3212; x_wconf 89' lang='lat' dir='ltr'><strong>ut</strong></span> <span class='ocrx_word' id='word_1_777' title='bbox 2164 3183 2206 3212; x_wconf 90' lang='lat' dir='ltr'><strong>se</strong></span> <span class='ocrx_word' id='word_1_778' title='bbox 2222 3171 2386 3212; x_wconf 85' lang='lat' dir='ltr'><strong>tertium</strong></span> <span class='ocrx_word' id='word_1_779' title='bbox 2401 3171 2442 3211; x_wconf 90' lang='lat' dir='ltr'><strong>iu</strong></span> <span class='ocrx_word' id='word_1_780' title='bbox 2465 3171 2685 3211; x_wconf 86' lang='lat' dir='ltr'><strong>amicitiam</strong></span> <span class='ocrx_word' id='word_1_781' title='bbox 2699 3181 2815 3213; x_wconf 80' lang='lat' dir='ltr'><strong>suam</strong></span> <span class='ocrx_word' id='word_1_782' title='bbox 2831 3170 2934 3220; x_wconf 68' lang='lat' dir='ltr'><strong>moi-</strong></span> 
     </span>
     <span class='ocr_line' id='line_1_126' title="bbox 1640 3231 2937 3288; baseline 0 -11"><span class='ocrx_word' id='word_1_783' title='bbox 1640 3241 1780 3288; x_wconf 88' lang='lat' dir='ltr'><strong>perent</strong></span> <span class='ocrx_word' id='word_1_784' title='bbox 1802 3253 1811 3276; x_wconf 73' lang='grc' dir='ltr'>ε</span> <span class='ocrx_word' id='word_1_785' title='bbox 1831 3238 1884 3277; x_wconf 91' lang='lat' dir='ltr'><strong>illi</strong></span> <span class='ocrx_word' id='word_1_786' title='bbox 1902 3240 2036 3276; x_wconf 88' lang='lat' dir='ltr'><strong>autem</strong></span> <span class='ocrx_word' id='word_1_787' title='bbox 2051 3237 2163 3276; x_wconf 90' lang='lat' dir='ltr'><strong>nullo</strong></span> <span class='ocrx_word' id='word_1_788' title='bbox 2179 3234 2299 3275; x_wconf 90' lang='lat' dir='ltr'><strong>modo</strong></span> <span class='ocrx_word' id='word_1_789' title='bbox 2316 3234 2461 3275; x_wconf 84' lang='lat' dir='ltr'><strong>adduci</strong></span> <span class='ocrx_word' id='word_1_790' title='bbox 2477 3235 2696 3285; x_wconf 85' lang='lat' dir='ltr'><strong>potuerunt</strong></span> <span class='ocrx_word' id='word_1_791' title='bbox 2708 3263 2722 3286; x_wconf 89' lang='lat'><em>,</em></span> <span class='ocrx_word' id='word_1_792' title='bbox 2739 3235 2787 3275; x_wconf 84' lang='lat' dir='ltr'><strong>ut</strong></span> <span class='ocrx_word' id='word_1_793' title='bbox 2796 3231 2937 3286; x_wconf 71' lang='lat' dir='ltr'><strong>qum·</strong></span> 
     </span>
     <span class='ocr_line' id='line_1_127' title="bbox 1641 3299 2929 3352; baseline -0.003 -10"><span class='ocrx_word' id='word_1_794' title='bbox 1641 3303 1700 3342; x_wconf 80' lang='lat' dir='ltr'><strong>vis</strong></span> <span class='ocrx_word' id='word_1_795' title='bbox 1721 3302 1892 3342; x_wconf 87' lang='lat' dir='ltr'><strong>multum</strong></span> <span class='ocrx_word' id='word_1_796' title='bbox 1917 3301 2108 3352; x_wconf 85' lang='lat' dir='ltr'><strong>flagitanti</strong></span> <span class='ocrx_word' id='word_1_797' title='bbox 2126 3301 2361 3340; x_wconf 86' lang='lat' dir='ltr'><strong>annuerent.</strong></span> <span class='ocrx_word' id='word_1_798' title='bbox 2418 3301 2515 3339; x_wconf 80' lang='lat' dir='ltr'><strong>Haec</strong></span> <span class='ocrx_word' id='word_1_799' title='bbox 2533 3299 2792 3340; x_wconf 75' lang='lat' dir='ltr'><strong>Aristoxenus</strong></span> <span class='ocrx_word' id='word_1_800' title='bbox 2811 3299 2857 3340; x_wconf 84' lang='lat' dir='ltr'><strong>ut</strong></span> <span class='ocrx_word' id='word_1_801' title='bbox 2884 3309 2907 3338; x_wconf 89' lang='lat' dir='ltr'><strong>e</strong></span> <span class='ocrx_word' id='word_1_802' title='bbox 2927 3317 2929 3321; x_wconf 86' lang='lat'><strong>.</strong></span> 
     </span>
     <span class='ocr_line' id='line_1_128' title="bbox 1641 3364 2274 3416; baseline -0.003 -11"><span class='ocrx_word' id='word_1_803' title='bbox 1641 3377 1711 3406; x_wconf 90' lang='lat' dir='ltr'><strong>ore</strong></span> <span class='ocrx_word' id='word_1_804' title='bbox 1729 3365 1903 3416; x_wconf 82' lang='lat' dir='ltr'><strong>Dionysii</strong></span> <span class='ocrx_word' id='word_1_805' title='bbox 1919 3367 2106 3416; x_wconf 87' lang='lat' dir='ltr'><strong>percepta</strong></span> <span class='ocrx_word' id='word_1_806' title='bbox 2124 3364 2274 3404; x_wconf 86' lang='lat' dir='ltr'><strong>narrat.</strong></span> 
     </span>
     <span class='ocr_line' id='line_1_129' title="bbox 1695 3490 2905 3545; baseline -0.002 -12"><span class='ocrx_word' id='word_1_807' title='bbox 1695 3494 1960 3545; x_wconf 84' lang='lat' dir='ltr'><strong>Pythagoram</strong></span> <span class='ocrx_word' id='word_1_808' title='bbox 1977 3493 2153 3543; x_wconf 91' lang='lat' dir='ltr'><strong>primum</strong></span> <span class='ocrx_word' id='word_1_809' title='bbox 2169 3493 2210 3532; x_wconf 91' lang='lat' dir='ltr'><strong>in</strong></span> <span class='ocrx_word' id='word_1_810' title='bbox 2226 3493 2426 3532; x_wconf 85' lang='lat' dir='ltr'><strong>Graeciam</strong></span> <span class='ocrx_word' id='word_1_811' title='bbox 2444 3490 2715 3544; x_wconf 79' lang='lat' dir='ltr'><strong>introduxisse</strong></span> <span class='ocrx_word' id='word_1_812' title='bbox 2744 3509 2748 3524; x_wconf 83' lang='lat'><strong>·</strong></span> <span class='ocrx_word' id='word_1_813' title='bbox 2903 3507 2905 3523; x_wconf 70' lang='grc' dir='ltr'><strong><em>ε</em></strong></span> 
     </span>
     <span class='ocr_line' id='line_1_130' title="bbox 1641 3556 2549 3608; baseline -0.003 -10"><span class='ocrx_word' id='word_1_814' title='bbox 1641 3559 1682 3598; x_wconf 91' lang='lat' dir='ltr'><strong>et</strong></span> <span class='ocrx_word' id='word_1_815' title='bbox 1701 3557 1875 3608; x_wconf 86' lang='lat' dir='ltr'><strong>pondera</strong></span> <span class='ocrx_word' id='word_1_816' title='bbox 1893 3559 2063 3598; x_wconf 87' lang='lat' dir='ltr'><strong>testatur</strong></span> <span class='ocrx_word' id='word_1_817' title='bbox 2083 3557 2344 3598; x_wconf 81' lang='lat' dir='ltr'><strong>Aristoxenus</strong></span> <span class='ocrx_word' id='word_1_818' title='bbox 2358 3556 2549 3597; x_wconf 87' lang='lat' dir='ltr'><strong>musicus.</strong></span> 
     </span>
     <span class='ocr_line' id='line_1_131' title="bbox 1693 3681 2902 3738; baseline -0.002 -12"><span class='ocrx_word' id='word_1_819' title='bbox 1693 3689 1788 3727; x_wconf 81' lang='lat' dir='ltr'><strong>Erat</strong></span> <span class='ocrx_word' id='word_1_820' title='bbox 1823 3687 1921 3738; x_wconf 85' lang='lat' dir='ltr'><strong>cylo</strong></span> <span class='ocrx_word' id='word_1_821' title='bbox 1956 3697 2098 3736; x_wconf 82' lang='lat' dir='ltr'><strong>genere</strong></span> <span class='ocrx_word' id='word_1_822' title='bbox 2127 3687 2168 3726; x_wconf 86' lang='lat' dir='ltr'><strong>et</strong></span> <span class='ocrx_word' id='word_1_823' title='bbox 2189 3685 2399 3736; x_wconf 84' lang='lat' dir='ltr'><strong>splendore</strong></span> <span class='ocrx_word' id='word_1_824' title='bbox 2433 3686 2473 3725; x_wconf 88' lang='lat' dir='ltr'><strong>et</strong></span> <span class='ocrx_word' id='word_1_825' title='bbox 2502 3681 2651 3724; x_wconf 85' lang='lat' dir='ltr'><strong>divitiis</strong></span> <span class='ocrx_word' id='word_1_826' title='bbox 2685 3681 2780 3724; x_wconf 62' lang='lat' dir='ltr'><strong>&amp;ot</strong></span> <span class='ocrx_word' id='word_1_827' title='bbox 2803 3682 2822 3715; x_wconf 46' lang='lat'><strong>⁷·</strong></span> <span class='ocrx_word' id='word_1_828' title='bbox 2900 3697 2902 3713; x_wconf 81' lang='lat'><em>³</em></span> 
     </span>
     <span class='ocr_line' id='line_1_132' title="bbox 1643 3744 2891 3800; baseline -0.004 -10"><span class='ocrx_word' id='word_1_829' title='bbox 1643 3762 1733 3790; x_wconf 86' lang='lat' dir='ltr'><strong>rum</strong></span> <span class='ocrx_word' id='word_1_830' title='bbox 1762 3750 1875 3790; x_wconf 74' lang='lat' dir='ltr'><strong>facile</strong></span> <span class='ocrx_word' id='word_1_831' title='bbox 1897 3750 2102 3800; x_wconf 82' lang='lat' dir='ltr'><strong>princeps3</strong></span> <span class='ocrx_word' id='word_1_832' title='bbox 2123 3751 2255 3790; x_wconf 86' lang='lat' dir='ltr'><strong>cetera</strong></span> <span class='ocrx_word' id='word_1_833' title='bbox 2276 3761 2370 3790; x_wconf 90' lang='lat' dir='ltr'><strong>vero</strong></span> <span class='ocrx_word' id='word_1_834' title='bbox 2395 3749 2519 3789; x_wconf 90' lang='lat' dir='ltr'><strong>homo</strong></span> <span class='ocrx_word' id='word_1_835' title='bbox 2538 3745 2689 3794; x_wconf 84' lang='lat' dir='ltr'><strong>durus,</strong></span> <span class='ocrx_word' id='word_1_836' title='bbox 2713 3744 2891 3789; x_wconf 76' lang='lat' dir='ltr'><strong>violentu</strong></span> 
     </span>
     <span class='ocr_line' id='line_1_133' title="bbox 1644 3796 2887 3866; baseline -0.005 -10"><span class='ocrx_word' id='word_1_837' title='bbox 1644 3817 1855 3857; x_wconf 86' lang='lat' dir='ltr'><strong>seditiosus</strong></span> <span class='ocrx_word' id='word_1_838' title='bbox 1871 3818 1912 3856; x_wconf 92' lang='lat' dir='ltr'><strong>et</strong></span> <span class='ocrx_word' id='word_1_839' title='bbox 1934 3816 2142 3866; x_wconf 87' lang='lat' dir='ltr'><strong>tyrannico</strong></span> <span class='ocrx_word' id='word_1_840' title='bbox 2165 3815 2350 3864; x_wconf 79' lang='lat' dir='ltr'><strong>ingenio:</strong></span> <span class='ocrx_word' id='word_1_841' title='bbox 2367 3816 2478 3866; x_wconf 87' lang='lat' dir='ltr'><strong>isque</strong></span> <span class='ocrx_word' id='word_1_842' title='bbox 2493 3812 2648 3853; x_wconf 90' lang='lat' dir='ltr'><strong>nullum</strong></span> <span class='ocrx_word' id='word_1_843' title='bbox 2665 3821 2748 3852; x_wconf 89' lang='lat' dir='ltr'><strong>non</strong></span> <span class='ocrx_word' id='word_1_844' title='bbox 2763 3796 2869 3862; x_wconf 68' lang='lat' dir='ltr'><strong>lapid</strong></span> <span class='ocrx_word' id='word_1_845' title='bbox 2880 3826 2887 3845; x_wconf 74' lang='grc' dir='ltr'><strong>ι</strong></span> 
     </span>
     <span class='ocr_line' id='line_1_134' title="bbox 1642 3874 2887 3930; baseline -0.005 -10"><span class='ocrx_word' id='word_1_846' title='bbox 1642 3883 1855 3930; x_wconf 85' lang='lat' dir='ltr'><strong>moverat,</strong></span> <span class='ocrx_word' id='word_1_847' title='bbox 1878 3880 1983 3920; x_wconf 89' lang='lat' dir='ltr'><strong>utin</strong></span> <span class='ocrx_word' id='word_1_848' title='bbox 2012 3879 2350 3929; x_wconf 84' lang='lat' dir='ltr'><strong>Pythagoreorum</strong></span> <span class='ocrx_word' id='word_1_849' title='bbox 2375 3876 2617 3918; x_wconf 85' lang='lat' dir='ltr'><strong>consortium</strong></span> <span class='ocrx_word' id='word_1_850' title='bbox 2636 3874 2864 3921; x_wconf 74' lang='lat' dir='ltr'><strong>admitteret</strong></span> <span class='ocrx_word' id='word_1_851' title='bbox 2886 3919 2887 3923; x_wconf 9' lang='grc' dir='ltr'>η</span> 
     </span>
     <span class='ocr_line' id='line_1_135' title="bbox 1643 3938 2899 3995; baseline -0.004 -11"><span class='ocrx_word' id='word_1_852' title='bbox 1643 3955 1689 3984; x_wconf 88' lang='lat' dir='ltr'><strong>ac</strong></span> <span class='ocrx_word' id='word_1_853' title='bbox 1709 3947 1916 3995; x_wconf 86' lang='lat' dir='ltr'><strong>postquam</strong></span> <span class='ocrx_word' id='word_1_854' title='bbox 1936 3942 2198 3993; x_wconf 80' lang='lat' dir='ltr'><strong>Pythagoram</strong></span> <span class='ocrx_word' id='word_1_855' title='bbox 2217 3943 2347 3993; x_wconf 84' lang='lat' dir='ltr'><strong>ipsum</strong></span> <span class='ocrx_word' id='word_1_856' title='bbox 2364 3953 2411 3983; x_wconf 88' lang='lat' dir='ltr'><strong>ea</strong></span> <span class='ocrx_word' id='word_1_857' title='bbox 2429 3940 2483 3982; x_wconf 82' lang='lat' dir='ltr'><strong>de</strong></span> <span class='ocrx_word' id='word_1_858' title='bbox 2513 3950 2557 3980; x_wconf 90' lang='lat' dir='ltr'><strong>re</strong></span> <span class='ocrx_word' id='word_1_859' title='bbox 2583 3938 2863 3990; x_wconf 72' lang='lat' dir='ltr'><strong>compellarat.</strong></span> <span class='ocrx_word' id='word_1_860' title='bbox 2894 3941 2899 3944; x_wconf 84' lang='grc'><em>“</em></span> 
     </span>
     <span class='ocr_line' id='line_1_136' title="bbox 1643 4001 2877 4064; baseline -0.004 -15"><span class='ocrx_word' id='word_1_861' title='bbox 1643 4009 1851 4061; x_wconf 84' lang='lat' dir='ltr'><strong>praedictas</strong></span> <span class='ocrx_word' id='word_1_862' title='bbox 1871 4018 2028 4048; x_wconf 85' lang='lat' dir='ltr'><strong>caussas</strong></span> <span class='ocrx_word' id='word_1_863' title='bbox 2045 4008 2238 4064; x_wconf 83' lang='lat' dir='ltr'><strong>repulsam</strong></span> <span class='ocrx_word' id='word_1_864' title='bbox 2265 4017 2405 4059; x_wconf 86' lang='lat' dir='ltr'><strong>passus</strong></span> <span class='ocrx_word' id='word_1_865' title='bbox 2426 4006 2570 4046; x_wconf 81' lang='lat' dir='ltr'><strong>fuerat.</strong></span> <span class='ocrx_word' id='word_1_866' title='bbox 2593 4007 2685 4052; x_wconf 88' lang='lat' dir='ltr'><strong>Quo</strong></span> <span class='ocrx_word' id='word_1_867' title='bbox 2706 4001 2836 4054; x_wconf 64' lang='lat' dir='ltr'><strong>ficto,</strong></span> <span class='ocrx_word' id='word_1_868' title='bbox 2867 4003 2877 4056; x_wconf 77' lang='lat' dir='ltr'><strong>j</strong></span> 
     </span>
     <span class='ocr_line' id='line_1_137' title="bbox 1644 4069 2878 4126; baseline -0.002 -12"><span class='ocrx_word' id='word_1_869' title='bbox 1644 4086 1737 4115; x_wconf 87' lang='lat' dir='ltr'><strong>cum</strong></span> <span class='ocrx_word' id='word_1_870' title='bbox 1765 4073 1904 4114; x_wconf 87' lang='lat' dir='ltr'><strong>amicis</strong></span> <span class='ocrx_word' id='word_1_871' title='bbox 1933 4074 2016 4113; x_wconf 88' lang='lat' dir='ltr'><strong>suis</strong></span> <span class='ocrx_word' id='word_1_872' title='bbox 2041 4072 2232 4113; x_wconf 86' lang='lat' dir='ltr'><strong>adversus</strong></span> <span class='ocrx_word' id='word_1_873' title='bbox 2258 4073 2523 4126; x_wconf 82' lang='lat' dir='ltr'><strong>Pythagoram</strong></span> <span class='ocrx_word' id='word_1_874' title='bbox 2546 4069 2697 4110; x_wconf 85' lang='lat' dir='ltr'><strong>bellum</strong></span> <span class='ocrx_word' id='word_1_875' title='bbox 2726 4078 2841 4111; x_wconf 79' lang='lat' dir='ltr'><strong>susce</strong></span> <span class='ocrx_word' id='word_1_876' title='bbox 2875 4116 2878 4120; x_wconf 30' lang='lat'><strong>¹</strong></span> 
     </span>
     <span class='ocr_line' id='line_1_138' title="bbox 1645 4131 2881 4189; baseline -0.005 -11"><span class='ocrx_word' id='word_1_877' title='bbox 1645 4139 1799 4189; x_wconf 76' lang='lat' dir='ltr'><strong>fuitque</strong></span> <span class='ocrx_word' id='word_1_878' title='bbox 1826 4136 1987 4188; x_wconf 87' lang='lat' dir='ltr'><strong>cylonis</strong></span> <span class='ocrx_word' id='word_1_879' title='bbox 2017 4137 2057 4176; x_wconf 85' lang='lat' dir='ltr'><strong>et</strong></span> <span class='ocrx_word' id='word_1_880' title='bbox 2083 4147 2224 4176; x_wconf 86' lang='lat' dir='ltr'><strong>eorum</strong></span> <span class='ocrx_word' id='word_1_881' title='bbox 2250 4135 2320 4187; x_wconf 90' lang='lat' dir='ltr'><strong>qui</strong></span> <span class='ocrx_word' id='word_1_882' title='bbox 2346 4136 2390 4176; x_wconf 90' lang='lat' dir='ltr'><strong>in</strong></span> <span class='ocrx_word' id='word_1_883' title='bbox 2412 4134 2594 4187; x_wconf 83' lang='lat' dir='ltr'><strong>partibus</strong></span> <span class='ocrx_word' id='word_1_884' title='bbox 2627 4131 2735 4174; x_wconf 78' lang='lat' dir='ltr'><strong>illius</strong></span> <span class='ocrx_word' id='word_1_885' title='bbox 2753 4131 2881 4182; x_wconf 48' lang='lat' dir='ltr'><strong>staff</strong></span> 
     </span>
     <span class='ocr_line' id='line_1_139' title="bbox 1643 4188 2906 4254; baseline -0.006 -12"><span class='ocrx_word' id='word_1_886' title='bbox 1643 4203 1726 4242; x_wconf 88' lang='lat' dir='ltr'><strong>tam</strong></span> <span class='ocrx_word' id='word_1_887' title='bbox 1741 4203 1856 4242; x_wconf 87' lang='lat' dir='ltr'><strong>atrox</strong></span> <span class='ocrx_word' id='word_1_888' title='bbox 1865 4205 2028 4251; x_wconf 84' lang='lat' dir='ltr'><strong>tamque</strong></span> <span class='ocrx_word' id='word_1_889' title='bbox 2039 4200 2234 4250; x_wconf 84' lang='lat' dir='ltr'><strong>impotens</strong></span> <span class='ocrx_word' id='word_1_890' title='bbox 2245 4197 2480 4240; x_wconf 71' lang='lat' dir='ltr'><strong>defendendi</strong></span> <span class='ocrx_word' id='word_1_891' title='bbox 2494 4195 2655 4239; x_wconf 83' lang='lat' dir='ltr'><strong>honoris</strong></span> <span class='ocrx_word' id='word_1_892' title='bbox 2665 4206 2724 4237; x_wconf 79' lang='lat' dir='ltr'><strong>sut</strong></span> <span class='ocrx_word' id='word_1_893' title='bbox 2714 4193 2845 4251; x_wconf 11' lang='lat' dir='ltr'><strong>&#39;stud&#39;</strong></span> <span class='ocrx_word' id='word_1_894' title='bbox 2860 4188 2906 4254; x_wconf 43' lang='lat' dir='ltr'><strong>ss*</strong></span> 
     </span>
     <span class='ocr_line' id='line_1_140' title="bbox 1645 4255 2846 4315; baseline -0.002 -11"><span class='ocrx_word' id='word_1_895' title='bbox 1645 4268 1689 4305; x_wconf 92' lang='grc' dir='ltr'><strong>ιιι</strong></span> <span class='ocrx_word' id='word_1_896' title='bbox 1709 4266 1757 4304; x_wconf 87' lang='lat' dir='ltr'><strong>ad</strong></span> <span class='ocrx_word' id='word_1_897' title='bbox 1776 4266 1937 4305; x_wconf 82' lang='lat' dir='ltr'><strong>ultimos</strong></span> <span class='ocrx_word' id='word_1_898' title='bbox 1953 4275 2078 4315; x_wconf 83' lang='lat' dir='ltr'><strong>usqne</strong></span> <span class='ocrx_word' id='word_1_899' title='bbox 2096 4264 2362 4314; x_wconf 78' lang='lat' dir='ltr'><strong>Pythagoreos</strong></span> <span class='ocrx_word' id='word_1_900' title='bbox 2382 4259 2667 4314; x_wconf 79' lang='lat' dir='ltr'><strong>perduraverit.</strong></span> <span class='ocrx_word' id='word_1_901' title='bbox 2695 4253 2906 4310; x_wconf 67' lang='lat' dir='ltr'><strong>Pytha:</strong></span> 
     </span>
    </p>
   </div>
  </div>
 </body>
</html>
