3016 4628
349 310 941 367 AGRIGENTINORUM‚
980 309 1358 371 GELOORUM,
1396 302 1952 363 SYRACUSANORUM
1998 318 2423 368 RESPUBLICAE.

35 471 39 479 2
75 418 252 478 ⁴1v‚54;
270 420 482 466 Favorin.
504 434 547 463 v.
570 415 778 472 Καλλικ.;
798 418 948 476 Etym.
963 415 1162 462 Gudian.
1179 431 1229 475 p.
1252 414 1359 472 1653

0 511 1 514 ¹
23 487 39 548 ἰ,-
82 491 352 540 Herodotus
374 491 480 546 VII,
520 486 627 545 1553
649 488 854 532 Eustath.
872 488 926 532 Il.
951 503 999 547 p.
1027 485 1139 547 295,
1177 487 1255 543 31,
1278 487 1361 531 ubi

50 608 61 619 ,,
81 564 380 609 librariorum
410 576 619 607 errorem
641 567 773 603 notat
805 559 1058 603 Ruhnken.
1101 559 1161 603 ad
1196 560 1359 603 Timaei

37 637 43 645 '
81 637 194 682 Lex.
206 650 252 697 p.
267 639 379 690 2143
397 633 664 692 Wesseling.
677 630 946 676 adDiodor.
962 639 1077 674 tom.
1091 631 1155 685 II,
1170 646 1218 690 p.
1238 629 1358 690 5493

81 708 313 754 Welcker.
335 707 549 766 Prolegg.
576 704 850 762 adTheogn.
873 717 920 761 p.
941 717 997 762 19
1013 719 1025 758 3
1043 703 1225 747 Miiller.
1246 704 1357 747 Dor.

83 781 147 837 ll,
171 794 221 839 p.
243 778 299 824 61
332 789 459 840 sqq.;
483 778 733 822 Hermann.
755 776 946 833 Antiqq.
972 774 998 834 §
1025 789 1099 833 19.

641 866 800 930 [22ο.]

148 964 357 1027 [Aristot.
381 963 486 1010 Pol.
515 965 568 1020 V,
595 961 641 1020 3,
670 978 689 1005 1
719 975 731 1008 t
758 957 957 1008 Γίνονται
981 959 1059 1023 μὲν
1083 953 1154 1008 οῧν
1180 962 1223 1008 αἱ
1250 959 1360 1008 στά-

81 1054 168 1090 σεις
190 1036 238 1082 οὗ
269 1032 367 1098 περὶ
389 1035 570 1098 μικρῶν,
593 1031 689 1078 ἀλλ’
724 1033 772 1079 ἐκ
797 1034 961 1097 μικρῶν
979 1050 989 1061 ·
1016 1032 1294 1087 στασιάζουσι
1318 1031 1363 1079 δὲ

79 1102 176 1172 πὲρὶ
201 1105 420 1170 μεγάλων.
447 1104 654 1154 Μάλιστα
686 1102 732 1150 δὲ
761 1102 836 1151 καὶ
860 1107 904 1150 αἱ
937 1104 1091 1169 μικραὶ
1124 1103 1361 1168 ἰσχύουσιν,

76 1177 179 1226 ὅταν
213 1179 256 1225 ἐν
294 1183 380 1231 τοῖς
418 1176 576 1242 κυρίοις
603 1174 834 1239 γένωνται·
879 1169 964 1224 οἷον
1001 1175 1160 1234 συνέὸη
1200 1176 1276 1224 καὶ
1320 1178 1363 1224 ἓν

22 1279 24 1283 -
55 1247 377 1315 ’Συρακούσαις
411 1250 453 1295 ἐν
479 1249 563 1302 τοῖς
600 1247 796 1313 ἀρχαίοις
832 1249 1022 1314 χρόνοις·
1049 1248 1259 1310 μετέὸαλε
1280 1247 1362 1314 γὰρ

77 1326 105 1380 ἡ
141 1320 334 1369 πολιτεία
358 1323 406 1368 ἐκ
432 1319 507 1367 δύο
534 1321 768 1368 νεανίσκων
807 1322 1151 1380 στασιασάντων,
1190 1322 1233 1367 ἐν
1271 1327 1370 1375 ταῖς

79 1396 235 1459 ἀρχαῖς
254 1392 402 1452 ὄντων,
427 1392 525 1458 περὶ
546 1392 752 1458 ἐρωτικὴν
779 1392 917 1440 αἰτίαν
933 1411 943 1422 ·
961 1393 1137 1456 θατέρου
1157 1391 1240 1456 γὰρ
1262 1393 1365 1439 ἀπο-

9 1497 10 1500 =
77 1465 326 1527 δημοῢντος,
344 1467 507 1528 ἑταῖρος
528 1463 586 1511 ὤν
606 1484 669 1519 τις
695 1464 866 1531 (ἅτερος
886 1467 1050 1530 ἑταῖρος
1068 1463 1126 1512 ὢν
1150 1467 1323 1526 Coray.
1347 1467 1360 1527 )

25 1555 27 1559 ⁴
75 1536 149 1584 τὸν
190 1534 400 1603 ἐρώμενον
437 1538 565 1584 αὐτοῦ
607 1536 924 1595 ὑπεποιήσατο·
964 1535 1094 1582 πάλιν
1130 1533 1173 1582 δὲ
1208 1537 1363 1590 ἐκεῖνος

74 1608 212 1671 τούτῳ
234 1607 484 1672 χαλεπήνας
515 1607 592 1666 τὴν
617 1615 799 1672 γυναῖκα
817 1610 945 1655 αὐτοῦ
971 1606 1189 1654 ἀνέπεισεν
1209 1609 1263 1660 ὡς
1285 1609 1362 1653 αὖ·

74 1679 148 1729 τὸν
171 1681 321 1727 ἐλθεῖν·
342 1678 434 1727 ὅθεν
464 1679 870 1744 προσλαμὸάνοντες
892 1678 987 1733 τοὺς
1009 1682 1053 1726 ἐν
1076 1681 1137 1743 τῷ
1158 1678 1361 1726 πολιτεύ-

76 1771 182 1817 ματι
201 1752 503 1800 διεστασίασαν
527 1752 707 1806 πάντας.
731 1753 751 1816 ]

46 1883 48 1887 .
138 1827 303 1871 Narrat
318 1828 455 1871 etiam
471 1828 743 1871 Plutarchus
761 1828 982 1886 Praecept.
1005 1827 1106 1871 Pol.
1119 1843 1159 1874 e.
1184 1826 1261 1882 32,
1285 1843 1302 1870 1
1316 1843 1359 1884 7,

43 1890 46 1891 ⁷
73 1912 123 1958 p.
145 1899 287 1943 1006.
309 1900 428 1943 Rem
441 1898 502 1942 ad
532 1899 690 1945 turbas
709 1909 871 1944 eontra
891 1901 1150 1945 Geomoros
1180 1915 1206 1943 a
1225 1900 1362 1958 plebe

48 2032 50 2034 v
76 1971 290 2017 excitatns
312 1971 455 2016 refert
477 1973 626 2030 Heyn.
653 1972 825 2036 Opuse.
861 1973 935 2027 II,
961 1987 1006 2032 p.
1035 1969 1146 2028 257.
1173 1974 1244 2016 De
1267 1974 1361 2031 My-

78 2040 244 2098 Ietidis,
270 2057 472 2101 quorum
502 2043 797 2102 Thucydides
829 2042 930 2103 (VI,
971 2041 1029 2104 5)
1075 2045 1363 2088 mentionem

75 2111 238 2171 injicit,
264 2115 482 2174 cogitavit
500 2115 698 2162 Arnold.
726 2115 888 2162 Gesclz.
912 2132 946 2162 ν.
967 2116 1178 2174 Syracus,
1198 2132 1248 2176 p.
1279 2116 1357 2163 30.

47 2229 51 2235 ,
73 2183 147 2235 Cf.
172 2185 361 2232 Goeller.
387 2189 458 2231 De
475 2188 566 2231 situ
584 2188 686 2247 Syr.
713 2204 760 2247 p.
792 2203 864 2236 10.

637 2279 796 2342 [221.]

53 2406 92 2430 k.
139 2371 241 2434 [Id.
267 2374 334 2422 ib.
355 2377 411 2431 V,
436 2390 489 2428 2,
510 2375 538 2419 6
572 2391 582 2420 :
609 2373 687 2421 Ἔν
714 2372 1012 2439 Συρακούσαις
1029 2373 1112 2438 πρὸ
1129 2377 1204 2432 τῆς
1217 2374 1362 2423 Γέλω-

35 2459 140 2504 νος
168 2444 411 2508 τυραννίδος
445 2447 503 2507 (ἡ
529 2445 799 2510 δημοκρατία
837 2449 983 2499 κακῶς
1020 2447 1362 2508 πολιτευομένων

40 2511 56 2560 *f
73 2514 275 2580 διεφθάρη
296 2516 332 2578 ).

51 2587 58 2592 ’
136 2591 191 2646 V,
219 2604 291 2646 10,
318 2589 343 2634 3
374 2604 385 2636 :
436 2587 737 2651 (Μεταὸάλλει
757 2588 768 2654 )
791 2589 866 2636 καὶ
901 2592 957 2643 εἰς
982 2589 1274 2655 δημοκρατίαν
1302 2594 1358 2649 (ἦ

49 2706 54 2710 ,
72 2658 295 2724 τυραννὶς)
316 2698 327 2718 ,
347 2658 492 2724 ὥσπερ
520 2665 547 2718 ἡ
571 2665 645 2708 τοῦ
669 2661 859 2716 Γέλωνος
880 2665 922 2710 ἐν
944 2663 1259 2728 Συρακούσαις.

51 2726 59 2737 ⁷
138 2735 192 2789 V,
219 2733 263 2790 8,
289 2749 345 2793 19
371 2749 383 2780 :
428 2732 691 2796 (Φθείρεται
715 2737 742 2790 ἡ
765 2734 983 2799 τυραννὶς)
1028 2733 1128 2781 ὅταν
1154 2738 1191 2782 οἱ
1234 2734 1363 2797 μετέ-

645 2874 784 2926 [22Ο.]

0 2941 2 2957 ²
71 2991 74 2997 Ι
126 2938 343 2990 [oriuntur
361 2940 573 2981 seditiones
590 2952 671 2981 non
687 2942 736 2982 de
751 2943 883 2993 parvis
897 2943 1030 2994 rebus,
1047 2943 1114 2983 sed
1135 2955 1186 2984 ex
1199 2945 1331 2994 parvis
1348 2956 1359 2984 ε

0 2961 8 3111 ἱ
35 3032 39 3035 »
75 3001 263 3045 dissident
288 3004 391 3044 enim
416 3004 597 3044 homines
615 3005 666 3045 de
689 3006 808 3046 rebus
837 3007 1002 3057 magnis.
1025 3007 1199 3047 Maxime
1227 3010 1361 3048 tamen

61 3063 184 3106 ‘nores
208 3068 301 3106 sunt
315 3068 436 3107 etiam
451 3079 599 3119 parvae,
630 3079 757 3119 quum
774 3069 815 3108 in
835 3070 883 3109 iis
896 3101 907 3119 ‚
924 3070 965 3109 in
983 3082 1156 3121 quorum
1179 3071 1361 3110 modera-

6 3147 8 3158 ε
66 3123 182 3185 ,tione
190 3131 407 3181 respublica
415 3133 598 3183 vertitur,
610 3133 806 3173 exsistunt
817 3147 826 3173 :
840 3134 1063 3183 cujusmodi
1082 3147 1144 3175 res
1152 3136 1247 3175 olim
1258 3135 1362 3174 aeci-

0 3137 8 3290 ι
74 3190 135 3232 dit
147 3194 187 3233 et
197 3195 413 3243 Syracusis.
429 3198 580 3235 Mutata
592 3196 697 3235 enim
712 3198 771 3236 est
780 3198 1006 3247 reipublicae
1016 3199 1142 3238 forma
1151 3210 1196 3239 ex
1208 3199 1364 3239 duobus

0 3291 3 3326 i
36 3254 284 3362 {menibus
301 3260 550 3309 magistratus
563 3262 799 3312 gerentibus,
811 3275 937 3313 quum
952 3265 1054 3304 inter
1071 3276 1139 3304 eos
1154 3276 1204 3304 ex
1219 3265 1363 3304 amori-

0 3327 6 3388 1
60 3340 69 3375 ‚⁵
103 3331 150 3360 us
168 3320 358 3362 dissensio
381 3325 468 3364 orta
483 3326 599 3365 esset.
622 3325 756 3365 Altero
774 3327 881 3366 enim
910 3327 1074 3368 absente
1097 3328 1260 3379 quidam
1277 3329 1364 3378 ejus

0 3394 4 3447 f
64 3380 221 3447 {Willis
234 3396 424 3436 puerum,
441 3387 527 3437 ejus
549 3387 730 3438 delicias,
746 3389 797 3429 ad
819 3401 860 3430 se
882 3391 1118 3441 pellexerat;
1141 3392 1208 3431 ille
1227 3394 1363 3432 autem

0 3448 5 3479 Β
52 3443 274 3552 {gersus
289 3449 386 3489 huic
411 3451 558 3501 iratus,
571 3453 711 3491 contra
728 3452 815 3502 ejus
835 3465 1002 3493 uxorem
1018 3454 1231 3494 induxerat
1250 3456 1295 3495 ut
1314 3456 1365 3495 ad

133 3507 283 3552 ve’niret
310 3529 320 3554 :
348 3525 400 3554 ex
418 3526 514 3565 quo,
538 3515 735 3565 adjunctis
757 3517 831 3557 sibi
847 3519 984 3568 qui3in
1003 3519 1208 3569 republica
1230 3531 1364 3560 versa-

60 3563 237 3625 ’ῑῖῠδιιῐῠῃ
260 3587 399 3618 omnes
424 3573 533 3620 cives
553 3578 603 3619 ad
630 3580 863 3621 seditionem
892 3582 1190 3635 concitarunt]

62 3779 67 3785 .
116 3723 353 3776 [syracusis
387 3731 479 3771 ante
497 3731 662 3772 Gelonis
683 3732 938 3782 tyrannidem
969 3733 1232 3784 (democratia
1264 3735 1367 3774 male

51 3795 54 3802 ’
68 3787 344 3839 ’μίιιιὶιιίεῐτοῑθ
362 3794 539 3835 funditus
553 3806 737 3846 oppressa
758 3798 858 3847 est).

126 3854 172 3892 In
186 3854 466 3897 democratiam
483 3860 895 3911 quoque(tyrannis)
922 3862 1126 3912 mutatur,
1162 3861 1358 3912 quemad-

41 3910 238 3970 fannium
256 3921 499 3970 ‚Syracusana
519 3923 694 3963 Gelonis.

125 3982 324 4024 Evertitur
346 3987 566 4036 tyrannis...
585 3999 655 4038 per
672 3989 872 4030 sociorum
891 3989 1123 4030 seditionem
1142 4019 1154 4039 ‚
1177 3990 1224 4029 ut
1242 3989 1362 4030 Gelo-

46 4039 143 4106 Q
173 4049 214 4086 et
241 4058 367 4099 nuper
396 4050 586 4101 Dionysii.
610 4055 710 4092 Nam
742 4053 902 4094 Gelonis
932 4053 1093 4103 quidem
1123 4053 1298 4103 tyrannis
1318 4064 1364 4092 eo

32 4097 214 4155 nfirma
241 4111 323 4160 ost,
354 4107 484 4162 quod*
501 4114 799 4165 Thrasybulus,
830 4116 1013 4155 Hieron1s
1039 4116 1174 4165 frater,
1205 4116 1364 4155 Gelonis

71 4159 204 4222 'filium
218 4173 518 4227 demagogorum
548 4190 659 4219 more
673 4180 873 4220 blanditiis
897 4181 1110 4220 deliniebat
1125 4182 1165 4219 et
1180 4181 1229 4219 ad
1254 4181 1362 4219 volu-

34 4275 35 4278 ,
75 4234 202 4302 pates
211 4236 413 4290 incitabat,
430 4243 475 4281 ut
495 4242 576 4293 ipse
599 4243 834 4293 imperaret:
850 4243 1058 4284 necessarii
1079 4247 1214 4284 autem
1226 4244 1286 4282 'ita
1303 4254 1365 4283 res

71 4414 98 4436 ὁ..

36 4550 85 4610 μῆ·

45 4602 58 4616 ,ί
69 4606 89 4616 μ’
121 4607 123 4611 r

2629 333 2710 372 271

1435 433 1581 478 χοντες
1605 415 1910 477 στασιάζωσιν,
1935 419 2081 485 ὥσπερ
2109 425 2136 478 ἡ
2160 425 2246 469 τῶν
2287 423 2386 487 περὶ
2415 425 2604 484 Γέλωνα,
2648 428 2723 474 καὶ

1437 492 1508 535 νῦν
1528 492 1555 546 ἡ
1579 492 1664 537 τῶν
1686 491 1781 555 περὶ
1800 492 2036 540 Διονύσιον·
2058 499 2086 552 ἡ
2118 496 2195 557 μὲν
2223 496 2434 554 Γέλωνος,
2457 501 2721 563 Θρασυὸού-

1436 561 1512 607 λου
1527 599 1539 620 ,
1559 565 1633 608 τοῦ
1660 561 1852 626 Ἱέρωνος
1885 565 2083 628 ἀδελφοῦ,
2106 565 2177 612 τὸν
2202 566 2290 612 υἱὸν
2311 572 2384 614 τοῦ
2415 570 2604 624 Γέλωνος
2637 574 2724 628 δη·-

1440 637 1742 695 μαγωγοῧντος
1757 633 1831 680 καὶ
1849 634 1952 699 πρὸς
1965 636 2118 693 ἡδονὰς
2131 639 2345 701 ὁρμῶντος
2357 674 2368 695 ,
2388 638 2440 683 ἵν’
2454 642 2577 694 αὐτὸς
2595 643 2724 705 ἄρχῃ,

1436 703 1520 750 τῶν
1561 705 1599 750 δ’
1635 704 1803 752 οἰκείων
1838 707 2158 765 συστησάντων,
2188 704 2259 752 ἵνα
2297 707 2357 770 μὴ
2392 712 2583 772 τυραννὶς
2619 713 2724 766 ὅλως

1437 775 1659 839 καταλυθῇ
1675 813 1687 834 ,
1707 774 1823 822 ἀλλὰ
1843 776 2154 840 Θρασύὸουλος
2168 795 2178 806 ·
2198 779 2234 823 οἳ
2260 776 2304 824 δὲ
2330 780 2560 834 συστάντες
2581 786 2720 829 αὐτῶν

1437 848 1495 900 ὡς
1514 846 1661 912 καιρὸν
1679 846 1861 912 ἔχοντες,
1880 847 2080 903 ἐξέὸαλον
2100 849 2296 903 ἅπαντας
2320 850 2484 903 αὐτούς.
2506 853 2724 900 Διονύσιον

1381 939 1385 943 ·
1441 916 1485 965 δὲ
1504 918 1620 966 Δίων
1647 919 1933 984 στρατεύσας,
1953 919 2161 980 κηδεστὴς
2181 920 2255 980 ὢν,
2277 920 2351 967 καὶ
2368 922 2628 985 προσλαὸὼν
2654 925 2725 972 τὸν

1439 992 1594 1055 δῆμον,
1616 993 1774 1041 ἐκεῖνον
1801 992 1997 1040 ἐκὸαλὼν
2024 993 2245 1059 διεφθάρη.

1503 1067 1555 1121 V,
1588 1081 1635 1126 9,
1662 1066 1720 1110 23
1746 1079 1758 1112 2
1782 1062 1900 1122 Ἕτη
1922 1066 1957 1111 δ’
1983 1065 2070 1112 οὐδ’
2097 1064 2207 1122 αὕτη
2239 1065 2252 1127 (
2275 1082 2340 1111 sc.
2369 1067 2395 1123 ἠ
2429 1066 2528 1129 περὶ
2550 1066 2724 1131 Ἱέρωνα

1438 1134 1513 1182 καὶ
1533 1137 1709 1183 Γέλωνα
1728 1136 1921 1198 τυραννίς
1951 1143 1966 1194 )
1993 1136 2136 1185 πολλὰ
2161 1136 2384 1200 διέμεινεν,
2411 1137 2523 1185 ἀλλὰ
2543 1138 2596 1185 τὰ
2618 1139 2730 1202 σύμ-

1439 1226 1582 1254 παντα
1607 1209 1719 1255 δυοῖν
1763 1209 1912 1256 δέοντα
1933 1208 2085 1256 εἴκοσι.
2109 1208 2257 1258 Γέλων
2287 1208 2365 1272 μὲν
2404 1209 2488 1274 γὰρ
2514 1213 2623 1257 ἑπτὰ
2655 1232 2728 1258 w·-

1441 1279 1672 1345 ραννεύσας
1687 1317 1699 1339 ,
1727 1284 1787 1346 τῷ
1805 1281 1941 1346 ὀγδόῳ
1957 1282 2028 1328 τὸν
2052 1282 2143 1346 βίον
2166 1283 2438 1341 ἐτελεύτησε·
2459 1282 2562 1330 δέκα
2589 1286 2626 1330 δ’
2648 1284 2728 1333 Ἱέ-

1441 1371 1541 1416 ρων,
1561 1351 1866 1418 Θρασύὸουλος
1891 1353 1935 1400 δὲ
1960 1357 2022 1419 τῷ
2053 1354 2266 1417 ἑνδεκάτῳ
2289 1355 2393 1417 μηνὶ
2421 1354 2630 1410 ἐξέπεσεν.

1503 1430 1560 1483 V,
1595 1443 1642 1485 9,
1682 1426 1708 1470 3
1746 1443 1756 1471 :
1784 1430 1913 1473 Inter
1946 1444 2028 1483 ea,
2062 1430 2233 1488 quibus
2266 1432 2453 1489 tyranni
2490 1432 2727 1475 securitati

1438 1513 1528 1542 suae
1553 1499 1797 1543 consulere
1836 1500 2047 1558 student,
2083 1511 2150 1545 est
2177 1503 2315 1546 etiam
2337 1499 2386 1546 τὸ
2412 1499 2473 1562 μὴ
2509 1501 2731 1548 λανθάνειν

1437 1572 1668 1632 πειρᾶσθαι
1693 1567 1774 1616 ὅσα
1795 1570 2000 1634 τυγχάνει
2018 1589 2080 1625 τις
2103 1570 2240 1634 λέγων
2264 1570 2293 1628 ἢ
2313 1570 2515 1635 πράττων
2543 1575 2628 1618 τῶν
2647 1575 2730 1637 ἀρ-

1437 1639 1650 1703 χομένων,
1674 1641 1770 1687 ἀλλ’
1803 1633 1912 1688 εἶναι
1932 1642 2235 1696 κατασκόπους
2251 1681 2263 1702 ,
2283 1634 2368 1689 οἷον
2385 1644 2486 1708 περὶ
2508 1643 2730 1707 Συρακού-

1439 1723 1517 1757 σας
1541 1707 1584 1751 αἱ
1604 1705 1894 1768 ποταγωγίδες
1913 1706 2178 1769 καλουμέναι
2196 1744 2208 1766 ,
2231 1706 2419 1761 καὶτοὺς
2445 1706 2728 1761 ὠτακουστὰς

1439 1775 1672 1840 ἐξέπεμψεν
1690 1776 1851 1841 Ἱέρων,
1871 1778 1976 1826 ὅπου
1996 1799 2059 1834 τις
2076 1779 2140 1838 εἴη
2159 1778 2363 1827 συνουσία
2383 1779 2456 1828 καὶ
2483 1780 2699 1844 σύλλογος.
2715 1781 2734 1843 ]

1503 1855 1574 1897 De
1594 1853 1813 1897 Hieronis
1831 1852 2099 1899 infirmitate
2115 1870 2161 1898 v.
2189 1854 2246 1902 fr.
2269 1854 2374 1899 216.

2023 1957 2132 1987 222.

1508 2017 1607 2074 [Id.
1624 2018 1689 2062 ib.
1712 2020 1767 2075 V,
1793 2018 1837 2075 8,
1864 2018 1919 2063 18
1941 2022 1954 2066 τ’
1979 1939 2068 2065 [gal
2085 1940 2374 2084 Συ]ρακούσιοι
2395 2018 2509 2066 κατὰ
2529 2018 2600 2065 τὸν
2624 2019 2728 2084 χρό-

1437 2106 1522 2146 νον,
1546 2087 1591 2134 ὃν
1617 2087 1912 2135 ἐπολιτεύοντο
1931 2091 2100 2148 καλῶς,
2125 2089 2362 2153 (πλείστας
2382 2090 2623 2137 κατέλυσαν
2652 2111 2731 2138 τυ-

1444 2160 1638 2226 ραννίδας
1656 2162 1688 2222 ).

1504 2237 1558 2291 V,
1586 2234 1628 2291 3,
1647 2235 1675 2278 6
1697 2250 1707 2278 :
1737 2231 1814 2280 Ἔν
1837 2232 2137 2297 Συρακούσαις
2158 2236 2180 2280 ὃ
2204 2235 2337 2296 δῆμος
2353 2233 2486 2288 αἴτιος
2508 2234 2731 2298 γενόμενος

1437 2308 1513 2362 τ’ῆς
1531 2304 1651 2361 νίκης
1665 2309 1740 2351 τοῦ
1758 2305 1948 2367 πολέμου
1961 2310 2034 2352 τοῦ
2054 2305 2160 2370 πρὸς
2178 2305 2436 2366 Ἀθηναίους,
2449 2309 2497 2354 ἐκ
2515 2307 2730 2362 πολιτείας

1440 2378 1498 2430 εἰς
1527 2375 1822 2440 δημοκρατίαν
1849 2376 2105 2438 μετέὸαλεν.

1505 2454 1559 2507 V,
1582 2450 1609 2494 8
1628 2486 1640 2506 ,
1667 2457 1692 2503 l,
1719 2465 1729 2497 ζ
1754 2447 1972 2503 Διονύσιος
1998 2451 2040 2495 ἐν
2077 2449 2415 2513 Συρακούσαις..
2450 2452 2497 2497 ἐκ
2522 2452 2728 2514 δημαγω-

1439 2520 1535 2583 γίας
1559 2523 1620 2566 ad
1643 2523 1936 2582 tyrannidem
1964 2526 2193 2583 pervenit.

1504 2598 1561 2653 V,
1591 2593 1634 2650 5,
1672 2597 1700 2641 6
1743 2611 1752 2641 ;
1783 2593 2008 2657 Γίγνονται
2044 2594 2089 2640 δὲ
2116 2593 2356 2655 μεταὸολαὶ
2381 2597 2456 2652 τ’ἧς
2478 2593 2729 2658 ὀλιγαρχίας

1440 2664 1514 2711 καὶ
1531 2663 1632 2712 ὅταν
1658 2664 1916 2712 ἀναλώσωσι
1942 2664 1997 2712 τὰ
2018 2665 2107 2712 ἴδια
2128 2669 2279 2720 ζῶντες
2307 2667 2519 2728 ἀσελγῶς·
2545 2666 2619 2712 καὶ
2643 2665 2728 2730 γὰρ

1441 2739 1479 2783 οἱ
1504 2741 1684 2784 τοιοῦτοι
1708 2744 1976 2800 καινοτομεῖν
2005 2741 2191 2797 ζητοῦσι,
2211 2735 2330 2794 καὶῆ
2355 2737 2570 2802 τυραννίδι
2593 2739 2730 2785 ἐπιτί-

1436 2877 1753 2925 composuerant,
1771 2877 1818 2914 ut
1830 2886 1880 2915 ne
1891 2876 2069 2926 tyrannis
2083 2876 2261 2915 funditus
2274 2876 2531 2923 everteretur,
2544 2876 2612 2915 sed
2625 2876 2731 2915 solus

1436 2938 1706 2988 Thrasybulus
1725 2955 1734 2978 ε
1758 2939 1866 2978 cives
1885 2950 1982 2978 vero
2002 2943 2042 2979 et
2061 2939 2232 2989 populus
2245 2939 2492 2978 occasionem
2512 2939 2634 2988 nacti,
2656 2940 2731 2978 coi-

1435 3001 1545 3040 tione
1562 3002 1688 3051 sacta,
1708 3013 1776 3041 eos
1795 3013 1934 3042 omnes
1953 3004 2179 3052 exegerunt.
2194 3003 2425 3052 Dionysium
2445 3005 2579 3042 autem
2596 3003 2700 3042 Dion
2715 3033 2726 3051 ,

1436 3064 1521 3114 ejus
1533 3065 1674 3114 affinis,
1688 3067 1826 3104 coacta
1838 3066 2011 3105 militum
2035 3077 2156 3106 manu
2181 3068 2222 3105 et
2252 3066 2400 3116 populo
2415 3066 2489 3106 sibi
2512 3066 2701 3116 adjuncto
2717 3097 2729 3116 ‚

1437 3129 1647 3178 tyrannide
1662 3129 1830 3178 dejecit,
1847 3131 1887 3168 et
1902 3130 2230 3179 ipse'interfectus
2246 3131 2319 3169 est.

1489 3193 1669 3232 Hieronis
1687 3194 1727 3232 et
1753 3193 1914 3232 Gelonis
1934 3193 2112 3243 tyrannis
2127 3204 2251 3232 annos
2270 3192 2377 3232 haud
2397 3193 2547 3231 multos
2580 3193 2731 3232 stabilis

1437 3258 1653 3306 permansit
1685 3274 1694 3298 :
1727 3257 1797 3297 sed
1826 3259 1919 3297 anni
1954 3261 2047 3298 sunt
2067 3258 2230 3297 omnino
2261 3258 2399 3297 decem
2429 3260 2467 3297 et
2491 3260 2595 3297 octo.
2631 3261 2730 3297 Nam

1438 3321 1536 3360 Gelo
1545 3332 1672 3371 quum
1682 3332 1806 3362 annos
1815 3323 1965 3371 septem
1981 3321 2230 3372 tyrannidem
2243 3321 2490 3371 obtinuisset,
2502 3323 2646 3360 octavo
2663 3334 2731 3359 ex·

1438 3385 1555 3424 cessit
1573 3395 1596 3424 e
1614 3385 1712 3435 vit'a;
1752 3386 1870 3425 Hiero
1905 3385 2060 3426 decimo
2082 3396 2204 3431 anno;
2227 3385 2495 3436 Thrasybulus
2520 3385 2730 3424 undecimo

1439 3459 1574 3488 mense
1594 3451 1759 3488 exactus
1775 3452 1849 3488 est.

1490 3516 1662 3564 Operam
1679 3515 1776 3553 (lant
1806 3514 1968 3564 tyranni
1995 3514 2056 3562 ut,
2086 3514 2183 3564 quid
2200 3513 2470 3563 subjectorum
2489 3513 2654 3563 quisque
2678 3512 2730 3551 ‹li-

1438 3580 1502 3618 cat
1517 3580 1558 3618 et
1579 3580 1693 3629 agat,
1721 3590 1801 3618 non
1817 3579 2021 3629 ignoretur
2037 3580 2078 3618 et
2098 3579 2369 3629 exploratores
2387 3578 2571 3626 habeant,
2593 3578 2730 3627 quales

1438 3645 1550 3683 erant
1559 3646 1605 3694 Sy
1613 3644 1775 3693 racusis,
1786 3655 1875 3694 quae
1885 3644 2138 3694 Potagogides
2147 3644 2460 3695 appellabantur,
2476 3646 2514 3682 et
2527 3644 2727 3681 Otacustae

1437 3709 1520 3748 sive
1540 3710 1850 3758 auscultatores,
1871 3721 1972 3759 quos
1990 3711 2110 3749 Hiero
2124 3709 2399 3758 submittebat,
2414 3708 2654 3757 ubicumque
2671 3707 2726 3744 ci-

1438 3772 1550 3812 vium
1566 3775 1692 3813 coetus
1711 3775 1751 3813 et
1765 3775 1986 3814 conventus
2007 3776 2103 3814 erat.
2122 3773 2137 3824 ]

2018 3847 2156 3903 [222]

1489 3920 1719 3972 [Syracusii
1747 3933 1828 3972 quo
1843 3924 2023 3973 tempore
2051 3925 2151 3964 bene
2178 3921 2552 3962 administrabantur
2573 3918 2588 3967 (
2599 3918 2722 3968 pluri-

1437 3996 1522 4026 mas
1542 3989 1770 4026 everterunt
1788 3988 2062 4038 tyrannides).

1487 4050 1706 4099 Syracusis,
1723 4062 1848 4101 quum
1862 4052 1901 4090 in
1914 4052 2058 4101 populo
2071 4062 2187 4090 causa
2203 4049 2377 4089 victoriae
2389 4047 2478 4086 belli
2493 4057 2583 4084 curn
2601 4046 2722 4084 Athe-

1438 4114 1635 4154 niensibus
1645 4116 1742 4165 gesti
1754 4116 2002 4163 constitisset,
2012 4117 2144 4166 politia
2158 4116 2196 4153 in
2205 4112 2482 4152 democratiam
2493 4111 2640 4147 mutata
2650 4112 2719 4148 est.

1488 4179 1700 4228 Dionysius
1719 4178 1921 4228 Syracusis
1940 4190 1989 4217 ex
2012 4178 2227 4227 demagogo
2243 4179 2433 4224 tyrannus
2451 4172 2590 4211 evasit.

1490 4244 1609 4283 Fiunt
1632 4243 1853 4293 oligarchiae
1873 4243 2147 4282 conversiones
2175 4242 2316 4286 etiam,
2334 4248 2456 4287 quum
2484 4235 2622 4286 pauci,
2652 4235 2724 4285 qui
