3008 4542
1313 219 1709 267 FRAGMENTA.

95 327 122 379 Tys
174 331 343 395 cundi)
365 348 487 378 anno
511 332 730 391 vigesimo
751 330 944 389 septimo
974 326 1065 390 (sc.
1091 329 1210 387 regis
1235 324 1460 392 Amasis).

85 409 121 473 ᾖν
171 411 333 468 Itaque
362 421 417 450 ex
440 403 731 449 Manethonis
747 401 951 446 numeris
970 400 1111 443 homo
1135 400 1315 443 vixisset
1339 415 1348 442 τ

237 528 321 575 sub
347 525 532 570 Nechao
539 555 769 569 ......
844 518 870 563 5
907 535 1017 566 31111.
1057 533 1083 562 2
1105 534 1249 566 mens.
1293 518 1317 563 5
1349 520 1397 563 d.

232 599 324 644 ‘sub
351 595 647 642 Psammuthi.
676 627 689 639 .
718 626 730 639 .
760 626 773 638 .
845 592 873 636 6

238 670 322 716 sub
351 669 538 727 Uaphre
545 698 774 712 ......
819 680 875 724 19
1067 683 1087 702 ι»

238 742 323 787 sub
343 740 502 786 Umasi
507 772 774 786 ........
814 735 875 780 26
1065 750 1090 790 7
1261 749 1318 789 27

816 819 875 872 56
900 835 1012 866 ann.
1039 835 1096 863 10
1126 833 1276 864 mens.
1294 834 1320 862 2
1352 816 1401 864 d.

808 959 1167 967 κῇ--

817 976 877 1021 65
907 991 1016 1022 31111.
1041 992 1098 1020 10
1134 990 1279 1020 mens.
1303 991 1328 1018 2
1357 975 1403 1022 d.

179 1096 299 1141 Hinc
329 1093 470 1152 igitur
493 1089 740 1134 certissime
767 1086 1027 1145 colligimus
1050 1084 1107 1128 ab
1139 1083 1270 1126 initio
1294 1084 1464 1126 Nechai

178 1167 300 1228 regis
326 1178 472 1223 usque
496 1162 556 1206 ad
584 1159 726 1204 finem
747 1157 949 1216 Uaphris
972 1169 1118 1199 annos
1146 1169 1238 1198 esse
1270 1154 1467 1212 quadra·

71 1273 95 1289 1,
179 1241 322 1300 ginta,
345 1237 455 1281 dum
470 1234 690 1279 Manetho
705 1245 849 1276 annos
868 1228 892 1272 3
904 1245 922 1272 1
934 1263 945 1284 ,
960 1226 1230 1272 Herodotus
1247 1241 1390 1270 annos
1407 1231 1431 1277 4
1441 1241 1463 1281 7

56 1308 103 1365 ³⁴1³,
180 1310 440 1357 exhibeant.
459 1307 551 1352 Sed
587 1304 769 1364 Uaphri
791 1302 960 1362 procul
995 1300 1141 1343 dubio
1174 1314 1280 1342 cum
1304 1299 1471 1342 Mane-

90 1392 95 1400 “
182 1383 324 1427 1110110
354 1377 592 1425 tribuendi
625 1384 731 1421 sunt
773 1374 883 1419 anni
916 1388 995 1432 19,
1024 1386 1122 1414 non
1149 1385 1259 1414 vero
1299 1368 1356 1413 25
1376 1403 1388 1426 ,
1421 1379 1474 1413 ut

183 1447 448 1493 Herodotus
485 1444 637 1488 habet.
679 1443 841 1499 Itaque
875 1439 1061 1483 Nechao
1107 1445 1154 1480 et
1193 1436 1474 1479 Psammuthi

181 1521 512 1578 relinquuntur
532 1516 640 1560 anni
660 1530 715 1558 21
730 1548 742 1570 ‚
763 1513 822 1557 ad
843 1526 960 1570 quos
979 1509 1249 1554 Herodotus
1262 1508 1474 1567 proxime

183 1591 386 1649 accedit,
403 1589 589 1634 Ncchao
622 1586 677 1630 16
693 1600 838 1630 annos
850 1618 862 1640 ,
879 1581 1161 1627 Psammuthi
1183 1580 1210 1624 6
1229 1595 1374 1624 annos
1395 1581 1473 1623 tri-

182 1664 356 1718 buens;
386 1662 499 1706 dum
521 1658 648 1719 apud
665 1657 996 1702 Manethonem
1020 1652 1341 1697 desiderantur
1367 1651 1476 1695 anni

184 1750 370 1780 novem.
395 1733 520 1791 Quid
537 1733 679 1792 igitur
691 1726 1012 1774 statuendum?
1028 1724 1298 1780 Eumenius,
1317 1725 1476 1767 Mane-

185 1802 379 1845 thonem
415 1814 473 1843 ex
510 1796 758 1842 Herodoto
793 1791 1122 1852 corrigendum
1149 1805 1242 1834 esse
1264 1803 1475 1843 censens,

183 1873 371 1919 Nechao
392 1870 614 1916 adscribit
632 1883 778 1913 annos
805 1866 860 1910 16
875 1902 888 1926 ,
911 1867 974 1908 ita
998 1872 1049 1907 ut
1065 1877 1240 1907 summa
1261 1861 1477 1920 dynastiae

186 1946 244 1989 sit
265 1958 496 1989 annorum
521 1941 610 1986 160
636 1939 750 2001 (pro
781 1937 870 1982 150
889 1934 923 1999 ).
950 1936 1008 1980 Id
1023 1951 1120 1979 non
1140 1933 1480 1979 admittendum

187 2030 282 2062 esse
303 2015 549 2060 Boeckhius
572 2021 725 2057 censet
740 2046 752 2067 ‚
776 2025 921 2070 quum
945 2024 1000 2052 eo
1024 2007 1170 2050 modo
1194 2007 1481 2064 reliquarum

189 2086 747 2150 dynastiarumffationes,
769 2098 870 2142 (111εο
895 2083 1013 2125 110110
1036 2095 1129 2124 5050
1155 2078 1356 2137 habent,
1381 2086 1483 2121 tur-

186 2161 428 2207 barentur.
451 2155 819 2203 Exis'timandum
844 2155 1014 2214 potius.
1030 2152 1267 2197 Nechaum
1286 2166 1373 2210 per
1395 2166 1482 2194 an-

55 2275 72 2301 1
110 2238 113 2239 ’
188 2248 275 2277 1105
309 2246 480 2276 novem
508 2243 719 2290 regnasse
755 2242 850 2272 una
882 2241 988 2271 cum
1023 2235 1185 2284 patre,
1230 2223 1373 2282 idque
1408 2223 1480 2266 vel

189 2313 439 2364 propterea
477 2301 724 2346 verisimile
760 2313 881 2354 0550,
931 2297 1062 2356 (111οᾱ
1099 2295 1483 2340 Psammetichum

190 2376 435 2436 postremis
461 2373 595 2432 regni
625 2372 697 2415 sui
724 2370 1016 2429 temporibus
1042 2383 1197 2413 senem
1230 2366 1482 2411 admodum

192 2449 328 2493 fuisse
370 2462 427 2491 ex
444 2445 638 2490 historia
671 2443 768 2501 ejus
806 2443 1066 2502 colligatur.
1101 2440 1485 2484 Psammetichum

191 2535 400 2582 regnasse
428 2534 516 2578 per
534 2531 679 2562 annos
707 2515 765 2568 54
781 2549 794 2571 ,
819 2523 936 2574 quot
953 2522 1079 2558 10010
1111 2514 1153 2557 01
1186 2512 1359 2556 tribuat
1384 2514 1486 2556 Ma—

191 2594 350 2639 netho.
380 2591 620 2637 Nechaum
642 2604 755 2633 vero
786 2587 864 2648 (ut
892 2575 1006 2631 alios
1032 2601 1166 2646 reges
1194 2583 1484 2645 complures)

194 2668 242 2710 in
262 2666 374 2711 actis
400 2663 603 2724 publicis
625 2662 758 2722 regni
789 2662 859 2706 sui
891 2674 1036 2704 annos
1066 2659 1128 2703 ita
1152 2656 1490 2716 computandos

196 2753 398 2793 curasse,
421 2746 475 2781 ut
493 2735 622 2780 annis
640 2749 718 2778 sex
738 2734 906 2792 quibus
923 2732 1046 2776 solus
1065 2738 1318 2790 regnasset,
1335 2744 1489 2773 accen-

195 2819 406 2855 serentur
435 2810 544 2854 anni
576 2821 770 2861 novem,
799 2805 967 2864 quibus
999 2818 1104 2846 cum
1131 2810 1263 2861 patre
1294 2816 1488 2861 regnum

196 2883 613 2930 administravisset.
632 2881 769 2924 Hunc
797 2885 1068 2935 computum
1091 2883 1271 2919 secutos
1291 2889 1382 2918 esse
1410 2889 1493 2916 au-

165 2980 173 2983 „
199 2964 352 3000 ctores
386 2956 605 3000 stelarum
630 2954 819 2996 istarum
853 2949 1133 2992 funebrium.
1175 2947 1316 3004 Sequi
1354 2946 1494 3005 igitur

199 3029 527 3072 Manethonem
557 3025 724 3070 seriem
757 3022 1138 3081 chronologicam
1165 3019 1333 3062 rectius
1362 3018 1494 3061 exhi-

201 3099 313 3145 bere
344 3114 485 3158 quam
502 3096 830 3149 Herodotum,
870 3094 977 3152 qui,
998 3092 1187 3137 Nechao
1219 3090 1318 3149 regi
1354 3105 1497 3133 annos

201 3171 401 3217 sedecim
436 3169 729 3224 adscribens,
766 3164 1099 3211 Psammeticho
1138 3178 1236 3206 non
1269 3161 1327 3213 54
1353 3177 1497 3205 annos

203 3243 315 3288 dare
335 3242 537 3287 debebat
550 3276 562 3296 ,
582 3240 663 3285 5οᾶ
689 3244 746 3292 44
760 3273 773 3295 ,
800 3239 868 3282 uti
888 3247 955 3282 est
974 3235 1100 3295 apud
1119 3234 1391 3279 Eusebium.

267 3314 557 3359 Monendum
595 3312 795 3370 denique
830 3310 889 3354 de
923 3310 976 3352 iis
1011 3322 1112 3366 quae
1145 3321 1201 3350 ex
1231 3305 1496 3349 Judaeorum

204 3388 396 3433 historia
419 3386 479 3430 ad
500 3385 673 3430 Nechai
696 3392 741 3428 et
762 3382 966 3442 Uaphris
987 3380 1178 3424 nomina
1198 3385 1494 3422 annotantur.

271 3459 366 3504 Sub
386 3457 576 3516 Uaphre
598 3454 812 3516 (Hophra
826 3455 996 3498 Jerem.
1020 3467 1061 3495 c.
1092 3455 1152 3502 44
1177 3447 1326 3509 extr.)
1351 3449 1498 3493 Judaei

208 3540 315 3592 post
331 3539 465 3590 capta
485 3529 542 3572 ab
562 3527 753 3586 Assyriis
766 3525 1089 3583 Hierosolyma
1110 3523 1158 3565 in
1173 3523 1198 3565 J
1201 3521 1332 3565 udaea
1351 3521 1498 3564 relicti

209 3603 519 3664 confugerunt
550 3601 599 3644 in
648 3601 912 3660 AEgyptum.
956 3595 1162 3640 Pertinet
1200 3608 1273 3637 res
1315 3593 1374 3636 ad
1418 3593 1496 3636 Se-

210 3676 350 3721 deciae
386 3676 508 3736 regis
549 3687 720 3718 annum
755 3670 1082 3723 undecimum,
1124 3665 1255 3725 quod
1292 3665 1500 3710 Clemens

221 3749 353 3794 Alex.
397 3748 567 3791 Strom.
602 3746 654 3802 I,
690 3760 739 3803 p.
772 3741 860 3787 331
906 3743 1142 3799 componit
1179 3752 1284 3781 cum
1309 3735 1496 3795 Olymp.

214 3819 274 3872 48
296 3820 360 3876 ἒς,
395 3816 511 3881 (161
546 3818 729 3863 Nabon.
765 3814 854 3871 587
898 3830 923 3858 a
957 3812 1038 3874 C.)
1080 3821 1125 3857 et
1158 3826 1264 3856 cum
1295 3811 1499 3870 Uaphris

212 3906 335 3936 anno
349 3890 573 3935 seeundo.
597 3889 813 3950 (Singula
829 3903 930 3946 quae
947 3887 1040 3930 huc
1062 3892 1270 3944 spectant
1290 3890 1501 3927 accurate
1521 3894 1523 3897 '

213 3963 426 4022 exposuit
439 3962 685 4007 Boeckhius
706 3976 755 4020 p.
783 3958 873 4004 333
895 3957 1029 4019 sqq.)
1058 3955 1324 4002 Secundum
1342 3955 1503 3998 Mane—

145 4087 151 4091 ,
214 4036 406 4079 thoncm
432 4032 507 4096 (v.
521 4034 697 4079 Canon.
721 4030 959 4092 Boeckhii)
982 4045 1127 4074 annus
1145 4027 1236 4084 587
1265 4035 1330 4072 est
1351 4036 1504 4070 sextus

213 4121 311 4151 non
325 4107 544 4150 secundus
561 4107 680 4166 regis
697 4105 914 4163 Uaphris.
984 4103 1137 4160 Quum
1156 4115 1268 4145 vero
1285 4099 1504 4143 Manetho

214 4180 454 4222 Persarum
484 4177 698 4236 dynastiae
738 4171 971 4236 (XXVII)
999 4173 1172 4216 tribuat
1203 4187 1346 4216 annos
1387 4174 1474 4223 124
1493 4204 1504 4225 ,

2705 225 2797 266 595

1540 344 1628 388 pro
1664 325 1773 384 120',
1805 338 1920 387 quot
1944 343 2034 372 esse
2056 329 2225 373 debent
2240 362 2251 384 ‚
2276 328 2534 373 differentia
2556 329 2629 372 illa
2655 342 2819 373 evane-

1541 401 1649 455 scit,
1683 400 1870 443 simulac
1895 399 2179 446 abundantes
2211 402 2319 445 istos
2348 416 2492 445 annos
2525 409 2747 459 quattuor
2771 401 2822 443 in

1543 472 1749 531 dynastia
1758 473 1915 516 XXVI
1934 475 2195 519 resecueris.
2217 475 2366 518 Porro
2382 474 2607 528 Nechaus,
2626 472 2821 533 expedi-

1544 544 1718 587 tionem
1749 552 1909 587 contra
1943 545 2148 602 Assyrios
2177 545 2449 604 suscipiens,
2475 546 2643 589 Josiam
2667 559 2823 604 regem

1543 616 1736 658 transitu
1771 615 2007 674 AEgyptios
2042 615 2386 673 prohibiturum
2418 617 2585 675 proelio
2621 616 2681 660 ad
2714 617 2822 660 Me-

1542 686 1685 742 geddo
1710 684 1954 730 commisso
1979 687 2122 729 vincit
2149 686 2396 745 caeditque,
2427 697 2470 730 et
2493 688 2825 746 Hierosolymis

1547 754 1745 819 (Cadyti
1767 758 1946 802 Herod.
1970 759 2042 812 ΙΙ,
2078 757 2193 819 159)
2225 760 2418 817 potitur,
2443 769 2488 803 et
2515 760 2660 803 tribus
2695 774 2827 803 men-

1543 829 1667 874 sibus
1689 838 1794 888 post
1816 831 1841 873 J
1846 831 2037 874 oacham
2056 832 2080 873 J
2086 832 2189 874 osiae
2217 829 2361 874 filium
2400 833 2445 874 in
2470 832 2717 891 AEgyptum
2745 833 2827 876 ab·

1546 899 1674 944 ducit
1711 902 1881 961 (Regg.
1905 903 1979 957 ΙΙ,
2006 901 2091 958 23,
2124 909 2183 948 29
2214 917 2344 960 sqq.;
2378 903 2550 948 Chron.
2583 904 2654 957 11,
2689 903 2771 958 36,
2801 902 2825 947 3

1546 987 1648 1031 sqq.
1667 970 1698 1028 ).
1735 973 1845 1031 Quae
1870 973 1987 1018 facta
2005 983 2111 1018 sunt
2133 975 2254 1018 circa
2281 990 2452 1019 annum
2486 975 2577 1034 609
2604 990 2643 1019 a.
2666 976 2734 1029 C.‚
2760 976 2829 1019 uti

1545 1044 1789 1088 Boeckhius
1823 1043 1901 1104 (p.
1946 1044 2065 1106 337)
2100 1061 2205 1090 cum
2235 1047 2332 1090 aliis
2363 1048 2542 1101 statuit3
2579 1047 2830 1091 Bunsenius

1548 1114 1618 1178 (p.
1648 1116 1760 1176 146)
1793 1118 1927 1176 ponit
1963 1132 2135 1161 annum
2160 1117 2250 1174 607
2288 1133 2331 1162 a.
2358 1119 2410 1164 C.
2445 1120 2544 1167 Jam
2569 1117 2694 1176 apud
2729 1119 2829 1162 Ma-

1545 1188 1798 1232 nethonem
1828 1189 2002 1232 Nechai
2040 1204 2184 1233 annus
2219 1189 2417 1249 primus,
2462 1204 2557 1247 quo
2598 1204 2690 1233 una
2727 1205 2831 1234 cum

1546 1269 1678 1318 patre
1711 1275 1817 1304 sene
1848 1275 2059 1320 regnasse
2093 1276 2199 1305 eum
2233 1262 2451 1316 diximus,
2478 1270 2542 1304 est
2563 1260 2655 1305 613
2686 1276 2727 1306 a.
2762 1262 2830 1316 C.‚

1546 1332 1636 1386 vel,
1651 1333 1688 1375 si
1704 1347 1847 1376 annos
1859 1341 2080 1391 quattuor
2095 1333 2380 1378 abundantes
2396 1334 2610 1392 dynastiae
2626 1334 2832 1392 sequenti

1548 1402 1825 1463 dempseris,
1862 1403 1956 1463 609
1977 1419 2020 1451 a.
2043 1405 2096 1450 C.
2117 1406 2278 1464 Itaque
2307 1406 2623 1465 Hierosolyma
2647 1408 2836 1465 cepisset

1548 1477 1680 1536 regni
1699 1491 1821 1520 anno
1843 1477 1997 1520 tertio.

1698 1574 2004 1621 ‘VICESIMA
2039 1576 2297 1620 SEPTIMA
2332 1578 2651 1621 DYNASTIA.

2152 1668 2232 1714 68.

1927 1769 2047 1815 SEC.
2083 1770 2458 1814 AFRICANUM.

1620 1870 1814 1928 Syncell.
1833 1885 1881 1929 p.
1912 1868 1968 1926 75
1983 1904 1997 1929 ,
2022 1872 2064 1915 D
2085 1866 2305 1930 εἙὸδόμη
2323 1866 2396 1913 καὶ
2419 1866 2588 1924 εἰκοστὴ
2615 1866 2837 1914 δυναστεία

1557 1942 1738 2004 Περσῶν
1762 1938 1972 2004 βασιλέων
1994 1940 2054 1996 η’.

1622 2011 1663 2058 α’
1700 2015 1741 2060 Κ
1753 2030 1780 2057 α
1792 2031 1823 2074 μ
1834 2011 1892 2058 611
1904 2031 1964 2071 ση
1976 2032 1995 2066 ς
2017 2011 2100 2058 ἔτει
2118 2012 2150 2058 ε’
2167 2014 2242 2069 τῆς
2257 2014 2410 2058 ἑαυτοῦ
2429 2011 2644 2074 βασιλείας
2663 2012 2840 2077 Περσῶν

1557 2083 1834 2131 ἐὸασίλευσεν
1862 2083 2082 2146 Αἰγύπτου
2111 2082 2184 2140 ἔτη
2213 2083 2271 2135 ς’.

1625 2155 1664 2221 β’
1701 2160 1773 2205 Δα
1785 2176 1807 2221 ρ
1819 2160 1922 2210 εἷος
1942 2155 2194 2204 Ὑστάσπου
2215 2154 2290 2212 ἔτη
2306 2156 2393 2207 λς’.

1624 2229 1663 2292 γ’
1700 2228 1900 2293 Ξέρξης
1920 2231 1942 2275 ὃ
1958 2228 2090 2293 μέγας
2104 2227 2176 2286 ἔτη
2195 2227 2281 2275 κα’.

1626 2302 1662 2348 δ’
1697 2301 2017 2366 Ἀρτάὸανος
2038 2304 2173 2361 μῆνας
2198 2300 2248 2356 ζ’.

1627 2373 1655 2419 ε’
1693 2372 1735 2421 Ἀ
1752 2371 2039 2439 ρταξέρξης
2055 2371 2129 2429 ἔτη
2159 2373 2253 2433 μα’.

1628 2446 1670 2500 ς’
1708 2445 1909 2510 Ξέρξης
1930 2449 2067 2506 μῆνας
2091 2445 2180 2493 δύο.

1628 2518 1661 2574 ζ’
1698 2518 1898 2580 Σογδια
1911 2517 1991 2571 νὸς
2013 2521 2150 2579 μῆνας
2167 2516 2221 2572 ζ’.

1628 2590 1670 2648 η’
1706 2594 1779 2638 Δα
1794 2609 1817 2656 ρ
1829 2592 1905 2638 εῒο
1917 2611 1935 2644 ς
1950 2589 2111 2655 Ξέρξου
2140 2588 2213 2646 ἔτη
2230 2589 2301 2645 ιβ’.

1632 2661 1774 2725 Ὁμοῦ
1795 2661 1870 2719 ἔτη
1890 2661 1978 2725 ρκδ’
1997 2699 2011 2721 ,
2035 2664 2172 2724 μῆνας
2196 2661 2248 2710 δ’.

2170 2766 2247 2825 69.

1961 2868 2081 2912 SEC.
2128 2866 2452 2911 EUSEBIUM.

1627 2965 1758 3010 Idem
1776 2981 1823 3026 p.
1844 2968 1922 3023 76,
1938 2969 1979 3011 D
2001 2983 2011 3010 t
2040 2964 2223 3021 Εἷκοστὴ
2243 2963 2403 3023 ἑὸδάμη
2427 2962 2649 3009 δυναστεία
2672 2964 2848 3027 Περσῶν

1574 3035 1783 3098 βασιλέων
1805 3036 1863 3094 η’.

1638 3108 1678 3153 α’
1712 3111 1753 3156 Κ
1768 3129 1794 3155 α
1809 3130 1838 3173 μ
1855 3108 1882 3155 6
1895 3109 1918 3156 ύ
1933 3128 1959 3156 σ
1971 3129 1998 3166 η
2012 3130 2032 3163 ς
2053 3110 2136 3155 ἔτει
2160 3108 2347 3171 πέμπτῳ
2368 3110 2441 3163 τῆς
2459 3109 2607 3152 ἑαυτοῦ
2633 3104 2850 3169 βασιλείας

1573 3177 1846 3228 ἐὸασίλευσεν
1866 3180 2085 3243 Αἰγύπτου
2110 3180 2184 3238 ἔτη
2202 3181 2256 3241 γ’.

1640 3252 1680 3315 β’
1716 3253 1903 3317 Μάγοι
1928 3257 2065 3316 μῆνας
2081 3252 2131 3308 ζ’.

1637 3324 1677 3385 γ’
1713 3328 1943 3390 Δαρεῖος
1984 3324 2057 3384 ἔτη
2078 3324 2166 3378 λς’.

1640 3398 1676 3443 δ’
1713 3397 1909 3463 Ξέρξης
1934 3400 1956 3444 ὃ
1973 3393 2253 3462 Δαρείουέτη
2275 3395 2361 3442 κα’.

1640 3471 1671 3518 ε’
1708 3471 1749 3519 'A
1767 3469 1955 3535 ρταξέρ
1970 3469 2024 3528 ξη
2039 3490 2057 3523 ς
2080 3473 2101 3516 ὁ
2123 3468 2358 3533 μακρόχειρ
2376 3467 2447 3524 ἔτη
2468 3467 2526 3526 μ’.

1640 3545 1679 3598 ς’
1717 3541 1918 3608 Ξέρξης
1940 3546 1962 3589 ὃ
1986 3542 2176 3607 δεύτερος
2198 3544 2335 3603 μῆνας
2359 3541 2415 3603 β’.

1639 3617 1672 3672 ζ’
1710 3614 2004 3680 Σογδιανὸς
2022 3618 2160 3678 μ’ἥνας
2181 3615 2233 3669 ζ’.

1640 3689 1679 3746 η’
1717 3691 1945 3753 Δαρεῖος
1965 3690 1987 3734 ὃ
2011 3687 2171 3752 Ξέρξου
2194 3685 2267 3743 ἔτη
2291 3686 2359 3730 ιθ’.

1639 3759 1779 3822 Ὁμοῦ
1802 3758 1875 3817 ἔτη
1899 3759 1961 3823 ρκ’
1978 3759 2050 3806 καὶ
2072 3762 2208 3821 μῆνας
2233 3756 2283 3803 δ’.

1649 3872 1809 3919 Euseb.
1836 3870 2008 3916 Chron.
2048 3885 2098 3928 p.
2132 3867 2219 3912 105
2249 3884 2259 3910 :
2292 3869 2521 3923 VIgesima
2543 3867 2736 3921 septima
2767 3862 2853 3916 τζν-

1577 3951 1728 3992 nastia
1751 3946 1994 3989 Persarum
2028 3943 2162 3984 VIII
2190 3954 2362 3997 regum.

1575 4042 1595 4064 ι
1645 4018 1909 4075 Cambyses,
1952 4016 2032 4074 qui
2069 4017 2199 4073 regni
2235 4015 2303 4054 sui
2335 4012 2485 4068 quinto
2521 4007 2610 4066 (sic
2653 4018 2840 4061 margo,

1580 4101 1726 4139 textus
1757 4105 1768 4133 ε
1802 4086 1915 4147 XV)
1941 4102 2062 4131 anno
2084 4087 2393 4143 AE'gyptiorum
2410 4083 2581 4139 potitus
2602 4087 2685 4130 eu,
2719 4078 2852 4118 annis

1581 4169 1674 4211 III
1710 4163 1775 4226 (a.
1825 4155 2274 4218 Abr.1492·1494),

2451 4247 2503 4275 38.
