<?xml version="1.0" encoding="UTF-8"?>
<!DOCTYPE html PUBLIC "-//W3C//DTD XHTML 1.0 Transitional//EN"
    "http://www.w3.org/TR/xhtml1/DTD/xhtml1-transitional.dtd">
<html xmlns="http://www.w3.org/1999/xhtml" xml:lang="en" lang="en">
 <head>
  <title>
</title>
<meta http-equiv="Content-Type" content="text/html;charset=utf-8" />
  <meta name='ocr-system' content='tesseract 3.04.00' />
  <meta name='ocr-capabilities' content='ocr_page ocr_carea ocr_par ocr_line ocrx_word'/>
</head>
<body>
  <div class='ocr_page' id='page_1' title='image "./fragmentahistori02mueluoft_0071.png"; bbox 0 0 3016 4628; ppageno 0'>
   <div class='ocr_carea' id='block_1_1' title="bbox 1039 325 2689 382">
    <p class='ocr_par' dir='ltr' id='par_1_1' title="bbox 1039 325 2689 382">
     <span class='ocr_line' id='line_1_1' title="bbox 1039 325 2689 382; baseline -0.017 1"><span class='ocrx_word' id='word_1_1' title='bbox 1039 333 1190 382; x_wconf 73' lang='lat' dir='ltr'>mou</span> <span class='ocrx_word' id='word_1_2' title='bbox 1230 325 1730 378; x_wconf 70' lang='lat' dir='ltr'>raocouuesius.</span> <span class='ocrx_word' id='word_1_3' title='bbox 2638 338 2689 371; x_wconf 50' lang='grc' dir='ltr'>μ,</span> 
     </span>
    </p>
   </div>
   <div class='ocr_carea' id='block_1_2' title="bbox 111 440 1326 516">
    <p class='ocr_par' dir='ltr' id='par_1_2' title="bbox 111 440 1326 516">
     <span class='ocr_line' id='line_1_2' title="bbox 111 440 1326 516; baseline -0.021 -7"><span class='ocrx_word' id='word_1_4' title='bbox 111 467 182 509; x_wconf 88' lang='lat' dir='ltr'>De</span> <span class='ocrx_word' id='word_1_5' title='bbox 196 462 288 506; x_wconf 89' lang='lat' dir='ltr'>hoc</span> <span class='ocrx_word' id='word_1_6' title='bbox 304 494 316 516; x_wconf 85' lang='lat'>‚</span> <span class='ocrx_word' id='word_1_7' title='bbox 342 467 394 503; x_wconf 87' lang='lat' dir='ltr'>ut</span> <span class='ocrx_word' id='word_1_8' title='bbox 412 456 613 509; x_wconf 88' lang='lat' dir='ltr'>videtur,</span> <span class='ocrx_word' id='word_1_9' title='bbox 639 452 768 496; x_wconf 85' lang='lat' dir='ltr'>fonte</span> <span class='ocrx_word' id='word_1_10' title='bbox 792 448 965 492; x_wconf 77' lang='lat' dir='ltr'>Plinius</span> <span class='ocrx_word' id='word_1_11' title='bbox 991 446 1050 489; x_wconf 90' lang='lat' dir='ltr'>H.</span> <span class='ocrx_word' id='word_1_12' title='bbox 1072 445 1131 488; x_wconf 91' lang='lat' dir='ltr'>N.</span> <span class='ocrx_word' id='word_1_13' title='bbox 1153 440 1295 486; x_wconf 88' lang='lat' dir='ltr'>XXX</span> <span class='ocrx_word' id='word_1_14' title='bbox 1312 473 1326 497; x_wconf 91' lang='lat'>,</span> 
     </span>
    </p>
   </div>
   <div class='ocr_carea' id='block_1_3' title="bbox 1406 430 2691 495">
    <p class='ocr_par' dir='ltr' id='par_1_3' title="bbox 1406 430 2691 495">
     <span class='ocr_line' id='line_1_3' title="bbox 1406 430 2691 495; baseline -0.002 -16"><span class='ocrx_word' id='word_1_15' title='bbox 1406 435 1577 479; x_wconf 81' lang='lat' dir='ltr'>dixerit</span> <span class='ocrx_word' id='word_1_16' title='bbox 1602 434 1797 477; x_wconf 78' lang='lat' dir='ltr'>solemni</span> <span class='ocrx_word' id='word_1_17' title='bbox 1837 431 2107 474; x_wconf 77' lang='lat' dir='ltr'>confusione</span> <span class='ocrx_word' id='word_1_18' title='bbox 2146 449 2232 490; x_wconf 81' lang='lat' dir='ltr'>pro</span> <span class='ocrx_word' id='word_1_19' title='bbox 2266 430 2419 495; x_wconf 71' lang='grc' dir='ltr'>Λερίῳ.</span> <span class='ocrx_word' id='word_1_20' title='bbox 2465 437 2582 478; x_wconf 78' lang='lat' dir='ltr'>Num</span> <span class='ocrx_word' id='word_1_21' title='bbox 2613 451 2691 492; x_wconf 62' lang='lat' dir='ltr'>ge-</span> 
     </span>
    </p>
   </div>
   <div class='ocr_carea' id='block_1_4' title="bbox 11 504 2693 592">
    <p class='ocr_par' dir='ltr' id='par_1_4' title="bbox 11 504 2693 592">
     <span class='ocr_line' id='line_1_4' title="bbox 11 504 2693 592; baseline -0.004 -31"><span class='ocrx_word' id='word_1_22' title='bbox 11 516 21 547; x_wconf 70' lang='lat' dir='ltr'>t</span> <span class='ocrx_word' id='word_1_23' title='bbox 53 536 111 582; x_wconf 76' lang='grc' dir='ltr'>ι6</span> <span class='ocrx_word' id='word_1_24' title='bbox 135 551 146 561; x_wconf 91' lang='grc'><strong>.</strong></span> <span class='ocrx_word' id='word_1_25' title='bbox 175 527 445 592; x_wconf 73' lang='lat' dir='ltr'>Cyzicisons</span> <span class='ocrx_word' id='word_1_26' title='bbox 459 527 682 587; x_wconf 75' lang='lat' dir='ltr'><em>cupidinis</em></span> <span class='ocrx_word' id='word_1_27' title='bbox 701 530 891 574; x_wconf 71' lang='lat' dir='ltr'>vocatur,</span> <span class='ocrx_word' id='word_1_28' title='bbox 935 533 996 561; x_wconf 74' lang='lat' dir='ltr'>ex</span> <span class='ocrx_word' id='word_1_29' title='bbox 1017 531 1102 576; x_wconf 82' lang='lat' dir='ltr'>quo</span> <span class='ocrx_word' id='word_1_30' title='bbox 1119 521 1331 574; x_wconf 83' lang='lat' dir='ltr'>potantes</span> <span class='ocrx_word' id='word_1_31' title='bbox 1403 508 1546 551; x_wconf 88' lang='lat' dir='ltr'>nuina</span> <span class='ocrx_word' id='word_1_32' title='bbox 1572 507 1744 550; x_wconf 86' lang='lat' dir='ltr'>suerint</span> <span class='ocrx_word' id='word_1_33' title='bbox 1764 505 1832 547; x_wconf 85' lang='lat' dir='ltr'>isti</span> <span class='ocrx_word' id='word_1_34' title='bbox 1867 504 2023 546; x_wconf 81' lang='lat' dir='ltr'>Bionis</span> <span class='ocrx_word' id='word_1_35' title='bbox 2047 504 2179 557; x_wconf 89' lang='lat' dir='ltr'>libri,</span> <span class='ocrx_word' id='word_1_36' title='bbox 2208 504 2469 548; x_wconf 77' lang='lat' dir='ltr'>dubitatum</span> <span class='ocrx_word' id='word_1_37' title='bbox 2509 522 2600 550; x_wconf 83' lang='lat' dir='ltr'>esse</span> <span class='ocrx_word' id='word_1_38' title='bbox 2622 524 2693 550; x_wconf 80' lang='lat' dir='ltr'>ar-</span> 
     </span>
    </p>
   </div>
   <div class='ocr_carea' id='block_1_5' title="bbox 46 586 1328 733">
    <p class='ocr_par' dir='ltr' id='par_1_5' title="bbox 46 586 1328 733">
     <span class='ocr_line' id='line_1_5' title="bbox 47 586 1327 663; baseline -0.021 -10"><span class='ocrx_word' id='word_1_39' title='bbox 47 620 247 653; x_wconf 85' lang='lat' dir='ltr'>amorem</span> <span class='ocrx_word' id='word_1_40' title='bbox 266 604 492 663; x_wconf 84' lang='lat' dir='ltr'><strong><em>deponere</em></strong></span> <span class='ocrx_word' id='word_1_41' title='bbox 506 599 752 643; x_wconf 83' lang='lat' dir='ltr'><em>Mucianus</em></span> <span class='ocrx_word' id='word_1_42' title='bbox 770 592 930 637; x_wconf 82' lang='lat' dir='ltr'>credit.</span> <span class='ocrx_word' id='word_1_43' title='bbox 946 588 1152 634; x_wconf 82' lang='lat' dir='ltr'>Isidorus</span> <span class='ocrx_word' id='word_1_44' title='bbox 1167 586 1327 643; x_wconf 79' lang='lat' dir='ltr'>Origg.</span> 
     </span>
     <span class='ocr_line' id='line_1_6' title="bbox 46 658 1328 733; baseline -0.021 -9"><span class='ocrx_word' id='word_1_45' title='bbox 46 677 188 733; x_wconf 77' lang='lat' dir='ltr'>xm,</span> <span class='ocrx_word' id='word_1_46' title='bbox 230 675 312 730; x_wconf 81' lang='lat'>13,</span> <span class='ocrx_word' id='word_1_47' title='bbox 341 674 366 718; x_wconf 84' lang='lat'>3</span> <span class='ocrx_word' id='word_1_48' title='bbox 403 688 414 716; x_wconf 76' lang='lat' dir='ltr'>t</span> <span class='ocrx_word' id='word_1_49' title='bbox 440 666 714 730; x_wconf 79' lang='lat' dir='ltr'>Cyzicisons</span> <span class='ocrx_word' id='word_1_50' title='bbox 742 678 943 710; x_wconf 85' lang='lat' dir='ltr'>amorem</span> <span class='ocrx_word' id='word_1_51' title='bbox 971 662 1018 704; x_wconf 87' lang='lat' dir='ltr'><em>V</em></span> <span class='ocrx_word' id='word_1_52' title='bbox 1012 663 1162 704; x_wconf 68' lang='lat' dir='ltr'>enerIs</span> <span class='ocrx_word' id='word_1_53' title='bbox 1194 658 1328 700; x_wconf 76' lang='lat' dir='ltr'>tollit.</span> 
     </span>
    </p>
   </div>
   <div class='ocr_carea' id='block_1_6' title="bbox 14 744 1339 1269">
    <p class='ocr_par' dir='ltr' id='par_1_6' title="bbox 14 744 1339 1269">
     <span class='ocr_line' id='line_1_7' title="bbox 48 744 616 806; baseline -0.021 -10"><span class='ocrx_word' id='word_1_54' title='bbox 48 747 119 797; x_wconf 86' lang='lat' dir='ltr'>cf.</span> <span class='ocrx_word' id='word_1_55' title='bbox 143 744 431 806; x_wconf 86' lang='lat' dir='ltr'>Marquardt.</span> <span class='ocrx_word' id='word_1_56' title='bbox 460 758 510 802; x_wconf 89' lang='lat' dir='ltr'>p.</span> <span class='ocrx_word' id='word_1_57' title='bbox 542 745 616 793; x_wconf 77' lang='lat'><strong>14.</strong></span> 
     </span>
     <span class='ocr_line' id='line_1_8' title="bbox 659 840 707 885; baseline -0.021 -16"><span class='ocrx_word' id='word_1_58' title='bbox 659 840 707 885; x_wconf 88' lang='lat'>9.</span> 
     </span>
     <span class='ocr_line' id='line_1_9' title="bbox 26 915 1334 988; baseline -0.018 -8"><span class='ocrx_word' id='word_1_59' title='bbox 26 935 36 946; x_wconf 63' lang='lat'>²</span> <span class='ocrx_word' id='word_1_60' title='bbox 117 932 251 981; x_wconf 88' lang='lat' dir='ltr'><strong>Idem</strong></span> <span class='ocrx_word' id='word_1_61' title='bbox 267 931 333 988; x_wconf 87' lang='grc' dir='ltr'>ΙΙ,</span> <span class='ocrx_word' id='word_1_62' title='bbox 362 927 424 988; x_wconf 84' lang='grc'>98</span> <span class='ocrx_word' id='word_1_63' title='bbox 450 943 461 972; x_wconf 89' lang='lat'>:</span> <span class='ocrx_word' id='word_1_64' title='bbox 488 920 775 974; x_wconf 83' lang='grc' dir='ltr'>Ἀπολλώνιος</span> <span class='ocrx_word' id='word_1_65' title='bbox 800 918 879 982; x_wconf 83' lang='grc' dir='ltr'>μὲν</span> <span class='ocrx_word' id='word_1_66' title='bbox 918 917 1116 982; x_wconf 71' lang='grc' dir='ltr'>ἐμφαίνει</span> <span class='ocrx_word' id='word_1_67' title='bbox 1135 917 1192 968; x_wconf 81' lang='grc' dir='ltr'>ὡς</span> <span class='ocrx_word' id='word_1_68' title='bbox 1224 915 1334 977; x_wconf 85' lang='grc' dir='ltr'>ἀνῃ-</span> 
     </span>
     <span class='ocr_line' id='line_1_10' title="bbox 55 986 1338 1072; baseline -0.016 -21"><span class='ocrx_word' id='word_1_69' title='bbox 55 1002 234 1072; x_wconf 84' lang='grc' dir='ltr'>ρημένον</span> <span class='ocrx_word' id='word_1_70' title='bbox 253 999 324 1047; x_wconf 86' lang='grc' dir='ltr'>τὸν</span> <span class='ocrx_word' id='word_1_71' title='bbox 350 997 568 1060; x_wconf 77' lang='grc' dir='ltr'>Ἀμυκον·</span> <span class='ocrx_word' id='word_1_72' title='bbox 602 993 875 1058; x_wconf 84' lang='grc' dir='ltr'>Ἐπίχαρμος</span> <span class='ocrx_word' id='word_1_73' title='bbox 897 990 942 1037; x_wconf 76' lang='grc' dir='ltr'>δὲ</span> <span class='ocrx_word' id='word_1_74' title='bbox 965 988 1040 1036; x_wconf 86' lang='grc' dir='ltr'>καὶ</span> <span class='ocrx_word' id='word_1_75' title='bbox 1071 986 1338 1049; x_wconf 85' lang='grc' dir='ltr'>Πείσανδρος</span> 
     </span>
     <span class='ocr_line' id='line_1_11' title="bbox 14 1056 1335 1142; baseline -0.016 -18"><span class='ocrx_word' id='word_1_76' title='bbox 14 1090 15 1107; x_wconf 81' lang='lat'>³</span> <span class='ocrx_word' id='word_1_77' title='bbox 57 1077 146 1142; x_wconf 77' lang='lat' dir='ltr'>(fr.</span> <span class='ocrx_word' id='word_1_78' title='bbox 175 1074 230 1121; x_wconf 83' lang='lat'>13</span> <span class='ocrx_word' id='word_1_79' title='bbox 251 1071 264 1138; x_wconf 90' lang='lat'>)</span> <span class='ocrx_word' id='word_1_80' title='bbox 282 1070 411 1138; x_wconf 77' lang='grc' dir='ltr'>φασὶν</span> <span class='ocrx_word' id='word_1_81' title='bbox 427 1069 492 1117; x_wconf 82' lang='grc' dir='ltr'>ὅτι</span> <span class='ocrx_word' id='word_1_82' title='bbox 513 1067 662 1126; x_wconf 86' lang='grc' dir='ltr'>ἔδησεν</span> <span class='ocrx_word' id='word_1_83' title='bbox 685 1065 812 1113; x_wconf 81' lang='grc' dir='ltr'>αὐτὸν</span> <span class='ocrx_word' id='word_1_84' title='bbox 838 1067 860 1111; x_wconf 82' lang='grc' dir='ltr'><em>ὃ</em></span> <span class='ocrx_word' id='word_1_85' title='bbox 888 1059 1182 1118; x_wconf 86' lang='grc' dir='ltr'>Πολυδεύκης.</span> <span class='ocrx_word' id='word_1_86' title='bbox 1221 1056 1335 1115; x_wconf 89' lang='grc' dir='ltr'>Δηί-</span> 
     </span>
     <span class='ocr_line' id='line_1_12' title="bbox 18 1135 1339 1212; baseline -0.015 -16"><span class='ocrx_word' id='word_1_87' title='bbox 18 1174 21 1178; x_wconf 61' lang='grc'><strong>’</strong></span> <span class='ocrx_word' id='word_1_88' title='bbox 47 1143 180 1212; x_wconf 42' lang='grc' dir='ltr'>’λοχος</span> <span class='ocrx_word' id='word_1_89' title='bbox 195 1143 240 1192; x_wconf 82' lang='grc' dir='ltr'>δὲ</span> <span class='ocrx_word' id='word_1_90' title='bbox 257 1146 300 1192; x_wconf 82' lang='grc' dir='ltr'>ἐν</span> <span class='ocrx_word' id='word_1_91' title='bbox 323 1138 604 1208; x_wconf 84' lang='grc' dir='ltr'>πρώτῳ“περὶ</span> <span class='ocrx_word' id='word_1_92' title='bbox 621 1136 810 1193; x_wconf 85' lang='grc' dir='ltr'>Κυζίκου</span> <span class='ocrx_word' id='word_1_93' title='bbox 834 1135 1241 1190; x_wconf 80' lang='grc' dir='ltr'>καταπυκτευθῆναι</span> <span class='ocrx_word' id='word_1_94' title='bbox 1255 1149 1339 1195; x_wconf 82' lang='grc' dir='ltr'>φη-</span> 
     </span>
     <span class='ocr_line' id='line_1_13' title="bbox 19 1211 708 1269; baseline -0.016 0"><span class='ocrx_word' id='word_1_95' title='bbox 19 1214 21 1217; x_wconf 41' lang='grc'><strong>’</strong></span> <span class='ocrx_word' id='word_1_96' title='bbox 52 1219 121 1269; x_wconf 74' lang='lat' dir='ltr'>cho</span> <span class='ocrx_word' id='word_1_97' title='bbox 145 1217 272 1266; x_wconf 81' lang='grc' dir='ltr'>αὐτὸν</span> <span class='ocrx_word' id='word_1_98' title='bbox 295 1216 378 1264; x_wconf 75' lang='grc' dir='ltr'>ὑπὸ</span> <span class='ocrx_word' id='word_1_99' title='bbox 394 1211 708 1265; x_wconf 83' lang='grc' dir='ltr'>Πολυδεύκους.</span> 
     </span>
    </p>
   </div>
   <div class='ocr_carea' id='block_1_7' title="bbox 380 1322 1010 1373">
    <p class='ocr_par' dir='ltr' id='par_1_7' title="bbox 380 1322 1010 1373">
     <span class='ocr_line' id='line_1_14' title="bbox 380 1322 1010 1373; baseline -0.014 1"><span class='ocrx_word' id='word_1_100' title='bbox 380 1328 467 1373; x_wconf 88' lang='lat' dir='ltr'>EX</span> <span class='ocrx_word' id='word_1_101' title='bbox 505 1326 689 1373; x_wconf 90' lang='lat' dir='ltr'>LIBRO</span> <span class='ocrx_word' id='word_1_102' title='bbox 731 1325 794 1370; x_wconf 87' lang='grc' dir='ltr'>ΙΝ</span> <span class='ocrx_word' id='word_1_103' title='bbox 798 1322 1010 1369; x_wconf 82' lang='lat' dir='ltr'><strong>CERTO.</strong></span> 
     </span>
    </p>
   </div>
   <div class='ocr_carea' id='block_1_8' title="bbox 667 1431 739 1461">
    <p class='ocr_par' dir='ltr' id='par_1_8' title="bbox 667 1431 739 1461">
     <span class='ocr_line' id='line_1_15' title="bbox 667 1431 739 1461; baseline 0 -1"><span class='ocrx_word' id='word_1_104' title='bbox 667 1431 739 1461; x_wconf 88' lang='lat'><strong>10.</strong></span> 
     </span>
    </p>
   </div>
   <div class='ocr_carea' id='block_1_9' title="bbox 0 1500 1357 2500">
    <p class='ocr_par' dir='ltr' id='par_1_9' title="bbox 122 1500 1345 1574">
     <span class='ocr_line' id='line_1_16' title="bbox 122 1500 1345 1574; baseline -0.012 -14"><span class='ocrx_word' id='word_1_105' title='bbox 122 1513 344 1574; x_wconf 89' lang='lat' dir='ltr'>Stephan.</span> <span class='ocrx_word' id='word_1_106' title='bbox 360 1513 414 1556; x_wconf 90' lang='lat' dir='ltr'>B.</span> <span class='ocrx_word' id='word_1_107' title='bbox 441 1527 452 1555; x_wconf 89' lang='lat'>:</span> <span class='ocrx_word' id='word_1_108' title='bbox 477 1507 740 1572; x_wconf 83' lang='grc' dir='ltr'>Λάμψακος,</span> <span class='ocrx_word' id='word_1_109' title='bbox 761 1503 884 1557; x_wconf 87' lang='grc' dir='ltr'>πόλις</span> <span class='ocrx_word' id='word_1_110' title='bbox 903 1502 1018 1550; x_wconf 84' lang='grc' dir='ltr'>κατὰ</span> <span class='ocrx_word' id='word_1_111' title='bbox 1038 1500 1115 1557; x_wconf 80' lang='grc' dir='ltr'>τὴν</span> <span class='ocrx_word' id='word_1_112' title='bbox 1141 1502 1345 1565; x_wconf 88' lang='grc' dir='ltr'>Προπον-</span> 
     </span>
    </p>

    <p class='ocr_par' dir='ltr' id='par_1_10' title="bbox 0 1573 1351 1866">
     <span class='ocr_line' id='line_1_17' title="bbox 0 1573 1345 1647; baseline -0.013 -12"><span class='ocrx_word' id='word_1_113' title='bbox 0 1597 1 1600; x_wconf 75' lang='grc'>’</span> <span class='ocrx_word' id='word_1_114' title='bbox 42 1585 181 1644; x_wconf 52' lang='grc' dir='ltr'>σίδαι,</span> <span class='ocrx_word' id='word_1_115' title='bbox 216 1582 302 1631; x_wconf 82' lang='grc' dir='ltr'>ἀπὸ</span> <span class='ocrx_word' id='word_1_116' title='bbox 318 1580 570 1647; x_wconf 79' lang='grc' dir='ltr'>Λαμψάκης</span> <span class='ocrx_word' id='word_1_117' title='bbox 593 1576 826 1643; x_wconf 82' lang='grc' dir='ltr'>ἐπιχωρίας</span> <span class='ocrx_word' id='word_1_118' title='bbox 854 1575 966 1629; x_wconf 83' lang='grc' dir='ltr'>τινὸς</span> <span class='ocrx_word' id='word_1_119' title='bbox 996 1573 1145 1637; x_wconf 84' lang='grc' dir='ltr'>κόρης·</span> <span class='ocrx_word' id='word_1_120' title='bbox 1171 1573 1262 1619; x_wconf 85' lang='grc' dir='ltr'>ἔστι</span> <span class='ocrx_word' id='word_1_121' title='bbox 1301 1573 1345 1619; x_wconf 84' lang='grc' dir='ltr'>δὲ</span> 
     </span>
     <span class='ocr_line' id='line_1_18' title="bbox 59 1646 1347 1716; baseline -0.014 -8"><span class='ocrx_word' id='word_1_122' title='bbox 59 1655 286 1708; x_wconf 80' lang='grc' dir='ltr'><strong>Φωκαέων</strong></span> <span class='ocrx_word' id='word_1_123' title='bbox 313 1654 500 1716; x_wconf 81' lang='grc' dir='ltr'>κτίσμα,</span> <span class='ocrx_word' id='word_1_124' title='bbox 534 1653 674 1699; x_wconf 85' lang='grc' dir='ltr'>πάλαι</span> <span class='ocrx_word' id='word_1_125' title='bbox 698 1647 920 1698; x_wconf 84' lang='grc' dir='ltr'>Πιτύουσα</span> <span class='ocrx_word' id='word_1_126' title='bbox 946 1646 1259 1707; x_wconf 77' lang='grc' dir='ltr'>(Πιτυοῦσσα)</span> <span class='ocrx_word' id='word_1_127' title='bbox 1280 1646 1347 1691; x_wconf 87' lang='grc' dir='ltr'>λε·</span> 
     </span>
     <span class='ocr_line' id='line_1_19' title="bbox 38 1719 1345 1795; baseline -0.012 -16"><span class='ocrx_word' id='word_1_128' title='bbox 38 1728 246 1795; x_wconf 81' lang='grc' dir='ltr'>’γομένη,</span> <span class='ocrx_word' id='word_1_129' title='bbox 270 1729 327 1782; x_wconf 81' lang='grc' dir='ltr'>ὡς</span> <span class='ocrx_word' id='word_1_130' title='bbox 343 1726 553 1789; x_wconf 85' lang='grc' dir='ltr'>Δηίλοχος</span> <span class='ocrx_word' id='word_1_131' title='bbox 572 1726 595 1771; x_wconf 83' lang='grc' dir='ltr'><em>ὃ</em></span> <span class='ocrx_word' id='word_1_132' title='bbox 622 1719 872 1780; x_wconf 85' lang='grc' dir='ltr'>Κυζικηνός.</span> <span class='ocrx_word' id='word_1_133' title='bbox 895 1719 966 1766; x_wconf 81' lang='lat' dir='ltr'><strong>Cf.</strong></span> <span class='ocrx_word' id='word_1_134' title='bbox 994 1722 1196 1767; x_wconf 86' lang='lat' dir='ltr'>Charon.</span> <span class='ocrx_word' id='word_1_135' title='bbox 1215 1720 1273 1764; x_wconf 85' lang='lat' dir='ltr'>fr.</span> <span class='ocrx_word' id='word_1_136' title='bbox 1299 1720 1345 1776; x_wconf 88' lang='lat'>6;</span> 
     </span>
     <span class='ocr_line' id='line_1_20' title="bbox 61 1795 1351 1866; baseline -0.009 -15"><span class='ocrx_word' id='word_1_137' title='bbox 61 1803 338 1866; x_wconf 82' lang='lat' dir='ltr'>Apollonius</span> <span class='ocrx_word' id='word_1_138' title='bbox 371 1800 532 1847; x_wconf 89' lang='lat' dir='ltr'>Rhod.</span> <span class='ocrx_word' id='word_1_139' title='bbox 571 1800 612 1854; x_wconf 91' lang='lat' dir='ltr'>I,</span> <span class='ocrx_word' id='word_1_140' title='bbox 639 1796 752 1858; x_wconf 81' lang='lat'>933,</span> <span class='ocrx_word' id='word_1_141' title='bbox 793 1796 878 1840; x_wconf 90' lang='lat' dir='ltr'>ubi</span> <span class='ocrx_word' id='word_1_142' title='bbox 913 1795 1196 1855; x_wconf 77' lang='lat' dir='ltr'>Argonautae</span> <span class='ocrx_word' id='word_1_143' title='bbox 1218 1803 1351 1839; x_wconf 84' lang='lat' dir='ltr'>ante-</span> 
     </span>
    </p>

    <p class='ocr_par' dir='ltr' id='par_1_11' title="bbox 0 1863 1352 2083">
     <span class='ocr_line' id='line_1_21' title="bbox 0 1863 1351 1938; baseline -0.01 -15"><span class='ocrx_word' id='word_1_144' title='bbox 0 1927 1 1931; x_wconf 43' lang='lat'>,</span> <span class='ocrx_word' id='word_1_145' title='bbox 61 1891 203 1938; x_wconf 86' lang='lat' dir='ltr'>quam</span> <span class='ocrx_word' id='word_1_146' title='bbox 223 1875 439 1934; x_wconf 82' lang='lat' dir='ltr'>Cyzicum</span> <span class='ocrx_word' id='word_1_147' title='bbox 467 1871 767 1932; x_wconf 81' lang='lat' dir='ltr'>pervenerint</span> <span class='ocrx_word' id='word_1_148' title='bbox 793 1867 864 1929; x_wconf 81' lang='lat' dir='ltr'><strong>(v.</strong></span> <span class='ocrx_word' id='word_1_149' title='bbox 893 1867 1048 1928; x_wconf 81' lang='lat'>936),</span> <span class='ocrx_word' id='word_1_150' title='bbox 1074 1863 1228 1923; x_wconf 81' lang='grc' dir='ltr'>ζαθέην</span> <span class='ocrx_word' id='word_1_151' title='bbox 1265 1867 1351 1914; x_wconf 86' lang='grc' dir='ltr'>Πι-</span> 
     </span>
     <span class='ocr_line' id='line_1_22' title="bbox 24 1939 1352 2007; baseline -0.012 -11"><span class='ocrx_word' id='word_1_152' title='bbox 24 1992 29 1995; x_wconf 43' lang='lat'><strong>.</strong></span> <span class='ocrx_word' id='word_1_153' title='bbox 63 1946 205 1999; x_wconf 70' lang='grc' dir='ltr'>τυείαν</span> <span class='ocrx_word' id='word_1_154' title='bbox 253 1945 656 2007; x_wconf 70' lang='lat' dir='ltr'>praeter-navigasse</span> <span class='ocrx_word' id='word_1_155' title='bbox 703 1941 924 1986; x_wconf 85' lang='lat' dir='ltr'>dicuntur</span> <span class='ocrx_word' id='word_1_156' title='bbox 973 1939 1039 2001; x_wconf 90' lang='lat' dir='ltr'><strong>(v.</strong></span> <span class='ocrx_word' id='word_1_157' title='bbox 1090 1941 1237 1984; x_wconf 85' lang='lat' dir='ltr'>schol.</span> <span class='ocrx_word' id='word_1_158' title='bbox 1291 1941 1352 1985; x_wconf 85' lang='lat' dir='ltr'>ad</span> 
     </span>
     <span class='ocr_line' id='line_1_23' title="bbox 0 2011 1349 2083; baseline -0.007 -17"><span class='ocrx_word' id='word_1_159' title='bbox 0 2012 1 2018; x_wconf 15' lang='grc' dir='ltr'>ί</span> <span class='ocrx_word' id='word_1_160' title='bbox 63 2021 112 2066; x_wconf 90' lang='lat' dir='ltr'>h.</span> <span class='ocrx_word' id='word_1_161' title='bbox 127 2020 166 2083; x_wconf 92' lang='lat' dir='ltr'>l)</span> <span class='ocrx_word' id='word_1_162' title='bbox 182 2036 195 2076; x_wconf 94' lang='lat'>;</span> <span class='ocrx_word' id='word_1_163' title='bbox 212 2018 402 2081; x_wconf 87' lang='lat' dir='ltr'>Orphic.</span> <span class='ocrx_word' id='word_1_164' title='bbox 419 2018 678 2077; x_wconf 82' lang='lat' dir='ltr'>Argonaut.</span> <span class='ocrx_word' id='word_1_165' title='bbox 699 2028 750 2073; x_wconf 92' lang='lat' dir='ltr'><strong>p.</strong></span> <span class='ocrx_word' id='word_1_166' title='bbox 777 2011 893 2068; x_wconf 80' lang='lat'><strong>4883</strong></span> <span class='ocrx_word' id='word_1_167' title='bbox 915 2013 1090 2057; x_wconf 85' lang='lat' dir='ltr'>Plinius</span> <span class='ocrx_word' id='word_1_168' title='bbox 1107 2012 1246 2069; x_wconf 63' lang='lat' dir='ltr'><strong>V‚,32</strong></span> <span class='ocrx_word' id='word_1_169' title='bbox 1261 2047 1273 2070; x_wconf 91' lang='lat'>,</span> <span class='ocrx_word' id='word_1_170' title='bbox 1296 2018 1349 2069; x_wconf 74' lang='lat'>43</span> 
     </span>
    </p>

    <p class='ocr_par' dir='ltr' id='par_1_12' title="bbox 66 2085 986 2154">
     <span class='ocr_line' id='line_1_24' title="bbox 66 2085 986 2154; baseline -0.011 -15"><span class='ocrx_word' id='word_1_171' title='bbox 66 2091 426 2154; x_wconf 78' lang='lat' dir='ltr'>Forhiger.&#39;Alt.</span> <span class='ocrx_word' id='word_1_172' title='bbox 448 2090 614 2147; x_wconf 78' lang='lat' dir='ltr'>Geogr.</span> <span class='ocrx_word' id='word_1_173' title='bbox 634 2088 699 2143; x_wconf 91' lang='lat' dir='ltr'>II,</span> <span class='ocrx_word' id='word_1_174' title='bbox 721 2101 773 2146; x_wconf 84' lang='lat' dir='ltr'><strong>p.</strong></span> <span class='ocrx_word' id='word_1_175' title='bbox 803 2085 893 2130; x_wconf 81' lang='lat'>130</span> <span class='ocrx_word' id='word_1_176' title='bbox 916 2100 986 2145; x_wconf 89' lang='lat' dir='ltr'>sq.</span> 
     </span>
    </p>

    <p class='ocr_par' dir='ltr' id='par_1_13' title="bbox 130 2156 1350 2220">
     <span class='ocr_line' id='line_1_25' title="bbox 130 2156 1350 2220; baseline -0.005 -10"><span class='ocrx_word' id='word_1_177' title='bbox 130 2163 323 2210; x_wconf 78' lang='lat' dir='ltr'>Deioclu&#39;</span> <span class='ocrx_word' id='word_1_178' title='bbox 339 2177 510 2208; x_wconf 86' lang='lat' dir='ltr'>nomen</span> <span class='ocrx_word' id='word_1_179' title='bbox 531 2175 623 2220; x_wconf 91' lang='lat' dir='ltr'>pro</span> <span class='ocrx_word' id='word_1_180' title='bbox 641 2158 883 2205; x_wconf 86' lang='lat' dir='ltr'>Daimachi</span> <span class='ocrx_word' id='word_1_181' title='bbox 907 2173 982 2218; x_wconf 87' lang='lat' dir='ltr'>ap.</span> <span class='ocrx_word' id='word_1_182' title='bbox 1014 2156 1185 2203; x_wconf 86' lang='lat' dir='ltr'>Euseb.</span> <span class='ocrx_word' id='word_1_183' title='bbox 1219 2161 1271 2204; x_wconf 90' lang='lat' dir='ltr'>P.</span> <span class='ocrx_word' id='word_1_184' title='bbox 1294 2161 1350 2204; x_wconf 92' lang='lat' dir='ltr'><strong>E.</strong></span> 
     </span>
    </p>

    <p class='ocr_par' dir='ltr' id='par_1_14' title="bbox 65 2231 1351 2299">
     <span class='ocr_line' id='line_1_26' title="bbox 65 2231 1351 2299; baseline -0.005 -16"><span class='ocrx_word' id='word_1_185' title='bbox 65 2253 116 2299; x_wconf 78' lang='lat' dir='ltr'><strong>p.</strong></span> <span class='ocrx_word' id='word_1_186' title='bbox 145 2237 237 2290; x_wconf 77' lang='lat'>464</span> <span class='ocrx_word' id='word_1_187' title='bbox 273 2236 441 2282; x_wconf 88' lang='lat' dir='ltr'>Colon.</span> <span class='ocrx_word' id='word_1_188' title='bbox 466 2231 795 2293; x_wconf 83' lang='lat' dir='ltr'>reponendum</span> <span class='ocrx_word' id='word_1_189' title='bbox 814 2246 909 2276; x_wconf 90' lang='lat' dir='ltr'>esse</span> <span class='ocrx_word' id='word_1_190' title='bbox 926 2232 1108 2290; x_wconf 83' lang='lat' dir='ltr'>putavit</span> <span class='ocrx_word' id='word_1_191' title='bbox 1147 2232 1351 2276; x_wconf 91' lang='lat' dir='ltr'>Clinton.</span> 
     </span>
    </p>

    <p class='ocr_par' dir='ltr' id='par_1_15' title="bbox 0 2296 1357 2439">
     <span class='ocr_line' id='line_1_27' title="bbox 0 2296 1357 2368; baseline -0.006 -12"><span class='ocrx_word' id='word_1_192' title='bbox 0 2359 2 2368; x_wconf 37' lang='lat'>¹</span> <span class='ocrx_word' id='word_1_193' title='bbox 67 2311 122 2356; x_wconf 82' lang='lat' dir='ltr'><strong>F.</strong></span> <span class='ocrx_word' id='word_1_194' title='bbox 150 2307 210 2353; x_wconf 87' lang='lat' dir='ltr'><strong>H.</strong></span> <span class='ocrx_word' id='word_1_195' title='bbox 234 2324 286 2368; x_wconf 88' lang='lat' dir='ltr'>p.</span> <span class='ocrx_word' id='word_1_196' title='bbox 325 2306 413 2352; x_wconf 87' lang='lat'>381</span> <span class='ocrx_word' id='word_1_197' title='bbox 444 2307 630 2366; x_wconf 83' lang='lat' dir='ltr'>Kriig.;</span> <span class='ocrx_word' id='word_1_198' title='bbox 654 2305 753 2349; x_wconf 87' lang='lat' dir='ltr'>sine</span> <span class='ocrx_word' id='word_1_199' title='bbox 785 2303 957 2348; x_wconf 88' lang='lat' dir='ltr'>idonea</span> <span class='ocrx_word' id='word_1_200' title='bbox 987 2296 1137 2348; x_wconf 82' lang='lat' dir='ltr'>causa.</span> <span class='ocrx_word' id='word_1_201' title='bbox 1169 2307 1227 2350; x_wconf 89' lang='lat' dir='ltr'>V.</span> <span class='ocrx_word' id='word_1_202' title='bbox 1254 2320 1357 2363; x_wconf 86' lang='lat' dir='ltr'>quae</span> 
     </span>
     <span class='ocr_line' id='line_1_28' title="bbox 0 2369 1349 2439; baseline -0.004 -13"><span class='ocrx_word' id='word_1_203' title='bbox 0 2369 1 2374; x_wconf 26' lang='lat'>¹</span> <span class='ocrx_word' id='word_1_204' title='bbox 69 2382 269 2428; x_wconf 86' lang='lat' dir='ltr'>diximus</span> <span class='ocrx_word' id='word_1_205' title='bbox 302 2379 361 2425; x_wconf 92' lang='lat' dir='ltr'>de</span> <span class='ocrx_word' id='word_1_206' title='bbox 377 2376 583 2439; x_wconf 75' lang='lat' dir='ltr'>‘Ephoro</span> <span class='ocrx_word' id='word_1_207' title='bbox 606 2378 658 2421; x_wconf 90' lang='lat' dir='ltr'>in</span> <span class='ocrx_word' id='word_1_208' title='bbox 679 2378 867 2437; x_wconf 85' lang='lat' dir='ltr'>Fragm.</span> <span class='ocrx_word' id='word_1_209' title='bbox 905 2374 1021 2420; x_wconf 84' lang='lat' dir='ltr'>Hist.</span> <span class='ocrx_word' id='word_1_210' title='bbox 1060 2386 1176 2420; x_wconf 90' lang='lat' dir='ltr'>tom.</span> <span class='ocrx_word' id='word_1_211' title='bbox 1211 2378 1258 2432; x_wconf 92' lang='lat' dir='ltr'>I,</span> <span class='ocrx_word' id='word_1_212' title='bbox 1299 2393 1349 2436; x_wconf 87' lang='lat' dir='ltr'><strong>p.</strong></span> 
     </span>
    </p>

    <p class='ocr_par' dir='ltr' id='par_1_16' title="bbox 69 2455 237 2500">
     <span class='ocr_line' id='line_1_29' title="bbox 69 2455 237 2500; baseline -0.012 0"><span class='ocrx_word' id='word_1_213' title='bbox 69 2455 237 2500; x_wconf 84' lang='lat' dir='ltr'><strong>LXIV.</strong></span> 
     </span>
    </p>
   </div>
   <div class='ocr_carea' id='block_1_10' title="bbox 571 2531 859 2552">
    <p class='ocr_par' dir='ltr' id='par_1_17' title="bbox 571 2531 859 2552">
     <span class='ocr_line' id='line_1_30' title="bbox 571 2531 859 2552; baseline -0.003 -3"><span class='ocrx_word' id='word_1_214' title='bbox 571 2531 859 2552; x_wconf 54' lang='lat' dir='ltr'><em>w</em></span> 
     </span>
    </p>
   </div>
   <div class='ocr_carea' id='block_1_11' title="bbox 391 2626 1036 2675">
    <p class='ocr_par' dir='ltr' id='par_1_18' title="bbox 391 2626 1036 2675">
     <span class='ocr_line' id='line_1_31' title="bbox 391 2626 1036 2675; baseline -0.005 -1"><span class='ocrx_word' id='word_1_215' title='bbox 391 2630 534 2675; x_wconf 90' lang='lat' dir='ltr'>BION</span> <span class='ocrx_word' id='word_1_216' title='bbox 556 2628 836 2674; x_wconf 88' lang='lat' dir='ltr'>PROCONN</span> <span class='ocrx_word' id='word_1_217' title='bbox 845 2626 1014 2672; x_wconf 88' lang='lat' dir='ltr'>ESIUS</span> <span class='ocrx_word' id='word_1_218' title='bbox 1024 2662 1036 2672; x_wconf 95' lang='lat'><strong>.</strong></span> 
     </span>
    </p>
   </div>
   <div class='ocr_carea' id='block_1_12' title="bbox 0 2732 1364 3030">
    <p class='ocr_par' dir='ltr' id='par_1_19' title="bbox 138 2732 1361 2806">
     <span class='ocr_line' id='line_1_32' title="bbox 138 2732 1361 2806; baseline -0.004 -12"><span class='ocrx_word' id='word_1_219' title='bbox 138 2748 451 2799; x_wconf 75' lang='lat' dir='ltr'>proconnesio</span> <span class='ocrx_word' id='word_1_220' title='bbox 474 2732 720 2806; x_wconf 79' lang='lat' dir='ltr'>jungamus</span> <span class='ocrx_word' id='word_1_221' title='bbox 760 2745 1154 2798; x_wconf 78' lang='lat' dir='ltr'>Proconnesium‚</span> <span class='ocrx_word' id='word_1_222' title='bbox 1183 2743 1242 2788; x_wconf 88' lang='lat' dir='ltr'>de</span> <span class='ocrx_word' id='word_1_223' title='bbox 1266 2761 1361 2804; x_wconf 92' lang='lat' dir='ltr'>quo</span> 
     </span>
    </p>

    <p class='ocr_par' dir='ltr' id='par_1_20' title="bbox 0 2813 1364 2955">
     <span class='ocr_line' id='line_1_33' title="bbox 0 2813 1364 2885; baseline -0.004 -17"><span class='ocrx_word' id='word_1_224' title='bbox 0 2832 5 2885; x_wconf 61' lang='lat' dir='ltr'>l</span> <span class='ocrx_word' id='word_1_225' title='bbox 71 2821 170 2868; x_wconf 78' lang='lat' dir='ltr'>haec</span> <span class='ocrx_word' id='word_1_226' title='bbox 191 2822 423 2880; x_wconf 85' lang='lat' dir='ltr'>Diogenes</span> <span class='ocrx_word' id='word_1_227' title='bbox 441 2821 597 2863; x_wconf 88' lang='lat' dir='ltr'>Laert.</span> <span class='ocrx_word' id='word_1_228' title='bbox 627 2819 709 2874; x_wconf 75' lang='lat' dir='ltr'>LV,</span> <span class='ocrx_word' id='word_1_229' title='bbox 751 2814 812 2860; x_wconf 87' lang='lat'>58</span> <span class='ocrx_word' id='word_1_230' title='bbox 841 2832 853 2861; x_wconf 91' lang='lat'><strong>:</strong></span> <span class='ocrx_word' id='word_1_231' title='bbox 882 2813 1092 2877; x_wconf 82' lang='grc' dir='ltr'>Γεγόνασι</span> <span class='ocrx_word' id='word_1_232' title='bbox 1124 2814 1169 2861; x_wconf 83' lang='grc' dir='ltr'>δὲ</span> <span class='ocrx_word' id='word_1_233' title='bbox 1205 2814 1364 2870; x_wconf 87' lang='grc' dir='ltr'>Βίωνες</span> 
     </span>
     <span class='ocr_line' id='line_1_34' title="bbox 60 2882 1359 2955; baseline -0.004 -15"><span class='ocrx_word' id='word_1_234' title='bbox 60 2891 200 2940; x_wconf 66' lang='grc' dir='ltr'>4δέκα·</span> <span class='ocrx_word' id='word_1_235' title='bbox 223 2894 410 2955; x_wconf 83' lang='grc' dir='ltr'>πρῶτος,</span> <span class='ocrx_word' id='word_1_236' title='bbox 439 2892 461 2936; x_wconf 83' lang='grc' dir='ltr'><strong><em>ὃ</em></strong></span> <span class='ocrx_word' id='word_1_237' title='bbox 487 2887 727 2953; x_wconf 70' lang='grc' dir='ltr'>Φερεκύδει</span> <span class='ocrx_word' id='word_1_238' title='bbox 764 2889 830 2952; x_wconf 79' lang='grc' dir='ltr'>τῷ</span> <span class='ocrx_word' id='word_1_239' title='bbox 866 2887 1012 2952; x_wconf 84' lang='grc' dir='ltr'>Συρίῳ</span> <span class='ocrx_word' id='word_1_240' title='bbox 1044 2882 1359 2951; x_wconf 71' lang='grc' dir='ltr'>συνακμάσας,</span> 
     </span>
    </p>

    <p class='ocr_par' dir='ltr' id='par_1_21' title="bbox 0 2957 1364 3030">
     <span class='ocr_line' id='line_1_35' title="bbox 0 2957 1364 3030; baseline 0.001 -23"><span class='ocrx_word' id='word_1_241' title='bbox 0 2959 3 3007; x_wconf 65' lang='grc' dir='ltr'>ζ</span> <span class='ocrx_word' id='word_1_242' title='bbox 67 2957 128 3024; x_wconf 23' lang='grc' dir='ltr'>,οἷ</span> <span class='ocrx_word' id='word_1_243' title='bbox 151 2964 324 3030; x_wconf 81' lang='grc' dir='ltr'>φέρεται</span> <span class='ocrx_word' id='word_1_244' title='bbox 353 2961 502 3027; x_wconf 72' lang='grc' dir='ltr'>βιὸλία</span> <span class='ocrx_word' id='word_1_245' title='bbox 529 2961 603 3008; x_wconf 82' lang='grc' dir='ltr'>δύο</span> <span class='ocrx_word' id='word_1_246' title='bbox 621 2979 631 2989; x_wconf 89' lang='grc'><em>·</em></span> <span class='ocrx_word' id='word_1_247' title='bbox 664 2959 755 3007; x_wconf 77' lang='grc' dir='ltr'>ἔστι</span> <span class='ocrx_word' id='word_1_248' title='bbox 790 2959 835 3007; x_wconf 79' lang='grc' dir='ltr'>δὲ</span> <span class='ocrx_word' id='word_1_249' title='bbox 860 2959 1198 3025; x_wconf 81' lang='grc' dir='ltr'>Προκοννήσιος.</span> <span class='ocrx_word' id='word_1_250' title='bbox 1216 2961 1364 3028; x_wconf 82' lang='grc' dir='ltr'>Συρίῳ</span> 
     </span>
    </p>
   </div>
   <div class='ocr_carea' id='block_1_13' title="bbox 692 3104 738 3145">
    <p class='ocr_par' dir='ltr' id='par_1_22' title="bbox 692 3104 738 3145">
     <span class='ocr_line' id='line_1_36' title="bbox 692 3104 738 3145; baseline -0.043 0"><span class='ocrx_word' id='word_1_251' title='bbox 692 3104 738 3145; x_wconf 89' lang='grc'>9.</span> 
     </span>
    </p>
   </div>
   <div class='ocr_carea' id='block_1_14' title="bbox 133 3146 1369 3222">
    <p class='ocr_par' dir='ltr' id='par_1_23' title="bbox 133 3146 1369 3222">
     <span class='ocr_line' id='line_1_37' title="bbox 133 3146 1369 3222; baseline -0.001 -9"><span class='ocrx_word' id='word_1_252' title='bbox 133 3172 327 3214; x_wconf 82' lang='lat' dir='ltr'>Deiochus</span> <span class='ocrx_word' id='word_1_253' title='bbox 339 3172 441 3212; x_wconf 81' lang='lat' dir='ltr'>libro</span> <span class='ocrx_word' id='word_1_254' title='bbox 456 3171 584 3222; x_wconf 82' lang='lat' dir='ltr'>primo</span> <span class='ocrx_word' id='word_1_255' title='bbox 598 3171 648 3210; x_wconf 88' lang='lat' dir='ltr'>de</span> <span class='ocrx_word' id='word_1_256' title='bbox 666 3146 812 3221; x_wconf 76' lang='lat' dir='ltr'>Cyzico</span> <span class='ocrx_word' id='word_1_257' title='bbox 831 3173 1028 3221; x_wconf 72' lang='lat' dir='ltr'>Amycum</span> <span class='ocrx_word' id='word_1_258' title='bbox 1048 3171 1223 3222; x_wconf 76' lang='lat' dir='ltr'>pugilatu</span> <span class='ocrx_word' id='word_1_259' title='bbox 1241 3182 1264 3212; x_wconf 85' lang='lat' dir='ltr'>a</span> <span class='ocrx_word' id='word_1_260' title='bbox 1277 3173 1369 3212; x_wconf 73' lang='lat'>1³01-</span> 
     </span>
    </p>
   </div>
   <div class='ocr_carea' id='block_1_15' title="bbox 86 3235 629 3278">
    <p class='ocr_par' dir='ltr' id='par_1_24' title="bbox 86 3235 629 3278">
     <span class='ocr_line' id='line_1_38' title="bbox 86 3235 629 3278; baseline -0.007 0"><span class='ocrx_word' id='word_1_261' title='bbox 86 3236 172 3278; x_wconf 78' lang='lat' dir='ltr'>luee</span> <span class='ocrx_word' id='word_1_262' title='bbox 184 3236 383 3277; x_wconf 74' lang='lat' dir='ltr'>devictum</span> <span class='ocrx_word' id='word_1_263' title='bbox 398 3246 482 3276; x_wconf 82' lang='lat' dir='ltr'>esse</span> <span class='ocrx_word' id='word_1_264' title='bbox 497 3235 629 3275; x_wconf 78' lang='lat' dir='ltr'>tradit.</span> 
     </span>
    </p>
   </div>
   <div class='ocr_carea' id='block_1_16' title="bbox 450 3329 1002 3465">
    <p class='ocr_par' dir='ltr' id='par_1_25' title="bbox 450 3329 1002 3465">
     <span class='ocr_line' id='line_1_39' title="bbox 450 3329 1002 3374; baseline -0.007 0"><span class='ocrx_word' id='word_1_265' title='bbox 450 3332 488 3374; x_wconf 79' lang='lat' dir='ltr'><strong>F.</strong></span> <span class='ocrx_word' id='word_1_266' title='bbox 517 3329 699 3373; x_wconf 84' lang='lat' dir='ltr'>LIBRO</span> <span class='ocrx_word' id='word_1_267' title='bbox 731 3330 1002 3374; x_wconf 74' lang='lat' dir='ltr'><strong>INUERTO.</strong></span> 
     </span>
     <span class='ocr_line' id='line_1_40' title="bbox 699 3425 767 3465; baseline 0 0"><span class='ocrx_word' id='word_1_268' title='bbox 699 3425 767 3465; x_wconf 89' lang='grc'>10.</span> 
     </span>
    </p>
   </div>
   <div class='ocr_carea' id='block_1_17' title="bbox 1405 574 2701 996">
    <p class='ocr_par' dir='ltr' id='par_1_26' title="bbox 1405 574 2701 996">
     <span class='ocr_line' id='line_1_41' title="bbox 1405 574 2692 640; baseline -0.004 -17"><span class='ocrx_word' id='word_1_269' title='bbox 1405 580 1506 639; x_wconf 86' lang='lat' dir='ltr'>guit</span> <span class='ocrx_word' id='word_1_270' title='bbox 1538 594 1632 622; x_wconf 87' lang='lat' dir='ltr'>vox</span> <span class='ocrx_word' id='word_1_271' title='bbox 1659 574 1848 640; x_wconf 74' lang='grc' dir='ltr'>φέρεται.</span> <span class='ocrx_word' id='word_1_272' title='bbox 1893 576 2104 619; x_wconf 88' lang='lat' dir='ltr'>Ceterum</span> <span class='ocrx_word' id='word_1_273' title='bbox 2135 576 2253 618; x_wconf 86' lang='lat' dir='ltr'>Bion</span> <span class='ocrx_word' id='word_1_274' title='bbox 2286 579 2620 620; x_wconf 68' lang='lat' dir='ltr'>Proconnesius</span> <span class='ocrx_word' id='word_1_275' title='bbox 2661 581 2692 620; x_wconf 44' lang='grc' dir='ltr'>ἰ.</span> 
     </span>
     <span class='ocr_line' id='line_1_42' title="bbox 1407 644 2697 709; baseline -0.003 -14"><span class='ocrx_word' id='word_1_276' title='bbox 1407 659 1496 707; x_wconf 89' lang='lat' dir='ltr'>est,</span> <span class='ocrx_word' id='word_1_277' title='bbox 1523 666 1663 709; x_wconf 90' lang='lat' dir='ltr'>quem</span> <span class='ocrx_word' id='word_1_278' title='bbox 1683 647 1895 693; x_wconf 89' lang='lat' dir='ltr'>Clemens</span> <span class='ocrx_word' id='word_1_279' title='bbox 1921 644 2127 706; x_wconf 86' lang='lat' dir='ltr'>(Strom.</span> <span class='ocrx_word' id='word_1_280' title='bbox 2155 649 2296 706; x_wconf 89' lang='lat' dir='ltr'><strong>VI‚p.</strong></span> <span class='ocrx_word' id='word_1_281' title='bbox 2329 648 2438 703; x_wconf 77' lang='lat'>267,</span> <span class='ocrx_word' id='word_1_282' title='bbox 2473 650 2595 691; x_wconf 84' lang='lat' dir='ltr'>conf.</span> <span class='ocrx_word' id='word_1_283' title='bbox 2625 666 2697 691; x_wconf 73' lang='lat' dir='ltr'>su—</span> 
     </span>
     <span class='ocr_line' id='line_1_43' title="bbox 1406 720 2700 783; baseline -0.003 -16"><span class='ocrx_word' id='word_1_284' title='bbox 1406 738 1493 783; x_wconf 92' lang='lat' dir='ltr'>pra</span> <span class='ocrx_word' id='word_1_285' title='bbox 1528 738 1579 782; x_wconf 90' lang='lat' dir='ltr'><strong>p.</strong></span> <span class='ocrx_word' id='word_1_286' title='bbox 1631 721 1680 782; x_wconf 92' lang='lat'>1)</span> <span class='ocrx_word' id='word_1_287' title='bbox 1723 721 2058 779; x_wconf 84' lang='lat' dir='ltr'>Amelesagorae</span> <span class='ocrx_word' id='word_1_288' title='bbox 2099 720 2271 777; x_wconf 86' lang='lat' dir='ltr'>scripta</span> <span class='ocrx_word' id='word_1_289' title='bbox 2306 720 2526 777; x_wconf 80' lang='lat' dir='ltr'>expilasse</span> <span class='ocrx_word' id='word_1_290' title='bbox 2564 728 2700 777; x_wconf 72' lang='lat' dir='ltr'>atque</span> 
     </span>
     <span class='ocr_line' id='line_1_44' title="bbox 1409 790 2692 850; baseline -0.006 -10"><span class='ocrx_word' id='word_1_291' title='bbox 1409 795 1574 841; x_wconf 86' lang='lat' dir='ltr'>Cadmi</span> <span class='ocrx_word' id='word_1_292' title='bbox 1594 794 1737 837; x_wconf 89' lang='lat' dir='ltr'>libros</span> <span class='ocrx_word' id='word_1_293' title='bbox 1772 794 1823 835; x_wconf 91' lang='lat' dir='ltr'>in</span> <span class='ocrx_word' id='word_1_294' title='bbox 1860 791 2193 850; x_wconf 88' lang='lat' dir='ltr'>compendium</span> <span class='ocrx_word' id='word_1_295' title='bbox 2221 790 2448 850; x_wconf 84' lang='lat' dir='ltr'>redegisse</span> <span class='ocrx_word' id='word_1_296' title='bbox 2484 791 2612 833; x_wconf 81' lang='lat' dir='ltr'>dicit.</span> <span class='ocrx_word' id='word_1_297' title='bbox 2640 819 2692 823; x_wconf 67' lang='lat'>--</span> 
     </span>
     <span class='ocr_line' id='line_1_45' title="bbox 1410 863 2701 922; baseline -0.006 -10"><span class='ocrx_word' id='word_1_298' title='bbox 1410 868 1571 912; x_wconf 89' lang='lat' dir='ltr'>Unum</span> <span class='ocrx_word' id='word_1_299' title='bbox 1594 866 1747 910; x_wconf 88' lang='lat' dir='ltr'>habeo</span> <span class='ocrx_word' id='word_1_300' title='bbox 1764 864 1918 909; x_wconf 87' lang='lat' dir='ltr'>locum</span> <span class='ocrx_word' id='word_1_301' title='bbox 1933 896 1945 918; x_wconf 93' lang='lat'>,</span> <span class='ocrx_word' id='word_1_302' title='bbox 1972 877 2111 922; x_wconf 91' lang='lat' dir='ltr'>quem</span> <span class='ocrx_word' id='word_1_303' title='bbox 2132 877 2189 906; x_wconf 84' lang='lat' dir='ltr'>ex</span> <span class='ocrx_word' id='word_1_304' title='bbox 2208 864 2355 907; x_wconf 83' lang='lat' dir='ltr'>nostri</span> <span class='ocrx_word' id='word_1_305' title='bbox 2379 863 2537 905; x_wconf 88' lang='lat' dir='ltr'>Bionis</span> <span class='ocrx_word' id='word_1_306' title='bbox 2558 878 2701 921; x_wconf 83' lang='lat' dir='ltr'>opere</span> 
     </span>
     <span class='ocr_line' id='line_1_46' title="bbox 1411 938 1882 996; baseline -0.006 -15"><span class='ocrx_word' id='word_1_307' title='bbox 1411 938 1609 996; x_wconf 86' lang='lat' dir='ltr'>petitum</span> <span class='ocrx_word' id='word_1_308' title='bbox 1633 951 1730 981; x_wconf 90' lang='lat' dir='ltr'>esse</span> <span class='ocrx_word' id='word_1_309' title='bbox 1745 944 1882 995; x_wconf 87' lang='lat' dir='ltr'>puto.</span> 
     </span>
    </p>
   </div>
   <div class='ocr_carea' id='block_1_18' title="bbox 1991 1033 2061 1080">
    <p class='ocr_par' dir='ltr' id='par_1_27' title="bbox 1991 1033 2061 1080">
     <span class='ocr_line' id='line_1_47' title="bbox 1991 1033 2061 1080; baseline 0.014 -1"><span class='ocrx_word' id='word_1_310' title='bbox 1991 1033 2061 1080; x_wconf 87' lang='lat' dir='ltr'>&#39;l.</span> 
     </span>
    </p>
   </div>
   <div class='ocr_carea' id='block_1_19' title="bbox 1480 1147 2707 1195">
    <p class='ocr_par' dir='ltr' id='par_1_28' title="bbox 1480 1147 2707 1195">
     <span class='ocr_line' id='line_1_48' title="bbox 1480 1147 2707 1195; baseline -0.006 0"><span class='ocrx_word' id='word_1_311' title='bbox 1480 1151 1715 1195; x_wconf 85' lang='lat' dir='ltr'>Plutarch.</span> <span class='ocrx_word' id='word_1_312' title='bbox 1750 1149 1883 1193; x_wconf 90' lang='lat' dir='ltr'>Thes.</span> <span class='ocrx_word' id='word_1_313' title='bbox 1924 1163 1965 1190; x_wconf 92' lang='lat' dir='ltr'>c.</span> <span class='ocrx_word' id='word_1_314' title='bbox 2012 1147 2071 1191; x_wconf 81' lang='lat'>26</span> <span class='ocrx_word' id='word_1_315' title='bbox 2108 1162 2118 1190; x_wconf 93' lang='lat'><strong>:</strong></span> <span class='ocrx_word' id='word_1_316' title='bbox 2147 1147 2453 1191; x_wconf 85' lang='lat' dir='ltr'>Philochorus</span> <span class='ocrx_word' id='word_1_317' title='bbox 2478 1163 2569 1191; x_wconf 84' lang='lat' dir='ltr'>una</span> <span class='ocrx_word' id='word_1_318' title='bbox 2605 1164 2707 1190; x_wconf 77' lang='lat' dir='ltr'>cum</span> 
     </span>
    </p>
   </div>
   <div class='ocr_carea' id='block_1_20' title="bbox 1415 1222 2708 1351">
    <p class='ocr_par' dir='ltr' id='par_1_29' title="bbox 1415 1222 2708 1351">
     <span class='ocr_line' id='line_1_49' title="bbox 1415 1222 2707 1280; baseline -0.003 -13"><span class='ocrx_word' id='word_1_319' title='bbox 1415 1224 1618 1268; x_wconf 84' lang='lat' dir='ltr'>Hercule</span> <span class='ocrx_word' id='word_1_320' title='bbox 1638 1223 1864 1266; x_wconf 87' lang='lat' dir='ltr'>Theseum</span> <span class='ocrx_word' id='word_1_321' title='bbox 1891 1229 2056 1264; x_wconf 86' lang='lat' dir='ltr'>contra</span> <span class='ocrx_word' id='word_1_322' title='bbox 2075 1222 2331 1265; x_wconf 83' lang='lat' dir='ltr'>Amazonas</span> <span class='ocrx_word' id='word_1_323' title='bbox 2346 1222 2578 1280; x_wconf 80' lang='lat' dir='ltr'>navigasse</span> <span class='ocrx_word' id='word_1_324' title='bbox 2599 1236 2707 1263; x_wconf 87' lang='lat' dir='ltr'>nar—</span> 
     </span>
     <span class='ocr_line' id='line_1_50' title="bbox 1416 1291 2708 1351; baseline -0.003 -12"><span class='ocrx_word' id='word_1_325' title='bbox 1416 1304 1505 1340; x_wconf 89' lang='lat' dir='ltr'>rat.</span> <span class='ocrx_word' id='word_1_326' title='bbox 1535 1295 1729 1339; x_wconf 88' lang='lat' dir='ltr'>Plurimi</span> <span class='ocrx_word' id='word_1_327' title='bbox 1749 1309 1890 1349; x_wconf 87' lang='lat' dir='ltr'>vero,</span> <span class='ocrx_word' id='word_1_328' title='bbox 1911 1292 2313 1351; x_wconf 81' lang='lat' dir='ltr'>utiPherecydeS,</span> <span class='ocrx_word' id='word_1_329' title='bbox 2342 1293 2606 1336; x_wconf 83' lang='lat' dir='ltr'>Hellanicus</span> <span class='ocrx_word' id='word_1_330' title='bbox 2634 1291 2708 1351; x_wconf 87' lang='lat' dir='ltr'>(fr.</span> 
     </span>
    </p>
   </div>
   <div class='ocr_carea' id='block_1_21' title="bbox 1419 1361 2720 2075">
    <p class='ocr_par' dir='ltr' id='par_1_30' title="bbox 1419 1361 2720 2075">
     <span class='ocr_line' id='line_1_51' title="bbox 1422 1361 2714 1430; baseline -0.003 -18"><span class='ocrx_word' id='word_1_331' title='bbox 1422 1365 1530 1430; x_wconf 92' lang='lat'><strong>76),</strong></span> <span class='ocrx_word' id='word_1_332' title='bbox 1577 1366 1879 1422; x_wconf 89' lang='lat' dir='ltr'>Herodorus,</span> <span class='ocrx_word' id='word_1_333' title='bbox 1915 1362 2092 1427; x_wconf 79' lang='grc' dir='ltr'>ὕστερον</span> <span class='ocrx_word' id='word_1_334' title='bbox 2128 1361 2256 1424; x_wconf 79' lang='grc' dir='ltr'>φασὶν</span> <span class='ocrx_word' id='word_1_335' title='bbox 2294 1361 2560 1426; x_wconf 82' lang='grc' dir='ltr'>Ἡρακλέους</span> <span class='ocrx_word' id='word_1_336' title='bbox 2610 1363 2714 1408; x_wconf 80' lang='grc' dir='ltr'>ἰδιό-</span> 
     </span>
     <span class='ocr_line' id='line_1_52' title="bbox 1419 1433 2709 1496; baseline -0.003 -11"><span class='ocrx_word' id='word_1_337' title='bbox 1419 1439 1571 1485; x_wconf 87' lang='grc' dir='ltr'>στολον</span> <span class='ocrx_word' id='word_1_338' title='bbox 1594 1438 1780 1484; x_wconf 77' lang='grc' dir='ltr'>πλεῦσαι</span> <span class='ocrx_word' id='word_1_339' title='bbox 1802 1435 1874 1483; x_wconf 83' lang='grc' dir='ltr'>τὸν</span> <span class='ocrx_word' id='word_1_340' title='bbox 1898 1433 2076 1493; x_wconf 82' lang='grc' dir='ltr'>Θησέα,</span> <span class='ocrx_word' id='word_1_341' title='bbox 2106 1434 2179 1482; x_wconf 79' lang='grc' dir='ltr'>καὶ</span> <span class='ocrx_word' id='word_1_342' title='bbox 2204 1433 2281 1491; x_wconf 79' lang='grc' dir='ltr'>τὴν</span> <span class='ocrx_word' id='word_1_343' title='bbox 2319 1434 2534 1496; x_wconf 83' lang='grc' dir='ltr'>Ἀμαζόνα</span> <span class='ocrx_word' id='word_1_344' title='bbox 2560 1435 2709 1481; x_wconf 50' lang='lat' dir='ltr'>Meo</span> 
     </span>
     <span class='ocr_line' id='line_1_53' title="bbox 1420 1506 2716 1574; baseline -0.004 -17"><span class='ocrx_word' id='word_1_345' title='bbox 1420 1509 1716 1574; x_wconf 80' lang='grc' dir='ltr'>αἰχμάλωτον,</span> <span class='ocrx_word' id='word_1_346' title='bbox 1736 1506 2007 1571; x_wconf 79' lang='grc' dir='ltr'>πιθανώτερα</span> <span class='ocrx_word' id='word_1_347' title='bbox 2024 1506 2236 1569; x_wconf 84' lang='grc' dir='ltr'>λέγοντες.</span> <span class='ocrx_word' id='word_1_348' title='bbox 2262 1507 2377 1554; x_wconf 86' lang='grc' dir='ltr'>Βίων</span> <span class='ocrx_word' id='word_1_349' title='bbox 2395 1507 2476 1555; x_wconf 85' lang='grc' dir='ltr'><strong>δὲ..</strong></span> <span class='ocrx_word' id='word_1_350' title='bbox 2489 1544 2499 1555; x_wconf 83' lang='grc'><strong>.</strong></span> <span class='ocrx_word' id='word_1_351' title='bbox 2516 1508 2590 1554; x_wconf 88' lang='grc' dir='ltr'>καὶ</span> <span class='ocrx_word' id='word_1_352' title='bbox 2610 1508 2716 1553; x_wconf 45' lang='grc' dir='ltr'>ταύ*</span> 
     </span>
     <span class='ocr_line' id='line_1_54' title="bbox 1420 1579 2715 1646; baseline -0.002 -17"><span class='ocrx_word' id='word_1_353' title='bbox 1420 1602 1500 1640; x_wconf 87' lang='grc' dir='ltr'>την</span> <span class='ocrx_word' id='word_1_354' title='bbox 1537 1580 1958 1646; x_wconf 83' lang='grc' dir='ltr'>παρακρουσάμενον</span> <span class='ocrx_word' id='word_1_355' title='bbox 1999 1579 2197 1644; x_wconf 81' lang='grc' dir='ltr'>οἴχεσθαι</span> <span class='ocrx_word' id='word_1_356' title='bbox 2231 1579 2447 1626; x_wconf 71' lang='grc' dir='ltr'>λαὸόντα·</span> <span class='ocrx_word' id='word_1_357' title='bbox 2474 1581 2595 1646; x_wconf 73' lang='grc' dir='ltr'>φύσει</span> <span class='ocrx_word' id='word_1_358' title='bbox 2633 1581 2715 1642; x_wconf 69' lang='grc' dir='ltr'>γὰρ</span> 
     </span>
     <span class='ocr_line' id='line_1_55' title="bbox 1421 1650 2714 1716; baseline -0.003 -15"><span class='ocrx_word' id='word_1_359' title='bbox 1421 1652 1552 1707; x_wconf 86' lang='grc' dir='ltr'>οὔσας</span> <span class='ocrx_word' id='word_1_360' title='bbox 1566 1651 1642 1706; x_wconf 79' lang='grc' dir='ltr'>τὰς</span> <span class='ocrx_word' id='word_1_361' title='bbox 1655 1651 1893 1712; x_wconf 83' lang='grc' dir='ltr'>Ἀμαζόνας</span> <span class='ocrx_word' id='word_1_362' title='bbox 1906 1650 2180 1716; x_wconf 78' lang='grc' dir='ltr'>φιλάνδρους,</span> <span class='ocrx_word' id='word_1_363' title='bbox 2196 1650 2292 1698; x_wconf 79' lang='grc' dir='ltr'>οὔτε</span> <span class='ocrx_word' id='word_1_364' title='bbox 2306 1655 2453 1716; x_wconf 73' lang='grc' dir='ltr'>φυγεῖν</span> <span class='ocrx_word' id='word_1_365' title='bbox 2474 1651 2543 1698; x_wconf 84' lang='grc' dir='ltr'>τὸν</span> <span class='ocrx_word' id='word_1_366' title='bbox 2563 1652 2714 1709; x_wconf 72' lang='grc' dir='ltr'>Θησέα</span> 
     </span>
     <span class='ocr_line' id='line_1_56' title="bbox 1421 1722 2718 1789; baseline -0.002 -18"><span class='ocrx_word' id='word_1_367' title='bbox 1421 1724 1727 1789; x_wconf 72' lang='grc' dir='ltr'>προσὸαλόντα</span> <span class='ocrx_word' id='word_1_368' title='bbox 1750 1727 1804 1788; x_wconf 84' lang='grc' dir='ltr'>τῇ</span> <span class='ocrx_word' id='word_1_369' title='bbox 1829 1722 1978 1789; x_wconf 78' lang='grc' dir='ltr'>χώρᾳ,</span> <span class='ocrx_word' id='word_1_370' title='bbox 2017 1722 2129 1771; x_wconf 76' lang='grc' dir='ltr'>ἀλλὰ</span> <span class='ocrx_word' id='word_1_371' title='bbox 2151 1722 2226 1771; x_wconf 82' lang='grc' dir='ltr'>καὶ</span> <span class='ocrx_word' id='word_1_372' title='bbox 2264 1722 2379 1778; x_wconf 82' lang='grc' dir='ltr'>ξένια</span> <span class='ocrx_word' id='word_1_373' title='bbox 2405 1723 2617 1786; x_wconf 83' lang='grc' dir='ltr'>πέμπειν·</span> <span class='ocrx_word' id='word_1_374' title='bbox 2649 1724 2718 1769; x_wconf 77' lang='grc' dir='ltr'>τὸν</span> 
     </span>
     <span class='ocr_line' id='line_1_57' title="bbox 1425 1795 2717 1860; baseline -0.002 -16"><span class='ocrx_word' id='word_1_375' title='bbox 1425 1796 1468 1844; x_wconf 85' lang='grc' dir='ltr'>δὲ</span> <span class='ocrx_word' id='word_1_376' title='bbox 1491 1795 1571 1854; x_wconf 85' lang='grc' dir='ltr'>τὴν</span> <span class='ocrx_word' id='word_1_377' title='bbox 1588 1795 1849 1858; x_wconf 86' lang='grc' dir='ltr'>κομίζουσαν</span> <span class='ocrx_word' id='word_1_378' title='bbox 1875 1795 2063 1858; x_wconf 74' lang='grc' dir='ltr'>ἕμὸἧναι</span> <span class='ocrx_word' id='word_1_379' title='bbox 2102 1798 2374 1860; x_wconf 85' lang='grc' dir='ltr'>παρακαλεῖν</span> <span class='ocrx_word' id='word_1_380' title='bbox 2397 1798 2454 1850; x_wconf 85' lang='grc' dir='ltr'>εἷς</span> <span class='ocrx_word' id='word_1_381' title='bbox 2473 1795 2520 1842; x_wconf 78' lang='grc' dir='ltr'>τὸ</span> <span class='ocrx_word' id='word_1_382' title='bbox 2541 1798 2686 1843; x_wconf 86' lang='grc' dir='ltr'>πλοῖον</span> <span class='ocrx_word' id='word_1_383' title='bbox 2708 1816 2717 1823; x_wconf 93' lang='grc'><em>·</em></span> 
     </span>
     <span class='ocr_line' id='line_1_58' title="bbox 1426 1867 2719 1933; baseline -0.002 -17"><span class='ocrx_word' id='word_1_384' title='bbox 1426 1868 1622 1931; x_wconf 72' lang='grc' dir='ltr'>ἕμὸάσης</span> <span class='ocrx_word' id='word_1_385' title='bbox 1644 1867 1710 1927; x_wconf 82' lang='grc' dir='ltr'>δὲ,</span> <span class='ocrx_word' id='word_1_386' title='bbox 1733 1871 1991 1933; x_wconf 75' lang='grc' dir='ltr'>ἀναχθῆναι.</span> <span class='ocrx_word' id='word_1_387' title='bbox 2086 1872 2251 1914; x_wconf 88' lang='lat' dir='ltr'>Nescio</span> <span class='ocrx_word' id='word_1_388' title='bbox 2283 1886 2378 1929; x_wconf 94' lang='lat' dir='ltr'>quo</span> <span class='ocrx_word' id='word_1_389' title='bbox 2403 1872 2594 1915; x_wconf 89' lang='lat' dir='ltr'>nomine</span> <span class='ocrx_word' id='word_1_390' title='bbox 2622 1872 2719 1914; x_wconf 67' lang='lat' dir='ltr'>lice(-</span> 
     </span>
     <span class='ocr_line' id='line_1_59' title="bbox 1424 1941 2720 2003; baseline 0 -16"><span class='ocrx_word' id='word_1_391' title='bbox 1424 1945 1559 1988; x_wconf 90' lang='lat' dir='ltr'>Bioni</span> <span class='ocrx_word' id='word_1_392' title='bbox 1597 1942 1775 1988; x_wconf 86' lang='lat' dir='ltr'>Solensi</span> <span class='ocrx_word' id='word_1_393' title='bbox 1791 1978 1803 2000; x_wconf 92' lang='lat'>,</span> <span class='ocrx_word' id='word_1_394' title='bbox 1842 1945 1923 2003; x_wconf 88' lang='lat' dir='ltr'>qui</span> <span class='ocrx_word' id='word_1_395' title='bbox 1965 1941 2200 1990; x_wconf 85' lang='grc' dir='ltr'>Αἰθιοπικὰ</span> <span class='ocrx_word' id='word_1_396' title='bbox 2249 1945 2454 2003; x_wconf 80' lang='lat' dir='ltr'>scripsit,</span> <span class='ocrx_word' id='word_1_397' title='bbox 2508 1945 2720 1988; x_wconf 87' lang='lat' dir='ltr'>tribuerit</span> 
     </span>
     <span class='ocr_line' id='line_1_60' title="bbox 1427 2016 1926 2075; baseline -0.004 -14"><span class='ocrx_word' id='word_1_398' title='bbox 1427 2016 1654 2061; x_wconf 80' lang='lat' dir='ltr'>Vossiusl.</span> <span class='ocrx_word' id='word_1_399' title='bbox 1679 2017 1711 2058; x_wconf 84' lang='lat' dir='ltr'>l.</span> <span class='ocrx_word' id='word_1_400' title='bbox 1735 2030 1784 2074; x_wconf 87' lang='lat' dir='ltr'><strong>p.</strong></span> <span class='ocrx_word' id='word_1_401' title='bbox 1815 2023 1926 2075; x_wconf 80' lang='grc'><strong>409.</strong></span> 
     </span>
    </p>
   </div>
   <div class='ocr_carea' id='block_1_22' title="bbox 2027 2130 2126 2191">
    <p class='ocr_par' dir='ltr' id='par_1_31' title="bbox 2027 2130 2126 2191">
     <span class='ocr_line' id='line_1_61' title="bbox 2027 2130 2126 2191; baseline -0.01 -17"><span class='ocrx_word' id='word_1_402' title='bbox 2027 2130 2126 2191; x_wconf 81' lang='lat'><strong>(2).</strong></span> 
     </span>
    </p>
   </div>
   <div class='ocr_carea' id='block_1_23' title="bbox 1432 2241 2733 3027">
    <p class='ocr_par' dir='ltr' id='par_1_32' title="bbox 1432 2241 2733 3027">
     <span class='ocr_line' id='line_1_62' title="bbox 1495 2241 2722 2307; baseline -0.002 -17"><span class='ocrx_word' id='word_1_403' title='bbox 1495 2247 1740 2290; x_wconf 78' lang='lat' dir='ltr'>Athenaeus</span> <span class='ocrx_word' id='word_1_404' title='bbox 1758 2248 1821 2301; x_wconf 89' lang='lat' dir='ltr'>II,</span> <span class='ocrx_word' id='word_1_405' title='bbox 1840 2261 1890 2305; x_wconf 86' lang='lat' dir='ltr'><strong>p.</strong></span> <span class='ocrx_word' id='word_1_406' title='bbox 1917 2245 1994 2301; x_wconf 79' lang='lat'>45,</span> <span class='ocrx_word' id='word_1_407' title='bbox 2014 2247 2048 2291; x_wconf 93' lang='lat' dir='ltr'>C</span> <span class='ocrx_word' id='word_1_408' title='bbox 2072 2263 2082 2290; x_wconf 92' lang='lat'>:</span> <span class='ocrx_word' id='word_1_409' title='bbox 2105 2241 2237 2292; x_wconf 80' lang='grc' dir='ltr'>Ἔστι</span> <span class='ocrx_word' id='word_1_410' title='bbox 2264 2242 2307 2290; x_wconf 79' lang='grc' dir='ltr'>δὲ</span> <span class='ocrx_word' id='word_1_411' title='bbox 2329 2247 2354 2300; x_wconf 84' lang='grc' dir='ltr'>ἡ</span> <span class='ocrx_word' id='word_1_412' title='bbox 2380 2243 2516 2307; x_wconf 79' lang='grc' dir='ltr'>κρήνη</span> <span class='ocrx_word' id='word_1_413' title='bbox 2555 2246 2567 2306; x_wconf 92' lang='grc'><strong>(</strong></span> <span class='ocrx_word' id='word_1_414' title='bbox 2587 2262 2722 2305; x_wconf 85' lang='lat' dir='ltr'>quam</span> 
     </span>
     <span class='ocr_line' id='line_1_63' title="bbox 1435 2317 2723 2379; baseline -0.002 -16"><span class='ocrx_word' id='word_1_415' title='bbox 1435 2334 1523 2364; x_wconf 89' lang='lat' dir='ltr'>see.</span> <span class='ocrx_word' id='word_1_416' title='bbox 1536 2319 1895 2379; x_wconf 89' lang='lat' dir='ltr'>Theopompum</span> <span class='ocrx_word' id='word_1_417' title='bbox 1903 2320 2014 2362; x_wconf 84' lang='lat' dir='ltr'>vino</span> <span class='ocrx_word' id='word_1_418' title='bbox 2030 2317 2207 2364; x_wconf 86' lang='lat' dir='ltr'>miscuit</span> <span class='ocrx_word' id='word_1_419' title='bbox 2222 2318 2370 2364; x_wconf 89' lang='lat' dir='ltr'>Midas</span> <span class='ocrx_word' id='word_1_420' title='bbox 2383 2317 2590 2362; x_wconf 88' lang='lat' dir='ltr'>Silenum</span> <span class='ocrx_word' id='word_1_421' title='bbox 2605 2335 2723 2377; x_wconf 88' lang='lat' dir='ltr'>cap—</span> 
     </span>
     <span class='ocr_line' id='line_1_64' title="bbox 1435 2386 2724 2453; baseline 0.002 -22"><span class='ocrx_word' id='word_1_422' title='bbox 1435 2388 1623 2450; x_wconf 77' lang='lat' dir='ltr'>turus),</span> <span class='ocrx_word' id='word_1_423' title='bbox 1649 2386 1706 2441; x_wconf 81' lang='grc' dir='ltr'>ὥς</span> <span class='ocrx_word' id='word_1_424' title='bbox 1734 2406 1837 2453; x_wconf 73' lang='grc' dir='ltr'>φησι</span> <span class='ocrx_word' id='word_1_425' title='bbox 1863 2386 1992 2445; x_wconf 81' lang='grc' dir='ltr'>Βίων,</span> <span class='ocrx_word' id='word_1_426' title='bbox 2033 2389 2144 2449; x_wconf 77' lang='grc' dir='ltr'>μέση</span> <span class='ocrx_word' id='word_1_427' title='bbox 2169 2386 2350 2435; x_wconf 86' lang='grc' dir='ltr'>Μαίδων</span> <span class='ocrx_word' id='word_1_428' title='bbox 2383 2387 2460 2434; x_wconf 81' lang='grc' dir='ltr'>καὶ</span> <span class='ocrx_word' id='word_1_429' title='bbox 2493 2387 2724 2439; x_wconf 76' lang='grc' dir='ltr'>Παιόνων,</span> 
     </span>
     <span class='ocr_line' id='line_1_65' title="bbox 1432 2457 2725 2522; baseline -0.002 -15"><span class='ocrx_word' id='word_1_430' title='bbox 1432 2457 1554 2507; x_wconf 85' lang='grc' dir='ltr'>Ἴννα</span> <span class='ocrx_word' id='word_1_431' title='bbox 1579 2458 1841 2522; x_wconf 79' lang='grc' dir='ltr'>καλουμένη.</span> <span class='ocrx_word' id='word_1_432' title='bbox 1870 2488 1935 2494; x_wconf 92' lang='grc'>-</span> <span class='ocrx_word' id='word_1_433' title='bbox 1968 2459 2074 2505; x_wconf 76' lang='lat' dir='ltr'>Haec</span> <span class='ocrx_word' id='word_1_434' title='bbox 2100 2461 2159 2505; x_wconf 87' lang='lat' dir='ltr'>ad</span> <span class='ocrx_word' id='word_1_435' title='bbox 2182 2462 2550 2505; x_wconf 86' lang='lat' dir='ltr'>Proconnesium</span> <span class='ocrx_word' id='word_1_436' title='bbox 2585 2463 2725 2506; x_wconf 82' lang='lat' dir='ltr'>refert</span> 
     </span>
     <span class='ocr_line' id='line_1_66' title="bbox 1433 2531 2728 2594; baseline -0.002 -16"><span class='ocrx_word' id='word_1_437' title='bbox 1433 2531 1843 2594; x_wconf 83' lang='lat' dir='ltr'>Schweighaeuser.</span> <span class='ocrx_word' id='word_1_438' title='bbox 1870 2535 1919 2576; x_wconf 91' lang='lat' dir='ltr'>in</span> <span class='ocrx_word' id='word_1_439' title='bbox 1936 2533 2098 2577; x_wconf 88' lang='lat' dir='ltr'>Indice</span> <span class='ocrx_word' id='word_1_440' title='bbox 2126 2533 2186 2577; x_wconf 92' lang='lat' dir='ltr'>ad</span> <span class='ocrx_word' id='word_1_441' title='bbox 2205 2533 2375 2580; x_wconf 89' lang='lat' dir='ltr'>Athen.</span> <span class='ocrx_word' id='word_1_442' title='bbox 2395 2549 2441 2576; x_wconf 77' lang='lat' dir='ltr'>v,</span> <span class='ocrx_word' id='word_1_443' title='bbox 2473 2531 2600 2578; x_wconf 79' lang='grc' dir='ltr'>Βίων.</span> <span class='ocrx_word' id='word_1_444' title='bbox 2628 2537 2728 2578; x_wconf 85' lang='lat' dir='ltr'>Du-</span> 
     </span>
     <span class='ocr_line' id='line_1_67' title="bbox 1434 2606 2730 2665; baseline 0 -16"><span class='ocrx_word' id='word_1_445' title='bbox 1434 2606 1512 2650; x_wconf 87' lang='lat' dir='ltr'>hia</span> <span class='ocrx_word' id='word_1_446' title='bbox 1533 2621 1607 2650; x_wconf 90' lang='lat' dir='ltr'>res</span> <span class='ocrx_word' id='word_1_447' title='bbox 1630 2615 1711 2650; x_wconf 81' lang='lat' dir='ltr'>est.</span> <span class='ocrx_word' id='word_1_448' title='bbox 1735 2606 1913 2651; x_wconf 82' lang='lat' dir='ltr'>Laudat</span> <span class='ocrx_word' id='word_1_449' title='bbox 1939 2606 2180 2650; x_wconf 82' lang='lat' dir='ltr'>Athenaeus</span> <span class='ocrx_word' id='word_1_450' title='bbox 2213 2607 2408 2650; x_wconf 89' lang='lat' dir='ltr'>Bionem</span> <span class='ocrx_word' id='word_1_451' title='bbox 2438 2607 2730 2665; x_wconf 81' lang='lat' dir='ltr'>Borystheni-</span> 
     </span>
     <span class='ocr_line' id='line_1_68' title="bbox 1435 2675 2728 2739; baseline -0.001 -17"><span class='ocrx_word' id='word_1_452' title='bbox 1435 2686 1515 2722; x_wconf 85' lang='lat' dir='ltr'>ten</span> <span class='ocrx_word' id='word_1_453' title='bbox 1538 2677 1613 2739; x_wconf 90' lang='lat' dir='ltr'><strong>(p.</strong></span> <span class='ocrx_word' id='word_1_454' title='bbox 1651 2678 1758 2734; x_wconf 86' lang='lat'>162,</span> <span class='ocrx_word' id='word_1_455' title='bbox 1776 2681 1837 2734; x_wconf 90' lang='lat' dir='ltr'>D;</span> <span class='ocrx_word' id='word_1_456' title='bbox 1867 2682 1977 2734; x_wconf 76' lang='lat'>421,</span> <span class='ocrx_word' id='word_1_457' title='bbox 1997 2678 2051 2733; x_wconf 85' lang='lat' dir='ltr'>E,</span> <span class='ocrx_word' id='word_1_458' title='bbox 2075 2676 2156 2738; x_wconf 88' lang='lat' dir='ltr'>F),</span> <span class='ocrx_word' id='word_1_459' title='bbox 2176 2686 2221 2722; x_wconf 88' lang='lat' dir='ltr'>et</span> <span class='ocrx_word' id='word_1_460' title='bbox 2246 2675 2468 2722; x_wconf 87' lang='lat' dir='ltr'>Solensen</span> <span class='ocrx_word' id='word_1_461' title='bbox 2492 2687 2728 2722; x_wconf 83' lang='lat' dir='ltr'>auctorem</span> 
     </span>
     <span class='ocr_line' id='line_1_69' title="bbox 1436 2750 2731 2811; baseline 0.002 -18"><span class='ocrx_word' id='word_1_462' title='bbox 1436 2750 1755 2811; x_wconf 68' lang='lat' dir='ltr'>AEthiopicon‚</span> <span class='ocrx_word' id='word_1_463' title='bbox 1775 2750 1834 2795; x_wconf 93' lang='lat' dir='ltr'>de</span> <span class='ocrx_word' id='word_1_464' title='bbox 1857 2764 1952 2810; x_wconf 89' lang='lat' dir='ltr'>quo</span> <span class='ocrx_word' id='word_1_465' title='bbox 1971 2766 2054 2794; x_wconf 91' lang='lat' dir='ltr'>suo</span> <span class='ocrx_word' id='word_1_466' title='bbox 2077 2750 2281 2795; x_wconf 86' lang='lat' dir='ltr'>dicemus</span> <span class='ocrx_word' id='word_1_467' title='bbox 2300 2751 2424 2794; x_wconf 88' lang='lat' dir='ltr'>loco.</span> <span class='ocrx_word' id='word_1_468' title='bbox 2443 2773 2503 2781; x_wconf 89' lang='lat'>-—</span> <span class='ocrx_word' id='word_1_469' title='bbox 2516 2753 2587 2795; x_wconf 92' lang='lat' dir='ltr'>De</span> <span class='ocrx_word' id='word_1_470' title='bbox 2607 2752 2731 2795; x_wconf 83' lang='lat' dir='ltr'>Mida</span> 
     </span>
     <span class='ocr_line' id='line_1_70' title="bbox 1436 2821 2732 2884; baseline 0.001 -18"><span class='ocrx_word' id='word_1_471' title='bbox 1436 2823 1642 2867; x_wconf 74' lang='lat' dir='ltr'>Thraciae</span> <span class='ocrx_word' id='word_1_472' title='bbox 1670 2838 1781 2884; x_wconf 83' lang='lat' dir='ltr'>rege</span> <span class='ocrx_word' id='word_1_473' title='bbox 1817 2839 1863 2867; x_wconf 87' lang='lat' dir='ltr'><strong>v.</strong></span> <span class='ocrx_word' id='word_1_474' title='bbox 1898 2821 2084 2868; x_wconf 89' lang='lat' dir='ltr'>Conon.</span> <span class='ocrx_word' id='word_1_475' title='bbox 2110 2823 2294 2867; x_wconf 85' lang='lat' dir='ltr'>Narrat.</span> <span class='ocrx_word' id='word_1_476' title='bbox 2319 2839 2360 2866; x_wconf 85' lang='lat' dir='ltr'>c.</span> <span class='ocrx_word' id='word_1_477' title='bbox 2392 2839 2431 2866; x_wconf 95' lang='lat'><strong>1.</strong></span> <span class='ocrx_word' id='word_1_478' title='bbox 2458 2821 2577 2866; x_wconf 87' lang='lat' dir='ltr'>Cum</span> <span class='ocrx_word' id='word_1_479' title='bbox 2607 2822 2732 2867; x_wconf 85' lang='lat' dir='ltr'>Mida</span> 
     </span>
     <span class='ocr_line' id='line_1_71' title="bbox 1437 2895 2733 2955; baseline 0 -16"><span class='ocrx_word' id='word_1_480' title='bbox 1437 2909 1548 2955; x_wconf 85' lang='lat' dir='ltr'>rege</span> <span class='ocrx_word' id='word_1_481' title='bbox 1572 2897 1711 2940; x_wconf 87' lang='lat' dir='ltr'>etiam</span> <span class='ocrx_word' id='word_1_482' title='bbox 1734 2895 1839 2941; x_wconf 81' lang='lat' dir='ltr'>fons</span> <span class='ocrx_word' id='word_1_483' title='bbox 1863 2897 1947 2940; x_wconf 90' lang='lat' dir='ltr'>iste</span> <span class='ocrx_word' id='word_1_484' title='bbox 1971 2911 2029 2940; x_wconf 85' lang='lat' dir='ltr'>ex</span> <span class='ocrx_word' id='word_1_485' title='bbox 2053 2897 2248 2940; x_wconf 89' lang='lat' dir='ltr'>Thracia</span> <span class='ocrx_word' id='word_1_486' title='bbox 2267 2897 2482 2954; x_wconf 72' lang='lat' dir='ltr'>migravit</span> <span class='ocrx_word' id='word_1_487' title='bbox 2513 2898 2560 2938; x_wconf 87' lang='lat' dir='ltr'>in</span> <span class='ocrx_word' id='word_1_488' title='bbox 2581 2897 2733 2955; x_wconf 72' lang='lat' dir='ltr'>Phry-</span> 
     </span>
     <span class='ocr_line' id='line_1_72' title="bbox 1438 2967 2266 3027; baseline 0.001 -18"><span class='ocrx_word' id='word_1_489' title='bbox 1438 2967 1577 3027; x_wconf 86' lang='lat' dir='ltr'>giam.</span> <span class='ocrx_word' id='word_1_490' title='bbox 1593 2968 1648 3013; x_wconf 93' lang='lat' dir='ltr'><strong>V.</strong></span> <span class='ocrx_word' id='word_1_491' title='bbox 1671 2977 1772 3011; x_wconf 88' lang='lat' dir='ltr'>not.</span> <span class='ocrx_word' id='word_1_492' title='bbox 1800 2968 2062 3027; x_wconf 84' lang='lat' dir='ltr'>Schweigh.</span> <span class='ocrx_word' id='word_1_493' title='bbox 2087 2968 2146 3012; x_wconf 90' lang='lat' dir='ltr'>ad</span> <span class='ocrx_word' id='word_1_494' title='bbox 2163 2968 2212 3011; x_wconf 85' lang='lat' dir='ltr'>h.</span> <span class='ocrx_word' id='word_1_495' title='bbox 2236 2968 2266 3010; x_wconf 89' lang='lat' dir='ltr'>l.</span> 
     </span>
    </p>
   </div>
   <div class='ocr_carea' id='block_1_24' title="bbox 1444 3165 2739 3353">
    <p class='ocr_par' dir='ltr' id='par_1_33' title="bbox 1444 3165 2739 3353">
     <span class='ocr_line' id='line_1_73' title="bbox 1495 3165 2739 3215; baseline 0 -2"><span class='ocrx_word' id='word_1_496' title='bbox 1495 3174 1594 3213; x_wconf 85' lang='lat' dir='ltr'>Bion</span> <span class='ocrx_word' id='word_1_497' title='bbox 1609 3165 1744 3214; x_wconf 85' lang='lat' dir='ltr'>narrat</span> <span class='ocrx_word' id='word_1_498' title='bbox 1759 3175 1955 3215; x_wconf 81' lang='lat' dir='ltr'>Theseum</span> <span class='ocrx_word' id='word_1_499' title='bbox 1973 3179 2212 3214; x_wconf 86' lang='lat' dir='ltr'>Amazonem</span> <span class='ocrx_word' id='word_1_500' title='bbox 2229 3175 2440 3214; x_wconf 83' lang='lat' dir='ltr'>abduxisse</span> <span class='ocrx_word' id='word_1_501' title='bbox 2460 3175 2551 3214; x_wconf 86' lang='lat' dir='ltr'>dolo</span> <span class='ocrx_word' id='word_1_502' title='bbox 2571 3175 2739 3214; x_wconf 80' lang='lat' dir='ltr'>eircum-</span> 
     </span>
     <span class='ocr_line' id='line_1_74' title="bbox 1448 3240 2738 3290; baseline 0.001 -13"><span class='ocrx_word' id='word_1_503' title='bbox 1448 3241 1624 3279; x_wconf 85' lang='lat' dir='ltr'>ventam.</span> <span class='ocrx_word' id='word_1_504' title='bbox 1649 3243 1800 3290; x_wconf 86' lang='lat' dir='ltr'>Nempe</span> <span class='ocrx_word' id='word_1_505' title='bbox 1826 3244 2067 3289; x_wconf 87' lang='lat' dir='ltr'>Amazones,</span> <span class='ocrx_word' id='word_1_506' title='bbox 2084 3251 2209 3290; x_wconf 91' lang='lat' dir='ltr'>quum</span> <span class='ocrx_word' id='word_1_507' title='bbox 2234 3242 2394 3290; x_wconf 85' lang='lat' dir='ltr'>propter</span> <span class='ocrx_word' id='word_1_508' title='bbox 2421 3240 2593 3279; x_wconf 86' lang='lat' dir='ltr'>indolem</span> <span class='ocrx_word' id='word_1_509' title='bbox 2625 3252 2738 3279; x_wconf 82' lang='lat' dir='ltr'>suam</span> 
     </span>
     <span class='ocr_line' id='line_1_75' title="bbox 1444 3302 2739 3353; baseline 0 -12"><span class='ocrx_word' id='word_1_510' title='bbox 1444 3302 1625 3342; x_wconf 81' lang='lat' dir='ltr'>virorum</span> <span class='ocrx_word' id='word_1_511' title='bbox 1648 3303 1932 3343; x_wconf 82' lang='lat' dir='ltr'>amantissimae</span> <span class='ocrx_word' id='word_1_512' title='bbox 1951 3306 2103 3353; x_wconf 85' lang='lat' dir='ltr'>essent,</span> <span class='ocrx_word' id='word_1_513' title='bbox 2128 3304 2290 3343; x_wconf 87' lang='lat' dir='ltr'>minime</span> <span class='ocrx_word' id='word_1_514' title='bbox 2314 3305 2453 3353; x_wconf 81' lang='lat' dir='ltr'>fugisse</span> <span class='ocrx_word' id='word_1_515' title='bbox 2473 3305 2669 3342; x_wconf 81' lang='lat' dir='ltr'>Theseum</span> <span class='ocrx_word' id='word_1_516' title='bbox 2693 3305 2739 3342; x_wconf 71' lang='lat' dir='ltr'>ad</span> 
     </span>
    </p>
   </div>
   <div class='ocr_carea' id='block_1_25' title="bbox 1446 3367 2744 3481">
    <p class='ocr_par' dir='ltr' id='par_1_34' title="bbox 1446 3367 2744 3481">
     <span class='ocr_line' id='line_1_76' title="bbox 1446 3367 2742 3417; baseline 0 -11"><span class='ocrx_word' id='word_1_517' title='bbox 1446 3369 1593 3406; x_wconf 85' lang='lat' dir='ltr'>terram</span> <span class='ocrx_word' id='word_1_518' title='bbox 1618 3378 1756 3406; x_wconf 70' lang='lat' dir='ltr'>ffirum</span> <span class='ocrx_word' id='word_1_519' title='bbox 1796 3367 2081 3417; x_wconf 86' lang='lat' dir='ltr'>appellentem‚</span> <span class='ocrx_word' id='word_1_520' title='bbox 2102 3368 2226 3406; x_wconf 89' lang='lat' dir='ltr'>immo</span> <span class='ocrx_word' id='word_1_521' title='bbox 2252 3378 2418 3406; x_wconf 83' lang='lat' dir='ltr'>munera</span> <span class='ocrx_word' id='word_1_522' title='bbox 2441 3368 2476 3406; x_wconf 88' lang='lat' dir='ltr'>ei</span> <span class='ocrx_word' id='word_1_523' title='bbox 2503 3367 2651 3406; x_wconf 67' lang='lat' dir='ltr'>misisse</span> <span class='ocrx_word' id='word_1_524' title='bbox 2672 3369 2742 3406; x_wconf 77' lang='lat' dir='ltr'>iio-</span> 
     </span>
     <span class='ocr_line' id='line_1_77' title="bbox 1447 3430 2744 3481; baseline 0 -12"><span class='ocrx_word' id='word_1_525' title='bbox 1447 3430 1611 3481; x_wconf 82' lang='lat' dir='ltr'>spitalia.</span> <span class='ocrx_word' id='word_1_526' title='bbox 1631 3433 1748 3469; x_wconf 88' lang='lat' dir='ltr'>Hunc</span> <span class='ocrx_word' id='word_1_527' title='bbox 1776 3441 1871 3470; x_wconf 88' lang='lat' dir='ltr'>vero</span> <span class='ocrx_word' id='word_1_528' title='bbox 1897 3434 2162 3480; x_wconf 80' lang='lat' dir='ltr'>Amazonem,</span> <span class='ocrx_word' id='word_1_529' title='bbox 2184 3442 2274 3481; x_wconf 81' lang='lat' dir='ltr'>quae</span> <span class='ocrx_word' id='word_1_530' title='bbox 2298 3430 2448 3470; x_wconf 80' lang='lat' dir='ltr'>serebat</span> <span class='ocrx_word' id='word_1_531' title='bbox 2468 3442 2536 3479; x_wconf 83' lang='lat' dir='ltr'>ea,</span> <span class='ocrx_word' id='word_1_532' title='bbox 2560 3430 2744 3470; x_wconf 63' lang='lat' dir='ltr'>invitasse</span> 
     </span>
    </p>
   </div>
   <div class='ocr_carea' id='block_1_26' title="bbox 141 3494 2743 3566">
    <p class='ocr_par' dir='ltr' id='par_1_35' title="bbox 141 3494 2743 3566">
     <span class='ocr_line' id='line_1_78' title="bbox 141 3494 2743 3566; baseline -0.001 -27"><span class='ocrx_word' id='word_1_533' title='bbox 141 3515 398 3566; x_wconf 60' lang='lat' dir='ltr'>Lampsacus,</span> <span class='ocrx_word' id='word_1_534' title='bbox 419 3514 516 3555; x_wconf 63' lang='lat' dir='ltr'>urbs</span> <span class='ocrx_word' id='word_1_535' title='bbox 533 3513 585 3553; x_wconf 68' lang='lat' dir='ltr'>ad</span> <span class='ocrx_word' id='word_1_536' title='bbox 610 3494 892 3563; x_wconf 62' lang='lat' dir='ltr'>propontidem</span> <span class='ocrx_word' id='word_1_537' title='bbox 920 3514 1018 3563; x_wconf 57' lang='lat' dir='ltr'>sita,</span> <span class='ocrx_word' id='word_1_538' title='bbox 1040 3525 1186 3553; x_wconf 62' lang='lat' dir='ltr'>nomen</span> <span class='ocrx_word' id='word_1_539' title='bbox 1209 3515 1330 3554; x_wconf 67' lang='lat' dir='ltr'><strong>habet</strong></span> <span class='ocrx_word' id='word_1_540' title='bbox 1354 3526 1378 3554; x_wconf 68' lang='lat' dir='ltr'>a</span> <span class='ocrx_word' id='word_1_541' title='bbox 1449 3496 1496 3534; x_wconf 87' lang='lat' dir='ltr'>ut</span> <span class='ocrx_word' id='word_1_542' title='bbox 1517 3495 1558 3534; x_wconf 93' lang='lat' dir='ltr'>in</span> <span class='ocrx_word' id='word_1_543' title='bbox 1579 3507 1722 3535; x_wconf 89' lang='lat' dir='ltr'>navem</span> <span class='ocrx_word' id='word_1_544' title='bbox 1742 3495 2032 3545; x_wconf 77' lang='lat' dir='ltr'>ingrederetur;</span> <span class='ocrx_word' id='word_1_545' title='bbox 2053 3495 2166 3545; x_wconf 88' lang='lat' dir='ltr'>dein,</span> <span class='ocrx_word' id='word_1_546' title='bbox 2183 3507 2310 3546; x_wconf 83' lang='lat' dir='ltr'>quum</span> <span class='ocrx_word' id='word_1_547' title='bbox 2330 3497 2500 3545; x_wconf 74' lang='lat' dir='ltr'>ingressa</span> <span class='ocrx_word' id='word_1_548' title='bbox 2516 3499 2640 3545; x_wconf 78' lang='lat' dir='ltr'>esset,</span> <span class='ocrx_word' id='word_1_549' title='bbox 2672 3498 2743 3536; x_wconf 88' lang='lat' dir='ltr'>sol-</span> 
     </span>
    </p>
   </div>
   <div class='ocr_carea' id='block_1_27' title="bbox 92 3575 1380 3692">
    <p class='ocr_par' dir='ltr' id='par_1_36' title="bbox 92 3575 1380 3692">
     <span class='ocr_line' id='line_1_79' title="bbox 93 3575 1378 3628; baseline 0 -10"><span class='ocrx_word' id='word_1_550' title='bbox 93 3578 302 3628; x_wconf 74' lang='lat' dir='ltr'>Lampsace</span> <span class='ocrx_word' id='word_1_551' title='bbox 316 3608 327 3627; x_wconf 93' lang='lat'>,</span> <span class='ocrx_word' id='word_1_552' title='bbox 343 3575 525 3627; x_wconf 83' lang='lat' dir='ltr'>indigena</span> <span class='ocrx_word' id='word_1_553' title='bbox 539 3576 714 3626; x_wconf 87' lang='lat' dir='ltr'>quadam</span> <span class='ocrx_word' id='word_1_554' title='bbox 730 3577 875 3626; x_wconf 83' lang='lat' dir='ltr'>puella.</span> <span class='ocrx_word' id='word_1_555' title='bbox 897 3577 1067 3616; x_wconf 83' lang='lat' dir='ltr'>Condita</span> <span class='ocrx_word' id='word_1_556' title='bbox 1082 3579 1142 3616; x_wconf 87' lang='lat' dir='ltr'>est</span> <span class='ocrx_word' id='word_1_557' title='bbox 1162 3589 1186 3616; x_wconf 88' lang='lat' dir='ltr'>a</span> <span class='ocrx_word' id='word_1_558' title='bbox 1202 3578 1378 3618; x_wconf 87' lang='lat' dir='ltr'>Phocen-</span> 
     </span>
     <span class='ocr_line' id='line_1_80' title="bbox 92 3639 1380 3692; baseline 0.002 -12"><span class='ocrx_word' id='word_1_559' title='bbox 92 3639 221 3691; x_wconf 65' lang='grc' dir='ltr'>ιὶἱηε,</span> <span class='ocrx_word' id='word_1_560' title='bbox 238 3641 416 3692; x_wconf 75' lang='lat' dir='ltr'>olimque</span> <span class='ocrx_word' id='word_1_561' title='bbox 436 3641 597 3691; x_wconf 80' lang='lat' dir='ltr'>Pityusa</span> <span class='ocrx_word' id='word_1_562' title='bbox 615 3639 915 3690; x_wconf 82' lang='lat' dir='ltr'>nominabatur,</span> <span class='ocrx_word' id='word_1_563' title='bbox 935 3641 995 3680; x_wconf 89' lang='lat' dir='ltr'>uti</span> <span class='ocrx_word' id='word_1_564' title='bbox 1018 3643 1158 3680; x_wconf 77' lang='lat' dir='ltr'>auctor</span> <span class='ocrx_word' id='word_1_565' title='bbox 1177 3643 1236 3681; x_wconf 84' lang='lat' dir='ltr'>est</span> <span class='ocrx_word' id='word_1_566' title='bbox 1264 3643 1380 3682; x_wconf 85' lang='lat' dir='ltr'>Deio-</span> 
     </span>
    </p>
   </div>
   <div class='ocr_carea' id='block_1_28' title="bbox 94 3704 436 3756">
    <p class='ocr_par' dir='ltr' id='par_1_37' title="bbox 94 3704 436 3756">
     <span class='ocr_line' id='line_1_81' title="bbox 94 3704 436 3756; baseline -0.003 -11"><span class='ocrx_word' id='word_1_567' title='bbox 94 3704 191 3745; x_wconf 65' lang='lat' dir='ltr'>ms</span> <span class='ocrx_word' id='word_1_568' title='bbox 208 3705 436 3756; x_wconf 67' lang='lat' dir='ltr'>Cyzicenus.</span> 
     </span>
    </p>
   </div>
   <div class='ocr_carea' id='block_1_29' title="bbox 1452 3557 1564 3597">
    <p class='ocr_par' dir='ltr' id='par_1_38' title="bbox 1452 3557 1564 3597">
     <span class='ocr_line' id='line_1_82' title="bbox 1452 3557 1564 3597; baseline 0.009 -1"><span class='ocrx_word' id='word_1_569' title='bbox 1452 3557 1564 3597; x_wconf 85' lang='lat' dir='ltr'>visse.</span> 
     </span>
    </p>
   </div>
   <div class='ocr_carea' id='block_1_30' title="bbox 1454 3627 2745 3798">
    <p class='ocr_par' dir='ltr' id='par_1_39' title="bbox 1454 3627 2745 3798">
     <span class='ocr_line' id='line_1_83' title="bbox 2072 3627 2131 3667; baseline -0.017 0"><span class='ocrx_word' id='word_1_570' title='bbox 2072 3627 2098 3667; x_wconf 84' lang='lat'>2</span> <span class='ocrx_word' id='word_1_571' title='bbox 2122 3658 2131 3666; x_wconf 93' lang='lat'><strong>.</strong></span> 
     </span>
     <span class='ocr_line' id='line_1_84' title="bbox 1507 3627 2745 3746; baseline 0.002 -15"><span class='ocrx_word' id='word_1_572' title='bbox 1507 3696 1604 3733; x_wconf 75' lang='lat' dir='ltr'>Fons</span> <span class='ocrx_word' id='word_1_573' title='bbox 1643 3695 1714 3734; x_wconf 85' lang='lat' dir='ltr'>iste</span> <span class='ocrx_word' id='word_1_574' title='bbox 1757 3698 1854 3734; x_wconf 85' lang='lat' dir='ltr'>luna</span> <span class='ocrx_word' id='word_1_575' title='bbox 1887 3627 2122 3746; x_wconf 56' lang='lat' dir='ltr'>appellatiir),</span> <span class='ocrx_word' id='word_1_576' title='bbox 2173 3695 2350 3746; x_wconf 84' lang='lat' dir='ltr'>situsque</span> <span class='ocrx_word' id='word_1_577' title='bbox 2382 3697 2438 3734; x_wconf 81' lang='lat' dir='ltr'>est</span> <span class='ocrx_word' id='word_1_578' title='bbox 2482 3697 2581 3734; x_wconf 81' lang='lat' dir='ltr'>intei-</span> <span class='ocrx_word' id='word_1_579' title='bbox 2622 3698 2745 3734; x_wconf 72' lang='lat' dir='ltr'>terras</span> 
     </span>
     <span class='ocr_line' id='line_1_85' title="bbox 1454 3757 1952 3798; baseline 0.006 -3"><span class='ocrx_word' id='word_1_580' title='bbox 1454 3757 1672 3797; x_wconf 73' lang='lat' dir='ltr'>Moedorum</span> <span class='ocrx_word' id='word_1_581' title='bbox 1691 3761 1731 3797; x_wconf 86' lang='lat' dir='ltr'>et</span> <span class='ocrx_word' id='word_1_582' title='bbox 1749 3761 1952 3798; x_wconf 75' lang='lat' dir='ltr'>Paeonum.</span> 
     </span>
    </p>
   </div>
  </div>
 </body>
</html>
