3016 4628
252 278 338 319 1⁴6

240 373 464 435 λεγόμενος
498 372 695 437 βασιλεὺς
718 373 793 419 οὐκ
815 371 929 419 ἔστιν
958 362 1086 429 εἶδος,
1110 369 1303 433 καθάπερ
1328 367 1522 430 εἴπομεν,

242 447 475 499 πολιτείας·
503 446 547 492 ἐν
573 445 734 498 πάσαις
755 443 840 508 γὰρ
861 442 1068 507 ὑπάρχειν
1089 440 1308 504 ἐνδέχεται
1336 458 1525 504 στρατη-

242 519 337 580 γίαν
356 513 507 576 ἀΐδιον,
527 509 613 564 οἷον
641 518 683 564 ἐν
708 515 978 582 δημοκρατίᾳ
1002 514 1075 562 καὶ
1106 510 1425 578 ἀριστοκρατίᾳ,
1450 507 1522 556 καὶ

249 590 401 637 πολλοὶ
425 593 617 637 ποιοῦσιν
655 588 729 635 ἕνα
760 587 904 653 κύριον
935 591 1011 645 τῆς
1045 584 1316 643 διοικήσεως·
1349 581 1523 638 τοιαύτη
1599 602 1683 645 τῶν
1709 597 1912 661 ὕστερον.
1939 598 1961 642 ὁ
1995 593 2072 657 μὲν
2096 594 2180 658 γὰρ
2210 591 2514 654 οἷωνισάμενός
2540 613 2582 640 τι
2616 594 2895 660 σύμπτωμαῖ
2926 593 2931 597 “

243 663 325 727 γὰρ
365 662 478 727 ἀρχή
524 662 584 715 τίς
623 663 714 710 ἐστι
747 661 821 708 καὶ
855 660 952 725 περὶ
995 657 1279 720 Ἐπίδαμνον,
1316 655 1387 702 καὶ
1419 652 1524 717 ’περὶ

242 734 462 782 Ὀποῦντα
482 733 526 781 δὲ
553 733 664 782 κατά
686 752 726 780 τι
753 732 878 798 μέρος
903 728 1131 795 ἔλαττον.]

308 808 410 870 [ld.
436 810 503 856 ib.
532 811 575 864 I,
598 815 641 868 4,
665 818 685 854 4
706 822 718 854 :
743 805 820 854 Ἐν
838 802 1146 869 Λοκροῒςνόμος
1163 800 1251 847 ἐστὶ
1266 798 1326 861 μὴ
1341 799 1523 855 πωλεῖν,

243 879 316 926 ἐὰν
344 880 403 939 μὴ
430 879 614 945 φανερὰν
655 878 835 943 ἀτυχίαν
865 876 976 939 δείξῃ
1019 873 1371 937 συμὸεὸηχυῖανν
1394 868 1455 916 ἔτι
1481 868 1524 915 δὲ
1601 889 1702 932 Pol.
1733 903 1775 932 c,
1802 885 1880 941 32,
1913 885 1967 930 15
2002 901 2014 932 :
2038 882 2117 931 'Ev
2141 885 2324 947 Δελφοῖς
2347 887 2368 931 ὁ
2399 883 2600 947 μέγιστος
2631 883 2803 950 λέγεται
2825 905 2897 950 γε-

243 950 338 1005 τοὺς
359 951 563 1005 παλαιοὺς
585 951 766 1015 κλήρους
790 948 1025 1004 διασώζειν.
1043 947 1060 1009 ]
1096 950 1215 991 Num
1237 946 1294 990 de
1314 944 1527 1002 Opuntiis
1598 957 1742 1004 νέσθαι
1763 955 2046 1019 νεωτερισμὸς
2063 955 2412 1020 ὓπὸ.Κρά.ι-ητος,
2433 949 2482 1004 οἷ
2500 957 2670 1019 μέλλων
2685 957 2898 1024 θυγατέρα

242 1042 301 1070 an
322 1026 380 1070 de
398 1026 711 1085 Epizephyriis
734 1024 1019 1083 potissimum
1052 1028 1215 1064 auctor
1235 1016 1522 1076 cogitaverit,

246 1095 491 1142 incertum.
506 1101 600 1143 Lex
623 1107 928 1153 utrorumque
945 1093 1131 1152 ingenio
1151 1088 1518 1134 accommodata.

246 1171 346 1214 Huc
382 1172 516 1229 posui
552 1171 732 1224 locum,
757 1169 862 1226 quia
898 1167 988 1210 alio
1015 1165 1118 1207 loco
1140 1163 1228 1220 (II,
1265 1176 1310 1221 9,
1339 1159 1392 1221 5)
1418 1160 1524 1205 Ari-

243 1244 428 1286 stoteivs
459 1243 516 1286 de
542 1243 665 1286 Italis
684 1240 842 1285 Locris
875 1239 1069 1295 loquens
1092 1249 1300 1293 expresse
1324 1232 1526 1291 appellat

244 1316 597 1375 Epizephyrios3
622 1314 756 1357 tertio
777 1313 881 1355 loco
905 1309 987 1370 (V,
1016 1309 1061 1362 6,
1086 1325 1110 1364 7
1127 1310 1154 1365 l,
1175 1308 1253 1365 qui
1272 1305 1331 1349 ad
1348 1307 1525 1349 Locros

245 1388 578 1446 Epichliyrios
615 1386 839 1444 pertinet,
865 1382 1132 1440 simpliciter
1164 1378 1355 1437 quidem
1383 1377 1523 1421 Locri

245 1462 558 1514 nominantur,
575 1458 653 1502 sed
666 1472 739 1501 res
753 1464 935 1514 narrata
948 1454 1046 1497 talis
1059 1462 1140 1507 est,
1157 1463 1208 1493 ut
1222 1449 1525 1494 distinctionis

242 1543 352 1576 nota
375 1548 469 1575 non
489 1547 605 1590 opus
628 1538 754 1574 esset.
779 1530 991 1572 Ceterum
1011 1526 1068 1571 cf.
1106 1525 1288 1568 Miiller.
1317 1525 1422 1567 Dor.
1445 1522 1492 1565 II
1507 1554 1520 1576 ,

243 1620 291 1663 p.
319 1620 427 1659 200,
449 1619 558 1661 229.

741 1712 1016 1760 ΦΩΚΕΩΝ.

826 1835 931 1882 124.

309 1929 450 1972 niem.
479 1927 550 1974 Al,
567 1926 793 1979 Sn·0m.1‚
814 1939 861 1983 p.
889 1922 1053 1974 33413.
1071 1925 1255 1979 p.144,
1282 1917 1340 1963 35
1360 1920 1519 1979 Sylh.:

247 1997 504 2054 Ἰῧξήκεστός
523 2015 565 2042 τε
588 1998 610 2042 ὁ
635 1993 827 2043 Φωκέων
848 1991 1050 2056 τύραννος
1074 1990 1146 2037 δύο
1172 1989 1421 2043 δακτυλίους
1444 2009 1518 2054 φο·

248 2071 330 2132 ρῶν
359 2066 709 2131 γεγοητευμένους
726 2102 738 2126 ,
757 2069 817 2131 τῷ
846 2065 968 2130 ψόφῳ
989 2067 1049 2127 τῷ
1071 2062 1175 2127 πρὸς
1196 2061 1406 2119 ἀλλήλους
1427 2062 1520 2126 διῃ-

238 2141 412 2188 σθάνετο
436 2139 530 2193 τοὺς
553 2138 722 2205 καιροὺς
746 2142 828 2185 τῶν
854 2137 1064 2200 πράξεων.
1095 2134 1324 2183 Ἀπέθανεν
1342 2135 1387 2182 δὲ
1409 2134 1524 2196 ὅμως

239 2212 528 2277 δολοφονηθεὶς
549 2211 686 2259 καίτοι
704 2210 1060 2275 προσημήναντος
1084 2213 1157 2255 τοῦ
1178 2206 1315 2274 ψόφου
1330 2245 1342 2266 ,
1364 2206 1421 2262 ὥς
1437 2226 1520 2274 φη-

239 2304 304 2331 σιν
331 2285 623 2349 Ἀριστοτέλης
646 2287 688 2331 ἐν
710 2287 763 2347 τῇ
791 2282 986 2332 Φωκέων
1022 2281 1237 2346 πολιτεία.

792 2362 951 2430 [125]

304 2444 522 2506 [Aristot⁴
549 2447 648 2492 Pol.
674 2447 732 2505 V,
756 2444 800 2501 3,
826 2450 850 2497 l}
880 2459 891 2491 ε
919 2443 997 2491 Ἐν
1027 2444 1258 2490 Φωκεῦσιν
1282 2439 1322 2495 ἐξ
1341 2441 1524 2499 ἐπικλή-

243 2534 315 2579 ρου
335 2515 524 2569 στάσεως
558 2514 784 2579 γενομένης
816 2514 916 2580 περὶ
947 2514 1156 2563 Μνασέαν
1180 2513 1251 2561 τὸν
1284 2513 1525 2572 Μνήσωνος

242 2587 404 2653 πατέρα
445 2589 517 2635 καὶ
557 2589 811 2652 Εὐθυκράτη
856 2588 928 2635 τὸν
968 2587 1274 2651 Ὀνομάρχου,
1309 2589 1336 2644 ἦ
1376 2587 1524 2640 στάσις

243 2659 349 2717 αὕτη
389 2660 501 2724 ἀρχὴ
537 2665 610 2707 τοῦ
657 2662 769 2725 ἱεροῦ
807 2660 998 2722 πολέμου
1041 2659 1231 2718 κατέστη
1270 2660 1357 2713 τοῖς
1405 2661 1524 2707 Φω-

242 2737 428 2788 κεῧσιν.]

242 2880 360 2918 quam
377 2869 557 2918 speciem.
580 2872 621 2907 ln
642 2870 823 2909 omnibus
838 2870 941 2909 enim
965 2870 1082 2910 rebus
1104 2869 1275 2920 publicis
1298 2869 1526 2918 contingere

244 2936 386 2983 potest,
402 2935 444 2973 ut
454 2935 503 2973 sit
512 2934 720 2984 imperium
734 2934 824 2973 belli
834 2937 1083 2985 perpetuum,
1097 2935 1219 2975 veluti
1231 2937 1271 2974 in
1283 2934 1527 2973 democratia

243 2994 282 3029 et
307 2992 344 3030 in
364 2991 629 3041 aristocratia5
655 2995 693 3031 et
710 2993 823 3031 multi
853 2994 918 3032 uni
942 2995 1064 3034 totius
1091 2994 1146 3033 rei
1176 2994 1330 3032 beilicae
1356 2991 1524 3031 admini-

243 3054 429 3102 strandae-
446 3056 680 3105 potestatem
700 3055 892 3095 deserunt.
916 3058 1011 3097 Tale
1033 3058 1136 3097 enim
1160 3056 1363 3107 quoddam
1396 3056 1522 3106 impe-

246 3120 347 3157 rium
365 3118 479 3158 habet
501 3120 638 3158 civitas
659 3119 976 3170 Epidamniorum
993 3124 1031 3162 et
1054 3122 1316 3172 Opuntiorum
1329 3151 1340 3170 ,
1359 3120 1447 3160 haec
1464 3122 1526 3159 ta·

247 3196 334 3222 inu-n
354 3184 483 3233 aliqua
501 3195 548 3223 ex
567 3186 674 3234 parte
693 3186 905 3234 angustius.
922 3186 938 3237 ]

666 3265 1106 3314 PHOCENSIUMT

834 3371 932 3411 124.

301 3457 512 3495 incaestus
529 3486 540 3505 ‚
568 3456 826 3497 Phoc-ensium
853 3461 1043 3509 tyrannus
1058 3491 1069 3510 ‚
1094 3461 1195 3502 duos
1219 3465 1377 3513 gestans
1396 3464 1527 3503 incan-

248 3524 349 3560 laios
364 3521 545 3568 annulos,
564 3532 585 3557 e
604 3520 750 3568 sonitu,
767 3533 884 3572 quem
906 3524 1025 3563 collisi
1044 3524 1145 3564 inter
1159 3536 1200 3566 se
1220 3527 1406 3576 edebant,
1426 3527 1519 3567 scie—

249 3587 313 3624 hat
334 3587 511 3634 tempora
529 3595 660 3623 rerum
673 3586 930 3633 gerendarum
953 3604 960 3626 :
981 3588 1234 3629 nihilominus
1249 3591 1347 3630 obiit
1363 3591 1456 3631 dolo
1468 3592 1529 3630 in-

247 3650 454 3698 terfectus,
472 3650 654 3698 quamvis
671 3649 708 3687 id
734 3650 769 3688 ei
793 3654 1092 3701 praenuntiasset
1110 3655 1281 3706 sonitus,
1303 3658 1347 3696 ut
1365 3657 1421 3697 ait
1443 3657 1530 3698 Ari·

246 3713 405 3752 stoteles
421 3713 459 3751 in
476 3715 568 3763 Rep.
596 3713 864 3754 phocensium.

816 3782 951 3836 [125.]

298 3855 429 3899 Quum
442 3849 545 3900 apud
560 3850 776 3890 Phocenses
788 3862 836 3890 ex
849 3853 975 3902 puella
990 3854 1087 3904 patri
1099 3855 1209 3895 diviti
1220 3858 1417 3908 superstiti
1430 3859 1532 3899 inter

248 3918 445 3955 Mnaseam
465 3915 659 3955 Mnesonis
676 3918 825 3965 patrem
850 3918 888 3955 et
911 3918 1191 3968 Euthycratem
1210 3924 1451 3963 Onomarchi
1469 3935 1530 3963 se-

247 3980 346 4019 ‹litio
367 3981 501 4018 coorta
519 3981 641 4024 esset,
666 3980 752 4019 haec
774 3979 912 4020 seditio
929 3980 1018 4021 belli
1036 3983 1133 4022 sacri
1150 3984 1411 4026 Phocensibus
1425 3988 1533 4037 origo

250 4045 336 4083 suit.

836 4114 930 4154 126.

304 4179 459 4227 Delphis
488 4182 572 4220 orla
601 4191 649 4220 ex
677 4111 868 4221 affinitgie
895 4111 1082 4221 ‹ligseusio
1115 4184 1200 4222 sons
1229 4186 1267 4223 et
1299 4185 1532 4237 principium

1132 258 1546 309 Aiusro‘rsms
1593 240 2002 306 FRAGMENTA.

1557 1121 1564 1183 γ
1601 1121 1748 1163 ματως
1772 1102 1843 1148 ἐπὶ
1862 1106 1956 1154 ταῖς
1981 1101 2185 1155 σπονδαῖς
2215 1100 2347 1164 μέσου
2377 1101 2613 1167 ῥαγέντος,
2632 1102 2896 1167 οἶωνισάμε-
2927 1133 2930 1135 -
2956 1143 2974 1155 ⁷
3012 1143 3013 1146 ,

2155 360 2312 422 [126.]
2376 340 2378 342 ’

1663 455 1836 517 [Idem.
1864 455 1966 498 Pol.
1989 455 2044 508 V,
2071 451 2116 510 3,
2142 451 2167 494 3
2191 467 2202 497 ε
2232 449 2309 497 Ἐν
2330 449 2533 512 Δελφοῖς,
2558 450 2607 496 ἐκ
2628 449 2801 508 κηδείας
2820 467 2896 514 γε·-

1598 526 1774 589 νομένης
1799 527 2024 589 διαφορᾶς,
2059 521 2174 585 ἀρχὴ
2200 524 2352 568 πασῶν
2377 520 2546 585 ἐγένετο
2577 523 2669 592 τῶι
2698 521 2895 570 στάσεων
2953 574 2956 578 v
2981 520 2983 522 ’

1602 675 1658 723 ὡς
1684 663 1810 728 ἦλθεν
1834 667 1904 715 ἐπὶ
1934 666 2010 724 τὴν
2032 665 2221 731 νύμφην,
2243 667 2295 718 οὐ
2314 665 2464 713 λαὸὼν
2489 666 2700 724 ἀπῆλθεν·
2723 669 2762 716 οἱ
2786 669 2825 715 δ’
2841 672 2899 723 ὡς

1604 740 1873 807 ὓὸρισθέντες
1909 738 2114 786 ἐνέὸαλον
2147 742 2233 785 τῶν
2268 741 2394 804 ἱερῶν
2429 739 2669 804 χρημάτων
2705 740 2897 799 θύοντος,
2969 783 2972 786 .

1602 814 1790 877 κᾶπειτα
1804 815 1861 866 ὡς
1876 810 2096 877 ἱερόσυλον
2112 809 2384 860 ἀπέκτειναν.
2403 814 2470 860 Cf.
2493 815 2727 862 Plutarch.
2751 814 2895 864 Praec.

1600 1036 1755 1093 γαμεῖν
1779 1028 2010 1093 Ὀργίλαος
2031 1032 2055 1075 ὃ
2075 1029 2296 1088 Φάλιδος,
2319 1022 2412 1077 εἶτα
2432 1032 2508 1077 τοῦ
2532 1032 2897 1096 κρατῆροςαῦτοῇ
2955 1028 2959 1033 ’

1650 1101 1660 1117 1

1599 1192 1694 1231 νος,
1738 1173 1813 1220 καὶ
1843 1171 2097 1220 καταλιπὼν
2133 1171 2209 1230 τὴν
2237 1173 2436 1238 νύμφην,
2475 1176 2642 1232 ἀπῆλθε
2679 1173 2790 1238 μετὰ
2821 1180 2899 1224 τοῦ
2959 1182 2963 1189 ’

1598 1245 1782 1310 πατρός·
1809 1249 1830 1292 ὁ
1866 1245 1911 1292 δὲ
1949 1245 2129 1311 Κράτης
2163 1245 2304 1309 ὀλίγον
2338 1246 2513 1313 ὕστερον
2544 1246 2713 1296 θύουσιν
2752 1249 2896 1304 αὐτοῖς
2963 1299 2965 1304 ,

1598 1316 1832 1366 ὑποὸαλὼν
1871 1317 2048 1382 χρυσίον
2086 1338 2127 1365 τι
2166 1322 2251 1366 τῶν
2287 1320 2437 1384 ἱερῶν,
2472 1319 2790 1387 κατεκρήμνισε
2824 1321 2899 1369 τὸν
2969 1332 2971 1335 “

1598 1390 1830 1455 Ὀργίλαον
1866 1390 1940 1437 καὶ
1975 1390 2046 1438 τὸν
2074 1391 2259 1454 ἀδελφὸν
2297 1390 2526 1456 ἀκρίτους,
2559 1391 2634 1443 καὶ
2657 1392 2790 1440 πάλιν
2813 1396 2899 1442 τῶν
2959 1427 2965 1446 ;
3010 1383 3013 1409 '³

1598 1465 1731 1530 φίλων
1762 1464 1878 1518 τινὰς
1911 1462 1987 1510 καὶ
2015 1463 2205 1524 οἰκείων,
2241 1463 2507 1519 ἱκετεύοντας
2539 1466 2580 1512 ἐν
2605 1467 2668 1532 τῷ
2691 1467 2795 1532 ΐερῷ
2822 1469 2900 1525 τῆς

1606 1535 1854 1602 Προναίας,
1900 1537 2068 1583 ἀνεῖλε·
2109 1537 2283 1584 πολλῶν
2325 1535 2369 1583 δὲ
2411 1535 2616 1584 τοιούτων
2653 1535 2897 1600 γενομένων

1602 1609 1929 1663 ἀποκτείναντες
1952 1611 1991 1657 οἱ
2011 1609 2172 1675 Δελφοὶ
2191 1607 2262 1656 τὸν
2283 1608 2496 1675 Κράτητα
2518 1609 2594 1658 καὶ
2614 1608 2713 1663 τοὺς
2736 1628 2904 1658 συστα-

1602 1682 1838 1736 σιάσαντας
1854 1719 1866 1740 ,
1893 1684 1942 1730 ἐκ
1958 1685 2044 1730 τῶν
2073 1682 2334 1748 χρημάτων,
2361 1684 2572 1746 ἐναγικῶν
2596 1693 2898 1748 προσαγορευ-

1601 1755 1774 1814 θέντων,
1801 1753 1898 1809 τοὺς
1923 1755 2044 1802 κάτω
2069 1754 2193 1808 ναοὺς
2219 1754 2570 1821 ἀνῳκοδόμησαν.
2590 1755 2610 1819 ]

1665 1864 1952 1912 ΑΙΤΩΛΩΝ.
1992 1865 2398 1914 ΑΚΑΡΝΑΝΩΝ.
2437 1858 2844 1930 ΛΕΥΚΑΔΙΩΝ..

2190 1989 2298 2031 127.

1665 2081 1832 2126 Strabo
1854 2083 1960 2137 VII,
1987 2097 2038 2141 p.
2068 2080 2157 2125 321
2196 2096 2206 2128 :
2242 2076 2350 2128 e'Oi-t
2373 2077 2420 2126 δὲ
2439 2077 2653 2138 πλάνητες
2680 2078 2900 2143 (οἷΛέλε-

1597 2153 1682 2214 γες)
1707 2151 1780 2197 καὶ
1807 2150 1905 2214 μετ’
1928 2151 2098 2200 ἐκείνων
2130 2153 2239 2214 (τῶν
2270 2151 2452 2215 Καρῶν)
2481 2150 2555 2197 καὶ
2578 2148 2735 2215 χωρὶς,
2753 2149 2830 2202 καὶ
2851 2151 2900 2198 ἐκ

1597 2217 1808 2283 παλαιοῦ,
1850 2223 1924 2270 καὶ
1961 2226 2006 2271 αἱ
2044 2220 2360 2289 Ἀριστοτέλους
2402 2223 2630 2270 Πολιτεῖαι
2667 2222 2894 2280 δηλοῦσιν·

1599 2296 1642 2341 ἓν
1686 2294 1764 2357 μὲν
1808 2294 1891 2360 γὰρ
1929 2299 1983 2361 τῇ
2024 2295 2366 2361 Ἀκαρνάνων
2405 2294 2539 2360 φησὶ,
2573 2292 2624 2342 τὸ
2660 2293 2738 2358 μὲν
2782 2293 2807 2342 ἔ
2836 2314 2899 2343 ειν

1598 2369 1730 2425 αὐτῆς
1763 2366 2016 2434 Κούρητας,
2051 2367 2100 2415 τὸ
2132 2365 2177 2415 δὲ
2212 2365 2523 2433 προσεσπέριον
2559 2365 2770 2433 Λέλεγας,
2803 2386 2898 2416 ειτα

1599 2439 1849 2498 Τηλεὸόας·
1876 2444 1919 2489 ἐν
1946 2440 1990 2488 δὲ
2009 2444 2063 2506 τῇ
2087 2443 2172 2487 τῶν
2192 2442 2469 2499 Αἰτωλῶν,
2496 2438 2591 2494 τοὺς
2607 2444 2680 2487 νῦν
2701 2437 2896 2506 Λοκροὺς

1598 2512 1790 2576 Λέλεγας
1813 2515 1959 2561 καλεῖ·
1984 2513 2221 2578 κατασχεῖν
2241 2512 2285 2560 δὲ
2304 2512 2379 2562 καὶ
2402 2512 2480 2570 τὴν
2506 2510 2717 2560 Βοιωτίαν
2747 2507 2903 2567 αὐτοὺς

1599 2585 1727 2652 φησίν
1746 2604 1757 2614 ·
1782 2585 1939 2649 ὁμοίως
1964 2585 2008 2633 δὲ
2025 2585 2098 2634 καὶ
2115 2589 2158 2634 ἐν
2174 2589 2227 2651 τῇ
2253 2584 2596 2635 Ὀπουντίων
2620 2583 2695 2632 καὶ
2719 2587 2898 2648 Μεγα-
2940 2571 2960 2623 ’Ῐ

1597 2662 1754 2725 ρέων·
1793 2662 1838 2707 ἐν
1874 2660 1918 2708 δὲ
1953 2664 2005 2725 τῇ
2044 2659 2370 2710 Λευκαδίων
2405 2660 2480 2708 καὶ
2516 2658 2758 2724 αὐτόχθονα
2791 2657 2890 2706 τινὰ

1598 2731 1768 2795 Λέλεγα
1804 2731 2020 2794 ὀνομάζει,
2056 2730 2207 2780 τούτου
2243 2730 2288 2780 δὲ
2323 2732 2601 2796 θυγατριδοῦν
2641 2729 2889 2789 Τηλεὸόαν.

1596 2866 1778 2907 omnium
1788 2897 1799 2916 ‚
1813 2878 1904 2918 quae
1917 2868 2114 2917 posterius
2126 2869 2273 2906 coortae
2290 2869 2397 2917 sunt,
2412 2867 2650 2907 seditionum
2663 2867 2753 2907 suit.
2767 2867 2896 2918 Spon-

1594 2942 1664 2972 sus
1675 2931 1782 2971 enim
1793 2931 1926 2971 nescio
1937 2930 2038 2981 quid
2049 2930 2195 2971 sinistri
2211 2930 2284 2970 sibi
2306 2930 2490 2981 portendi
2502 2930 2636 2970 omine
2649 2930 2753 2973 forte
2762 2929 2898 2970 oblato

1597 2997 1828 3046 auguratus,
1846 3006 1974 3046 quum
1986 2994 2037 3034 ad
2055 3005 2241 3045 sponsam
2256 2995 2441 3044 venisset,
2461 3004 2508 3034 ea
2529 2993 2733 3044 repudiata
2752 2993 2899 3034 disces-

1598 3063 1662 3103 sit.
1678 3063 1740 3103 llli
1754 3074 1852 3103 vero
1869 3064 1916 3103 ut
1924 3062 2212 3105 contumeliam.
2224 3063 2430 3112 acceptam
2451 3061 2752 3110 ulciscerentur,
2772 3059 2896 3101 inter·

1599 3139 1646 3168 ea
1667 3128 1765 3168 dum
1789 3128 1856 3168 ille
1885 3127 2152 3178 sacrificaret,
2173 3127 2223 3167 de
2251 3127 2497 3178 supellectile
2526 3136 2638 3166 sacra
2669 3124 2822 3176 aliquid
2845 3125 2888 3165 in

1602 3191 1776 3232 canistra
1792 3191 1878 3241 eJus
1898 3191 2055 3231 occulte
2069 3192 2351 3241 conjecerunt,
2369 3189 2513 3230 deinde
2528 3199 2624 3230 eum
2638 3219 2650 3240 ,
2668 3190 2717 3229 ut
2731 3188 2894 3229 sacrile-

1600 3267 1693 3306 gum
1706 3287 1718 3306 ,
1740 3256 1997 3295 necaverunt.

1807 3363 2182 3413 AETOLORUM
2196 3399 2209 3421 ,
2264 3356 2691 3418 ACARNANUM,

2008 3440 2487 3500 LEUCADIORUM,

2193 3567 2290 3608 127.

1653 3667 1825 3707 Multum
1845 3653 2120 3716 vagatos‘esse
2142 3664 2303 3714 Leleges
2330 3661 2390 3702 vel
2416 3671 2497 3700 una
2526 3670 2620 3699 cum
2639 3658 2807 3701 caribus
2832 3658 2896 3699 vel

1602 3731 1752 3781 absque
1762 3731 1810 3770 iis
1825 3729 1916 3769 inde
1931 3729 1982 3769 ab
1992 3727 2256 3779 antiquisimis
2271 3724 2518 3776 temporibus
2532 3723 2653 3764 etiam
2669 3720 2855 3764 Aristotel
2885 3726 2911 3766 ἶ

1603 3796 1643 3835 in
1663 3789 1813 3835 Politiis
1826 3793 2016 3834 declarat.
2045 3793 2202 3832 Etenim
2227 3791 2268 3831 in
2286 3793 2536 3830 Acarnanum
2548 3797 2631 3837 rep.
2649 3784 2728 3837 ait,
2754 3804 2761 3821 ι
2780 3804 2797 3820 ;.
2828 3802 2857 3821 222
2880 3787 2907 3822 .’

1604 3860 1835 3902 Acarnaniae
1854 3859 2021 3899 curetes
2040 3859 2200 3907 tenera,
2224 3853 2511 3895 occidentalem
2539 3851 2725 3902 Leleges,
2745 3850 2867 3891 deind
2891 3866 2905 3892 ,ν

1603 3923 1807 3966 Teleboas,
1827 3924 1950 3963 Porro
1970 3921 2012 3961 in
2031 3919 2259 3961 AEtolorum
2277 3927 2361 3968 rep.
2383 3915 2452 3968 qui
2470 3926 2578 3956 nunc
2595 3918 2740 3956 [octos
2756 3913 2799 3954 di
2894 3900 2902 3925 ί

1603 3991 1670 4028 tur
1687 3987 1844 4038 Leleges
1866 3986 2069 4034 nominem
2087 3983 2247 4026 eosdem
2264 3983 2386 4023 etiam
2413 3980 2607 4021 Boeotiam
2632 3979 2808 4020 tenuisse
2825 3978 2903 4038 ιϊῑ.Ι

1605 4051 1793 4093 Similiter
1807 4051 1848 4091 in
1859 4049 2128 4101 opuntiorum
2143 4049 2184 4088 et
2192 4047 2478 4098 Megarensium
2501 4044 2718 4095 rebusp.1n
2736 4044 2820 4084 Lau

1604 4117 1763 4156 diorum
1788 4125 1885 4155 vero
1913 4124 1996 4164 rep.
2024 4111 2144 4153 etiam
2174 4110 2487 4151 autochthonem
2513 4106 2715 4159 quendam
2748 4106 2900 4166 ,Lali-J

1605 4179 1917 4228 commemorat,
1945 4177 2108 4228 ejnsque
2138 4186 2160 4215 e
2181 4175 2262 4215 iilia
2291 4175 2476 4226 nepotem
2496 4170 2736 4220 Teleboam‚
2768 4169 2834 4209 hu·
2878 4215 2890 4230 Π
