3016 4628
295 296 384 335 28⁴

289 398 363 450 τῆς
401 410 628 456 σατυρικης
650 394 678 448 ἡ
712 388 956 452 καλουμένη
994 389 1193 446 σίκιννις,
1219 392 1293 445 τῆς
1317 387 1359 434 δὲ
1384 390 1563 449 κομικῆς

289 468 311 510 6
329 462 586 525 καλούμενος
603 461 823 527 κόρδαξ.»

353 540 625 598 Harpocrat.
665 552 712 583 v.
753 533 1097 600 Κορδακισμός;
1123 536 1146 579 6
1178 530 1336 596 κόρδαξ
1369 532 1563 591 κωμικῆς

285 607 501 671 ὀρχήσεώς
531 609 643 654 ἐστιν
678 599 813 666 εἶδος,
837 604 1027 669 καθάπερ
1052 605 1177 669 φησὶν
1211 602 1489 668 Ἀριστόξενος
1520 603 1560 646 ἐν
1598 632 1601 642 ι

284 684 344 727 τῦ
371 679 478 743 Περὶ
499 698 704 743 τραγικης
719 678 949 743 ὀρχήσεως.
966 705 1028 712 -
1049 679 1343 723 Valckenaer.
1367 675 1425 719 ad
1444 677 1560 718 Am-

285 771 413 801 mon.
434 770 483 814 p.
504 753 563 798 83
583 762 627 798 et
647 754 827 800 Fabric.
854 754 974 798 inB.
994 753 1073 797 Gr.
1099 766 1155 794 ex
1172 752 1322 807 Etym.
1343 748 1561 806 supplen-

283 828 396 871 dum
425 834 703 886 putaverunt
726 826 768 870 ἐν
791 827 850 887 τῷ
888 823 928 867 α’
952 840 998 869 π.
1035 839 1102 884 τρ.
1142 822 1176 865 ὂ.
1218 822 1426 865 Fortasse
1462 833 1560 860 non

282 899 429 943 solum
453 898 512 943 de
533 899 701 957 tragica
723 898 988 949 saltatione,
1011 894 1091 938 scd
1118 894 1254 936 etiam
1285 891 1343 934 de
1371 889 1559 947 reliquis

283 971 379 1027 ojus
400 970 644 1030 generibus
677 970 976 1013 Aristoxenus
998 967 1091 1024 egit
1123 964 1287 1007 eodem
1319 964 1367 1005 in
1397 975 1557 1019 opere,

281 1043 409 1100 cujus
426 1042 541 1085 liber
563 1042 738 1100 primus
755 1048 849 1084 erat
867 1038 923 1082 de
944 1038 1179 1080 saltatione
1208 1035 1394 1094 tragica.
1415 1034 1555 1091 Frag-

282 1123 433 1158 menta
462 1128 518 1157 eo
534 1113 811 1172 pertinentia
837 1111 932 1153 haec
955 1116 1056 1152 sunt
1086 1124 1095 1150 ε

878 1220 952 1272 45.

346 1330 719 1383 AthenaeusXIV,
733 1344 782 1387 p.
800 1327 911 1381 630,
926 1328 990 1372 B:
1009 1323 1108 1372 Ἰινὲ
1114 1322 1192 1376 ςδέ
1213 1341 1338 1387 φασι,
1359 1319 1550 1368 Σίκιννόν

277 1418 370 1444 τινα
391 1399 603 1463 βᾶρὸαρον
625 1398 795 1473 εὑρετὴν
815 1399 945 1453 αὐτῆς
962 1416 1053 1455 γενε
1037 1396 1177 1453 σθαι,
1198 1395 1317 1440 ἄλλοι
1339 1393 1382 1439 δὲ
1401 1394 1591 1459 Κρῆτα

275 1470 445 1533 λέγουσι
466 1471 514 1517 τὸ
537 1470 653 1534 γένος
676 1475 782 1517 εἶναι
807 1469 1015 1517 Σίκιννον.
1044 1468 1284 1532 Ὀρχησται
1311 1467 1345 1512 δ’
1371 1467 1407 1511 οἱ
1433 1467 1550 1528 Κρῆ-
1587 1462 1591 1503 ¹¹
1625 1465 1669 1512 δὲ
1708 1485 1781 1511 και
1820 1466 1862 1511 ἐν
1903 1464 2053 1529 Ἰθάκῃ
2092 1465 2289 1511 καλεῖται
2324 1462 2512 1530 ἀλητὴρ,
2539 1466 2598 1518 ὡς
2635 1461 2970 1534 Αριστόξενρςι

1586 1528 1589 1615 i
1623 1540 1780 1600 ἱστορεῖ
1800 1539 1842 1583 ἐν
1867 1536 2024 1602 πρώτω
2045 1537 2336 1600 Συγκρίσεων.
2944 1531 2947 1534 ⁴

276 1562 368 1599 τες,
395 1542 450 1596 ὥς
474 1561 599 1606 φησιν
618 1541 912 1606 Ἀριστόξενος.

340 1757 466 1801 Idem
480 1758 589 1801 xlv
594 1773 665 1815 ,p
678 1756 786 1811 630,
806 1758 866 1801 E:
884 1751 1069 1815 Ἀριστόξ
1072 1750 1219 1804 ενοςδέ
1232 1768 1334 1815 ,ρησι
1347 1768 1423 1806 την
1439 1768 1544 1813 πυρ-

275 1828 397 1889 ρίγην
423 1828 507 1873 ἀπὸ
544 1828 788 1890 Πυρρίχου,
817 1826 1016 1877 Λάκωνος
1039 1825 1085 1870 τὸ
1106 1843 1152 1884 γε
1135 1823 1220 1876 ζςνο
1232 1821 1345 1884 ,τὴν
1379 1840 1545 1885 προση-

272 1898 416 1962 γορίαν
439 1899 607 1944 λαὸεἷν·
628 1898 876 1945 Λακωνικὸν
896 1898 931 1943 δ’
952 1901 1057 1943 εἰναι
1074 1896 1200 1959 μέγρι
1222 1914 1295 1941 και
1316 1899 1386 1940 νῦν
1406 1893 1541 1955 ὄνομα

271 1972 342 2015 τὸν
372 1971 599 2033 Πύρριχον.
626 1970 874 2034 Ἐμφανίζει
901 1970 934 2015 δ’
961 1973 986 2025 ἡ
1007 1968 1180 2032 ὄρχησις
1201 1965 1412 2027 πολεμικὴ
1436 1961 1542 2013 οῧσα

269 2061 325 2094 ως
349 2040 685 2103 Λακεδαιμονίου
709 2041 757 2087 τὸ
781 2040 962 2104 εὕρημα.

865 2147 940 2196 [³7-

333 2251 460 2293 Idem
485 2250 610 2304 XIV,
629 2265 677 2308 p.
698 2247 809 2304 631,
832 2249 865 2293 C
890 2264 900 2292 ε
924 2244 1204 2310 Ἀριστόξενος
1232 2244 1277 2291 δέ
1301 2263 1427 2309 φησιν
1444 2281 1457 2306 ,
1484 2249 1541 2299 ὡς

264 2325 301 2367 οἱ
319 2320 492 2366 παλαιοὶ
512 2319 819 2382 γυμναζόμενοι
837 2322 1003 2382 πρῶτον
1024 2321 1066 2366 ἐν
1083 2322 1134 2381 τῇ
1149 2318 1464 2382 γυμνοπαιδικῇ
1483 2320 1541 2372 εἷς

265 2394 339 2449 τὴν
365 2393 574 2455 πυρρίχην
595 2391 778 2455 ἐχώρουν
798 2391 881 2455 πρὸ
900 2396 973 2438 τοῦ
995 2392 1168 2439 εἰσιέναι
1192 2393 1248 2445 εἷς
1270 2391 1318 2438 τὸ
1342 2391 1534 2458 θέατρον.

262 2468 328 2513 Cf.
354 2482 402 2525 p.
430 2466 547 2522 630,
569 2468 628 2523 Ε,
652 2465 762 2522 631,
786 2467 838 2512 B.

329 2650 456 2693 Idem
479 2651 517 2703 I,
538 2665 585 2708 p.
616 2665 688 2709 19,
710 2652 744 2695 F
765 2665 776 2695 τ
806 2648 984 2702 Εὔδικος
1005 2649 1040 2695 δ’
1063 2651 1084 2694 6
1107 2647 1389 2712 γελωτοποιὸς
1411 2651 1538 2708 ηὗδο-

267 2720 382 2779 κίμει
425 2719 679 2781 μιμούμενος
713 2719 952 2774 παλαιστὰς
982 2720 1055 2767 καὶ
1093 2721 1283 2779 πύκτας,
1316 2719 1372 2774 ὥς
1409 2740 1538 2786 φησιν

270 2789 559 2852 Ἀριστόξενος.
601 2791 800 2855 Στράτων
846 2793 882 2838 δ’
921 2796 942 2839 6
975 2795 1238 2856 Ταραντῖνος
1276 2794 1538 2853 ἐθαυμάζετο

267 2862 361 2915 τοὺς
398 2861 675 2925 διθυράμῧους
716 2863 994 2924 μιμούμενος·
1030 2864 1104 2918 τὰς
1131 2864 1175 2911 δὲ
1212 2865 1470 2930 κιθαρῳδίας
1501 2869 1539 2913 οἱ

269 2934 363 2997 περὶ
392 2934 461 2980 τὸν
486 2933 527 2988 ἐξ
552 2933 737 2988 Ἰταλίας
758 2937 971 2983 Οἷνωνᾶν·
1002 2936 1044 2990 ὃς
1067 2937 1140 2984 καὶ
1166 2937 1391 2984 Κύκλωπα
1412 2937 1536 2994 εἰσή-

260 3071 476 3110 saltatiouis
505 3083 594 3121 quae
621 3074 833 3112 vocabatur
862 3076 1064 3124 emmelia,
1093 3076 1206 3114 sicuti
1225 3076 1344 3115 etiam
1363 3077 1532 3126 satyrica

262 3146 353 3183 quae
373 3135 552 3184 sicinnis,
573 3135 718 3174 comica
738 3147 828 3175 vero
843 3149 933 3187 quae
953 3139 1100 3177 cordax
1118 3139 1402 3189 appellabatur.

856 3215 927 3254 45.

313 3276 477 3315 Sicinnis
493 3276 651 3317 inventa
667 3281 723 3317 est
744 3290 765 3317 a
782 3280 936 3319 Sicinno
956 3281 1120 3320 barbaro
1135 3313 1145 3330 ‚
1163 3283 1249 3331 vel,
1267 3283 1324 3322 uti
1341 3282 1428 3321 aliis
1448 3283 1532 3332 pla-

262 3342 347 3388 cet,
389 3341 595 3389 Cretense;
630 3342 832 3381 saltatores
865 3346 968 3382 enim
1006 3348 1098 3384 sunt
1135 3348 1363 3394 Cretenses,
1399 3347 1445 3385 ut
1479 3346 1535 3385 ait

264 3403 527 3442 Aristoxenus.

860 3463 930 3502 46.

316 3524 568 3563 Aristoxenus
583 3523 675 3563 dicit
705 3527 934 3575 pyrrliichen
960 3531 1200 3570 nominatam
1216 3542 1298 3571 esse
1324 3543 1347 3570 a
1371 3532 1533 3582 Pyrrhi-

263 3589 361 3637 cho,
382 3588 539 3627 natione
559 3590 850 3630 Lacedaemonio
863 3623 873 3641 ,
890 3595 1007 3642 atque
1026 3595 1142 3633 etiam
1171 3606 1277 3634 nunc
1293 3607 1437 3636 nomen
1455 3599 1531 3636 La-

262 3653 446 3692 conicum
462 3664 544 3692 esse
562 3649 829 3703 Pyr'rhietium.
849 3659 948 3696 Sane
963 3669 1082 3707 quum
1100 3661 1277 3699 militaris
1293 3662 1342 3700 sit
1358 3672 1404 3700 ea
1419 3663 1532 3701 salta-

264 3716 336 3759 tio,
353 3716 434 3766 §am
453 3716 543 3756 liinc
555 3727 637 3756 esse
649 3721 807 3767 apparet
827 3720 1107 3760 Lacedaemonii
1121 3723 1287 3763 hominis
1307 3724 1529 3764 inventum.

864 3789 933 3827 47.
1170 3771 1181 3783 '

315 3851 569 3890 Aristoxenus
587 3851 722 3890 scribit
737 3854 917 3902 antiquos
933 3855 1164 3894 exercitatos
1181 3857 1218 3895 in
1239 3860 1530 3909 gymnopaedice

261 3913 308 3950 ειιΙ
334 3913 568 3964 pyrrliichen
585 3916 747 3955 transire
762 3917 895 3956 solitos
914 3919 1137 3968 priusquam
1158 3920 1195 3959 in
1216 3922 1414 3962 theatrum
1437 3936 1529 3974 pro-

261 3979 400 4018 «tironi.

862 4035 932 4075 48.

316 4098 481 4138 finiuit-us
496 4110 630 4139 scurra
659 4100 787 4140 clarus
803 4102 897 4150 suit,
917 4113 963 4141 eo
993 4103 1123 4152 quod,
1150 4104 1325 4145 Ariston
1328 4119 1378 4146 no
1407 4110 1530 4158 teste,

263 4161 408 4209 pugiles
441 4163 751 4214 luctatoresque,
792 4157 922 4204 Strato
955 4178 1046 4204 vero
1076 4170 1323 4218 Tarentinus,
1357 4182 1402 4209 eo
1426 4140 1547 4222 qumi

263 4224 528 4264 ιΙίΙΙιιτίιιιΙωε
558 4227 761 4267 antatium·
794 4229 1025 4278 imitaretur,
1058 4230 1169 4269 sicuti
1201 4232 1361 4271 eithara
1396 4237 1532 4276 modos

1234 278 1610 329 ARISTOXENI
1647 239 1987 326 TARENTm'l
1985 289 1992 297 ·

1603 2725 1707 2768 -sius
1726 2734 1771 2768 et
1793 2721 1818 2768 J
1824 2722 1996 2770 onsiu's.
2024 2727 2110 2770 Ille
2137 2726 2151 2785 (
2174 2730 2282 2771 Var.
2317 2729 2452 2772 Lect.
2479 2727 2501 2770 I
2520 2759 2532 2781 ‚
2558 2739 2609 2785 p.
2635 2723 2725 2785 39)
2748 2724 2919 2782 exista.

1559 3137 1562 3141 ’
1609 3143 1759 3182 tantem
1776 3144 1816 3181 et
1828 3143 2062 3194 nausiagum
2078 3143 2259 3193 Ulyssem
2271 3143 2415 3182 soloeee
2427 3142 2656 3192 loquentem
2668 3140 2904 3219 introduxit.

1637 404 1743 448 γαγε
1766 383 2027 447 τερετίζοντα
2053 379 2125 426 καὶ
2159 378 2344 441 ναυαγὸν
2366 378 2584 426 Ὀδυσσεα
2608 378 2931 452 σολοικίζοντος,
2970 376 2985 424 ².

1636 461 1693 510 ὡς
1711 460 1733 503 6
1759 455 1883 507 αὐτὸς
1902 454 2022 518 φησί.

2242 550 2316 604 49.
2903 536 2923 550 “
2968 526 2970 530 ’

1700 648 1886 699 IdemI,
1899 661 1948 703 p.
1971 660 2047 697 22,
2061 645 2127 688 B:
2145 639 2379 703 Ορχήσεις
2398 638 2752 688 δὲέθνικαὶαῖδε·
2741 648 2916 691 ·Λακω·
2959 651 2967 702 ,J

1633 737 1747 764 νικαι
1759 712 2125 779 ,Ἰροιζηνικαι,’
2130 710 2433 778 Επιζεφύριοι,
2454 711 2698 776 Κρητικαι,
2714 712 2946 772 Ἰωνικαὶ,

1633 786 1952 844 Μαντινιακαι,
1988 784 2036 838 ἃς
2070 783 2292 849 προκρίνει
2322 783 2603 849 Ἀριστόξενος
2635 783 2708 838 διὰ,
2733 783 2821 853 ’τὴνΙ
2828 788 2921 851 τῶν

1630 863 1785 925 χειρῶν
1803 858 1985 916 κίνησιν.
2967 867 2974 880 ²

2075 955 2474 1003 ΣΥΓΚΡΙΣΕΙΣ.
2521 973 2526 980 ’

2140 1063 2322 1107 LIBER
2363 1064 2403 1108 I.

2231 1155 2312 1204 50.
2361 1195 2366 1202 .

1693 1250 1824 1294 idem
1837 1251 1963 1305 xw,
1978 1265 2026 1308 p.
2048 1248 2107 1293 63
2121 1265 2160 1305 1,
2175 1250 2212 1293 E
2230 1263 2241 1294 :
2266 1245 2323 1294 ‘o
2348 1245 2426 1308 μὲν
2440 1244 2596 1312 κόρδαξ
2609 1247 2713 1310 παρ’
2725 1238 2922 1306 Ἕλλησι

1627 1320 1820 1385 φορτικὸς
1832 1359 1845 1382 ,
1858 1324 1885 1377 ἡ
1901 1321 1936 1366 δ’
1962 1321 2172 1382 ἐμμέλεια
2187 1318 2399 1366 σπουδαία
2413 1356 2426 1378 ,
2444 1318 2641 1384 καθάπερ
2657 1317 2731 1365 καὶ
2753 1319 2782 1377 ἦ
2797 1317 2921 1388 παρᾲ

1625 1393 1803 1458 Αρκάσι
1822 1391 2009 1456 κίδαρις,
2033 1391 2152 1457 παρὰ
2164 1391 2414 1446 Σικυωνίοις
2442 1410 2489 1438 τε
2512 1393 2535 1438 6
2561 1388 2743 1458 ἀλητήρ
2760 1389 2920 1448 Οὕτως

1687 1613 1752 1656 Ut
1776 1611 1833 1655 de
1858 1621 1901 1655 t1
1903 1627 2041 1671 afficis
2063 1612 2245 1671 scripsit
2267 1612 2594 1671 Aristoxenus,
2613 1611 2678 1656 sic
2697 1611 2836 1657 etiam
2855 1610 2945 1671 d'eg

1622 1685 1913 1742 reliquorum
1931 1693 2181 1742 poetarum
2204 1692 2250 1727 et
2273 1683 2558 1727 musicorum
2567 1683 2672 1728 vitis
2694 1697 2918 1749 operum-

1623 1771 1713 1815 que
1728 1758 1909 1800 ratione
1927 1756 2239 1815 peculiaribus
2247 1757 2428 1816 scriptis
2439 1756 2701 1816 exposuisse
2713 1755 2914 1815 videtur.

1620 1830 1725 1873 Huc
1755 1828 1932 1872 referre
1956 1829 2064 1872 licet
2086 1828 2341 1887 sequentia.
2366 1829 2659 1887 Quamquam
2681 1820 2929 1883 neminem.

1619 1901 1737 1961 fugit
1764 1901 1822 1945 de
1839 1896 2003 1945 iisdem
2026 1901 2165 1944 rebus
2185 1900 2453 1965 disputandi
2480 1901 2770 1946 occasionem
2790 1914 2938 1960 pra-2·-

1618 1974 1730 2018 bere
1751 1975 1955 2033 potuisse
1973 1973 2119 2018 libros
2138 1975 2210 2021 De
2225 1967 2417 2028 musica.

2226 2082 2252 2128 5
2263 2100 2281 2127 1
2292 2119 2303 2129 .

1990 2188 2512 2238 ΠΡΑΞῘΔΑΜΑΝΤΙΑ
2523 2224 2534 2234 .

1684 2291 2000 2350 Harpocratio
2038 2307 2085 2335 v.
2126 2291 2349 2341 Μουσαῖος
2391 2306 2402 2334 z
2448 2287 2560 2352 Περὶ
2605 2285 2651 2334 δὲ
2688 2285 2953 2337 Μουσαίου»

1618 2359 1901 2426 Ἀριστόξενος
1940 2364 1981 2408 ἐν
2023 2368 2109 2415 τοῖς
2145 2359 2535 2436 Πραξιδαμαντίοις
2577 2378 2736 2425 φησιν,
2766 2355 2833 2407 ὅτι
2868 2357 2947 2411 οἱ

1619 2432 1700 2496 μὲν
1724 2436 1773 2480 ἐκ
1796 2433 1975 2500 Θράκης
2007 2434 2207 2500 εἰρήκασι
2239 2434 2311 2481 τὸν
2319 2433 2474 2499 ἄνδρα
2495 2437 2632 2492 εἶναι,
2651 2435 2690 2480 οἱ
2714 2430 2759 2480 δ..
2777 2432 2922 2481 αὗτό-
2930 2437 2950 2474 ἕ

1617 2511 1750 2597 χθρνα
1775 2506 1816 2561 ἐξ
1842 2507 2104 2562 Ἐλευσῖνος.
2132 2506 2351 2572 Εἷρήκασι
2381 2505 2426 2554 δὲ
2449 2504 2550 2571 περὶ
2572 2507 2704 2554 αὐτου
2722 2504 2844 2593 ἄλλοι
2862 2511 2953 2558 ’τε-ῥ’
2940 2541 2962 2582 3

1617 2599 1690 2626 και
1709 2581 1745 2627 Γ
1747 2581 1919 2631 λαυκον·
2798 2594 2801 2598 ’
2937 2595 2945 2603 ’

1684 2672 1702 2692 α
1726 2655 1796 2697 De
1821 2663 2094 2713 argumento
2115 2653 2253 2712 hujus
2267 2655 2424 2714 operis
2446 2651 2722 2697 dissentiunt
2738 2653 2909 2698 Reiue-
2943 2659 2947 2661 ’

1613 2806 1709 2840 mat
1735 2797 1931 2842 Praxida
1940 2807 2144 2842 mantem
2162 2798 2297 2843 fuisse
2319 2798 2592 2857 Pythagorae
2615 2797 2908 2854 sectatorem,

1614 2869 1699 2930 ubi
1711 2870 1797 2912 ait:
1815 2890 1833 2909 «
1850 2871 2250 2914 Praxidamantta
2258 2867 2524 2914 Aristoxeni
2538 2868 2907 2928 interpretor-‘hi-

1621 2942 1812 2985 storiam
1834 2943 1941 2985 vitae
1964 2957 2218 3001 rerumque
2235 2941 2616 2996 Praxfflamanfis,
2629 2941 2909 3000 particulam

1612 3055 1950 3126 OEnonasltalus,
1967 3079 2191 3129 quietim,
2206 3078 2368 3118 utidem
2381 3078 2538 3127 scribit,
2552 3077 2766 3128 cyclopem
2782 3077 2905 3119 canti·

2218 3211 2293 3252 49.

1662 3279 1850 3319 Gentium
1881 3280 2098 3330 peculiares
2135 3280 2365 3320 saltationes
2406 3279 2470 3319 hae
2495 3279 2648 3319 sunt.
2637 3278 2901 3330 ·Ι·Δοοιὶοᾱέ,

1609 3343 1873 3382 'froezeniaeae
1885 3344 2217 3394 ,Epizepliyrieae,
2238 3345 2460 3390 Cretenses,
2482 3342 2650 3401 lonieoe,
2658 3341 2902 3387 Manum*

1607 3418 1671 3447 ses
1681 3438 1693 3458 ‚
1714 3419 1813 3459 quas
1828 3409 1880 3448 ob
1895 3405 2089 3448 manuum
2105 3411 2238 3459 gestus
2253 3408 2513 3449 Aristoxenus
2523 3406 2711 3448 omnihus
2724 3407 2898 3459 premi.

1920 3542 1924 3545 .
1977 3494 2577 3549 (ΣΟΜΡΑΒΑῘΙῚΟΝΕὸ,ι

2218 3592 2291 3632 50.
2852 3627 2858 3631 .

1659 3660 1772 3710 Apud
1798 3663 1962 3701 Groecos
1980 3659 2130 3700 eordax
2145 3669 2287 3710 parum
2304 3658 2471 3699 decorus
2485 3657 2584 3708 fuit,
2600 3631 2784 3710 emmelin
2818 3659 2838 3708 ’χ
2867 3673 2890 3713 ¹‚-

1607 3725 1771 3765 honesta
1786 3727 1826 3765 et
1837 3725 2004 3765 decora.
2023 3724 2147 3764 veluti
2163 3723 2268 3774 apud
2286 3721 2456 3763 Arcades
2467 3686 2609 3763 cidaris
2618 3707 2747 3773 ,apud
2761 3718 2878 3782 Sicyo

1606 3790 1692 3830 nios
1709 3791 1845 3840 aleter,
1861 3801 1980 3842 quem
1998 3790 2054 3830 sie
2069 3789 2270 3840 appellant
2291 3787 2413 3829 etiam
2430 3786 2676 3837 ithacenses,
2703 3788 2750 3828 ut
2768 3804 2775 3822 c
2792 3806 2800 3821 υ
2839 3806 2858 3823 a
2887 3833 2893 3840 ι

1606 3857 1866 3896 Aristoxenus
1883 3855 1987 3910 libro
1999 3855 2127 3906 primo
2143 3853 2523 3911 Comparationum.

1978 3940 2533 3998 PRAXlDAMANTIA.

2213 4036 2285 4077 51.
2853 4068 2857 4069 γ

1658 4110 1716 4147 De
1737 4109 1887 4148 Musaeo
1907 4104 1963 4144 ait
1982 4104 2242 4144 Aristoxenus
2261 4103 2301 4142 in
2323 4099 2655 4142 Praxidamantiis
2672 4086 2869 4159 esse'qu&

1605 4173 1699 4212 (lam
1717 4172 1786 4223 qui
1812 4171 1990 4210 dicerent
2019 4180 2111 4209 eum
2137 4169 2230 4208 Thr
2229 4179 2353 4217 icem
2377 4166 2570 4236 quosdam
2594 4173 2688 4204 vero
2713 4170 2806 4203 eum

1605 4236 1788 4286 digenam
1811 4231 2052 4275 Eleusinium
2070 4243 2168 4272 esse.
2830 4228 2836 4243 '
2863 4229 2865 4232 '
