3016 4628
296 320 385 361 ³5⁴

906 432 952 462 2.

666 509 704 557 E
738 513 922 558 LIBRO
957 511 1196 557 TERTIO.

360 603 628 652 Plutarchus
642 607 736 651 Vit.
771 607 837 666 X,
863 607 992 651 Orat.
1015 618 1063 664 p.
1091 603 1201 662 849,
1224 603 1258 647 C
1283 599 1341 646 de
1365 601 1571 661 Hyperi-

289 679 359 724 dis
382 681 485 723 vitae
503 677 595 724 fine
616 687 862 738 postquam
885 676 1128 735 Hermippi
1150 675 1462 718 narrationem
1481 685 1568 731 ap-

288 760 528 811 posuerat,
546 751 701 811 pergit
727 765 738 794 :
758 749 816 796 Οἱ
834 748 870 794 δ’
893 748 936 794 ἐν
956 745 1176 797 Κλεωναῖς
1200 746 1424 790 ἀποθανεῖν
1444 740 1571 788 αὐτὸν

287 821 484 885 λέγουσιν
503 820 750 885 ἀπαχθέντα
773 818 882 879 μετὰ
909 821 994 866 τῶν
1024 817 1192 875 ἄλλων,
1210 815 1316 862 ὅπου
1332 817 1570 876 γλωττοτο-

291 898 480 956 μηθῆναι
516 892 592 941 καὶ
621 894 905 958 διαφθαρῆναι
930 889 975 937 ὃν
1006 888 1258 954 προείρηται
1277 887 1456 949 τρόπον,
1476 884 1572 939 τοὺς

291 969 330 1015 δ’
345 965 523 1020 οἰκείους
539 964 595 1014 τὰ
615 967 721 1013 ὀστᾶ
743 963 954 1016 λαὸόντας
971 962 1104 1026 θάψαι
1121 979 1169 1023 γε
1191 959 1282 1022 ἅμα
1300 959 1386 1013 τοῖς
1401 962 1571 1022 γονεῦσι

287 1038 371 1104 πρὸ
399 1030 484 1086 τῶν
515 1037 732 1086 Ἱππάδων
756 1037 925 1093 πυλῶν,
960 1033 1016 1087 ὥς
1039 1051 1144 1099 φησι
1182 1032 1394 1096 Διόδωρος
1425 1032 1468 1077 ἐν
1507 1033 1570 1096 τῷ

287 1111 326 1173 γ’
355 1109 463 1174 Περὶ
495 1108 748 1172 μνημάτων.
777 1106 883 1157 Νυνὶ
916 1105 959 1154 δὲ
991 1103 1325 1169 κατερήρειπται
1343 1102 1391 1149 τὸ
1417 1105 1569 1165 μνῆμα

287 1182 361 1231 καί
385 1184 497 1229 ἐστιν
516 1180 685 1238 ἄδηλον.

353 1254 431 1317 γε]
451 1275 470 1293 κ
486 1271 531 1300 τε
547 1270 622 1314 vg.
637 1288 649 1311 ,
666 1252 794 1312 quod
810 1260 887 1297 aut
904 1249 1152 1296 delendum
1170 1283 1181 1304 ‚
1208 1258 1286 1293 aut
1305 1257 1410 1293 ante
1435 1245 1569 1311 θάψαι

287 1327 554 1372 addendum
574 1323 748 1385 κομίσαι
761 1324 817 1376 εἷς
833 1319 1008 1378 Ἀθήνας
1019 1323 1193 1366 censuit
1204 1320 1431 1366 Frankius
1445 1322 1566 1368 Ann.

285 1401 400 1460 phil.
428 1414 480 1442 12
496 1433 507 1454 ,
530 1414 575 1458 p.
602 1398 710 1442 231.
741 1418 759 1435 »
792 1397 1129 1442 Westermann.
1146 1394 1196 1437 in
1212 1394 1358 1455 Βιογρ.
1378 1409 1428 1452 p.
1453 1392 1564 1437 313.

286 1467 606 1532 -Διόδωρος]
642 1468 890 1516 Ruhnken.
926 1469 1044 1514 Hist.
1070 1467 1169 1510 crit.
1194 1481 1267 1511 or.
1304 1480 1355 1524 p.
1386 1463 1446 1508 86
1477 1480 1566 1532 pro

286 1544 412 1604 vulg.
455 1540 725 1606 Ἡλιόδωρος.
762 1567 827 1576 -
865 1543 974 1599 Quae
1008 1547 1267 1599 sequuntur
1306 1537 1565 1598 fragmenta

287 1614 454 1676 (3-5)·
492 1631 546 1660 ex
567 1613 731 1660 eodem
760 1611 868 1678 Περὶ
889 1609 1124 1674 μνημάτων
1150 1626 1293 1671 opere
1311 1611 1455 1670 petita
1474 1623 1568 1654 esse

286 1702 465 1732 censeo,
1523 1697 1548 1713 ς

899 1779 944 1825 3.

351 1868 585 1912 Plutarch.
610 1867 742 1914 Thes.
772 1883 811 1911 c.
847 1865 905 1910 36
935 1883 945 1910 ε
972 1862 1140 1911 Θυσίαν
1166 1861 1211 1910 δὲ
1232 1866 1426 1909 ποιοῦσιν
1450 1862 1567 1923 αὐτῷ

284 1942 345 2002 τῷ
359 1938 519 2000 Θησεῖ)
544 1938 618 1994 τὴν
638 1936 840 2000 μεγίστην
863 1935 988 2000 ὀγδόῃ
1006 1937 1326 2001 Πυανεψιῶνος,
1352 1927 1438 1998 ἕνῇ
1458 1932 1568 1996 μετὰ

283 2013 367 2056 τῶν
398 2010 547 2066 ἠιθέων
580 2010 627 2055 ἐκ
652 2008 826 2073 Κρήτης
858 2010 1108 2066 ἐπανῆλθεν.
1145 2009 1212 2056 Οὐ
1238 2006 1324 2069 μὴν
1355 2008 1469 2054 ἀλλὰ
1492 2005 1568 2054 καὶ

281 2089 373 2135 ταῖς
397 2081 545 2135 ἄλλαις
568 2080 733 2144 ὀγδόαις
760 2083 940 2144 τιμῶσιν
967 2080 1117 2138 αὐτὸν,
1145 2078 1173 2138 ἢ
1211 2079 1282 2127 διὰ
1313 2079 1362 2127 τὸ
1397 2082 1568 2144 πρῶτον

282 2154 330 2200 ἐκ
350 2156 578 2217 Τροιζῆνος
598 2153 822 2219 ἀφικέσθαι
847 2157 899 2216 τῇ
918 2152 1045 2218 ὀγδόῃ
1066 2157 1140 2200 τοῦ
1161 2151 1567 2214 εΕκατομὸαιῶνος,

282 2229 339 2279 ὡς
362 2225 556 2290 ἱστόρηκε
580 2226 789 2290 Διόδωρος
809 2228 830 2272 ὁ
853 2225 1138 2291 περιηγητής·
1158 2224 1187 2284 ἢ
1211 2224 1453 2287 νομίζοντες
1477 2223 1570 2271 ἑτέ-

283 2317 354 2362 ρου
376 2300 539 2361 μᾶλλον
558 2296 704 2363 ἐκείνῳ
723 2297 954 2366 προσήκειν
985 2297 1058 2345 τὸν
1084 2297 1265 2364 ἀριθμὸν
1287 2301 1436 2344 τοῦτον
1465 2298 1563 2344 κτλ.

895 2392 939 2440 [ι.

347 2474 576 2520 Plutarch.
598 2475 780 2519 Cimon.
820 2490 861 2519 c.
899 2473 955 2518 16
981 2488 992 2521 ε
1019 2463 1110 2520 ⁶''Hv
1134 2471 1211 2534 μὲν
1235 2463 1307 2519 οὐν
1333 2472 1412 2517 ἀπ’
1433 2472 1570 2535 ἀρχῆς

283 2542 521 2608 φιλολάκων
535 2562 544 2571 ·
561 2542 636 2590 καὶ
656 2546 740 2591 τῶν
761 2562 809 2607 γε
829 2543 994 2591 παίδων
1013 2545 1097 2590 τῶν
1116 2541 1305 2605 διδύμων
1333 2541 1405 2590 τὸν
1424 2540 1569 2606 ἕτερον

287 2614 620 2676 Λακεδαιμόνιον
643 2616 864 2679 ὠνόμασε,
881 2616 952 2664 τὸν
971 2617 1008 2663 δ’
1027 2614 1167 2682 ἕτερον
1195 2615 1368 2663 Ἠλεῖον
1383 2652 1396 2676 .,
1417 2616 1466 2661 ἐκ
1489 2634 1566 2678 γυ·

285 2687 425 2740 ναικὸς
445 2688 561 2752 αὐτῷ
588 2688 839 2751 Κλειτορίας
864 2687 1136 2753 γενομένους,
1161 2690 1218 2742 ὡς
1241 2686 1572 2753 Στησίμὸροτος

285 2761 462 2823 ἱστορεῖ·
490 2759 552 2806 διὸ
570 2761 775 2815 πολλάκις
790 2762 861 2810 τὸν
879 2761 1097 2827 Περικλέα
1124 2760 1173 2811 τὸ
1199 2763 1399 2826 μητρῷον
1428 2761 1572 2814 αὐτοῖς

287 2829 404 2892 γένος
428 2831 652 2887 ὀνειδίζειν.
675 2833 884 2900 Διόδωρος
901 2835 938 2882 δ’
957 2837 979 2882 ὃ
996 2833 1274 2900 Περιηγητὴς
1297 2834 1373 2882 καὶ
1397 2832 1571 2886 τούτους

289 2901 393 2965 φησὶ
417 2902 488 2949 καὶ
518 2903 587 2950 τὸν
622 2905 759 2968 τρίτον
789 2909 872 2954 τῶν
912 2906 1110 2970 Κίμωνος
1133 2909 1235 2954 υἱῶν
1269 2906 1498 2955 Θεσσαλὸν
1529 2904 1572 2961 ἐξ

291 2974 496 3032 Ἰσοδίκης
511 2979 723 3039 γεγονέναι
738 2983 814 3037 τ’ἧς
831 2979 1160 3043 Εὐρυπτολέμου
1177 2984 1253 3026 τοῦ
1275 2977 1570 3042 Μεγακλέους.

358 3047 461 3092 llaec
476 3064 531 3093 eo
547 3051 651 3095 loco
661 3053 897 3099 Diodorus
909 3056 1174 3115 exposuerit
1185 3090 1198 3111 ,
1214 3071 1310 3115 quo
1335 3055 1394 3099 de
1417 3055 1571 3115 Κιμω-

901 3195 944 3235 2.

647 3275 686 3321 E
722 3276 908 3325 LlBRO
941 3279 1188 3328 TERTIO.

345 3358 416 3400 Alii
427 3360 529 3411 apud
542 3363 705 3404 Cleonas
716 3368 945 3417 Hyperidem
955 3370 1078 3418 aiunt,
1092 3382 1138 3411 eo
1146 3382 1237 3411 cum
1248 3372 1333 3411 aliis
1342 3371 1574 3420 abductum,

295 3424 425 3475 lingua
439 3427 661 3466 truncatum
673 3430 841 3481 periisse,
851 3443 896 3471 eo
905 3443 984 3482 quo
999 3433 1150 3474 dictum
1163 3435 1222 3475 est
1231 3435 1349 3475 modo
1364 3447 1374 3474 z
1390 3436 1576 3486 cognatos

294 3488 426 3526 mitem
457 3499 542 3527 ossa
569 3490 793 3539 abstulisse,
821 3497 939 3544 atque
965 3497 1188 3538 humavisse
1215 3498 1331 3548 Juxta
1364 3501 1573 3550 parentum

297 3550 503 3601 reliquias,
524 3555 615 3593 ante
630 3557 781 3605 portam
811 3558 1026 3609 Hippadem
1053 3560 1135 3602 sive
1161 3564 1384 3613 equestrem
1405 3565 1575 3604 :auctor

297 3614 493 3655 Diodorus
523 3615 622 3657 libro
643 3621 700 3658 De
718 3622 981 3663 monumentis
1000 3625 1130 3664 tertio.

903 3690 945 3730 3.

346 3750 509 3787 Sacrum
539 3750 760 3792 maximum
785 3754 923 3795 Thesei
957 3758 1143 3799 exhibent
1161 3748 1302 3801 octavo
1336 3762 1400 3802 die
1430 3762 1576 3803 mensis

297 3812 595 3863 Pyanepsionis,
613 3825 692 3863 quo
711 3826 761 3856 ex
777 3819 894 3858 Creta
917 3820 1030 3861 rediit
1054 3834 1145 3863 eum
1165 3824 1447 3875 impuberibus.
1466 3828 1576 3868 Atta—

296 3885 386 3913 men
414 3875 583 3916 aliorum
614 3878 734 3918 etiam
764 3882 958 3923 niensium
992 3886 1132 3925 octavo
1153 3899 1312 3939 quoque
1341 3889 1405 3929 die
1439 3890 1578 3930 colunt

295 3948 409 3986 eum;
431 3938 492 3977 vel
510 3939 616 3989 quod
636 3941 806 3991 primum
833 3955 881 3984 ex
902 3948 1088 3988 Troezene
1106 3952 1246 3990 octavo
1278 3954 1576 3994 Hecatombaeo-

296 4001 377 4050 nis,
396 4003 440 4040 ut
457 4004 656 4043 memorias
674 4006 833 4047 tradidit
861 4009 1054 4052 Diodorus
1075 4014 1308 4064 Periegetes,
1336 4018 1576 4068 appulisset,

295 4065 355 4103 vel
379 4064 485 4115 quod
508 4066 556 4104 ad
581 4067 691 4108 illum
722 4071 918 4122 proecipue
949 4076 1157 4116 convenire
1177 4078 1444 4121 existimarent
1467 4083 1576 4123 huno

297 4137 517 4167 numerum.

360 4248 370 4254 .
903 4206 946 4245 4.

348 4261 437 4300 Fuit
454 4262 590 4303 Cimon
607 4266 686 4315 jam
703 4267 792 4307 inde
807 4268 858 4307 al)
883 4270 992 4310 initio
1015 4273 1398 4317 Lacedaemoniorum
1426 4281 1575 4320 studio-

1238 305 1554 356 DIODORUS
1590 306 1966 357 PERIEGETA.

1652 413 1773 468 νείοις
1798 414 2019 477 μνήμασιν
2035 416 2093 460 ad
2111 417 2300 461 Meliten
2323 425 2510 476 portam
2531 417 2624 462 sitis
2643 433 2795 464 sermo
2811 421 2931 469 erat.

2190 524 2192 526 .
2276 509 2322 557 5·
2958 565 2963 568 Ι

1716 593 1961 638 Athenaeus
1983 594 2117 652 XIII,
2131 609 2182 653 p.
2202 591 2310 654 591,
2335 596 2406 638 D:
2431 591 2750 658 Ἀριστογείτων
2763 596 2800 644 δ’
2822 597 2867 645 ἐν
2881 600 2947 665 τῷ
2974 631 2978 633 -

1653 661 1778 711 Κατὰ
1796 660 1972 728 Φρύνης
1994 661 2043 710 τὸ
2063 661 2207 727 κύριον
2227 664 2359 722 αὐτῆς
2375 682 2504 728 φησιν
2526 657 2635 713 εἶναι
2652 665 2792 731 ὄνομα
2814 670 2942 727 Μνη-
2987 708 2989 710 -

1650 733 1849 798 σαρέτην.
1867 736 1964 784 οὐκ
1983 736 2124 797 ἀγνοῶ
2140 734 2185 782 δὲ
2213 735 2279 782 ὅτι
2294 735 2366 784 τὸν
2401 737 2742 804 ἐπιγραφόμενον
2761 739 2947 789 κατάὐ-
2967 786 2973 791 .

1647 810 1723 864 τῆς
1751 806 1907 883 Εὐθίου
1927 807 2052 870 λόγον
2077 806 2290 873 Διόδωρος
2316 811 2340 855 ὃ
2363 809 2630 876 περιηγητὴς
2649 810 2950 879 Ἀναξιμένους
2970 832 2971 835 ’

1648 879 1775 945 φησὶν
1795 884 1918 927 εἶναι.
1945 883 2000 927 V.
2024 883 2369 939 Westermann.
2394 885 2560 932 Gesch.
2581 887 2631 931 d.
2653 902 2724 947 gr.
2747 889 2946 934 Beredr.

1650 951 1707 1007 54
1723 988 1736 1010 ,
1759 952 1837 1001 35.
1855 956 1927 999 De
1946 955 2141 1015 Phrynae
2161 966 2469 1003 monumento
2492 958 2599 1003 satis
2613 966 2810 1005 constat.
2848 1008 2854 1027 L

1995 1062 2148 1111 ΠΕΡΙ
2183 1060 2310 1112 ΤΩΝ
2354 1065 2592 1118 ΔΗΜΩΝ.

2099 1169 2152 1218 α’.
2192 1170 2492 1237 Ἐρεχθηίς.

2271 1274 2319 1319 6.

1711 1380 2022 1442 Harpocratio
2047 1396 2060 1427 :
2090 1381 2343 1448 Εὐωνυμεῒς
2433 1382 2568 1446 δῆμός
2594 1384 2687 1431 ἐστι
2711 1387 2789 1444 τῆς
2811 1383 2945 1452 'Epa-³
2964 1382 2970 1410 ³

1643 1451 1848 1517 χθηίδος,
1875 1451 1932 1506 ὥς
1961 1471 2068 1514 φησι
2086 1447 2318 1519 Διόδωρος.
2956 1457 2966 1483 ·”
3011 1472 3014 1505 ζ

1710 1526 1780 1573 Cf.
1806 1527 2028 1586 Stephan.
2052 1527 2162 1587 Byz.
2181 1544 2228 1573 v.
2258 1527 2495 1590 Εὐωνυμία
2521 1545 2532 1574 :
2555 1525 2688 1577 Ἐστι
2713 1528 2948 1594 καὶδῆμος

1646 1596 1877 1656 Ἀθηναίων
1895 1596 1981 1645 ἀπὸ
1999 1597 2240 1661 Εὐωνύμου
2256 1603 2331 1647 τοῦ
2353 1601 2442 1658 Γῆς
2454 1599 2528 1648 καὶ
2541 1600 2781 1665 Οὖρανοῢῆ
2803 1604 2944 1669 Κηφι-

1642 1675 1741 1720 σοῦ.
1761 1668 1820 1719 ‘0
1833 1671 2022 1733 δημότης
2040 1671 2315 1732 Εὐωνυμεύς.
2333 1672 2404 1722 Τὰ
2422 1672 2581 1721 τοπικὰ
2598 1672 2641 1730 ἐξ
2658 1674 2944 1739 Εὐωνυμέων.

1644 1742 1832 1808 Λέγεται
1848 1743 1924 1791 καὶ
1944 1747 1966 1791 ὁ
1985 1745 2125 1806 δῆμος
2144 1743 2397 1808 Εὐώνυμος.
2418 1750 2717 1809 Euonymum
2741 1750 2947 1811 Cephiso}

1643 1817 1791 1863 filium
1816 1818 1998 1863 Aulidis
2031 1828 2215 1879 patrem
2251 1819 2513 1881 Stephanus
2546 1821 2689 1866 habet
2709 1837 2756 1868 v.
2791 1814 2944 1876 Αῧλις.

1644 1892 1846 1951 Hesych.
1874 1907 1920 1939 v.
1950 1888 2219 1952 Εὐώνυμονῑ
2244 1890 2336 1939 Καὶ
2374 1892 2680 1958 δῆμος-φυλῆς
2710 1895 2788 1950 τῆς
2810 1892 2947 1960 'Epe-

1643 1961 1834 2027 χθηίδος.
1859 1965 2028 2024 Steph.
2053 1966 2160 2025 Byz.
2179 1982 2226 2011 v.
2249 1963 2394 2015 ,Βέννα
2421 1981 2433 2013 2
2453 1966 2511 2013 Οἱ
2529 1963 2608 2028 μὲν
2627 1955 2780 2030 γὰρ’ἐν
2805 1965 2945 2034 Βέννφ

1647 2035 1799 2098 (curia
1821 2036 2018 2099 Ephesi)
2046 2034 2233 2096 Βέννιοι,
2257 2038 2296 2085 οἱ
2324 2034 2361 2084 δ’
2385 2038 2429 2084 ἐν
2454 2036 2684 2103 Εὐωνύμῳ
2713 2041 2791 2097 τῆς
2808 2037 2948 2087 'Am-

1646 2110 1726 2165 κῆς
1744 2106 1988 2170 Εὐώνυμοι.
2010 2109 2220 2155 Alteram
2247 2110 2472 2167 formam,
2503 2108 2789 2173 Εὐωνυμεύς,
2810 2121 2945 2159 tuen·

1645 2190 1723 2226 tur
1756 2184 2005 2227 Anacreon
2028 2184 2080 2227 in
2108 2184 2302 2230 Anthol.
2343 2185 2487 2229 Palat.
2513 2185 2604 2240 VI,
2641 2200 2691 2244 p.
2726 2183 2846 2242 346,
2885 2184 2946 2244 3,
2999 2192 3001 2194 ’

1645 2255 1885 2300 AEschines
1903 2271 1954 2315 p.
1983 2254 2038 2312 8,
2071 2257 2159 2317 183
2183 2257 2404 2316 Inscript.
2435 2272 2510 2316 ap.
2535 2257 2727 2304 Boeckh.
2751 2258 2804 2305 C.
2823 2258 2866 2303 Ι.
2891 2258 2942 2316 1,

1645 2344 1693 2375 n.
1726 2333 1841 2385 142,
1874 2332 1963 2380 144
1989 2336 2077 2373 etc.
2098 2354 2166 2364 —
2188 2330 2406 2373 Ceterum
2429 2344 2534 2388 quae
2553 2329 2614 2375 de
2636 2330 2828 2390 singulis
2854 2329 2949 2376 do·-

1645 2401 1732 2446 mis
1753 2401 2012 2461 Stephanus
2034 2402 2144 2461 Byz.
2160 2436 2173 2459 ,
2192 2401 2384 2458 Suidas‚
2414 2402 2607 2447 Photius
2621 2436 2635 2463 ,
2658 2399 2940 2463 Hesychius»,

1647 2475 1723 2518 alii
1754 2474 2045 2534 grammatici
2069 2474 2316 2531 exhibent,
2355 2482 2549 2520 enotare
2581 2489 2682 2519 non
2713 2483 2781 2520 est
2807 2474 2949 2534 hujus

1646 2546 1766 2592 loci.
1804 2548 2051 2591 Lectorem
2093 2546 2254 2606 relego
2280 2545 2342 2590 ad
2378 2547 2635 2596 Mem-sium
2664 2548 2738 2592 De
2760 2549 2948 2608 populi!

1646 2621 1831 2673 Atticis,
1857 2617 1918 2662 ad
1933 2618 2115 2663 Corsini
2129 2617 2290 2664 Fastos
2304 2619 2401 2664 Att.
2421 2626 2534 2664 tom.
2553 2617 2600 2675 I,
2620 2617 2726 2665 diss.
2755 2617 2800 2675 5,
2821 2627 2869 2664 et
2885 2619 2947 2665 ti-

1646 2690 1787 2734 brum
1809 2690 1865 2737 G.
1885 2692 1942 2734 L.
1970 2689 2245 2736 Grotefendi
2267 2691 2339 2733 De
2361 2690 2509 2734 demis
2535 2705 2574 2737 s,
2589 2694 2739 2751 page's
2773 2692 2946 2734 Attica.-

1652 2760 1894 2823 (Goetting.
1920 2761 2062 2823 1829,
2087 2761 2115 2806 8
2132 2760 2146 2822 )
2162 2795 2175 2818 ,
2198 2770 2245 2806 et
2264 2761 2325 2806 ad
2341 2762 2564 2822 Stephan.
2597 2762 2844 2816 Thesaurs,
2864 2759 2948 2805 uhi

1646 2834 1922 2879 Dindorfius
1950 2835 2082 2880 locos
2103 2842 2218 2879 vett.
2259 2844 2306 2879 et
2331 2834 2658 2893 inscriptiones
2689 2833 2784 2877 huc
2801 2832 2922 2893 perti
2948 2875 2949 2878 ,

1647 2917 1810 2952 nentes
1851 2907 2091 2954 indicavit.
2115 2907 2172 2952 V.
2217 2906 2358 2950 etiam
2388 2892 2665 2951 Grotefend.
2678 2905 2728 2948 in
2754 2902 2923 2958 Paulr’
2946 2907 2953 2961 ᾖ,
2986 2895 2988 2897 ’

1649 2981 2024 3039 Real-encyclop.
2048 2993 2095 3022 v.
2122 2976 2302 3022 Attika.
2947 2966 2949 2971 ¹
2985 2971 2987 2974 ’

1715 3051 1792 3097 Id.
1820 3047 2134 3112 τΘημακεύς...
2156 3047 2290 3110 δῆμός
2314 3049 2404 3095 ἐστι
2426 3048 2561 3112 φυλῆς
2582 3048 2658 3104 τῆς
2675 3043 2943 3119 Ἔρεχθῃίδο

1649 3199 1730 3230 sus.
1749 3190 1800 3229 Et
1821 3189 1958 3228 narrat
1983 3187 2293 3237 Stesimbrotus,
2313 3186 2471 3227 duobus
2489 3196 2579 3226 eum
2599 3185 2774 3237 gemellis
2797 3183 2873 3228 siu
2895 3195 2918 3224 e
2936 3202 2940 3211 ·

1649 3253 1814 3294 Clitoria
1829 3263 1956 3294 uxore
1970 3251 2089 3302 natis,
2099 3251 2214 3293 alteri
2234 3250 2552 3300 Lacedaemonio,
2565 3250 2660 3291 Eleo
2672 3248 2787 3291 alteri
2800 3258 2895 3290 nom
2907 3265 2911 3269 ·

1651 3316 1827 3367 posuisse
1837 3346 1849 3366 ,
1863 3315 2032 3366 ideoque
2043 3315 2092 3355 iis
2108 3313 2302 3355 Periclem
2317 3324 2422 3364 saepe
2437 3315 2662 3353 maternum
2672 3321 2797 3362 genus
2807 3320 2919 3362 expr·

1650 3381 1840 3422 bravisse.
1862 3381 2062 3422 Diodorus
2090 3380 2311 3431 Periegetae
2340 3381 2381 3420 et
2412 3378 2486 3419 hos
2519 3379 2560 3418 et
2589 3377 2750 3418 tertium
2786 3377 2908 3417 nomin

1648 3445 1900 3493 Thessalum,
1917 3455 1971 3485 ex
1987 3443 2140 3485 lsodica
2155 3442 2311 3486 Cimoni
2333 3443 2449 3484 natos
2476 3441 2620 3492 refert,
2637 3439 2720 3481 filia
2747 3443 2779 3482 E
2842 3454 2846 3461 ²
2865 3455 2871 3472 ι
2906 3454 2912 3474 ι

1649 3510 1764 3559 lemi‚
1782 3509 1965 3561 Megaelis
1983 3509 2114 3560 nepte.

1701 3647 1941 3697 Aristogiton
1956 3646 1998 3686 in
2013 3646 2114 3686 orat.
2133 3644 2272 3684 contra
2286 3644 2471 3695 Phrynen
2486 3643 2582 3684 dicit
2600 3641 2805 3694 proprium
2833 3648 2841 3662 ·
2877 3664 2881 3676 ·

1654 3721 1728 3750 nes
1769 3721 1914 3751 nomen
1937 3721 2023 3751 esse
2050 3709 2313 3750 Mnesareten.
2345 3698 2532 3749 ceterum
2563 3705 2671 3747 haud
2690 3706 2832 3756 ignoro
2867 3723 2882 3738 v
2899 3697 2909 3761 Ι]

1649 3774 1800 3815 tionem
1823 3776 1962 3814 contra
1987 3784 2100 3822 eam,
2121 3783 2214 3823 quae
2235 3771 2394 3812 Euthiae
2410 3771 2534 3812 tribui
2552 3771 2676 3820 solet,
2695 3769 2747 3811 ab
2786 3769 2837 3803 Γῇ
2858 3789 2862 3802 r
2884 3770 2904 3793 ·“

1652 3840 1852 3890 Periegota
1869 3837 2125 3881 Anaximenis
2139 3847 2224 3877 esse
2241 3836 2359 3877 tradi.

1995 3926 2077 3973 nr:
2115 3924 2302 3974 PAols
2337 3923 2601 3990 Arucrs.

2277 4028 2320 4069 6.

2115 4115 2483 4166 Essscrflms.

1703 4220 2014 4267 Euonymenses.
2042 4219 2315 4267 Euonymus,
2346 4225 2470 4267 pagus
2497 4211 2769 4256 Erechtheidis
2791 4212 2809 4252 t
2840 4216 2845 4243 ἱ
2867 4186 2871 4188 V

1652 4282 1710 4322 uti
1731 4282 1785 4322 ait
1806 4281 2015 4322 Diodorus.
