3016 4628
227 325 286 364 38
1128 318 1460 368 HERODORI
1499 317 1968 369 HERACLEENSIS
2039 375 2049 379 „

818 425 943 490 [394]

290 539 422 584 Idem
447 542 620 597 1,23:
654 539 900 607 Ἡρόδωρος
941 539 1016 588 δύο
1036 545 1145 588 εἶναι
1169 540 1325 606 ’ορφέ
1310 561 1344 594 ις
1378 559 1520 605 φησιν·

223 614 282 657 ὧν
303 609 374 657 τὸν
395 609 538 677 ἕτερον
578 614 886 675 συμπεπλευκέ
868 617 1059 667 εναιτοῒς
1077 611 1394 680 Ἀργοναύταις.
1413 616 1522 706 “Zu-

221 689 358 732 τεῖται
379 683 424 731 δὲ
446 684 515 732 διὰ
535 685 577 733 τί
599 659 783 753 ορφευς
807 683 1029 745 ἀσθενὴς*
1003 707 1062 734 ων
1084 686 1284 734 συνέπλει
1301 689 1387 740 τοῖς
1407 685 1521 751 ἥρω-

222 774 314 802 σιν·
335 754 400 803 ὅτι
424 757 575 819 μάντις
601 760 661 806 ὢν
694 762 717 807 ὁ
743 759 959 852 Χείρων”
937 778 1096 824 εχρησε
1118 759 1180 822 μὴ
1206 757 1412 806 δύνασθαι
1445 758 1522 814 τὰς

222 829 282 876 Σε
263 848 434 894 ειρηνας
460 834 711 895 παρελθεῖν
720 831 873 886 αὐτους
895 832 1088 899 Ὀρφέως
1112 830 1174 893 μὴ
1209 831 1383 893 συμπλέ
1384 851 1517 887 οντος.

221 898 374 955 Οὕτως
393 901 652 968 Ἡρόδωρος.
673 906 850 951 Eadem
870 908 1019 967 tangit
1041 908 1186 953 501101.
1209 906 1334 963 adl,
1361 906 1440 954 31.

252 977 442 1034 Quum
480 994 570 1024 500.
608 979 912 1023 Herodorum
950 981 1198 1023 Ponticum
1240 982 1520 1040 Argonautae

219 1048 383 1094 eadem
406 1067 499 1110 qua
522 1063 747 1095 venerant
767 1053 843 1096 via
861 1052 1112 1107 redierint,
1132 1053 1371 1097 sirenibus
1391 1055 1522 1099 100115

219 1120 322 1165 dari
338 1125 417 1167 vix
445 1125 615 1183 potest.
653 1126 807 1181 Quare
828 1131 1137 1185 fragmentum
1158 1140 1215 1169 ex
1237 1126 1491 1171 Herodoro
1507 1162 1518 1183 ‚

219 1195 302 1251 qui
323 1194 382 1239 de
398 1197 587 1255 Orpheo
609 1198 806 1256 scripsit,
821 1196 1003 1242 fluxisse
1019 1198 1224 1244 videtur.
1245 1201 1315 1243 De
1338 1214 1389 1242 re
1410 1198 1520 1244 vide

219 1267 426 1315 Lobecli.
446 1270 676 1330 Aglaoph.
702 1286 753 1331 p.
783 1268 872 1327 357
896 1272 1003 1317 coll.
1026 1287 1074 1330 p.
1097 1270 1204 1317 338.

832 1394 907 1441 40.

231 1476 233 1478 ’
285 1486 419 1531 Idem
442 1490 486 1543 I,
517 1504 571 1546 71
598 1504 609 1532 τ
638 1484 920 1554 Ἐριὸώτης.]
952 1487 1198 1553 Ἡρόδωρος
1234 1490 1276 1536 ἐν
1307 1492 1394 1543 τοῖς
1419 1489 1518 1555 Ἀρ-

218 1567 485 1621 γοναυτικοῖς
501 1565 646 1608 τοῦτον
668 1559 929 1625 Εὐρυὸάτην
956 1562 1245 1627 (Εὐρυὸώτην
1263 1565 1370 1611 cod.
1390 1564 1516 1627 Par.)

219 1631 360 1689 καλεῖ,
382 1631 456 1678 καί
475 1651 602 1697 φησιν
625 1633 749 1680 αὐτὸν
772 1634 1002 1690 Τελέοντος
1019 1636 1122 1684 υἱόν.
1141 1640 1207 1684 Cf.
1222 1639 1374 1683 Valer.
1389 1639 1517 1683 Flac·

221 1720 300 1749 cus
319 1708 364 1762 Ι,
387 1712 479 1760 402
497 1726 508 1765 3
527 1710 697 1770 Hygia.
718 1709 814 1756 fab.
848 1716 921 1764 14.

827 1831 978 1879 41.—

285 1938 415 1982 Idem
434 1942 479 1995 Ι,
507 1941 597 2001 139
619 1957 630 1985 :
650 1943 931 2002 Apollonius
951 1938 1161 1996 Ἀὅαντος
1196 1942 1301 2008 φησὶ
1322 1946 1522 2005 νομισθῆ-

217 2025 289 2054 ναι
307 2009 379 2056 τὸν
396 2010 596 2075 Ἴδμονα.
619 2015 934 2079 Συμμαρτυρεῖ
954 2013 999 2062 δὲ
1025 2017 1142 2080 αὐτῷ
1159 2017 1233 2071 καὶ
1253 2016 1311 2065 ‘H
1321 2016 1517 2083 ρόδωρος.

283 2085 347 2132 Cf.
372 2087 627 2148 Pherecyd.
648 2089 706 2133 fr.
732 2105 815 2146 703
844 2091 1058 2150 Orpheus
1077 2092 1255 2151 Argon.
1283 2091 1396 2151 1853
1418 2094 1521 2152 Hy-

218 2163 314 2222 gin.
341 2160 437 2204 fab.
471 2165 553 2224 14,
579 2161 731 2206 Valer.
755 2162 826 2208 Fl.
851 2164 891 2217 Ι,
913 2161 1022 2207 228.

827 2283 906 2331 42.

281 2394 414 2438 Idem
444 2396 490 2450 Ι,
526 2410 616 2438 211
661 2411 671 2438 :
708 2392 857 2450 Ζήτης
900 2392 974 2439 καὶ
1016 2391 1214 2457 Καλαΐς]
1241 2391 1434 2447 Τούτους
1472 2395 1521 2441 ἐκ

217 2464 430 2530 διαφόρων
455 2465 598 2512 τόπων
627 2467 904 2526 συμπλεῦσαι
927 2473 1014 2519 τοῖς
1038 2465 1342 2530 Ἀργοναύταις
1366 2465 1517 2529 φασίν·

215 2541 254 2586 οἱ
280 2537 356 2600 μὲν
388 2537 471 2603 γὰρ
498 2541 545 2585 ἐκ
565 2538 769 2604 Θρᾴκης,
795 2541 853 2592 ὡς
873 2536 1183 2598 Ἀπολλώνιος,
1209 2538 1455 2605 Ἡρόδωρος
1476 2537 1521 2586 δὲ

219 2615 267 2658 ἐκ
292 2611 501 2665 Δαυλίδος
518 2649 530 2670 ,
551 2615 704 2677 Δοῦρις
729 2611 773 2659 δὲ
795 2611 837 2667 ἐξ
864 2611 1185 2678 Ὑπερὸορέων.

829 2745 907 2798 43.

283 2860 415 2904 Idem
439 2862 485 2916 I,
519 2859 607 2905 186
640 2877 650 2905 :
686 2862 758 2906 Ab
786 2863 1042 2921 Apollonio
1067 2861 1191 2907 inter
1226 2865 1520 2922 Argonautas

218 2942 484 2978 recensetur
506 2935 709 2994 Neptuni
730 2934 856 2979 filius
873 2937 894 2979 ὁ
918 2932 1167 2995 πτολίεθρον
1190 2935 1351 2996 ἀγαυοῦ
1371 2932 1520 2990 Μιλή-

218 3021 308 3050 τοιο
330 3003 540 3094 νοσςρισθε
535 3024 568 3058 ις
592 3004 801 3095 Ἐργῖνος.
841 3007 917 3052 Ad
944 3008 1042 3051 haec
1065 3009 1212 3053 schol.
1239 3004 1330 3054 z‘O
1353 3004 1397 3052 δὲ
1427 3004 1522 3054 Μί-

217 3076 371 3138 λητος,
409 3078 482 3160 ἀςρ
515 3081 563 3123 οὓ
597 3076 672 3124 καὶ
705 3081 732 3134 ἠ
770 3075 893 3131 πόλις
928 3077 1147 3139 Μίλητος,
1177 3042 1414 3132 Εὐξανθίου
1441 3081 1515 3123 τοῦ

843 3218 915 3259 39.

273 3284 502 3325 Herodorus
527 3284 628 3324 duos
658 3285 776 3324 fuisse
809 3286 990 3335 Orpheos
1017 3285 1183 3334 statuit,
1218 3296 1391 3335 quorum
1421 3284 1524 3324 alter

141 3345 143 3347 ’
222 3352 443 3401 navigasset
461 3361 555 3389 cum
579 3351 830 3400 Argonautis.
850 3351 1054 3398 Quaeritur
1074 3352 1209 3390 autem
1233 3362 1305 3389 0111·
1325 3351 1522 3400 Orpheus,

224 3416 286 3455 vir
305 3415 445 3455 debilis
457 3446 467 3464 ‚
489 3415 676 3454 heroibus
689 3414 775 3454 istis
791 3415 922 3455 socius
940 3415 1156 3465 adjunctus
1168 3416 1232 3455 sit.
1252 3415 1411 3454 Scilicet
1428 3414 1523 3455 Chi-

220 3492 295 3519 ron
311 3482 423 3519 vates
440 3478 683 3529 praedixerat
700 3490 779 3518 non
795 3490 909 3530 posse
932 3490 1000 3519 005
1016 3480 1172 3520 Sirenes
1186 3479 1423 3530 praetervehi
1441 3479 1525 3518 51110

223 3544 397 3595 Orpheo.
420 3545 479 3583 lta
498 3542 742 3583 Herodorus.

843 3611 917 3652 40.

280 3679 468 3719 Eriboten
498 3678 728 3718 Herodorus
758 3679 798 3718 in
834 3679 1108 3729 Argonauticis
1139 3679 1370 3730 Euryboten
1405 3681 1525 3719 vocat

145 3769 149 3774 -
224 3743 432 3794 filiumque
454 3743 652 3783 Teleontis
681 3742 798 3782 fuisse
816 3742 924 3782 dicit.

843 3810 917 3850 41.

275 3878 483 3919 lamonem
508 3877 703 3928 Apolline
729 3879 923 3927 qenilum
952 3888 1025 3927 pro
1048 3877 1213 3917 Abantis
1240 3878 1324 3917 tilio
1340 3879 1524 3918 habitum

201 3990 204 3993 ¹
225 3954 309 3983 esse
332 3944 478 3994 praeter
493 3941 751 3992 Apollonium
763 3941 883 3981 etiam
898 3941 1133 3981 Herodorus
1155 3943 1339 3982 testatur.

844 4009 918 4049 42.

279 4080 390 4117 Zetes
402 4079 442 4117 et
455 4077 584 4117 Calais
599 4075 823 4116 secundum
850 4076 1101 4116 Herodorum
1118 4088 1140 4117 e
1159 4078 1326 4118 Daulide
1354 4079 1521 4129 profecti

227 4154 319 4182 eum
341 4142 579 4193 Argonautis
598 4142 853 4191 navigarunt.

845 4209 919 4249 43.

281 4277 461 4324 Miletus,
495 4287 515 4315 a
545 4286 626 4325 quo
650 4275 746 4315 urbs
769 4275 931 4315 Miletus
957 4286 1103 4316 nomen
1132 4275 1275 4325 habet,
1311 4278 1525 4317 Euxantliii

1600 425 1816 481 Μίνωος
1794 447 1859 486 ην·
1885 431 1923 475 οἱ
1949 427 1996 476 δέ
2024 447 2154 494 φασιν
2183 430 2310 477 αὐτὸν
2341 430 2607 487 ’Λπόλλωνος
2639 434 2715 481 και
2736 435 2898 502 Ἀρείας
2940 428 2959 466 '³

1565 501 1674 555 τῆς
1698 499 1914 565 Κλεόχου·
1934 501 2097 560 ἐκλήθη
2119 500 2164 549 δὲ
2193 503 2409 564 Μίλητος,
2430 503 2496 552 ὅτι
2522 505 2685 572 ἐκρύὸη
2708 508 2797 556 ἀπὸ
2823 513 2908 569 τῆς
2959 511 2960 514 “

1600 571 1761 637 μητρὸς
1784 576 1828 620 ἐν
1850 574 2022 636 μίλακι.

1665 644 1755 692 Καὶ
1779 646 2091 712 Ἀριστόκριτος
2107 648 2235 715 φησὶν
2257 647 2322 697 ὅτι
2344 649 2489 715 Ἀρεία
2524 650 2716 719 θυγάτηρ
2731 652 2900 716 ἐγένετο
2938 592 2955 656 ἶ

1600 717 1818 782 Κλεόχου,
1835 724 1886 778 ἧς
1900 739 1974 767 και
1993 719 2257 775 Ἀπόλλωνος
2276 722 2473 785 γενέσθαι
2496 722 2665 789 βρέφος,
2682 725 2758 772 καὶ
2774 729 2901 773 τουτο
2942 728 2962 774 t?
3004 715 3009 763 {

1597 790 1822 848 ἐκτεθῆναι
1847 793 1908 845 εἷς
1939 791 2123 855 μίλακα.
2144 793 2230 842 Τὸν
2257 793 2304 841 δὲ
2326 794 2523 859 Κλέοχον
2556 795 2683 842 ἄνελέ
2684 801 2807 855 σθαι,
2827 796 2946 845 καὶ·
2959 832 2962 843 -,

1595 863 1809 924 ὀνομάσαι
1832 864 1919 911 ἀπὸ
1939 869 2014 924 τ’ῆς
2035 864 2218 928 μίλακος
2238 866 2448 954 Μίλητον.
2471 870 2635 916 Τοῦτον
2665 867 2709 916 δὲ
2731 871 2903 936 ἀνδρω-
2955 860 2964 922 ’-,
3007 926 3009 930 ,

1596 933 1742 994 θέντα,
1770 937 1843 984 καὶ
1869 938 2153 1002 φθονούμενον
2183 940 2267 987 υπὸ
2295 945 2371 987 τοῦ
2392 941 2588 1000 Μίνωος,
2619 945 2957 1007 ἀναχωρῆσαι
2943 951 2960 994 ξ’
3006 960 3008 962 ’

1597 1009 1656 1062 εἷς
1687 1008 1829 1066 τὴνςἹ
1792 1030 1960 1073 ῌαμον·
1990 1013 2067 1077 ἀφ’
2088 1015 2137 1059 ου
2171 1031 2245 1059 και
2271 1011 2398 1067 τόπος
2423 1013 2513 1060 ἐστι
2537 1014 2666 1078 [ἐκεῖ]
2695 1015 2967 1077 Μίλητος·

1595 1081 1670 1128 καὶ
1706 1083 1793 1128 ἀπὸ
1816 1087 1893 1141 τῆς
1929 1084 2082 1146 Σάμου
2109 1083 2304 1146 μεταὸὰς
2337 1087 2397 1140 εἷς
2429 1085 2508 1144 τὴν
2545 1086 2785 1151 Καρίαν,”
2762 1107 2904 1136 εκτισε
2934 1138 2937 1139 ⁷

1594 1153 1733 1213 πόλιν,
1758 1155 1956 1214 Μίλητον
1993 1159 2066 1222 ἀφ’
2093 1160 2246 1204 ἑαυτου
2268 1157 2376 1204 καλέ
2357 1177 2475 1211 εσας.
2505 1160 2738 1227 Μαρτυρεῖ
2760 1159 2805 1208 δὲ
2825 1160 2906 1209 καὶ
2947 1168 2971 1197 ss'

1597 1226 1843 1294 εΗρόδωρος
1871 1228 2938 1295 (1111181.ῬΙρόδοτος).γ

1660 1305 1723 1346 Ε1
1725 1305 1859 1364 ginus
1878 1307 2151 1364 'Aigonauta
2167 1321 2224 1349 ex
2247 1315 2405 1351 vetere
2427 1294 2586 1351 fabula
2601 1316 2668 1352 est
2691 1309 2909 1354 celeber·
2951 1344 2957 1359 .

1595 1378 1739 1420 limus
1768 1378 1851 1421 iste
1875 1379 1940 1422 01
1944 1379 2216 1423 chomenius
2240 1394 2298 1423 ex
2328 1381 2525 1424 Boeotia.
2554 1380 2673 1427 Vide
2705 1381 2898 1428 Pindar.
2951 1387 2968 1422 Ἣ
3009 1408 3011 1411 -

1595 1450 1668 1495 Ol.
1692 1452 1772 1506 IV,
1805 1450 1882 1495 31.
1907 1452 2111 1496 Milesius
2130 1461 2196 1496 est
2224 1453 2364 1496 etiam
2389 1468 2463 1512 ap.
2493 1454 2668 1514 Hygin.
2689 1452 2784 1498 fab.
2813 1453 2903 1500 150
2946 1499 2962 1518 4

1595 1531 1640 1566 et
1663 1523 1811 1582 Orph.
1837 1525 2016 1584 Argon.
2040 1523 2152 1580 150,
2170 1525 2280 1568 coll.
2298 1525 2581 1584 Apollodor.
2601 1527 2641 1582 Ι,
2661 1542 2716 1586 9,
2746 1527 2829 1584 16,
2853 1528 2899 1574 8.

1597 1595 1727 1640 [dem
1746 1597 1927 1656 primus
1948 1596 2119 1641 dixerit
2145 1598 2450 1654 Herodorus,
2481 1614 2630 1658 eaque
2658 1588 2904 1646 occasione
2948 1640 2952 1649 ,,

1595 1667 1653 1712 (10
1662 1670 1824 1715 Mileto
1836 1669 2050 1729 quaedam
2060 1671 2306 1716 intexuisse
2315 1671 2519 1718 videtur.
2533 1673 2903 1718 Orchomenium
2927 1697 2932 1701 ·

1594 1742 1820 1802 Erginum
1839 1758 1928 1789 see.
1951 1743 2324 1803 Apollodorum,
2346 1745 2588 1789 Herodori
2608 1754 2902 1803 sectatorem,

1598 1813 1690 1876 (ΙΙ,
1713 1821 1759 1871 4,
1783 1832 1802 1860 1
1817 1832 1835 1859 1
1856 1814 1871 1877 )
1893 1825 1938 1860 et
1957 1816 2226 1860 Diodotum
2242 1818 2344 1876 (IV,
2370 1815 2452 1882 10)
2458 1818 2906 1878 ‚Herculesjuvenis

1594 1887 1902 1935 interfecerat.
1917 1887 2150 1932 Milesium
2167 1905 2280 1934 vero
2298 1892 2398 1934 Hei
2401 1863 2577 1936 odolus
2573 1893 2822 1955 Erginum
2839 1891 2904 1937 fe·

1595 1961 1705 2004 cisse
1724 1961 1912 2005 videtur
1932 1960 2276 2022 glatificaturus
2295 1964 2458 2007 Mileto
2471 1979 2608 2023 ,quae
2628 1965 2759 2022 quasi
2775 1979 2906 2008 com-

1593 2035 1747 2078 munis
1769 2043 1890 2078 meti
1893 2035 2046 2094 opolis
2071 2036 2315 2079 colebatur
2346 2037 2539 2081 urbium
2572 2038 2903 2094 Ponticarum,

1594 2108 1717 2151 inter
1756 2122 1925 2166 easque
1964 2109 2103 2152 etiam
2138 2110 2371 2167 Byzantii,
2408 2110 2555 2154 Amisi
2589 2118 2635 2154 et
2668 2110 2910 2155 Heracleae·

1599 2178 1658 2240 (v.
1670 2181 1855 2224 Miiller.
1868 2182 1932 2225 M
1930 2185 1994 2228 in.
2004 2197 2051 2241 p.
2063 2196 2125 2241 29
2135 2180 2194 2242 1).
2209 2183 2535 2227 Heracleenses
2543 2190 2698 2227 autem
2705 2197 2905 2227 summo·

1593 2269 1708 2313 pere
1719 2254 2020 2299 honorabant
2031 2254 2220 2314 Tiphyn
2233 2255 2615 2315 gubernatorem,
2635 2255 2711 2300 cui
2731 2253 2784 2300 in
2798 2271 2904 2300 mu·

1593 2339 1707 2369 nere
1723 2327 1953 2382 successit,
1973 2342 2062 2371 sec.
2084 2325 2622 2388 Herodorum,Erginus
2639 2323 2712 2391 (v.
2723 2324 2782 2374 fr.
2799 2324 2903 2391 60).
2951 2323 2969 2326 '¹

2211 2447 2291 2496 lili.

1662 2557 1797 2601 Idem
1818 2560 1857 2612 Ι,
1881 2558 1971 2616 773
1995 2575 2006 2602 :
2029 2555 2138 2605 εὈτι
2159 2556 2205 2605 δὲ
2229 2557 2443 2620 ἐμίγησαν
2455 2561 2494 2606 οἱ
2508 2557 2788 2624 Ἀργοναῦται
2806 2558 2903 2612 ταῖς
2944 2539 2970 2628 ’ν

1595 2627 1812 2689 Λημνίαις
1831 2628 2080 2694 Ἡρόδωρος
2100 2631 2262 2696 ἱστορεῖ
2277 2633 2320 2678 ἐν
2345 2631 2432 2686 τοῖς
2452 2631 2809 2697 Ἀργοναυτικοῒς.
2831 2635 2910 2678 De

1594 2717 1645 2746 re
1664 2718 1710 2746 v.
1734 2704 1918 2750 Miiller.
1941 2705 1973 2751 l.
1993 2705 2023 2751 l.
2037 2720 2088 2764 p.
2109 2705 2202 2749 302
2223 2721 2296 2765 sq.
2970 2695 2974 2706 '

2220 2818 2296 2872 45.

1659 2933 1793 2978 Idem
1824 2935 1866 2990 Ι,
1886 2933 2015 3022 9431
2049 2932 2342 2995 Γηγενέες;
2364 2933 2543 2982 Τούτων
2561 2952 2636 2980 και
2653 2931 2896 2999 Ἡρόδωρος

1596 3003 1856 3066 μνημονεύει
1882 3007 1924 3051 ἐν
1949 3006 2035 3058 τοῖς
2044 3005 2412 3080 ἰΑργοναυτικοῒς·
2438 3004 2512 3052 καὶ
2537 3004 2602 3052 ὅτι
2621 3003 2900 3068 ἐπολέμησαν

1595 3075 1823 3142 ἹΙρακλεῖ.
1850 3080 1907 3126 Οἳ
1929 3075 2005 3140 μὲν
2020 3082 2092 3153 οὖν
2115 3082 2309 3142 γηγενεῖς
2332 3077 2454 3144 παρὰ
2478 3076 2714 3133 Κύζικον”
2684 3098 2843 3144 ῳκουν,
2860 3081 2900 3138 οἵ

1600 3212 1733 3252 Minoe
1756 3212 1840 3252 nati
1860 3212 1965 3253 filius
1981 3215 2083 3254 erat.
2113 3213 2189 3253 Alii
2222 3214 2415 3265 Apollinis
2438 3226 2531 3255 011111
2550 3215 2591 3254 et
2613 3214 2716 3255 Ariae
2739 3214 2903 3255 01000111

1596 3276 1690 3316 111100
1709 3276 1862 3316 dicunt.
1889 3278 2051 3317 Miletus
2069 3289 2165 3318 vero
2182 3279 2413 3319 nominatus
2439 3280 2499 3319 est
2515 3290 2563 3318 eo
2579 3278 2686 3329 quod
2710 3280 2749 3319 ἐν
2766 3279 2900 3331 μίλακι

1596 3341 1680 3381 sive
1699 3342 1737 3380 in
1752 3341 1913 3380 smilace
1925 3344 2053 3381 mater
2065 3353 2158 3382 eum
2175 3343 2462 3383 occultaverat.
2476 3342 2732 3384 Aristocritus
2742 3355 2903 3395 quoque

1576 3404 1693 3464 *dicit
1726 3405 1863 3445 Ariam
1894 3406 2059 3446 Cleochi
2097 3406 2222 3446 tiliam
2252 3408 2395 3446 natum
2418 3417 2471 3447 ex
2499 3408 2683 3460 Apolline
2703 3407 2832 3447 filium
2860 3407 2902 3448 111

1596 3470 1800 3510 smilacem
1815 3470 2043 3521 exposuisse
2056 3483 2220 3512 :verum
2234 3473 2456 3512 Cleochum
2471 3471 2678 3514 sustulisse
2690 3473 2900 3522 infantem,

1596 3535 1637 3574 et
1655 3535 1705 3575 de
1718 3536 1881 3576 smilace
1901 3537 1915 3587 (
1932 3537 2091 3587 μίλακος
2107 3537 2122 3588 )
2145 3537 2372 3579 nominasse
2386 3538 2584 3579 Miletum.
2603 3539 2720 3579 Hunc
2733 3537 2900 3589 deinde,

1597 3601 1667 3640 uhi
1683 3601 1734 3640 ad
1757 3602 1914 3642 virilem
1929 3603 2176 3653 pervenisset
2190 3605 2353 3643 aetatem
2364 3633 2376 3654 ,
2403 3603 2545 3644 Minois
2558 3602 2707 3643 invidia
2719 3613 2900 3654 pressum
2947 3655 2949 3657 ι

1597 3666 1786 3717 migrasse
1802 3667 1845 3708 in
1860 3670 2025 3708 Samum
2040 3668 2228 3718 insulam,
2251 3667 2320 3707 ubi
2341 3668 2460 3708 etiam
2477 3669 2590 3708 locus
2608 3667 2772 3719 quidam
2788 3668 2901 3710 Mile·
2947 3686 2949 3690 ⁴

1597 3732 1666 3770 tus
1680 3731 1730 3771 de
1751 3732 1914 3772 nomine
1927 3732 2014 3782 ejus
2032 3732 2165 3772 dictus
2183 3732 2247 3772 sit.
2266 3732 2364 3772 inde
2377 3732 2416 3784 in
2436 3732 2596 3774 Cariam
2614 3734 2900 3782 transgressum
2944 3727 2946 3729 ’

1598 3796 1741 3835 urbem
1761 3796 2009 3846 condidisse,
2039 3805 2161 3847 quam
2185 3796 2235 3836 de
2249 3807 2292 3837 se
2311 3796 2518 3837 vocaverit
2532 3796 2732 3837 Miletum.
2750 3792 2899 3839 Eadem
2931 3811 2935 3818 *

1597 3861 1766 3900 testatur
1783 3859 2026 3900 Herodorus.

2217 3927 2290 3968 44.
2327 3918 2329 3921 ¹

1650 4002 1912 4043 consuevisse
1927 4004 2173 4054 Argonautas
2185 4014 2282 4043 curn
2295 4003 2466 4050 Lemniis
2476 4004 2711 4045 mulieribus
2726 4003 2897 4045 Herodo-
2919 3978 2935 4043 1⁴

1599 4080 1668 4108 rus
1686 4070 1822 4108 narrat
1836 4069 1879 4108 in
1898 4068 2188 4120 Argonautieis.

2215 4138 2289 4179 45.

1651 4216 1874 4264 Gegenum,
1885 4215 1909 4254 i.
1926 4225 1963 4253 e.
1978 4213 2294 4265 Terrigenariim‚
2313 4215 2542 4255 Herodorus
2555 4225 2713 4266 quoque
2727 4213 2768 4253 in
2778 4216 2897 4264 Argo·
2931 4234 2934 4235 ν

1601 4279 1771 4319 nauticis
1796 4280 2038 4321 mentionem
2074 4279 2190 4331 facit,
2213 4291 2362 4331 eosque
2380 4281 2501 4322 etiam
2527 4281 2666 4320 contra
2688 4280 2903 4321 Herculem
2942 4335 2944 4339 .
