3016 4628
491 543 640 591 ΠΕΡΙ
674 543 985 592 ΜΙΛΗΤΟΥ.

475 661 512 703 Ε
554 660 738 705 LIBRO
774 661 986 705 PRIMO.

158 785 402 832 Athenaeus
425 782 561 837 xlv,
585 797 633 841 p.
666 779 788 837 655,
810 782 885 826 Β.
914 777 1081 834 Κλύτος
1105 782 1126 827 ὁ
1148 780 1382 839 Μιλήσιος,

27 872 37 891 ·.
63 850 405 943 Ἇριστοτέλους
432 850 475 898 δὲ
502 850 765 913 μαθητὴς,’
747 870 789 898 εν
814 854 875 916 τῷ
899 851 1059 916 πρώτῳ
1087 853 1196 918 Περὶ
1232 853 1382 911 Μιλή-

70 940 168 986 του
194 925 348 990 γράφει
370 922 468 987 περὶ
495 924 636 970 αὐτῶν
662 922 818 977 οὕτως·
852 946 871 967 «
901 923 1013 989 Περὶ
1038 923 1082 971 δὲ
1105 924 1152 971 τὸ
1171 925 1282 989 ἱερὸν
1306 929 1382 983 τ’ῆς

27 989 75 1070 {71
95 996 318 1063 Παρθένου
331 997 375 1043 ἐν
389 993 514 1060 Λέρῳ
528 994 634 1042 εἰσὶν
648 997 687 1042 οἱ
708 993 966 1057 καλούμενοι
978 995 1137 1061 ὄρνιθες
1151 997 1381 1062 μελεαγρί-

31 1053 70 1118 22
94 1071 174 1126 δες.
199 1068 253 1118 Ὃ
274 1065 320 1115 δὲ
341 1065 471 1120 τόπος
492 1065 606 1114 ἐστιν
630 1065 864 1126 ἑλώδης,’
846 1087 890 1114 εν
913 1059 948 1133 ᾧ
971 1067 1212 1133 τρέφονται.
1248 1067 1309 1117 F
1314 1088 1382 1116 στι

25 1163 67 1196 ι..
92 1140 140 1192 u
161 1140 368 1206 ἄστοργον
392 1137 498 1204 πρὸς
516 1137 614 1185 τὰ]
590 1156 746 1201 εκγονα
763 1138 811 1186 τὸ
824 1138 967 1205 ὄρνεον
984 1140 1059 1186 καὶ
1076 1142 1272 1206 ὀλιγωρεῖ
1295 1144 1379 1188 τῶν

24 1215 74 1274 ᾖξ
92 1211 328 1278 νεωτέρων,
362 1210 475 1258 ὥστε
519 1210 686 1274 ἀνάγκη
731 1217 818 1265 τοῖς
864 1213 1046 1274 ἱερεῦσιν
1086 1214 1382 1274 ἐπιμελεῖσθαι

28 1303 32 1318 ·
55 1348 58 1350 .
59 1287 251 1334 αυτῶν.
274 1282 407 1349 Ἔχει
427 1281 471 1330 δὲ
494 1281 544 1331 τὸ
573 1282 652 1344 μὲν
673 1281 847 1346 μέγεθος
867 1282 1027 1349 ὄρνιθος
1053 1284 1274 1346 γενναίου,
1300 1285 1377 1342 τὴν

60 1359 62 1362 ⁴
91 1355 136 1405 δὲ
160 1354 352 1422 κεφαλὴν
376 1354 530 1421 μικρὰν
563 1353 668 1420 πρὸς
696 1354 744 1419 τὸ
774 1358 926 1416 σῶμα,
950 1355 1024 1403 και
1047 1355 1208 1414 ταύτην
1234 1356 1379 1422 ψιλὴν,

145 1430 158 1451 ’
194 1430 326 1487 αὗτης
359 1425 404 1475 δὲ
437 1426 566 1493 λόφον
602 1426 822 1492 σάρκινον,
850 1429 1062 1493 σκληρὸν,
1099 1429 1379 1494 στρογγύλον,

10 1503 11 1507 ’
91 1500 291 1566 ἐξέχοντα
315 1519 392 1557 της
411 1518 459 1546 κε
463 1497 653 1566 φαλης“’
622 1518 769 1565 ωσπερ
793 1499 1028 1559 πάτταλον,
1051 1500 1193 1548 καὶτὸ
1222 1505 1381 1566 χρῶμα

26 1599 35 1641 ⁷„
66 1571 300 1630 .ξυλοειδῆ.
314 1570 447 1662 Πρὸς
473 1570 517 1618 δὲ
540 1574 635 1625 ταῖς
661 1571 830 1636 γνάθοις
854 1574 940 1620 ἀπὸ
963 1577 1038 1619 τοῦ
1063 1573 1275 1634 στόματος
1302 1576 1381 1638 ἀρ-

55 1719 171 1769 τῶν
187 1715 375 1782 ὀρνίθων.
397 1713 492 1773 Τὴν
510 1713 555 1762 δὲ
574 1718 662 1770 τοῖς
681 1714 839 1779 ὄρνισιν
854 1715 924 1763 ἐπὶ
950 1719 1013 1782 τῶ
1040 1715 1188 1783 ῥύγχει
1211 1717 1382 1782 γινομέ-

37 1800 181 1848 aiv-mo,
200 1788 253 1846 ἣν
275 1786 377 1836 ἔνιοι
396 1785 586 1849 πώγωνα
607 1788 828 1847 καλοῦσιν,
845 1790 920 1835 οὐκ
935 1787 1046 1853 ἔχει·
1071 1789 1134 1836 διὸ
1150 1788 1223 1836 καὶ
1242 1787 1379 1854 ταύτῃ

36 1868 65 1929 ,μ’
89 1859 315 1910 κολοὸόν’
295 1879 401 1908 εστι.
425 1858 613 1924 Ῥύγχος
642 1858 687 1907 δὲ
719 1859 914 1926 ὀξύτερον
941 1860 1016 1908 καὶ
1048 1860 1294 1924 μεῖζονῆὄ
1269 1881 1381 1926 ορνις

38 1930 196 1998 ἦτέχει.
243 1931 476 1998 Τράχηλος
513 1931 675 1994 μέλας,
714 1931 957 1997 παχύτερος
999 1931 1073 1981 καὶ
1119 1933 1382 2001 βραχύτερος

25 2008 172 2133 ἔτιον
204 2004 396 2071 ὀρνίθων.
454 2003 521 2053 Τὸ
560 2003 605 2051 δὲ
636 2006 764 2068 σῶμα
796 2004 917 2052 ἅπαν
950 2005 1181 2065 ποικίλον,
1199 2005 1381 2070 μέλανος

88 2074 204 2132 ὄντος
225 2096 300 2125 του
332 2074 564 2142 χρώματος
584 2074 709 2136 ὅλου,
735 2076 901 2131 πτίλοις
923 2079 1090 2132 λευκοῖς
1112 2077 1186 2126 καὶ
1209 2079 1381 2132 πυκνοῖς

25 2137 63 2196 3
42 2147 392 2222 διειλημμένου
420 2148 558 2212 [οὖΡ]
586 2115 751 2211 μείζόσι
786 2151 951 2214 φακῶν.
1022 2142 1156 2197 Οὗτοι
1195 2150 1235 2196 δ’
1273 2148 1378 2196 εἰσὶν

39 2203 133 2294 ζ’ζξῖν
157 2219 330 2287 ῥόμὸοις
364 2222 404 2268 οἳ
437 2219 660 2268 κυκλίσκοι
695 2219 853 2283 μέλασι
885 2240 958 2268 του
985 2219 1086 2268 ὅλου
1122 2221 1376 2286 χρώματος·

38 2254 81 2374 ἓξ·
76 2290 154 2345 διὸ
175 2291 250 2340 καὶ
269 2291 487 2340 ποικιλίαν
510 2292 606 2340 τινὰ
631 2294 669 2339 οἱ
696 2291 850 2374 ῥόμὸοι
878 2293 1171 2358 παρέχονται,
1197 2313 1270 2340 του
1299 2292 1376 2356 μὲν

59 2356 323 2420 μέλανος”
299 2376 469 2422 εχοντος
499 2357 747 2423 λευκότερον
773 2357 821 2404 τὸ
847 2361 1035 2423 χρῶμα,
1062 2363 1135 2405 τοῦ
1157 2331 1201 2406 δὲ
1224 2360 1377 2406 λευκου

34 2365 70 2476 ἐξ
90 2428 201 2478 πολυ
242 2429 520 2494 μελάντερον.
554 2427 620 2477 Τὸ
653 2427 697 2475 δὲ
733 2427 846 2476 κατὰ
872 2428 949 2484 τὰς
978 2429 1221 2495 πτέρυγας
1230 2431 1379 2483 αὐταῖς

32 2460 360 2596 &nemincum
375 2501 518 2565 λευκῷ
533 2498 787 2566 πριονώδεσι
801 2500 997 2565 σχήμασι
1013 2500 1286 2567 [πυρώδεσι]
1305 2501 1378 2548 καὶ

39 2557 52 2579 ⁵
43 2575 191 2638 Ὗπαρ
215 2574 386 2632 ἄλληλα
410 2572 636 2635 κειμένοις.
659 2573 804 2639 Σκέλη
831 2574 927 2622 δὲν
900 2594 1113 2640 ακεντρα,
1136 2574 1267 2636 ὅμοια
1292 2578 1378 2629 τοῖς

35 2627 316 2715 β’ὀρνιθείοις.
335 2639 654 2711 Παραπλήσιαι
671 2648 708 2694 δ’
728 2646 833 2694 εἰσὶν
853 2650 898 2694 αι
918 2647 1085 2705 θήλειαι
1099 2654 1184 2703 τοῖς
1205 2647 1378 2762 ἄρρεσι»

34 2718 154 2795 (διὸ
173 2738 245 2766 και
269 2717 613 2783 δυσδιάκριτόν’
594 2737 684 2765 εστι
701 2718 750 2765 τὸ
774 2722 857 2765 τῶν
877 2719 1167 2784 μελεαγρίδων
1191 2718 1327 2782 γένος.

9 2788 295 2882 ξυΤοσαυτα
323 2810 398 2838 και
417 2793 440 2838 ὁ
462 2789 798 2855 περιπατητικὸς
821 2791 1046 2865 φιλόσοφος
1070 2791 1168 2856 περὶ
1191 2794 1275 2839 τῶν
1301 2810 1379 2855 με-

47 2862 325 2928 λεαγρίδων
349 2862 588 2928 ἱστόρησεν.

0 2942 73 3094 ἱ
64 2940 66 2942 ’
153 2939 297 2983 Leros
316 2938 465 2982 insula
486 2953 510 2981 a
530 2938 718 2982 Milesiis
750 2947 848 2982 erat
877 2939 1042 2982 incolis
1067 2938 1374 2998 frequentata.

0 3129 78 3207 5—-254
546 3075 630 3124 DE
666 3076 919 3124 M1LETo.

404 3180 409 3185 '
716 3172 754 3210 1.

0 3211 3 3235 ’
48 3223 105 3321 ἴ
461 3253 500 3301 Ε
538 3253 730 3302 Lumo
772 3253 997 3301 PmMO.

92 3342 282 3395 Clytus
301 3342 498 3394 Milesius,
523 3344 744 3384 Aristotelis
772 3344 1014 3395 discipulus,
1030 3345 1160 3395 primo
1190 3343 1293 3384 libro
1320 3345 1378 3383 De

0 3449 2 3452 ,
40 3408 78 3459 eja
67 3359 226 3449 {uilem
240 3406 290 3447 de
307 3407 611 3458 meleagridibus
625 3409 681 3447 ita
697 3407 861 3447 scribit:
883 3407 1040 3447 «Circa
1059 3407 1193 3446 Dianae
1207 3406 1379 3457 Virginis

36 3460 306 3523 ΜἛιιιηῆιιιῐι,
333 3472 442 3523 quod
462 3472 552 3512 Leri
576 3474 661 3522 est,
686 3484 782 3513 aves
810 3474 903 3513 sunt
918 3483 1008 3524 quae
1026 3471 1281 3522 meleagrides
1301 3481 1376 3511 vo-

62 3534 245 3581 uruntur
277 3537 469 3578 palustris
502 3538 615 3577 locus
643 3539 703 3578 est
735 3538 777 3577 in
802 3549 882 3589 quo
916 3539 1092 3577 aluntur.
1127 3538 1260 3578 Pullos
1286 3546 1378 3575 suos

86 3600 203 3642 nullo
219 3602 374 3642 amoris
399 3603 546 3643 affectu
570 3604 826 3654 prosequitur
845 3604 931 3643 haec
959 3603 1064 3653 avis,
1083 3603 1122 3642 et
1145 3603 1303 3642 teneros
1322 3601 1377 3641 ita

62 3671 71 3701 4
78 3664 278 3719 negligit,
315 3667 363 3706 ut
394 3666 616 3707 sacerdotes
656 3678 794 3707 curam
830 3678 965 3706 eorum
1003 3677 1138 3716 gerere
1176 3665 1373 3715 oporteat.

15 3744 18 3761 r
51 3739 74 3786 3?
91 3727 320 3783 Magnitudo
347 3730 383 3771 ei
401 3731 461 3771 est
477 3731 654 3782 generosi
673 3733 763 3783 galli
789 3731 1014 3782 gallinacei;
1038 3732 1159 3782 caput
1178 3741 1250 3782 pro
1279 3740 1372 3768 cor-

70 3835 71 3838 ,
72 3781 199 3847 poris
223 3793 328 3834 mole
345 3805 540 3846 parvum,
562 3796 748 3848 idemque
763 3797 967 3848 glabr-unu
990 3807 1109 3847 super
1135 3796 1263 3847 capite
1282 3807 1376 3836 vero

53 3844 75 3898 s:
88 3852 212 3898 habet
225 3855 384 3900 cristam
395 3871 604 3911 carneam,
627 3861 797 3912 duram,
819 3862 1055 3911 rotundam,
1074 3872 1165 3912 quae
1184 3872 1235 3900 ex
1249 3861 1377 3911 capite

61 3920 238 3967 :ruminet
251 3922 376 3963 veluti
391 3924 553 3974 clavus
570 3925 701 3964 colore
723 3925 866 3976 ligneo
884 3925 946 3966 Ad
964 3925 1160 3974 maxillas,
1180 3925 1269 3964 loco
1284 3924 1369 3964 bar·

83 3973 178 4035 ὧῖψ,
192 3981 312 4027 habet
326 3987 535 4039 oblongam
555 3990 836 4039 carunculam,
856 3990 906 4029 ab
924 4001 993 4029 ore
1015 3989 1281 4040 incipientem,
1306 4000 1374 4027 ru

33 4038 309 4106 ffflentiorem
335 4061 456 4101 quam
473 4052 514 4091 in
529 4050 767 4103 gallinaceis.
786 4057 917 4100 Quam
936 4065 1031 4093 vero
1055 4054 1147 4104 galli
1169 4053 1374 4103 gallinacei

60 4098 220 4163 'imru
233 4111 501 4155 adhaerentem
511 4115 682 4165 habent,
703 4127 821 4166 quam
841 4117 1004 4156 barbam
1017 4118 1195 4156 nonnulli
1208 4118 1373 4166 vocant,

83 4158 243 4223 tlatine
263 4177 375 4226 palea
389 4179 451 4218 vel
470 4181 648 4219 mentum
665 4180 826 4229 dicitur,
845 4180 859 4231 ]
878 4192 966 4220 eam
985 4193 1065 4220 non
1083 4181 1223 4230 habet,
1250 4191 1374 4230 eaque

33 4255 35 4259 ⁷
72 4231 206 4290 purte
230 4240 369 4281 mutila
396 4244 467 4283 est.
502 4245 687 4284 Rostrum
707 4255 801 4284 xero
833 4246 986 4284 acutius
1012 4247 1051 4285 ‹t
1081 4245 1210 4294 maius
1230 4245 1374 4294 habet,

73 4358 97 4414 Ῐῑ·

48 4463 49 4466 ,
72 4436 97 4466 ,Α

43 4461 115 4628 ξι

26 1664 73 1722 ⁹³5»
81 1642 275 1706 ξαμένην
302 1642 396 1691 ἀντὶ
420 1641 624 1706 πώγωνος
643 1642 814 1709 μακρὰν
846 1643 1009 1735 σάρκα
1010 1645 1084 1692 καὶ
1103 1645 1381 1711 ἐρυθροτέραν
1466 1660 1474 1667 ·

768 182 1329 371 CLYTUS
1383 267 2066 378 MILESIUS.

1458 548 1524 593 Cf.
1539 549 1706 594 Strabo
1723 550 1849 606 XIV,
1874 566 1921 609 p.
1941 549 2051 597 635.
2069 554 2138 596 De
2155 554 2314 598 avibus
2330 557 2416 601 illis
2434 560 2591 604 Dianae
2605 566 2742 607 sacris

1459 620 1520 666 cf.
1545 621 1751 666 AElianus
1773 622 1832 668 H.
1855 625 1943 668 An.
1963 624 2042 679 IV,
2064 630 2148 680 42,
2170 626 2251 669 ubi
2268 628 2387 671 mter
2403 631 2522 674 alia.
2546 627 2676 679 Οσοι
2697 634 2739 681 οὲ

1459 688 1544 754 ἄρα
1569 692 1787 739 αἰδοῦνται
1814 692 1861 739 τὸ
1889 693 2015 753 θειον,
2054 692 2128 739 καὶ
2160 695 2196 740 εἷ
2222 696 2385 755 μᾶλλον
2417 698 2493 755 τὴν
2525 700 2738 765 Ἄρτεμιν

1458 763 1534 809 οὐκ
1570 762 1621 809 ἄν
1650 782 1754 811 ποτε
1789 765 1920 811 τῶνδε
1955 768 2040 811 τῶν
2075 764 2250 828 ὀρνίθων
2279 767 2348 813 ἐπὶ
2383 770 2540 834 τροφὴν
2581 776 2744 837 προσά-

1457 836 1632 899 ψαιντο·
1663 855 1738 883 και
1760 835 1854 894 ἥτις
1887 840 1914 894 ἡ
1945 835 2089 899 αἰτία,
2121 836 2242 883 ἴσασί
2271 858 2318 884 τε
2352 842 2390 886 οἱ
2421 840 2497 897 τὴν
2525 846 2651 899 ν’ἦσον
2677 848 2743 892 οἰ-

1457 924 1629 961 κουντες
1673 907 1749 965 τὴν
1794 908 1948 973 Λέρον,
1987 908 2062 956 καὶ
2102 907 2240 955 ἔνεστι
2288 915 2438 972 μαθεῖν
2486 916 2699 979 ἀλλαχόθε
2702 936 2739 966 ν.

1455 981 1691 1027 Nicander
1714 983 1838 1028 libro
1862 984 2000 1027 tertio
2027 984 2467 1043 Metamorphoseon
2491 1003 2568 1047 ap.
2592 994 2744 1034 Anto-

1456 1053 1622 1096 ninum
1649 1053 1752 1098 Lib.
1782 1069 1823 1098 c.
1852 1053 1878 1098 3
1900 1063 2060 1098 narrat
2082 1069 2093 1098 ε
2131 1055 2191 1101 Αἱ
2213 1051 2258 1100 δὲ
2291 1055 2471 1120 ἀδελφαὶ
2498 1059 2627 1105 αὐτοῦ
2655 1060 2743 1119 (sc,

1455 1124 1678 1185 Meleagri
1709 1126 1791 1184 qui
1820 1126 1890 1170 ira
1921 1127 2081 1171 Dianae
2111 1126 2344 1190 perierat)
2375 1126 2495 1190 παρὰ
2534 1129 2583 1175 τὸ
2625 1133 2744 1191 σῆμα

1459 1193 1658 1258 ἐθρήνουν
1685 1195 1997 1255 ἀδιαλείπτως,
2025 1195 2149 1261 ἄχρις
2174 1196 2305 1251 αὐτὰς
2323 1195 2524 1260 Ἄρτεμις
2544 1200 2745 1265 ἁψαμένη

1460 1265 1607 1331 ῥάὸδῳ
1644 1267 1978 1333 μετεμόρφωσεν
2013 1270 2071 1323 εἷς
2111 1268 2277 1335 ὄρνιθας
2313 1270 2387 1318 καὶ
2431 1270 2646 1336 ἀπῴκισεν
2689 1276 2746 1328 εἷς

1458 1336 1594 1402 Λέρον
1612 1337 1690 1396 τὴν
1715 1340 2129 1402 νῆσον,ὀνομάσασα
2155 1343 2468 1407 Μελεαγρίδας.
2494 1349 2646 1391 Locus
2665 1349 2747 1392 ubi

1458 1413 1684 1472 templum
1707 1416 1866 1458 Dianae
1898 1416 2099 1475 Virginis
2123 1418 2270 1472 stetit,
2300 1419 2437 1463 etiam
2462 1434 2586 1463 nunc
2606 1434 2746 1464 voca-

1459 1486 1535 1521 tur
1560 1477 1792 1540 Παρθένοι.
1813 1480 1930 1526 Vide
1945 1482 2078 1525 Ross.
2097 1483 2262 1526 Reisen
2286 1483 2387 1540 auf.
2418 1482 2468 1530 d.
2487 1499 2559 1543 gr.
2583 1487 2743 1529 Inseln

1456 1551 1530 1606 II,
1554 1566 1604 1609 p.
1644 1567 1728 1595 121
1751 1567 1818 1611 sq.

1799 1639 1836 1682 E
1869 1640 2071 1685 LIBRIS
2105 1642 2399 1689 INCERTIS.

2072 1728 2117 1758 2.

1524 1781 1769 1827 Athenaeus
1786 1784 1879 1828 XII
1895 1818 1907 1840 ,
1927 1800 1976 1844 p.
2000 1783 2117 1842 540,
2135 1786 2169 1831 C
2192 1800 2203 1832 :
2226 1783 2423 1850 Κλύτος(
2444 1786 2622 1840 Κλεῖτος
2640 1789 2746 1834 edd.

1457 1862 1563 1898 ante
1605 1855 1865 1916 Schweigh.
1885 1853 1898 1917 )
1939 1855 2034 1902 δ’ὁ
2071 1855 2404 1920 Ἀριστοτελικὸς
2444 1859 2486 1904 ἐν
2526 1861 2612 1911 τοῖς
2650 1859 2747 1922 περὶ

1456 1923 1660 1982 Μιλήτου
1689 1927 1950 1991 Πολυκράτη
1976 1926 2109 1990 φησὶ,
2131 1927 2202 1975 τὸν
2224 1928 2408 2018 Σαμίων
2427 1928 2645 1994 τύραννον,
2666 1930 2747 1976 υπὸ

1455 2000 1630 2072 τρυφῆς
1638 1995 1693 2044 τὰ
1718 1995 1986 2062 πανταχόθεν
2009 1999 2231 2062 συνάγειν·
2262 2000 2391 2055 κύνας
2421 2000 2498 2062 μὲν
2524 2001 2566 2056 ἐξ
2592 2001 2744 2049 Ἠπεί-

1457 2087 1558 2132 ρου,
1582 2073 1708 2131 αἶγας
1732 2068 1815 2117 δὲ’
1796 2089 1844 2117 εκ
1865 2070 2058 2136 Σκύρου,
2080 2091 2128 2118 εκ
2152 2071 2197 2119 δὲ
2222 2072 2420 2130 Μιλήτου
2441 2073 2671 2137 πρόὸατα,
2696 2078 2741 2127 ὗς

1457 2139 1500 2188 δὲ
1537 2143 1586 2188 ἐκ
1620 2142 1835 2196 Σικελίας.
1873 2146 2049 2190 Eadem
2081 2147 2223 2191 tradit
2259 2148 2414 2192 Alexis
2450 2148 2572 2191 libro
2607 2149 2744 2191 tertio

1455 2216 1720 2260 Samiorum
1751 2218 2002 2262 Annalium
2025 2218 2153 2278 apud
2182 2219 2351 2263 Athen.
2382 2220 2411 2262 l.
2442 2219 2471 2264 l.
2493 2221 2564 2263 De
2589 2220 2746 2262 ovium

1453 2296 1499 2331 et
1518 2289 1632 2332 lanae
1657 2290 1845 2334 Milesiae
1867 2292 2127 2350 praestantia
2145 2306 2191 2336 v.
2220 2291 2386 2335 Strabo
2405 2292 2525 2346 XII,
2551 2305 2598 2350 p.
2626 2290 2683 2335 5··
2665 2290 2745 2347 8·

1452 2361 1628 2405 Plinius
1648 2363 1787 2419 VIII,
1818 2362 1898 2418 48,
1929 2362 2017 2419 733
2037 2364 2215 2419 XXIX,
2238 2379 2283 2419 2,
2308 2379 2360 2423 9,
2384 2364 2547 2423 Virgil.
2573 2363 2745 2424 Georg.

1451 2434 1541 2492 ΙΙΙ,
1563 2431 1681 2489 306,
1715 2435 1796 2495 lv,
1818 2433 1935 2490 334,
1962 2435 2215 2480 Columella
2232 2437 2334 2490 VII,
2356 2450 2403 2491 2,
2432 2435 2474 2480 3.

1516 2577 1713 2638 Diogen.
1733 2580 1788 2623 L.
1823 2579 1870 2634 1,-
1898 2577 1983 2635 25,
2008 2578 2067 2623 de
2088 2579 2276 2624 Thalete
2305 2580 2525 2627 Milesio:
2547 2581 2677 2627 Δοκεῖ
2699 2577 2743 2625 δὲ

1439 2644 1526 2692 ’καὶ
1549 2647 1592 2693 ἐν
1620 2651 1707 2702 τοῖς
1738 2648 2027 2702 πολιτικοῖς”
1999 2668 2155 2713 αριστα
2191 2649 2515 2713 βεὸουλευσθαι.
2549 2650 2741 2714 Κροίσου

1453 2723 1552 2781 γοῦν
1567 2719 1813 2786 πέμψαντος
1825 2719 1929 2785 πρὸς
1949 2721 2187 2779 Μιλησίους
2207 2720 2279 2767 ἐπὶ
2303 2722 2553 2785 συμμαγία,
2574 2722 2738 2768 ἐκώὶυ-

1452 2810 1538 2838 σεν·
1559 2790 1679 2857 ὅπερ,
1700 2791 1843 2857 Κύρου
1863 2792 2176 2857 κρατήσαντος,
2197 2792 2332 2840 ἔσωσε
2357 2792 2433 2851 τὴν
2453 2793 2595 2840 πόλιν.
2620 2792 2741 2841 Κλύ-

1451 2883 1520 2918 τος
1536 2865 1668 2928 (olim
1690 2864 1764 2912 καὶ
1786 2865 1922 2928 αὐτὸς)
1943 2865 1988 2912 δέ
2013 2885 2159 2931 φησιν,
2181 2886 2238 2918 ως
2258 2865 2543 2931 Ἡρακλείδης
2562 2868 2740 2929 ἱστορεῖ,

1454 2937 1620 3002 μονήρη
1643 2938 1768 2984 αὐτὸν
1789 2936 2007 3001 γεγονέναι
2034 2938 2108 2985 καὶ
2132 2940 2343 2996 ἰδιαστήν.

1453 3086 1574 3125 quam
1586 3076 1851 3126 gallinaceus·
1872 3077 2024 3116 collum
2044 3077 2222 3128 nigrum,
2241 3076 2412 3118 crassius
2431 3078 2470 3117 et
2490 3076 2648 3116 brevius
2662 3076 2741 3126 gal-

1451 3139 1643 3179 linaceis:
1634 3151 1804 3191 ·corpus
1823 3152 1918 3180 vero
1936 3142 2067 3180 totum
2085 3142 2356 3191 variegatum,
2376 3141 2558 3180 universo
2580 3139 2739 3190 quidem

1453 3205 1585 3244 colore
1601 3205 1746 3253 rubro,
1763 3206 1832 3246 sed
1854 3217 1900 3245 eo
1918 3207 2196 3256 frequentibus
2213 3205 2313 3245 albis
2336 3205 2504 3244 maculis
2524 3204 2737 3250 distincto,

1452 3267 1592 3319 [non]
1609 3269 1824 3319 maioribus
1841 3280 1962 3320 quam
1988 3270 2127 3310 lentes.
2147 3271 2288 3310 Insunt
2305 3270 2439 3308 autern
2456 3269 2495 3307 hi
2518 3267 2708 3307 orbiculi
2700 3279 2737 3305 m

1452 3332 1643 3382 rhombis,
1663 3332 1732 3383 qui
1747 3332 1870 3382 magis
1885 3333 1985 3383 nigri
2000 3335 2093 3372 suut
2108 3343 2229 3383 quam
2246 3333 2354 3372 color
2371 3332 2589 3371 universus.
2607 3332 2738 3375 Quare

1451 3398 1571 3437 etiam
1588 3397 1660 3447 ipsi
1676 3397 1832 3436 rhombi
1850 3397 2082 3437 varietatem
2101 3397 2275 3447 aliquam
2303 3395 2505 3435 efficiunt:
2526 3405 2650 3444 quuui
2673 3392 2734 3439 id,

1451 3462 1586 3512 quod
1575 3474 1615 3502 in
1632 3461 1708 3500 illis
1728 3461 1886 3511 nigrum
1903 3464 1984 3510 est,
2002 3462 2105 3500 intra
2127 3472 2169 3501 se
2188 3461 2389 3500 contineat
2415 3459 2586 3498 colorem
2603 3455 2734 3496 candi-

1451 3528 1626 3578 diorem;
1647 3524 1687 3566 id
1707 3538 1800 3566 vero
1817 3527 1922 3578 quod
1947 3527 2105 3576 album,
2124 3526 2298 3565 colorem
2321 3525 2446 3564 multo
2465 3522 2733 3586 nigriorem.»

1502 3666 1642 3716 Clytus
1661 3665 1930 3705 aristotelicus
1957 3665 1998 3704 in
2020 3665 2132 3704 libris
2150 3667 2215 3704 Dc
2230 3663 2365 3703 Mileto
2389 3659 2634 3711 Polycratem
2655 3655 2730 3701 ait,
2791 3694 2795 3698 ,

1453 3730 1678 3771 Samiorum
1708 3730 1944 3778 tyrannum,
1965 3729 2086 3768 luxus
2106 3727 2236 3767 studio
2259 3724 2452 3776 quidquid
2470 3723 2571 3761 esset
2588 3719 2733 3767 ubique

1451 3793 1584 3834 nobile
1599 3794 1639 3832 et
1658 3793 1808 3831 clarum
1830 3792 2016 3842 coegisse,
2038 3800 2156 3831 canes
2177 3801 2227 3830 ex
2245 3790 2384 3839 Epiro,
2407 3795 2542 3836 capras
2557 3794 2579 3821 e
2594 3784 2728 3828 Scyffl·

1451 3860 1586 3900 Mileto
1602 3869 1711 3906 oves,
1727 3868 1817 3896 sues
1836 3868 1858 3897 e
1877 3858 2017 3898 Sicilia.

1501 3988 1664 4028 Constat
1693 3987 1896 4026 Thaletem
1923 3986 2041 4025 etiam
2074 3982 2297 4033 reipublicae
2334 3974 2550 4016 commodis
2581 3971 2728 4020 optime

1450 4050 1704 4092 consuluisse.
1740 4052 1839 4090 Nam
1874 4059 1999 4099 quum
2030 4047 2198 4087 Milesios
2231 4046 2388 4083 croesus
2414 4038 2462 4076 ad
2500 4035 2726 4073 societalem

1448 4115 1659 4156 ineundam
1676 4115 1924 4164 sollicitaret,
1941 4112 2092 4152 obstitit
2115 4110 2206 4150 ille:
2225 4117 2346 4157 eaque
2362 4114 2423 4143 res
2444 4102 2602 4151 postea,
2623 4100 2678 4146 C)
2683 4108 2726 4134 ΓΟ

1449 4180 1612 4219 victoria
1625 4180 1764 4230 potito,
1778 4177 2059 4218 saluseivitatis
2075 4175 2161 4214 suit.
2176 4173 2418 4221 elytusxero
2431 4163 2581 4210 asserit,
2598 4164 2724 4199 uttra

1448 4244 1502 4283 dit
1517 4243 1751 4291 Heraclides,
1766 4241 1978 4280 solitariam
1991 4249 2082 4278 eum
2102 4247 2148 4275 ac
2165 4235 2353 4285 privatam
2371 4230 2490 4268 witam
2508 4226 2722 4265 adamim?-
