3016 4628
1159 256 1565 306 FRAGMENTA.
2651 266 2704 304 5,

680 370 752 419 15.

27 467 47 532 i),
102 499 103 502 ¹
142 476 289 534 Etym.
308 474 371 518 M.
399 466 639 530 εΛόγχας
665 462 742 515 τὰς
767 460 941 526 μερίδας
973 453 1120 511 Ἴωνες
1147 456 1356 519 λέγουσιν.

76 545 178 593 Ἴων
195 545 239 590 ἐν
257 541 365 591 Χίου
395 540 531 587 κτίσει
553 537 644 600 (sic
678 536 851 590 Bentl.;
881 531 991 580 Κίου
1022 529 1173 587 κτήσει
1198 530 1358 590 libri)-

77 631 97 654 α
122 608 206 657 Ἕκ
231 610 307 664 τῆς
332 605 435 658 τέως
455 602 616 664 λόγχης
632 599 791 663 λόγχας
807 598 961 644 ποιεῖν.
978 617 997 638 »

145 681 215 729 Cf.
238 679 435 738 Hesych.
460 692 507 720 v.
531 672 685 735 Λόγχη
714 681 759 717 et
783 668 997 732 Δίλοχχον
1018 685 1028 712 :
1054 665 1262 729 Δίλογχον
1283 662 1358 720 τὴν

72 748 224 810 ἣένδιν
238 751 446 814 Κρατῖνος
459 746 503 793 ἐν
524 742 747 808 Θρᾴτταις
772 740 991 797 ἐκάλεσεν,
1008 737 1104 795 ἤτοι
1128 735 1192 784 ὅτι
1209 735 1282 782 δύο
1295 754 1360 781 τι·

77 821 162 887 μὰς
179 817 456 884 ἐκληρώσατο
475 815 675 882 οὐρανίαν
693 833 739 860 τε
758 812 833 860 καὶ
861 810 1032 876 χθονίαν
1044 829 1055 839 ·
1088 807 1250 872 λόγχας
1278 806 1360 872 γὰρ

31 893 257 946 winizoni,
270 890 366 946 τοὺς
388 886 595 954 κλήρους,
614 887 709 937 κτλ.
730 886 958 945 Quid-Ion
977 884 1253 944 spectaverit
1271 882 1361 925 ob-

74 982 278 1023 scutum.

605 1044 851 1061 ⁴008*—

141 1201 445 1263 PhrynichuS.
459 1214 508 1259 p.
522 1198 630 1243 312.
646 1196 719 1241 ed.
734 1195 853 1241 Lob.
873 1211 882 1238 :
903 1189 1172 1256 Παραθήκην
1187 1189 1362 1238 Ἱππίαν

76 1273 150 1324 καὶ
169 1270 299 1323 Ἴωνοί
324 1288 419 1318 τινα
447 1265 697 1332 συγγραφέα
730 1264 858 1331 φασὶν
891 1262 1135 1330 εἰρηκέναι,
1167 1262 1291 1322 ἡμεῖς
1319 1261 1361 1307 δὲ

77 1340 201 1392 τοῦτο
219 1341 591 1408 παρακαταθήκην
620 1341 823 1403 ἐροῦμεν,
847 1338 903 1390 ὡς
938 1334 1127 1384 Πλᾶτων
1153 1333 1226 1382 καὶ
1246 1337 1365 1383 Θου-

10 1468 11 1473 ,
77 1417 251 1474 κυδίδης
266 1415 341 1464 καὶ
365 1411 663 1476 Δημοσθένης.

141 1494 266 1538 Num
279 1491 376 1535 haec
393 1489 454 1534 ad
471 1490 633 1533 Ionem
660 1493 873 1530 nostrum
885 1518 897 1540 ,
923 1493 1159 1542 tamquam
1177 1498 1367 1544 συγγρα-

79 1561 160 1631 φέα
184 1563 484 1626 gralmnatico
501 1577 599 1605 non
616 1568 806 1614 notum,
829 1573 888 1601 an
911 1557 972 1601 ad
988 1557 1131 1600 alium
1155 1555 1364 1614 quemvis

78 1638 292 1684 Ionicum
313 1635 591 1694 scriptorem
610 1631 897 1691 pertineant,
927 1629 1074 1687 quaeri
1086 1629 1250 1687 possit.
1270 1629 1368 1671 He-

76 1709 304 1755 rodotum
319 1708 414 1751 istis
433 1706 585 1750 verbis
602 1704 757 1748 notari
772 1710 906 1761 putat
923 1699 1149 1746 Dindorf.
1169 1701 1219 1743 in
1235 1700 1366 1743 Thes.

78 1782 222 1830 (ιι-Ν.
242 1775 502 1842 Παραθήκη.
518 1778 589 1821 De
609 1790 703 1835 quo
721 1774 1048 1818 dubitaverim.

687 1885 760 1926 17.

145 1972 308 2020 Suidas
326 1979 371 2017 et
388 1971 580 2018 Photius
598 1986 609 2013 :
628 1964 836 2030 Ὑμεῖς,
863 1956 1226 2030 ὦΜεγαρεῖς,
1247 1965 1367 2013 οὔτε

79 2044 251 2110 τρίτοι
285 2040 405 2089 οὔτε
457 2039 729 2104 τέταρτοι·
762 2040 977 2104 Χρησμοῦ
1006 2037 1248 2100 κομμάτιόν
1281 2039 1369 2084 ἐστι

80 2113 468 2184 παροιμιαζόμενον
501 2111 632 2165 οὕτως
652 2113 862 2176 (initium
885 2113 1063 2158 oraculi
1084 2109 1270 2175 excidit)
1302 2129 1311 2156 :

182 2221 320 2261 Ἵππον
337 2219 579 2268 Θεσσαλικὴν
591 2249 603 2269 ,
619 2217 926 2268 Λακεδαιμονίην
941 2231 983 2257 τε
1002 2220 1167 2265 γυναῖκα
1178 2246 1190 2266 ,

184 2279 312 2329 ἄνδρες
327 2279 359 2317 δ’
380 2277 416 2316 οἳ
433 2276 607 2317 πίνουσιν
624 2278 726 2327 ὕδωρ
753 2277 870 2323 καλῆς
890 2276 1111 2325 Ἀρεθούσης
1123 2286 1132 2294 ·

184 2334 264 2376 ἀλλ’
283 2335 338 2375 ἔτι
353 2335 419 2376 καὶ
437 2335 540 2376 τοῦδ’
555 2336 652 2375 εἰσὶν
669 2333 861 2384 ἀμείνονες
879 2333 957 2372 οἵτε
975 2333 1115 2383 μεταξὺ

188 2393 368 2447 Τίρυνθος
382 2394 534 2434 ναίουσι
549 2394 615 2432 καὶ
630 2391 827 2443 Ἀρκαδίης
845 2391 1068 2442 πολυμήλου
1079 2420 1091 2439 ,

189 2453 348 2504 Ἀργεῖοι
366 2452 636 2504 λινοθώρηκες,
653 2450 790 2500 κέντρα
804 2449 1035 2499 πτολέμοιο.

186 2511 312 2562 Ὑμεῖς
326 2510 361 2549 δ’
382 2510 527 2560 Αἰγιέες
543 2509 630 2548 οὔτε
653 2506 771 2558 τρίτοι
783 2535 794 2554 ,
812 2506 900 2545 οὔτε
913 2507 1107 2558 τέταρτοι,

185 2569 274 2610 οὔτε
289 2569 538 2616 δυωδέκατοι,
554 2564 634 2605 οὔτ’
650 2565 689 2605 ἐν
703 2564 830 2615 λόγῳ,
850 2563 928 2603 οὔτ’
949 2565 987 2603 ἐν
1007 2564 1166 2615 ἀριθμῷ.

43 2696 46 2698 -
85 2661 267 2729 Ἱστορεῖ
299 2661 343 2710 δὲ
367 2652 595 2719 Μνασέας,
627 2657 693 2706 ὅτι
720 2658 880 2723 Αἰγιεῖς
914 2660 952 2705 οἱ
977 2660 1020 2706 ἐν
1052 2655 1207 2722 Ἀχαΐᾳ
1230 2675 1374 2704 κατα-

85 2733 446 2800 ναυμαχήσαντες
477 2729 696 2784 Αἰτωλοὺς
715 2730 789 2778 καὶ
807 2728 1012 2783 λαὸόντες
1035 2727 1371 2792 πεντηκόντορον

87 2808 227 2854 αὐτῶν
255 2805 436 2863 δεκάτην
463 2805 597 2852 Πυθοῖ
622 2801 888 2856 ἀνατιθέντες
910 2801 1090 2866 ἠρώτων
1113 2800 1220 2855 τίνες
1239 2800 1376 2865 κρείτ-

88 2896 183 2931 τους
217 2870 300 2924 εἷεν
330 2879 414 2924 τῶν
445 2873 686 2933 Ἑλλήνωψ
724 2877 752 2931 ἡ
785 2873 829 2921 δὲ
860 2871 1003 2923 Πυθία
1029 2871 1211 2937 ἔχρησεν
1234 2874 1376 2926 αὐτοῖς

87 2950 142 2998 τὰ
164 2948 445 3016 προκείμενα.
470 2947 562 2996 Καὶ
580 2943 683 2995 Ἴων
699 2945 744 2993 δὲ
766 2948 967 3010 Αἰγιεῦσι
983 2945 1157 3004 δοθῆναι
1174 2943 1245 2992 τὸν
1264 2963 1378 3011 χρηυ

89 3020 195 3084 σμὸν
211 3022 388 3088 ἱστορεῖ.
405 3021 530 3074 Τινὲς
549 3017 594 3066 δὲ
611 3017 771 3066 οἴονται
789 3021 1062 3083 Μεγαρεῦσιν
1082 3016 1277 3082 εἰρῆσθαι
1296 3020 1377 3065 αὐ-

88 3092 160 3140 τὸν
179 3091 255 3143 καὶ
270 3091 582 3160 προφέρονται·
604 3090 793 3154 εΥμεῒς
811 3091 872 3147 δ’,
889 3083 925 3139 ὦ
946 3090 1238 3153 Μεγαρεῖς,
1259 3088 1374 3138 οὔτε

89 3164 262 3230 τρίτοι
280 3166 397 3223 κτλ.,
416 3167 474 3220 ὣς
489 3162 563 3212 καὶ
581 3161 870 3227 Καλλίμαχος
887 3163 929 3209 ἐν
954 3164 1040 3216 τοῖς
1056 3162 1377 3227 Ἐπιγραμμα-

89 3235 192 3293 τίοις
209 3238 293 3302 (26
316 3237 391 3286 ed.
415 3237 588 3298 Bentl.)

140 3445 298 3497 Λόγχας
326 3447 440 3485 lones
471 3443 608 3484 dicunt
631 3447 790 3495 partes.
826 3447 897 3483 Ion
926 3446 984 3483 De
1013 3444 1101 3483 Chii
1127 3443 1342 3494 originibus
1367 3461 1376 3484 ε

93 3520 122 3544 ιι-
141 3510 203 3549 Ex
222 3519 303 3549 una
325 3519 423 3560 qun
445 3518 514 3561 per
533 3509 690 3558 tempus
718 3508 846 3547 suerat
868 3508 979 3557 parte
1000 3509 1131 3557 partoe
1157 3508 1380 3558 complures

94 3571 236 3617 faoere.
256 3590 277 3610 ι)

702 3643 771 3683 16.

146 3708 375 3761 Παραθήκην
387 3708 571 3760 Hippiam
585 3710 626 3750 et
638 3711 775 3749 Ionem
786 3707 1016 3758 scriptorem
1025 3707 1225 3758 quendam
1237 3708 1381 3749 dixisse

96 3769 230 3822 aiunt,
245 3783 317 3817 nos
333 3772 374 3814 id
393 3773 719 3824 παρακαταθήκην
734 3782 946 3821 vocamus,
971 3772 1018 3810 ut
1038 3772 1150 3811 Plato
1167 3773 1206 3811 et
1221 3772 1380 3822 Thucy-

96 3833 207 3879 dides
222 3838 263 3878 et
281 3837 574 3881 Demosthenes.

185 3991 299 4036 [mter
313 4000 440 4031 omnes
455 3995 571 4030 terras
584 3995 734 4039 prestat
746 3992 976 4038 Pelasgicum
991 3992 1133 4038 Argos]

183 4046 279 4087 inter
292 4056 400 4095 equas
419 4048 628 4087 Thessalicae
644 4050 842 4095 praestant,
858 4049 957 4087 inter
973 4047 1126 4086 feminas
1154 4049 1382 4112 Lacedaemo·

186 4159 281 4196 inter
295 4160 393 4197 viros
407 4161 433 4196 ii
443 4161 504 4207 qui
520 4171 651 4207 aquam
669 4162 804 4198 bibunt
822 4163 960 4209 pulcrae
979 4163 1186 4202 Arethusoe;
1278 4105 1383 4149 [Μεθ’

186 4217 251 4254 sed
266 4219 533 4263 praestantiores
547 4219 656 4256 etiam
670 4220 770 4256 hisce
785 4223 873 4256 sunt
888 4221 950 4264 qui
967 4221 1064 4258 inter

1499 363 1668 407 Eadem
1708 369 1894 406 narrant
1933 365 2080 406 TzetZ.
2120 361 2235 409 Chil.
2257 366 2342 418 IX,
2370 365 2470 411 hist.
2515 381 2598 425 ²9¹
2620 402 2631 423 ,
2671 385 2713 412 V.

1435 436 1525 488 864
1542 435 1838 493 s‹1(1.;Schol.
1856 434 2087 479 Theocrit.
2110 436 2234 487 le,
2257 436 2340 489 [483
2368 438 2571 483 Eustath.
2591 440 2649 482 ad
2667 441 2719 482 ΙΙ.

1435 508 1498 564 B,
1518 507 1605 563 574
1629 523 1677 564 p.
1704 521 1794 564 292
1810 539 1821 561 ‚
1846 506 1873 548 6
1891 539 1903 560 ,
1923 506 2002 548 ubi
2026 514 2177 547 tamen
2200 508 2322 548 lonis
2342 524 2433 550 non
2460 509 2507 550 lit
2532 514 2719 555 mentio.

1434 579 1661 624 Tzetzesl.
1689 579 1718 623 l.
1752 594 1760 620 :

1536 665 1716 707 Μνασέας
1728 663 1768 701 δὲ
1783 663 1804 700 ὁ
1819 663 2012 714 Παταρεὺς
2030 662 2067 700 ἐν
2083 667 2160 708 τοῖς
2178 664 2293 701 αὐτοῦ
2314 664 2468 712 βώλίοις

1538 720 1674 765 αὐτούς
1690 734 1780 769 φησι
1799 720 1885 763 τοὺς
1912 721 2052 769 Αἰγιεῖς
2069 721 2154 765 τοὺς
2177 721 2214 759 ἐν
2233 725 2276 768 τῇ
2299 720 2432 770 Ἀχαία
2446 750 2455 767 ,

1538 779 1626 823 τοὺς
1644 778 1835 821 Αἰτωλοὺς
1852 778 2080 823 νικήσαντας
2101 778 2207 827 μάχῃ
2229 783 2274 827 τῇ
2296 779 2396 816 κατὰ
2414 779 2550 816 στόλον

1539 840 1631 875 ναῦν
1647 836 1792 875 τούτων
1809 835 2106 885 πεντηκόντορον
2126 836 2246 874 Πυθοῖ
2264 836 2510 885 ἀναθεμένους
2525 867 2535 882 ,

1540 895 1605 933 καὶ
1622 894 1848 943 ἐπαρθέντας
1869 894 1929 932 ἐπ’
1948 893 2043 942 αὐτῇ
2060 893 2310 932 πυνθάνεσθαι
2338 898 2384 943 τῇ
2407 894 2491 942 νίκῃ
2508 909 2516 916 ·

1541 951 1654 990 τίνων
1672 951 1861 998 Ἑλλήνων
1875 950 2084 1001 κρείττονες
2103 953 2274 990 τελοῦσιν
2292 946 2351 989 ἐπ’
2374 951 2551 1002 ἀνδρείᾳ;

1541 1010 1619 1055 Τὴν
1636 1009 1676 1048 δὲ
1696 1008 1841 1049 Πυθίαν
1860 1009 1953 1058 πρὸς
1971 1009 2107 1053 αὐτοὺς
2123 1009 2212 1047 τάδε
2229 1009 2276 1047 τὰ
2296 1009 2369 1054 ἔπη
2386 1008 2499 1054 φάναι
2512 1020 2522 1029 ·

1544 1083 1562 1099 «
1586 1066 1699 1112 Γαίης
1718 1067 1783 1117 μὲν
1798 1066 1926 1111 πάσης
1956 1066 1999 1104 τὸ
2021 1066 2259 1114 Πελασγικὸν
2278 1066 2408 1115 Ἄργος
2430 1066 2606 1116 ἄμεινον,

1541 1125 1653 1163 ἰ’πποι
1667 1125 1914 1172 Θετταλικαὶ,
1934 1123 2234 1173 Λακεδαιμόνιαι
2255 1124 2295 1162 δὲ
2311 1128 2485 1172 γυναῖκες
2502 1127 2584 1164 κτλ.
2609 1144 2624 1158 υ

1543 1185 1687 1222 Τοῦτον
1705 1183 1746 1221 ὃν
1763 1182 1853 1233 ἔφην
1873 1183 1937 1221 τὸν
1954 1183 2128 1233 χρησμὸν
2153 1183 2238 1220 κατ’
2257 1182 2346 1226 ἔπος
2363 1183 2464 1221 οὕτω
2485 1184 2585 1232 λέγει

1541 1240 1722 1285 Μνασέας
1741 1242 1912 1289 Αἰγιεῦσι
1928 1241 1994 1290 μὲν
2013 1241 2140 1284 αὐτοῖς
2157 1241 2497 1291 χρησμῳδηθῆναι·

1543 1300 1564 1336 ὁ
1583 1299 1623 1336 δὲ
1640 1298 1887 1348 Καλλίμαχος
1903 1299 2021 1336 αὐτοῦ
2041 1301 2118 1342 τοῖς
2137 1299 2264 1348 λόγοις
2289 1299 2526 1337 ἀντιπίπτων

1544 1356 1615 1395 οὐκ
1631 1357 1826 1406 Αἰγιεῦσιν
1847 1356 1994 1406 εἴρηκεν
2007 1386 2019 1405 ,
2040 1356 2135 1394 ἀλλὰ
2153 1360 2231 1401 τοῖς
2246 1358 2499 1406 Μεγαρεῦσιν.

1439 1433 1561 1475 Num
1599 1431 1724 1473 Ionis
1759 1431 1937 1474 mentio
1971 1444 2046 1488 ap.
2086 1429 2278 1473 Suidam
2307 1439 2433 1474 recte
2457 1446 2502 1474 sc
2535 1431 2726 1484 habeat,

1442 1503 1627 1548 dubito.
1655 1501 1795 1563 Apud
1816 1505 2024 1546 Tzetzem
2052 1503 2103 1545 in
2129 1499 2221 1546 fine
2252 1504 2530 1546 narrationis
2566 1506 2732 1548 iterum

1441 1585 1728 1621 memoratur
1743 1577 1963 1621 Mnaseas,
1982 1576 2136 1633 Quare
2160 1576 2316 1619 nescio
2343 1590 2402 1619 an
2425 1591 2499 1634 ap.
2525 1577 2729 1623 Suidam.

1443 1649 1554 1697 ΚΑΙ
1568 1648 1761 1696 ΙΩΝΔΕ
1777 1658 1932 1692 ortum
1942 1649 1999 1692 sit
2012 1663 2069 1692 ex
2083 1645 2365 1707 compendio
2378 1650 2615 1708 scripturae
2633 1651 2734 1697 ΚΑΙ

1443 1721 1638 1769 ΜΝΑΣ.
1683 1723 1854 1765 Praeter
1891 1720 2076 1765 laudata
2114 1720 2173 1766 cf.
2211 1721 2430 1779 Stephan.
2472 1737 2516 1766 v,
2553 1719 2729 1783 Αἴγιον,

1443 1795 1656 1854 Apostol.
1698 1795 1748 1848 Ι,
1795 1793 1880 1849 803
1915 1794 2194 1852 Diogenian.
2238 1794 2284 1847 I,
2324 1792 2410 1849 803
2448 1796 2608 1840 Arsen.
2646 1797 2735 1851 26;

1443 1868 1618 1914 Zenob.
1649 1869 1696 1923 Ι,
1734 1866 1821 1926 48,
1851 1866 1933 1910 ubi
1967 1867 2238 1910 Leutschius
2260 1867 2390 1912 haec:
2431 1887 2449 1907 «
2488 1869 2739 1913 Oraculum
2808 1876 2811 1880 ’

1443 1941 1676 2000 integrum
1715 1947 1860 1984 exstat
1894 1939 2020 1998 apud
2054 1940 2198 1986 schol.
2232 1939 2291 1983 ad
2333 1941 2565 1994 Theocrit.
2603 1943 2736 1998 XIV,

1446 2011 1524 2069 73,
1539 2012 1682 2056 Anth.
1700 2012 1842 2057 Palat.
1860 2012 1994 2067 XIV,
2012 2011 2089 2067 73,
2107 2011 2188 2055 ubi
2201 2012 2296 2058 vid.
2314 2014 2556 2058 Jacobsius
2576 2030 2586 2057 ε
2607 2015 2738 2073 quod

1446 2082 1591 2144 quum
1650 2085 1727 2130 alii
1774 2085 2120 2144 Megarensibus
2167 2084 2259 2144 (Cf.
2308 2086 2369 2129 W
2371 2088 2629 2133 iistemann.
2681 2086 2740 2131 ad

1445 2157 1644 2201 Theocr.
1674 2158 1703 2201 l.
1733 2152 1821 2217 1.)‚
1854 2157 1933 2201 alii
1963 2156 2254 2216 AEgiensibus
2279 2155 2454 2216 (Strab.
2481 2159 2551 2214 X,
2579 2175 2626 2216 1,
2662 2160 2735 2212 13,

1445 2244 1494 2287 p.
1532 2225 1650 2290 449)
1691 2228 1853 2272 datum
1877 2243 1971 2272 esse
2006 2228 2368 2286 contenderent,
2397 2230 2565 2274 factum
2597 2241 2662 2275 est
2691 2241 2741 2276 ut

1445 2300 1692 2359 scriptores
1712 2314 1769 2343 eo
1791 2298 2136 2344 utentes'modo
2161 2300 2360 2344 adhunc
2373 2301 2518 2345 modo
2536 2303 2595 2347 ad
2609 2304 2739 2347 illum

1407 2403 1414 2419 .
1445 2372 1677 2430 populum
1703 2371 1947 2416 referrent.
1998 2371 2217 2416 Libanius
2248 2374 2393 2432 Epist.
2426 2372 2547 2418 1516
2582 2391 2591 2418 :
2630 2375 2742 2421 ἀλλὰ

1446 2445 1519 2488 νῦν
1541 2444 1563 2488 ὃ
1581 2441 1641 2503 μὴ
1661 2441 1831 2488 ἐκείνων
1854 2442 1935 2504 (sc.
1950 2444 2035 2487 τῶν
2055 2440 2219 2504 νόμων)
2241 2441 2433 2506 μετέχων
2451 2444 2622 2508 Αἰγιεὺς
2643 2447 2743 2492 ἀτε-

1447 2516 1583 2577 χνῶς,
1610 2512 1697 2561 οὔτ’
1714 2515 1757 2561 ἓν
1781 2513 1897 2579 λόγῳ
1917 2512 2006 2560 οὔτ’
2034 2515 2077 2560 ἐν
2103 2515 2272 2580 ἀριθμῷ
2289 2534 2298 2543 ·
2317 2527 2571 2578 utrumque
2589 2522 2742 2564 nomi—

1447 2596 1527 2632 nat
1555 2586 1787 2633 Plutarch.
1823 2590 1982 2647 Symp.
2008 2591 2071 2643 V,
2101 2604 2125 2645 7
2157 2605 2167 2631 z
2195 2590 2280 2633 τῶν
2314 2587 2358 2634 δὲ
2389 2590 2739 2654 Δημοκριτείων,

1449 2659 1553 2723 ἔφη,
1572 2657 1760 2706 εἰδώλων
1774 2696 1787 2721 ,
1805 2657 1951 2723 ὥσπερ
1972 2659 2157 2722 Αἰγιέων
2178 2658 2207 2713 ἢ
2225 2660 2465 2725 Μεγαρέων
2480 2662 2658 2727 ἀριθμὸς
2675 2666 2744 2710 οὐ-

1450 2729 1533 2783 δεὶς
1553 2729 1648 2778 οὐδὲ
1666 2729 1811 2794 λόγος,
1827 2734 1909 2777 ubi
1925 2734 2044 2778 male
2061 2734 2274 2778 Reiskius
2289 2736 2528 2796 Αἰγινητῶν
2553 2738 2643 2798 legi
2660 2755 2742 2783 vo-

1449 2805 1536 2847 luit
1569 2803 1665 2865 (Cf.
1693 2806 1874 2850 Miiller.
1907 2807 2111 2867 AEginet.
2148 2821 2200 2865 p.
2250 2808 2364 2867 140)
2384 2843 2396 2863 ‚
2432 2812 2640 2867 quamvis
2668 2827 2744 2870 ap.
2804 2809 2806 2811 ’

1449 2878 1656 2921 Eustath.
1692 2879 1865 2937 opusc,
1902 2894 1949 2938 p.
1979 2877 2070 2935 257
2086 2912 2098 2934 ‚
2139 2892 2198 2935 70
2223 2880 2322 2924 Taf.
2356 2882 2534 2941 legatur
2572 2899 2581 2926 :
2621 2884 2746 2929 Διεκ-

1451 2946 1647 3012 φαίνεται
1669 2946 1712 2996 δὲ
1734 2949 1846 2996 κατά
1861 2968 1955 2995 τινα
1973 2949 2264 3014 παροιμιακὸν
2279 2950 2516 3013 Αἰγινήτην
2537 2953 2745 3015 (μάλιστα

1452 3018 1529 3081 μὲν
1556 3011 1627 3066 οὖν
1662 3020 1840 3085 Αἷγιέα)
1865 3021 1961 3069 οὔτε
1993 3020 2186 3085 δεύτερος
2210 3022 2286 3069 καὶ
2304 3023 2399 3070 οὔτε
2420 3024 2600 3089 τρίτοςῆ
2623 3026 2747 3078 ἄλλος

1450 3092 1703 3147 πολλοστός·
1736 3092 1845 3142 add.
1871 3095 2078 3156 Alciphr.
2107 3098 2252 3156 Epist.
2294 3097 2477 3154 111‚·34
2508 3116 2518 3143 t
2546 3101 2671 3160 ἡμῶν
2692 3102 2748 3151 ὡς

1452 3163 1690 3228 Μεγαρέων
1713 3163 1740 3222 ἢ
1765 3165 1951 3228 Αἰγιέων
1974 3166 2106 3220 οὐδεὶς
2143 3167 2281 3231 λόγος.
2305 3171 2485 3216 Alludit
2503 3174 2741 3217 Demosth.

1453 3237 1556 3301 Pro
1575 3240 1788 3299 coron.§
1823 3239 1932 3300 309.
1963 3262 1981 3279 »

1538 3375 1753 3418 'l'irynthem
1769 3375 1936 3411 habitant
1950 3379 1988 3412 et
2004 3377 2195 3412 Arcadiam
2212 3378 2342 3414 ovibus
2357 3379 2509 3414 divitem
2521 3406 2531 3418 .

1540 3431 1666 3475 Argivi
1680 3432 1812 3468 linteos
1824 3432 1990 3469 thoraces
2005 3436 2187 3477 gestantes
2197 3459 2206 3476 ‚
2224 3435 2340 3470 aculei
2357 3435 2559 3471 bellorum.

1541 3491 1588 3524 At
1602 3498 1687 3529 vos,
1704 3489 1905 3532 AEgienses‚
1925 3498 2042 3534 neque
2060 3491 2159 3525 tertii
2172 3491 2257 3526 estis
2277 3501 2397 3536 neque
2415 3499 2534 3536 quarn

1542 3551 1660 3588 neque
1674 3544 1897 3588 duodecimi,
1916 3555 1985 3580 nec
2000 3547 2155 3582 omnino
2173 3548 2209 3581 in
2224 3557 2422 3584 numerum
2437 3553 2472 3584 ct
2490 3550 2669 3584 rationem
2689 3559 2747 3583 ve-

2607 3606 2746 3649 [nisus.

1453 3700 1599 3741 Narrat
1614 3711 1706 3740 vero
1729 3703 1908 3742 Mnaseas
1927 3703 2058 3751 (libro
2080 3707 2135 3743 De
2151 3705 2360 3753 oraculis)
2378 3705 2574 3754 AEgienses
2591 3704 2746 3743 Achaiae

1453 3775 1581 3815 quum
1596 3765 1735 3815 proelio
1754 3766 1884 3805 navali
1903 3768 2042 3807 contra
2062 3767 2212 3808 AEtolos
2227 3768 2438 3807 commisso
2457 3767 2664 3806 victoriam
2685 3778 2745 3805 re-

1454 3831 1696 3880 portassent,
1724 3829 1919 3870 decimam
1948 3831 2093 3881 praedae
2125 3831 2287 3882 Delphis
2315 3832 2542 3871 dedicantes
2573 3832 2740 3870 interto-

1454 3904 1565 3943 gasse
1586 3894 1748 3943 quinam
1765 3895 1996 3934 Graecorum
2016 3897 2145 3934 essent
2160 3894 2484 3945 praestantissimi.
2513 3893 2745 3943 Respondit-

1455 3967 1534 4008 que
1564 3957 1710 4007 Pythia
1738 3968 1831 4008 quae
1859 3957 1979 3998 modo
1999 3958 2268 4008 apposuimus.
2294 3962 2349 3997 Ac
2367 3961 2436 3996 lon
2467 3958 2744 4007 (Mnaseasf’)

1455 4021 1634 4079 quidem«
1652 4021 1899 4071 AEgiensibus
1927 4023 2136 4062 oraculum
2171 4022 2309 4061 (latum
2333 4022 2488 4070 narrat,
2513 4023 2650 4059 contra
2680 4020 2744 4058 alii

1455 4085 1746 4135 Megarensibus
1767 4085 1822 4124 ita
1849 4096 2080 4136 responsum
2099 4096 2182 4124 esse
2204 4085 2338 4133 aiunt,
2372 4084 2613 4133 leguntque:
2646 4099 2664 4116 «
2694 4085 2744 4122 At

1456 4160 1549 4198 vos,
1571 4151 1826 4199 Megarenses,
1842 4160 1971 4200 neque
1991 4149 2098 4188 tertii
2117 4150 2231 4197 estis,
2249 4151 2342 4196 etc„
2365 4164 2383 4181 »
2407 4147 2741 4196 quemadmodum

1457 4213 1575 4251 etiam
1593 4213 1860 4252 Callimachus
1874 4212 1914 4251 in
1933 4212 2231 4262 Epigrammatis
2249 4212 2396 4250 statuit.

2537 4283 2557 4313 ι
