3016 4628
269 334 362 372 '223

261 437 485 495 accepisse
511 434 697 479 dicitur.
736 430 910 479 Eadem
938 429 1103 478 eodem
1139 432 1281 478 'modo
1313 443 1547 491 tamquam
1585 431 1590 479 l

261 509 318 551 ab
339 507 583 552 Heraclide
597 505 998 566 Pontico'prodita
1011 514 1057 550 et
1079 505 1248 550 deinde
1265 504 1323 548 ab
1344 505 1548 549 Alexan-
1585 517 1590 579 ’1

261 580 405 624 drinis
428 580 648 638 adoptata
679 578 820 624 refert
854 579 1126 623 Plutarchus
1151 579 1198 620 in
1231 578 1362 621 Alex.
1388 593 1428 621 c.
1460 576 1544 629 26,

259 652 341 695 ubi
367 652 541 696 oraculi
578 660 757 706 auctor,
794 652 875 710 qui
911 666 996 710 per
1026 644 1240 694 somnum
1275 649 1546 694 Alexandro

259 724 498 783 apparuit,
519 723 653 767 fuisse
668 722 838 767 dicitur
862 720 971 785 ἀνὴρ
997 719 1141 772 πολιὸς
1165 711 1211 765 εὖ
1234 717 1349 779 μάλα
1374 717 1451 773 τὴν
1473 716 1547 763 κό-

262 814 365 854 μην,
385 793 459 840 καὶ
482 792 658 857 γεραρὸς
678 792 726 840 τὸ
748 785 869 845 εἶδος.
888 795 1174 853 Quibuscum
1189 795 1223 836 si
1244 806 1546 850 comparave—

263 869 320 912 ris
338 867 836 911 Pseudocallisthenem
852 865 863 927 (
880 868 901 910 I
914 900 926 920 ,
946 866 1004 910 30
1018 901 1028 919 ,
1051 881 1065 909 1
1079 865 1103 908 3
1120 873 1163 907 et
1180 864 1236 907 33
1252 897 1263 917 ,
1288 879 1303 906 1
1316 863 1386 922 3),
1403 863 1548 920 liquet

259 940 587 983 senem-istum
622 939 815 998 intelligi
848 939 1038 997 Serapin
1074 937 1212 979 deum
1246 935 1319 977 vel
1351 936 1546 976 Ammo-

267 1026 399 1067 nem,
444 1013 525 1070 qui
554 1010 820 1055 Alexandro
857 1019 960 1069 post
987 1025 1120 1052 sacra
1141 1015 1338 1067 peracta
1370 1006 1547 1049 oraculi

260 1083 518 1143 accipiendi
553 1097 685 1127 causa
718 1084 764 1126 in
801 1084 974 1140 templo
1010 1081 1084 1124 dei
1119 1078 1368 1122 dormient-i
1405 1091 1548 1137 appa-

264 1158 428 1203 ruerit.
457 1158 564 1201 Haec
593 1163 842 1215 propteiea
877 1167 1218 1204 commemoro,
1256 1149 1384 1207 quod
1415 1151 1546 1194 Iaso-

260 1243 366 1272 nem
405 1229 603 1272 multum
647 1228 704 1270 id
740 1225 957 1270 sacrificia
1011 1223 1259 1268 Alexandri
1303 1222 1547 1266 attendisse

260 1301 485 1345 docemur
509 1301 614 1344 loco
640 1299 845 1343 Athenaei
866 1299 995 1349 XIV,
1014 1310 1063 1354 p.
1090 1296 1209 1350 620,
1229 1297 1297 1348 D,
1320 1295 1434 1339 ubi:
1459 1291 1546 1340 Ἰά-

263 1359 347 1416 σῴν
370 1370 409 1416 δ’
443 1371 483 1414 ἐν
519 1368 647 1433 τρίτῳ
678 1367 774 1430 περὶ
811 1369 892 1412 τῶν
915 1365 1190 1429 Ἀλεξάνδρου
1215 1367 1338 1428 ἱερῶν
1363 1366 1404 1410 ἐν
1429 1365 1546 1412 Ἀλε-

263 1441 458 1506 ξανδρείᾳ
484 1440 609 1506 φησὶν
647 1442 686 1484 ἐν
723 1443 782 1501 τῷ
823 1457 901 1500 αγε
893 1438 997 1484 άλω
1033 1437 1198 1501 θεάτρῳ
1238 1436 1547 1501 ὑποκρίνασθαι

265 1514 479 1578 (Ηγησίαν
502 1514 554 1559 τὰ
579 1512 831 1575 Ἡροδότου,
859 1510 1157 1575 Ἑρμόφαντον
1185 1509 1229 1557 δὲ
1251 1509 1304 1556 τὰ
1324 1510 1543 1575 Ομήρου.

260 1589 467 1632 Dubium
500 1602 610 1630 xero
643 1588 718 1628 vix
744 1595 807 1628 est
838 1587 951 1643 quin
977 1585 1118 1629 veiha
1147 1586 1186 1629 ἐν
1209 1582 1338 1646 τρίτω
1366 1598 1463 1630 non
1488 1584 1546 1632 de

260 1661 480 1719 peculiari
522 1674 661 1717 opere
699 1657 919 1702 sacrificia
962 1657 1216 1702 Alexandri
1257 1668 1543 1718 exponente,

260 1734 339 1777 sed
357 1733 414 1777 de
437 1733 570 1775 tertio
599 1728 699 1776 Βίου
727 1727 934 1783 Ἱίλλοίδος
952 1732 1075 1774 libro
1099 1733 1145 1773 in
1168 1731 1419 1774 Alexandri
1437 1740 1545 1776 tem·

260 1806 452 1865 poribus
475 1812 680 1848 versante
705 1803 1003 1864 intelligenda
1028 1806 1130 1848 sint.

328 1878 406 1921 His
441 1877 497 1919 de
524 1876 696 1919 Iasonis
733 1890 875 1934 opere
906 1877 1173 1935 praemissis,
1209 1878 1456 1934 quaerimus
1488 1891 1547 1919 an

261 1966 357 1993 non
379 1949 511 1992 simili
538 1946 681 1990 modo
707 1947 999 1990 Dicaearchus
1025 1947 1071 1989 in
1099 1943 1188 2009 Βίῳ
1211 1944 1420 1999 Ἑλλάδος
1444 1963 1542 1991 rem

261 2022 519 2065 instituerit.
558 2021 670 2076 Quae
715 2019 906 2078 quidem
952 2021 1152 2078 suspicio
1196 2029 1324 2065 tanto
1366 2022 1544 2065 facilius

260 2095 473 2147 nascitur,
502 2108 646 2151 quum
674 2093 780 2136 satis
810 2100 987 2135 constet
1009 2101 1303 2151 quantopere
1324 2092 1547 2137 Adrianei

258 2155 657 2223 seculi—scriptores
671 2165 858 2222 antiqua
872 2165 1083 2223 exempla
1098 2165 1171 2208 vel
1184 2174 1289 2224 apte
1303 2165 1374 2208 vel
1393 2166 1547 2222 inepte

261 2239 424 2282 imitari
445 2238 567 2282 soliti
586 2238 691 2281 sint.
713 2238 910 2280 Tantum
925 2251 1038 2280 vero
1054 2237 1181 2281 abest
1197 2247 1250 2281 ut
1269 2237 1545 2297 fragmenta,

259 2310 426 2367 quibus
459 2309 566 2352 libri
601 2310 763 2352 notitia
803 2308 960 2352 addita
995 2316 1084 2362 est,
1116 2309 1409 2368 refragentur
1438 2310 1546 2352 huic

257 2382 487 2425 sententiae
501 2415 511 2435 ,
532 2390 584 2424 ut
604 2381 785 2440 egregie
810 2396 909 2424 eam
930 2379 1224 2425 confirment.

322 2456 503 2498 Etenim
519 2455 635 2498 liber
646 2459 825 2512 primus
842 2455 954 2497 Vitae
981 2454 1169 2499 Graeciae
1186 2455 1410 2498 laudatur
1435 2455 1548 2498 locis

260 2529 427 2583 tribus,
453 2543 653 2586 quorum
687 2529 864 2586 primus
888 2537 955 2571 est
988 2526 1065 2586 (fr.
1091 2524 1142 2586 7)
1181 2527 1239 2571 de
1275 2528 1548 2572 Sesonchosi

261 2602 582 2660 AEgyptiorum
602 2616 708 2660 rege
727 2610 771 2644 et
786 2601 1045 2660 legislatore
1067 2602 1382 2659 antiquissimo
1401 2633 1411 2655 ,
1433 2601 1549 2644 alter

262 2689 369 2717 vero
402 2670 483 2732 (fr.
511 2672 560 2732 8)
586 2672 643 2716 de
659 2674 780 2717 Nino
805 2673 992 2717 Ninives
1009 2672 1254 2718 conditore
1278 2680 1323 2717 et
1341 2673 1398 2717 de
1415 2673 1555 2734 Chal--

262 2746 385 2798 daeo,
406 2746 562 2788 tertius
588 2745 663 2802 (fr.
690 2743 763 2804 12)
781 2745 838 2788 de
851 2745 1146 2789 Doriensium
1170 2746 1403 2805 tetrapoli.
1424 2746 1548 2790 Nihil

259 2818 401 2877 igitur
425 2818 593 2870 obstat,
632 2818 745 2875 quin
772 2817 890 2861 liber
924 2818 1101 2876 primus
1125 2814 1201 2871 τὴν
1239 2814 1548 2880 ἀρχαιολογίαν

261 2887 463 2939 Ἑλλάδος
481 2926 492 2947 ,
514 2899 565 2932 ut
586 2890 643 2932 de
661 2891 835 2934 Iasonis
856 2889 978 2933 libro
1002 2891 1157 2948 primo
1174 2890 1370 2949 loquens
1390 2889 1552 2934 Suidas

261 2964 346 3018 ait,
367 2963 661 3006 continuerit.
695 2963 974 3006 Praemissam
1005 2977 1117 3006 vero
1136 2963 1207 3005 his
1227 2961 1364 3005 fuisse
1389 2956 1549 3021 dispu-

262 3036 482 3079 tationem
510 3034 567 3078 de
591 3034 1059 3078 societatishumanae
1092 3035 1232 3078 initiis
1260 3043 1304 3078 et
1339 3034 1397 3078 de
1432 3036 1553 3078 anti-

263 3100 487 3166 quissimis
506 3107 630 3150 orbis
651 3116 879 3150 terrarum
897 3105 1180 3163 civitatibus,
1206 3116 1303 3151 tum
1328 3122 1385 3150 ex
1408 3108 1554 3151 citatis

264 3179 410 3223 modo
442 3188 540 3222 tum
569 3194 623 3223 ex
654 3179 752 3222 aliis
783 3178 1052 3238 fragmentis
1077 3176 1130 3222 fit
1148 3180 1454 3224 manifestum.
1489 3204 1553 3212 -—

262 3253 399 3297 Le'ber
418 3253 639 3295 secundas
671 3266 896 3310 nusquam
921 3252 1115 3306 citatur3
1142 3268 1249 3297 nam
1274 3252 1404 3311 quod
1428 3252 1554 3311 apud

264 3325 406 3368 schol.
431 3324 582 3383 Apoll,
608 3324 700 3371 Rh.
725 3323 812 3384 (fr.
843 3324 893 3384 7)
922 3323 980 3367 de
1002 3324 1274 3368 Sesonchosi
1296 3340 1392 3368 non
1407 3325 1553 3368 modo

257 3398 479 3454 primum,
495 3395 574 3440 sed
591 3397 725 3441 etiam
742 3395 997 3440 secundum
1013 3393 1115 3441 Βίου
1131 3396 1303 3439 librum
1318 3397 1555 3441 laudatum

266 3470 479 3528 legimus,
507 3478 668 3528 aperto
688 3469 858 3512 factum
879 3478 945 3512 est
962 3483 1140 3513 errore.
1169 3470 1262 3512 Pro
1286 3468 1326 3513 ἐν
1356 3467 1393 3530 β’
1415 3486 1555 3530 repo-

264 3541 469 3585 nendum
495 3541 538 3606 ξν
573 3539 675 3603 βίῳ,
710 3543 996 3600 omninoque
1021 3541 1247 3584 scholium
1276 3542 1401 3585 istud
1422 3559 1552 3587 com-

267 3615 476 3673 pluribus
486 3615 670 3659 >mendis
690 3615 885 3659 laborat.
907 3640 962 3648 —-
984 3615 1121 3658 Liber
1136 3619 1291 3658 tercius
1307 3618 1445 3660 semel
1464 3618 1555 3662 lau·

269 3687 405 3731 datur
445 3688 608 3746 fragm.
660 3687 737 3743 18,
766 3687 847 3731 ubi
882 3688 1050 3732 Darius
1084 3686 1415 3732 Codomannus
1450 3705 1555 3733 cum

273 3759 483 3817 Philippo
510 3768 821 3819 comparatur.
855 3760 975 3803 Hinc
1001 3751 1141 3818 igitur
1167 3758 1271 3815 jure
1297 3761 1556 3819 colligimus

271 3824 610 3878 Dicaearchum,
647 3826 779 3868 sicuti
816 3826 1052 3877 Iasonem,
1087 3824 1209 3867 libro
1242 3826 1378 3868 tertio
1415 3828 1556 3886 egisse

270 3896 327 3938 dc
364 3896 651 3954 temporibus
686 3896 953 3941 Alexandri.
992 3897 1093 3940 Huc
1126 3888 1304 3940 accedit
1329 3898 1459 3955 quod
1488 3901 1555 3942 uti

273 3968 427 4021 Iason,
455 3969 516 4010 sic
541 3969 676 4011 etiam
695 3968 990 4012 Dicaearchus
1006 3966 1064 4011 de
1091 3965 1323 4012 sacrificiis
1345 3969 1554 4014 Alexan-

272 4038 343 4080 dri
365 4054 622 4082 sermonem
649 4040 861 4084 instituit.
895 4041 1011 4083 Nam
1044 4038 1101 4083 fr.
1145 4055 1200 4099 19
1223 4039 1440 4084 laudatur
1464 4044 1556 4086 Di—

273 4111 501 4154 caearchus
526 4109 565 4153 ἐν
588 4111 649 4171 τῷ
672 4108 767 4170 περὶ
796 4111 869 4164 τῆς
889 4111 927 4154 ἐν
955 4107 1070 4173 Ἰλίῳ
1095 4109 1239 4161 Θυσίας
1262 4112 1334 4171 (sc.
1358 4110 1555 4166 Ἀλεξάν-

277 4179 416 4240 δρου).
439 4184 583 4238 Quem
612 4182 799 4239 quidem.
840 4184 991 4227 locum
1019 4184 1126 4225 item
1151 4183 1209 4226 ad
1243 4186 1429 4228 tertium
1455 4183 1556 4231 Βίου

272 4250 444 4293 librum
475 4252 764 4296 referendum
795 4268 885 4295 csse
903 4261 1036 4310 puto.

1383 318 1485 369 DlC
1496 314 1799 370 AEARCHUS

1585 581 1591 650 1
1626 593 1668 622 2.
1698 576 1749 636 5)
1778 587 1935 636 aperte
1963 587 2172 636 spectant
2195 578 2254 621 ad
2286 579 2459 622 librum
2491 581 2712 665 primum.
2739 582 2923 628 Citatur.
2951 594 2977 632 fi>

1611 3466 1774 3520 riam,
1809 3466 2088 3544 hominum
2077 3481 2126 3509 1n
2158 3466 2251 3510 vita
2274 3457 2463 3525 publica
2494 3475 2540 3510 et
2560 3467 2742 3526 privata
2767 3481 2915 3533 mone

1692 434 1915 489 Praeterea
1937 428 2043 478 'Vita
2067 428 2260 478 Graecia}
2282 450 2380 479 non
2402 428 2564 479 addito
2590 436 2696 481 libri
2718 429 2914 482 numero
2952 464 2965 489 ‹

1624 515 2018 549 commemoratur
2035 507 2149 550 locis
2173 508 2404 565 quinque,
2425 495 2842 566 quorum-tres'ffr.
2871 526 2912 554 1.
2942 520 2956 557 „J

1622 649 1687 691 ibi
1707 645 1971 710 Δικαίαρχος
1989 646 2060 693 τον
2087 650 2266 710 ἀρχαῖον
2287 647 2376 711 βίον
2397 668 2472 705 της
2496 647 2753 713 Ελλάδος’
2729 652 2933 716 αφηγούκ
2957 674 2962 706 j

1624 737 1745 778 μενος
1772 719 1852 779 (fr.
1889 718 1960 780 1);
1986 721 2285 764 Dicaearchus
2313 726 2359 765 in
2381 723 2506 766 lI‘bn‘s
2528 729 2850 784 antiquitatum
2868 735 2930 777 et

1626 793 1822 835 Groecioe
1837 793 2138 851 descriptione
2153 793 2164 852 (
2178 792 2234 838 fr.
2256 808 2282 836 2
2301 792 2343 854 );
2373 787 2672 840 Dicaearchus
2693 801 2770 857 qui
2787 799 2930 842 Groe-
2947 818 2971 850 22

1623 867 1712 905 cioe
1738 867 1874 907 vitam
1912 866 2062 922 qualis·
2073 861 2231 919 fuerit
2257 865 2318 908 ab
2343 869 2472 910 ιἠἱιὶο
2495 869 2695 912 ostendit
2725 868 2810 929 (fr.
2834 867 2914 935 5).

1623 935 1812 994 Reliqui
1843 936 1938 980 duo
1977 952 2032 980 ex
2071 937 2277 981 secundo
2314 938 2436 982 libro
2467 938 2703 988 fluxerint.
2739 943 2919 989 Eorum
2937 958 2946 998 '.

1622 1007 1768 1050 altero
1794 1006 1877 1066 (fr.
1913 1003 1995 1067 15)
2014 1017 2228 1052 narratur
2246 1010 2382 1053 nimis
2399 1008 2653 1070 aliquando
2679 1013 2919 1060 invaluisse
2939 1002 2970 1067 ’γῇ

1622 1094 1755 1121 usum
1798 1081 2086 1124 crotalorum
2132 1080 2428 1140 aliorumque
2475 1084 2916 1143 instrumentorum,
2936 1086 2974 1105 ’·

1624 1165 1724 1207 quae
1757 1166 1855 1194 non
1878 1166 2018 1195 sonos
2043 1152 2124 1196 sed
2148 1141 2673 1212 crepitussolummodo
2698 1157 2915 1217 ederent;

1622 1223 1768 1266 altero
1796 1223 1901 1266 loco
1945 1223 2027 1283 (fr.
2058 1241 2075 1268 1
2089 1220 2144 1284 6)
2166 1225 2415 1285 Euripides
2436 1227 2604 1272 Medea
2621 1229 2921 1300 Neophronis
2941 1237 2947 1240 ”

1622 1310 1729 1338 usus
1765 1310 1859 1339 esse
1896 1295 2086 1341 dicitur.
2128 1299 2247 1343 Hinc
2279 1299 2422 1359 igitur
2456 1301 2716 1360 colligimus
2745 1304 2796 1347 in
2826 1304 2919 1368 Βίῳ
2968 1315 2970 1322 '

1622 1364 1675 1413 Ε
1678 1365 1833 1419 λλάδος
1857 1378 2020 1413 auct01
2022 1385 2095 1413 em
2126 1380 2335 1415 nostrum
2358 1387 2456 1415 non
2477 1371 2629 1416 solum
2653 1389 2727 1418 res
2761 1350 2918 1422 civiles

1621 1448 1759 1497 atque
1796 1455 1848 1483 ea
1869 1441 1974 1499 quae
1996 1441 2056 1485 ad
2076 1443 2266 1501 politica
2289 1445 2504 1503 proxime
2538 1455 2748 1505 spectant
2773 1463 2920 1509 expo
2940 1489 2960 1503 „

1621 1512 1784 1568 suisse,
1819 1513 1899 1556 sed
1924 1515 2094 1558 artium
2123 1531 2314 1574 quoque
2338 1531 2594 1576 earumque
2617 1518 2822 1565 historiae
2843 1537 2918 1567 ra·

1622 1584 1796 1628 tionem
1812 1585 2040 1630 habuisse.
2062 1590 2214 1646 Atque
2234 1589 2330 1632 haec
2356 1589 2548 1647 quidem
2563 1573 2752 1638 'Graems
2772 1593 2916 1639 histo·

1625 1656 1745 1699 ricus
1797 1657 2015 1717 idemque
2057 1660 2364 1718 philosophus
2409 1663 2674 1722 artiumque
2715 1665 2919 1712 historiae

1619 1726 1942 1787 peritissimus,
1971 1733 2030 1775 eo'
2055 1733 2207 1776 minus
2232 1734 2446 1778 omittere
2463 1744 2674 1794 poterat,
2697 1740 2916 1796 quo'mae

1615 1801 1694 1858 jor
1707 1811 1805 1846 erat
1824 1804 1914 1857 vis,
1935 1818 2072 1862 quam
2092 1805 2165 1847 vel
2182 1805 2427 1849 levissimas
2447 1807 2571 1852 circa
2586 1810 2772 1854 musicae
2787 1804 2948 1856 usums·

1621 1874 1945 1918 innovationes
1970 1876 2018 1918 in
2042 1891 2195 1920 mores
2217 1877 2467 1921 hominum
2492 1880 2729 1939 vitamque
2759 1875 2919 1943 publis-

1622 1962 1723 1991 cam
1747 1949 1962 1991 exercere
1986 1958 2165 1993 veteres
2186 1950 2458 2006 censebant,
2483 1960 2529 1995 et
2551 1967 2646 2011 quo
2668 1955 2839 2000 arctius
2864 1951 2954 2014 ear]

1624 2035 1726 2078 quae
1751 2021 1800 2063 in
1823 2020 1964 2064 rebus
1999 2022 2189 2065 scenicis
2217 2021 2477 2081 Neophron
2500 2022 2690 2083 ejusque
2712 2015 2950 2072 imitator?

1624 2101 1668 2136 et
1685 2093 1875 2136 aemulus
1893 2093 2139 2152 Euripides
2158 2094 2488 2151 immutarunt,
2508 2111 2616 2139 cum
2634 2099 2776 2142 seculi
2797 2100 2946 2158 ipso·-

1623 2180 1727 2208 rum
1767 2166 1978 2210 moribus
2012 2166 2269 2225 studiisque
2305 2176 2437 2210 erant
2473 2167 2738 2225 conjuncta.
2773 2169 2955 2234 Modoxg

1623 2243 1781 2281 caveas
1802 2252 1860 2281 ne
1878 2238 2196 2283 Dicaearchum
2218 2240 2268 2282 in
2288 2240 2430 2282 trium
2446 2240 2678 2285 librorum
2695 2241 2957 2302 opuscula.

1621 2310 1907 2370 singularum
1931 2312 2099 2354 artium
2122 2312 2459 2370 literarumque
2484 2321 2747 2358 accuratam
2775 2315 2921 2361 histo·
2931 2327 2957 2371 ς

1623 2383 1739 2426 riam
1754 2397 1808 2426 ex
1832 2398 1891 2444 pl
1893 2382 2040 2427 ofcsso
2057 2393 2354 2443 persecutum
2371 2400 2464 2429 esse
2482 2386 2702 2444 opineris.
2720 2387 2778 2432 Id
2797 2373 2953 2450 enirn}

1622 2456 1941 2514 peculiaribus
1985 2456 2095 2500 fecit
2135 2457 2380 2516 operibus,
2427 2472 2485 2501 ex
2527 2458 2699 2517 quibus
2738 2461 2788 2504 in
2827 2451 2954 2527 Βίῳξ

1623 2537 1784 2572 nostro
1818 2543 1868 2572 ea
1898 2537 2078 2572 tantum
2113 2529 2316 2573 attulisse
2351 2529 2586 2588 putandus
2619 2540 2710 2588 est,
2733 2547 2838 2592 quae
2861 2511 2964 2596 ωῑῗξ

1625 2599 1945 2643 illustrandam
1970 2602 2082 2644 Vitae
2107 2602 2385 2645 Graecorum
2414 2602 2654 2646 historiam
2690 2606 2925 2655 momenti
2927 2599 2960 2657 33

1626 2673 1819 2730 alicujus
1843 2681 2004 2717 essent.

1693 2745 1843 2804 Igitur
1873 2753 1925 2787 ut
1947 2745 2108 2808 paucis
2128 2746 2403 2789 sententiam
2429 2761 2580 2790 meam
2611 2749 2927 2807 comprehen-

1627 2814 1758 2870 dam,
1773 2816 2096 2860 Dicaearchus
2086 2831 2133 2858 m
2153 2812 2241 2861 Βίω
2262 2812 2493 2872 Ελλάδος,
2512 2817 2646 2862 initio
2665 2817 2921 2879 sumptoab
2939 2877 2941 2880 Α

1627 2887 1734 2945 ipsis
1771 2887 1961 2930 humani
2001 2889 2181 2946 generis
2212 2888 2510 2946 plimordiis,
2538 2890 2742 2946 primum
2769 2907 2922 2952 expo·

1626 2961 1716 3003 suit
1736 2961 1964 3003 rationem
1983 2968 2028 3002 et
2048 2961 2176 3018 quasi
2199 2960 2370 3019 gradus
2385 2994 2396 3016 ,
2415 2958 2583 3018 quibus
2597 2962 2657 3006 ad
2675 2965 2927 3019 cultiorem

1629 3032 1771 3074 vitam
1806 3030 2054 3090 paullatim
2090 3032 2302 3075 homines
2333 3033 2564 3091 progressi
2602 3031 2713 3086 sint3
2750 3030 2922 3077 deinde

1630 3091 1969 3162 antiquissimas
1991 3104 2116 3148 orbis
2139 3101 2371 3148 terrarum
2392 3105 2595 3149 civitates
2612 3105 2922 3163 perlustravit,

1630 3191 1885 3235 earumque
1917 3160 2158 3220 historiam
2183 3175 2437 3222 delineavit
2470 3176 2531 3221 ad
2553 3191 2607 3220 ea
2635 3191 2780 3236 usque
2805 3186 2919 3232 tem—

1629 3265 1776 3308 pora,
1824 3249 1992 3308 quibus
2037 3250 2337 3294 vetustissima
2379 3250 2647 3304 Graecorum
2689 3250 2915 3295 memoria

1631 3323 1913 3367 continetur.
1934 3319 2023 3366 Ηὶ5
2038 3322 2306 3382 praemissis.
2333 3321 2394 3366 ad
2411 3322 2706 3382 propositum
2725 3323 2920 3382 propius

1630 3393 1877 3448 accedens,
1913 3394 2054 3437 vitam
2078 3393 2290 3450 Graeciae,
2327 3394 2378 3438 id
2413 3402 2478 3444 est
2511 3394 2748 3438 civitatum
2775 3394 2916 3441 histo·

1630 3546 1676 3582 et
1696 3539 1925 3592 instituta,
1949 3553 2000 3582 ai
2003 3539 2121 3582 tium
2143 3538 2476 3596 literarumque
2499 3538 2736 3583 momenta
2756 3541 2897 3601 praeei

1629 3625 1720 3669 pua
1735 3643 1746 3665 ‚
1765 3618 1810 3654 et
1825 3611 1996 3654 horum
2011 3611 2220 3653 omnium
2236 3617 2504 3670 progressus
2519 3619 2566 3654 et
2582 3612 2896 3662 conversioni„

1632 3682 1754 3726 libro
1771 3684 1925 3741 primo
1947 3682 2142 3726 deduxit
2165 3696 2310 3740 usque
2325 3681 2385 3726 ad
2401 3697 2618 3742 magnum
2637 3682 2763 3728 istud
2775 3678 2896 3747 παρά

1630 3771 1786 3815 πηγμα
1809 3755 2042 3799 bellorum
2066 3753 2374 3799 Medicorum.
2400 3754 2548 3799 Simili
2573 3754 2719 3800 modo
2741 3770 2895 3816 per*

1631 3826 1838 3872 cundum
1851 3825 2025 3870 librum
2041 3826 2265 3871 Graeciam
2283 3825 2493 3885 depinxit
2505 3826 2555 3870 in
2569 3827 2708 3872 unius
2721 3827 2843 3872 socie
2872 3857 2883 3878 ι,

1632 3900 1686 3942 tis
1702 3899 1950 3958 imaginem
1965 3898 2314 3953 coalescentem,
2329 3897 2615 3943 concordem
2626 3932 2638 3955 ,
2655 3898 2840 3959 superb
2869 3920 2873 3938 s

1631 3985 1740 4014 mox
1773 3969 1990 4029 superbia
2022 3968 2311 4025 discordem,
2342 3969 2474 4014 bellis
2515 3968 2815 4016 dilaceratam
2844 3971 2872 3982 '

1631 4043 1830 4098 testinis,
1861 4041 2064 4100 denique
2092 4042 2328 4100 imperata
2357 4040 2601 4086 facientem
2636 4043 2758 4102 regis
2778 4052 2862 4102 pe

1633 4115 1771 4172 grini.
1805 4113 1948 4158 Liber
1981 4114 2140 4157 tertius
2162 4113 2340 4158 deinde
2358 4122 2683 4174 argumentum
2717 4107 2865 4159 habe'

1632 4187 1879 4238 Graeciam,
1917 4187 2103 4243 qualem
2138 4185 2255 4228 vidit
2282 4194 2463 4241 auctor,
2501 4195 2546 4230 et
2568 4183 2854 4231 Alexandru

1630 4259 1711 4315 qui
1753 4271 1920 4315 genere
1955 4257 2149 4302 Macedo
2163 4291 2174 4313 ,
2209 4258 2363 4301 animo
2399 4258 2582 4303 Graecus
2597 4290 2608 4312 ,
2650 4248 2889 4317 fortunass
