3008 4542
220 283 312 324 5⁴0

284 381 455 429 Euseb.
479 382 589 429 Chr.
613 398 660 442 p.
691 388 751 442 94
774 398 875 443 sqq.
909 399 918 426 :
944 384 1056 427 Post
1076 398 1236 428 manes
1259 393 1398 443 atque
1421 383 1508 427 he·-

219 469 322 497 roas
339 458 544 513 premam
573 455 840 511 dynastiam
879 466 1126 499 numerant
1161 457 1207 498 V
1202 458 1264 499 II
1264 458 1290 503 I
1319 471 1506 515 regum,

217 540 404 585 quorum
421 529 604 588 primus
613 523 719 582 suit
745 527 912 572 Menes
942 527 1031 587 (sic
1054 543 1183 588 mg0.
1210 527 1372 573 Codex
1402 529 1511 571 Me·-

218 598 362 658 mes),
389 599 543 657 gloria
578 603 713 657 regni
744 601 1100 644 administrandi
1116 601 1455 659 proepollens:
1480 615 1512 642 a

224 686 312 728 quo
333 674 484 713 exorsi
501 672 711 728 singulas
729 676 1021 731 regnantium
1031 669 1252 728 familias
1269 673 1514 729 diligenter

215 740 480 795 saribemus,
507 757 625 801 quar
624 759 698 787 um
714 747 959 788 successiva
976 747 1116 787 series
1133 747 1199 786 ita
1218 747 1510 787 contexitur.

281 815 447 858 Menes
476 814 683 859 Thinites
703 815 834 876 (cod.
861 812 1114 875 Thynites)
1136 819 1320 873 ejusque
1338 818 1513 873 posteri

214 896 386 946 septem
431 884 589 949 (quem
607 890 863 933 Herodotus
898 889 1039 931 Mina
1069 884 1388 948 nuncupavit).
1420 889 1507 932 Hic

216 961 351 1002 annis
368 960 532 1002 XXX
551 965 773 1018 regnavit.
795 961 929 1003 Idem
954 968 999 1002 et
1019 968 1154 1001 extra
1187 962 1383 1019 regionis
1414 973 1512 1012 suoe

215 1029 332 1078 filnes
355 1045 455 1074 cum
479 1036 683 1075 exercitu
715 1045 980 1091 progressus
1005 1040 1089 1083 est,
1122 1039 1170 1073 et
1188 1031 1344 1088 gloria
1361 1044 1510 1073 rerum

213 1113 444 1163 gestarum
481 1106 711 1149 inclaruit.
744 1101 817 1147 Ab
848 1103 1176 1163 hippopotamo
1199 1106 1337 1161 genio
1364 1101 1511 1162 (num

214 1177 357 1235 igitur
373 1177 423 1219 in
446 1191 516 1236 gr.
541 1192 630 1223 scr.
653 1173 734 1220 ὑπὸ
760 1173 956 1235 δαίμονος
981 1171 1113 1219 δὲ’ἳπ.
1128 1174 1167 1234 Ρ)
1191 1184 1350 1234 raptus
1372 1184 1454 1217 est.

281 1248 520 1303 Athothis,
562 1249 700 1308 husus
720 1248 878 1307 filius,
926 1262 1068 1305 regno
1086 1251 1267 1306 potitus
1295 1256 1364 1291 est
1379 1249 1513 1290 annis

213 1321 428 1368 XXVII
463 1317 548 1383 (ita
571 1335 734 1380 margo
758 1319 898 1376 cod.;
921 1327 1070 1363 textus
1098 1319 1282 1378 XXV).
1307 1320 1359 1362 Is
1382 1321 1513 1378 regia

214 1393 306 1436 sibi
318 1394 508 1452 palatia
539 1392 752 1453 Memphi
771 1396 1051 1448 construxit,
1073 1402 1120 1435 et
1150 1392 1378 1435 medicam
1404 1395 1512 1435 item

216 1475 361 1508 artem
381 1466 536 1520 coluit,
577 1468 683 1524 quin
704 1475 750 1509 et
774 1465 909 1508 libros
927 1465 986 1507 de
1018 1468 1196 1508 ratione
1213 1463 1511 1507 secandorum

217 1552 452 1596 corporum
468 1541 665 1597 scripsit.

284 1610 508 1654 Cencenes
522 1615 620 1667 ejus
624 1611 768 1669 filim.
799 1614 935 1653 annis
957 1608 1215 1653 XXXIX.

281 1683 329 1723 V
325 1681 588 1741 aveneplzis
636 1687 774 1726 annis
806 1683 977 1735 XLII,
1030 1684 1159 1738 cujus
1189 1688 1328 1723 oetate
1351 1675 1516 1735 fames

215 1758 444 1815 regionem
463 1759 697 1815 corripuit.

280 1828 334 1870 Is
351 1828 620 1885 pyramides
643 1841 793 1886 prope
831 1825 932 1870 Cho
962 1825 1180 1910 oppidum
1222 1822 1330 1886 [Χῶ
1364 1820 1518 1883 κώμην

214 1913 305 1957 pro
331 1895 592 1960 Κωχώμην]
614 1901 842 1942 excitavit.

285 1970 539 2030 Usaplzaes,
561 1975 697 2014 annis
710 1971 830 2016 XX.

282 2043 512 2098 Niebaes,
540 2046 673 2086 annis
694 2043 889 2086 XXVI.

281 2117 528 2175 Mempses,
554 2120 687 2160 annis
705 2118 746 2160 A
763 2117 910 2160 VIII.
931 2112 1025 2158 Sub
1039 2114 1126 2158 lzoc
1146 2115 1292 2158 multa
1305 2114 1522 2175 prodigia

216 2193 410 2248 itemque
433 2193 646 2233 maxima
665 2190 760 2233 lues
777 2188 1053 2232 acciderunt.

417 2478 835 2518 ERATOSTHENES.

573 2579 642 2608 1—
654 2579 691 2608 V.
1123 2576 1228 2608 Afric.
1246 2584 1263 2607 a
1278 2582 1373 2614 regg.
1392 2582 1444 2606 an.
1463 2581 1528 2606 255.

340 2740 357 2776 Ι
363 2767 372 2777 .
426 2740 558 2777 Menes
575 2738 766 2779 Thinites.
935 2743 983 2778 62
1036 2745 1072 2781 1.
1101 2743 1235 2780 Menes
1253 2738 1444 2779 Thinites.

321 2815 374 2853 ΙΙ.
427 2813 619 2854 Athothes
639 2817 767 2855 Menae
791 2815 820 2855 f.
936 2820 984 2855 59
1036 2824 1073 2857 2.
1104 2817 1290 2857 Athothis
1311 2815 1366 2856 fil.

302 2892 374 2930 111.
427 2891 619 2931 Athothes
638 2894 690 2931 ΙΙ.
935 2896 984 2933 32
1035 2898 1073 2934 3.
1103 2893 1312 2934 Kenkenes
1335 2892 1392 2932 fil.

1036 2973 1074 3011 4.
1103 2970 1313 3032 Uenephes
1333 2969 1391 3008 fil.

1038 3052 1074 3087 5.
1099 3046 1347 3096 Usaphaidos
1370 3045 1427 3086 fil.

304 3120 374 3160 lv.
429 3119 590 3160 Miabies
610 3119 793 3160 Athothis
814 3120 842 3159 f.
940 3123 986 3160 19
1037 3129 1073 3163 6.
1105 3122 1296 3162 Miebidos
1320 3122 1372 3161 fil.

431 3196 625 3247 Pemphos
643 3196 827 3236 Athothis
838 3196 866 3235 s.
940 3201 985 3236 18
1037 3203 1075 3239 7.
1106 3202 1352 3250 Semempses
1371 3197 1428 3238 fil.

1038 3282 1075 3316 8.
1105 3275 1318 3315 Bieneches
1337 3274 1394 3314 fil.

843 3402 988 3438 ..190

288 3647 524 3692 Summam
554 3662 785 3692 annorum
819 3663 928 3693 vere
953 3650 1358 3694 Manethonianam
1381 3651 1516 3694 Boec-

222 3718 358 3764 khius
375 3720 514 3764 habet
532 3735 648 3775 eam,
669 3735 809 3779 quam
826 3721 922 3779 ipse
947 3722 1184 3780 Syncellus
1219 3729 1410 3780 exputat
1432 3737 1512 3766 an·

222 3807 393 3835 norum
417 3790 527 3850 253;
544 3793 662 3837 hanc
687 3793 811 3837 enim
829 3794 997 3851 repetit
1016 3795 1060 3839 S.
1086 3795 1135 3836 in
1151 3794 1350 3838 secunda
1365 3793 1508 3853 dyna-

222 3864 306 3908 stia
331 3863 412 3925 (fr.
440 3863 518 3924 8),
561 3865 850 3924 eandemque
887 3866 1024 3909 etiam
1058 3867 1287 3924 Excerpta
1310 3866 1514 3911 Barbara

222 3951 273 3995 p.
304 3952 322 3979 1
336 3935 391 3993 75
413 3938 639 3995 praebent.
655 3939 720 3982 Ut
736 3953 911 3982 summa
922 3953 995 3983 an.
1022 3936 1113 3982 253
1134 3953 1190 3981 ex
1207 3939 1396 3998 singulis
1419 3955 1514 3983 nu-

221 4007 362 4053 meris
375 4008 576 4054 Africani
604 4010 866 4071 colligatur,
877 4010 1123 4054 Boeckhius
1145 4011 1399 4069 suspicatur
1437 4021 1516 4056 aut

224 4082 417 4125 Athothi
439 4098 529 4141 pro
543 4084 672 4127 annis
694 4081 751 4140 57
775 4078 884 4145 (νζ’)
907 4082 1086 4127 dandos
1103 4097 1195 4127 esse
1217 4099 1288 4127 an.
1307 4081 1513 4143 47(μζ’),

224 4155 567 4214 αυῐΠ6ῃ6Ρ1ιεε,
581 4155 679 4215 regi
715 4163 900 4213 quarto,
922 4169 1009 4213 pro
1037 4153 1095 4197 23
1123 4154 1417 4215 assignandos
1453 4153 1512 4207 43

229 4224 312 4285 (2¹22
327 4241 401 4284 ap.
427 4226 622 4289 Euseb.)
642 4261 653 4283 ,
679 4227 868 4271 Athothi
893 4241 1004 4271 vero
1028 4242 1117 4285 pro
1145 4225 1200 4283 57
1242 4226 1517 4271 tribuendos

1121 274 1537 323 MANETHONIS
1575 275 1967 326 SEBENNYTAE

1658 389 1700 428 V
1704 387 1899 432 ibestlzes
1909 423 1922 445 ‚
1945 392 2082 433 annis
2100 391 2297 438 XXVI.

1656 459 1850 503 Summa
1876 461 2203 506 dominationis
2229 478 2453 508 annorum
2471 464 2665 514 CCLI'I'.

2192 572 2285 613 78.

1997 664 2394 710 ERATOSTHEN
2401 667 2437 710 F
2440 667 2484 712 S

1689 728 1926 808 Syncellus
1947 750 2211 811 Chronogr.
2238 767 2286 811 p.
2315 769 2395 813 91,
2421 749 2454 799 C
2478 762 2520 799 et
2542 754 2623 815 96,
2649 755 2723 800 C.
2954 795 2957 797 μ

1655 820 1694 867 Ι.
1736 821 1923 884 Πρωτος
1945 819 2198 868 ἐδασίλευσε
2246 822 2432 880 Μήνης
2465 824 2667 887 Θινίτης,
2689 826 2734 883 ὃς
2760 821 2899 917 ἑρμηι
2986 813 2989 820 ³

1587 889 1753 937 νεύεται
1781 890 1968 946 αἰώνιος·
1994 892 2323 941 &wilenci-zv*
2300 914 2374 953 ετη
2401 893 2479 950 ξδ’.
2518 898 2611 944 Τοῦ
2645 895 2809 960 κόσμου
2839 890 2892 957 ην
2987 897 2993 908 ³

1587 967 1678 1021 ἔτος
1749 978 1799 1017 7²>

1653 967 1955 1092 11.βΘη6ἀίων
1987 1034 2181 1099 δεύτερος
2218 1035 2494 1085 ἐδασίλευσεν
2527 1037 2570 1085 Ἀ
2586 1042 2608 1085 θ
2623 1037 2724 1098 ώθη
2740 1059 2759 1091 ς
2775 1075 2789 1100 ,
2805 1037 2895 1092 υἱὸς

1588 1106 1797 1166 Μήνεως,
1830 1106 1906 1163 ἔτη
1941 1107 2016 1154 νθ”.
2060 1101 2217 1163 Ουτος
2231 1109 2510 1175 ἑρμηνεύεται
2547 1109 2778 1175 Ερμογε
2790 1130 2894 1170 νης

1587 1175 1716 1232 Ἔτος
1739 1197 1813 1226 του
1834 1178 1998 1240 κόσμου
2019 1179 2199 1244 [3792ssst

1655 1253 1738 1300 ΙΙΙ.
1757 1250 1970 1310 Θηὸαίων
1994 1253 2242 1317 Αἰγυπτίων
2267 1253 2406 1319 τρίτος
2438 1253 2716 1302 ἐδασίλευσεν
2737 1255 2781 1304 Ἀ
2797 1247 2912 1303 fieb-⁸

1589 1328 1650 1383 6η
1666 1345 1684 1378 ς
1710 1323 2011 1387 ὃμώνυμος,”
1987 1345 2060 1383 ετη
2082 1324 2174 1375 λ6’.
2201 1329 2310 1374 'lou
2318 1325 2362 1373 δὲ
2385 1325 2550 1388 κόσμου
2570 1346 2622 1385 ην
2646 1325 2766 1381 ἔτος
2762 1327 2891 1392 γκα’.

1654 1399 1739 1446 IV.
1763 1397 1839 1459 (P.
1872 1399 1951 1459 96,
1967 1400 2018 1446 C.
2038 1396 2284 1461 )Θηὸαίων
2301 1398 2618 1446 ἓὸασίλευσεδ’
2642 1399 2894 1458 Διαὸαης

1593 1471 1658 1534 (Μ
1671 1489 1727 1517 ote
1743 1468 1770 1516 6
1781 1489 1807 1516 α
1816 1473 1844 1528 ἦ
1859 1490 1878 1524 ς
1897 1474 2035 1519 Buns.
2043 1470 2158 1534 )υἱὸς
2180 1470 2334 1519 Ἀθώθε
2317 1490 2408 1530 εως,
2426 1471 2536 1546 ἔτηΝ
2517 1471 2582 1519 ιθ’.
2598 1465 2736 1527 Οῧτος
2753 1475 2894 1538 ἑρμη

1592 1542 1761 1590 νεύεται
1785 1542 2009 1608 φιλόταυ
2025 1561 2127 1607 ρος.
2149 1545 2240 1591 Του
2261 1543 2306 1590 δὲ
2326 1543 2490 1606 κόσμου
2508 1548 2560 1602 ἠν
2581 1543 2672 1599 ἔτος
2696 1543 2822 1610 γνγ’.

1657 1618 1717 1665 V.
1758 1615 1970 1673 Θηὸαίων
2001 1614 2253 1663 ἐδασίλευσε
2292 1616 2325 1662 ε’
2361 1618 2598 1682 Πεμφῶς
2627 1617 2904 1683 (Σεμψῶς,

1593 1692 1730 1736 Buns.
1747 1688 1791 1750 ),
1815 1686 1903 1741 υἱὸς
1922 1685 2201 1750 Ἀθώθους,“’
2174 1707 2196 1734 ο
2221 1689 2334 1735 ἐστιν
2364 1687 2668 1752 Ἡρακλείδης.
2737 1708 2739 1710 ·

1660 1759 1864 1823 Θινίτης]
1901 1760 2093 1818 Θηνίτης
2127 1762 2235 1810 cod.
2274 1763 2333 1819 B;
2373 1759 2614 1818 Θηὸινίτης
2645 1763 2786 1809 Goan.
2829 1791 2899 1802 -—
2964 1791 3006 1833 ,¹2

1596 1831 1790 1896 αἰώνιος]
1823 1850 1909 1879 em.
1945 1835 2243 1894 Jablonskyn
2231 1871 2245 1896 ,
2274 1830 2437 1886 διώνιος
2461 1835 2521 1881 Β.
2547 1832 2712 1887 Διόνιος
2738 1838 2797 1884 Α.
2827 1862 2893 1873 ——-

1596 1903 1874 1973 φιλόταυρος]
1898 1910 2054 1954 Buns:
2044 1904 2293 1972 ,φιλέτερος
2315 1905 2474 1955 codd.-
2465 1904 2738 1972 ,φιλέστερος
2750 1910 2891 1957 Goar.

1663 1982 1862 2042 Singulis
1880 1943 2099 2040 dynastiis
2110 1980 2439 2041 subjungemus
2456 1997 2513 2027 ex
2528 1983 2746 2026 Bunsenii
2761 1983 2897 2028 libro
2965 1972 2970 2006 j
3001 1968 3005 2011 ἶ

1598 2054 1804 2110 tabulas,
1832 2054 2002 2112 quibus
2020 2054 2383 2098 Manethoniana
2406 2054 2615 2098 Africani
2637 2064 2683 2099 et
2704 2055 2893 2100 Eusebii

1599 2125 1878 2184 Syncelliani
1916 2126 2275 2184 Armeniacique
2317 2140 2425 2169 cum
2457 2125 2647 2187 regibus
2679 2125 2900 2170 laterculi*
2966 2155 2970 2178 χ
3003 2106 3005 2108 ¹

1601 2197 1940 2245 Eratosthenici
1976 2205 2325 2259 comparantur.

1571 2475 1678 2514 MAN
1686 2474 1907 2513 ETHONIS
1934 2474 2195 2513 DYNASTIA
2225 2474 2254 2512 1.

1691 2575 1769 2605 Eus.
1789 2575 1891 2611 Sync.
1908 2581 1926 2603 8
1942 2580 2035 2611 regg.
2057 2578 2112 2603 an.
2129 2577 2194 2602 2³2.
2309 2573 2388 2603 Eus.
2405 2574 2496 2603 Arm.
2517 2580 2534 2603 a
2553 2579 2648 2610 regg.
2668 2579 2723 2604 an.
2742 2579 2809 2606 ως.

2257 2736 2390 2775 Menes
2412 2735 2607 2775 Thinites.

2259 2811 2441 2851 Athothis
2464 2811 2521 2852 fit.

2258 2888 2462 2928 Kenkenes
2482 2888 2540 2928 fil.

2258 2965 2521 3015 vavenephis.

2257 3041 2456 3090 Usaphaes
2478 3042 2537 3085 fil.

2255 3116 2418 3158 Niebaes
2439 3118 2492 3159 til.

2256 3195 2447 3244 Mempses
2468 3195 2523 3236 ssl.

2256 3271 2437 3312 Vihestes
2458 3271 2515 3312 til.

1623 2759 1625 2761 ·
1649 2739 1782 2777 Menes
1804 2737 1995 2779 Thinites.

1649 2814 1832 2854 Athothis
1854 2814 1910 2854 fil.

1649 2890 1854 2930 Kenkenes
1875 2890 1931 2930 fil.

1647 2967 1867 3017 Uenephes.

1648 3043 1841 3094 Usaphais
1859 3042 1914 3082 fil.

1649 3119 1816 3159 Miebaes
1838 3118 1895 3159 fil.

1647 3199 1892 3246 Semempses
1913 3194 1969 3235 fil.

1646 3273 1830 3314 Bienthes
1846 3271 1901 3312 fil.

2132 3399 2204 3436 258
2259 3423 2263 3428 ε

1523 3402 1595 3436 263

1594 3666 1654 3708 27
1673 3648 1749 3714 (ut
1769 3667 1845 3711 ap.
1869 3646 2072 3712 Euseb.).
2098 3651 2209 3708 Quae
2230 3658 2385 3693 tamen
2407 3662 2711 3692 numerorum
2737 3658 2888 3696 muta-

1590 3724 1740 3769 tiones
1748 3740 1846 3769 non
1865 3724 2132 3783 probabiles
2150 3730 2272 3777 sunt,
2284 3723 2321 3766 si
2346 3736 2452 3765 cum
2462 3721 2743 3766 Manethone
2754 3737 2889 3766 com-

1589 3798 1823 3856 paraveris
1842 3796 2208 3850 Eratosthenem,
2229 3795 2310 3853 qui
2331 3795 2382 3837 in
2418 3794 2634 3837 Athothis
2656 3809 2803 3854 regno
2828 3795 2889 3840 ad

1589 3869 1917 3913 Manethonem
1935 3867 2140 3926 Africani
2165 3866 2379 3925 proxime
2406 3864 2602 3912 accedit.
2635 3866 2889 3911 Bunsenius
2957 3882 2965 3895 ·-

1594 3939 1687 4001 (ΙΙ,
1708 3956 1758 4000 p.
1789 3939 1872 4001 34)
1888 3955 2002 3984 num
2027 3937 2118 3983 253
2138 3953 2198 3982 an
2216 3937 2307 3982 263
2323 3938 2431 3981 anni
2449 3938 2619 3981 rectius
2630 3937 2888 3984 sehabeant

1590 4013 1639 4056 in
1666 4012 1824 4057 medio
1838 4010 2083 4070 relinquit,
2111 4009 2300 4054 fortasse
2320 4017 2474 4054 tamen
2486 4009 2585 4068 regi
2605 4015 2772 4067 quarto
2795 4022 2889 4068 pro
2949 4067 2955 4070 Δ

1593 4084 1651 4128 23
1677 4085 1808 4129 annis
1831 4083 2011 4128 dandos
2031 4097 2125 4126 esse
2147 4090 2280 4141 putat
2314 4097 2460 4126 annos
2502 4081 2589 4141 133
2625 4080 2754 4139 cujus
2790 4097 2883 4126 nu-
2910 4126 2915 4132 ,

1589 4157 1707 4201 meri
1724 4155 2091 4215 duplicationem
2114 4153 2364 4198 exhibeant
2389 4154 2498 4198 anni
2522 4151 2582 4197 26
2615 4153 2735 4212 regis
2767 4155 2885 4202 sexti
2951 4144 2957 4194 ᾗ·

1592 4237 1639 4273 et
1678 4228 1845 4275 octavi.
1881 4229 1951 4272 De
1970 4227 2158 4286 reliquis
2180 4227 2334 4271 statuit
2358 4227 2482 4270 hunc
2507 4226 2552 4271 in
2573 4224 2766 4271 modum
2791 4241 2801 4268 ε
