3016 4628
221 257 311 294 386

218 501 422 554 superest
458 489 704 535 dubitatio,
738 488 887 531 Multa
915 485 1106 545 quidem
1140 481 1283 525 iuliis
1308 491 1501 522 erronea

219 576 345 620 sunt,
375 563 454 608 sed
479 564 540 606 ita
562 570 740 613 tamen,
760 568 812 602 ut
835 560 888 602 iis
906 558 1013 618 ipsis
1037 552 1371 612 comprobetur
1394 562 1503 592 nar-

220 640 442 683 rationem
462 649 486 677 a
506 634 667 678 Graeco
691 630 881 673 homine
896 664 908 685 ‚
934 644 1030 672 non
1051 643 1077 670 a
1093 625 1255 670 Judaeo
1277 636 1370 665 esse
1389 634 1501 679 pro·

221 712 396 755 sectam.
418 702 667 750 Abrahami
690 700 818 744 vides
840 698 899 744 ne
922 700 1067 743 verbo
1093 694 1282 755 quidem
1303 691 1504 735 mentio-

222 798 326 827 nem
353 779 481 832 fieri‚
507 775 591 820 sed
616 775 679 817 ita
715 774 1031 816 narrationem
1071 768 1345 812 adornatam
1380 777 1500 817 esse,

222 865 273 899 ut
297 855 441 898 Moses
461 849 637 908 prImus
662 843 791 903 quasi
815 844 962 902 gentis
985 849 1148 886 auctor
1163 835 1399 898 putandus
1420 835 1502 888 sit,

223 940 372 984 neque
412 918 650 980 singularis
696 913 755 957 de
792 915 962 958 Judaeis
999 913 1120 956 liber
1166 908 1248 953 sed
1285 906 1506 966 digressio

224 995 441 1057 AEgyptiis
480 991 680 1035 historiis
722 995 898 1033 attexta
950 990 1246 1043 coarguatur.
1300 980 1508 1023 Fortasse

224 1070 384 1129 saepius
403 1068 451 1109 in
474 1063 638 1108 eodem
673 1075 815 1121 opere
839 1058 897 1104 de
922 1056 1093 1101 Judaeis
1120 1056 1359 1098 Hecataeus
1378 1050 1507 1092 locu-

226 1151 298 1186 tus
314 1149 402 1194 est,
428 1138 495 1181 uti
512 1137 591 1179 illo
617 1136 721 1179 loco
737 1168 748 1189 ,
776 1147 872 1191 quo
895 1130 954 1174 de
980 1128 1230 1173 Ptolemaeo
1256 1125 1304 1167 in
1329 1121 1508 1180 Syriam

227 1222 387 1258 contra
406 1209 687 1255 Demetrium
711 1205 986 1265 expediente
1006 1198 1256 1245 dicendum
1282 1204 1397 1240 erat.
1418 1195 1508 1238 Ne-

229 1301 318 1344 que
345 1282 598 1342 quidquam
634 1288 698 1323 est
723 1276 854 1337 quod
881 1282 1041 1334 cogat,
1067 1280 1119 1315 ut
1155 1285 1257 1329 quae
1284 1266 1513 1325 Josephus

229 1357 287 1402 de
306 1359 514 1401 Hecataeo
533 1368 633 1396 cum
656 1367 763 1412 rege
780 1352 829 1393 in
845 1348 976 1407 Syria
990 1352 1170 1389 versato
1193 1348 1365 1395 narrat,
1384 1339 1514 1383 omni

230 1429 527 1473 fundamento
557 1439 710 1469 carere
733 1431 994 1467 statuamus.
1016 1417 1232 1474 Denique
1251 1409 1514 1456 honorifice

232 1499 494 1545 Hecataeum
518 1497 574 1541 de
598 1498 621 1540 J
628 1496 764 1540 udaeis
786 1494 968 1538 sensisse
989 1490 1062 1534 vel
1083 1504 1140 1533 ex
1168 1485 1384 1531 Diodoro
1411 1483 1514 1527 col-

231 1574 364 1632 ligas,
401 1572 686 1627 libenterque
718 1569 808 1611 hoc
830 1580 915 1625 ego
939 1563 1130 1622 largior,
1158 1573 1303 1618 quum
1328 1572 1386 1600 ex
1404 1555 1516 1599 reli-

233 1639 333 1697 quis
355 1636 617 1695 philosophi
640 1634 783 1677 nostri
806 1630 967 1675 studiis
995 1625 1355 1685 explicationem
1377 1620 1512 1666 facile

232 1710 456 1754 admittat.
484 1709 592 1765 Quae
620 1721 761 1765 quum
786 1705 847 1747 ita
866 1703 983 1756 sint,
1009 1698 1127 1742 nihil
1159 1697 1404 1749 miramur,
1431 1707 1518 1737 cur

235 1781 435 1826 Hecataei
469 1780 755 1839 potissimum
788 1775 976 1820 nomine
1019 1770 1295 1830 scriptisque
1332 1765 1519 1810 Judaeus

233 1854 495 1899 Graeciensis
530 1852 693 1895 abusus
728 1850 797 1895 sit,
837 1850 881 1892 ls
917 1846 1058 1906 igitur
1090 1858 1192 1902 quae
1224 1842 1274 1884 in
1307 1837 1518 1899 AEgyptia
1553 1843 1558 1850 “

234 1926 423 1970 historia
449 1924 506 1968 de
531 1933 664 1984 gente
687 1938 766 1967 sua
812 1920 934 1965 dicta
973 1917 1148 1977 reperit
1165 1949 1176 1971 ,
1214 1912 1518 1972 excerpsisse,

236 2013 380 2056 eaque
399 2012 486 2056 pro
507 1996 695 2040 consilio
713 2010 795 2038 suo
816 1991 1096 2051 interpolata
1110 1988 1187 2032 vel
1208 1993 1385 2030 mutata
1400 1982 1520 2027 mul-

238 2071 384 2128 tisque
411 2069 677 2113 commentis
695 2076 847 2121 aucta,
867 2074 1102 2123 tamquam
1117 2059 1353 2121 peculiare
1373 2055 1523 2102 Graeci

238 2143 434 2186 auctoris
457 2141 514 2186 de
538 2141 705 2185 Judaeis
737 2139 946 2183 libellum
981 2133 1290 2180 divenditasse
1313 2129 1519 2174 videtur.
1558 2154 1564 2204 Ι

305 2216 423 2258 Num
442 2222 609 2273 praeter
642 2214 773 2257 allata
799 2211 1036 2257 Hecataeus
1055 2207 1143 2251 alia
1169 2203 1384 2265 quaedam
1407 2201 1524 2246 scri-

239 2287 401 2346 pserit,
455 2301 605 2345 neque
645 2299 812 2345 negare
862 2296 1014 2341 neque
1067 2276 1300 2324 affirmare
1358 2275 1520 2320 ausim.

241 2361 426 2403 Exstant
449 2368 570 2403 certe
594 2358 848 2417 fragmenta
869 2353 1121 2408 nonnulla,
1148 2365 1249 2411 quae
1272 2347 1400 2393 unde
1432 2361 1524 2406 pe—

242 2432 322 2475 tita
341 2433 428 2475 sint
443 2466 455 2486 ‚
479 2439 605 2475 certo
620 2429 798 2488 judicio
824 2428 918 2472 dici
942 2425 1120 2485 nequit.

487 2566 632 2612 ΠΕΡΙ
668 2564 797 2611 ΤΩΝ
837 2564 921 2611 ΥΠ
930 2560 1275 2610 ΕΡΒΟΡΕΩΝ.

862 2712 927 2739 l.>

314 2811 465 2856 Schol.
492 2812 643 2870 Apoll.
679 2812 770 2856 Rh.
810 2813 879 2869 ΙΙ,
907 2811 999 2868 675
1028 2827 1037 2855 :
1066 2807 1298 2860 Ἑκαταῖος
1322 2804 1367 2852 δὲ
1399 2803 1530 2869 μέχρι

251 2884 322 2926 τοῦ
363 2882 489 2926 αὐτοῦ
528 2879 690 2944 χρόνου,
713 2873 817 2927 εἶναί
860 2900 964 2946 φησι
1009 2880 1057 2928 τὸ
1089 2884 1172 2927 τῶν
1211 2876 1532 2942 (Υπερὸορείων

254 2950 377 3004 ἔθνος.
398 2949 527 3000 Ἔστι
561 2953 605 2999 δὲ
628 2955 742 3017 αὐτῷ
777 2952 920 3015 βιὸλία
958 2952 1279 3018 ἐπιγραφόμενα
1307 2950 1416 3015 Περὶ
1446 2951 1531 2996 τῶν

255 3022 567 3088 Ὕπερὸορέων.
622 3028 915 3070 Recentiores
963 3029 1043 3085 qui
1085 3028 1134 3070 in
1166 3026 1341 3071 'eodem
1390 3039 1534 3084 argu-
1610 3017 1877 3082 συγγένειαν.
1913 3015 2039 3065 Φασὶ
2068 3013 2114 3063 δὲ
2149 3012 2224 3061 καὶ
2264 3011 2342 3069 τὴν
2367 3010 2551 3069 σελήνην
2577 3012 2626 3058 ἐκ
2647 3007 2810 3067 ταύτης
2831 3011 2908 3066 τῆς

1568 3161 1586 3887 ⁵

613 3163 694 3210 DE
717 3163 1160 3212 HYPERBORElS.

875 3266 915 3304 1.

314 3344 518 3380 llecatmus
541 3352 662 3391 usque
682 3342 729 3381 ad
750 3354 861 3383 suam
882 3344 1000 3394 ipsius
1018 3347 1175 3385 aetatem
1204 3347 1360 3395 gentem
1383 3347 1537 3395 Hyper·

263 3406 471 3444 boreorum
487 3414 571 3443 esse
588 3405 655 3444 ait.
710 3409 835 3457 Atque
851 3408 938 3447 libri
957 3408 1041 3458 ejus
1059 3410 1214 3449 exstant
1229 3409 1297 3460 qui
1313 3408 1538 3449 inscribun-

263 3471 327 3507 tur
346 3471 400 3508 De
417 3468 685 3519 Hyperboreis.

316 3604 428 3642 Nunc
442 3632 453 3651 ,
474 3603 679 3652 postquam
697 3602 869 3642 boreales
886 3605 982 3644 Λεία)
999 3607 1147 3646 tractus
1167 3607 1446 3658 descripsimus
1459 3638 1471 3658 ,
1495 3618 1542 3648 ea

264 3676 422 3717 quoque
440 3675 532 3715 quae
551 3665 599 3704 de
621 3666 880 3715 Hyperboreis
903 3668 1127 3708 fabulantur
1154 3674 1342 3711 annotare
1371 3683 1452 3710 non
1479 3671 1542 3711 in-

265 3729 501 3768 conveniens
512 3728 764 3767 arbitramur.
819 3724 915 3769 Nam
932 3730 1031 3770 inter
1043 3732 1319 3782 antiquitatum
1336 3736 1545 3785 scriptores

268 3795 474 3833 nummus
509 3795 549 3833 et
589 3792 767 3832 nonnulli
795 3794 859 3833 alii
893 3795 1055 3842 tradunt
1071 3825 1081 3843 ,
1117 3788 1255 3838 contra
1281 3800 1474 3839 celticam
1504 3800 1543 3839 in

266 3861 423 3898 Oceano
440 3858 607 3898 insulam
624 3868 706 3897 esse
722 3869 801 3897 non
822 3859 1014 3898 minorem
1035 3861 1162 3900 Sicilia
1174 3892 1185 3909 ‚
1202 3865 1547 3914 septemtrionibus

266 3922 486 3971 subjectam
502 3951 513 3970 ,
545 3931 667 3972 quam
698 3921 935 3971 Hyperborei
966 3923 1159 3973 incolant,
1187 3925 1241 3964 sic
1273 3928 1398 3967 vocati
1439 3928 1546 3978 quod

269 3990 391 4027 Borea
412 3990 531 4027 vento
551 3986 629 4026 sint
657 3987 895 4026 remotiores.
952 3987 1086 4027 Solum
1112 3988 1174 4028 liic
1191 3991 1380 4039 optimum
1401 4004 1482 4032 asse
1502 4004 1549 4032 ac

268 4051 513 4089 tructuosum
529 4079 539 4099 ,
566 4060 778 4100 aeremque
797 4050 943 4100 optime
962 4052 1224 4101 temperatum
1240 4082 1250 4101 ,
1279 4065 1325 4092 ac
1345 4058 1548 4105 propterea

269 4112 328 4151 bis
350 4114 388 4151 ln
404 4123 506 4152 anuo
527 4123 691 4153 messem
707 4111 801 4154 fieri.
859 4113 912 4163 (2)
941 4116 1129 4153 Latonam
1148 4115 1209 4155 liic
1234 4116 1348 4156 tuisse
1377 4119 1550 4159 tabulan-

272 4179 335 4214 tur
351 4189 360 4223 ;
380 4175 543 4226 ideoque
561 4176 724 4227 Apollini
745 4187 826 4227 prm
843 4176 915 4216 diis
930 4176 1014 4216 aliis
1030 4178 1180 4217 cultum
1203 4179 1341 4218 deterri
1355 4210 1363 4228 ‚
1379 4184 1439 4228 et,
1460 4184 1550 4232 quia

1215 229 1252 275 H
1262 222 1499 275 ECATAEt
1538 223 1574 270 A
1586 217 1873 268 BDERITAE

223 358 453 402 Hecataeo,
481 362 618 406 quem
642 348 688 388 in
718 344 992 402 AEgyptiacis
1012 350 1057 385 et
1078 338 1495 398 Hyperboreorum
1575 338 1731 392 ments)
1761 324 2069 379 desudarunt,
2097 321 2345 380 diligenter
2367 325 2576 363 recenset
2597 311 2890 361 Baumstar-.
2983 319 2985 322 ’

218 424 407 469 historia
422 419 658 466 Diodorus
679 415 914 471 adhibuit,
937 421 1118 458 narrata
1135 412 1247 463 sint,
1267 408 1391 451 nulla
1406 405 1498 463 jam
1573 401 1678 443 kius
1699 401 1746 442 in
1769 395 1962 451 Paulyts-
1979 394 2211 437 Rectlencl.
2237 407 2282 435 v.
2306 390 2587 448 Hyperborei
2595 422 2622 444 ,Ι
2902 450 2904 454 Ι
2921 410 2937 466 a*
2984 424 2985 428 ,

2922 139 2939 174 ,ε
2890 0 2935 118 san-‘3

2200 521 2245 550 2.

1643 627 1842 673 Diodor.
1869 627 1940 681 ΙΙ,
1969 628 2026 679 47
2059 636 2070 669 :
2099 618 2257 680 Ἡμεῖς
2287 616 2322 663 δ’
2355 615 2448 663 ἐπεὶ
2471 614 2527 663 τὰ
2549 615 2655 680 πρὸς
2689 614 2912 680 &pictones

1580 697 1812 758 κεκλιμένα
1831 694 1940 759 μέρη
1963 697 2039 750 τῆς
2056 690 2199 745 Ἀσίας
2221 687 2469 750 ἠξιώσαμεν
2495 690 2768 754 ἀναγραφῆς,
2791 679 2885 746 οὐκ,
2940 691 2941 707 ³

1581 768 1784 817 ἀνοίκειον
1814 759 1922 814 εἶναι
1961 763 2190 826 νομίζομεν
2230 761 2286 809 τὰ
2319 761 2420 828 περὶ
2449 763 2531 808 τῶν
2570 758 2875 826 εΥπερὸορείιιιν
2896 771 2909 798 s
2976 749 2979 804 ζ

1582 839 1932 904 μυθολογούμενα
1957 837 2135 884 διελθεῖν
2151 854 2162 866 ·
2187 837 2272 882 τῶν
2301 831 2386 898 γὰρ
2417 832 2495 888 τὰς
2517 829 2709 887 παλαιὰς
2731 834 2872 894 μυθο-.
2976 833 2980 848 ²

1581 912 1728 977 λογίας
1745 907 2105 976 ἀναγεγραφότων
2123 907 2358 962 “Εκαταῖος
2373 907 2451 954 καί
2463 924 2572 959 τινες
2587 903 2725 969 ἕτεροί
2742 922 2874 971 φασιν
2904 944 2907 946 .

1582 988 1626 1034 ἐν
1643 987 1730 1039 τοῖς
1748 982 1979 1047 ἀντιπέραν
2001 985 2078 1039 τῆς
2100 981 2315 1037 Κελτικῆς
2334 977 2479 1033 τόποις
2495 976 2610 1026 κατὰ
2625 977 2696 1025 τὸν
2713 976 2881 1027 Ὠκεα-
2980 1010 2982 1012 »

1583 1058 1653 1106 νὸν
1696 1050 1804 1104 εἶναι
1844 1059 1972 1113 νῆσον
2013 1056 2092 1102 οὒκ
2131 1052 2298 1101 ἐλάττω
2339 1055 2416 1110 τῆς
2451 1050 2689 1103 Σικελίας·Ὶ
2719 1049 2882 1109 ταύτην
2899 1087 2906 1099 ,ι
2945 1094 2947 1110 Ἴ,

1586 1129 1798 1195 ὑπάρχειν
1825 1127 1901 1190 μὲν
1926 1125 2040 1174 κατὰ
2068 1125 2144 1180 τὰς
2168 1125 2372 1190 ἄρκτους,
2406 1126 2704 1172 κατοικεῖσθαι
2728 1121 2774 1170 δὲ
2798 1119 2915 1178 ῧπὸιῇ

1585 1206 1670 1250 τῶν
1705 1199 2036 1263 ὀνομαζομένων
2069 1196 2372 1263 Ὑπερὸορέων
2405 1193 2492 1243 ἀπὸ
2518 1199 2592 1242 τοῦ
2625 1191 2918 1260 πορρωτέρω-ἢ,
2980 1236 2981 1240 ,

1587 1279 1756 1324 κεῖσθαι
1779 1277 1855 1331 τῆς
1884 1271 2048 1338 βορείου
2072 1274 2231 1329 πνοῆς·
2257 1266 2389 1319 οὖσαν
2420 1269 2458 1317 δ’
2484 1265 2618 1327 αὐτὴν
2649 1267 2810 1332 εὔγειόν
2838 1261 2911 1316 τίΖ

1588 1348 1661 1396 καὶ
1701 1347 1952 1412 πάμφορον,
1989 1343 2052 1391 ἔτι
2085 1342 2129 1391 δὲ
2165 1342 2374 1407 εὐκρασίᾳ
2409 1341 2692 1408 διαφέρουσαν
2725 1339 2889 1397 διττοὺς

1588 1420 1683 1469 κατ’
1706 1421 1798 1473 ἔτος
1818 1417 2008 1484 ἐκφέρειν
2033 1415 2243 1482 καρπούς.
2271 1415 2324 1480 (2)
2345 1416 2643 1478 Μυθολογοῦσι
2660 1415 2698 1462 δ’
2715 1415 2759 1461 ἐν
2777 1415 2887 1479 αὐτῇ
2980 1414 2982 1418 ’

1589 1493 1666 1552 τὴν
1704 1491 1838 1551 Λητὼ
1875 1489 2122 1555 γεγονέναι·
2161 1489 2226 1536 διὸ
2260 1487 2335 1536 καὶ
2363 1487 2437 1536 τὸν
2463 1486 2665 1535 Ἀπόλλω
2695 1487 2886 1549 μάλιστα
2934 1527 2937 1532 „

1590 1569 1676 1614 τῶν
1701 1565 1843 1613 ἄλλων
1865 1567 1969 1611 θεῶν
1990 1562 2092 1628 παρ’
2112 1562 2255 1617 αὐτοῖς
2277 1564 2512 1625 τιμᾶσθαι·
2544 1551 2654 1608 εἶναι
2674 1559 2712 1607 δ’
2735 1559 2888 1616 αὐτοὺς
2914 1524 2934 1586 3

1591 1639 1737 1704 ὥσπερ
1775 1640 1902 1703 ἱερεῖς
1922 1655 2040 1690 τινας
2063 1634 2329 1688 Ἀπόλλωνος
2354 1632 2423 1681 διὰ
2447 1632 2498 1680 τὸ
2520 1632 2592 1681 τὸν
2624 1632 2717 1680 θεὸν
2740 1636 2888 1681 τοῦτον
2916 1622 2926 1661 =.'

1591 1712 1688 1760 καθ’
1712 1710 1878 1776 ἡμέραν
1897 1709 1982 1756 ’ὑπ’
2005 1710 2145 1756 αὐτῶν
2179 1710 2405 1770 ὑμνεῖσθαι
2431 1708 2526 1769 μετ’
2562 1707 2676 1772 ᾠδῆς
2701 1707 2930 1770 συνεχῶςῐ,;

1592 1783 1667 1832 καὶ
1708 1786 1917 1846 τιμᾶσθαι
1953 1778 2252 1846 διαφερόντως.
2293 1777 2535 1843 Ὑπάρχειν
2582 1774 2628 1824 δὲ
2670 1775 2747 1824 καὶ
2781 1774 2924 1829 κατὰ,

1591 1857 1668 1913 τὴν
1703 1860 1831 1915 νῆσον
1856 1853 2030 1918 τέμενός
2064 1872 2111 1900 τε
2143 1851 2407 1907 Ἀπόλλωνος
2450 1848 2775 1916 μεγαλοπρεπὲς
2818 1840 2923 1898 καῖ

1594 1930 1693 1977 ναὸν
1738 1927 1956 1992 ἀξιόλογον
2022 1925 2272 1989 ἀναθήμασι
2319 1925 2496 1978 πολλοῖς
2542 1920 2894 1986 κεκοσμημένον,
2912 1944 2938 1984 ‘J

1596 2003 1845 2068 σφαιροειδῆ
1890 2003 1953 2065 τῷ
1993 1998 2204 2064 σχήματι.
2246 1994 2295 2062 (3)
2338 1994 2428 2045 Καὶ
2469 1994 2594 2042 πόλιν
2630 1992 2708 2058 μὲν
2750 1984 2939 2060 ὑπέρ-εἲ,

1597 2094 1689 2140 χειν
1737 2072 1856 2139 ἱερὰν
1909 2076 1983 2120 τοῦ
2029 2076 2127 2120 θεοῦ
2168 2068 2341 2126 τούτου,
2383 2070 2466 2115 τῶν
2509 2065 2554 2114 δὲ
2584 2062 2930 2132 κοιὲιτοικοιῖνϊιιιν’ζΔ

1600 2147 1733 2205 αὐτὴν
1759 2146 1856 2201 τοὺς
1894 2143 2123 2198 πλείστους
2147 2134 2256 2190 εἶναι
2288 2138 2563 2207 κιθαριστάς,
2599 2138 2674 2187 καὶ
2706 2127 2937 2204 συνεχῶςᾞζς

1601 2222 1643 2267 ἐν
1680 2223 1741 2287 τῷ
1780 2221 1869 2283 ναῷ
1903 2216 2198 2283 κιθαρίζοντας
2222 2213 2382 2278 ὕμνους
2421 2213 2563 2276 λέγειν
2596 2214 2659 2278 τῷ
2696 2213 2781 2276 θεῷ
2804 2207 2939 2276 μετ’

1601 2294 1736 2360 ᾠδῆς,
1770 2290 2145 2355 ἀποσεμνύνοντας
2174 2289 2303 2336 αὐτοῦ
2327 2284 2404 2341 τὰς
2426 2284 2618 2353 πράξεις.
2648 2285 2701 2350 (4)
2739 2254 2947 2355 Ἔχεινιὲ

1602 2365 1647 2413 δὲ
1670 2365 1764 2419 τοὺς
1797 2360 2114 2429 (Υπερὸορέους
2148 2359 2260 2408 ἰδίαν
2295 2358 2392 2406 τινὰ
2417 2357 2638 2406 διάλεκτον
2653 2394 2667 2417 ,
2690 2355 2767 2406 καὶ
2790 2349 2941 2423 apiae}

1602 2437 1699 2493 τοὺς
1732 2434 1958 2493 Ἕλληνας
1997 2433 2239 2483 οἰκειότατα
2281 2433 2522 2479 διακεῖσθαι
2538 2467 2554 2495 ,
2590 2429 2666 2478 καὶ
2709 2426 2921 2490 μάλιστά
2936 2463 2949 2486 4

1603 2510 1706 2577 πρὸς
1729 2508 1825 2564 τοὺς
1855 2507 2098 2567 Ἀθηναίους
2128 2505 2204 2555 καὶ
2223 2504 2429 2564 Δηλίους,
2452 2506 2499 2552 ἐκ
2517 2504 2717 2551 πἀλαιῶν
2735 2501 2901 2569 χρόνων
2911 2492 2947 2569 {j

1605 2582 1926 2650 παρειληφότας
1949 2580 2028 2640 τὴν
2053 2579 2219 2628 εὔνοιαν
2241 2577 2421 2637 ταύτην.
2450 2575 2542 2626 Καὶ
2561 2579 2647 2624 τῶν
2670 2574 2896 2635 Ἑλλήνων
2920 2566 2940 2618 Τ

1606 2656 1725 2711 τινὰς
1760 2656 2045 2718 μυθολογοῦσι
2075 2651 2348 2719 παραὸαλεῗν
2380 2652 2439 2705 εἷς
2461 2647 2802 2714 Ὑπερὸορέους,
2827 2645 2903 2695 καὶ

1608 2727 1869 2792 ἀναθήματα
1891 2727 2109 2784 πολυτελῆ
2134 2725 2388 2773 καταλιπεῖν
2411 2721 2668 2788 γράμμασιν
2694 2719 2903 2778 Ἑλληνι-

1606 2809 1696 2856 κοῖς
1715 2800 2087 2864 ἓπιγεγραμμένα.
2106 2797 2158 2862 (ο)
2175 2794 2405 2848 (Ωσαύτως
2423 2794 2467 2842 δὲ
2486 2794 2560 2842 καὶ
2578 2794 2628 2840 ἐκ
2642 2795 2727 2840 τῶν
2748 2791 2902 2856 ιΥπερ·

1610 2873 1769 2940 ὅορέων
1809 2870 1991 2935 Ἄὸαριν
2033 2872 2092 2925 εἷς
2128 2868 2207 2927 τὴν
2249 2867 2444 2917 Ἑλλάδα
2479 2864 2814 2922 καταντήσαντα
2852 2863 2902 2911 τὸ
2942 2879 2943 2882 ’

1607 2945 1792 2994 παλαιὸν
1826 2946 2050 2999 ἀνασῶσαι
2089 2941 2168 3000 τὴν
2199 2939 2305 3006 πρὸς
2345 2937 2528 2998 Δηλίους
2563 2935 2729 2985 εὔνοιάν
2751 2954 2799 2983 τε
2831 2935 2906 2984 καὶ

1609 3157 1730 3198 deum
1757 3156 1866 3196 hunc
1893 3153 2070 3206 quotidie
2095 3152 2287 3203 perpetua
2311 3149 2476 3190 laudum
2501 3149 2780 3190 decantatione
2803 3144 2906 3189 cdo-

1610 3225 1747 3275 brent,
1775 3225 1817 3264 et
1845 3221 2009 3262 summis
2034 3220 2330 3271 prosequantur
2357 3216 2603 3264 honoribus,
2626 3215 2804 3255 bominoe
2821 3213 2908 3257 illos

1614 3289 1722 3329 velut
1742 3287 1968 3328 sacerdotes
1987 3284 2178 3336 Apollinis
2197 3293 2281 3323 esse
2302 3281 2526 3334 perbibent.
2580 3278 2706 3330 Cuius
2721 3278 2839 3319 lucus
2854 3276 2906 3318 ibi

1612 3353 1843 3405 magnificus
1864 3353 1905 3392 et
1922 3350 2118 3401 templum
2140 3348 2291 3399 insigne
2309 3345 2484 3387 rotunda
2503 3346 2631 3386 forma
2655 3342 2908 3396 donariisque

1612 3417 1748 3458 multis
1775 3417 2025 3457 exornatum.
2081 3414 2136 3464 (3)
2166 3412 2271 3454 Urbs
2296 3421 2456 3462 quoque
2481 3409 2556 3450 deo
2582 3408 2678 3448 huic
2707 3417 2840 3458 seem
2865 3405 2909 3449 in

1613 3493 1693 3532 qua
1706 3481 1856 3522 civium
1874 3479 2051 3530 plerique
2067 3477 2283 3531 citharistae
2293 3505 2306 3526 ,
2323 3475 2393 3526 qui
2407 3473 2581 3514 citharas
2590 3472 2633 3512 in
2651 3471 2743 3512 sano
2758 3466 2911 3526 pule-gn·

1612 3548 1673 3586 tes
1687 3555 1820 3586 sacros
1834 3543 1909 3583 deo
1926 3543 2096 3594 hymnos
2111 3541 2282 3589 canunt,
2303 3538 2453 3589 quibus
2468 3536 2676 3588 gestaejus
2692 3531 2911 3590 honorifice

1614 3610 1899 3662 praedicantur.
1955 3607 2009 3658 (4)
2027 3607 2179 3657 Lingua
2194 3603 2458 3656 Hyperboreis
2473 3601 2645 3654 propria,
2662 3602 2704 3642 et
2724 3600 2856 3652 singu
2908 3607 2911 3623 '¹

1616 3674 1766 3715 Graccis
1790 3671 2091 3721 benevolentia,
2113 3681 2163 3710 ex
2183 3667 2359 3719 antiquis
2386 3667 2479 3707 inde
2496 3664 2741 3717 temporibus
2765 3675 2813 3704 co
2854 3663 2891 3697 i&

1618 3739 1744 3786 mata,
1766 3735 1915 3776 addicti
1931 3735 2051 3784 sunt3
2077 3731 2260 3784 inprimis
2279 3742 2374 3771 vero
2398 3728 2702 3772 Atheniensibus
2719 3729 2761 3768 et
2792 3736 2803 3763 ι
2824 3744 2853 3762 ι,
2877 3744 2889 3761 ⁸s

1620 3802 1728 3850 Quin
1746 3803 1980 3841 Groecorum
2006 3797 2220 3839 nonnullos
2245 3795 2297 3835 ad
2323 3794 2602 3847 Hyperboreos
2628 3792 2849 3844 trajecisse,
2883 3807 2886 3825 =

1618 3865 1810 3917 praeclara
1841 3862 2007 3903 donaria
2031 3859 2237 3911 reliquisse
2264 3858 2414 3900 Graecis
2444 3858 2568 3899 literis
2586 3857 2774 3908 inscripta
2851 3873 2856 3886 =

1619 3930 1767 3969 lantur.
1822 3927 1877 3978 (5)
1903 3926 1969 3967 Sic
1992 3924 2116 3966 etiam
2139 3923 2284 3964 Abarin
2303 3921 2507 3973 quondam
2534 3921 2576 3962 in
2599 3921 2795 3962 Graeciam
2849 3936 2866 3957 ι,

1622 3994 1842 4046 protectum
1869 3990 2044 4043 pristinae
2074 3999 2166 4030 cum
2187 3987 2309 4029 Deliis
2324 3987 2507 4028 amicitiae
2522 3988 2563 4027 et
2581 3982 2824 4037 cognationis
2860 4027 2863 4029 ,

1622 4056 1899 4098 cessitudinem
1916 4063 2138 4094 renovasse.
2194 4053 2416 4092 Memorant
2436 4050 2595 4101 insuper
2609 4049 2746 4090 lunam
2769 4058 2821 4088 ex

1623 4120 1750 4161 insula
1773 4120 1828 4159 ita
1847 4117 2046 4168 conspici,
2067 4118 2112 4156 ut
2138 4125 2279 4166 parum
2306 4125 2331 4154 a
2351 4116 2460 4154 terra
2484 4114 2624 4162 distet,
2651 4114 2694 4153 et
2710 4113 2852 4152 terres
2886 4154 2892 4159 ,

1628 4183 1823 4236 quosdam
1839 4182 2016 4223 tumulos
2033 4181 2071 4220 in
2092 4181 2190 4220 facie
2209 4179 2479 4230 repraesentet.
2531 4178 2587 4230 (6)
2608 4180 2738 4218 Deum
2753 4186 2849 4227 quo·
2870 4171 2883 4178 ''
2906 4229 2910 4234 .
