3016 4628
290 281 379 321 231

286 370 314 426 ἢ
339 367 386 415 τὸ
410 365 470 430 μὴ
502 368 638 414 ποιεῖν
677 363 1013 430 περιττώματα,
1040 368 1098 411 ὡν
1123 363 1194 418 διὰ
1232 363 1390 418 παντὸς
1426 365 1578 412 ἐκεῖνοι

287 439 459 505 καθαρὰ
487 438 542 486 τὰ
566 436 750 501 σώματα
779 435 1036 503 ἐφύλαττον
1070 435 1165 487 οὔτε
1190 435 1274 526 γὰρ
1299 436 1376 495 τὴν
1402 440 1477 494 τῆς
1501 437 1577 502 φύ·

288 532 394 567 σεως
413 511 711 601 ἰσχυροτέραν
715 508 892 576 τροφὴν,
918 511 1015 557 ἀλλ’
1036 503 1087 567 ἧς
1104 513 1131 567 ἡ
1153 510 1275 575 φύσις
1299 509 1580 574 ἰσχυροτέρα,

287 584 628 651 προσεφέροντο,
664 582 762 631 οὔτε
795 581 872 639 τὴν
911 583 1046 630 πλείω
1078 586 1153 640 τῆς
1192 581 1366 647 μετρίας
1399 581 1470 628 διὰ
1503 581 1581 639 τὴν

288 657 573 720 ἑτοιμότητα,
603 656 699 704 ἀλλ’
724 659 783 710 ὡς
816 654 872 702 τὰ
894 654 1036 702 πολλὰ
1058 654 1135 711 τὴν
1176 655 1342 704 ἐλάττω
1378 658 1454 711 τῆς
1483 657 1580 701 ἱκα-

288 733 362 787 νῆς
387 728 458 777 διὰ
493 728 571 788 τὴν
606 727 778 778 σπάνιν.
820 727 952 776 Ἀλλὰ
977 727 1062 789 μὴν
1098 726 1191 774 οὐδὲ
1231 726 1412 789 πόλεμοι
1441 728 1581 779 αὐτοῖς

287 795 416 861 ἦσαν,
451 801 546 850 οὐδὲ
582 801 752 854 στάσεις
787 799 892 865 πρὸς
923 800 1148 857 ἀλλήλους·
1184 792 1311 846 ἆθλον
1336 797 1419 861 γὰρ
1460 797 1580 846 οὐθὲν

289 874 505 938 ἀξιόλογον
525 876 568 922 ἐν
587 877 648 939 τῷ
673 873 794 938 με’σῳ
817 872 1096 938 προκείμενον
1114 876 1326 936 ὑπῆρχεν,
1353 870 1460 936 ὑπὲρ
1482 869 1580 917 ὅτου

272 967 349 1000 .τις
373 946 425 995 ἂν
453 946 661 1011 διαφορὰν
684 945 896 1003 τοσαύτην
931 944 1211 1002 ἐνεστήσατο,
1233 944 1344 990 ὥστε
1376 943 1423 989 τὸ
1450 944 1590 1009 κεφά-

286 1022 408 1068 λαιον
434 1012 542 1066 εἶναι
579 1025 654 1066 τοῦ
679 1018 771 1083 βίου
807 1017 1030 1065 συνέὸαινε
1056 1014 1231 1080 σχολὴν,
1259 1015 1471 1081 ῥᾳθυμίαν
1498 1014 1583 1062 ἀπὸ

288 1097 373 1140 τῶν
412 1092 693 1157 ἀναγκαίων,
721 1091 898 1155 ὑγίειαν,
935 1089 1124 1155 εἰρήνην,
1162 1088 1322 1148 φιλίαν.
1412 1091 1514 1142 Τοῖς
1538 1088 1583 1135 δὲ

289 1164 477 1230 ὑστέροις
494 1165 726 1230 ἐφιεμένοις
751 1162 951 1226 μεγάλων
981 1160 1055 1207 καὶ
1083 1161 1257 1214 πολλοῖς
1276 1161 1582 1226 περιπίπτουσι

288 1241 435 1291 κακοῖς
458 1237 646 1290 ποθεινὸς
671 1235 842 1288 εἰκότως
860 1236 1025 1297 ,ἐκεῖνος
1047 1236 1069 1279 ὁ
1096 1233 1184 1297 βίος
1209 1233 1414 1296 ἐγίγνετο.
1447 1233 1583 1291 Δηλοῖ

290 1308 334 1356 δὲ
357 1329 406 1356 το
422 1309 537 1356 λιτον
554 1328 637 1355 των
663 1306 844 1371 πρώτων
870 1326 943 1352 και
958 1305 1235 1370 αὐτοσχέδιον
1260 1310 1336 1364 τῆς
1361 1309 1518 1370 τροφῆς
1537 1304 1584 1351 τὸ

290 1381 545 1455 μεθύστερον
566 1378 687 1446 ῥηθὲν
712 1379 860 1432 “Ἀλις
898 1377 1081 1442 δρυὸς,
1127 1381 1200 1424 τοῦ
1240 1377 1584 1469 μεταὸάλλοντος

289 1473 463 1518 πρωτου
490 1446 557 1500 οἷα
584 1452 693 1506 εἷκος
717 1470 840 1498 τουτο
864 1448 1169 1515 φθεγξαμένου.
1240 1448 1454 1515 ’Ὕστερον
1475 1453 1496 1495 ὃ
1514 1468 1585 1496 νο-

290 1526 471 1588 μαδικος
491 1528 683 1582 εἰσῆλθεν
712 1524 824 1588 βίος,
850 1522 943 1570 καθ’
973 1521 1017 1568 ὃν
1047 1521 1350 1587 περιττοτέραν
1370 1523 1452 1580 ἤδη
1478 1526 1582 1579 κτῆ·

289 1618 355 1645 σιν
382 1597 828 1663 προσπεριεὸοίλλοντο
853 1594 926 1642 καὶ
952 1593 1070 1660 ζῴων
1095 1594 1262 1658 ἥψαντο
1293 1593 1584 1652 κατανοήσαν-

289 1691 358 1725 τες
379 1670 443 1718 ὅτι
473 1669 528 1718 τὰ
555 1667 633 1731 μὲν
660 1672 786 1727 ἀσινῆ
810 1667 1042 1730 ἐτύγχανεν
1063 1665 1164 1713 ὄντα
1179 1703 1192 1727 ,
1214 1666 1268 1713 τὰ
1293 1666 1337 1713 δὲ
1362 1670 1583 1730 κακοῦργα

289 1743 363 1790 καὶ
385 1742 584 1808 χαλεπά·
610 1742 683 1789 καὶ
705 1740 816 1788 οὕτω
845 1740 895 1798 δὴ
921 1739 974 1786 τὰ
1000 1737 1076 1800 μὲν
1100 1738 1394 1796 ἐτιθάσευσαν,
1421 1739 1507 1791 τοῖς
1540 1736 1585 1784 δὲ

291 1816 503 1864 ἐπέθεντο.
527 1815 615 1862 Καὶ
629 1814 719 1874 ἅμα
739 1815 781 1859 ἐν
800 1816 861 1878 τῷ
880 1814 995 1876 αὐτῷ
1016 1810 1096 1875 βίῳ
1113 1813 1359 1867 συνεισῆλθε
1373 1809 1585 1872 πόλεμος,

290 1887 365 1936 καὶ
388 1893 551 1945 ταῦτα,
579 1886 730 1952 φησὶν,
761 1886 840 1948 οὐχ
866 1885 1011 1946 ἡμεῖς,
1042 1883 1135 1929 ἀλλ’
1159 1885 1197 1929 οἱ
1219 1882 1271 1929 τὰ
1290 1881 1457 1929 παλαιὰ
1476 1884 1587 1928 ἱστο-

293 1962 361 2026 ρία
395 1960 670 2015 διεξελθόντες
691 1958 910 2022 εἰρήκασιν
931 1976 940 1986 ·
977 1956 1060 2014 ἤδη
1086 1955 1264 2018 (ἐπειδὴ
1292 1959 1332 2017 Ρ)
1358 1954 1440 2020 γὰρ
1472 1953 1584 2009 ἀξιό-

290 2036 399 2096 λογα
424 2033 629 2095 κτήματα
657 2027 708 2090 ἦν
748 2030 1018 2094 ὑπάρχοντα·
1049 2031 1086 2076 οἱ
1112 2028 1189 2090 μὲν
1225 2028 1294 2075 ἐπὶ
1333 2028 1380 2075 τὸ
1398 2030 1583 2092 παρελε-

291 2110 389 2152 σθαι
413 2104 656 2171 φιλοτιμίαν
679 2106 922 2162 ἐποιοῦντο,
954 2099 1246 2166 ἀθροιζόμενοί
1274 2119 1317 2145 τε
1337 2099 1411 2146 καὶ
1437 2118 1584 2163 παρα-

290 2180 518 2230 καλοῦντες
544 2176 779 2233 ἀλλήλους,
803 2177 841 2222 οἱ
871 2173 954 2220 δὲ’
936 2193 1006 2219 επι
1024 2172 1071 2219 τὸ
1100 2171 1372 2237 διαφυλάξαι,
1402 2171 1585 2234 Προϊόν-

289 2269 359 2303 τος
386 2249 429 2295 δὲ
468 2248 581 2295 κατὰ
621 2247 777 2325 μικρὸν
800 2246 912 2294 οὕτω
951 2265 1024 2292 του
1056 2244 1237 2310 χρόνου,
1282 2249 1583 2297 κατανοουντες

291 2321 358 2367 ἀει
377 2325 460 2367 τῶν
479 2320 711 2412 γρησίμων
739 2324 846 2367 εἶναι
867 2319 1122 2380 δοκούντων,
1144 2320 1202 2371 εἷς
1230 2315 1278 2363 τὸ
1291 2315 1431 2381 τρίτον
1448 2335 1493 2362 τε
1511 2316 1584 2362 καὶ

289 2394 522 2457 γεωργικὸν
567 2392 764 2439 ἐνεπεσον
790 2385 912 2446 εἶδος.
949 2390 1092 2437 Ἰαυτι
1129 2389 1205 2453 μὲν
1231 2389 1498 2453 Δικαιάρχου
1528 2387 1583 2435 τὰ

288 2465 457 2512 παλαιὰ
486 2469 569 2512 τῶν
609 2465 880 2522 ζΕλληνικων
918 2463 1144 2518 διεξιόντος
1181 2460 1398 2553 μακρίριόν
1430 2481 1476 2507 τε
1511 2461 1582 2508 τὸν

293 2539 384 2602 βίον
412 2537 727 2629 ἀφηγουμένου
735 2541 818 2584 τῶν
833 2536 1152 2595 παλαιοτάτων,
1179 2535 1223 2582 ὃν
1246 2555 1290 2582 ου
1294 2554 1325 2598 Α
1346 2539 1475 2592 ἦττον
1497 2554 1582 2581 των

290 2611 435 2658 ἄλλων
450 2630 524 2659 και
543 2616 569 2669 ἦ
591 2610 736 2675 ἀποχὴ
756 2630 838 2656 των
864 2609 1070 2675 ἐμψύχων
1090 2607 1375 2675 συνεπλήρου.
1397 2607 1475 2655 Διὸ
1497 2606 1582 2653 πό-

291 2749 332 2787 in
353 2750 435 2788 otio
457 2748 642 2798 degerent
658 2749 805 2798 absque
825 2749 907 2788 ulla
933 2759 1028 2787 cura
1047 2750 1168 2798 atque
1184 2747 1386 2786 laboribus
1412 2745 1524 2794 ullis;
1549 2747 1589 2784 et

290 2812 323 2851 si
341 2812 719 2862 elegantissimorum
742 2811 989 2851 medicorum
1021 2811 1232 2851 sententiae
1254 2809 1588 2860 acquiescendum

291 2877 373 2923 est,
399 2878 444 2915 ut
459 2876 580 2914 etiam
613 2887 693 2914 non
714 2878 966 2925 aegrotarent.
1001 2876 1166 2916 Nullum
1189 2875 1294 2914 enim
1314 2885 1452 2913 eorum
1482 2884 1588 2923 prae-

292 2943 452 2990 ceptum
473 2943 554 2990 est,
575 2941 684 2990 quod
707 2942 830 2990 magis
849 2941 900 2980 ad
921 2942 1131 2980 sanitatem
1149 2940 1266 2979 faciat
1279 2969 1290 2988 ,
1318 2950 1441 2989 quam
1461 2950 1587 2988 quum

294 3007 479 3052 monent,
508 3004 683 3043 dandam
704 3016 787 3044 esse
816 3016 976 3054 operam
1011 3006 1057 3044 ut
1088 3015 1211 3054 quam
1240 3002 1477 3053 paucissima
1503 3002 1589 3041 fieri

294 3069 695 3120 potestexcrementa
711 3068 920 3117 gignantur
943 3079 990 3107 :a
1007 3068 1153 3118 quibus
1167 3078 1283 3118 porro
1300 3066 1357 3106 illi
1371 3068 1589 3116 expurgata

294 3143 458 3183 corpora
469 3134 657 3182 perpetuo
667 3133 950 3172 conservabant
961 3147 972 3182 ;
984 3133 1130 3184 quippe
1142 3144 1267 3183 quum
1278 3143 1406 3182 neque
1419 3131 1589 3170 validius

294 3200 437 3237 natura
450 3197 626 3250 corporis
645 3197 704 3236 sui
719 3228 729 3246 ,
755 3198 822 3237 sed
847 3198 1102 3247 imbecillius,
1130 3209 1260 3249 neque
1279 3197 1449 3248 amplius
1467 3204 1589 3246 quam

295 3261 547 3301 nimici-atum
575 3263 675 3300 esset
702 3261 753 3299 ob
784 3265 961 3311 paratam
990 3274 1123 3301 rerum
1156 3261 1335 3312 copiam,
1362 3261 1442 3300 imo
1458 3261 1591 3299 minus

294 3325 530 3375 plerumque
547 3323 599 3362 ob
621 3325 844 3374 penuriam,
863 3336 981 3375 quam
1001 3327 1102 3365 esset
1130 3326 1246 3372 satis,
1267 3325 1501 3364 alimentum
1521 3335 1588 3363 su-

296 3389 465 3427 merent.
514 3386 618 3432 Quin
650 3399 778 3436 neque
809 3388 911 3427 bella
946 3400 1074 3438 neque
1107 3389 1321 3428 seditiones
1355 3389 1457 3428 inter
1486 3388 1591 3435 ipsos

294 3454 410 3491 eraut
424 3481 435 3500 ,
458 3462 583 3500 quum
601 3451 754 3489 nullum
780 3453 988 3502 praemium
1010 3454 1050 3492 in
1068 3453 1199 3492 medio
1225 3453 1471 3503 propositum
1493 3452 1591 3502 ejus-

297 3515 403 3554 modi
422 3514 638 3563 haberent,
662 3526 733 3564 pro
764 3527 842 3564 quo
866 3516 1118 3566 adipiscendo
1135 3517 1333 3567 suscipere
1359 3517 1484 3556 ullam
1502 3528 1590 3556 con·

295 3579 512 3620 tentionem
530 3578 723 3627 quispiam
741 3579 889 3618 velle:t
909 3580 963 3618 ita
976 3583 1021 3619 ut
1033 3592 1189 3620 summa
1205 3581 1326 3620 totius
1342 3592 1479 3620 eorum
1497 3581 1590 3621 vitae

297 3642 394 3682 nibil
421 3640 530 3682 aliud
550 3643 676 3690 esset,
705 3653 824 3691 quam
850 3643 976 3682 otium
1007 3644 1174 3694 etquies
1206 3656 1229 3683 a
1259 3645 1489 3684 necessariis
1516 3645 1589 3684 sibi

297 3705 618 3757 suppeditandis,
643 3706 814 3756 sanitas,
840 3718 939 3756 pax,
965 3709 1152 3749 amicitia.
1185 3710 1302 3749 Unde
1334 3712 1498 3760 posteris
1521 3710 1591 3760 qui

299 3772 506 3823 propterea
532 3769 639 3820 quod
671 3769 822 3818 majora
838 3771 1139 3820 appetivissent‚
1159 3774 1197 3812 in
1225 3775 1352 3813 multa
1372 3775 1477 3817 mala
1494 3775 1591 3814 inci-

298 3834 461 3882 derant,
491 3832 758 3872 desiderabilis
793 3832 1064 3882 {nujuscemodi
1100 3836 1182 3875 vita
1222 3838 1365 3877 merito
1393 3839 1588 3888 apparuit.

300 3898 604 3936 Victusautem
633 3896 866 3935 tenuitatem
902 3897 1048 3936 nullius
1069 3902 1279 3948 apparatus
1310 3901 1482 3952 indigam
1512 3903 1589 3951 pri-

300 3972 456 4002 morum
469 3960 627 4015 illorum
647 3957 853 3998 bominum
867 3961 960 3999 satis
975 3961 1164 4011 declarat,
1182 3964 1287 4012 quod
1308 3965 1461 4004 dictum
1479 3969 1588 4015 post·

300 4037 345 4063 ca
378 4025 473 4073 suit,
494 4026 606 4064 Salis
624 4034 828 4075 quercus;
847 4035 972 4073 quum
990 4025 1055 4064 ille
1073 4026 1141 4075 qui
1169 4028 1321 4076 primus
1338 4041 1467 4079 parcae
1486 4031 1592 4070 illius

300 4091 393 4129 vilan
410 4090 668 4129 mutationem
687 4090 746 4128 est
769 4099 992 4138 aggressus,
1014 4089 1158 4129 dixisse
1172 4092 1209 4136 id
1226 4094 1435 4133 verisimile
1447 4095 1508 4134 sit.
1530 4096 1590 4135 Si-

301 4154 383 4193 mul
404 4156 537 4192 autem
556 4164 646 4192 cum
667 4164 714 4191 eo
740 4153 861 4190 verbo
882 4165 895 4189 ι
909 4153 960 4191 ita
983 4154 1189 4202 pastoricia
1212 4156 1436 4196 introducta
1453 4162 1526 4198 est.
1547 4162 1589 4198 lu

304 4229 382 4270 qun
408 4221 445 4255 ct
475 4228 784 4269 supervacaneas
808 4217 889 4265 jani
910 4217 1168 4265 wssessioues
1189 4219 1259 4256 sibi
1285 4222 1591 4271 comparabant,

1261 266 1628 314 DICAEARCHl
1666 264 1922 314 MESSENI
1931 265 1950 312 l

1621 1679 1623 1682 <
1660 1650 1964 1695 Dicaearchus
1988 1656 2033 1695 m
2059 1653 2186 1696 llbris
2209 1657 2534 1712 antiquitatum
2571 1664 2619 1697 et
2633 1655 2955 1715 Descrl'ptione

1654 365 1780 427 λεμος
1800 366 1875 411 οὐκ
1902 357 1995 422 ἦν“
1973 384 2030 418 ως
2050 362 2101 410 ἂν
2135 363 2303 418 ἀδικίας
2328 363 2658 427 ἐξεληλαμένης.
2687 368 2954 427 Συνεισῆλθε

1680 435 1699 483 ὲ
1735 434 1911 499 ὕστερον
1946 436 2020 483 καὶ
2047 435 2233 499 πόλεμος
2274 438 2353 485 καὶ
2393 440 2451 492 εἷς
2481 437 2694 496 ἀλλήλους
2727 440 2955 497 πλεονεξία

1616 464 1749 570 ἅμα
1770 512 1823 572 τῇ
1837 510 1921 554 τῶν
1943 506 2062 572 ζώων
2082 507 2249 554 ἀδικία·
2273 506 2385 555 &nal
2410 509 2660 572 θαυμαστὸν
2689 513 2774 559 τῶν
2793 513 2955 574 τολμη·

1657 579 1824 626 σάντων
1842 579 1919 636 τὴν
1941 578 2112 644 ἀποχὴν
2137 583 2220 627 τῶν
2246 580 2366 645 ζιέιων
2399 582 2564 637 ἀδικίας
2603 583 2769 648 μητέρα
2793 586 2949 648 εἰπεῖν,

1654 656 1732 709 τῆς
1755 652 1943 717 ἱστορίας
1967 652 2147 711 καὶτῆς
2167 653 2318 718 πείρας
2343 653 2438 716 ἅμα
2462 657 2524 720 τῷ
2547 655 2662 721 φόνῳ
2686 658 2826 706 αὐτῶν
2849 676 2951 723 τρυε

1657 725 1739 789 φήν
1764 744 1807 772 τε
1837 724 1911 772 καὶ
1928 724 2116 787 πόλεμον
2152 726 2228 773 καὶ
2246 726 2415 775 ἀδικίαν
2442 730 2723 781 συνεισελθεῖν
2763 729 2955 791 μηνυούι-

1660 817 1754 855 σης.

1722 896 1792 939 De
1816 895 2071 954 proverbio
2098 892 2213 948 ἅλις
2237 895 2393 958 δρυὸς
2415 898 2513 943 vid.
2541 898 2720 943 Zenob.
2747 899 2915 955 ΙῙ,’4ο
2934 913 2958 944 2·

1658 964 1762 1012 Ἐπὶ
1779 967 1864 1011 τῶν
1878 966 1927 1011 ἐκ
1943 964 2206 1029 φαυλοτέρας
2220 965 2385 1024 διαίτης
2403 967 2646 1031 ἐρχομένων
2664 968 2735 1016 ἐπὶ
2756 969 2968 1042 βελτίοναά

1657 1035 1877 1101 εἴρηταιὴ
1909 1037 2146 1099 παροιμία·
2180 1040 2328 1095 επειδὴ
2361 1038 2408 1086 τὸ
2443 1043 2624 1104 ἀρχαῖον
2661 1043 2700 1088 οἱ
2733 1033 2970 1107 ἄνθρωποίὲ-

1660 1109 1861 1173 βαλάνοις
1886 1108 2006 1174 δρυος
2014 1108 2307 1199 τρεφόμενοι,
2335 1109 2511 1176 ὕστερον
2533 1115 2738 1177 ευρεθεῖσι
2765 1117 2842 1171 τῆς
2861 1113 2973 1179 Afris·
3012 1138 3013 1165 1

1660 1199 1820 1243 μητρος
1867 1184 2047 1245 καρποῖς
2071 1181 2327 1246 ἐχρήσαντο.
2359 1187 2510 1229 Locis
2546 1201 2573 1230 a
2615 1188 2863 1232 Leutschio
2901 1180 2974 1242 869,
3010 1199 3014 1247 j

1658 1255 2015 1300 Schneidewino
2055 1256 2252 1301 laudatis
2277 1257 2398 1301 adde
2423 1259 2862 1318 Porphyr.l.1.11,
2893 1259 2973 1319 5ξ·

1658 1328 1826 1372 Euseb.
1848 1330 1921 1373 Ρι.
1939 1329 2023 1372 Ev.
2040 1330 2128 1383 ΙΙΙ,
2154 1345 2205 1388 p.
2232 1328 2561 1386 86D3Cicero
2578 1331 2653 1375 Ad
2671 1334 2765 1378 Att.
2785 1328 2968 1394 11,19
3010 1390 3013 1394 v

2288 1481 2332 1508 2.

1727 1581 2042 1639 Hieronymus
2061 1580 2181 1624 Adv.
2201 1581 2357 1623 Jovin.
2382 1562 2537 1640 lx,'p.
2566 1580 2660 1625 230
2685 1581 2761 1626 ed.
2781 1583 2916 1630 Reat.
2940 1596 2954 1627 ε

1666 1727 1860 1769 Groecioe
1899 1722 2045 1781 refert
2072 1725 2156 1767 sub
2185 1725 2397 1779 Saturno,
2428 1741 2564 1787 quum
2603 1722 2762 1770 omitia
2794 1725 2903 1770 Imm

1649 1795 1889 1854 funderet,
1917 1799 2093 1841 mallum
2113 1799 2363 1842 comedisse
2389 1813 2575 1842 carnem
2590 1833 2600 1853 ‚
2622 1799 2708 1845 sed
2735 1802 2929 1843 univers

1661 1867 2068 1928 vioeissefiugI‘bus
2086 1879 2132 1913 et
2143 1875 2309 1929 pomis,
2339 1886 2444 1928 quoe
2463 1881 2623 1930 sponte
2651 1881 2774 1918 terra
2789 1867 2954 1931 gigness

1663 1943 1755 1988 bat.
1784 1943 1894 1986 Hae-c
1919 1957 1976 1985 ex
1996 1943 2224 2003 Porphyi
2215 1958 2261 1986 10
2287 1942 2514 2001 descripta
2538 1957 2632 1986 esse
2653 1951 2781 1987 recte
2804 1956 2963 1988 cense

1662 2015 1946 2059 Holstenius.

2288 2135 2331 2178 3.

1727 2251 2007 2296 Censorinus
2027 2253 2096 2295 De
2119 2251 2194 2295 die
2218 2260 2312 2304 nat.
2333 2267 2374 2296 c.
2410 2256 2433 2302 4
2459 2267 2468 2295 τ
2493 2253 2592 2296 Alii
2611 2251 2797 2312 semper
2811 2251 2957 2302 homi-

1659 2321 1903 2378 teessici.rse
1926 2338 2009 2365 nec
2025 2322 2241 2381 itmquam
2267 2339 2328 2366 eac
2357 2323 2615 2367 hominibus·
2637 2333 2790 2380 natos,
2826 2311 2952 2390 a'tqu'

1659 2409 1811 2438 comm
1835 2398 1994 2452 generi
2019 2404 2161 2453 caput
2189 2410 2249 2437 ea,
2250 2396 2515 2455 otdiumque
2539 2397 2714 2443 nullum
2737 2401 2959 2450 exuitis-5

1659 2464 1796 2509 arbitr
1798 2470 1874 2509 ati
1889 2476 2018 2520 sunt,·
2041 2468 2128 2512 alii
2141 2482 2240 2510 vero
2242 2463 2394 2523 suase
2413 2477 2588 2528 tempus
2603 2484 2739 2528 quum
2756 2468 2933 2518 homin

1658 2553 1748 2582 non
1775 2547 1944 2590 essent,
1982 2548 2028 2581 et
2046 2537 2118 2582 his
2141 2547 2287 2582 ortum
2318 2540 2569 2598 aliquando
2587 2529 2956 2608 principiumq-

1659 2620 1824 2653 natura
1843 2611 2072 2655 tributum.
2091 2610 2188 2653 Sed
2195 2615 2327 2669 prior
2343 2612 2428 2655 illa
2443 2616 2691 2669 sententI'a,
2729 2628 2823 2673 qua
2836 2628 2959 2659 sem-

1664 2747 1704 2783 et
1723 2745 1962 2785 animalibus
1976 2757 2138 2796 quoque
2152 2757 2294 2787 manus
2310 2747 2453 2787 inferre
2466 2749 2687 2798 coeperuut.
2703 2752 2839 2796 Quum
2849 2759 2899 2790 en
2924 2764 2944 2784 ·

1663 2809 1739 2847 alia
1769 2809 1883 2848 exiis
1903 2809 2086 2859 innoxia,
2117 2810 2193 2848 alia
2213 2810 2380 2859 agrestia
2409 2812 2450 2850 et
2473 2811 2655 2851 malefica
2675 2823 2760 2852 esse
2781 2802 2942 2855 animati

1664 2874 1895 2923 vertissent,
1913 2874 1963 2912 ad
1979 2874 2192 2913 cicuranda
2212 2875 2289 2914 alia
2310 2875 2489 2914 animum
2504 2871 2758 2926 adjecerunt,
2775 2869 2854 2916 alia
2875 2877 2934 2916 vi·
2987 2926 2991 2930 s

1663 2939 1784 2979 lentia
1799 2940 2022 2990 opprimere
2033 2941 2164 2979 conati
2185 2942 2290 2979 sunt.
2311 2942 2440 2990 Atque
2461 2941 2517 2980 ita
2539 2941 2660 2981 simul
2682 2952 2778 2981 eum
2803 2953 2850 2982 ea
2865 2942 2929 2982 vit
2953 2931 2955 2935 ¹

1664 3002 1817 3042 bellum
1844 3015 2007 3054 quoque
2027 3004 2300 3044 introductum
2323 3007 2396 3044 est.
2417 3006 2547 3055 Atque
2570 3005 2657 3044 boec
2671 3035 2683 3054 ‚
2701 3005 2947 3046 Dicaearcbu

1663 3068 1816 3118 inquit,
1833 3079 1906 3108 nos
1921 3079 2000 3107 uon
2022 3067 2215 3117 dicimus,
2229 3068 2296 3107 sed
2314 3068 2371 3108 illi
2391 3069 2460 3118 qui
2482 3069 2671 3119 pleraque
2700 3069 2879 3120 diligenti
2895 3072 2937 3115 in

1663 3132 1874 3183 quisitione
1888 3132 2082 3182 persecuti
2098 3134 2202 3171 sunt.
2228 3135 2364 3178 Quum
2380 3133 2485 3173 enim
2499 3133 2583 3184 jam
2599 3135 2696 3174 satis
2709 3135 2849 3176 munae
2868 3145 2940 3186 pos

1664 3196 1854 3235 sessiones
1873 3197 2026 3244 essent,
2047 3195 2113 3235 alii
2130 3196 2284 3235 collecti
2297 3198 2338 3238 et
2354 3198 2497 3237 mutuo
2513 3190 2554 3237 Se
2574 3192 2788 3239 inritant&
2802 3197 2877 3240 sibl
2892 3208 2937 3238 ea

1664 3259 1871 3309 acquirere
1882 3290 1892 3308 ,
1918 3259 1983 3299 alii
2000 3260 2074 3299 sibi
2090 3270 2157 3299 eas
2172 3270 2409 3300 conservare
2426 3259 2732 3300 contendebant.
2751 3264 2911 3313 Quumq

1664 3324 1719 3362 ita
1754 3322 1961 3372 paullatim
1995 3323 2250 3373 processisset
2277 3324 2459 3374 tempus,
2493 3334 2542 3363 ac
2574 3323 2744 3367 subinde
2771 3323 2909 3375 quidn

1667 3387 1872 3426 videretur
1911 3398 1995 3426 esse
2029 3387 2150 3436 utile,
2183 3377 2567 3437 animadverterent,
2605 3380 2647 3427 in
2675 3387 2840 3429 tertium
2869 3387 2925 3427 vi

1663 3463 1786 3502 genus
1804 3461 1990 3501 agrorum
2022 3451 2281 3490 colendorum
2302 3450 2464 3490 tandem
2493 3450 2755 3494 devenerunt.
2833 3453 2909 3502 Atq

1668 3519 1756 3557 lime
1800 3518 1894 3557 sunt
1923 3522 2022 3567 ‘quae
2057 3516 2260 3556 veteribus
2304 3519 2538 3566 Graecorum
2568 3515 2688 3556 rebus
2717 3527 2797 3556 ico·
2820 3532 2840 3551 ιι
2860 3532 2875 3551 ι
2899 3532 2905 3551 ι

1660 3581 1798 3633 ‚randis
1829 3580 2083 3620 Dicaearchus
2113 3580 2255 3630 refert,
2279 3579 2378 3618 dum
2407 3577 2565 3619 beatam
2595 3579 2854 3630 antiquorum
2875 3580 2901 3620 il

1665 3657 1755 3685 rum
1774 3646 1894 3685 vitani
1921 3644 2132 3695 praedicat,
2151 3643 2217 3683 cui
2233 3644 2395 3694 quidem
2417 3654 2497 3683 non
2511 3644 2709 3684 minorem
2731 3655 2854 3695 quam
2869 3645 2922 3684 al

1665 3712 1902 3752 abstinentia
1953 3720 2115 3761 quoque
2159 3709 2210 3748 ab
2257 3708 2443 3748 animatis
2490 3710 2714 3760 profectum
2759 3710 2838 3750 at't'e
2868 3704 2918 3745 ·-·‘'

1667 3775 1779 3816 Unde
1800 3775 1950 3814 bellum
1965 3774 2120 3813 nullum
2138 3772 2179 3811 in
2198 3783 2243 3811 ea
2255 3773 2361 3822 erat,
2376 3783 2502 3822 quum
2522 3773 2632 3813 omni
2649 3773 2842 3823 injustiti-
2868 3792 2873 3807 ·

1665 3849 1733 3879 sus
1759 3839 1922 3878 careret.
1949 3839 2089 3877 Postea
2107 3846 2204 3874 vero
2230 3846 2310 3875 una
2327 3846 2420 3877 cum
2444 3836 2640 3886 injustitia
2656 3837 2698 3877 in
2718 3836 2889 3893 animas,
2907 3887 2919 3891 ,Ἰ

1665 3904 1814 3944 bellum
1838 3905 1878 3942 et
1901 3903 1990 3953 plus
2008 3901 2178 3941 habendi
2208 3901 2311 3941 inter
2341 3902 2445 3952 ipsos
2474 3903 2678 3957 contentio
2708 3903 2844 3944 subint
2873 3946 2878 3954 ‚

1666 3974 1754 4017 Qua
1769 3969 1818 4008 de
1851 3979 1970 4008 causa
1998 3978 2078 4007 non
2109 3966 2204 4006 satis
2233 3966 2420 4006 demirari
2441 3978 2512 4018 pro
2536 3968 2679 4008 mel-ito
2697 3978 2882 4023 possum

1666 4045 1754 4072 rum
1770 4031 2076 4082 impudentiam,
2092 4030 2163 4080 qui
2176 4029 2455 4070 abstinentiam
2479 4028 2530 4069 ab
2545 4024 2781 4070 animalibus
2796 4040 2864 4069 ιιι

1667 4096 1840 4144 injustitie
1856 4094 2055 4144 appellare
2073 4104 2153 4132 non
2171 4096 2387 4133 xerentur:
2404 4105 2531 4144 quum
2553 4095 2593 4134 et
2614 4093 2774 4133 historia
2787 4095 2868 4133 et?

1667 4159 1807 4199 rientia
1836 4168 1916 4196 una
1935 4167 2028 4195 cum
2052 4155 2162 4195 caede
2193 4157 2369 4206 ipsorum
2398 4158 2439 4196 et
2470 4155 2669 4197 luxuriam
2689 4158 2729 4196 ct
2755 4156 2865 4196 bell

1668 4223 1902 4273 injustitiam
1918 4222 1955 4260 in
1974 4221 2094 4261 vitain
2115 4221 2320 4260 bominum
2334 4221 2520 4261 invasisse
2534 4222 2740 4261 inanire-ste
2758 4222 2828 4260 test
2842 4247 2855 4257 v
