3016 4628
235 321 294 360 32
1143 306 1473 356 HERODORI
1512 302 1989 353 HERACLEENSIS
2018 370 2026 374 K

770 455 772 457 .
841 435 916 462 11.

298 531 490 575 Aristot.
519 531 589 574 De
614 537 821 588 generat.
855 543 931 572 an.
970 529 1069 583 ΙΙΙ,
1097 526 1123 572 5
1162 543 1172 570 2
1211 523 1299 572 Καὶ
1324 525 1361 569 οἱ
1394 523 1527 576 ἁλιεῖς

238 599 332 664 περὶ
354 603 431 658 τ’ἥς
453 599 754 657 κυήσεωςτῶν
774 597 1030 663 ἰχθύων·τὸν
1055 596 1185 655 εὐήθη
1212 595 1384 659 λέγουσι
1402 595 1526 658 λόγον

232 674 307 720 καὶ
333 671 670 738 τεθρυλημένον,
692 670 821 734 ὅνπερ
845 669 920 717 καὶ
943 669 999 717 ‘H
1010 669 1192 734 ρόδωρος
1220 671 1241 715 ὁ
1269 667 1500 730 μυθολόγος
1514 703 1527 724 ,

232 749 290 800 ὡς
309 747 603 809 κυΐσκομένων
622 747 705 792 τῶν
732 742 891 808 ἰχθύων
910 744 957 790 ἐκ
978 746 1052 789 τοῦ
1075 740 1338 788 ἀνακάπτειν
1359 739 1430 786 τὸν
1453 743 1527 786 θο-

203 821 211 827 ’
234 819 326 884 ρὸν,
344 821 391 867 οὐ
413 820 671 883 συνορῶντες
689 816 754 864 ὅτι
773 817 887 875 τοῦτ’
924 814 1039 863 ἐστὶν
1061 813 1285 862 ἀδύνατον.
1317 840 1383 849 -
1399 814 1529 858 Libri

233 909 395 938 omnes
427 890 676 956 Ἡρόδοτος,
712 899 938 950 quantum
958 904 1015 934 ex
1038 888 1238 932 Bekkeri
1261 886 1372 932 edit.
1396 886 1529 930 intel-

234 967 376 1027 ligere
400 963 520 1010 licet.

846 1049 919 1078 12.

298 1136 372 1181 Id.
399 1135 515 1181 ibid.
546 1151 586 1181 e.
615 1134 643 1178 6
680 1149 691 1177 :
716 1129 839 1179 Φασὶ
862 1127 944 1193 γὰρ
969 1126 1047 1185 τὴν
1078 1125 1154 1189 μὲν
1175 1125 1325 1173 ὕαιναν
1347 1125 1526 1186 πολλοὶ,

232 1206 304 1253 τὸν
337 1205 380 1254 δὲ
414 1206 568 1271 τρόχον
596 1203 842 1269 ζΗρόδωρος
874 1205 896 1249 ὃ
921 1197 1255 1265 ἹῙρακλεώτης,
1277 1197 1352 1246 δύο
1378 1199 1519 1246 αἰδοῖα

234 1280 371 1343 ἔχειν,
398 1278 571 1344 ἄρρενος
594 1276 669 1324 καὶ
703 1275 879 1338 θήλεος,
911 1293 986 1321 και
1017 1273 1088 1320 τὸν
1120 1271 1197 1335 μὲν
1221 1271 1374 1337 τρόχον
1401 1271 1529 1319 αὐτὸν

235 1351 362 1399 αυτὲν
388 1350 582 1416 ὀχεύειν,
615 1349 693 1406 τὴν
730 1347 773 1394 δὲ
807 1346 957 1394 ὕαιναν
985 1344 1182 1410 ὀχεύειν,
1206 1365 1279 1393 και
1302 1343 1530 1409 ὀχεύεσθαι

231 1424 379 1490 παρἐ
360 1423 468 1477 ἔτος.

849 1487 924 1532 13.

303 1589 464 1636 Schol.
487 1590 670 1635 Platon.
695 1587 853 1633 Phaed.
880 1603 924 1647 p.
954 1586 1041 1631 381
1070 1587 1214 1632 Bekk.
1245 1604 1255 1631 :
1284 1583 1532 1649 εΗρόδωρος

232 1661 307 1708 καὶ
331 1658 586 1713 Ἑλλάνικός
616 1660 700 1722 (fr.
725 1657 809 1723 4ο)
831 1677 958 1721 φασιν
979 1660 1036 1712 ὣς
1056 1657 1125 1705 ὅτε
1146 1656 1224 1716 τὴν
1239 1657 1369 1724 ὕδραν
1387 1656 1530 1721 (Ηρα-

232 1736 339 1791 κλῆς
375 1730 524 1796 ἀνῄρει
563 1729 640 1789 τὴν
672 1729 823 1796 εἭραν
860 1733 976 1795 αὐτῷ
1015 1731 1217 1796 καρκίνον
1264 1733 1531 1797 ἐφορμῆσαι,

233 1805 339 1871 πρὸς
374 1805 448 1853 δύο
473 1804 517 1852 δὲ
546 1806 593 1851 οὗ
627 1803 862 1865 δυνάμενον
898 1803 1143 1868 μάχεσθαι,
1179 1803 1411 1867 σύμμαχον
1443 1806 1533 1850 ἐπι-

233 1877 501 1926 καλέσασθαι
535 1876 607 1924 τὸν
644 1876 882 1936 Ἰόλεων,
919 1877 994 1924 καὶ
1027 1875 1219 1925 ἔντευθεν
1247 1880 1429 1943 ῥηθῆναι
1452 1875 1530 1934 τὴν

232 1950 486 2016 παροιμίαν.

300 2027 477 2072 Eadem
499 2024 824 2085 Apollodorus
847 2026 893 2068 II
908 2058 920 2080 ,
943 2022 969 2068 5
987 2058 998 2079 ‚
1031 2040 1085 2080 2,
1108 2023 1154 2070 5.
1182 2027 1252 2069 De
1274 2040 1334 2084 pl
1337 2024 1533 2068 overbio

233 2097 339 2162 πρὸς
361 2095 435 2144 δύο
457 2097 530 2144 οὐδ
534 2098 599 2143 ’ὁ
624 2095 852 2161 εΗρακλης
871 2113 915 2143 v,
939 2097 1232 2157 Pherecydes
1249 2097 1307 2141 fr.
1337 2097 1396 2141 36
1427 2095 1535 2157 (ubi

234 2188 324 2232 pro
373 2168 623 2234 Κώμαρχος
663 2169 965 2235 scribendum
1018 2171 1204 2214 videtur
1252 2166 1534 2232 Κλέαρχος),

234 2247 350 2290 Ister
366 2245 426 2292 fr.
457 2244 540 2300 46,
564 2245 688 2289 Dino
707 2243 766 2286 fr.
793 2248 839 2302 4,
861 2243 1001 2287 Duris
1019 2239 1130 2305 Περι
1149 2238 1328 2303 ἀγώνιον
1354 2247 1409 2285 fr.
1435 2241 1559 2285 Alia·

235 2319 317 2363 dat
337 2318 547 2363 Leutsch.
565 2317 625 2361 ad
644 2316 822 2361 Zenob.
841 2318 880 2361 V
896 2349 908 2371 ,
939 2321 1022 2375 49.

848 2427 925 2475 14.

303 2523 464 2567 Schol.
502 2523 661 2581 Apoll.
687 2522 779 2565 Rh.
811 2522 858 2577 Ι,
892 2536 978 2577 127
1006 2536 1017 2564 ε
1044 2517 1156 2583 Περὶ
1181 2517 1226 2565 δὲ
1261 2521 1333 2564 τοῦ
1367 2517 1537 2583 κάπρου

198 2594 210 2601 ’
236 2593 310 2641 καὶ
325 2592 570 2658 Ἡρόδωρός
591 2611 718 2656 φησιν
734 2629 746 2650 ,
769 2590 834 2638 ὅτι
856 2591 926 2638 ἐπὶ
946 2589 1022 2644 τὰς
1043 2589 1183 2644 πύλας
1204 2592 1288 2636 τῶν
1314 2592 1538 2648 Μυκηνῶν

237 2665 421 2729 κομίσας
445 2664 572 2712 αὐτὸν
594 2663 791 2713 ἀπέθετο.
815 2666 885 2712 Cf.
914 2665 1198 2726 Apollodor.
1219 2666 1267 2709 ΙΙ
1282 2699 1294 2721 ,
1318 2664 1343 2709 5
1360 2699 1372 2720 ,
1403 2671 1428 2719 4
1446 2700 1457 2722 ,
1485 2682 1533 2726 9,

851 2765 928 2813 15.

306 2876 530 2920 Hercules
561 2875 622 2920 ad
640 2875 847 2919 balteum
878 2874 1159 2934 Hippolytes
1191 2875 1540 2933 apportandum

239 2950 400 2992 missus
425 2938 576 3009 [ἆθλος
601 2944 643 2992 δὲ
675 2938 726 3002 ἦν
747 2937 868 2999 οὗτος
892 2942 1061 2997 ἔννατος
1085 2947 1180 2993 sch.
1218 2949 1310 3005 Ap.
1337 2948 1432 2993 Rh.
1461 2946 1538 3003 II,

244 3021 365 3078 7783
394 3012 456 3064 sic
482 3021 620 3064 etiam
639 3017 896 3079 Apollod.]
920 3020 969 3062 in
988 3020 1184 3078 Mysiam
1212 3021 1341 3063 venit
1360 3020 1421 3063 ad
1445 3021 1538 3079 Ly-

241 3109 347 3136 cum
362 3127 374 3148 ,
396 3093 578 3152 Dascyli
599 3091 771 3147 filium,
790 3107 948 3151 regem
965 3092 1399 3151 Mariandynorum.
1419 3094 1541 3137 Huic

242 3174 408 3209 contra
428 3165 658 3224 Bebryces
684 3165 908 3213 auxilians
923 3163 1212 3223 Mygdonem
1231 3179 1391 3225 regem
1405 3199 1416 3221 ‚
1441 3165 1539 3210 fra-

243 3248 362 3282 trem
387 3238 576 3296 Amyci,
614 3246 752 3296 atque
774 3246 944 3281 terram
966 3237 1090 3280 hosti
1122 3236 1388 3296 ademptam
1413 3238 1544 3282 dedit

242 3310 385 3368 Lyco.
422 3310 466 3352 Is
484 3309 675 3354 Herculi
711 3317 893 3367 gratum
924 3307 1128 3352 facturus
1151 3318 1296 3352 totam
1320 3309 1439 3353 hanc
1463 3325 1541 3353 re-

243 3383 430 3441 gionem
451 3381 699 3439 appellavit
724 3381 1011 3427 Heracleam.
1040 3382 1113 3426 Sic
1133 3381 1456 3440 Apollodorus
1474 3384 1541 3439 ΙΙ,

266 3472 292 3480 κ

297 3572 370 3613 Vel
394 3571 607 3622 piscatores
632 3571 796 3610 stultam
824 3519 935 3612 illiirlri
966 3574 1006 3612 et
1034 3574 1236 3624 vulgarem
1266 3574 1461 3614 rationem
1494 3575 1545 3615 de

246 3637 505 3687 conceptione
540 3635 708 3686 piscium
748 3637 923 3676 asserunt
941 3668 952 3687 ,
993 3649 1114 3688 quam
1153 3638 1274 3678 etiam
1310 3640 1543 3680 Herodorus

247 3700 559 3752 mythographus
588 3699 746 3749 scribit,
768 3700 882 3748 quasi
912 3702 1074 3741 seminis
1095 3701 1288 3742 devoratu
1317 3703 1444 3754 pisces
1466 3704 1544 3744 im·-

247 3767 430 3818 pleantur
450 3782 460 3806 ε
479 3776 552 3805 nec
572 3765 708 3808 vident
720 3765 760 3804 id
777 3766 859 3806 lieri
877 3777 956 3805 non
978 3778 1106 3817 posse.

298 3877 492 3925 Hyoenam
523 3870 748 3923 complures
780 3822 1126 3925 aiuiitz'trochum
1153 3877 1383 3918 Herodorus
1409 3879 1546 3919 scribit

250 3940 402 3991 duplex
423 3939 601 3990 genitale,
622 3939 791 3989 habere,
814 3940 935 3979 maris
957 3950 1004 3979 ac
1027 3931 1207 3992 feminae,
1225 3944 1266 3982 et
1298 3944 1486 3983 troclium
1504 3955 1546 3984 se

249 4009 380 4058 ipsum
396 4007 518 4057 inire,
542 4006 727 4057 hyaenam
744 4005 843 4045 inire
859 4006 998 4101 ‹it3iniri
1015 4008 1128 4047 annis
1143 4008 1318 4048 alternis.

303 4115 530 4155 Herodorus
548 4115 588 4154 et
612 4114 842 4155 Hellanicus
867 4117 1031 4155 narrant
1049 4116 1210 4156 Herculi
1232 4116 1398 4167 hydram
1429 4128 1544 4158 neca-

253 4182 344 4219 turo
376 4181 579 4218 annonem
604 4189 794 4218 cancrum
822 4179 1060 4227 immisisse;
1093 4180 1208 4219 illum
1239 4180 1372 4230 igitur,
1400 4193 1546 4233 pugnae

250 4243 392 4282 contra
399 4241 501 4282 duos
515 4242 756 4283 sustinendan
769 4243 977 4294 imparem,
989 4244 1138 4283 auxilio
1154 4244 1367 4284 advoc-asse
1383 4247 1548 4297 lolaum,

1603 414 1656 470 5,
1687 431 1742 474 9,
1769 413 1824 469 6,
1861 429 1999 472 quem
2040 413 2391 457 Heracleensem
2418 421 2655 456 auctorem
2691 425 2905 460 sec-utum
2952 424 2953 428 ’
2979 399 2992 449 g}

1604 502 1697 533 esse
1715 497 1786 530 r‘es
1808 487 1906 544 ipsa
1925 485 2102 530 suadet.
2943 504 2946 506 ·
2990 521 2993 532 ,

1667 559 1822 604 Schol.
1848 558 2008 616 Apoll.
2030 557 2122 604 Rh.
2150 558 2222 612 II,
2255 555 2347 613 786
2377 555 2438 600 ad
2461 556 2604 601 verba
2633 554 2770 617 αὐτὰρ
2793 559 2900 619 ὁμοῦ
2960 610 2961 616 ¹

1603 631 1818 676 Μυσοῖσιν
1855 629 1949 690 ἐμω
1986 627 2068 674 ὑπὸ
2098 627 2233 691 πατρὶ
2271 627 2359 690 (sc.
2396 625 2636 692 Δασκύλῳ)
2675 628 2899 688 δάμασσεν
2948 631 2963 690 J

1605 699 1643 763 (
1648 701 1876 764 Ηρακλης)
1901 700 1975 747 καὶ
1995 699 2216 766 Φρύγας).
2242 696 2403 752 Τινὲς
2388 698 2600 790 γράφουσι
2626 703 2729 748 Μυ
2715 699 2903 764 γδόνας

1602 773 1725 835 [ἀντὶ
1759 777 1833 819 τοῦ
1864 773 1951 819 καὶ
1986 772 2254 838 Φρύ[ας],
2289 770 2407 819 ἵνα
2385 792 2438 833 ῃ,
2473 774 2582 832 ὁμου
2611 768 2792 827 Μυσους
2827 774 2904 822 καὶ

1603 845 1835 909 Μυγδόνας
1871 844 2050 900 υπέταξε
2084 848 2145 891 τῶ
2183 843 2318 908 πατρί
2359 863 2462 906 μου.
2495 842 2603 892 εὈτι
2641 843 2686 892 δὲ
2723 846 2906 910 Φρύγας

1601 915 1864 982 ἐχειρώσατο
1876 925 1962 972 τοῖς
1979 918 2316 982 Μαριανδυνοῖς,
2341 936 2414 963 και
2436 915 2638 982 Νύμφιςε
2628 920 2804 981 ιστορεῒ.
2828 917 2908 966 Διο

1601 1010 1674 1037 και
1695 989 1806 1037 οὕτω
1825 990 1997 1056 γράφει·
2017 988 2115 1036 εἰδὲ
2135 988 2342 1054 γράφοιτο
2366 988 2555 1051 Μυγδό
2564 1007 2677 1043 mc,
2694 989 2790 1047 ἤτοι
2809 1009 2907 1044 τους

1602 1062 1826 1127 Βέορυκας
1861 1062 1949 1108 ἀπο
1984 1061 2208 1124 Μυγδόνος
2248 1060 2460 1124 βασιλέως
2496 1063 2637 1107 αὐτῶν
2674 1060 2786 1109 οὕτω
2832 1063 2905 1110 κε’-

1602 1137 1785 1192 κληκεν·
1813 1133 1841 1192 ἢ
1882 1133 2069 1208 ῥητέον
2067 1133 2133 1180 ὅτι
2158 1132 2291 1197 Μοίρι
2279 1134 2333 1179 ’δι
2372 1134 2486 1195 (leg.
2518 1135 2616 1182 vid.
2643 1132 2903 1200 εΗροδώρῳ)
2963 1153 2966 1158 ·
3001 1128 3003 1152 ³

1602 1206 1993 1266 κατηκολούθησεν.
2021 1210 2142 1260 οὗτος
2165 1205 2248 1271 γὰρ
2266 1203 2538 1266 Μυγδόνας”
2515 1223 2648 1269 εφησε
2665 1209 2908 1255 καταπολε-

1605 1299 1830 1343 μησαιτον
1852 1277 2050 1340 εΗρακλέ
2053 1298 2098 1325 α.

1669 1357 1847 1399 Iterum
1868 1354 1926 1398 de
1947 1353 2234 1412 Bebrycibus
2257 1362 2302 1397 et
2323 1352 2644 1412 Mariandynis
2678 1323 2906 1400 Herodo-

1603 1443 1683 1471 rus
1707 1427 1854 1471 dicit
1844 1443 1890 1469 in
1914 1426 2054 1469 rebus
2073 1429 2478 1484 Argonautarum,
2511 1426 2593 1483 qui
2615 1428 2776 1484 paullo
2799 1438 2910 1487 post

1605 1500 1858 1544 Herculem
1899 1499 1991 1542 huc
2030 1499 2332 1557 appulerunt.
2373 1496 2480 1542 Vid.
2519 1496 2577 1543 fr.
2619 1503 2698 1558 49.
2737 1525 2803 1534 --
2838 1502 2909 1545 De

1602 1588 1762 1632 pugna
1779 1572 1990 1616 Herculis
2009 1580 2174 1615 contra
2187 1571 2223 1617 Γ
2224 1573 2402 1631 ηγενεῖς,
2422 1568 2503 1627 qui
2519 1583 2671 1629 prope
2688 1571 2908 1631 Cyzicum
2960 1623 2962 1626 ¹

1605 1644 1900 1700 habitabant,
1928 1643 1988 1687 cf.
2014 1643 2072 1688 fr.
2099 1641 2177 1697 45.
2199 1669 2262 1676 -
2280 1644 2352 1687 De
2370 1651 2583 1700 tempore
2600 1644 2911 1702 expeditionis
2964 1653 2965 1658 ’

1587 1733 1650 1767 y.
1671 1732 1775 1775 sqq.

2217 1787 2296 1831 16.

1673 1876 1910 1922 Plutarch.
1948 1876 2082 1920 Thes.
2123 1891 2164 1922 e.
2190 1875 2250 1919 26
2293 1891 2302 1919 :
2331 1875 2390 1922 Οἱ
2415 1872 2459 1921 δὲ
2484 1875 2685 1938 πλείους,
2715 1866 2775 1921 ὧν
2814 1875 2907 1922 ἐστὶ
2960 1920 2964 1923 .
3003 1882 3011 1935 ξ

1668 1946 1678 1965 x
1812 1966 1827 1974 ..
1871 1945 1923 1974 trs·
2059 1945 2068 1963 ι
2097 1945 2110 1961 e
2156 1947 2169 1958 κ
2228 1945 2239 1962 t
2436 1946 2446 1965 ι
2477 1946 2490 1963 ι
2579 1947 2589 1963 ι
2785 1946 2807 1965 er
2966 1946 2970 1970 ζ
3003 1938 3013 1967 ’ξ’

1609 1966 1685 1994 και
1711 1950 1965 2011 Φερεκυοης
1999 1965 2074 1992 και
2115 1948 2452 1999 ΕΛλανικοςκαι
2491 1948 2754 2013 Ηροδωρος·,
2784 1967 2909 1995 υστε-

1611 2019 1681 2084 ρόν
1719 2039 1851 2083 φασιν
1883 2018 2151 2084 Ἡρακλέους
2177 2018 2411 2067 ἰδιόστολον
2445 2022 2631 2068 πλεῦσαι
2654 2021 2726 2068 τὸν
2755 2022 2910 2079 Θησέα

1608 2091 1683 2138 καὶ
1719 2091 1797 2149 τὴν
1838 2091 2052 2154 Ἀμαζόνα
2094 2091 2368 2156 (Ἀντιόπην)
2408 2093 2560 2140 λαὸεῖν
2603 2093 2911 2158 αἰχμάλωτον,
2964 2100 2970 2151 J
3005 2083 3012 2125 ἐ

1609 2164 1881 2230 πιθανώτερα
1905 2164 2122 2228 λέγοντες·
2154 2164 2286 2219 οὐδεὶς
2309 2164 2394 2228 γὰρ
2425 2164 2550 2221 ἄλλος
2573 2166 2798 2231 ἱστόρηται
2823 2169 2908 2214 τῶν

1610 2236 1703 2299 μετ’
1740 2238 1870 2284 αὐτοῦ
1906 2237 2261 2303 στρατευσάντων
2302 2237 2516 2300 Ἀμαζόνα
2552 2239 2704 2287 λαὸεῒν
2746 2241 2912 2305 αἰχμά-

1609 2311 1763 2357 λωτον.

1675 2387 1746 2430 De
1769 2365 1885 2429 rev.
1909 2385 2091 2430 '.Welck
2109 2385 2233 2442 Cycl.
2250 2399 2302 2443 Ρ.
2327 2382 2419 2428 315
2443 2399 2510 2443 sq.
2532 2412 2597 2419 —-
2621 2382 2909 2449 Πιθανώτερα

1610 2447 1837 2511 λέγοντες]
1862 2466 1926 2494 sc.
1965 2466 2107 2509 quam
2130 2450 2438 2494 Philochorus
2459 2449 2550 2511 (fi.
2586 2451 2701 2512 49),
2724 2451 2914 2496 Diodo-

1610 2538 1690 2567 rus
1709 2521 1822 2581 (IV,
1850 2521 1932 2582 6),
1958 2523 2170 2582 Hyginus
2195 2521 2304 2580 (fab.
2337 2521 2435 2584 30),
2457 2523 2559 2579 alii,
2578 2526 2660 2583 qui
2683 2524 2908 2569 Theseum

1613 2589 1831 2633 comitem
1854 2587 1991 2632 fuisse
2025 2588 2241 2632 Herculis
2264 2587 2323 2632 ab
2348 2603 2501 2647 eoque
2523 2588 2762 2649 Antiopen
2793 2597 2914 2634 tam-

1613 2677 1756 2719 quam
1775 2657 1904 2724 γέρας
1926 2662 2136 2722 ἀριστεῖον
2167 2661 2395 2720 accepisse
2419 2669 2625 2722 narrant.
2650 2662 2914 2708 Chronolo—

1613 2735 1738 2792 giam
1766 2733 2007 2777 Herodori
2023 2733 2283 2776 accuratius
2307 2732 2387 2776 dat
2410 2733 2730 2792 Apollodorus
2744 2733 2816 2795 (V.
2839 2737 2914 2779 in·
2983 2788 2987 2794 Δ

1614 2806 1690 2849 fra.
1706 2806 1764 2849 fr.
1782 2804 1891 2867 27.)
1909 2819 1922 2866 ;
1942 2821 1999 2849 ex
2016 2821 2107 2864 qua
2126 2806 2326 2849 Theseus
2345 2821 2439 2864 quo
2456 2815 2668 2866 tempore
2687 2808 2913 2853 Hercules
2976 2851 2979 2861 -,

1615 2886 1781 2921 contra
1793 2880 2051 2923 Amazones
2064 2892 2270 2937 egressus
2285 2887 2368 2933 est,
2381 2879 2608 2937 puerulus
2624 2878 2777 2923 adhuc
2794 2889 2910 2924 erat.

1681 2952 1863 2994 Tzetzes
1881 2949 1943 2993 ad
1972 2952 2086 3008 Lyc.
2132 2964 2150 2993 1
2162 2949 2252 2994 332
2281 2966 2292 2994 :
2318 2947 2566 3013 Ἡρόδωρος
2603 2950 2741 3012 (libri
2777 2949 2833 2998 Ἥ
2843 2949 2913 3015 ρό-

1615 3017 1748 3084 δοτος)
1774 3018 1818 3066 δὲ
1834 3022 1856 3066 ὁ
1874 3018 2082 3072 Ποντικὸς
2097 3018 2192 3066 τότε
2215 3019 2289 3082 (in
2306 3021 2604 3082 expeditione
2625 3025 2916 3068 Amazonum
2980 3018 2991 3022 Μ

1616 3103 1780 3139 contra
1802 3090 2130 3156 Athenienses)
2154 3091 2260 3157 φησὶ
2290 3091 2444 3150 Θησέα
2479 3093 2630 3140 λαὸεἴν
2656 3092 2734 3152 τὴν
2757 3094 2917 3144 Ἀντιό-
2979 3088 2983 3103 ’

1616 3161 1702 3222 πην
1725 3163 1752 3222 ἢ
1782 3162 2035 3228 μαχομένην
2059 3164 2401 3229 (μοιχευομένην
2425 3168 2534 3212 libri
2573 3165 2692 3231 duo)
2715 3167 2809 3230 μετ’
2833 3169 2916 3215 αὖ·
2980 3190 2992 3231 j

1617 3242 1690 3283 τοῦ
1723 3236 1797 3284 καὶ
1830 3236 1912 3284 ὑπὸ
1945 3235 2168 3291 Μόλπιδος
2192 3239 2326 3301 (libri
2349 3239 2445 3284 duo
2471 3239 2775 3300 Μολπουδίας,
2810 3243 2842 3289 i.
2868 3258 2910 3287 e.
2976 3269 2980 3283 ι

1620 3307 1901 3373 Μολπαδίας)
1938 3313 2016 3368 τῆς
2052 3309 2282 3372 Ἀμαζόνος
2307 3310 2629 3358 ἀκοντισθεῒσάν
2651 3331 2697 3358 τε
2728 3310 2803 3359 καὶ
2831 3331 2916 3359 πε·-
2973 3335 2990 3366 ῑ

1618 3385 1803 3444 σοῧσαν,
1826 3379 1854 3438 ἢ
1879 3380 2062 3445 πρέσὸιν
2083 3380 2252 3447 εἰρήνης
2271 3388 2357 3435 τοῖς
2380 3380 2614 3440 Ἀθηναίοις
2630 3383 2852 3431 ἐλθοῦσαν.
2985 3379 2990 3387 ’

1618 3519 1738 3569 atque
1754 3518 1846 3558 hinc
1860 3518 1937 3558 dici
1953 3517 2212 3570 proverbium
2229 3517 2242 3570 (
2263 3520 2414 3559 Contra
2431 3492 2534 3559 duos
2551 3529 2602 3562 ne
2618 3518 2808 3588 Hercules
2824 3518 2912 3569 qui·
2973 3544 2989 3572 .·

1616 3583 1746 3634 dem).

2226 3650 2296 3691 14.

1669 3719 1897 3759 Herodorus
1912 3727 2072 3768 quoque
2094 3716 2191 3756 dicit
2218 3716 2430 3757 Herculem
2450 3726 2578 3767 usque
2596 3715 2647 3756 ad
2669 3718 2804 3767 portas
2826 3719 2913 3768 My·

1618 3794 1806 3823 cenarum
1827 3793 1968 3834 aprum
1990 3779 2294 3832 Erymanthium
2313 3782 2490 3831 portasse
2505 3780 2641 3832 ibique
2651 3780 2891 3831 deposuisse.
2914 3818 2917 3821 ,

2262 3847 2306 3888 5.

1673 3917 1899 3959 Herodorus
1916 3917 1982 3969 (Ρ)
2005 3916 2103 3958 dicit
2117 3849 2329 3958 uerciiiem
2344 3914 2559 3956 debellasse
2574 3914 2800 3965 Mygdonis.

2232 3984 2304 4025 16.

1673 4051 1900 4094 Herodorus
1919 4051 2105 4092 Ponticus
2126 4051 2223 4092 tunc
2254 4050 2311 4089 ait
2334 4049 2531 4090 Theseum
2554 4046 2767 4099 perdidisse
2781 4045 2919 4086 Antio·

1622 4129 1714 4170 pen,
1738 4117 1820 4156 sive
1848 4115 1956 4166 quod
1979 4126 2059 4154 una
2075 4124 2167 4153 cum
2190 4114 2342 4154 Theseo
2360 4122 2538 4163 pugnans
2559 4121 2584 4149 a
2606 4108 2780 4160 Molpide
2798 4113 2898 4150 Ama

1623 4194 1720 4223 zone
1733 4182 1866 4232 jaculo
1882 4173 2321 4229 transfixa'cecidisset,
2342 4178 2404 4217 vel
2426 4177 2492 4216 ubi
2518 4175 2568 4215 de
2597 4185 2694 4226 pace
2710 4174 2838 4224 legata
2864 4173 2935 4218 ad„
2994 4155 3010 4189 sp

1625 4247 1879 4288 Athenienses
1897 4256 1990 4285 cum
2011 4243 2242 4284 muneribus
2253 4241 2512 4293 hospitalibus
2527 4239 2710 4280 venisset.
