3016 4628
1180 286 1580 339 FRAGMENTA.

41 390 245 449 “innixam
274 388 484 452 υἷὀῧς-μὲν
507 386 712 445 πολλοὺς,
745 383 956 449 θυγατέρα
988 384 1030 431 δὲ
1066 384 1168 446 μίαν
1200 390 1348 449 γεννῆ-

28 518 31 521 ,
72 481 165 510 σαι·
202 461 475 511 καὶτούτων
517 458 725 518 ἐνηλίκων
774 454 1040 520 γενομένων,
1078 464 1226 504 πᾶσαν
1271 457 1348 515 τὴν

69 532 518 596 Ἰνδικὴνιδιελόμενον
542 533 600 586 εἷς
617 530 712 584 ἴσας
730 535 818 582 τοῖς
838 527 1000 582 τέκνοις
1021 528 1194 593 μερίδας
1214 529 1350 576 ἅπαν-

69 622 147 660 τας
168 604 263 660 τοὺς
286 603 398 658 υἱους
421 601 642 658 ἀποδεῖξαι
675 599 879 665 βασιλέας
895 636 909 660 ,
937 598 1038 662 μίαν
1073 599 1116 646 δὲ
1141 599 1350 664 θυγατέρα

68 676 281 743 θρέψαντα
305 677 378 723 καὶ
402 673 560 733 ταύτην
590 671 845 738 βασίλισσαν
866 669 1104 726 ἀποδεῖξαι.
1144 671 1218 733 (26)
1240 670 1349 719 Kri-

69 766 174 807 στην
197 765 244 795 τε
271 747 437 796 πόλεων
465 747 542 794 οὐκ
565 743 718 808 ὀλίγων
738 740 960 807 γενέσθαι,
989 742 1064 789 καὶ
1089 741 1247 789 τούτων
1273 740 1349 800 τὴν

69 818 411 889 ἐπιφανεστάτην
448 817 524 865 καὶ
573 815 779 880 μεγίστην
819 833 1162 880 προσαγορευσαι
1213 814 1351 861 Παλί-

44 887 225 957 ’ὅοθρω
258 888 583 938 κατασκευάσαι
615 889 652 935 δ’
676 890 719 935 ἐν
749 888 857 951 αὐτῇ
885 886 958 934 καὶ
986 886 1182 950 βασίλεια
1212 888 1350 934 πολυ-

64 964 168 1020 τελη
188 979 262 1008 και
285 962 444 1018 πλῆθος
474 958 708 1022 οἰκητόρων
734 962 1016 1023 καθιδρυσαι·
1045 957 1122 1016 τήν
1151 976 1198 1005 τε
1226 957 1350 1007 πόλιν

29 1038 32 1074 ῗι
65 1033 284 1120 ὀχυρῶσαι
310 1030 482 1097 τάφροις
505 1029 735 1094 ἀξιολόγοις
755 1029 982 1092 ποταμίοις
1005 1029 1130 1076 ὕδασι
1149 1030 1350 1094 πληρου-

30 1096 32 1098 ’
31 1101 230 1168 ᾖμεναις.
305 1103 380 1166 (27)
400 1102 490 1151 Καὶ
510 1122 581 1150 τον
611 1102 686 1165 μὲν
712 1100 934 1167 Ἡρακλέα
951 1100 1029 1159 τὴν
1049 1100 1090 1156 ἐξ
1116 1101 1349 1166 ἀνθρωπων

30 1174 329 1243 μετάστασιν
357 1175 644 1238 ποιησάμενον
669 1173 880 1222 ἀθανάτου
903 1181 1047 1238 τυχεῖν
1077 1177 1224 1236 τιμῆς·
1250 1173 1345 1228 τους

50 1246 112 1297 «Y
133 1247 368 1310 ἀπογόνους
403 1249 532 1295 αὗτου
566 1245 942 1312 βασιλεύσαντας’
925 1250 994 1294 επὶ
1017 1245 1180 1300 πολλὰς
1205 1246 1350 1310 γενεὰς

29 1318 137 1383 ᾗἹιαὶ
158 1318 332 1384 πράξεις
355 1318 598 1383 ἀξιολόγους
622 1318 1054 1384 μεταχειρισαμένους
1078 1318 1187 1380 μήτε
1215 1337 1349 1382 στρα-

34 1378 181 1448 {atam
207 1389 430 1456 ὑπερόριον
455 1391 750 1451 ποιήσασθαι,
781 1391 890 1451 μήτε
922 1390 1123 1438 ἀποικίαν
1153 1393 1210 1445 εἷς
1239 1390 1346 1438 ἄλλο

29 1457 50 1522 ξ
44 1460 177 1518 ἔθνος
200 1464 467 1511 ἀποστεῖλαι.
486 1463 708 1528 ο’Υστερον
739 1463 783 1510 δὲ
799 1461 1019 1516 πολλοῖς
996 1481 1108 1509 ετεσι
1129 1460 1204 1516 τὰς
1234 1461 1348 1508 πλεί-

30 1513 166 1593 &vtem
189 1528 310 1598 μὲν
288 1554 368 1582 των
388 1534 554 1583 πόλεων
576 1536 977 1599 δημοκρατηθῆναι,
998 1535 1125 1580 τινῶν
1150 1530 1194 1578 δὲ
1219 1533 1347 1578 ἐθνῶν

32 1596 136 1670 -ῑξὲὰς
156 1605 374 1670 βασιλείας
393 1607 610 1669 διαμεῖναι
641 1605 769 1669 μέχρι
793 1625 867 1662 της
887 1602 1160 1668 Ἀλεξάνδρου
1196 1602 1347 1650 διαδά-

32 1686 183 1731 ibamq-
226 1676 302 1742 (28)
328 1677 541 1740 Νομίμων
573 1678 608 1724 δ’
637 1677 771 1726 ὄντων
791 1676 911 1741 παρὰ
941 1683 1028 1729 τοῖς
1051 1675 1198 1728 Ἰνδοῖς
1229 1675 1346 1723 ἐνίων

30 1739 388 1811 ῗζίξηλλαγμένων
409 1748 766 1812 θαυμασιώτατον
790 1748 839 1795 ἄν
867 1767 930 1802 τις
951 1747 1163 1810 ἡγήσαιτο
1193 1746 1242 1794 τὸ
1270 1766 1346 1794 κα-

32 1819 280 1893 ᾖαδειχθὲν
313 1819 396 1867 ὑπὸ
428 1823 512 1868 τῶν
540 1819 733 1885 ἀρχαίων
768 1822 871 1883 παρ’
906 1820 1046 1872 αὐτοις
1081 1818 1346 1884 φιλοσόφων·

32 1889 385 1987 ’ξιξνομοθέτηται
415 1890 499 1958 γὰρ
521 1892 624 1957 παρ’
653 1892 793 1946 αὐτοῖς
830 1892 976 1938 δοῦλον
1002 1888 1166 1953 μηδένα
1189 1890 1237 1937 τὸ
1261 1909 1345 1936 πα-

33 1952 116 2003 Ὗ
152 1982 204 2011 αν
236 1955 365 2039 εἶναι,
406 1963 649 2029 ἐλευθέρους
682 1964 719 2011 δ’
748 1962 1016 2028 υπάρχοντας
1050 1961 1126 2019 τὴν
1169 1962 1361 2023 ἰσότητα

63 2043 188 2100 μᾶν
223 2037 265 2083 ἐν
300 2043 426 2084 πᾶσι.
468 2036 581 2091 Τους
606 2035 689 2102 γὰρ
729 2035 943 2100 μαθόντας
979 2034 1078 2099 μήθ’
1125 2036 1346 2102 υπερέχειν

34 2100 165 2171 ἦθ’
205 2107 458 2156 ὑποπίπτειν
501 2108 646 2164 ἄλλοις
691 2109 918 2174 κράτιστον
959 2108 1068 2164 ἕξειν
1115 2110 1205 2174 βίον
1242 2109 1348 2174 πρὸς

37 2170 94 2238 f}
132 2179 234 2236 ι’σας
255 2179 330 2235 τὰς
355 2179 656 2247 περιστάσεις·
682 2181 827 2239 εὔηθες
852 2181 935 2247 γὰρ
961 2175 1068 2229 εἶναι
1093 2181 1246 2244 νόμους
1269 2180 1345 2244 μὲν

43 2318 48 2325 μ
82 2248 242 2313 ζ”ἴοης
262 2253 419 2303 τιθέναι
442 2262 573 2314 πᾶσι,
597 2253 673 2308 τὰς
705 2255 744 2301 δ’
764 2252 956 2308 ἐξουσίας
986 2253 1237 2316 ἀνωμάλους
1260 2273 1345 2301 κα-

33 2334 98 2387 j?
102 2325 352 2388 σκευάζειν.

75 2400 225 2448 XL
244 2416 304 2447 29.
328 2399 392 2448 Τὸ
409 2399 454 2446 δὲ
476 2406 560 2446 πᾶν
580 2363 740 2458 πληθος
753 2401 837 2446 τῶν
856 2399 999 2447 Ἰνδῶν
1020 2401 1077 2453 εἷς
1098 2398 1208 2446 ἑπτὰ
1231 2398 1343 2462 μέρη

80 2473 122 2595 ⁸
138 2552 144 2573 ι
169 2535 183 2576 i
198 2514 363 2577 cunctos
389 2549 644 2588 exsuperasse
663 2538 871 2587 mortales3
888 2541 1115 2588 terramque
1136 2540 1175 2577 et
1195 2548 1304 2576 mare
1325 2547 1349 2575 a

103 2619 121 2634 =.
142 2617 145 2633 .
163 2602 248 2641 tris
264 2612 505 2651 repurgasse.
535 2602 614 2652 (25)
633 2605 848 2651 Quumque
863 2612 916 2641 ex
940 2602 1160 2641 multarum
1177 2612 1348 2641 uxorum

15 2692 16 2695 ι
37 2658 53 2714 ξ
96 2682 126 2722 ι
134 2665 244 2716 iug²o
261 2666 364 2706 filios
386 2666 545 2716 quidem
566 2666 734 2715 multos,
759 2666 829 2705 sed
852 2677 974 2706 unam
999 2666 1209 2706 dumtaxat
1227 2666 1348 2705 filiam

15 2766 17 2770 .
46 2722 134 2778 ¹³1⁴*
159 2733 323 2780 reasset3
344 2731 490 2770 adultis
502 2731 726 2771 hisludiam
738 2731 963 2771 universam
976 2731 1016 2771 in
1031 2733 1161 2782 partes
1174 2731 1347 2781 aequales

42 2787 91 2849 a}
132 2794 258 2846 isse,
282 2796 338 2836 ita
362 2798 408 2836 ut
429 2808 550 2836 suum
565 2797 710 2847 cuique
735 2796 880 2846 regioni
901 2808 951 2837 ex
979 2796 1072 2836 filiis
1092 2807 1221 2846 regem
1243 2795 1347 2835 desi-

77 2874 126 2901 w:
138 2861 220 2910 ret,
237 2861 356 2910 atque
371 2860 493 2899 filiam
507 2871 688 2911 quoque,
707 2871 828 2910 quam
848 2863 1007 2899 unicam
1019 2860 1266 2907 nutriverat,
1291 2869 1333 2897 re

37 2914 80 2945 ‘'s'
163 2938 183 2958 ιι
215 2923 490 2963 constitueret.
521 2925 604 2973 (26)
630 2924 775 2964 Multas
804 2923 854 2963 ab
877 2934 925 2963 eo
943 2924 1061 2964 urbes
1086 2922 1264 2962 conditas
1280 2950 1291 2970 ‚
1310 2923 1350 2961 et

130 3002 146 3021 av
178 2986 272 3038 has,
301 2998 394 3045 quae
411 2987 586 3027 maxima
605 2988 646 3027 et
669 2986 904 3037 clarissima,
933 2987 1163 3027 Palibothra
1190 2996 1325 3025 nuncu

111 3066 146 3085 ·ιι
179 3081 192 3102 ,
211 3050 256 3090 in
281 3062 383 3101 qua,
409 3051 513 3102 regia
529 3053 680 3104 magnis
705 3053 931 3104 sumptibus
950 3051 1132 3099 condita,
1159 3061 1348 3100 magnum

37 3115 51 3127 '⁴
81 3153 86 3159 ,
113 3111 209 3154 ‘um
233 3125 447 3154 numerum
473 3117 728 3168 collocasset,
748 3127 917 3167 eamque
939 3114 1050 3155 fossis
1072 3125 1177 3164 aqua
1195 3113 1348 3152 fluviali

46 3174 79 3186 ⁸⁴
98 3174 222 3222 letis
236 3182 636 3225 circummunivisset.
661 3185 740 3235 (27)
759 3188 894 3235 Ipsum
924 3183 1094 3234 denique
1119 3183 1348 3223 mortalium

92 3290 93 3294 μ
139 3246 263 3287 <mtto
287 3249 516 3300 exemptum
543 3243 703 3290 divinos
714 3250 885 3290 honores
919 3249 1191 3299 promeruisse
1221 3248 1349 3298 Hujus

39 3320 41 3323 ’
101 3266 157 3346 ⁸³⁸
150 3329 171 3348 ι
194 3316 394 3364 posteros,
412 3314 643 3353 continuato
669 3324 740 3363 per
755 3314 903 3353 multas
921 3315 1058 3354 aetates
1073 3311 1260 3362 imperio,
1285 3321 1348 3350 res

160 3377 237 3424 jas
261 3377 450 3428 gessisse,
467 3377 578 3416 nulla
598 3378 734 3416 tamen
760 3378 872 3416 extra
898 3377 1043 3416 limites
1058 3376 1165 3426 regni
1183 3374 1345 3424 expedi-

14 3488 16 3493 Υ
157 3439 313 3486 ·,sacta
333 3451 406 3480 nec
425 3441 588 3481 coloniis
614 3440 663 3479 ad
694 3440 791 3480 alias
808 3442 942 3490 gentes
964 3439 1157 3479 deductis.
1185 3440 1234 3477 Et
1255 3437 1346 3476 licet

38 3495 46 3535 5'
55 3510 63 3548 ³:
81 3546 88 3553 ‚
121 3523 135 3539 s
163 3503 324 3554 longum
339 3504 528 3555 temporis
540 3503 792 3543 intervallum
802 3502 980 3542 civitates
988 3503 1186 3553 pleraeque
1198 3492 1345 3540 statum

36 3559 97 3651 ‘⁸⁸⁸‘
116 3566 121 3573 ⁸
152 3567 291 3607 darem
333 3567 479 3608 fuerint
509 3568 727 3617 amplexae,
759 3577 879 3616 regna
907 3568 1041 3605 tamen
1075 3564 1265 3604 nonnulla
1295 3563 1346 3603 ad

121 3629 272 3670 andri
294 3641 421 3681 usque
435 3631 652 3670 adventum
668 3631 939 3681 permansisse.
959 3631 1039 3678 (28)
1061 3631 1194 3676 Quum
1211 3628 1344 3667 autem

114 3691 275 3734 ‘uliares
289 3695 330 3734 et
350 3705 375 3734 a
390 3693 532 3734 ceteris
547 3694 693 3734 alienas
711 3693 796 3733 Indi
811 3694 855 3732 le
849 3703 914 3743 ges
925 3693 1125 3740 habeant,
1162 3692 1278 3730 istam
1295 3690 1346 3729 ab

36 3775 106 3825 5¹⁴
142 3757 232 3798 auis
246 3768 393 3798 eorum
405 3758 648 3809 philosophis
663 3759 854 3798 sancitam
867 3787 878 3807 ‚
897 3768 978 3808 prae
993 3757 1132 3797 ceteris
1151 3755 1344 3795 admiran-

138 3821 269 3872 quis
293 3822 464 3862 censeat.
497 3824 598 3872 Lege
625 3822 730 3861 enim
759 3823 924 3860 cautum
953 3822 1035 3870 est,
1057 3831 1108 3860 ne
1134 3819 1342 3870 quisquam

42 3862 111 3934 ’,ζ
101 3900 117 3916 ιι
140 3904 147 3929 ι
181 3894 222 3924 o
239 3894 379 3927 servus
393 3885 496 3925 inter
511 3884 615 3935 ipsos
629 3884 694 3934 sit;
710 3884 778 3924 sed
793 3887 839 3924 ut
850 3885 949 3924 liber
963 3884 1235 3933 unusquisque
1250 3893 1341 3921 cum

38 3970 99 4008 *a
111 3960 139 4003 jx.
161 3948 426 3998 aequalitatem
442 3947 561 3988 colat.
585 3949 662 3994 Qui
677 3949 782 3988 enim
797 3959 871 3987 nec
885 3947 1106 3997 superiores
1120 3976 1130 3995 ,
1147 3957 1220 3985 nec
1240 3945 1340 3985 inse-

54 4055 66 4065 ,,
92 4010 102 4054 f
150 4028 173 4045 κ
199 4010 286 4051 aliis
303 4021 387 4051 esse
415 4009 648 4060 didicerint,
673 4011 745 4051 hos
777 4011 900 4052 vitam
930 4011 981 4050 ad
1009 4021 1146 4050 omnes
1172 4011 1342 4050 sortunae

47 4083 94 4124 «2,
116 4076 175 4112 us
191 4073 340 4124 optime
353 4073 590 4114 instructam
605 4073 780 4114 habere:
773 4086 888 4115 ·nam
904 4075 1070 4114 stultum
1083 4084 1191 4122 esse,
1207 4075 1238 4113 si
1254 4074 1342 4123 quis

52 4132 75 4149 ²
103 4136 115 4144 ”
151 4148 158 4169 ;
189 4135 343 4175 cunctis
360 4145 496 4185 aequas
512 4136 755 4186 promulget,
776 4139 817 4176 et
842 4137 1148 4186 inaequalitatem
1171 4136 1229 4174 ta«
1234 4137 1340 4175 ulta-

39 4172 99 4232 l
103 4196 139 4231 ἰ
127 4196 322 4259 interim
337 4200 517 4274 statuat‘

2602 311 2693 350 405

1426 388 1644 452 διῄρηται,
1664 380 1723 435 ὧν
1745 391 1832 437 ἐστι
1858 410 1905 437 το
1930 391 2005 453 μὲν
2024 411 2229 456 πρωτον
2210 395 2405 458 σύσττμα
2433 400 2670 464 φιλοσόφων
2685 438 2696 458 ,

1423 460 1574 517 πλήθει
1608 460 1684 522 μὲν
1709 464 1792 508 τῶν
1829 461 1971 508 ἄλλων
2010 482 2147 527 μερων
2172 468 2442 529 λειπόμενον,
2468 475 2519 533 τῇ
2546 473 2580 517 δ’
2606 475 2698 518 ε’πι·

1424 530 1574 597 φανεία
1610 531 1783 579 πάντων
1814 537 2054 596 πρωτεῦον·
2084 536 2397 624 ἀλειτούργητοι
2424 541 2502 604 γὰρ
2525 542 2637 596 ὄντες
2660 548 2696 592 οἱ

1424 602 1643 693 φιλόσοφοι
1681 602 1822 660 πάσης
1858 603 2089 669 υπουργίας
2124 606 2208 653 οὔθ’
2250 608 2399 672 ἑτέρων
2438 613 2697 675 κυριεύουσιν

1424 671 1544 719 οὔθ’“
1529 675 1596 735 υφ’
1622 672 1774 738 ἑτέρων
1797 674 2085 730 δεσπόζονται.
2117 676 2189 740 (3ο)
2215 680 2534 741 Παραλαμὸάν
2526 704 2634 731 ,νται
2654 687 2696 733 δὲ

1425 743 1506 790 ὑπὸ
1531 743 1607 806 μὲν
1638 748 1720 792 τῶν
1747 746 1924 792 ἰδιωτων
1949 764 2008 799 εις
2031 765 2075 792 τε
2099 746 2215 800 τὰς’
2197 767 2238 794 εν
2264 751 2324 794 τῶ
2351 748 2427 814 βίῳ
2461 754 2603 808 θυσίας
2628 776 2700 804 και

1424 818 1480 870 εἷς
1503 815 1577 870 τὰς
1596 819 1679 863 τῶν
1704 818 2064 875 τετελευτηκότων
2090 797 2396 881 ἐπιμελείάς,’
2376 842 2431 875 ως
2454 827 2557 878 θεοῖς
2581 847 2701 889 γεγο·

1422 886 1538 940 νότες
1571 888 1929 952 προσφιλέστατοι
1948 888 2021 936 καὶ
2049 891 2148 954 περὶ
2167 892 2253 936 τῶν
2285 893 2327 937 ἐν
2351 890 2481 960 ᾍδου
2517 897 2700 956 μάλιστα

1425 959 1691 1024 ἐμπείροις
1668 980 1856 1025 εχοντες,
1899 962 2057 1020 ταύτης
2106 982 2153 1009 τε
2194 982 2268 1020 της
2315 966 2542 1028 υπουργίας
2565 971 2702 1055 mEmpe}

1422 1050 1468 1078 τε
1491 1051 1564 1078 και
1587 1032 1714 1095 τιμὰς
1735 1033 2028 1097 λαμὸάνουσιν
2053 1033 2314 1098 ἀξιολόγους·
2330 1039 2391 1100 τῷ
2408 1037 2450 1083 δὲ
2472 1042 2595 1085 κοινῶ
2619 1045 2701 1088 τῶν

1423 1103 1569 1151 Ἰνδῶν
1595 1105 1785 1169 μεγάλας
1804 1104 2073 1170 παρέχονται»
2091 1105 2238 1170 χρείας
2261 1086 2700 1172 παραλαμὸανόμενοι

1425 1174 1501 1238 μὲν
1525 1174 1635 1222 κατὰ
1659 1177 1708 1223 τὸ
1731 1175 1822 1223 νέον
1848 1177 1937 1230 ἔτος
1964 1176 2037 1224 ἐπὶ
2060 1176 2136 1236 τὴν
2162 1178 2353 1240 μεγάλην
2379 1179 2574 1238 σύνοδον,
2593 1200 2709 1245 πρυ-

1422 1246 1615 1310 λέγοντες
1636 1247 1679 1295 δὲ
1710 1255 1793 1302 τοῖς
1816 1248 1997 1306 πλήθεσι
2019 1250 2116 1313 περὶ
2147 1251 2328 1313 αὐχμῶν
2348 1251 2421 1297 καὶ
2441 1252 2676 1317 ἐπομὸρίας
2692 1292 2705 1310 ,

1423 1320 1485 1367 ἔτι
1509 1320 1553 1367 δὲ
1578 1320 1746 1382 ἀνέμων
1769 1321 1965 1375 εὐπνοίας
1990 1322 2064 1367 καὶ
2095 1321 2229 1368 νόσων
2253 1322 2326 1368 καὶ
2350 1326 2431 1369 τῶν
2458 1323 2596 1370 ἄλλων
2621 1328 2703 1372 τῶν

1423 1391 1665 1455 δυναμένων
1681 1391 1776 1447 τοὺς
1794 1392 2023 1446 ἀκούοντας
2041 1395 2279 1458 ὠφελῆσαι.
2302 1395 2379 1455 (31)
2399 1394 2469 1443 Τὰ
2494 1396 2703 1458 μέλλοντα

1421 1463 1504 1527 γὰρ
1527 1463 1869 1528 προακούσαντες
1889 1462 1931 1511 οἵ
1950 1483 1995 1510 τε
2021 1464 2171 1512 πολλοὶ
2189 1464 2261 1511 καὶ
2285 1468 2307 1511 ὁ
2327 1466 2523 1529 βασιλεὺς
2544 1470 2705 1527 ἐκπλη-

1425 1537 1565 1596 ροῦσιν
1586 1532 1652 1580 ἀεὶ
1671 1533 1719 1580 τὸ
1741 1534 1893 1595 μέλλον
1915 1535 2122 1582 ἐκλείπειν
2142 1535 2215 1582 καὶ
2235 1539 2705 1626 προκατασκευάζουσιν

1424 1604 1488 1650 ἀεί
1523 1624 1565 1651 τι
1588 1609 1671 1652 τῶν
1694 1606 1947 1671 χρησίμων·
1973 1611 1994 1653 ὁ
2019 1606 2062 1654 δὲ
2087 1607 2315 1672 ἀποτυχων
2351 1611 2434 1655 τῶν
2467 1611 2705 1676 φιλοσόφων

1424 1678 1466 1722 ἐν
1500 1680 1594 1730 ταῖς
1623 1678 1911 1743 προρρησεσιν
1939 1679 2073 1738 ἄλλην
2107 1679 2183 1741 μὲν
2225 1679 2424 1742 οὐδεμίαν
2450 1683 2703 1746 ἀναδέχεται

1421 1749 1632 1812 τιμωρίαν
1662 1747 1690 1807 ἢ
1718 1750 2020 1817 βλασφημίαν,
2045 1752 2208 1816 ἄφωνος
2237 1750 2279 1798 δὲ
2302 1753 2486 1799 διατελεῖ
2503 1773 2572 1800 τον
2604 1757 2703 1803 λοι-

1421 1821 1500 1868 πὸν
1529 1821 1636 1886 βίον.
1878 1884 1881 1887 .

1488 1910 1549 1942 32.
1588 1895 1794 1959 Δεύτερον
1816 1896 1851 1942 δ’
1887 1895 1976 1942 ἐστὶ
1999 1894 2125 1960 μέρος
2145 1895 2192 1942 τὸ
2215 1899 2299 1943 τῶν
2322 1900 2518 1961 γεωργῶν
2534 1938 2545 1954 ,
2576 1898 2617 1944 οἳ
2641 1902 2701 1963 τῷ

1421 1965 1575 2025 πλήθει
1609 1971 1691 2015 τῶν
1719 1968 1860 2016 ἄλλων
1898 1967 2006 2015 πολὺ
2030 1967 2227 2032 προέχειν
2260 1970 2470 2016 δοκοῦσιν·
2511 1963 2622 2018 οὗτοι
2658 1970 2700 2017 δὲ

1422 2038 1623 2101 πολέμων
1644 2039 1716 2086 καὶ
1739 2044 1813 2098 τῆς
1838 2039 1970 2097 ἄλλης
1989 2040 2249 2104 λειτουργίας
2272 2037 2489 2106 ἀφειμένοι
2511 2042 2607 2106 περὶ
2628 2041 2701 2094 τὰς

1419 2112 1628 2175 γεωργίας
1654 2113 1957 2175 ἀσχολοῦνται·
1981 2113 2054 2171 καὶ
2077 2112 2211 2164 οὐδεὶς
2231 2111 2282 2159 ἂν
2302 2112 2502 2175 πολέμιος
2524 2132 2699 2177 περιτυ-

1419 2181 1509 2246 χὼν
1529 2186 1704 2247 γεωργῷ
1730 2182 1841 2230 κατὰ
1859 2182 1935 2240 τὴν
1955 2182 2100 2248 χώραν
2126 2183 2364 2242 ἀδικήσειεν
2380 2223 2392 2243 ,
2416 2186 2512 2231 ἀλλ’
2536 2188 2592 2238 ὡς
2607 2204 2698 2232 κοι-

1419 2254 1512 2308 νοὺς
1548 2254 1768 2320 εὐεργέτας
1808 2255 2033 2318 ἡγούμενοι
2071 2255 2213 2313 πάσης
2250 2256 2412 2310 ἀδικίας
2448 2256 2696 2321 ἀπέχονται.

1419 2327 1578 2390 Διόπερ
1611 2326 1861 2392 ἀδιάφθορος
1894 2331 1921 2384 ἡ
1955 2327 2075 2392 χώρα
2114 2328 2372 2390 διαμένουσα
2410 2329 2483 2375 καὶ
2520 2330 2699 2394 καρποῖς

1422 2398 1625 2463 βρίθουσα
1649 2398 1812 2457 πολλὴν
1839 2400 2074 2447 ἀπόλαυσιν
2094 2399 2328 2463 παρέχεται
2346 2403 2430 2447 τῶν
2451 2400 2705 2458 ἐπιτηδείων

1468 2539 1547 2577 XL.
1580 2542 1643 2593 29.
1682 2538 1897 2577 Universus
1919 2537 2107 2578 Indorum
2133 2539 2300 2588 populus
2334 2538 2373 2576 in
2395 2540 2544 2588 septem
2572 2538 2700 2577 tribus

1416 2600 1648 2640 distributus
1666 2602 1738 2639 est.
1761 2601 1894 2640 Prima
1916 2612 1965 2640 ex
1985 2601 2228 2651 philosophis
2244 2603 2397 2641 constat
2414 2631 2427 2651 ,
2447 2602 2515 2651 qui
2535 2612 2699 2641 numero

1419 2664 1579 2714 quidem
1614 2664 1754 2704 ceteris
1777 2665 1869 2704 suut
1895 2664 2122 2713 inferiores,
2147 2664 2356 2704 nobilitate
2389 2667 2523 2704 autem
2553 2665 2697 2715 primas

1419 2729 1570 2767 tenent.
1593 2727 1655 2767 Ab
1677 2727 1784 2766 omni
1800 2727 1904 2766 enim
1920 2727 2137 2767 ministerio
2153 2728 2310 2778 publico
2336 2728 2554 2778 immunes,
2571 2739 2700 2779 neque

1416 2790 1669 2830 dominantur
1702 2791 1801 2841 ipsi,
1825 2802 1954 2841 neque
1983 2791 2150 2830 aliorum
2190 2790 2365 2830 dominio
2391 2791 2562 2841 subiecti
2589 2795 2694 2832 sunt.

1418 2854 1499 2904 (3ο)
1529 2858 1559 2894 Α
1580 2854 1739 2903 privatis
1757 2853 1807 2892 ad
1822 2865 1906 2893 rem
1932 2854 2106 2893 divinam
2130 2855 2170 2893 et
2195 2853 2473 2894 defunctorum
2492 2855 2699 2905 exsequias

1415 2918 1666 2968 adhibentur,
1683 2920 1730 2958 ut
1749 2918 1818 2969 qui
1838 2918 1911 2957 diis
1924 2918 2067 2958 eximie
2085 2918 2164 2958 sint
2187 2918 2288 2967 cari,
2306 2921 2496 2958 eteorum
2511 2949 2522 2967 ,
2541 2930 2631 2969 quae
2648 2919 2696 2958 ad

1416 2984 1560 3023 inferos
1589 2983 1808 3034 pertinent,
1836 2984 2009 3023 maxime
2042 2982 2173 3033 periti.
2207 2986 2281 3023 Pro
2311 2994 2392 3033 quo
2427 2984 2557 3022 officio
2594 2984 2696 3023 dona

1416 3049 1662 3098 honoresque
1687 3048 1916 3098 magnificos
1935 3048 2143 3098 recipiunt.
2164 3050 2207 3087 ln
2230 3049 2365 3098 primis
2384 3050 2517 3088 autem
2541 3059 2698 3098 magnas

1415 3113 1642 3164 reipublicae
1661 3114 1852 3154 Indorum
1871 3114 2061 3154 utilitates
2080 3113 2273 3163 asserunt,
2290 3113 2447 3164 quando
2459 3114 2699 3154 solemnibus

1414 3178 1508 3217 novi
1530 3179 1620 3218 anni
1637 3178 1806 3218 comitiis
1820 3177 2008 3226 adhibiti,
2025 3177 2222 3217 siccitates
2248 3179 2288 3216 et
2315 3178 2465 3227 pluvias
2483 3182 2699 3227 ventosque

1415 3253 1463 3282 ac
1479 3242 1642 3285 morbos
1657 3243 1698 3281 et
1713 3231 1790 3281 alia
1800 3272 1810 3292 ‚
1833 3252 1924 3291 quae
1936 3240 2163 3280 conducant
2178 3240 2444 3289 audientibus,
2461 3241 2694 3290 praedicunt.

1416 3307 1497 3358 (31)
1519 3310 1621 3348 Nam
1644 3308 1783 3347 sutura
1798 3306 1924 3346 edocti
1942 3307 1982 3346 et
1999 3306 2167 3356 populus
2185 3307 2224 3344 et
2238 3316 2330 3355 rex,
2348 3305 2524 3344 desectus
2549 3305 2696 3355 ingrui-

1413 3372 1526 3410 turos
1546 3371 1713 3411 subinde
1728 3372 1911 3422 explent,
1935 3373 1975 3411 et
1989 3373 2181 3421 perpetuo
2197 3370 2345 3421 aliquid
2361 3371 2579 3411 utilitatum
2598 3382 2697 3420 prm-

1413 3436 1567 3483 parant.
1622 3435 1661 3474 Si
1692 3435 1781 3484 quis
1804 3434 1937 3474 autem
1970 3434 2291 3484 philosophorum
2318 3445 2342 3473 a
2371 3434 2535 3473 veritate
2566 3434 2696 3472 vatici-

1413 3498 1543 3538 nando
1563 3498 1744 3546 aberrat,
1761 3497 1869 3536 aliud
1886 3507 2013 3547 poenoe
2032 3500 2102 3536 aut
2123 3497 2296 3536 insamioe
2311 3507 2434 3546 genus
2449 3507 2527 3536 non
2541 3496 2694 3546 experi-

1414 3562 1494 3611 tur,
1519 3572 1642 3611 quam
1661 3560 1769 3610 quod
1791 3563 1926 3600 mutus
1941 3559 2125 3610 deinceps
2144 3560 2267 3599 vitam
2282 3560 2414 3610 exigit.

1465 3632 1528 3666 32.
1580 3627 1714 3666 Altera
1757 3626 1889 3665 classis
1922 3625 2181 3676 agricolarum
2215 3628 2296 3671 est,
2339 3625 2406 3675 qui
2439 3623 2693 3664 multitudine

1413 3693 1563 3732 ceteros
1593 3692 1705 3740 longe
1738 3691 1879 3741 praeire
1908 3691 2109 3731 videntur.
2148 3691 2198 3730 Hi
2224 3701 2248 3729 a
2278 3690 2417 3729 militia
2446 3688 2691 3738 publicisque

1411 3754 1595 3805 operibus
1628 3754 1713 3794 aliis
1735 3753 1936 3804 exempti,
1960 3764 2079 3793 omne
2122 3753 2301 3793 studium
2335 3755 2375 3791 et
2409 3753 2562 3800 tempus
2586 3749 2687 3798 agris

1415 3817 1590 3857 colendis
1616 3818 1837 3856 insumunt.
1862 3820 1998 3868 Neque
2023 3827 2200 3867 unquam
2226 3815 2348 3855 hostis
2373 3812 2604 3863 agricolam,
2624 3811 2688 3849 cui

1415 3881 1456 3919 in
1485 3881 1587 3930 agris
1608 3881 1710 3920 forte
1732 3882 1932 3930 occurrit,
1963 3881 2110 3921 damno
2134 3881 2280 3927 alticit3
2300 3878 2364 3918 sed
2389 3878 2441 3916 ol)
2470 3875 2688 3915 communis

1415 3943 1595 3983 beneficii
1632 3945 1895 3984 reverentiam
1919 3944 1970 3983 ab
1995 3944 2105 3998 omni
2129 3944 2285 3982 illorum
2314 3939 2453 3989 injuria
2476 3938 2685 3977 abstinent.

1415 4008 1586 4058 Ideoque
1602 4010 1729 4058 terra,
1758 4009 1855 4049 dum
1879 4009 1973 4048 nihil
1993 4008 2252 4059 populationis
2277 4006 2479 4055 experitur
2494 4015 2685 4053 unquam,

1413 4082 1483 4110 sua
1496 4071 1694 4111 fructuum
1711 4072 1965 4112 exuberantia
1982 4072 2131 4121 largam
2146 4071 2273 4109 victus
2287 4069 2439 4117 cupiam
2456 4066 2686 4105 mortalibus

1413 4135 1697 4174 subministrat.
1717 4123 1800 4185 (3⁸3)
1826 4138 1871 4174 ln
1890 4135 1990 4185 agris
2008 4134 2128 4173 vitam
2145 4135 2262 4182 agunt
2282 4130 2413 4169 rustici
2433 4139 2521 4167 cum
2551 4130 2685 4167 uxori-

1415 4200 1487 4238 bus
1513 4202 1552 4238 et
1572 4200 1726 4248 liberis,
1759 4202 1797 4239 ct
1818 4211 1840 4238 a
1872 4198 2113 4238 conum-reiis
2141 4196 2278 4234 nuttriri,-
2309 4194 2468 4232 ‹inmino
2491 4193 2685 4232 absistunt
