3016 4628
791 255 1718 377 MENECRATES
1790 256 1961 358 EL
1979 245 2337 357 AITA.

302 771 585 815 Menecrates
604 762 914 824 discipulus(*
921 762 1039 822 >fuit
1060 757 1336 806 Xenocratis
1359 754 1427 815 (fi.
1455 752 1521 813 α),
1604 748 1828 806 ἐκτεθηναί
1878 766 1984 812 φασι
2039 765 2138 801 τους
2191 745 2558 802 δεκατευθέντας·

239 843 319 901 qui
338 840 596 901 Speusippo
612 838 823 882 successit
838 851 912 881 an.
934 833 1025 894 339
1037 867 1050 889 ,
1065 842 1111 877 et
1123 831 1197 875 cui
1212 829 1297 888 ipsi
1312 826 1525 871 successit

236 914 430 958 Polemo
475 926 550 956 an.
596 908 686 954 315
718 908 784 969 (v
809 907 1006 952 Clinton.
1046 903 1105 947 ad
1135 903 1181 948 h.
1223 915 1264 944 a.
1286 898 1320 958 ).
1361 900 1523 955 Itaque

239 987 523 1031 Menecrates
544 980 759 1026 floruerit
774 979 857 1023 sub
886 991 1031 1036 regno
1062 972 1295 1018 Ptolemaei
1315 968 1519 1028 Lagidae.

237 1057 427 1116 Scripsit
459 1051 630 1105 Κτίσεις
654 1062 790 1112 atque
817 1048 1175 1110 geographicum
1200 1057 1343 1102 opus,
1366 1036 1522 1101 Περίο-

236 1129 306 1182 δος
324 1122 700 1183 Ἑλλησποντιακή
726 1123 1009 1180 inscriptum.

743 1229 1007 1278 ΚΤΙΣΕῘΣ.

860 1356 897 1384 1.

304 1462 379 1505 Su
381 1460 470 1504 abo
485 1460 622 1514 XIII,
635 1473 681 1516 p.
697 1456 816 1500 621:
836 1448 1109 1540 Μενεκράτης
1125 1450 1146 1494 ὁ
1163 1444 1400 1503 Ἐλαίτης·
1381 1465 1421 1492 εν
1435 1463 1523 1499 τοις

240 1531 351 1595 Περὶ
387 1529 564 1577 κτίσεων
607 1527 709 1593 φησὶ
747 1525 823 1583 τὴν
859 1522 1075 1588 παραλίαν
1107 1519 1184 1579 τὴν
1219 1523 1290 1566 νῦν
1322 1516 1520 1575 Ἰωνικὴν

239 1610 401 1660 πᾶσαν,
429 1601 513 1649 ἀπὸ
545 1599 754 1657 Μυκάλης
786 1596 1040 1662 ἀρξαμένην,
1073 1593 1155 1641 ὑπο
1192 1593 1432 1654 Πελασγῶν
1457 1592 1520 1638 οἶ-

238 1675 403 1721 κεισθαι
424 1673 624 1737 πρότερον
648 1670 721 1718 καὶ
744 1669 819 1723 τὰς
840 1667 1020 1725 πλησίον
1047 1666 1213 1724 νήσους.

304 1750 534 1809 Loquitur
554 1747 719 1793 Strabo
744 1746 802 1790 de
818 1746 956 1804 Cyme
979 1740 1260 1787 Phriconide
1280 1754 1381 1798 quae
1406 1755 1522 1783 con-

238 1821 334 1865 dita
349 1829 415 1865 est
427 1836 521 1864 non
545 1821 605 1863 ita
622 1819 758 1879 longe
781 1817 838 1861 ab
851 1816 1043 1874 Larissa,
1064 1828 1203 1873 quam
1228 1822 1325 1856 tum
1345 1812 1523 1872 Pelasgi

237 1892 389 1937 adhuc
409 1892 639 1938 tenebant.

841 1976 900 2028 ¹a.

300 2093 465 2137 Strabo
491 2093 594 2148 XII,
617 2107 663 2151 p.
684 2089 775 2147 572
796 2103 807 2136 ε
831 2086 943 2140 Τοὺς
964 2084 1138 2140 Μυσοὺς
1160 2084 1198 2132 οὶ
1217 2083 1294 2146 μὲν
1320 2086 1521 2150 Θρᾷκας,

236 2163 274 2208 οἱ
309 2160 351 2207 δὲ
380 2159 541 2214 Λυδοὺς
574 2160 783 2224 εἰρήκασι,
801 2156 894 2205 κατ’
919 2156 1058 2204 αἰτίαν
1090 2154 1282 2203 παλαιὰν
1306 2156 1524 2218 ἱστοροῦν-

236 2252 326 2290 τες,
360 2233 410 2290 ἣν
441 2231 604 2286 Ξάνθος
640 2236 662 2279 ὃ
691 2232 827 2284 Λυδὸς
858 2231 954 2296 (fr.
993 2231 1052 2294 8)
1083 2227 1238 2294 γράφει
1279 2228 1353 2276 καὶ
1378 2230 1523 2277 Μενε-

235 2304 395 2369 κράτης
435 2308 457 2352 ὁ
504 2300 707 2363 Ἐλαίτης
729 2322 739 2332 ·
786 2304 1138 2367 ἕτυμολογοῧντες
1178 2301 1252 2349 καὶ
1297 2300 1346 2349 τὸ
1386 2301 1523 2365 ὄνομα

235 2377 283 2423 τὸ
305 2379 388 2423 τῶν
414 2378 590 2435 Μυσῶν,
630 2375 694 2423 ὅτι
734 2376 811 2433 τὴν
843 2374 969 2434 ὀξύην
999 2374 1133 2429 οὕτως
1178 2373 1459 2437 ὀνομάζουσιν
1484 2375 1524 2422 οἱ

243 2448 389 2497 Λυδοί·
427 2448 564 2506 πολλὴ
600 2449 637 2496 δ’
661 2453 687 2506 ἡ
723 2447 822 2507 ὂξύη
854 2446 967 2496 κατὰ
996 2447 1069 2495 τὸν
1099 2445 1365 2510 Ὄλυμπον,
1409 2445 1518 2494 ὅπου

286 2570 340 2618 (*)
369 2568 477 2608 Alius
502 2569 732 2608 Xenocratis
749 2569 969 2609 Academici
988 2569 1205 2620 discipulus
1223 2569 1298 2609 suit
1321 2571 1523 2619 Pacorus,

235 2626 303 2676 qui
326 2627 435 2676 Περὶ
453 2627 628 2677 ἑορτῶν
644 2627 812 2677 scripsit.
826 2627 1027 2668 Plutarch.
1045 2631 1123 2676 Qu.
1134 2627 1298 2668 Conviv.
1318 2630 1393 2677 lV,
1411 2632 1455 2675 2,
1468 2630 1522 2667 4·

235 2685 320 2724 Ἔτι
344 2684 384 2723 δὲ
398 2684 502 2735 οἶμαι
531 2686 742 2736 Προκλέους
764 2685 1051 2736 ἐντετυχηκέναι
1075 2691 1223 2737 γραφῇ,
1243 2687 1326 2737 περὶ
1357 2690 1434 2726 τῶν
1450 2685 1526 2727 Ἰσ-

237 2742 357 2792 θμίων
372 2744 628 2793 ἱστοροῦντος,
651 2744 707 2782 ὅτι
723 2745 787 2784 τὸν
805 2748 953 2795 πρῶτον
973 2744 1106 2795 ἀγῶνα
1119 2745 1254 2783 ἔθεσαν
1277 2745 1361 2796 περὶ
1384 2744 1526 2797 στεφά-

240 2813 304 2838 νου
323 2801 495 2839 πιτυΐνου
510 2812 520 2822 ·
540 2801 693 2852 ὕστερον
709 2802 749 2841 δὲ
765 2806 832 2841 τοῦ
852 2802 998 2852 ἀγῶνος
1021 2804 1125 2854 ἱεροῦ
1140 2803 1347 2854 γενομένου
1360 2832 1372 2850 ,
1389 2803 1434 2842 ἐκ
1457 2807 1524 2851 τῆς

241 2860 437 2908 Νεμεακῆς
460 2859 703 2910 πανηγύρεως
734 2862 967 2912 μετήνεγκαν
996 2862 1157 2901 ἐνταῦθα
1182 2862 1248 2901 τὸν
1275 2865 1344 2901 τοῦ
1375 2861 1526 2901 σελίνου

240 2918 433 2965 στέφανον.
454 2916 502 2956 '0
526 2917 566 2955 δὲ
590 2919 760 2968 Προκλῆς
777 2919 885 2964 οὗτος
902 2919 948 2968 ἦν
969 2919 1022 2965 εἷς
1043 2923 1120 2959 τῶν
1143 2920 1182 2959 ἐν
1210 2919 1425 2971 Ἀκαδημίᾳ
1449 2921 1526 2960 Ξο-

241 2973 408 3023 νοκράτει
432 2975 770 3024 συσχολασάντων.

294 3030 468 3072 Eundem
496 3030 631 3070 laudat
660 3032 879 3072 Alexander
912 3032 1227 3084 Aphrodisiensis
1255 3034 1296 3072 in
1324 3032 1524 3074 Aristotel.

243 3089 403 3128 Elcnch.
438 3089 611 3139 Sophist.
640 3101 679 3140 p.
702 3094 725 3129 4
747 3091 793 3140 b,
829 3091 894 3130 ubi
917 3103 926 3130 t
952 3093 1126 3143 Προκλῆς
1153 3093 1191 3132 ἐν
1211 3097 1257 3144 τῇ
1284 3096 1360 3131 τῶν
1386 3093 1527 3142 ἑορτῶν

242 3147 498 3198 ὰναριθμήσει.
533 3150 809 3197 Fragmentum
844 3151 1065 3191 exscribere
1099 3162 1179 3191 non
1211 3163 1372 3202 possum
1386 3182 1398 3203 ‚
1432 3152 1528 3203 quia

241 3203 340 3242 libro
360 3215 406 3243 eo
423 3215 527 3243 nunc
548 3216 674 3245 carco.
711 3208 849 3246 Junior
879 3209 1039 3258 quidam
1071 3210 1227 3249 Procles
1245 3212 1306 3248 est
1321 3210 1527 3259 Carthagi·

242 3261 402 3305 niensis,
429 3261 543 3310 quus
564 3262 740 3302 meminit
757 3265 965 3304 Pausanias
980 3267 1037 3315 ΙΙ,
1056 3270 1120 3315 21,
1140 3271 1188 3314 6;
1213 3268 1283 3315 IV,
1301 3271 1365 3314 25,
1388 3271 1424 3305 3.

588 3387 836 3437 URBIUM
878 3391 1189 3439 ORIGINES.

860 3474 898 3512 1.

293 3535 531 3575 Menecrates
561 3537 685 3576 Elaita
711 3538 878 3580 inlibris
912 3540 961 3580 de
991 3541 1158 3581 Urbium
1189 3541 1406 3593 originibus
1434 3541 1531 3581 dicit

243 3596 433 3636 litoralem
459 3599 631 3639 lonicam
651 3611 808 3641 omnem
829 3603 919 3643 inde
943 3615 967 3643 a
987 3605 1161 3655 Mycale,
1186 3616 1260 3646 nec
1276 3616 1357 3646 non
1377 3605 1531 3646 vicinas

244 3659 386 3700 insulas
404 3671 427 3701 a
445 3662 609 3713 Pelasgis
623 3664 716 3704 olim
733 3665 968 3707 inhabitatas
988 3678 1087 3708 esse.

295 3796 424 3843 Mysos
438 3795 501 3835 alii
523 3796 713 3848 Thrac-es,
737 3799 801 3839 alii
821 3800 952 3850 Lydos
971 3801 1136 3841 faciunt.
1155 3803 1286 3853 Atque
1302 3803 1342 3842 hi
1365 3803 1529 3853 quidem

244 3867 398 3896 (ausam
429 3869 479 3898 ex
493 3859 727 3911 antiquitate
753 3864 963 3914 repetunt,
997 3875 1120 3915 quam
1149 3865 1275 3906 literis
1289 3866 1530 3907 mandarunt

245 3920 420 3959 Xanthus
446 3921 577 3972 Lydus
603 3925 643 3963 et
666 3927 907 3967 Menecrates
938 3927 1065 3967 Elaita
1099 3943 1109 3967 :
1150 3928 1221 3978 qui
1257 3931 1297 3969 et
1334 3931 1530 3971 rationem

245 3983 411 4023 nominis
441 3988 639 4035 Mysorum
657 3988 849 4040 reddunt,
862 3991 970 4041 quod
983 3991 1186 4041 Lydorum
1205 3993 1338 4044 lingua
1354 3994 1532 4035 fraxinus

247 4047 360 4085 arhor
380 4058 518 4098 mysus
548 4052 728 4101 vocatur,
745 4064 836 4102 quae
854 4054 969 4103 Juxta
989 4055 1202 4106 Olympum
1219 4057 1377 4107 copiosa
1393 4059 1529 4099 nasci-

249 4111 326 4158 tur,
348 4111 412 4150 ubi
435 4116 633 4162 expositos
657 4116 770 4157 aiunt
785 4118 904 4158 fuisse
926 4118 1142 4159 decimatos
1159 4131 1357 4171 ,quorum
1390 4134 1528 4173 proge-

250 4175 330 4212 nies
345 4176 420 4215 sint
443 4180 562 4228 Mysi,
578 4181 633 4219 sic
663 4183 713 4221 ab
738 4194 855 4234 myso
883 4184 1023 4224 arbore
1042 4185 1152 4226 dicti.
1179 4187 1387 4236 Astipulari
1411 4190 1529 4229 etiam

253 4235 420 4286 linguam
433 4241 541 4281 aiunt
563 4244 726 4284 mixtam
747 4257 768 4286 e
794 4246 957 4298 Phrygia
977 4250 1017 4288 et
1037 4248 1171 4300 Lydia
1191 4250 1383 4290 Nimirum
1403 4254 1531 4302 Mysos

1603 3256 1747 3299 ratius
1765 3253 1960 3300 definire
1983 3271 2081 3299 non
2103 3256 2228 3300 licet.

2606 746 2778 797 ἐκείνων
2812 750 2892 813 ,δὲ
2922 781 2953 820 ,,;

1600 820 1834 884 ἀπογόνους
1856 812 1965 867 εἶναι
1990 818 2089 874 τους
2120 818 2295 885 ὕστερον
2325 817 2528 880 Μυσους,
2562 819 2649 868 ἀπὸ
2669 841 2746 880 της
2767 821 2893 885 ὀξύης
2930 815 2955 879 J}
2993 822 2999 879 ξ

1598 891 1710 939 οὕτω
1745 891 2183 956 προσαγορευθέντας·
2225 911 2367 958 μαρτυ
2397 911 2457 940 ειν
2491 892 2537 940 δὲ
2570 886 2646 941 καὶ
2685 892 2766 952 τὴν
2797 895 2894 944 διά·
2927 882 2956 940 '⁷5³
2994 933 3001 945 .

1599 967 1773 1012 λεκτον·
1810 962 2051 1027 μιξολύδιον
2085 962 2171 1028 γάρ
2207 983 2299 1019 πως
2335 911 2446 1012 εἶξαι
2479 964 2554 1012 καὶ
2591 963 2892 1033 μιξοφρύγιον·
2919 972 2957 1026 J‘·'
2995 983 3001 1024 ξ

1598 1036 1700 1089 τέως
1724 1035 1802 1100 μὲν
1834 1037 1919 1102 γὰρ
1942 1037 2073 1084 οἰκεῖν
2097 1035 2251 1092 αὐτοὺς
2273 1036 2372 1104 περὶ
2405 1036 2478 1086 τὸν
2503 1033 2754 1102 Ὄλυμπον.
2788 1041 2893 1090 Τῶν

1599 1108 1643 1156 δὲ
1674 1110 1865 1174 Φρυγῶν
1891 1111 1940 1157 ἐκ
1961 1112 2040 1168 τῆς
2063 1107 2242 1176 Θράκης
2271 1109 2612 1176 περαιωθέντων,
2636 1109 2800 1160 εἵλοντο
2819 1111 2892 1162 τόν
2916 1125 2931 1150 ’-
2957 1116 2959 1147 l
2996 1146 3000 1170 r

1596 1200 1642 1228 τε
1663 1184 1740 1239 τῆς
1762 1180 1980 1248 Τροίας”
1950 1200 2142 1247 αρχοντα
2164 1181 2239 1230 καὶ
2257 1202 2336 1241 της
2365 1181 2548 1242 πλησίον
2565 1201 2657 1247 γης.
2675 1182 2894 1240 Ἐκείνους
2926 1213 2935 1230 ÷=
2995 1213 2998 1222 1

1599 1252 1677 1316 μὲν
1711 1255 1894 1302 ἐνταυθα
1929 1257 2126 1314 οἰκῆσαι·
2150 1255 2246 1310 τοὺς
2283 1255 2329 1303 δὲ
2360 1254 2535 1311 Μυσους
2564 1256 2672 1324 υπὲρ
2707 1257 2788 1314 τὰς
2817 1277 2892 1308 του
2922 1269 2931 1279 ’
2996 1285 3001 1295 ’ν

1600 1328 1639 1373 Κ
1645 1344 1768 1374 αικου
1786 1325 1930 1392 πηγὰς
1949 1326 2131 1387 πλησίον
2152 1328 2319 1376 Λυδῶν.

1792 1441 2114 1490 ΠΕΡΙΟΔΟΣ
2150 1443 2708 1495 ΕΛΛΗΣΠΟΝΤΙΑΚΗ.

2198 1557 2243 1604 3.
2255 1556 2266 1569 “

1664 1680 1833 1726 Strabo
1853 1682 1972 1740 XII,
1986 1698 2033 1743 p.
2051 1680 2161 1732 550.
2175 1685 2408 1743 Quaeritur
2421 1684 2505 1730 ubi
2522 1685 2776 1733 habitarint
2799 1689 2894 1734 Ha-

1597 1753 1794 1812 lizones‚
1821 1770 1940 1816 quos
1959 1766 2190 1801 memorat
2205 1759 2402 1803 Homer.
2422 1758 2480 1803 11.
2507 1760 2580 1817 ΙΙ,
2607 1757 2701 1805 856
2730 1777 2742 1805 :

1700 1854 1827 1906 Αὐτὰρ
1841 1854 2047 1901 Ἁλιζώνων
2063 1855 2198 1902 Ὀδίος
2218 1858 2284 1896 καὶ
2302 1857 2594 1910 Ἐπίστροφος”“
2570 1872 2714 1911 ηρχον,

1700 1913 1855 1960 τηλόθεν
1879 1914 1917 1960 ἐξ
1930 1913 2106 1964 Ἀλύὸης,
2122 1915 2207 1955 ὅθεν
2223 1915 2389 1967 ἀργύρου
2406 1917 2488 1957 ἐστὶ
2507 1919 2679 1968 γενεθλή.

1667 2000 1864 2050 Ἐπαινεῖ
1907 2000 1952 2049 δὲ
1978 2002 2170 2065 μάλιστα
2207 2001 2298 2066 (sc.
2340 2003 2589 2070 Δημήτριος
2621 2006 2645 2052 ὁ
2676 1965 2949 2072 Σκήψιος)ἷ
2948 2059 2950 2061 ,

1599 2071 1678 2132 τὴν
1693 2073 1935 2123 Ἑκαταίου
1954 2093 2029 2123 του
2001 2075 2296 2140 ’“Μιλησίου(
2299 2079 2356 2123 fr.
2375 2075 2744 2142 202)m2Msvsx
2773 2080 2938 2135 άτους

1600 2150 1674 2194 τοῦ
1705 2144 1937 2207 Ἔλαΐτου,
1957 2150 2042 2196 τῶν
2063 2148 2360 2214 Ξενοκράτους
2377 2147 2605 2215 γνωρίμων
2632 2097 2781 2218 ἀνδρῶ
2812 2150 2925 2219 (sic
2925 2151 2955 2205 ἓ·

1603 2221 1629 2266 3
1649 2222 1820 2269 οοᾱᾶω
1809 2224 1982 2285 ‚vulgo
2000 2221 2201 2288 ἀνδρων),
2211 2221 2346 2279 δόξαν
2360 2221 2435 2282 καὶ
2451 2221 2530 2280 τὴν
2550 2223 2873 2291 Παλαιιροίτου..
2861 2259 2896 2272 ..

1614 2292 1723 2341 Οδὲ
1742 2296 2056 2361 Μενεκράτης’
2036 2315 2079 2343 εν
2094 2297 2148 2360 τῇ
2168 2295 2548 2361 Ἑλλησποντιακῇ
2567 2295 2793 2363 περιόδῳε
2774 2316 2930 2365 υττερ-
2951 2323 2954 2327 ’

1600 2370 1770 2415 κεῖσθαι
1791 2366 1908 2430 λέγει
1931 2387 2017 2416 των
2053 2367 2162 2460 ὑπὲρ
2193 2367 2274 2427 τὴν
2308 2367 2535 2434 Μύρλειαν
2557 2368 2703 2419 τόπων
2731 2369 2899 2435 ,ὀρεινὴν
2927 2363 2956 2445 ξ’.

1601 2442 1792 2504 συνεχῆ,
1814 2439 1868 2498 ἣν
1892 2439 2081 2508 κατῴκει
2109 2441 2160 2490 τὸ
2193 2461 2280 2490 των
2311 2441 2550 2499 Ἁλιζώνων
2581 2441 2718 2498 ἔθνος·
2739 2444 2807 2492 δεῖ
2822 2441 2897 2508 δὲ,
2921 2477 2965 2507 f.

1602 2512 1729 2578 φησὶ,
1743 2512 1938 2604 γράςρειν
1941 2517 1984 2563 ἐν
1999 2517 2086 2569 τοῖς
2104 2516 2179 2578 λλ,
2202 2534 2275 2563 τον
2295 2514 2339 2563 δὲ
2366 2513 2588 2582 ποιητὴν’
2568 2535 2612 2565 εν
2630 2518 2694 2582 τῷ
2713 2515 2775 2565 ἑνὶ
2791 2516 2922 2584 γροί-

1602 2602 1695 2650 φειν
1720 2583 1791 2632 διὰ
1806 2585 1856 2633 τὸ
1881 2584 2053 2651 μέτρον.
2081 2585 2137 2636 O
2154 2585 2198 2634 δὲ
2221 2585 2506 2654 Παλαίφατός
2525 2606 2673 2653 φησιν,
2699 2585 2745 2645 ἐξ
2762 2588 2958 2653 Ἀμαι-*ἷ4

1602 2657 1732 2711 ζόνων
1751 2660 1835 2705 τῶν
1852 2661 1896 2705 ἐν
1914 2661 1969 2724 τῇ
1987 2658 2149 2724 Ἀλόπῃ
2170 2658 2415 2720 οἷκούντων,
2430 2679 2504 2709 νυν
2525 2660 2563 2707 δ’
2579 2661 2623 2708 ἐν
2641 2659 2900 2727 Ζελεία,τὸν

1602 2727 1748 2778 Ὀδίον
1771 2729 1848 2777 καὶ
1870 2750 1943 2778 τον
1967 2730 2258 2799 Ἐπίστροφον
2279 2738 2555 2798 στρατεῦσαι.
2578 2733 2702 2781 Vide
2723 2750 2826 2796 quae
2850 2737 2902 2781 in

1603 2816 1733 2919 seq?
1758 2812 1923 2849 contra
1940 2804 2143 2865 disputat
2159 2806 2342 2854 Strabo,
2361 2807 2579 2852 Ceterum
2598 2806 2657 2854 cs.
2670 2806 2903 2854 Callisthe-

1601 2890 1672 2920 nis
1705 2891 1744 2921 r.
1766 2891 1845 2937 29.

1674 3034 1922 3098 Subjungo
1954 3036 2225 3098 fragmenta
2244 3038 2523 3082 Menecratis
2557 3037 2782 3094 xanthii,
2819 3037 2903 3098 qui

1604 3110 1765 3154 Ionica
1789 3109 1988 3154 dialecto
2013 3109 2096 3170 (fr.
2126 3119 2150 3155 4
2172 3109 2186 3171 )
2218 3106 2420 3156 Λυκιακὰ
2441 3107 2458 3172 (
2471 3109 2529 3154 sr.
2552 3125 2594 3156 1.
2616 3109 2673 3172 2)
2698 3110 2902 3170 scripsit,

1604 3183 1786 3241 aliaque
1810 3182 2024 3242 quaedam
2048 3184 2358 3243 composuisse
2386 3183 2588 3242 videtur,
2625 3199 2729 3244 quae
2753 3198 2902 3229 accu—

1603 3391 1849 3442 aliquamdiu
1862 3392 1966 3432 cirea
1978 3393 2193 3444 Olympum
2208 3393 2445 3433 habitavisse
2461 3409 2471 3432 :
2486 3404 2612 3444 quum
2623 3393 2761 3434 autem
2778 3391 2901 3441 Phry·

1603 3467 1669 3507 ges
1687 3467 1709 3496 e
1721 3457 1888 3497 Thracia
1905 3457 2165 3507 trajecissent,
2182 3457 2372 3507 ceperunt
2386 3456 2516 3507 'trojae
2533 3458 2575 3498 ct
2588 3453 2745 3498 viciniae
2753 3454 2900 3507 princi.-

1603 3531 1709 3571 pem.
1726 3524 1802 3561 Eos
1817 3521 1978 3572 quidem
1999 3521 2066 3560 hic
2080 3520 2327 3571 consedisse3
2343 3523 2476 3571 Mysos
2489 3519 2624 3562 autem
2637 3530 2759 3571 supra
2774 3519 2903 3560 fontes

1603 3585 1709 3624 Caici
1726 3594 1849 3635 prope
1871 3584 2051 3636 Lydiam.

1853 3705 2286 3756 HELLESPONTI
2318 3703 2660 3754 CIRCUITIO.
2697 3756 2699 3758 ,

2227 3825 2273 3867 3.

1654 3931 1828 3972 Maxime
1853 3929 1989 3970 laudat
2017 3926 2246 3970 Demetrius
2273 3926 2458 3978 Scepsius
2492 3922 2667 3966 Hecataei
2697 3921 2836 3963 Milesii
2858 3931 2902 3979 ej

1602 3995 1837 4036 Menecratis
1855 3994 1996 4035 Elaitae
2006 4021 2019 4042 ,
2045 3992 2121 4046 qui
2138 3991 2374 4032 Xenocratis
2388 3987 2606 4039 discipulus
2628 3985 2724 4035 fuit,
2742 3985 2874 4037 opinio

1602 4070 1694 4100 nem
1713 4071 1760 4099 ae
1781 4056 2025 4109 Palaephati..
2033 4055 2307 4096 Menecrates
2321 4064 2416 4094 vero
2438 4052 2480 4092 in
2495 4049 2737 4101 Hellesponti
2753 4049 2860 4089 circu
2878 4050 2895 4063 ”

1602 4126 1710 4164 tione
1724 4123 1932 4164 imminere
1943 4121 1999 4162 ait
2011 4120 2108 4162 locis
2120 4120 2310 4169 Myrleam
2323 4114 2698 4167 circumiacentibus
2709 4123 2803 4155 mon
2830 4130 2834 4147 ι
2856 4130 2875 4170 ⁴,

1602 4187 1861 4237 continentia,
1877 4196 1968 4237 quae
1978 4179 2481 4229 Halizoneshabitaverint,
2494 4180 2534 4219 et
2546 4177 2742 4219 duobusL
2757 4177 2844 4217 litte
2864 4220 2867 4221 ⁷
2865 4181 2907 4239 ,νζΙ

1603 4251 1853 4292 scribendam
1874 4260 2038 4298 vocem;
2060 4249 2220 4300 poetam
2236 4244 2414 4286 omisisse
2434 4243 2602 4283 alteram
2627 4241 2745 4281 metri
2761 4242 2895 4281 causa.
