3016 4628
300 314 388 357 292

740 401 1135 478 munnam?

894 514 974 560 92·

362 595 631 657 Fulgentius
668 594 865 654 Mythol.
905 594 952 638 11
965 626 977 649 ,
1018 607 1064 652 9,
1095 607 1153 637 ex
1174 591 1401 649 Nicagora
1436 585 1579 630 refert

300 668 628 715 Prometheum
643 667 817 712 vulturi
826 664 961 724 Jecur
975 664 1258 725 praebentem
1273 660 1431 705 livoris
1450 657 1578 717 quasi

299 742 492 802 pingere
503 740 763 801 imaginem.
772 737 953 784 Deinde
965 736 1096 782 addit
1112 752 1122 780 ι
1144 735 1275 782 Unde
1284 743 1333 778 et
1341 733 1579 777 Petronius

300 812 491 857 Arbiter
501 815 571 856 ait
588 827 605 856 .·
624 811 717 869 Qui
733 810 1032 867 vultur-jecur
1043 809 1249 852 ultimum
1263 812 1492 866 pererrat,
1518 803 1562 846 E
1562 811 1580 846 t

298 893 455 945 peetus
468 882 614 928 trahit
627 886 899 942 intimasque
902 881 1057 942 fibras
1068 914 1080 936 ‚
1095 881 1200 925 Non
1216 888 1286 923 est
1297 893 1427 938 quem
1439 877 1580 939 tepidi

301 963 471 1000 vocant
491 963 665 1016 poetoe,
706 954 803 999 Sed
817 954 965 998 cordis
986 953 1113 996 mala
1132 953 1245 995 livor
1262 960 1397 1010 atque
1426 952 1574 994 lua-us.

302 1021 428 1071 Nam
442 1036 492 1072 et
505 1029 803 1071 Aristoxenus
819 1028 867 1068 in
882 1022 1266 1083 Epimetheiorum
1292 1022 1426 1076 libro,
1447 1037 1577 1082 quem

303 1102 507 1159 scripsit,
541 1099 719 1143 similia
738 1093 929 1158 profert.
963 1096 1203 1148 Enimvero
1227 1094 1568 1151 Prometheum,

303 1173 438 1230 quasi
453 1166 802 1233 προμήθειαν,
826 1168 951 1228 quod
963 1182 1047 1212 nos
1073 1170 1220 1211 latine
1242 1168 1578 1227 providentiam

305 1243 521 1298 dicimus,
543 1257 606 1288 ex
624 1242 702 1287 dei
709 1241 1003 1301 providentia
1023 1249 1073 1284 et
1084 1240 1318 1297 Minerva,
1338 1244 1474 1300 quasi
1494 1256 1578 1285 coe·

309 1313 410 1360 ἰωὰ·
450 1318 681 1375 sapientia
717 1313 947 1358 hominem
971 1309 1177 1369 factum.
1221 1313 1435 1358 Divinum
1469 1327 1580 1358 vero

1166 286 1606 344 ARISTOXENUS
1639 277 2076 349 ΤΔΒΕΝΤΙΝΠΒ.ᾖ

1650 396 1827 453 ignem,
1851 397 1984 449 quem
2009 388 2219 439 voluere,
2244 380 2468 427 ‘animam
2493 382 2749 431 monstrant
2763 384 2936 435 divim·-

1650 472 1722 507 tus
1737 465 2008 522 inspiratam
2017 492 2028 514 ,
2059 472 2164 517 quoe
2179 456 2310 515 apud
2315 468 2535 517 paganos
2549 454 2720 501 dieitur·
2729 455 2788 500 de
2803 457 2936 502 eoelis

1650 542 1811 578 tracta.
1829 532 1969 575 Jecur
1981 544 2089 574 vero
2105 526 2423 572 Prometheum
2441 526 2617 570 vulturi
2621 527 2910 587 praebentem
2921 562 2936 586 ‚
2963 579 2966 582 y
2990 534 2991 538 ’

1649 605 1774 666 quod
1790 618 1873 648 nos
1893 617 1973 646 cor
1993 602 2207 654 dicimus,
2239 601 2352 658 quia
2376 602 2424 642 in
2447 598 2583 644 corde
2599 600 2828 659 aliquanti
2834 600 2943 663 phi.

1652 675 1937 737 Iosophorum
1960 674 2180 717 dixerunt
2194 684 2291 715 esse
2312 673 2608 729 sapientiam.

1716 767 1736 788 α
1758 748 1816 791 In
1827 746 1956 790 libris
1972 743 2250 803 quibusdam
2265 757 2354 801 pro
2367 743 2410 786 E
2403 742 2760 801 pimetlzeiorum
2771 743 2942 806 legitur

1651 813 2093 858 lindoseeemiarum
2110 842 2123 865 ,
2147 807 2280 867 quod
2298 807 2479 852 librarii
2499 807 2720 869 deinceps
2742 817 2962 868 mutasse⁴

1649 885 1868 931 videntur
1889 883 1939 926 in
1951 883 2409 927 Lineoseremiarum.
2432 880 2537 925 Alia
2549 881 2644 925 huc
2657 882 2795 927 etiam
2810 878 2943 937 aece-

1652 958 1721 1003 dit
1749 972 1777 1002 a
1796 954 2054 1000 Munckero
2082 954 2134 997 in
2165 954 2252 997 Ms.
2289 951 2508 998 Leidensi
2531 960 2721 1014 reperta
2751 952 2896 1009 lectio
2925 969 2938 1002 z

1652 1033 1953 1075 Aristoxenus
1976 1030 2024 1070 in
2051 1026 2191 1070 livido
2203 1028 2534 1070 sententiarum
2556 1026 2702 1082 libr-o,-
2724 1026 2801 1072 cui
2814 1027 2964 1074 haud'

1651 1100 1840 1160 majoris
1861 1099 2088 1143 momenti
2109 1098 2260 1158 glossa
2284 1097 2445 1143 addita
2467 1107 2535 1143 est
2556 1113 2568 1143 ε
2597 1102 2644 1142 in
2673 1098 2765 1160 quo
2781 1088 2946 1165 dispu-
2972 1151 2975 1155 ,

1653 1178 1719 1213 tat
1737 1170 1796 1214 de
1816 1172 1953 1215 livore
1972 1173 2000 1215 i.
2018 1185 2059 1217 e.
2082 1170 2267 1215 invidia.
2283 1188 2303 1210 ιι
2323 1168 2566 1218 Mumms.
2588 1170 2681 1229 Qui
2693 1185 2831 1216 vems
2844 1168 2947 1222 fue·

1651 1242 1713 1286 rit
1740 1242 1855 1287 libri
1889 1243 2051 1287 titulus
2078 1251 2126 1286 et
2155 1241 2289 1302 quod
2314 1251 2642 1303 argument-um
2660 1242 2970 1295 acutioribus

1653 1314 1959 1360 divinandum
1970 1315 2206 1375 relinquo·
