3016 4628
291 340 351 379 58

281 440 409 485 fiant.
450 440 516 484 Ea
538 439 637 483 sine
665 438 983 483 controversia
1021 438 1263 483 Strabonis
1302 438 1463 497 opinio
1493 436 1583 481 fuit

282 514 586 572 omniumque
605 513 687 572 qui
706 512 900 557 Cabiros
921 511 1186 556 divinarum
1206 511 1581 555 ceremoniarum

281 585 579 630 administros
607 585 744 629 fuisse
784 593 1072 639 statuerunt,
1099 583 1445 643 Corybantum,
1479 585 1581 627 Da-

281 665 539 723 ctylorum‚
570 664 888 722 Curetumque
905 661 1098 718 similes,
1122 661 1172 705 h.
1195 676 1238 706 e.
1258 660 1457 704 deorum
1476 675 1581 703 ma-

275 734 436 793 jorum
451 735 696 796 paredros.
719 733 1052 780 Stesimbrotus
1066 747 1179 777 vero
1197 732 1487 776 contrarium
1506 731 1583 776 de-

279 809 448 865 cernit,
473 823 556 852 eos
578 822 672 852 esse
688 806 801 850 deos
821 820 1061 849 sacrorum
1080 805 1317 864 principes
1340 803 1580 862 praesides-

279 894 387 939 que.
428 879 568 925 Unde
592 879 787 939 intelligi
823 885 1013 937 oportet
1046 892 1154 921 eum
1185 877 1376 921 Cabiros
1404 891 1580 935 nequa-

279 966 419 1011 quam
445 953 494 996 in
515 967 713 996 numero
738 951 1004 995 daemonum
1031 949 1323 994 terrestrium
1347 956 1392 992 et
1410 963 1580 1008 grega—

277 1025 458 1069 riorum
482 1025 677 1081 duxisse,
698 1023 779 1068 sed
798 1023 996 1067 deorum
1016 1023 1306 1066 consentium
1324 1021 1483 1065 ordini
1495 1020 1578 1065 ad-

278 1099 475 1157 scriptos
488 1105 671 1157 putasse
685 1130 699 1153 ‚
717 1097 812 1140 sive
829 1095 909 1139 ille
929 1095 1215 1139 Mercurium
1235 1094 1581 1152 Proserpinam-

278 1186 371 1229 que
394 1171 550 1215 animo
580 1170 848 1229 complexus
868 1174 956 1223 est,
979 1167 1072 1211 sive
1096 1167 1211 1210 alios
1234 1166 1576 1221 coelicolarum,

278 1244 362 1302 qui
378 1244 427 1287 in
443 1258 693 1303 progressu
711 1240 937 1286 sermonis
953 1254 977 1283 e
989 1239 1307 1299 penetralibus
1322 1239 1580 1283 evocaban-

277 1323 371 1360 tur.
404 1335 423 1356 »
463 1317 655 1360 Lomzcx
675 1313 906 1374 Aglaoph.
929 1327 980 1371 p.
1025 1312 1167 1358 1216.
1206 1313 1322 1357 Cum
1344 1311 1415 1355 his
1448 1311 1574 1355 conf.

279 1403 383 1448 quae
401 1388 604 1448 disputat
614 1387 798 1433 Welck.
825 1386 996 1444 Trilog.
1011 1400 1064 1445 p.
1082 1382 1194 1442 235,
1211 1384 1323 1429 233.
1343 1411 1404 1418 —-
1422 1381 1575 1447 ὅρους..

276 1457 497 1522 Καὸείρου
521 1475 654 1504 mons
676 1460 877 1520 ignotus.
902 1455 1091 1502 Servius
1121 1457 1183 1501 ad
1199 1458 1307 1500 AEn.
1334 1458 1421 1512 VI,
1448 1455 1539 1513 785
1562 1472 1574 1500 :

276 1535 595 1590 Berecyntum,
642 1533 877 1576 castellum
930 1529 1153 1590 Phrygioe
1201 1536 1347 1587 juxta
1385 1529 1578 1589 Sanga-

276 1609 393 1650 rium
403 1640 418 1661 ‚
440 1607 516 1650 ubi
531 1606 693 1649 Mater
705 1605 838 1648 dedm
856 1603 1032 1650 colitur.
1049 1602 1190 1647 Plura
1205 1617 1251 1645 v.
1267 1616 1342 1661 ap.
1366 1602 1574 1646 Lobeck.

278 1680 310 1724 l.
334 1680 367 1724 l.

894 1761 975 1807 15.-

343 1895 556 1955 Apostol.
584 1895 724 1938 Prov.
751 1893 896 1948 XIX,
924 1890 1021 1937 65:
1048 1887 1383 1955 Τυφλότερος
1414 1889 1578 1936 ἀσπά-

278 1967 440 2020 λακος
461 1985 470 1995 ·
491 1969 618 2012 τοῦτο
629 1963 677 2011 τὸ
694 1967 799 2027 ζῷον
817 1965 894 2010 οὐκ
914 1961 1006 2027 ἔχει
1024 1962 1285 2027 ὀφθαλμούς·
1300 1961 1404 2028 φησὶ
1423 1964 1459 2009 δ’
1475 1961 1579 2009 αὐτὸ

278 2038 607 2108 Στησίμὸροτος
627 2036 709 2084 ὕπὸ
728 2039 804 2097 τ’ἧς
822 2038 860 2085 Γ
862 2039 913 2094 ἧς
935 2037 1209 2102 τυφλωθῆναι
1235 2034 1306 2082 διὰ
1325 2034 1373 2082 τὸ
1393 2035 1576 2102 φθείρειν

277 2111 374 2166 τοὺς
398 2109 604 2176 καρπούς.

343 2186 520 2231 Eadem
559 2185 778 2230 Arsenius
790 2218 802 2239 ‚
849 2183 1066 2238 Photius,
1112 2181 1277 2227 Suidas
1318 2197 1354 2226 s.
1411 2197 1456 2228 v.
1505 2181 1575 2228 cf.

277 2260 495 2306 Leutsch.
522 2257 583 2302 ad
615 2257 894 2318 Diogenian.
931 2257 1064 2310 VIII,
1093 2254 1187 2314 3019
1200 2288 1212 2309 ,
1246 2254 1333 2298 ubi
1366 2253 1424 2297 de
1449 2254 1577 2313 talpa

277 2333 435 2378 laudat
451 2330 721 2386 Schneider,
741 2329 800 2374 ad
813 2329 1006 2373 Aristot.
1026 2328 1088 2374 H.
1108 2329 1164 2372 A.
1178 2328 1256 2380 IV,
1274 2326 1324 2382 8,
1343 2342 1389 2386 9,
1405 2327 1576 2371 AElian.

278 2409 339 2453 H.
364 2409 420 2451 A.
442 2406 538 2460 XI,
568 2403 645 2460 37.
676 2427 734 2436 -
758 2403 869 2447 Haec
893 2415 1084 2461 quoque
1107 2401 1158 2444 in
1178 2399 1310 2444 libris
1328 2401 1399 2445 De
1419 2408 1583 2459 myste-

278 2482 358 2524 riis
377 2480 467 2542 legi
487 2485 724 2538 poterant.

894 2565 971 2607 16.

346 2706 499 2763 Etym.
517 2704 641 2762 M.p.
663 2718 773 2758 277,
793 2717 839 2748 v-
852 2696 1055 2751 Διόνυσος
1079 2714 1090 2743 :
1111 2698 1170 2745 Οἱ
1187 2695 1266 2759 μὲν
1284 2694 1484 2750 Διόνυξον
1505 2696 1580 2741 αὖ·

280 2775 351 2822 τὸν
371 2772 668 2835 ὀνομάζουσιν,
690 2771 755 2818 ὅτι
776 2769 852 2818 σὺν
877 2770 1030 2835 κέρασι
1052 2769 1314 2832 γεννώμενος
1335 2766 1419 2834 (ὅτι
1438 2786 1581 2832 κερα-

281 2845 455 2912 τοφόρος
473 2844 648 2900 ἐξελθὼν
673 2848 820 2891 Tzetz.
840 2847 953 2904 Lyc.
985 2844 1106 2904 209)
1134 2840 1254 2896 ἔνυξε
1276 2840 1349 2888 τὸν
1373 2840 1471 2894 Διὸς
1495 2860 1580 2902 μη-

283 2920 371 2987 ρὸν,
389 2922 445 2971 ὣς
465 2916 805 2982 Στησίμὸροτος.
827 2917 944 2963 Vide
964 2917 1124 2976 steph.
1143 2917 1278 2962 Thes,
1297 2931 1346 2961 v.
1364 2912 1579 2967 Διόνυξος.

283 3060 403 3099 refert
416 3057 642 3108 opinionem
653 3086 665 3105 ,
689 3055 759 3105 qui
777 3053 970 3094 sacrificia
989 3052 1285 3093 Samothracica
1299 3052 1482 3092 instituta
1498 3062 1581 3091 esse

282 3123 379 3162 dicit
392 3122 440 3160 ‹in
455 3121 661 3167 ‚honorem
679 3118 915 3158 cabirorum
935 3116 1006 3167 qui
1031 3127 1179 3156 nomen
1199 3116 1371 3156 habeant
1398 3127 1422 3155 a
1447 3116 1584 3155 monte

287 3186 527 3236 Berecyntiae
547 3183 705 3224 Cabiro.
901 3235 955 3275 15

341 3309 479 3359 Talpa
494 3309 655 3347 coecior.
676 3307 806 3345 Hoece
821 3303 968 3343 animal
983 3314 1063 3342 non
1077 3302 1198 3342 habet
1213 3301 1363 3341 oculos.
1386 3300 1428 3340 ld
1446 3311 1470 3339 a
1484 3303 1581 3339 Ter-

284 3387 327 3414 ra
348 3385 505 3415 caecum
524 3372 728 3412 redditum
758 3372 968 3420 propterea
993 3368 1100 3419 quod
1120 3368 1252 3419 fruges
1281 3366 1441 3417 perdat,
1462 3365 1584 3405 tradit

284 3438 581 3480 Stesimbrotus.

894 3503 962 3544 16.

337 3579 573 3625 Dionysum
587 3573 654 3613 alii
669 3573 894 3622 Dionyxum
914 3573 1082 3621 vocant,
1099 3570 1207 3622 quod
1228 3569 1416 3609 cornibus
1437 3567 1587 3607 instru-

286 3644 375 3684 ctus
393 3639 490 3680 dum
510 3649 534 3677 a
553 3640 653 3678 Jove
668 3637 850 3677 ederetur
867 3637 996 3675 semur
1013 3635 1098 3685 ejus
1115 3634 1325 3685 pupugerit
1338 3664 1348 3683 ,
1363 3634 1408 3672 ut
1425 3631 1583 3672 stesim-

285 3706 423 3753 brotus
438 3704 505 3743 ait.

1054 287 1476 376 STESnuBROTl
1513 326 1727 376 THASII
1763 328 2175 378 FRAGMENTA.

1643 3189 1745 3230 ‘rixa
1759 3190 1807 3230 iis
1821 3191 1923 3230 esset
1942 3200 2034 3229 cum
2050 3188 2221 3229 Hercule
2235 3187 2285 3227 de
2299 3186 2414 3226 donis
2423 3216 2436 3237 ,
2449 3197 2552 3237 quos
2566 3197 2591 3226 a
2606 3188 2746 3227 {asom
2760 3185 2956 3237 primun&

2270 455 2343 496 17.

1721 550 1875 595 Schol.
1896 551 2054 611 Apoll.
2075 552 2166 598 Rh.
2187 553 2236 608 Ι,
2264 550 2386 604 1304
2412 567 2423 594 z
2452 548 2781 614 Στησίμὸροτος
2801 548 2847 606 δέ
2870 569 2952 616 <pp
3002 565 3003 587 ἐ

1656 637 1722 665 σιν
1751 621 2006 683 (Boreadas
2027 623 2086 667 ab
2110 624 2316 668 Hercule
2346 623 2615 668 interfectos
2633 621 2755 686 esse)
2776 619 2841 670 ὅτι
2861 621 2939 687 δι
2942 660 2954 672 .

1657 690 1791 756 φορὰν
1825 691 1954 756 ἔσχον
1977 691 2082 758 πρὸς
2110 691 2183 740 τὸν
2215 691 2440 759 “Ηρακλέα
2463 693 2564 759 περὶ
2597 695 2683 741 τῶν
2718 694 2814 744 δεδο
2855 691 2872 710 ’

1657 763 1805 828 δώρων
1828 765 1912 812 ὑπὸ
1931 764 2124 821 Ἰάσονος
2142 772 2231 821 τοῖς
2254 768 2492 832 ἀριστεῦσι.

2184 885 2458 904 *000*—

2065 968 2215 1015 ΠΕΡΙ
2250 966 2547 1016 ὈΜΗΡΟΥ.

2266 1068 2344 1113 18.

1719 1169 1870 1213 Iriart.
1895 1171 1986 1216 Vit.
2006 1172 2149 1216 Hom.
2167 1186 2219 1230 p.
2245 1170 2368 1223 233:
2388 1167 2646 1231 Ἀντίμαχος
2661 1166 2938 1234 Κολοφώνίο.
2962 1190 2964 1197 2
3000 1161 3002 1163 ’

1653 1238 1984 1302 Στησίμὸροτος
2021 1239 2066 1286 δὲ
2095 1240 2344 1305 Σμυρναῖον
2382 1240 2475 1302 (τὸν
2507 1238 2714 1307 ῧΟμηρον
2737 1240 2955 1306 γεγονέν

1653 1311 1804 1377 φασί).
1843 1317 1898 1361 V.
1929 1315 2128 1360 Nitzsch.
2163 1316 2282 1360 Hist.
2309 1316 2454 1361 Hom.
2490 1316 2558 1372 ΙΙ,
2591 1330 2643 1376 p.
2671 1314 2750 1373 863
2775 1313 2904 1360 Welc
2919 1320 2963 1366 ..f
3002 1307 3006 1356 ἷ

1655 1389 1781 1447 Cycl.
1804 1404 1851 1447 p.
1875 1387 1983 1441 143.
2940 1401 2961 1447 ,ζ
3004 1399 3006 1401 ’

1720 1461 1876 1506 Schol.
1906 1460 1967 1505 ad
1999 1462 2144 1508 Hom.
2168 1461 2223 1505 Il.
2245 1461 2314 1520 A,
2341 1459 2435 1526 636
2459 1476 2470 1505 z
2499 1455 2651 1512 Ἄλλος
2682 1455 2764 1520 μὲν
2786 1457 2896 1522 μογέ
3004 1485 3006 1487 >

1653 1531 1980 1589 ἀποκινήσασκε
2003 1530 2219 1597 τραπέζης
2251 1532 2401 1578 πλεῖον
2427 1530 2494 1578 ἐὸν
2529 1532 2624 1594 (sc.
2657 1530 2707 1578 τὸ
2741 1530 2874 1587 δέπας

1653 1606 1863 1655 anteced.
1895 1606 2231 1669 descriptum),
2263 1603 2446 1669 Νέστωρ
2481 1604 2516 1651 δ’
2539 1607 2563 1651 ὁ
2594 1602 2731 1670 γέρων
2765 1603 2955 1667 ἀμογητὶ

1653 1674 1838 1745 ἄειρεν].
1869 1680 1963 1725 Cur
1994 1681 2241 1725 Nestorem
2262 1680 2558 1740 potissimum
2588 1686 2730 1739 poeta
2760 1678 2954 1736 dixerit,

1653 1761 1883 1812 quaerunt.
1917 1748 2243 1816 Στησίμὸροτος
2268 1749 2346 1813 μέν
2373 1768 2521 1816 φησιν,
2547 1747 2620 1797 ἵνα
2644 1750 2749 1814 δοκῇ
2780 1748 2957 1805 εἰκότως

1651 1821 1805 1879 πολλὰ,
1821 1821 1895 1881 ἔτη
1922 1820 2194 1887 βεὸιωκέναι·
2217 1823 2253 1869 εἷ
2276 1821 2361 1887 γὰρ
2384 1820 2656 1887 παραμόνιος
2671 1824 2700 1879 ἡ
2724 1823 2796 1886 ἷσχ
2807 1827 2868 1882 ὺς,
2882 1819 2957 1868 καὶ

1652 1898 1729 1962 οὐχ
1745 1895 1829 1944 ὑπὸ
1841 1896 1983 1962 γήρως
2004 1896 2300 1961 μεμάρανται,
2318 1895 2394 1943 καὶ
2407 1895 2462 1943 τὰ
2484 1900 2561 1954 τ’ῆς
2580 1897 2690 1953 ζωῆς
2706 1893 2880 1958 εὔλογον
2897 1885 2950 1942 εἶ’-

1651 1989 1722 2017 ναι
1737 1968 2047 2034 παραπλήσια·
2066 1968 2320 2035 Ἀντιφάνης
2340 1966 2384 2016 δὲ
2397 2005 2409 2027 ,
2429 1972 2477 2015 οὐ
2494 1967 2686 2032 περὶτῆς
2701 1966 2815 2015 κατὰ
2829 1973 2956 2033 χεῖρα

1656 2041 1895 2106 βαρύτητος
1927 2041 2070 2105 λέγει,
2104 2041 2200 2088 ἀλλ’
2225 2039 2290 2087 ὅτι
2319 2041 2398 2088 οὐκ
2426 2039 2692 2103 ἐμεθύσκετο
2727 2039 2957 2102 σημαίνει,

1654 2116 1750 2162 ἀλλ’
1787 2113 1908 2180 ἔφερε
1934 2113 2089 2180 ῥᾳδίως
2112 2113 2184 2161 τὸν
2216 2105 2341 2160 οἶνον·
2366 2115 2609 2167 Γλαῦκος
2631 2111 2678 2160 δὲ
2696 2149 2714 2175 .‚
2745 2111 2812 2160 ὅτι
2843 2110 2956 2160 και-ἂ

1655 2187 1883 2253 διάμετρον
1908 2185 2131 2248 ἐλάμὸανε
2144 2185 2204 2233 τὰ
2223 2177 2340 2245 εἶτα,
2362 2188 2413 2233 ἐκ
2438 2185 2572 2248 μέσου
2590 2184 2635 2233 δὲ
2654 2192 2742 2232 πᾶν
2763 2184 2956 2251 εὔφορον.

1653 2262 1853 2318 Eadem,
1883 2261 1965 2306 sed
1983 2276 2173 2318 manca,
2194 2261 2246 2305 in
2269 2260 2476 2306 Crameri
2493 2259 2675 2307 Anecd.
2698 2261 2840 2306 Paris.
2860 2260 2956 2307 vol.

1654 2335 1749 2390 ΙΙΙ,
1777 2350 1825 2394 p.
1851 2334 2014 2390 16,14.
2958 2388 2962 2393 ,

1719 2407 1796 2454 Id.
1819 2407 1884 2454 ib.
1912 2407 1984 2464 Φ,
2008 2406 2067 2463 76
2090 2422 2101 2450 z
2122 2403 2355 2469 Ἀποροῧσι
2374 2405 2466 2458 πῶς
2483 2405 2505 2451 ὃ
2521 2401 2726 2451 ἱκετεύων
2746 2399 2965 2466 (Lycaei

1654 2481 1797 2525 vitam
1828 2481 1888 2524 ab
1925 2480 2106 2525 Achille
2137 2477 2356 2541 precans)
2384 2476 2489 2543 πρὸς
2509 2475 2584 2524 τὸν
2614 2475 2823 2541 Ἀχιλλέα
2846 2468 2966 2542 ἔφηεί

1658 2571 1680 2591 α
1718 2548 1822 2615 Πὰρ
1853 2548 1939 2614 γὰρ
1959 2548 2028 2597 σοὶ
2055 2548 2216 2616 πρώτῳ
2245 2547 2459 2611 πασάμην
2480 2547 2735 2611 Δημήτερος
2755 2547 2911 2607 ἀκτήν.
2927 2573 2930 2581 ²
2948 2524 2981 2616 Ji

1653 2622 1717 2671 Τὸ
1740 2622 1824 2689 γὰρ
1852 2621 2011 2686 λέγειν,
2032 2622 2232 2687 καθάπερ
2253 2621 2605 2687 Στησίμὸροτος,
2629 2619 2695 2669 ὅτι
2712 2623 2754 2669 οἱ
2774 2613 2978 2688 papea-'5³

1656 2713 1720 2759 ροι
1734 2695 1895 2761 ἄλφιτα
1915 2696 1993 2742 οὔκ
2013 2694 2241 2753 ἐσθίουσιν,
2266 2696 2362 2742 ἀλλ’
2377 2693 2533 2760 ἄρτους
2547 2692 2775 2760 κριθίνους,
2790 2693 2955 2760 ψεῦδος.
2972 2715 2973 2718 “

1653 2770 1831 2814 Eadem
1853 2771 1903 2813 in
1926 2770 2132 2815 Crameri
2151 2771 2242 2815 An.
2263 2771 2370 2814 Par.
2397 2771 2471 2813 III
2485 2784 2575 2834 ².P·
2604 2784 2685 2825 27,
2712 2768 2788 2814 13.

1718 2842 1791 2888 Id.
1812 2843 1877 2887 ib.
1898 2838 1951 2887 O'
1969 2875 1983 2902 ,
2010 2841 2116 2902 193,
2141 2842 2248 2901 γαῖα
2273 2840 2308 2886 δ’
2332 2837 2396 2886 ἔτι
2413 2839 2530 2902 κτλ.]
2555 2837 2733 2902 Κράτης
2755 2839 2798 2885 ἐν
2819 2837 2857 2903 β’
2877 2836 2957 2886 ‘0-

1657 2915 1851 2978 μηρικῶν
1873 2911 1948 2960 καὶ
1975 2911 2303 2975 Στησίμὸροτος
2323 2910 2459 2964 οὕτως
2487 2911 2709 2959 δέδασται.

2274 3055 2292 3094 1
2300 3054 2325 3094 7
2332 3084 2343 3094 .

1707 3125 1991 3165 stesimhrotus
2002 3124 2056 3164 ait
2066 3123 2264 3164 Boreadas
2273 3123 2324 3162 ab
2334 3122 2505 3162 Hercule
2512 3121 2744 3163 interfectos
2751 3131 2835 3162 esse
2844 3118 2954 3172 quod

1657 3256 1907 3305 acceperant.

2114 3418 2197 3462 DE
2219 3416 2495 3461 HOMERO.

2269 3538 2339 3578 18.

1708 3624 1967 3667 Antimachus
1987 3603 2205 3664 Homerum
2221 3620 2340 3669 fuisse
2367 3619 2679 3671 Colophonium,
2706 3617 2957 3660 δῖοί-πώεα-

1655 3694 1721 3732 tus
1738 3694 1988 3741 Smyrnaeum
2008 3688 2117 3728 dicit.
