<?xml version="1.0" encoding="UTF-8"?>
<!DOCTYPE html PUBLIC "-//W3C//DTD XHTML 1.0 Transitional//EN"
    "http://www.w3.org/TR/xhtml1/DTD/xhtml1-transitional.dtd">
<html xmlns="http://www.w3.org/1999/xhtml" xml:lang="en" lang="en">
 <head>
  <title>
</title>
<meta http-equiv="Content-Type" content="text/html;charset=utf-8" />
  <meta name='ocr-system' content='tesseract 3.04.00' />
  <meta name='ocr-capabilities' content='ocr_page ocr_carea ocr_par ocr_line ocrx_word'/>
</head>
<body>
  <div class='ocr_page' id='page_1' title='image "./fragmentahistori02mueluoft/fragmentahistori02mueluoft_0395.png"; bbox 0 0 3016 4628; ppageno 0'>
   <div class='ocr_carea' id='block_1_1' title="bbox 0 1007 15 1636">
    <p class='ocr_par' dir='ltr' id='par_1_1' title="bbox 0 1007 15 1636">
     <span class='ocr_line' id='line_1_1' title="bbox 0 1007 15 1636; baseline 0 2992"><span class='ocrx_word' id='word_1_1' title='bbox 0 1007 15 1636; x_wconf 95' lang='lat' dir='ltr'> </span> 
     </span>
    </p>
   </div>
   <div class='ocr_carea' id='block_1_2' title="bbox 0 1802 15 2673">
    <p class='ocr_par' dir='ltr' id='par_1_2' title="bbox 0 1802 15 2673">
     <span class='ocr_line' id='line_1_2' title="bbox 0 1802 15 2673; baseline 0 0"><span class='ocrx_word' id='word_1_2' title='bbox 0 1802 15 2673; x_wconf 95' lang='lat' dir='ltr'> </span> 
     </span>
    </p>
   </div>
   <div class='ocr_carea' id='block_1_3' title="bbox 1093 289 2794 366">
    <p class='ocr_par' dir='ltr' id='par_1_3' title="bbox 1093 289 2794 366">
     <span class='ocr_line' id='line_1_3' title="bbox 1093 289 2794 366; baseline 0.014 -24"><span class='ocrx_word' id='word_1_3' title='bbox 1093 289 1509 348; x_wconf 73' lang='lat' dir='ltr'>MENECRATES</span> <span class='ocrx_word' id='word_1_4' title='bbox 1547 300 1883 352; x_wconf 83' lang='lat' dir='ltr'>XANTHIUS.</span> <span class='ocrx_word' id='word_1_5' title='bbox 2703 323 2794 366; x_wconf 75' lang='grc'>343</span> 
     </span>
    </p>
   </div>
   <div class='ocr_carea' id='block_1_4' title="bbox 419 453 1181 639">
    <p class='ocr_par' dir='ltr' id='par_1_4' title="bbox 419 453 1181 639">
     <span class='ocr_line' id='line_1_4' title="bbox 419 453 1181 500; baseline 0 0"><span class='ocrx_word' id='word_1_6' title='bbox 419 453 813 500; x_wconf 80' lang='lat' dir='ltr'><strong>MENECRATES</strong></span> <span class='ocrx_word' id='word_1_7' title='bbox 846 453 1181 500; x_wconf 75' lang='lat' dir='ltr'>xANTnms,</span> 
     </span>
     <span class='ocr_line' id='line_1_5' title="bbox 646 565 948 639; baseline 0.01 -25"><span class='ocrx_word' id='word_1_8' title='bbox 646 565 948 639; x_wconf 61' lang='lat' dir='ltr'>Arnum.</span> 
     </span>
    </p>
   </div>
   <div class='ocr_carea' id='block_1_5' title="bbox 778 697 820 725">
    <p class='ocr_par' dir='ltr' id='par_1_5' title="bbox 778 697 820 725">
     <span class='ocr_line' id='line_1_6' title="bbox 778 697 820 725; baseline 0 0"><span class='ocrx_word' id='word_1_9' title='bbox 778 697 820 725; x_wconf 90' lang='lat'>1.</span> 
     </span>
    </p>
   </div>
   <div class='ocr_carea' id='block_1_6' title="bbox 543 759 1040 843">
    <p class='ocr_par' dir='ltr' id='par_1_6' title="bbox 543 759 1040 843">
     <span class='ocr_line' id='line_1_7' title="bbox 543 759 1040 843; baseline -0.002 -1"><span class='ocrx_word' id='word_1_10' title='bbox 543 759 580 842; x_wconf 65' lang='lat' dir='ltr'>E</span> <span class='ocrx_word' id='word_1_11' title='bbox 614 796 797 842; x_wconf 87' lang='lat' dir='ltr'>LIBRO</span> <span class='ocrx_word' id='word_1_12' title='bbox 832 797 1040 843; x_wconf 85' lang='lat' dir='ltr'>PRIMO.</span> 
     </span>
    </p>
   </div>
   <div class='ocr_carea' id='block_1_7' title="bbox 138 903 1446 1335">
    <p class='ocr_par' dir='ltr' id='par_1_7' title="bbox 138 903 1446 1335">
     <span class='ocr_line' id='line_1_8' title="bbox 223 903 1446 974; baseline 0 -17"><span class='ocrx_word' id='word_1_13' title='bbox 223 912 379 974; x_wconf 89' lang='lat' dir='ltr'>Steph.</span> <span class='ocrx_word' id='word_1_14' title='bbox 400 911 508 970; x_wconf 87' lang='lat' dir='ltr'>Byz.</span> <span class='ocrx_word' id='word_1_15' title='bbox 539 924 550 953; x_wconf 75' lang='grc' dir='ltr'>ε</span> <span class='ocrx_word' id='word_1_16' title='bbox 579 906 890 972; x_wconf 84' lang='grc' dir='ltr'>Ἀρτύμνησος,</span> <span class='ocrx_word' id='word_1_17' title='bbox 909 907 1035 962; x_wconf 85' lang='grc' dir='ltr'>πόλις</span> <span class='ocrx_word' id='word_1_18' title='bbox 1059 903 1251 973; x_wconf 68' lang='grc' dir='ltr'>Λυκίας,</span> <span class='ocrx_word' id='word_1_19' title='bbox 1273 908 1446 964; x_wconf 85' lang='grc' dir='ltr'>ἄποικος</span> 
     </span>
     <span class='ocr_line' id='line_1_9' title="bbox 161 978 1445 1047; baseline -0.001 -17"><span class='ocrx_word' id='word_1_20' title='bbox 161 981 372 1032; x_wconf 82' lang='grc' dir='ltr'>Ξανθίων.</span> <span class='ocrx_word' id='word_1_21' title='bbox 408 980 458 1028; x_wconf 88' lang='grc' dir='ltr'>τὸ</span> <span class='ocrx_word' id='word_1_22' title='bbox 502 978 664 1028; x_wconf 85' lang='grc' dir='ltr'>ἐθνικὸν</span> <span class='ocrx_word' id='word_1_23' title='bbox 715 978 1046 1044; x_wconf 80' lang='grc' dir='ltr'>Ἀρτυμνησεύς.</span> <span class='ocrx_word' id='word_1_24' title='bbox 1088 981 1369 1047; x_wconf 83' lang='grc' dir='ltr'>Μενεκράτης</span> <span class='ocrx_word' id='word_1_25' title='bbox 1402 985 1445 1031; x_wconf 87' lang='grc' dir='ltr'>ἐν</span> 
     </span>
     <span class='ocr_line' id='line_1_10' title="bbox 155 1051 1445 1119; baseline -0.001 -16"><span class='ocrx_word' id='word_1_26' title='bbox 155 1051 303 1119; x_wconf 79' lang='grc' dir='ltr'>πρώτῃ</span> <span class='ocrx_word' id='word_1_27' title='bbox 345 1054 430 1099; x_wconf 82' lang='grc' dir='ltr'>τῶν</span> <span class='ocrx_word' id='word_1_28' title='bbox 465 1054 694 1100; x_wconf 83' lang='grc' dir='ltr'>Λυκιακῶν</span> <span class='ocrx_word' id='word_1_29' title='bbox 730 1051 859 1118; x_wconf 79' lang='grc' dir='ltr'>φησὶν</span> <span class='ocrx_word' id='word_1_30' title='bbox 883 1051 948 1100; x_wconf 87' lang='grc' dir='ltr'>ὅτι</span> <span class='ocrx_word' id='word_1_31' title='bbox 985 1054 1445 1119; x_wconf 84' lang='grc' dir='ltr'>πολυανθρωπήσασαν</span> 
     </span>
     <span class='ocr_line' id='line_1_11' title="bbox 154 1122 1443 1192; baseline 0.002 -21"><span class='ocrx_word' id='word_1_32' title='bbox 154 1123 232 1183; x_wconf 82' lang='grc' dir='ltr'>τὴν</span> <span class='ocrx_word' id='word_1_33' title='bbox 269 1122 437 1171; x_wconf 86' lang='grc' dir='ltr'>Ξάνθον</span> <span class='ocrx_word' id='word_1_34' title='bbox 476 1122 573 1177; x_wconf 77' lang='grc' dir='ltr'>τοὺς</span> <span class='ocrx_word' id='word_1_35' title='bbox 605 1123 852 1190; x_wconf 75' lang='grc' dir='ltr'>πρεσὸύτας</span> <span class='ocrx_word' id='word_1_36' title='bbox 888 1127 947 1180; x_wconf 88' lang='grc' dir='ltr'>εἰς</span> <span class='ocrx_word' id='word_1_37' title='bbox 984 1125 1082 1192; x_wconf 91' lang='grc' dir='ltr'>τρία</span> <span class='ocrx_word' id='word_1_38' title='bbox 1119 1125 1228 1192; x_wconf 87' lang='grc' dir='ltr'>μέρη</span> <span class='ocrx_word' id='word_1_39' title='bbox 1271 1127 1443 1174; x_wconf 84' lang='grc' dir='ltr'>διελεῖν·</span> 
     </span>
     <span class='ocr_line' id='line_1_12' title="bbox 154 1194 1446 1264; baseline 0.001 -20"><span class='ocrx_word' id='word_1_40' title='bbox 154 1194 316 1244; x_wconf 76' lang='grc' dir='ltr'>τούτων</span> <span class='ocrx_word' id='word_1_41' title='bbox 342 1194 388 1243; x_wconf 83' lang='grc' dir='ltr'>δὲ</span> <span class='ocrx_word' id='word_1_42' title='bbox 422 1194 501 1255; x_wconf 81' lang='grc' dir='ltr'>τὴν</span> <span class='ocrx_word' id='word_1_43' title='bbox 527 1195 604 1259; x_wconf 84' lang='grc' dir='ltr'>μὲν</span> <span class='ocrx_word' id='word_1_44' title='bbox 637 1196 708 1244; x_wconf 78' lang='grc' dir='ltr'>ἐπὶ</span> <span class='ocrx_word' id='word_1_45' title='bbox 732 1195 802 1244; x_wconf 80' lang='grc' dir='ltr'>τὸν</span> <span class='ocrx_word' id='word_1_46' title='bbox 830 1197 1002 1264; x_wconf 88' lang='grc' dir='ltr'>Κράγον</span> <span class='ocrx_word' id='word_1_47' title='bbox 1027 1200 1162 1247; x_wconf 81' lang='grc' dir='ltr'>ἐλθεῖν</span> <span class='ocrx_word' id='word_1_48' title='bbox 1190 1198 1263 1247; x_wconf 75' lang='grc' dir='ltr'>καὶ</span> <span class='ocrx_word' id='word_1_49' title='bbox 1286 1200 1446 1247; x_wconf 81' lang='grc' dir='ltr'>οἰκίσαι</span> 
     </span>
     <span class='ocr_line' id='line_1_13' title="bbox 138 1267 1443 1335; baseline 0.003 -20"><span class='ocrx_word' id='word_1_50' title='bbox 138 1269 196 1316; x_wconf 56' lang='grc' dir='ltr'>,ἐν</span> <span class='ocrx_word' id='word_1_51' title='bbox 236 1270 297 1333; x_wconf 80' lang='grc' dir='ltr'>τῷ</span> <span class='ocrx_word' id='word_1_52' title='bbox 332 1267 419 1334; x_wconf 83' lang='grc' dir='ltr'>ὄρει</span> <span class='ocrx_word' id='word_1_53' title='bbox 456 1267 586 1335; x_wconf 82' lang='grc' dir='ltr'>λόφον</span> <span class='ocrx_word' id='word_1_54' title='bbox 627 1268 886 1335; x_wconf 86' lang='grc' dir='ltr'>στρόγγυλον</span> <span class='ocrx_word' id='word_1_55' title='bbox 918 1270 1223 1335; x_wconf 84' lang='grc' dir='ltr'>[κατοικίσαι]</span> <span class='ocrx_word' id='word_1_56' title='bbox 1259 1271 1332 1319; x_wconf 83' lang='grc' dir='ltr'>καὶ</span> <span class='ocrx_word' id='word_1_57' title='bbox 1365 1291 1443 1319; x_wconf 87' lang='grc' dir='ltr'>κα·</span> 
     </span>
    </p>
   </div>
   <div class='ocr_carea' id='block_1_8' title="bbox 118 1339 1446 1410">
    <p class='ocr_par' dir='ltr' id='par_1_8' title="bbox 118 1339 1446 1410">
     <span class='ocr_line' id='line_1_14' title="bbox 118 1339 1446 1410; baseline 0.002 -22"><span class='ocrx_word' id='word_1_58' title='bbox 118 1392 123 1398; x_wconf 49' lang='lat'>,</span> <span class='ocrx_word' id='word_1_59' title='bbox 154 1339 276 1388; x_wconf 78' lang='grc' dir='ltr'>λέσαι</span> <span class='ocrx_word' id='word_1_60' title='bbox 301 1339 381 1399; x_wconf 82' lang='grc' dir='ltr'>τὴν</span> <span class='ocrx_word' id='word_1_61' title='bbox 401 1340 526 1393; x_wconf 86' lang='grc' dir='ltr'>πόλιν</span> <span class='ocrx_word' id='word_1_62' title='bbox 563 1341 780 1407; x_wconf 87' lang='grc' dir='ltr'>Πινάραν,</span> <span class='ocrx_word' id='word_1_63' title='bbox 804 1341 857 1401; x_wconf 77' lang='grc' dir='ltr'>ἣν</span> <span class='ocrx_word' id='word_1_64' title='bbox 883 1343 1272 1408; x_wconf 85' lang='grc' dir='ltr'>μεθερμηνεύεσθαι</span> <span class='ocrx_word' id='word_1_65' title='bbox 1297 1363 1446 1410; x_wconf 89' lang='grc' dir='ltr'>στρογ-</span> 
     </span>
    </p>
   </div>
   <div class='ocr_carea' id='block_1_9' title="bbox 149 1412 1443 1824">
    <p class='ocr_par' dir='ltr' id='par_1_9' title="bbox 151 1412 1441 1535">
     <span class='ocr_line' id='line_1_15' title="bbox 151 1412 1441 1481; baseline 0.002 -20"><span class='ocrx_word' id='word_1_66' title='bbox 151 1413 300 1477; x_wconf 81' lang='grc' dir='ltr'>γύλην.</span> <span class='ocrx_word' id='word_1_67' title='bbox 333 1413 404 1462; x_wconf 84' lang='grc' dir='ltr'>Τὰ</span> <span class='ocrx_word' id='word_1_68' title='bbox 424 1413 508 1479; x_wconf 83' lang='grc' dir='ltr'>γὰρ</span> <span class='ocrx_word' id='word_1_69' title='bbox 539 1412 779 1480; x_wconf 82' lang='grc' dir='ltr'>στρογγύλα</span> <span class='ocrx_word' id='word_1_70' title='bbox 807 1414 950 1462; x_wconf 89' lang='grc' dir='ltr'>πάντα</span> <span class='ocrx_word' id='word_1_71' title='bbox 984 1415 1138 1465; x_wconf 83' lang='grc' dir='ltr'>Λύκιοι</span> <span class='ocrx_word' id='word_1_72' title='bbox 1160 1415 1319 1481; x_wconf 89' lang='grc' dir='ltr'>πίναρα</span> <span class='ocrx_word' id='word_1_73' title='bbox 1357 1436 1441 1463; x_wconf 85' lang='grc' dir='ltr'>κα-</span> 
     </span>
     <span class='ocr_line' id='line_1_16' title="bbox 157 1487 319 1535; baseline -0.019 0"><span class='ocrx_word' id='word_1_74' title='bbox 157 1487 319 1535; x_wconf 76' lang='grc' dir='ltr'>λοῦσιν.</span> 
     </span>
    </p>

    <p class='ocr_par' dir='ltr' id='par_1_10' title="bbox 149 1558 1443 1824">
     <span class='ocr_line' id='line_1_17' title="bbox 215 1558 1439 1620; baseline 0 -13"><span class='ocrx_word' id='word_1_75' title='bbox 215 1564 318 1607; x_wconf 89' lang='lat' dir='ltr'>Vox</span> <span class='ocrx_word' id='word_1_76' title='bbox 362 1558 607 1607; x_wconf 84' lang='grc' dir='ltr'>κατοικίσαι</span> <span class='ocrx_word' id='word_1_77' title='bbox 653 1560 904 1620; x_wconf 86' lang='lat' dir='ltr'>ejicienda,</span> <span class='ocrx_word' id='word_1_78' title='bbox 950 1571 1141 1607; x_wconf 83' lang='lat' dir='ltr'>notante</span> <span class='ocrx_word' id='word_1_79' title='bbox 1203 1564 1439 1608; x_wconf 87' lang='lat' dir='ltr'>Salmasio.</span> 
     </span>
     <span class='ocr_line' id='line_1_18' title="bbox 152 1634 1436 1694; baseline -0.001 -15"><span class='ocrx_word' id='word_1_80' title='bbox 152 1634 366 1679; x_wconf 88' lang='lat' dir='ltr'>Ceterum</span> <span class='ocrx_word' id='word_1_81' title='bbox 386 1635 535 1694; x_wconf 88' lang='lat' dir='ltr'>ipsum</span> <span class='ocrx_word' id='word_1_82' title='bbox 545 1634 831 1693; x_wconf 85' lang='lat' dir='ltr'><strong>Stephanum</strong></span> <span class='ocrx_word' id='word_1_83' title='bbox 843 1636 1118 1679; x_wconf 80' lang='lat' dir='ltr'><strong>Menecratis</strong></span> <span class='ocrx_word' id='word_1_84' title='bbox 1137 1635 1294 1679; x_wconf 88' lang='lat' dir='ltr'>locum</span> <span class='ocrx_word' id='word_1_85' title='bbox 1318 1636 1436 1679; x_wconf 86' lang='lat' dir='ltr'>inte-</span> 
     </span>
     <span class='ocr_line' id='line_1_19' title="bbox 151 1706 1443 1767; baseline 0.003 -18"><span class='ocrx_word' id='word_1_86' title='bbox 151 1707 353 1766; x_wconf 82' lang='lat' dir='ltr'>griorem</span> <span class='ocrx_word' id='word_1_87' title='bbox 369 1706 547 1752; x_wconf 81' lang='lat' dir='ltr'><strong>dedisse</strong></span> <span class='ocrx_word' id='word_1_88' title='bbox 565 1714 708 1766; x_wconf 87' lang='lat' dir='ltr'>patet.</span> <span class='ocrx_word' id='word_1_89' title='bbox 727 1708 797 1752; x_wconf 91' lang='lat' dir='ltr'>De</span> <span class='ocrx_word' id='word_1_90' title='bbox 813 1708 1090 1767; x_wconf 85' lang='lat' dir='ltr'>Artymneso</span> <span class='ocrx_word' id='word_1_91' title='bbox 1114 1708 1233 1752; x_wconf 87' lang='lat' dir='ltr'>urbe</span> <span class='ocrx_word' id='word_1_92' title='bbox 1255 1708 1443 1753; x_wconf 83' lang='lat' dir='ltr'>aliunde</span> 
     </span>
     <span class='ocr_line' id='line_1_20' title="bbox 149 1787 457 1824; baseline 0 -2"><span class='ocrx_word' id='word_1_93' title='bbox 149 1794 244 1823; x_wconf 89' lang='lat' dir='ltr'>non</span> <span class='ocrx_word' id='word_1_94' title='bbox 267 1787 457 1824; x_wconf 86' lang='lat' dir='ltr'>constat.</span> 
     </span>
    </p>
   </div>
   <div class='ocr_carea' id='block_1_10' title="bbox 214 1888 1442 2045">
    <p class='ocr_par' dir='ltr' id='par_1_11' title="bbox 214 1888 1442 2045">
     <span class='ocr_line' id='line_1_21' title="bbox 771 1888 816 1918; baseline -0.022 0"><span class='ocrx_word' id='word_1_95' title='bbox 771 1888 816 1918; x_wconf 82' lang='lat'>2.</span> 
     </span>
     <span class='ocr_line' id='line_1_22' title="bbox 214 1978 1442 2045; baseline 0.002 -21"><span class='ocrx_word' id='word_1_96' title='bbox 214 1981 477 2026; x_wconf 88' lang='lat' dir='ltr'>Antoninus</span> <span class='ocrx_word' id='word_1_97' title='bbox 507 1981 709 2027; x_wconf 84' lang='lat' dir='ltr'>Liberal.</span> <span class='ocrx_word' id='word_1_98' title='bbox 741 1995 782 2026; x_wconf 90' lang='lat' dir='ltr'>c.</span> <span class='ocrx_word' id='word_1_99' title='bbox 813 1980 873 2026; x_wconf 86' lang='lat'>35</span> <span class='ocrx_word' id='word_1_100' title='bbox 909 1997 920 2025; x_wconf 72' lang='grc' dir='ltr'><strong><em>ε</em></strong></span> <span class='ocrx_word' id='word_1_101' title='bbox 955 1978 1137 2045; x_wconf 86' lang='grc' dir='ltr'>Ἱστορεῖ</span> <span class='ocrx_word' id='word_1_102' title='bbox 1162 1978 1442 2044; x_wconf 86' lang='grc' dir='ltr'>Μενεκράτης</span> 
     </span>
    </p>
   </div>
   <div class='ocr_carea' id='block_1_11' title="bbox 149 2049 1442 2190">
    <p class='ocr_par' dir='ltr' id='par_1_12' title="bbox 149 2049 1442 2190">
     <span class='ocr_line' id='line_1_23' title="bbox 149 2049 1440 2117; baseline -0.001 -18"><span class='ocrx_word' id='word_1_103' title='bbox 149 2049 330 2105; x_wconf 80' lang='grc' dir='ltr'>Ξάνθιος</span> <span class='ocrx_word' id='word_1_104' title='bbox 354 2051 586 2105; x_wconf 83' lang='grc' dir='ltr'>Λυκιακοῒς</span> <span class='ocrx_word' id='word_1_105' title='bbox 615 2050 690 2099; x_wconf 82' lang='grc' dir='ltr'>καὶ</span> <span class='ocrx_word' id='word_1_106' title='bbox 722 2050 977 2117; x_wconf 88' lang='grc' dir='ltr'>Νίκανδρος.</span> <span class='ocrx_word' id='word_1_107' title='bbox 1011 2050 1160 2110; x_wconf 84' lang='grc' dir='ltr'>Λητὼ,</span> <span class='ocrx_word' id='word_1_108' title='bbox 1182 2051 1275 2100; x_wconf 72' lang='grc' dir='ltr'>ἐπεὶ</span> <span class='ocrx_word' id='word_1_109' title='bbox 1299 2051 1440 2099; x_wconf 84' lang='grc' dir='ltr'>ἔτεκεν</span> 
     </span>
     <span class='ocr_line' id='line_1_24' title="bbox 149 2121 1442 2190; baseline 0.001 -20"><span class='ocrx_word' id='word_1_110' title='bbox 149 2121 401 2170; x_wconf 83' lang='grc' dir='ltr'>Ἀπόλλωνα</span> <span class='ocrx_word' id='word_1_111' title='bbox 420 2124 495 2170; x_wconf 75' lang='grc' dir='ltr'>καὶ</span> <span class='ocrx_word' id='word_1_112' title='bbox 513 2121 715 2188; x_wconf 79' lang='grc' dir='ltr'>Ἄρτεμιν</span> <span class='ocrx_word' id='word_1_113' title='bbox 740 2126 782 2171; x_wconf 93' lang='grc' dir='ltr'>ἐν</span> <span class='ocrx_word' id='word_1_114' title='bbox 801 2123 998 2190; x_wconf 75' lang='grc' dir='ltr'>Ἀστερία</span> <span class='ocrx_word' id='word_1_115' title='bbox 1018 2128 1072 2189; x_wconf 82' lang='grc' dir='ltr'>τῇ</span> <span class='ocrx_word' id='word_1_116' title='bbox 1097 2124 1240 2189; x_wconf 84' lang='grc' dir='ltr'>νήσῳ,</span> <span class='ocrx_word' id='word_1_117' title='bbox 1265 2123 1442 2189; x_wconf 84' lang='grc' dir='ltr'>ἀφίκετο</span> 
     </span>
    </p>
   </div>
   <div class='ocr_carea' id='block_1_12' title="bbox 10 2194 1440 2623">
    <p class='ocr_par' dir='ltr' id='par_1_13' title="bbox 10 2194 1440 2623">
     <span class='ocr_line' id='line_1_25' title="bbox 100 2194 1439 2261; baseline 0.001 -19"><span class='ocrx_word' id='word_1_118' title='bbox 100 2227 102 2233; x_wconf 88' lang='grc'><strong>-</strong></span> <span class='ocrx_word' id='word_1_119' title='bbox 148 2196 207 2248; x_wconf 83' lang='grc' dir='ltr'>εἰς</span> <span class='ocrx_word' id='word_1_120' title='bbox 229 2194 394 2244; x_wconf 84' lang='grc' dir='ltr'>Λυκίαν</span> <span class='ocrx_word' id='word_1_121' title='bbox 418 2195 703 2261; x_wconf 81' lang='grc' dir='ltr'>ἐπιφερομένη</span> <span class='ocrx_word' id='word_1_122' title='bbox 720 2195 816 2250; x_wconf 79' lang='grc' dir='ltr'>τοὺς</span> <span class='ocrx_word' id='word_1_123' title='bbox 831 2197 990 2251; x_wconf 87' lang='grc' dir='ltr'>παῖδας</span> <span class='ocrx_word' id='word_1_124' title='bbox 1017 2195 1087 2244; x_wconf 87' lang='grc' dir='ltr'>ἐπὶ</span> <span class='ocrx_word' id='word_1_125' title='bbox 1109 2195 1165 2244; x_wconf 85' lang='grc' dir='ltr'>τὰ</span> <span class='ocrx_word' id='word_1_126' title='bbox 1187 2196 1348 2261; x_wconf 86' lang='grc' dir='ltr'>λουτρὰ</span> <span class='ocrx_word' id='word_1_127' title='bbox 1366 2200 1439 2244; x_wconf 79' lang='grc' dir='ltr'>τοῦ</span> 
     </span>
     <span class='ocr_line' id='line_1_26' title="bbox 148 2266 1440 2333; baseline 0.001 -17.936"><span class='ocrx_word' id='word_1_128' title='bbox 148 2266 345 2315; x_wconf 85' lang='grc' dir='ltr'>Ξάνθου·</span> <span class='ocrx_word' id='word_1_129' title='bbox 380 2267 455 2315; x_wconf 78' lang='grc' dir='ltr'>καὶ</span> <span class='ocrx_word' id='word_1_130' title='bbox 492 2268 588 2315; x_wconf 74' lang='grc' dir='ltr'>ἐπεὶ</span> <span class='ocrx_word' id='word_1_131' title='bbox 625 2266 810 2333; x_wconf 83' lang='grc' dir='ltr'>τάχιστα</span> <span class='ocrx_word' id='word_1_132' title='bbox 847 2267 1015 2332; x_wconf 81' lang='grc' dir='ltr'>ἐγένετο</span> <span class='ocrx_word' id='word_1_133' title='bbox 1045 2270 1089 2316; x_wconf 86' lang='grc' dir='ltr'>ἐν</span> <span class='ocrx_word' id='word_1_134' title='bbox 1112 2272 1166 2333; x_wconf 76' lang='grc' dir='ltr'>τῇ</span> <span class='ocrx_word' id='word_1_135' title='bbox 1200 2271 1256 2332; x_wconf 81' lang='grc' dir='ltr'>γῇ</span> <span class='ocrx_word' id='word_1_136' title='bbox 1280 2267 1440 2333; x_wconf 85' lang='grc' dir='ltr'>ταύτῃ,</span> 
     </span>
     <span class='ocr_line' id='line_1_27' title="bbox 76 2330 1440 2408; baseline 0.001 -22"><span class='ocrx_word' id='word_1_137' title='bbox 76 2330 81 2355; x_wconf 64' lang='lat'><strong>²</strong></span> <span class='ocrx_word' id='word_1_138' title='bbox 148 2340 318 2404; x_wconf 87' lang='grc' dir='ltr'>ἐνέτυχε</span> <span class='ocrx_word' id='word_1_139' title='bbox 352 2343 504 2405; x_wconf 79' lang='grc' dir='ltr'>πρῶτα</span> <span class='ocrx_word' id='word_1_140' title='bbox 528 2340 700 2406; x_wconf 83' lang='grc' dir='ltr'>Μελίτῃ</span> <span class='ocrx_word' id='word_1_141' title='bbox 731 2341 894 2406; x_wconf 83' lang='grc' dir='ltr'>κρήνῃ·</span> <span class='ocrx_word' id='word_1_142' title='bbox 919 2341 993 2389; x_wconf 79' lang='grc' dir='ltr'>καὶ</span> <span class='ocrx_word' id='word_1_143' title='bbox 1023 2346 1306 2406; x_wconf 87' lang='grc' dir='ltr'>προεθυμεῖτο</span> <span class='ocrx_word' id='word_1_144' title='bbox 1339 2342 1440 2408; x_wconf 83' lang='grc' dir='ltr'>πρὶν</span> 
     </span>
     <span class='ocr_line' id='line_1_28' title="bbox 147 2411 1438 2472; baseline 0.003 -11.731"><span class='ocrx_word' id='word_1_145' title='bbox 147 2411 220 2460; x_wconf 77' lang='grc' dir='ltr'>ἐπὶ</span> <span class='ocrx_word' id='word_1_146' title='bbox 237 2412 307 2459; x_wconf 80' lang='grc' dir='ltr'>τὸν</span> <span class='ocrx_word' id='word_1_147' title='bbox 324 2412 492 2460; x_wconf 86' lang='grc' dir='ltr'>Ξάνθον</span> <span class='ocrx_word' id='word_1_148' title='bbox 511 2415 666 2472; x_wconf 85' lang='grc' dir='ltr'>ἐλθεῖν,</span> <span class='ocrx_word' id='word_1_149' title='bbox 689 2415 881 2462; x_wconf 82' lang='grc' dir='ltr'>ἐνταυθοῖ</span> <span class='ocrx_word' id='word_1_150' title='bbox 895 2414 990 2468; x_wconf 64' lang='grc' dir='ltr'>τοὺς</span> <span class='ocrx_word' id='word_1_151' title='bbox 1006 2415 1164 2468; x_wconf 88' lang='grc' dir='ltr'>παῖδας</span> <span class='ocrx_word' id='word_1_152' title='bbox 1184 2415 1438 2464; x_wconf 73' lang='grc' dir='ltr'>ἀπολοῦσαι.</span> 
     </span>
     <span class='ocr_line' id='line_1_29' title="bbox 147 2483 1436 2553; baseline -0.002 -18.224"><span class='ocrx_word' id='word_1_153' title='bbox 147 2483 277 2535; x_wconf 72' lang='grc' dir='ltr'>Ἐπεὶ</span> <span class='ocrx_word' id='word_1_154' title='bbox 311 2485 350 2532; x_wconf 88' lang='grc' dir='ltr'>δ’</span> <span class='ocrx_word' id='word_1_155' title='bbox 381 2485 516 2544; x_wconf 77' lang='grc' dir='ltr'>αὐτὴν</span> <span class='ocrx_word' id='word_1_156' title='bbox 547 2485 760 2544; x_wconf 80' lang='grc' dir='ltr'>ἐξήλασαν</span> <span class='ocrx_word' id='word_1_157' title='bbox 796 2486 943 2553; x_wconf 84' lang='grc' dir='ltr'>ἄνδρες</span> <span class='ocrx_word' id='word_1_158' title='bbox 979 2486 1202 2551; x_wconf 84' lang='grc' dir='ltr'>βουκόλοι,</span> <span class='ocrx_word' id='word_1_159' title='bbox 1234 2485 1350 2540; x_wconf 84' lang='grc' dir='ltr'>ὅπως</span> <span class='ocrx_word' id='word_1_160' title='bbox 1385 2486 1436 2533; x_wconf 80' lang='grc' dir='ltr'>ἂν</span> 
     </span>
     <span class='ocr_line' id='line_1_30' title="bbox 10 2548 1438 2623; baseline 0.001 -18"><span class='ocrx_word' id='word_1_161' title='bbox 10 2563 11 2584; x_wconf 65' lang='lat'><em>²</em></span> <span class='ocrx_word' id='word_1_162' title='bbox 78 2548 82 2576; x_wconf 29' lang='grc' dir='ltr'><strong>Ἴ</strong></span> <span class='ocrx_word' id='word_1_163' title='bbox 111 2553 115 2556; x_wconf 53' lang='grc'><strong>’</strong></span> <span class='ocrx_word' id='word_1_164' title='bbox 147 2558 290 2612; x_wconf 76' lang='grc' dir='ltr'>αὐτοῖς</span> <span class='ocrx_word' id='word_1_165' title='bbox 325 2559 364 2606; x_wconf 83' lang='grc' dir='ltr'>οἱ</span> <span class='ocrx_word' id='word_1_166' title='bbox 401 2557 495 2622; x_wconf 88' lang='grc' dir='ltr'>βόες</span> <span class='ocrx_word' id='word_1_167' title='bbox 525 2559 574 2606; x_wconf 88' lang='grc' dir='ltr'>ἐκ</span> <span class='ocrx_word' id='word_1_168' title='bbox 599 2561 677 2616; x_wconf 75' lang='grc' dir='ltr'>τῆς</span> <span class='ocrx_word' id='word_1_169' title='bbox 711 2557 870 2623; x_wconf 81' lang='grc' dir='ltr'>κρήνης</span> <span class='ocrx_word' id='word_1_170' title='bbox 904 2558 1078 2621; x_wconf 86' lang='grc' dir='ltr'>πίωσιν,</span> <span class='ocrx_word' id='word_1_171' title='bbox 1113 2558 1438 2607; x_wconf 85' lang='grc' dir='ltr'>ἀπαλλάττεται</span> 
     </span>
    </p>
   </div>
   <div class='ocr_carea' id='block_1_13' title="bbox 147 2629 1435 2690">
    <p class='ocr_par' dir='ltr' id='par_1_14' title="bbox 147 2629 1435 2690">
     <span class='ocr_line' id='line_1_31' title="bbox 147 2629 1435 2690; baseline 0.002 -12"><span class='ocrx_word' id='word_1_172' title='bbox 147 2631 447 2678; x_wconf 77' lang='grc' dir='ltr'>καταλιποῦσα</span> <span class='ocrx_word' id='word_1_173' title='bbox 470 2629 547 2688; x_wconf 83' lang='grc' dir='ltr'>τὴν</span> <span class='ocrx_word' id='word_1_174' title='bbox 572 2630 766 2690; x_wconf 91' lang='grc' dir='ltr'>Μελίτην</span> <span class='ocrx_word' id='word_1_175' title='bbox 786 2634 812 2689; x_wconf 85' lang='grc' dir='ltr'>ἡ</span> <span class='ocrx_word' id='word_1_176' title='bbox 838 2630 986 2690; x_wconf 84' lang='grc' dir='ltr'>Λητώ.</span> <span class='ocrx_word' id='word_1_177' title='bbox 1010 2630 1147 2680; x_wconf 85' lang='grc' dir='ltr'>Λύκοι</span> <span class='ocrx_word' id='word_1_178' title='bbox 1168 2631 1212 2679; x_wconf 84' lang='grc' dir='ltr'>δὲ</span> <span class='ocrx_word' id='word_1_179' title='bbox 1232 2631 1435 2680; x_wconf 88' lang='grc' dir='ltr'>συναντό-</span> 
     </span>
    </p>
   </div>
   <div class='ocr_carea' id='block_1_14' title="bbox 1519 408 2806 1270">
    <p class='ocr_par' dir='ltr' id='par_1_15' title="bbox 1519 408 2806 1270">
     <span class='ocr_line' id='line_1_32' title="bbox 1521 408 2797 475; baseline 0.014 -22"><span class='ocrx_word' id='word_1_180' title='bbox 1521 426 1593 470; x_wconf 90' lang='grc' dir='ltr'>γον</span> <span class='ocrx_word' id='word_1_181' title='bbox 1624 408 1726 473; x_wconf 82' lang='grc' dir='ltr'>ἄχρι</span> <span class='ocrx_word' id='word_1_182' title='bbox 1751 410 1854 473; x_wconf 75' lang='grc' dir='ltr'>πρὸς</span> <span class='ocrx_word' id='word_1_183' title='bbox 1878 411 1947 458; x_wconf 81' lang='grc' dir='ltr'>τὸν</span> <span class='ocrx_word' id='word_1_184' title='bbox 1972 415 2163 475; x_wconf 80' lang='grc' dir='ltr'>ποταμὸν</span> <span class='ocrx_word' id='word_1_185' title='bbox 2200 417 2329 474; x_wconf 77' lang='grc' dir='ltr'>αὐτὴν</span> <span class='ocrx_word' id='word_1_186' title='bbox 2358 419 2426 467; x_wconf 77' lang='grc' dir='ltr'>τὸν</span> <span class='ocrx_word' id='word_1_187' title='bbox 2455 422 2635 470; x_wconf 83' lang='grc' dir='ltr'>Ξάνθον.</span> <span class='ocrx_word' id='word_1_188' title='bbox 2670 424 2722 473; x_wconf 83' lang='grc' dir='ltr'><em>Ἡ</em></span> <span class='ocrx_word' id='word_1_189' title='bbox 2754 426 2797 472; x_wconf 80' lang='grc' dir='ltr'>δὲ</span> 
     </span>
     <span class='ocr_line' id='line_1_33' title="bbox 1520 481 2798 553; baseline 0.016 -29"><span class='ocrx_word' id='word_1_190' title='bbox 1520 483 1677 526; x_wconf 75' lang='grc' dir='ltr'>πιοῦσα</span> <span class='ocrx_word' id='word_1_191' title='bbox 1702 485 1776 527; x_wconf 78' lang='grc' dir='ltr'>τοῦ</span> <span class='ocrx_word' id='word_1_192' title='bbox 1801 481 1953 535; x_wconf 79' lang='grc' dir='ltr'>ὕδατος</span> <span class='ocrx_word' id='word_1_193' title='bbox 1988 485 2061 530; x_wconf 73' lang='grc' dir='ltr'>καὶ</span> <span class='ocrx_word' id='word_1_194' title='bbox 2096 488 2372 537; x_wconf 81' lang='grc' dir='ltr'>ἀπολούσασα</span> <span class='ocrx_word' id='word_1_195' title='bbox 2398 495 2492 546; x_wconf 82' lang='grc' dir='ltr'>τοὺς</span> <span class='ocrx_word' id='word_1_196' title='bbox 2519 496 2699 553; x_wconf 83' lang='grc' dir='ltr'>παῖδας,</span> <span class='ocrx_word' id='word_1_197' title='bbox 2726 497 2798 543; x_wconf 80' lang='grc' dir='ltr'>τὸν</span> 
     </span>
     <span class='ocr_line' id='line_1_34' title="bbox 1523 549 2799 629; baseline 0.014 -33"><span class='ocrx_word' id='word_1_198' title='bbox 1523 549 1599 612; x_wconf 81' lang='grc' dir='ltr'>μὲν</span> <span class='ocrx_word' id='word_1_199' title='bbox 1625 551 1793 599; x_wconf 88' lang='grc' dir='ltr'>Ξάνθον</span> <span class='ocrx_word' id='word_1_200' title='bbox 1826 554 1936 617; x_wconf 80' lang='grc' dir='ltr'>ἱερὸν</span> <span class='ocrx_word' id='word_1_201' title='bbox 1971 556 2187 611; x_wconf 79' lang='grc' dir='ltr'>ἀπέδειξεν</span> <span class='ocrx_word' id='word_1_202' title='bbox 2215 558 2479 618; x_wconf 82' lang='grc' dir='ltr'>Ἀπόλλωνος</span> <span class='ocrx_word' id='word_1_203' title='bbox 2498 601 2510 625; x_wconf 83' lang='lat'>‚</span> <span class='ocrx_word' id='word_1_204' title='bbox 2537 565 2612 622; x_wconf 62' lang='grc' dir='ltr'>τὴν</span> <span class='ocrx_word' id='word_1_205' title='bbox 2646 566 2687 612; x_wconf 83' lang='grc' dir='ltr'>δὲ</span> <span class='ocrx_word' id='word_1_206' title='bbox 2719 570 2799 629; x_wconf 74' lang='grc' dir='ltr'>γῆν</span> 
     </span>
     <span class='ocr_line' id='line_1_35' title="bbox 1520 624 2801 696; baseline 0.01 -24"><span class='ocrx_word' id='word_1_207' title='bbox 1520 624 1756 687; x_wconf 87' lang='grc' dir='ltr'>Τριμιλίδα</span> <span class='ocrx_word' id='word_1_208' title='bbox 1786 626 2020 689; x_wconf 85' lang='grc' dir='ltr'>λεγομένην</span> <span class='ocrx_word' id='word_1_209' title='bbox 2058 630 2222 677; x_wconf 86' lang='grc' dir='ltr'>Λυκίαν</span> <span class='ocrx_word' id='word_1_210' title='bbox 2255 634 2555 696; x_wconf 85' lang='grc' dir='ltr'>μετωνόμασεν</span> <span class='ocrx_word' id='word_1_211' title='bbox 2595 638 2681 684; x_wconf 84' lang='grc' dir='ltr'>ἀπὸ</span> <span class='ocrx_word' id='word_1_212' title='bbox 2718 641 2801 685; x_wconf 83' lang='grc' dir='ltr'>τῶν</span> 
     </span>
     <span class='ocr_line' id='line_1_36' title="bbox 1521 696 2803 770; baseline 0.012 -29"><span class='ocrx_word' id='word_1_213' title='bbox 1521 696 1892 759; x_wconf 82' lang='grc' dir='ltr'>καθηγησαμένων</span> <span class='ocrx_word' id='word_1_214' title='bbox 1920 699 2078 748; x_wconf 86' lang='grc' dir='ltr'>λύκων.</span> <span class='ocrx_word' id='word_1_215' title='bbox 2105 701 2209 748; x_wconf 82' lang='grc' dir='ltr'>Ἐπὶ</span> <span class='ocrx_word' id='word_1_216' title='bbox 2231 703 2273 749; x_wconf 81' lang='grc' dir='ltr'>δὲ</span> <span class='ocrx_word' id='word_1_217' title='bbox 2294 703 2369 761; x_wconf 78' lang='grc' dir='ltr'>τὴν</span> <span class='ocrx_word' id='word_1_218' title='bbox 2401 707 2560 770; x_wconf 79' lang='grc' dir='ltr'>κρήνην</span> <span class='ocrx_word' id='word_1_219' title='bbox 2581 701 2697 768; x_wconf 71' lang='grc' dir='ltr'>αὖτις</span> <span class='ocrx_word' id='word_1_220' title='bbox 2716 709 2803 764; x_wconf 80' lang='grc' dir='ltr'>ἐξί-</span> 
     </span>
     <span class='ocr_line' id='line_1_37' title="bbox 1521 768 2805 843; baseline 0.011 -29"><span class='ocrx_word' id='word_1_221' title='bbox 1521 786 1641 827; x_wconf 90' lang='grc' dir='ltr'>κετο,</span> <span class='ocrx_word' id='word_1_222' title='bbox 1667 768 1788 827; x_wconf 87' lang='grc' dir='ltr'>δίκην</span> <span class='ocrx_word' id='word_1_223' title='bbox 1814 770 2082 818; x_wconf 77' lang='grc' dir='ltr'>ἐπιὸαλοῧσα</span> <span class='ocrx_word' id='word_1_224' title='bbox 2103 776 2189 826; x_wconf 86' lang='grc' dir='ltr'>τοῖς</span> <span class='ocrx_word' id='word_1_225' title='bbox 2213 775 2476 823; x_wconf 85' lang='grc' dir='ltr'>ἀπελάσασιν</span> <span class='ocrx_word' id='word_1_226' title='bbox 2500 779 2633 836; x_wconf 73' lang='grc' dir='ltr'>αὐτὴν</span> <span class='ocrx_word' id='word_1_227' title='bbox 2656 782 2805 843; x_wconf 77' lang='grc' dir='ltr'>βουκό-</span> 
     </span>
     <span class='ocr_line' id='line_1_38' title="bbox 1520 839 2805 913; baseline 0.011 -28"><span class='ocrx_word' id='word_1_228' title='bbox 1520 839 1630 893; x_wconf 87' lang='grc' dir='ltr'>λοις·</span> <span class='ocrx_word' id='word_1_229' title='bbox 1655 840 1729 887; x_wconf 86' lang='grc' dir='ltr'>καὶ</span> <span class='ocrx_word' id='word_1_230' title='bbox 1754 843 1793 888; x_wconf 81' lang='grc' dir='ltr'>οἳ</span> <span class='ocrx_word' id='word_1_231' title='bbox 1819 842 1897 903; x_wconf 81' lang='grc' dir='ltr'>μὲν</span> <span class='ocrx_word' id='word_1_232' title='bbox 1925 843 2183 892; x_wconf 80' lang='grc' dir='ltr'>ἀπελούοντο</span> <span class='ocrx_word' id='word_1_233' title='bbox 2206 845 2266 892; x_wconf 85' lang='grc' dir='ltr'>ἔτι</span> <span class='ocrx_word' id='word_1_234' title='bbox 2287 846 2405 910; x_wconf 86' lang='grc' dir='ltr'>παρὰ</span> <span class='ocrx_word' id='word_1_235' title='bbox 2424 847 2499 905; x_wconf 76' lang='grc' dir='ltr'>τὴν</span> <span class='ocrx_word' id='word_1_236' title='bbox 2523 850 2681 913; x_wconf 82' lang='grc' dir='ltr'>κρήνην</span> <span class='ocrx_word' id='word_1_237' title='bbox 2707 852 2805 905; x_wconf 82' lang='grc' dir='ltr'>τοὺς</span> 
     </span>
     <span class='ocr_line' id='line_1_39' title="bbox 1523 912 2805 987; baseline 0.01 -29"><span class='ocrx_word' id='word_1_238' title='bbox 1523 914 1645 975; x_wconf 77' lang='grc' dir='ltr'>βοῦς·</span> <span class='ocrx_word' id='word_1_239' title='bbox 1671 912 1804 971; x_wconf 86' lang='grc' dir='ltr'>Λητὼ</span> <span class='ocrx_word' id='word_1_240' title='bbox 1834 913 1877 962; x_wconf 81' lang='grc' dir='ltr'>δὲ</span> <span class='ocrx_word' id='word_1_241' title='bbox 1903 916 2208 978; x_wconf 76' lang='grc' dir='ltr'>μεταὸαλοῦσα</span> <span class='ocrx_word' id='word_1_242' title='bbox 2244 918 2407 974; x_wconf 87' lang='grc' dir='ltr'>πάντας</span> <span class='ocrx_word' id='word_1_243' title='bbox 2437 920 2606 979; x_wconf 84' lang='grc' dir='ltr'>ἐποίησε</span> <span class='ocrx_word' id='word_1_244' title='bbox 2641 925 2805 987; x_wconf 79' lang='grc' dir='ltr'>βατρά-</span> 
     </span>
     <span class='ocr_line' id='line_1_40' title="bbox 1519 986 2806 1054; baseline 0.009 -23"><span class='ocrx_word' id='word_1_245' title='bbox 1519 1002 1642 1047; x_wconf 82' lang='grc' dir='ltr'>χους·</span> <span class='ocrx_word' id='word_1_246' title='bbox 1676 986 1750 1032; x_wconf 81' lang='grc' dir='ltr'>καὶ</span> <span class='ocrx_word' id='word_1_247' title='bbox 1784 986 1889 1053; x_wconf 83' lang='grc' dir='ltr'>λίθῳ</span> <span class='ocrx_word' id='word_1_248' title='bbox 1926 995 2081 1054; x_wconf 87' lang='grc' dir='ltr'>τραχεῖ</span> <span class='ocrx_word' id='word_1_249' title='bbox 2115 989 2333 1038; x_wconf 81' lang='grc' dir='ltr'>τύπτουσα</span> <span class='ocrx_word' id='word_1_250' title='bbox 2370 991 2424 1038; x_wconf 77' lang='grc' dir='ltr'>τὰ</span> <span class='ocrx_word' id='word_1_251' title='bbox 2461 995 2573 1040; x_wconf 81' lang='grc' dir='ltr'>νῶτα</span> <span class='ocrx_word' id='word_1_252' title='bbox 2608 994 2680 1041; x_wconf 81' lang='grc' dir='ltr'>καὶ</span> <span class='ocrx_word' id='word_1_253' title='bbox 2712 996 2806 1049; x_wconf 69' lang='grc' dir='ltr'>τοὺς</span> 
     </span>
     <span class='ocr_line' id='line_1_41' title="bbox 1520 1055 2803 1128; baseline 0.007 -25"><span class='ocrx_word' id='word_1_254' title='bbox 1520 1055 1663 1119; x_wconf 83' lang='grc' dir='ltr'>ὤμους</span> <span class='ocrx_word' id='word_1_255' title='bbox 1682 1058 1896 1107; x_wconf 74' lang='grc' dir='ltr'>κατέὸαλε</span> <span class='ocrx_word' id='word_1_256' title='bbox 1923 1060 2087 1116; x_wconf 82' lang='grc' dir='ltr'>πάντας</span> <span class='ocrx_word' id='word_1_257' title='bbox 2104 1064 2162 1117; x_wconf 87' lang='grc' dir='ltr'>εἰς</span> <span class='ocrx_word' id='word_1_258' title='bbox 2185 1062 2263 1122; x_wconf 75' lang='grc' dir='ltr'>τὴν</span> <span class='ocrx_word' id='word_1_259' title='bbox 2286 1063 2463 1128; x_wconf 83' lang='grc' dir='ltr'>κρήνην,</span> <span class='ocrx_word' id='word_1_260' title='bbox 2488 1065 2562 1112; x_wconf 77' lang='grc' dir='ltr'>καὶ</span> <span class='ocrx_word' id='word_1_261' title='bbox 2587 1067 2674 1128; x_wconf 85' lang='grc' dir='ltr'>βίον</span> <span class='ocrx_word' id='word_1_262' title='bbox 2701 1067 2803 1114; x_wconf 79' lang='grc' dir='ltr'>ἔδω·</span> 
     </span>
     <span class='ocr_line' id='line_1_42' title="bbox 1520 1132 2806 1203; baseline 0.009 -27"><span class='ocrx_word' id='word_1_263' title='bbox 1520 1148 1590 1176; x_wconf 88' lang='grc' dir='ltr'>κεν</span> <span class='ocrx_word' id='word_1_264' title='bbox 1613 1132 1756 1186; x_wconf 84' lang='grc' dir='ltr'>αὐτοῖς</span> <span class='ocrx_word' id='word_1_265' title='bbox 1778 1136 1876 1180; x_wconf 88' lang='grc' dir='ltr'>καθ’</span> <span class='ocrx_word' id='word_1_266' title='bbox 1899 1132 2067 1189; x_wconf 81' lang='grc' dir='ltr'>ὕδατος.</span> <span class='ocrx_word' id='word_1_267' title='bbox 2093 1138 2150 1183; x_wconf 81' lang='grc' dir='ltr'>Οἱ</span> <span class='ocrx_word' id='word_1_268' title='bbox 2173 1136 2208 1183; x_wconf 92' lang='grc' dir='ltr'>δ’</span> <span class='ocrx_word' id='word_1_269' title='bbox 2229 1135 2332 1201; x_wconf 80' lang='grc' dir='ltr'>ἄχρι</span> <span class='ocrx_word' id='word_1_270' title='bbox 2355 1141 2429 1184; x_wconf 76' lang='grc' dir='ltr'>νῦν</span> <span class='ocrx_word' id='word_1_271' title='bbox 2452 1137 2571 1203; x_wconf 83' lang='grc' dir='ltr'>παρὰ</span> <span class='ocrx_word' id='word_1_272' title='bbox 2591 1139 2806 1201; x_wconf 70' lang='grc' dir='ltr'>ποταμοὺς</span> 
     </span>
     <span class='ocr_line' id='line_1_43' title="bbox 1521 1204 2643 1270; baseline 0.008 -22"><span class='ocrx_word' id='word_1_273' title='bbox 1521 1204 1654 1264; x_wconf 83' lang='grc' dir='ltr'>βοῶσι</span> <span class='ocrx_word' id='word_1_274' title='bbox 1675 1204 1747 1250; x_wconf 82' lang='grc' dir='ltr'>καὶ</span> <span class='ocrx_word' id='word_1_275' title='bbox 1767 1204 1932 1267; x_wconf 86' lang='grc' dir='ltr'>λίμνας.</span> <span class='ocrx_word' id='word_1_276' title='bbox 1960 1209 2029 1253; x_wconf 90' lang='lat' dir='ltr'>Cf.</span> <span class='ocrx_word' id='word_1_277' title='bbox 2062 1211 2228 1255; x_wconf 79' lang='lat' dir='ltr'>Miiller</span> <span class='ocrx_word' id='word_1_278' title='bbox 2247 1212 2360 1257; x_wconf 86' lang='lat' dir='ltr'>Dor.</span> <span class='ocrx_word' id='word_1_279' title='bbox 2386 1213 2424 1265; x_wconf 91' lang='lat'>1,</span> <span class='ocrx_word' id='word_1_280' title='bbox 2452 1227 2500 1270; x_wconf 84' lang='lat' dir='ltr'>p.</span> <span class='ocrx_word' id='word_1_281' title='bbox 2535 1227 2643 1268; x_wconf 79' lang='lat'>207.</span> 
     </span>
    </p>
   </div>
   <div class='ocr_carea' id='block_1_15' title="bbox 1825 1322 2494 1482">
    <p class='ocr_par' dir='ltr' id='par_1_16' title="bbox 1825 1322 2494 1482">
     <span class='ocr_line' id='line_1_44' title="bbox 1825 1322 2494 1370; baseline 0.006 -6"><span class='ocrx_word' id='word_1_282' title='bbox 1825 1322 1858 1364; x_wconf 82' lang='lat' dir='ltr'>F.</span> <span class='ocrx_word' id='word_1_283' title='bbox 1902 1322 2167 1367; x_wconf 81' lang='lat' dir='ltr'>SCRIPTIS</span> <span class='ocrx_word' id='word_1_284' title='bbox 2204 1324 2494 1370; x_wconf 83' lang='lat' dir='ltr'>INCERTIS.</span> 
     </span>
     <span class='ocr_line' id='line_1_45' title="bbox 2156 1436 2199 1482; baseline 0.047 -2"><span class='ocrx_word' id='word_1_285' title='bbox 2156 1436 2199 1482; x_wconf 84' lang='lat'>3.</span> 
     </span>
    </p>
   </div>
   <div class='ocr_carea' id='block_1_16' title="bbox 1513 1546 2810 2696">
    <p class='ocr_par' dir='ltr' id='par_1_17' title="bbox 1519 1546 2809 1685">
     <span class='ocr_line' id='line_1_46' title="bbox 1584 1546 2809 1613; baseline 0.003 -22"><span class='ocrx_word' id='word_1_286' title='bbox 1584 1546 1741 1605; x_wconf 80' lang='lat' dir='ltr'>steph.</span> <span class='ocrx_word' id='word_1_287' title='bbox 1773 1549 1876 1607; x_wconf 83' lang='lat' dir='ltr'>Byz.</span> <span class='ocrx_word' id='word_1_288' title='bbox 1899 1564 1909 1591; x_wconf 75' lang='grc' dir='ltr'>ε</span> <span class='ocrx_word' id='word_1_289' title='bbox 1929 1548 2146 1606; x_wconf 82' lang='grc' dir='ltr'>Βλαῧδος,</span> <span class='ocrx_word' id='word_1_290' title='bbox 2164 1548 2286 1602; x_wconf 87' lang='grc' dir='ltr'>πόλις</span> <span class='ocrx_word' id='word_1_291' title='bbox 2309 1548 2506 1613; x_wconf 81' lang='grc' dir='ltr'>Φρυγίας</span> <span class='ocrx_word' id='word_1_292' title='bbox 2523 1587 2534 1606; x_wconf 92' lang='grc'>,</span> <span class='ocrx_word' id='word_1_293' title='bbox 2560 1548 2644 1596; x_wconf 81' lang='grc' dir='ltr'>ἀπὸ</span> <span class='ocrx_word' id='word_1_294' title='bbox 2665 1547 2809 1596; x_wconf 61' lang='lat' dir='ltr'>mmi-</span> 
     </span>
     <span class='ocr_line' id='line_1_47' title="bbox 1519 1615 2542 1685; baseline 0.006 -23"><span class='ocrx_word' id='word_1_295' title='bbox 1519 1615 1590 1663; x_wconf 89' lang='grc' dir='ltr'>δου</span> <span class='ocrx_word' id='word_1_296' title='bbox 1609 1620 1684 1662; x_wconf 81' lang='grc' dir='ltr'>τοῦ</span> <span class='ocrx_word' id='word_1_297' title='bbox 1700 1616 1771 1664; x_wconf 83' lang='grc' dir='ltr'>τὸν</span> <span class='ocrx_word' id='word_1_298' title='bbox 1790 1616 1920 1666; x_wconf 84' lang='grc' dir='ltr'>τόπον</span> <span class='ocrx_word' id='word_1_299' title='bbox 1942 1618 2133 1684; x_wconf 81' lang='grc' dir='ltr'>εὑρόντος</span> <span class='ocrx_word' id='word_1_300' title='bbox 2147 1657 2159 1679; x_wconf 91' lang='grc'>,</span> <span class='ocrx_word' id='word_1_301' title='bbox 2176 1622 2233 1674; x_wconf 82' lang='grc' dir='ltr'>ὡς</span> <span class='ocrx_word' id='word_1_302' title='bbox 2251 1620 2542 1685; x_wconf 83' lang='grc' dir='ltr'>Μενεκράτης.</span> 
     </span>
    </p>

    <p class='ocr_par' dir='ltr' id='par_1_18' title="bbox 1513 1837 2810 2696">
     <span class='ocr_line' id='line_1_48' title="bbox 1583 1837 2808 1903; baseline 0.005 -22"><span class='ocrx_word' id='word_1_303' title='bbox 1583 1837 1828 1896; x_wconf 82' lang='lat' dir='ltr'>Dionysius</span> <span class='ocrx_word' id='word_1_304' title='bbox 1841 1839 1944 1882; x_wconf 86' lang='lat' dir='ltr'>Hal.</span> <span class='ocrx_word' id='word_1_305' title='bbox 1972 1841 2029 1885; x_wconf 87' lang='lat' dir='ltr'>A.</span> <span class='ocrx_word' id='word_1_306' title='bbox 2048 1840 2103 1884; x_wconf 83' lang='lat' dir='ltr'>R.</span> <span class='ocrx_word' id='word_1_307' title='bbox 2129 1841 2178 1895; x_wconf 94' lang='lat'>1,</span> <span class='ocrx_word' id='word_1_308' title='bbox 2197 1840 2274 1894; x_wconf 76' lang='lat'>48,</span> <span class='ocrx_word' id='word_1_309' title='bbox 2298 1856 2345 1899; x_wconf 92' lang='lat' dir='ltr'>p.</span> <span class='ocrx_word' id='word_1_310' title='bbox 2371 1856 2450 1884; x_wconf 82' lang='lat'>121</span> <span class='ocrx_word' id='word_1_311' title='bbox 2483 1843 2521 1884; x_wconf 82' lang='lat' dir='ltr'><strong>R</strong></span> <span class='ocrx_word' id='word_1_312' title='bbox 2549 1856 2558 1884; x_wconf 70' lang='grc' dir='ltr'><strong><em>ε</em></strong></span> <span class='ocrx_word' id='word_1_313' title='bbox 2586 1841 2808 1903; x_wconf 79' lang='grc' dir='ltr'>Μενεκρά·</span> 
     </span>
     <span class='ocr_line' id='line_1_49' title="bbox 1517 1905 2810 1974; baseline 0.004 -21"><span class='ocrx_word' id='word_1_314' title='bbox 1517 1926 1591 1965; x_wconf 87' lang='grc' dir='ltr'>της</span> <span class='ocrx_word' id='word_1_315' title='bbox 1614 1905 1657 1954; x_wconf 82' lang='grc' dir='ltr'>δὲ</span> <span class='ocrx_word' id='word_1_316' title='bbox 1683 1910 1704 1953; x_wconf 84' lang='grc' dir='ltr'><em>ὃ</em></span> <span class='ocrx_word' id='word_1_317' title='bbox 1724 1906 1907 1962; x_wconf 88' lang='grc' dir='ltr'>Ξάνθιος</span> <span class='ocrx_word' id='word_1_318' title='bbox 1921 1910 2151 1972; x_wconf 78' lang='grc' dir='ltr'>προδοῦναι</span> <span class='ocrx_word' id='word_1_319' title='bbox 2171 1916 2255 1963; x_wconf 90' lang='grc' dir='ltr'>τοῖς</span> <span class='ocrx_word' id='word_1_320' title='bbox 2270 1909 2453 1974; x_wconf 80' lang='grc' dir='ltr'>Ἀχαιοῖς</span> <span class='ocrx_word' id='word_1_321' title='bbox 2478 1910 2603 1958; x_wconf 77' lang='grc' dir='ltr'>αὐτὸν</span> <span class='ocrx_word' id='word_1_322' title='bbox 2629 1910 2716 1972; x_wconf 82' lang='grc' dir='ltr'>(τὸν</span> <span class='ocrx_word' id='word_1_323' title='bbox 2736 1915 2810 1960; x_wconf 76' lang='grc' dir='ltr'>Αἰ·</span> 
     </span>
     <span class='ocr_line' id='line_1_50' title="bbox 1515 1979 2803 2047; baseline 0.003 -21"><span class='ocrx_word' id='word_1_324' title='bbox 1515 1979 1657 2043; x_wconf 87' lang='grc' dir='ltr'>νείαν)</span> <span class='ocrx_word' id='word_1_325' title='bbox 1696 1980 1925 2046; x_wconf 79' lang='grc' dir='ltr'>ἀποφαίνει</span> <span class='ocrx_word' id='word_1_326' title='bbox 1948 1979 2025 2039; x_wconf 85' lang='grc' dir='ltr'>τὴν</span> <span class='ocrx_word' id='word_1_327' title='bbox 2045 1980 2166 2029; x_wconf 89' lang='grc' dir='ltr'>πόλιν</span> <span class='ocrx_word' id='word_1_328' title='bbox 2191 1984 2204 2044; x_wconf 88' lang='grc'>(</span> <span class='ocrx_word' id='word_1_329' title='bbox 2228 1982 2420 2047; x_wconf 86' lang='grc' dir='ltr'>Τροίαν)</span> <span class='ocrx_word' id='word_1_330' title='bbox 2446 1986 2522 2040; x_wconf 84' lang='grc' dir='ltr'>τ’ἧς</span> <span class='ocrx_word' id='word_1_331' title='bbox 2556 1984 2660 2047; x_wconf 75' lang='grc' dir='ltr'>πρὸς</span> <span class='ocrx_word' id='word_1_332' title='bbox 2679 1984 2803 2032; x_wconf 56' lang='grc' dir='ltr'>Ἀλέό</span> 
     </span>
     <span class='ocr_line' id='line_1_51' title="bbox 1517 2050 2799 2118; baseline 0.002 -21"><span class='ocrx_word' id='word_1_333' title='bbox 1517 2050 1691 2116; x_wconf 84' lang='grc' dir='ltr'>ξανδρον</span> <span class='ocrx_word' id='word_1_334' title='bbox 1715 2050 1870 2116; x_wconf 70' lang='grc' dir='ltr'>ἔχθρας</span> <span class='ocrx_word' id='word_1_335' title='bbox 1899 2051 2043 2099; x_wconf 81' lang='grc' dir='ltr'>ἕνεκα·</span> <span class='ocrx_word' id='word_1_336' title='bbox 2070 2052 2144 2100; x_wconf 78' lang='grc' dir='ltr'>καὶ</span> <span class='ocrx_word' id='word_1_337' title='bbox 2168 2052 2238 2100; x_wconf 76' lang='grc' dir='ltr'>διὰ</span> <span class='ocrx_word' id='word_1_338' title='bbox 2269 2052 2345 2110; x_wconf 83' lang='grc' dir='ltr'>τὴν</span> <span class='ocrx_word' id='word_1_339' title='bbox 2369 2054 2615 2118; x_wconf 78' lang='grc' dir='ltr'>εὐεργεσίαν</span> <span class='ocrx_word' id='word_1_340' title='bbox 2636 2055 2799 2112; x_wconf 82' lang='grc' dir='ltr'>ταύτην</span> 
     </span>
     <span class='ocr_line' id='line_1_52' title="bbox 1516 2119 2803 2190; baseline 0.003 -19"><span class='ocrx_word' id='word_1_341' title='bbox 1516 2122 1713 2187; x_wconf 75' lang='grc' dir='ltr'>Ἀχαιοὺς</span> <span class='ocrx_word' id='word_1_342' title='bbox 1756 2126 1875 2188; x_wconf 81' lang='grc' dir='ltr'>αὐτῷ</span> <span class='ocrx_word' id='word_1_343' title='bbox 1923 2129 2207 2190; x_wconf 74' lang='grc' dir='ltr'>συγχωρῆσαι</span> <span class='ocrx_word' id='word_1_344' title='bbox 2237 2125 2534 2174; x_wconf 86' lang='grc' dir='ltr'>διασώσασθαι</span> <span class='ocrx_word' id='word_1_345' title='bbox 2569 2127 2640 2174; x_wconf 81' lang='grc' dir='ltr'>τὸν</span> <span class='ocrx_word' id='word_1_346' title='bbox 2674 2119 2803 2175; x_wconf 70' lang='grc' dir='ltr'>οἶκον.</span> 
     </span>
     <span class='ocr_line' id='line_1_53' title="bbox 1516 2194 2804 2263; baseline 0.002 -20"><span class='ocrx_word' id='word_1_347' title='bbox 1516 2195 1749 2259; x_wconf 83' lang='grc' dir='ltr'>Σύγκειται</span> <span class='ocrx_word' id='word_1_348' title='bbox 1781 2194 1826 2242; x_wconf 86' lang='grc' dir='ltr'>δὲ</span> <span class='ocrx_word' id='word_1_349' title='bbox 1850 2198 1872 2243; x_wconf 86' lang='grc' dir='ltr'>ὁ</span> <span class='ocrx_word' id='word_1_350' title='bbox 1902 2195 2025 2260; x_wconf 86' lang='grc' dir='ltr'>λόγος</span> <span class='ocrx_word' id='word_1_351' title='bbox 2058 2199 2175 2261; x_wconf 80' lang='grc' dir='ltr'>αὐτῷ</span> <span class='ocrx_word' id='word_1_352' title='bbox 2199 2196 2424 2263; x_wconf 84' lang='grc' dir='ltr'>ἀρξαμένῳ</span> <span class='ocrx_word' id='word_1_353' title='bbox 2457 2198 2543 2246; x_wconf 82' lang='grc' dir='ltr'>ἀπὸ</span> <span class='ocrx_word' id='word_1_354' title='bbox 2574 2198 2804 2262; x_wconf 81' lang='grc' dir='ltr'>Ἀχιλλέως</span> 
     </span>
     <span class='ocr_line' id='line_1_54' title="bbox 1515 2263 2799 2334; baseline 0.002 -20"><span class='ocrx_word' id='word_1_355' title='bbox 1515 2271 1675 2333; x_wconf 71' lang='grc' dir='ltr'>ταφῆς,</span> <span class='ocrx_word' id='word_1_356' title='bbox 1699 2266 1770 2315; x_wconf 86' lang='grc' dir='ltr'>τὸν</span> <span class='ocrx_word' id='word_1_357' title='bbox 1794 2267 1952 2332; x_wconf 86' lang='grc' dir='ltr'>τρόπον</span> <span class='ocrx_word' id='word_1_358' title='bbox 1972 2267 2150 2317; x_wconf 68' lang='grc' dir='ltr'>τόνδε-ἰι</span> <span class='ocrx_word' id='word_1_359' title='bbox 2177 2268 2372 2333; x_wconf 83' lang='grc' dir='ltr'>Ἀχαιοὺς</span> <span class='ocrx_word' id='word_1_360' title='bbox 2394 2271 2430 2316; x_wconf 87' lang='grc' dir='ltr'>δ’</span> <span class='ocrx_word' id='word_1_361' title='bbox 2465 2270 2560 2328; x_wconf 81' lang='grc' dir='ltr'>ἀνίη</span> <span class='ocrx_word' id='word_1_362' title='bbox 2585 2263 2674 2334; x_wconf 67' lang='grc' dir='ltr'>εἶχε</span> <span class='ocrx_word' id='word_1_363' title='bbox 2693 2308 2707 2333; x_wconf 89' lang='grc'>,</span> <span class='ocrx_word' id='word_1_364' title='bbox 2725 2272 2799 2317; x_wconf 80' lang='grc' dir='ltr'>καὶ</span> 
     </span>
     <span class='ocr_line' id='line_1_55' title="bbox 1515 2339 2802 2407; baseline 0.003 -21"><span class='ocrx_word' id='word_1_365' title='bbox 1515 2339 1681 2387; x_wconf 89' lang='grc' dir='ltr'>ἐδόκεον</span> <span class='ocrx_word' id='word_1_366' title='bbox 1704 2343 1779 2397; x_wconf 76' lang='grc' dir='ltr'>τῆς</span> <span class='ocrx_word' id='word_1_367' title='bbox 1803 2344 2005 2405; x_wconf 75' lang='grc' dir='ltr'>στρατιῆς</span> <span class='ocrx_word' id='word_1_368' title='bbox 2019 2341 2098 2399; x_wconf 75' lang='grc' dir='ltr'>τὴν</span> <span class='ocrx_word' id='word_1_369' title='bbox 2116 2341 2307 2406; x_wconf 79' lang='grc' dir='ltr'>κεφαλὴν</span> <span class='ocrx_word' id='word_1_370' title='bbox 2326 2342 2600 2407; x_wconf 78' lang='grc' dir='ltr'>ἀπηράχθαι·</span> <span class='ocrx_word' id='word_1_371' title='bbox 2624 2343 2740 2404; x_wconf 78' lang='grc' dir='ltr'>ὅμως</span> <span class='ocrx_word' id='word_1_372' title='bbox 2758 2344 2802 2390; x_wconf 79' lang='grc' dir='ltr'>δὲ</span> 
     </span>
     <span class='ocr_line' id='line_1_56' title="bbox 1514 2411 2800 2479; baseline 0.002 -21"><span class='ocrx_word' id='word_1_373' title='bbox 1514 2411 1646 2477; x_wconf 82' lang='grc' dir='ltr'>τάφον</span> <span class='ocrx_word' id='word_1_374' title='bbox 1666 2412 1786 2477; x_wconf 74' lang='grc' dir='ltr'>αὐτῷ</span> <span class='ocrx_word' id='word_1_375' title='bbox 1804 2411 2027 2467; x_wconf 85' lang='grc' dir='ltr'>δαίσαντες</span> <span class='ocrx_word' id='word_1_376' title='bbox 2048 2413 2277 2475; x_wconf 82' lang='grc' dir='ltr'>ἐπολέμεον</span> <span class='ocrx_word' id='word_1_377' title='bbox 2297 2417 2351 2476; x_wconf 79' lang='grc' dir='ltr'>γῇ</span> <span class='ocrx_word' id='word_1_378' title='bbox 2370 2414 2506 2478; x_wconf 82' lang='grc' dir='ltr'>πάσῃ,</span> <span class='ocrx_word' id='word_1_379' title='bbox 2525 2415 2647 2479; x_wconf 73' lang='grc' dir='ltr'>ἄχρις</span> <span class='ocrx_word' id='word_1_380' title='bbox 2667 2413 2800 2462; x_wconf 78' lang='grc' dir='ltr'>Ἴλιον</span> 
     </span>
     <span class='ocr_line' id='line_1_57' title="bbox 1515 2485 2800 2550; baseline 0.001 -17"><span class='ocrx_word' id='word_1_381' title='bbox 1515 2486 1630 2533; x_wconf 83' lang='grc' dir='ltr'>ἑάλω</span> <span class='ocrx_word' id='word_1_382' title='bbox 1668 2486 1850 2535; x_wconf 85' lang='grc' dir='ltr'>Αἰνείεω</span> <span class='ocrx_word' id='word_1_383' title='bbox 1885 2485 2088 2540; x_wconf 85' lang='grc' dir='ltr'>ἐνδόντος.</span> <span class='ocrx_word' id='word_1_384' title='bbox 2117 2485 2289 2543; x_wconf 81' lang='grc' dir='ltr'>Αἰνείης</span> <span class='ocrx_word' id='word_1_385' title='bbox 2320 2485 2403 2550; x_wconf 83' lang='grc' dir='ltr'>γὰρ</span> <span class='ocrx_word' id='word_1_386' title='bbox 2431 2486 2571 2540; x_wconf 85' lang='grc' dir='ltr'>ἄτιτος</span> <span class='ocrx_word' id='word_1_387' title='bbox 2602 2486 2680 2534; x_wconf 85' lang='grc' dir='ltr'>ἐὼν</span> <span class='ocrx_word' id='word_1_388' title='bbox 2717 2487 2800 2534; x_wconf 74' lang='grc' dir='ltr'>ὑπὸ</span> 
     </span>
     <span class='ocr_line' id='line_1_58' title="bbox 1515 2556 2792 2623; baseline 0.001 -18"><span class='ocrx_word' id='word_1_389' title='bbox 1515 2556 1816 2623; x_wconf 80' lang='grc' dir='ltr'>Ἀλεξάνδρου,</span> <span class='ocrx_word' id='word_1_390' title='bbox 1860 2557 1933 2604; x_wconf 85' lang='grc' dir='ltr'>καὶ</span> <span class='ocrx_word' id='word_1_391' title='bbox 1978 2557 2065 2604; x_wconf 82' lang='grc' dir='ltr'>ἀπὸ</span> <span class='ocrx_word' id='word_1_392' title='bbox 2108 2558 2266 2622; x_wconf 84' lang='grc' dir='ltr'>γερέων</span> <span class='ocrx_word' id='word_1_393' title='bbox 2311 2559 2438 2623; x_wconf 78' lang='grc' dir='ltr'>ἱερῶν</span> <span class='ocrx_word' id='word_1_394' title='bbox 2481 2558 2561 2614; x_wconf 82' lang='grc' dir='ltr'>ἐξει</span> <span class='ocrx_word' id='word_1_395' title='bbox 2590 2558 2765 2621; x_wconf 86' lang='grc' dir='ltr'>γόμενος</span> <span class='ocrx_word' id='word_1_396' title='bbox 2781 2597 2792 2613; x_wconf 80' lang='grc'>,</span> 
     </span>
     <span class='ocr_line' id='line_1_59' title="bbox 1513 2629 2797 2696; baseline 0 -19"><span class='ocrx_word' id='word_1_397' title='bbox 1513 2630 1716 2694; x_wconf 80' lang='grc' dir='ltr'>ἀνέτρεψε</span> <span class='ocrx_word' id='word_1_398' title='bbox 1739 2629 1958 2695; x_wconf 83' lang='grc' dir='ltr'>Πρίαμον.</span> <span class='ocrx_word' id='word_1_399' title='bbox 1975 2629 2299 2694; x_wconf 83' lang='grc' dir='ltr'>Ἐργασάμενος</span> <span class='ocrx_word' id='word_1_400' title='bbox 2317 2629 2360 2676; x_wconf 82' lang='grc' dir='ltr'>δὲ</span> <span class='ocrx_word' id='word_1_401' title='bbox 2379 2634 2514 2677; x_wconf 77' lang='grc' dir='ltr'>ταῦτα</span> <span class='ocrx_word' id='word_1_402' title='bbox 2534 2650 2552 2677; x_wconf 91' lang='grc' dir='ltr'>ε</span> <span class='ocrx_word' id='word_1_403' title='bbox 2574 2652 2592 2685; x_wconf 93' lang='grc' dir='ltr'>ς</span> <span class='ocrx_word' id='word_1_404' title='bbox 2612 2630 2797 2696; x_wconf 72' lang='grc' dir='ltr'>Ἀχαιῶν</span> 
     </span>
    </p>
   </div>
   <div class='ocr_carea' id='block_1_17' title="bbox 149 2701 1832 2769">
    <p class='ocr_par' dir='ltr' id='par_1_19' title="bbox 149 2701 1832 2769">
     <span class='ocr_line' id='line_1_60' title="bbox 149 2701 1832 2769; baseline 0 -20"><span class='ocrx_word' id='word_1_405' title='bbox 149 2720 267 2764; x_wconf 86' lang='grc' dir='ltr'>μενοι</span> <span class='ocrx_word' id='word_1_406' title='bbox 286 2702 359 2750; x_wconf 83' lang='grc' dir='ltr'>καὶ</span> <span class='ocrx_word' id='word_1_407' title='bbox 381 2701 606 2762; x_wconf 80' lang='grc' dir='ltr'>σήναντες,</span> <span class='ocrx_word' id='word_1_408' title='bbox 627 2703 906 2769; x_wconf 69' lang='grc' dir='ltr'>ὑφηγήσαντο</span> <span class='ocrx_word' id='word_1_409' title='bbox 924 2707 1000 2763; x_wconf 78' lang='grc' dir='ltr'>τῆς</span> <span class='ocrx_word' id='word_1_410' title='bbox 1020 2705 1140 2762; x_wconf 80' lang='grc' dir='ltr'>ὁδοῦ,</span> <span class='ocrx_word' id='word_1_411' title='bbox 1158 2702 1233 2751; x_wconf 81' lang='grc' dir='ltr'>καὶ</span> <span class='ocrx_word' id='word_1_412' title='bbox 1259 2702 1435 2767; x_wconf 86' lang='grc' dir='ltr'>ἀπήγα-</span> <span class='ocrx_word' id='word_1_413' title='bbox 1512 2702 1710 2766; x_wconf 86' lang='grc' dir='ltr'>ἐγεγόνει.</span> <span class='ocrx_word' id='word_1_414' title='bbox 1737 2725 1757 2743; x_wconf 71' lang='lat'>1»</span> <span class='ocrx_word' id='word_1_415' title='bbox 1828 2725 1832 2754; x_wconf 83' lang='grc'>;</span> 
     </span>
    </p>
   </div>
   <div class='ocr_carea' id='block_1_18' title="bbox 157 2795 2785 2819">
    <p class='ocr_par' dir='ltr' id='par_1_20' title="bbox 157 2795 2785 2819">
     <span class='ocr_line' id='line_1_61' title="bbox 157 2795 2785 2819; baseline 0 1809"><span class='ocrx_word' id='word_1_416' title='bbox 157 2795 2785 2819; x_wconf 95' lang='lat' dir='ltr'> </span> 
     </span>
    </p>
   </div>
   <div class='ocr_carea' id='block_1_19' title="bbox 496 2843 1079 2892">
    <p class='ocr_par' dir='ltr' id='par_1_21' title="bbox 496 2843 1079 2892">
     <span class='ocr_line' id='line_1_62' title="bbox 496 2843 1079 2892; baseline 0.003 -3"><span class='ocrx_word' id='word_1_417' title='bbox 496 2843 576 2890; x_wconf 87' lang='lat' dir='ltr'>DE</span> <span class='ocrx_word' id='word_1_418' title='bbox 616 2843 819 2892; x_wconf 84' lang='lat' dir='ltr'><strong>REBUS</strong></span> <span class='ocrx_word' id='word_1_419' title='bbox 854 2844 1079 2891; x_wconf 82' lang='lat' dir='ltr'>LYCIAE.</span> 
     </span>
    </p>
   </div>
   <div class='ocr_carea' id='block_1_20' title="bbox 146 2948 1436 3128">
    <p class='ocr_par' dir='ltr' id='par_1_22' title="bbox 146 2948 1436 3128">
     <span class='ocr_line' id='line_1_63' title="bbox 774 2948 812 2985; baseline 0 0"><span class='ocrx_word' id='word_1_420' title='bbox 774 2948 812 2985; x_wconf 90' lang='lat' dir='ltr'>l.</span> 
     </span>
     <span class='ocr_line' id='line_1_64' title="bbox 209 3010 1436 3062; baseline 0.004 -15"><span class='ocrx_word' id='word_1_421' title='bbox 209 3010 466 3060; x_wconf 65' lang='lat' dir='ltr'>Artymnesus</span> <span class='ocrx_word' id='word_1_422' title='bbox 480 3041 491 3061; x_wconf 94' lang='lat'><em>‚</em></span> <span class='ocrx_word' id='word_1_423' title='bbox 518 3012 615 3051; x_wconf 90' lang='lat' dir='ltr'>urbs</span> <span class='ocrx_word' id='word_1_424' title='bbox 630 3011 760 3062; x_wconf 80' lang='lat' dir='ltr'>Lyciae</span> <span class='ocrx_word' id='word_1_425' title='bbox 776 3041 788 3061; x_wconf 90' lang='lat'>,</span> <span class='ocrx_word' id='word_1_426' title='bbox 812 3013 1074 3052; x_wconf 79' lang='lat' dir='ltr'>Xantliiorum</span> <span class='ocrx_word' id='word_1_427' title='bbox 1090 3013 1258 3053; x_wconf 87' lang='lat' dir='ltr'>colonia.</span> <span class='ocrx_word' id='word_1_428' title='bbox 1281 3012 1436 3052; x_wconf 88' lang='lat' dir='ltr'>Gentile</span> 
     </span>
     <span class='ocr_line' id='line_1_65' title="bbox 146 3076 1434 3128; baseline 0.002 -13"><span class='ocrx_word' id='word_1_429' title='bbox 146 3076 473 3126; x_wconf 76' lang='lat' dir='ltr'>Artymnesensis.</span> <span class='ocrx_word' id='word_1_430' title='bbox 486 3079 727 3117; x_wconf 81' lang='lat' dir='ltr'>Menecrates</span> <span class='ocrx_word' id='word_1_431' title='bbox 743 3077 842 3117; x_wconf 86' lang='lat' dir='ltr'>libro</span> <span class='ocrx_word' id='word_1_432' title='bbox 852 3079 980 3128; x_wconf 88' lang='lat' dir='ltr'>primo</span> <span class='ocrx_word' id='word_1_433' title='bbox 991 3082 1048 3118; x_wconf 89' lang='lat' dir='ltr'>De</span> <span class='ocrx_word' id='word_1_434' title='bbox 1065 3079 1182 3118; x_wconf 92' lang='lat' dir='ltr'>rebus</span> <span class='ocrx_word' id='word_1_435' title='bbox 1197 3078 1327 3128; x_wconf 87' lang='lat' dir='ltr'>Lyciis</span> <span class='ocrx_word' id='word_1_436' title='bbox 1339 3078 1434 3117; x_wconf 88' lang='lat' dir='ltr'>dicit</span> 
     </span>
    </p>
   </div>
   <div class='ocr_carea' id='block_1_21' title="bbox 72 3138 1434 3451">
    <p class='ocr_par' dir='ltr' id='par_1_23' title="bbox 72 3138 1434 3451">
     <span class='ocr_line' id='line_1_66' title="bbox 75 3138 1434 3191; baseline 0.002 -14"><span class='ocrx_word' id='word_1_437' title='bbox 75 3175 84 3185; x_wconf 72' lang='grc'>,</span> <span class='ocrx_word' id='word_1_438' title='bbox 145 3138 251 3179; x_wconf 80' lang='lat' dir='ltr'>cives</span> <span class='ocrx_word' id='word_1_439' title='bbox 271 3139 418 3179; x_wconf 79' lang='lat' dir='ltr'>Xanthi</span> <span class='ocrx_word' id='word_1_440' title='bbox 440 3141 550 3180; x_wconf 88' lang='lat' dir='ltr'>urbis</span> <span class='ocrx_word' id='word_1_441' title='bbox 565 3171 576 3191; x_wconf 95' lang='lat'>,</span> <span class='ocrx_word' id='word_1_442' title='bbox 596 3141 719 3180; x_wconf 84' lang='lat' dir='ltr'>nimia</span> <span class='ocrx_word' id='word_1_443' title='bbox 738 3141 945 3181; x_wconf 89' lang='lat' dir='ltr'>bominum</span> <span class='ocrx_word' id='word_1_444' title='bbox 965 3142 1222 3182; x_wconf 88' lang='lat' dir='ltr'>multitudine</span> <span class='ocrx_word' id='word_1_445' title='bbox 1248 3143 1434 3182; x_wconf 87' lang='lat' dir='ltr'>laboran-</span> 
     </span>
     <span class='ocr_line' id='line_1_67' title="bbox 76 3203 1433 3258; baseline 0.002 -15"><span class='ocrx_word' id='word_1_446' title='bbox 76 3216 78 3221; x_wconf 66' lang='grc'>’</span> <span class='ocrx_word' id='word_1_447' title='bbox 145 3203 210 3254; x_wconf 83' lang='lat' dir='ltr'>tis,</span> <span class='ocrx_word' id='word_1_448' title='bbox 226 3204 268 3244; x_wconf 90' lang='lat' dir='ltr'>in</span> <span class='ocrx_word' id='word_1_449' title='bbox 287 3205 371 3246; x_wconf 80' lang='lat' dir='ltr'>tres</span> <span class='ocrx_word' id='word_1_450' title='bbox 385 3215 409 3244; x_wconf 83' lang='lat' dir='ltr'>a</span> <span class='ocrx_word' id='word_1_451' title='bbox 427 3206 621 3256; x_wconf 79' lang='lat' dir='ltr'>praefectis</span> <span class='ocrx_word' id='word_1_452' title='bbox 637 3207 770 3257; x_wconf 85' lang='lat' dir='ltr'>partes</span> <span class='ocrx_word' id='word_1_453' title='bbox 789 3217 872 3247; x_wconf 89' lang='lat' dir='ltr'>esse</span> <span class='ocrx_word' id='word_1_454' title='bbox 887 3207 1056 3257; x_wconf 86' lang='lat' dir='ltr'>divisos,</span> <span class='ocrx_word' id='word_1_455' title='bbox 1076 3219 1294 3258; x_wconf 87' lang='lat' dir='ltr'>eorumque</span> <span class='ocrx_word' id='word_1_456' title='bbox 1313 3219 1433 3247; x_wconf 89' lang='lat' dir='ltr'>unam</span> 
     </span>
     <span class='ocr_line' id='line_1_68' title="bbox 72 3266 1432 3322; baseline 0.003 -15"><span class='ocrx_word' id='word_1_457' title='bbox 72 3282 94 3315; x_wconf 45' lang='lat' dir='ltr'><em>x</em></span> <span class='ocrx_word' id='word_1_458' title='bbox 143 3266 196 3307; x_wconf 73' lang='lat' dir='ltr'>ad</span> <span class='ocrx_word' id='word_1_459' title='bbox 213 3268 381 3319; x_wconf 79' lang='lat' dir='ltr'>Cragum</span> <span class='ocrx_word' id='word_1_460' title='bbox 401 3270 577 3309; x_wconf 86' lang='lat' dir='ltr'>montem</span> <span class='ocrx_word' id='word_1_461' title='bbox 590 3270 799 3320; x_wconf 82' lang='lat' dir='ltr'>emigrasse</span> <span class='ocrx_word' id='word_1_462' title='bbox 812 3299 824 3320; x_wconf 89' lang='lat'>,</span> <span class='ocrx_word' id='word_1_463' title='bbox 841 3272 881 3310; x_wconf 90' lang='lat' dir='ltr'>et</span> <span class='ocrx_word' id='word_1_464' title='bbox 902 3271 943 3310; x_wconf 91' lang='lat' dir='ltr'>in</span> <span class='ocrx_word' id='word_1_465' title='bbox 959 3271 1044 3320; x_wconf 83' lang='lat' dir='ltr'>ejus</span> <span class='ocrx_word' id='word_1_466' title='bbox 1055 3272 1156 3311; x_wconf 90' lang='lat' dir='ltr'>colle</span> <span class='ocrx_word' id='word_1_467' title='bbox 1175 3271 1349 3322; x_wconf 89' lang='lat' dir='ltr'>quodam</span> <span class='ocrx_word' id='word_1_468' title='bbox 1366 3283 1432 3311; x_wconf 87' lang='lat' dir='ltr'>ro-</span> 
     </span>
     <span class='ocr_line' id='line_1_69' title="bbox 73 3331 1432 3386; baseline 0.003 -15"><span class='ocrx_word' id='word_1_469' title='bbox 73 3339 87 3371; x_wconf 83' lang='lat'>·.</span> <span class='ocrx_word' id='word_1_470' title='bbox 145 3331 268 3372; x_wconf 85' lang='lat' dir='ltr'>tundo</span> <span class='ocrx_word' id='word_1_471' title='bbox 281 3333 421 3373; x_wconf 88' lang='lat' dir='ltr'>urbem</span> <span class='ocrx_word' id='word_1_472' title='bbox 439 3334 658 3374; x_wconf 77' lang='lat' dir='ltr'>condidisse</span> <span class='ocrx_word' id='word_1_473' title='bbox 670 3364 682 3383; x_wconf 94' lang='lat'>,</span> <span class='ocrx_word' id='word_1_474' title='bbox 699 3345 821 3384; x_wconf 90' lang='lat' dir='ltr'>quam</span> <span class='ocrx_word' id='word_1_475' title='bbox 843 3335 1026 3375; x_wconf 88' lang='lat' dir='ltr'>Pinaram</span> <span class='ocrx_word' id='word_1_476' title='bbox 1047 3336 1245 3385; x_wconf 79' lang='lat' dir='ltr'>(Pinara</span> <span class='ocrx_word' id='word_1_477' title='bbox 1262 3335 1432 3386; x_wconf 84' lang='lat' dir='ltr'>Strabo)</span> 
     </span>
     <span class='ocr_line' id='line_1_70' title="bbox 75 3397 1432 3451; baseline 0.001 -15"><span class='ocrx_word' id='word_1_478' title='bbox 75 3411 83 3426; x_wconf 54' lang='grc' dir='ltr'>ι</span> <span class='ocrx_word' id='word_1_479' title='bbox 143 3398 371 3446; x_wconf 74' lang='lat' dir='ltr'>vocassent,</span> <span class='ocrx_word' id='word_1_480' title='bbox 400 3397 440 3436; x_wconf 89' lang='lat' dir='ltr'>id</span> <span class='ocrx_word' id='word_1_481' title='bbox 465 3399 525 3438; x_wconf 83' lang='lat' dir='ltr'>est</span> <span class='ocrx_word' id='word_1_482' title='bbox 561 3398 816 3443; x_wconf 73' lang='lat' dir='ltr'>rotundarm</span> <span class='ocrx_word' id='word_1_483' title='bbox 854 3399 1000 3438; x_wconf 87' lang='lat' dir='ltr'>etenim</span> <span class='ocrx_word' id='word_1_484' title='bbox 1027 3409 1119 3448; x_wconf 83' lang='lat' dir='ltr'>quae</span> <span class='ocrx_word' id='word_1_485' title='bbox 1136 3399 1304 3438; x_wconf 88' lang='lat' dir='ltr'>rotunda</span> <span class='ocrx_word' id='word_1_486' title='bbox 1325 3403 1432 3451; x_wconf 81' lang='lat' dir='ltr'>sunt,</span> 
     </span>
    </p>
   </div>
   <div class='ocr_carea' id='block_1_22' title="bbox 0 3451 599 3512">
    <p class='ocr_par' dir='ltr' id='par_1_24' title="bbox 0 3431 599 3512">
     <span class='ocr_line' id='line_1_71' title="bbox 0 3451 599 3512; baseline 0.007 -14"><span class='ocrx_word' id='word_1_487' title='bbox 0 3488 1 3491; x_wconf 19' lang='grc' dir='ltr'>η</span> <span class='ocrx_word' id='word_1_488' title='bbox 76 3451 103 3481; x_wconf 61' lang='lat'>³³</span> <span class='ocrx_word' id='word_1_489' title='bbox 144 3459 250 3512; x_wconf 69' lang='lat' dir='ltr'>Lycii</span> <span class='ocrx_word' id='word_1_490' title='bbox 266 3463 428 3512; x_wconf 79' lang='lat' dir='ltr'>pinara</span> <span class='ocrx_word' id='word_1_491' title='bbox 445 3462 599 3503; x_wconf 86' lang='lat' dir='ltr'>dicunt.</span> 
     </span>
    </p>
   </div>
   <div class='ocr_carea' id='block_1_23' title="bbox 125 3533 1433 3713">
    <p class='ocr_par' dir='ltr' id='par_1_25' title="bbox 125 3533 1433 3713">
     <span class='ocr_line' id='line_1_72' title="bbox 761 3533 806 3574; baseline -0.022 0"><span class='ocrx_word' id='word_1_492' title='bbox 761 3533 806 3574; x_wconf 82' lang='lat'>2.</span> 
     </span>
     <span class='ocr_line' id='line_1_73' title="bbox 193 3597 1433 3649; baseline 0.002 -13"><span class='ocrx_word' id='word_1_493' title='bbox 193 3597 364 3638; x_wconf 77' lang='lat' dir='ltr'>Narrant</span> <span class='ocrx_word' id='word_1_494' title='bbox 381 3600 623 3638; x_wconf 80' lang='lat' dir='ltr'>Menecrates</span> <span class='ocrx_word' id='word_1_495' title='bbox 639 3601 837 3639; x_wconf 78' lang='lat' dir='ltr'>Xantliius</span> <span class='ocrx_word' id='word_1_496' title='bbox 855 3600 893 3638; x_wconf 91' lang='lat' dir='ltr'>in</span> <span class='ocrx_word' id='word_1_497' title='bbox 911 3600 1019 3638; x_wconf 84' lang='lat' dir='ltr'>libris</span> <span class='ocrx_word' id='word_1_498' title='bbox 1037 3603 1092 3639; x_wconf 84' lang='lat' dir='ltr'>De</span> <span class='ocrx_word' id='word_1_499' title='bbox 1111 3599 1227 3638; x_wconf 74' lang='lat' dir='ltr'>rebus</span> <span class='ocrx_word' id='word_1_500' title='bbox 1244 3600 1371 3649; x_wconf 74' lang='lat' dir='ltr'>Lyciae</span> <span class='ocrx_word' id='word_1_501' title='bbox 1393 3602 1433 3639; x_wconf 85' lang='lat' dir='ltr'>et</span> 
     </span>
     <span class='ocr_line' id='line_1_74' title="bbox 125 3658 1432 3713; baseline 0.002 -14"><span class='ocrx_word' id='word_1_502' title='bbox 125 3658 347 3701; x_wconf 56' lang='lat' dir='ltr'>„Nicanden</span> <span class='ocrx_word' id='word_1_503' title='bbox 368 3682 420 3691; x_wconf 93' lang='lat'>--</span> <span class='ocrx_word' id='word_1_504' title='bbox 437 3663 612 3711; x_wconf 80' lang='lat' dir='ltr'>Latona,</span> <span class='ocrx_word' id='word_1_505' title='bbox 636 3674 763 3712; x_wconf 89' lang='lat' dir='ltr'>quum</span> <span class='ocrx_word' id='word_1_506' title='bbox 782 3663 822 3702; x_wconf 89' lang='lat' dir='ltr'>in</span> <span class='ocrx_word' id='word_1_507' title='bbox 840 3664 988 3703; x_wconf 78' lang='lat' dir='ltr'>Asteria</span> <span class='ocrx_word' id='word_1_508' title='bbox 1011 3663 1139 3702; x_wconf 83' lang='lat' dir='ltr'>insula</span> <span class='ocrx_word' id='word_1_509' title='bbox 1154 3664 1373 3713; x_wconf 82' lang='lat' dir='ltr'>Apollinem</span> <span class='ocrx_word' id='word_1_510' title='bbox 1393 3665 1432 3702; x_wconf 88' lang='lat' dir='ltr'>et</span> 
     </span>
    </p>
   </div>
   <div class='ocr_carea' id='block_1_24' title="bbox 62 3714 1431 3777">
    <p class='ocr_par' dir='ltr' id='par_1_26' title="bbox 62 3714 1431 3777">
     <span class='ocr_line' id='line_1_75' title="bbox 62 3714 1431 3777; baseline 0.001 -15"><span class='ocrx_word' id='word_1_511' title='bbox 62 3723 85 3745; x_wconf 70' lang='lat'>&#39;⁵</span> <span class='ocrx_word' id='word_1_512' title='bbox 146 3714 311 3764; x_wconf 61' lang='lat' dir='ltr'>Dianam</span> <span class='ocrx_word' id='word_1_513' title='bbox 329 3725 567 3775; x_wconf 86' lang='lat' dir='ltr'>peperisset,</span> <span class='ocrx_word' id='word_1_514' title='bbox 587 3725 629 3765; x_wconf 89' lang='lat' dir='ltr'>in</span> <span class='ocrx_word' id='word_1_515' title='bbox 645 3727 809 3777; x_wconf 79' lang='lat' dir='ltr'>Lyciam</span> <span class='ocrx_word' id='word_1_516' title='bbox 827 3728 956 3775; x_wconf 88' lang='lat' dir='ltr'>venit,</span> <span class='ocrx_word' id='word_1_517' title='bbox 974 3727 1142 3766; x_wconf 72' lang='lat' dir='ltr'>infantes</span> <span class='ocrx_word' id='word_1_518' title='bbox 1157 3726 1206 3765; x_wconf 89' lang='lat' dir='ltr'>ad</span> <span class='ocrx_word' id='word_1_519' title='bbox 1227 3726 1431 3765; x_wconf 86' lang='lat' dir='ltr'>lavacrum</span> 
     </span>
    </p>
   </div>
   <div class='ocr_carea' id='block_1_25' title="bbox 143 3788 1430 4160">
    <p class='ocr_par' dir='ltr' id='par_1_27' title="bbox 143 3788 1430 4160">
     <span class='ocr_line' id='line_1_76' title="bbox 146 3788 1430 3842; baseline 0.002 -15"><span class='ocrx_word' id='word_1_520' title='bbox 146 3788 291 3828; x_wconf 83' lang='lat' dir='ltr'>xanthi</span> <span class='ocrx_word' id='word_1_521' title='bbox 318 3790 543 3841; x_wconf 79' lang='lat' dir='ltr'>apportans.</span> <span class='ocrx_word' id='word_1_522' title='bbox 576 3793 791 3842; x_wconf 87' lang='lat' dir='ltr'>Quumque</span> <span class='ocrx_word' id='word_1_523' title='bbox 810 3791 983 3842; x_wconf 90' lang='lat' dir='ltr'>primum</span> <span class='ocrx_word' id='word_1_524' title='bbox 1007 3802 1095 3830; x_wconf 88' lang='lat' dir='ltr'>eam</span> <span class='ocrx_word' id='word_1_525' title='bbox 1124 3791 1319 3840; x_wconf 85' lang='lat' dir='ltr'>regionem</span> <span class='ocrx_word' id='word_1_526' title='bbox 1343 3791 1430 3830; x_wconf 88' lang='lat' dir='ltr'>atti·</span> 
     </span>
     <span class='ocr_line' id='line_1_77' title="bbox 143 3849 1429 3905; baseline 0.002 -14"><span class='ocrx_word' id='word_1_527' title='bbox 143 3849 264 3900; x_wconf 64' lang='lat' dir='ltr'>‘git-‚set</span> <span class='ocrx_word' id='word_1_528' title='bbox 277 3881 290 3901; x_wconf 92' lang='lat'>,</span> <span class='ocrx_word' id='word_1_529' title='bbox 311 3851 352 3892; x_wconf 86' lang='lat' dir='ltr'>in</span> <span class='ocrx_word' id='word_1_530' title='bbox 370 3853 527 3893; x_wconf 86' lang='lat' dir='ltr'>Meliten</span> <span class='ocrx_word' id='word_1_531' title='bbox 546 3854 696 3894; x_wconf 81' lang='lat' dir='ltr'>sontem</span> <span class='ocrx_word' id='word_1_532' title='bbox 717 3855 877 3903; x_wconf 91' lang='lat' dir='ltr'>incidit;</span> <span class='ocrx_word' id='word_1_533' title='bbox 894 3855 1112 3905; x_wconf 86' lang='lat' dir='ltr'>statuitque</span> <span class='ocrx_word' id='word_1_534' title='bbox 1130 3854 1183 3893; x_wconf 90' lang='lat' dir='ltr'>ibi</span> <span class='ocrx_word' id='word_1_535' title='bbox 1199 3854 1358 3893; x_wconf 84' lang='lat' dir='ltr'>abluere</span> <span class='ocrx_word' id='word_1_536' title='bbox 1374 3854 1429 3893; x_wconf 88' lang='lat' dir='ltr'>in·</span> 
     </span>
     <span class='ocr_line' id='line_1_78' title="bbox 145 3913 1426 3968; baseline 0.002 -15"><span class='ocrx_word' id='word_1_537' title='bbox 145 3913 283 3965; x_wconf 74' lang='lat' dir='ltr'>santes,</span> <span class='ocrx_word' id='word_1_538' title='bbox 301 3916 515 3966; x_wconf 82' lang='lat' dir='ltr'>antequam</span> <span class='ocrx_word' id='word_1_539' title='bbox 531 3917 581 3956; x_wconf 89' lang='lat' dir='ltr'>ad</span> <span class='ocrx_word' id='word_1_540' title='bbox 598 3918 800 3958; x_wconf 84' lang='lat' dir='ltr'>Xanthum</span> <span class='ocrx_word' id='word_1_541' title='bbox 810 3917 1065 3968; x_wconf 87' lang='lat' dir='ltr'>pervenisset.</span> <span class='ocrx_word' id='word_1_542' title='bbox 1085 3917 1160 3957; x_wconf 86' lang='lat' dir='ltr'>Sed</span> <span class='ocrx_word' id='word_1_543' title='bbox 1178 3917 1287 3967; x_wconf 87' lang='lat' dir='ltr'>pulsa</span> <span class='ocrx_word' id='word_1_544' title='bbox 1300 3917 1390 3956; x_wconf 87' lang='lat' dir='ltr'>inde</span> <span class='ocrx_word' id='word_1_545' title='bbox 1405 3928 1426 3956; x_wconf 91' lang='lat' dir='ltr'>a</span> 
     </span>
     <span class='ocr_line' id='line_1_79' title="bbox 144 3978 1430 4032; baseline 0.002 -16"><span class='ocrx_word' id='word_1_546' title='bbox 144 3978 382 4028; x_wconf 76' lang='lat' dir='ltr'>pastoribus,</span> <span class='ocrx_word' id='word_1_547' title='bbox 399 3980 465 4029; x_wconf 86' lang='lat' dir='ltr'>qui</span> <span class='ocrx_word' id='word_1_548' title='bbox 483 3991 530 4020; x_wconf 90' lang='lat' dir='ltr'>eo</span> <span class='ocrx_word' id='word_1_549' title='bbox 546 3983 683 4032; x_wconf 84' lang='lat' dir='ltr'>potum</span> <span class='ocrx_word' id='word_1_550' title='bbox 699 3981 818 4021; x_wconf 83' lang='lat' dir='ltr'>boves</span> <span class='ocrx_word' id='word_1_551' title='bbox 830 3981 1018 4031; x_wconf 83' lang='lat' dir='ltr'>egissent,</span> <span class='ocrx_word' id='word_1_552' title='bbox 1035 3980 1224 4020; x_wconf 86' lang='lat' dir='ltr'>discessit.</span> <span class='ocrx_word' id='word_1_553' title='bbox 1245 3980 1340 4030; x_wconf 84' lang='lat' dir='ltr'>Lupi</span> <span class='ocrx_word' id='word_1_554' title='bbox 1359 3991 1430 4018; x_wconf 87' lang='lat' dir='ltr'>au-</span> 
     </span>
     <span class='ocr_line' id='line_1_80' title="bbox 143 4040 1427 4095; baseline 0.001 -14"><span class='ocrx_word' id='word_1_555' title='bbox 143 4040 223 4081; x_wconf 72' lang='lat' dir='ltr'>tam</span> <span class='ocrx_word' id='word_1_556' title='bbox 251 4042 412 4082; x_wconf 84' lang='lat' dir='ltr'>obvium</span> <span class='ocrx_word' id='word_1_557' title='bbox 450 4045 541 4084; x_wconf 81' lang='lat' dir='ltr'>sacti</span> <span class='ocrx_word' id='word_1_558' title='bbox 576 4047 616 4085; x_wconf 86' lang='lat' dir='ltr'>et</span> <span class='ocrx_word' id='word_1_559' title='bbox 650 4045 857 4085; x_wconf 85' lang='lat' dir='ltr'>adulantes</span> <span class='ocrx_word' id='word_1_560' title='bbox 883 4046 991 4095; x_wconf 78' lang='lat' dir='ltr'>deae,</span> <span class='ocrx_word' id='word_1_561' title='bbox 1027 4056 1152 4095; x_wconf 89' lang='lat' dir='ltr'>usque</span> <span class='ocrx_word' id='word_1_562' title='bbox 1192 4044 1242 4083; x_wconf 90' lang='lat' dir='ltr'>ad</span> <span class='ocrx_word' id='word_1_563' title='bbox 1273 4055 1427 4083; x_wconf 88' lang='lat' dir='ltr'>amnem</span> 
     </span>
     <span class='ocr_line' id='line_1_81' title="bbox 144 4104 1426 4160; baseline 0.002 -17"><span class='ocrx_word' id='word_1_564' title='bbox 144 4104 345 4145; x_wconf 74' lang='lat' dir='ltr'>Xanthum</span> <span class='ocrx_word' id='word_1_565' title='bbox 364 4107 549 4148; x_wconf 89' lang='lat' dir='ltr'>ductores</span> <span class='ocrx_word' id='word_1_566' title='bbox 559 4120 601 4150; x_wconf 86' lang='lat' dir='ltr'>se</span> <span class='ocrx_word' id='word_1_567' title='bbox 617 4110 692 4148; x_wconf 86' lang='lat' dir='ltr'>viae</span> <span class='ocrx_word' id='word_1_568' title='bbox 713 4110 983 4160; x_wconf 80' lang='lat' dir='ltr'>praebuerunt.</span> <span class='ocrx_word' id='word_1_569' title='bbox 999 4109 1123 4158; x_wconf 87' lang='lat' dir='ltr'>Cujus</span> <span class='ocrx_word' id='word_1_570' title='bbox 1138 4118 1282 4158; x_wconf 85' lang='lat' dir='ltr'>aquam</span> <span class='ocrx_word' id='word_1_571' title='bbox 1303 4119 1426 4157; x_wconf 89' lang='lat' dir='ltr'>quum</span> 
     </span>
    </p>
   </div>
   <div class='ocr_carea' id='block_1_26' title="bbox 119 4165 1427 4224">
    <p class='ocr_par' dir='ltr' id='par_1_28' title="bbox 119 4165 1427 4224">
     <span class='ocr_line' id='line_1_82' title="bbox 119 4165 1427 4224; baseline 0.004 -18"><span class='ocrx_word' id='word_1_572' title='bbox 119 4197 122 4200; x_wconf 18' lang='grc' dir='ltr'><em>Α</em></span> <span class='ocrx_word' id='word_1_573' title='bbox 145 4165 301 4209; x_wconf 85' lang='lat' dir='ltr'>bibisset</span> <span class='ocrx_word' id='word_1_574' title='bbox 323 4173 497 4222; x_wconf 87' lang='lat' dir='ltr'>Latona,</span> <span class='ocrx_word' id='word_1_575' title='bbox 518 4173 765 4224; x_wconf 78' lang='lat' dir='ltr'>infantesque</span> <span class='ocrx_word' id='word_1_576' title='bbox 799 4175 1007 4221; x_wconf 87' lang='lat' dir='ltr'>abluisset,</span> <span class='ocrx_word' id='word_1_577' title='bbox 1025 4173 1228 4212; x_wconf 81' lang='lat' dir='ltr'>Xanthum</span> <span class='ocrx_word' id='word_1_578' title='bbox 1260 4172 1427 4221; x_wconf 78' lang='lat' dir='ltr'>Apollini</span> 
     </span>
    </p>
   </div>
   <div class='ocr_carea' id='block_1_27' title="bbox 144 4235 1424 4287">
    <p class='ocr_par' dir='ltr' id='par_1_29' title="bbox 144 4235 1424 4287">
     <span class='ocr_line' id='line_1_83' title="bbox 144 4235 1424 4287; baseline 0.002 -17"><span class='ocrx_word' id='word_1_579' title='bbox 144 4235 367 4283; x_wconf 56' lang='lat' dir='ltr'>consecr-an</span> <span class='ocrx_word' id='word_1_580' title='bbox 394 4236 510 4275; x_wconf 81' lang='lat' dir='ltr'>terrae</span> <span class='ocrx_word' id='word_1_581' title='bbox 529 4237 661 4276; x_wconf 85' lang='lat' dir='ltr'>autem</span> <span class='ocrx_word' id='word_1_582' title='bbox 685 4248 775 4287; x_wconf 77' lang='lat' dir='ltr'>quae</span> <span class='ocrx_word' id='word_1_583' title='bbox 802 4238 898 4276; x_wconf 86' lang='lat' dir='ltr'>tunc</span> <span class='ocrx_word' id='word_1_584' title='bbox 925 4236 1098 4277; x_wconf 86' lang='lat' dir='ltr'>Trimilis</span> <span class='ocrx_word' id='word_1_585' title='bbox 1131 4235 1424 4285; x_wconf 76' lang='lat' dir='ltr'>appellabatur,</span> 
     </span>
    </p>
   </div>
   <div class='ocr_carea' id='block_1_28' title="bbox 1509 2841 2800 3215">
    <p class='ocr_par' dir='ltr' id='par_1_30' title="bbox 1509 2841 2800 3215">
     <span class='ocr_line' id='line_1_84' title="bbox 1515 2841 2800 2893; baseline -0.002 -11"><span class='ocrx_word' id='word_1_586' title='bbox 1515 2843 1647 2893; x_wconf 84' lang='lat' dir='ltr'>Lyciae</span> <span class='ocrx_word' id='word_1_587' title='bbox 1666 2852 1811 2882; x_wconf 90' lang='lat' dir='ltr'>nomen</span> <span class='ocrx_word' id='word_1_588' title='bbox 1827 2842 1934 2891; x_wconf 74' lang='lat' dir='ltr'>iecit,</span> <span class='ocrx_word' id='word_1_589' title='bbox 1955 2852 1979 2881; x_wconf 89' lang='lat' dir='ltr'>a</span> <span class='ocrx_word' id='word_1_590' title='bbox 1996 2841 2120 2892; x_wconf 86' lang='lat' dir='ltr'>lupis,</span> <span class='ocrx_word' id='word_1_591' title='bbox 2138 2841 2207 2891; x_wconf 90' lang='lat' dir='ltr'>qui</span> <span class='ocrx_word' id='word_1_592' title='bbox 2234 2842 2339 2880; x_wconf 72' lang='lat' dir='ltr'>viam</span> <span class='ocrx_word' id='word_1_593' title='bbox 2357 2842 2607 2891; x_wconf 67' lang='lat' dir='ltr'>praeiverant.</span> <span class='ocrx_word' id='word_1_594' title='bbox 2630 2844 2800 2881; x_wconf 81' lang='lat' dir='ltr'>Rursum</span> 
     </span>
     <span class='ocr_line' id='line_1_85' title="bbox 1515 2906 2800 2958; baseline -0.001 -12"><span class='ocrx_word' id='word_1_595' title='bbox 1515 2907 1656 2947; x_wconf 89' lang='lat' dir='ltr'>deinde</span> <span class='ocrx_word' id='word_1_596' title='bbox 1674 2907 1723 2947; x_wconf 87' lang='lat' dir='ltr'>ad</span> <span class='ocrx_word' id='word_1_597' title='bbox 1741 2909 1887 2947; x_wconf 80' lang='lat' dir='ltr'>fontem</span> <span class='ocrx_word' id='word_1_598' title='bbox 1905 2907 2107 2958; x_wconf 76' lang='lat' dir='ltr'>pervenit,</span> <span class='ocrx_word' id='word_1_599' title='bbox 2124 2906 2359 2957; x_wconf 86' lang='lat' dir='ltr'>supplicium</span> <span class='ocrx_word' id='word_1_600' title='bbox 2379 2906 2429 2946; x_wconf 91' lang='lat' dir='ltr'>de</span> <span class='ocrx_word' id='word_1_601' title='bbox 2453 2907 2674 2957; x_wconf 83' lang='lat' dir='ltr'>pastoribus</span> <span class='ocrx_word' id='word_1_602' title='bbox 2693 2918 2800 2946; x_wconf 85' lang='lat' dir='ltr'>sum·</span> 
     </span>
     <span class='ocr_line' id='line_1_86' title="bbox 1510 2969 2797 3020; baseline -0.002 -11"><span class='ocrx_word' id='word_1_603' title='bbox 1510 2971 1650 3020; x_wconf 88' lang='lat' dir='ltr'>ptura,</span> <span class='ocrx_word' id='word_1_604' title='bbox 1668 2971 1734 3020; x_wconf 87' lang='lat' dir='ltr'>qui</span> <span class='ocrx_word' id='word_1_605' title='bbox 1758 2970 1888 3010; x_wconf 90' lang='lat' dir='ltr'>adbuc</span> <span class='ocrx_word' id='word_1_606' title='bbox 1902 2969 2278 3009; x_wconf 82' lang='lat' dir='ltr'>bobuslavandisibi</span> <span class='ocrx_word' id='word_1_607' title='bbox 2299 2969 2504 3009; x_wconf 76' lang='lat' dir='ltr'>vacabant.</span> <span class='ocrx_word' id='word_1_608' title='bbox 2529 2972 2601 3009; x_wconf 76' lang='lat' dir='ltr'>Eos</span> <span class='ocrx_word' id='word_1_609' title='bbox 2616 2969 2688 3009; x_wconf 84' lang='lat' dir='ltr'>dea</span> <span class='ocrx_word' id='word_1_610' title='bbox 2710 2971 2797 3008; x_wconf 84' lang='lat' dir='ltr'>uni·</span> 
     </span>
     <span class='ocr_line' id='line_1_87' title="bbox 1513 3033 2800 3084; baseline 0 -12"><span class='ocrx_word' id='word_1_611' title='bbox 1513 3045 1643 3073; x_wconf 89' lang='lat' dir='ltr'>versos</span> <span class='ocrx_word' id='word_1_612' title='bbox 1658 3035 1698 3073; x_wconf 92' lang='lat' dir='ltr'>in</span> <span class='ocrx_word' id='word_1_613' title='bbox 1718 3045 1832 3074; x_wconf 88' lang='lat' dir='ltr'>ranas</span> <span class='ocrx_word' id='word_1_614' title='bbox 1849 3033 2043 3073; x_wconf 88' lang='lat' dir='ltr'>convertit</span> <span class='ocrx_word' id='word_1_615' title='bbox 2057 3034 2277 3083; x_wconf 81' lang='lat' dir='ltr'>;tergisque</span> <span class='ocrx_word' id='word_1_616' title='bbox 2290 3035 2327 3072; x_wconf 84' lang='lat' dir='ltr'>et</span> <span class='ocrx_word' id='word_1_617' title='bbox 2338 3033 2511 3072; x_wconf 83' lang='lat' dir='ltr'>humeris</span> <span class='ocrx_word' id='word_1_618' title='bbox 2523 3043 2659 3084; x_wconf 78' lang='lat' dir='ltr'>aspero</span> <span class='ocrx_word' id='word_1_619' title='bbox 2674 3034 2800 3084; x_wconf 83' lang='lat' dir='ltr'>lapide</span> 
     </span>
     <span class='ocr_line' id='line_1_88' title="bbox 1510 3098 2797 3150; baseline -0.003 -12"><span class='ocrx_word' id='word_1_620' title='bbox 1510 3099 1725 3150; x_wconf 86' lang='lat' dir='ltr'>percussis,</span> <span class='ocrx_word' id='word_1_621' title='bbox 1746 3099 1786 3139; x_wconf 94' lang='lat' dir='ltr'>in</span> <span class='ocrx_word' id='word_1_622' title='bbox 1809 3100 1956 3139; x_wconf 84' lang='lat' dir='ltr'>sontem</span> <span class='ocrx_word' id='word_1_623' title='bbox 1973 3098 2140 3148; x_wconf 85' lang='lat' dir='ltr'>conjecit</span> <span class='ocrx_word' id='word_1_624' title='bbox 2157 3098 2388 3148; x_wconf 86' lang='lat' dir='ltr'>victumque</span> <span class='ocrx_word' id='word_1_625' title='bbox 2407 3099 2448 3136; x_wconf 90' lang='lat' dir='ltr'>in</span> <span class='ocrx_word' id='word_1_626' title='bbox 2472 3098 2586 3147; x_wconf 86' lang='lat' dir='ltr'>aquis</span> <span class='ocrx_word' id='word_1_627' title='bbox 2601 3098 2797 3137; x_wconf 75' lang='lat' dir='ltr'>attribuit.</span> 
     </span>
     <span class='ocr_line' id='line_1_89' title="bbox 1509 3163 2690 3215; baseline -0.002 -11"><span class='ocrx_word' id='word_1_628' title='bbox 1509 3164 1620 3215; x_wconf 89' lang='lat' dir='ltr'>lique</span> <span class='ocrx_word' id='word_1_629' title='bbox 1645 3165 1861 3204; x_wconf 87' lang='lat' dir='ltr'>etiamnum</span> <span class='ocrx_word' id='word_1_630' title='bbox 1884 3164 1990 3214; x_wconf 85' lang='lat' dir='ltr'>apud</span> <span class='ocrx_word' id='word_1_631' title='bbox 2009 3175 2144 3203; x_wconf 81' lang='lat' dir='ltr'>amnes</span> <span class='ocrx_word' id='word_1_632' title='bbox 2175 3166 2212 3202; x_wconf 78' lang='lat' dir='ltr'>et</span> <span class='ocrx_word' id='word_1_633' title='bbox 2230 3163 2391 3212; x_wconf 77' lang='lat' dir='ltr'>paludes</span> <span class='ocrx_word' id='word_1_634' title='bbox 2411 3163 2690 3203; x_wconf 72' lang='lat' dir='ltr'>vociferantur.</span> 
     </span>
    </p>
   </div>
   <div class='ocr_carea' id='block_1_29' title="bbox 2134 3240 2175 3277">
    <p class='ocr_par' dir='ltr' id='par_1_31' title="bbox 2134 3240 2175 3277">
     <span class='ocr_line' id='line_1_90' title="bbox 2134 3240 2175 3277; baseline -0.024 0"><span class='ocrx_word' id='word_1_635' title='bbox 2134 3240 2175 3277; x_wconf 88' lang='grc'>3.</span> 
     </span>
    </p>
   </div>
   <div class='ocr_carea' id='block_1_30' title="bbox 1508 3318 2790 3430">
    <p class='ocr_par' dir='ltr' id='par_1_32' title="bbox 1508 3318 2790 3430">
     <span class='ocr_line' id='line_1_91' title="bbox 1561 3318 2790 3368; baseline -0.003 -9"><span class='ocrx_word' id='word_1_636' title='bbox 1561 3319 1732 3359; x_wconf 73' lang='grc' dir='ltr'>ΒΙῑιιάιιε</span> <span class='ocrx_word' id='word_1_637' title='bbox 1747 3318 1864 3363; x_wconf 87' lang='lat' dir='ltr'>‚urbs</span> <span class='ocrx_word' id='word_1_638' title='bbox 1881 3319 2081 3368; x_wconf 76' lang='lat' dir='ltr'>Phrygiae,</span> <span class='ocrx_word' id='word_1_639' title='bbox 2102 3330 2123 3356; x_wconf 81' lang='lat' dir='ltr'>a</span> <span class='ocrx_word' id='word_1_640' title='bbox 2144 3319 2314 3366; x_wconf 78' lang='lat' dir='ltr'>Blando,</span> <span class='ocrx_word' id='word_1_641' title='bbox 2338 3319 2404 3367; x_wconf 84' lang='lat' dir='ltr'>qui</span> <span class='ocrx_word' id='word_1_642' title='bbox 2422 3318 2553 3356; x_wconf 80' lang='lat' dir='ltr'>locum</span> <span class='ocrx_word' id='word_1_643' title='bbox 2569 3327 2660 3356; x_wconf 87' lang='lat' dir='ltr'>eum</span> <span class='ocrx_word' id='word_1_644' title='bbox 2679 3327 2790 3366; x_wconf 77' lang='lat' dir='ltr'>repe·</span> 
     </span>
     <span class='ocr_line' id='line_1_92' title="bbox 1508 3382 2407 3430; baseline -0.002 -9"><span class='ocrx_word' id='word_1_645' title='bbox 1508 3382 1585 3430; x_wconf 90' lang='lat' dir='ltr'>rit,</span> <span class='ocrx_word' id='word_1_646' title='bbox 1610 3392 1754 3422; x_wconf 90' lang='lat' dir='ltr'>nomen</span> <span class='ocrx_word' id='word_1_647' title='bbox 1771 3385 1886 3421; x_wconf 83' lang='lat' dir='ltr'>nacta</span> <span class='ocrx_word' id='word_1_648' title='bbox 1901 3412 1912 3430; x_wconf 95' lang='lat'><strong><em>‚</em></strong></span> <span class='ocrx_word' id='word_1_649' title='bbox 1931 3383 1990 3422; x_wconf 89' lang='lat' dir='ltr'>uti</span> <span class='ocrx_word' id='word_1_650' title='bbox 2011 3384 2251 3422; x_wconf 67' lang='lat' dir='ltr'>Menecrates</span> <span class='ocrx_word' id='word_1_651' title='bbox 2277 3382 2407 3420; x_wconf 64' lang='lat' dir='ltr'>referi,</span> 
     </span>
    </p>
   </div>
   <div class='ocr_carea' id='block_1_31' title="bbox 2131 3458 2174 3496">
    <p class='ocr_par' dir='ltr' id='par_1_33' title="bbox 2131 3458 2174 3496">
     <span class='ocr_line' id='line_1_93' title="bbox 2131 3458 2174 3496; baseline 0 0"><span class='ocrx_word' id='word_1_652' title='bbox 2131 3458 2174 3496; x_wconf 81' lang='lat'>4.</span> 
     </span>
    </p>
   </div>
   <div class='ocr_carea' id='block_1_32' title="bbox 1502 3528 2794 4275">
    <p class='ocr_par' dir='ltr' id='par_1_34' title="bbox 1502 3528 2794 4275">
     <span class='ocr_line' id='line_1_94' title="bbox 1560 3528 2794 3580; baseline -0.003 -10"><span class='ocrx_word' id='word_1_653' title='bbox 1560 3533 1798 3570; x_wconf 84' lang='lat' dir='ltr'>Menecrates</span> <span class='ocrx_word' id='word_1_654' title='bbox 1818 3531 2012 3571; x_wconf 77' lang='lat' dir='ltr'>Xantliius</span> <span class='ocrx_word' id='word_1_655' title='bbox 2036 3531 2202 3580; x_wconf 84' lang='lat' dir='ltr'>Trojam</span> <span class='ocrx_word' id='word_1_656' title='bbox 2217 3533 2366 3571; x_wconf 68' lang='lat' dir='ltr'>Grzceis</span> <span class='ocrx_word' id='word_1_657' title='bbox 2386 3532 2435 3569; x_wconf 80' lang='lat' dir='ltr'>ab</span> <span class='ocrx_word' id='word_1_658' title='bbox 2459 3533 2576 3571; x_wconf 79' lang='lat' dir='ltr'>AEnea</span> <span class='ocrx_word' id='word_1_659' title='bbox 2601 3528 2794 3579; x_wconf 82' lang='lat' dir='ltr'>proditam</span> 
     </span>
     <span class='ocr_line' id='line_1_95' title="bbox 1507 3592 2792 3645; baseline -0.003 -13"><span class='ocrx_word' id='word_1_660' title='bbox 1507 3594 1680 3633; x_wconf 86' lang='lat' dir='ltr'>allirmat</span> <span class='ocrx_word' id='word_1_661' title='bbox 1691 3624 1702 3643; x_wconf 90' lang='lat'>,</span> <span class='ocrx_word' id='word_1_662' title='bbox 1721 3596 1879 3644; x_wconf 88' lang='lat' dir='ltr'>propter</span> <span class='ocrx_word' id='word_1_663' title='bbox 1895 3595 2116 3634; x_wconf 62' lang='lat' dir='ltr'>simultates</span> <span class='ocrx_word' id='word_1_664' title='bbox 2132 3606 2231 3645; x_wconf 85' lang='lat' dir='ltr'>quas</span> <span class='ocrx_word' id='word_1_665' title='bbox 2246 3605 2336 3634; x_wconf 83' lang='lat' dir='ltr'>cuni</span> <span class='ocrx_word' id='word_1_666' title='bbox 2368 3593 2590 3633; x_wconf 70' lang='lat' dir='ltr'>Alexandro</span> <span class='ocrx_word' id='word_1_667' title='bbox 2606 3592 2762 3641; x_wconf 79' lang='lat' dir='ltr'>gerebat</span> <span class='ocrx_word' id='word_1_668' title='bbox 2783 3606 2792 3628; x_wconf 89' lang='lat'>:</span> 
     </span>
     <span class='ocr_line' id='line_1_96' title="bbox 1506 3655 2793 3707; baseline -0.003 -11"><span class='ocrx_word' id='word_1_669' title='bbox 1506 3660 1626 3707; x_wconf 89' lang='lat' dir='ltr'>atque</span> <span class='ocrx_word' id='word_1_670' title='bbox 1648 3658 1700 3696; x_wconf 92' lang='lat' dir='ltr'>ob</span> <span class='ocrx_word' id='word_1_671' title='bbox 1716 3657 1820 3696; x_wconf 86' lang='lat' dir='ltr'>istud</span> <span class='ocrx_word' id='word_1_672' title='bbox 1834 3657 2070 3697; x_wconf 81' lang='lat' dir='ltr'>beneficium</span> <span class='ocrx_word' id='word_1_673' title='bbox 2092 3660 2252 3698; x_wconf 78' lang='lat' dir='ltr'>Graecos</span> <span class='ocrx_word' id='word_1_674' title='bbox 2269 3657 2339 3707; x_wconf 82' lang='lat' dir='ltr'>ipsi</span> <span class='ocrx_word' id='word_1_675' title='bbox 2361 3655 2600 3706; x_wconf 81' lang='lat' dir='ltr'>permisisse,</span> <span class='ocrx_word' id='word_1_676' title='bbox 2620 3657 2661 3693; x_wconf 84' lang='lat' dir='ltr'>ut</span> <span class='ocrx_word' id='word_1_677' title='bbox 2681 3665 2793 3692; x_wconf 86' lang='lat' dir='ltr'>suam</span> 
     </span>
     <span class='ocr_line' id='line_1_97' title="bbox 1505 3717 2792 3761; baseline -0.005 -1"><span class='ocrx_word' id='word_1_678' title='bbox 1505 3721 1668 3760; x_wconf 87' lang='lat' dir='ltr'>domum</span> <span class='ocrx_word' id='word_1_679' title='bbox 1690 3722 1882 3761; x_wconf 86' lang='lat' dir='ltr'>servaret.</span> <span class='ocrx_word' id='word_1_680' title='bbox 1900 3723 1936 3760; x_wconf 82' lang='lat' dir='ltr'>is</span> <span class='ocrx_word' id='word_1_681' title='bbox 1958 3723 2093 3760; x_wconf 85' lang='lat' dir='ltr'>autem</span> <span class='ocrx_word' id='word_1_682' title='bbox 2113 3732 2224 3760; x_wconf 87' lang='lat' dir='ltr'>suam</span> <span class='ocrx_word' id='word_1_683' title='bbox 2249 3721 2449 3759; x_wconf 76' lang='lat' dir='ltr'>historiam</span> <span class='ocrx_word' id='word_1_684' title='bbox 2473 3720 2522 3757; x_wconf 89' lang='lat' dir='ltr'>ab</span> <span class='ocrx_word' id='word_1_685' title='bbox 2549 3717 2705 3758; x_wconf 79' lang='lat' dir='ltr'>Achillis</span> <span class='ocrx_word' id='word_1_686' title='bbox 2728 3718 2792 3755; x_wconf 82' lang='lat' dir='ltr'>su-</span> 
     </span>
     <span class='ocr_line' id='line_1_98' title="bbox 1505 3783 2790 3836; baseline -0.004 -12"><span class='ocrx_word' id='word_1_687' title='bbox 1505 3796 1598 3824; x_wconf 84' lang='lat' dir='ltr'>nere</span> <span class='ocrx_word' id='word_1_688' title='bbox 1616 3786 1842 3836; x_wconf 87' lang='lat' dir='ltr'>auspicatus</span> <span class='ocrx_word' id='word_1_689' title='bbox 1871 3785 1910 3824; x_wconf 88' lang='lat' dir='ltr'>in</span> <span class='ocrx_word' id='word_1_690' title='bbox 1941 3786 2046 3825; x_wconf 85' lang='lat' dir='ltr'>bunc</span> <span class='ocrx_word' id='word_1_691' title='bbox 2070 3786 2234 3825; x_wconf 89' lang='lat' dir='ltr'>modum</span> <span class='ocrx_word' id='word_1_692' title='bbox 2250 3786 2382 3824; x_wconf 72' lang='lat' dir='ltr'>scribit</span> <span class='ocrx_word' id='word_1_693' title='bbox 2404 3800 2413 3822; x_wconf 69' lang='grc' dir='ltr'>ι</span> <span class='ocrx_word' id='word_1_694' title='bbox 2440 3800 2458 3817; x_wconf 69' lang='grc' dir='ltr'>α</span> <span class='ocrx_word' id='word_1_695' title='bbox 2483 3786 2637 3822; x_wconf 62' lang='grc' dir='ltr'>αιτιοι-ος</span> <span class='ocrx_word' id='word_1_696' title='bbox 2658 3783 2790 3819; x_wconf 77' lang='lat' dir='ltr'>autern</span> 
     </span>
     <span class='ocr_line' id='line_1_99' title="bbox 1504 3845 2788 3900; baseline -0.007 -11"><span class='ocrx_word' id='word_1_697' title='bbox 1504 3850 1692 3889; x_wconf 83' lang='lat' dir='ltr'>moestitia</span> <span class='ocrx_word' id='word_1_698' title='bbox 1707 3850 1889 3899; x_wconf 87' lang='lat' dir='ltr'>tenebat,</span> <span class='ocrx_word' id='word_1_699' title='bbox 1907 3852 1946 3890; x_wconf 90' lang='lat' dir='ltr'>et</span> <span class='ocrx_word' id='word_1_700' title='bbox 1969 3851 2167 3890; x_wconf 82' lang='lat' dir='ltr'>exercitus</span> <span class='ocrx_word' id='word_1_701' title='bbox 2185 3850 2315 3900; x_wconf 84' lang='lat' dir='ltr'>capite</span> <span class='ocrx_word' id='word_1_702' title='bbox 2333 3860 2374 3887; x_wconf 82' lang='lat' dir='ltr'>se</span> <span class='ocrx_word' id='word_1_703' title='bbox 2397 3848 2566 3897; x_wconf 80' lang='lat' dir='ltr'>privatos</span> <span class='ocrx_word' id='word_1_704' title='bbox 2589 3845 2788 3883; x_wconf 63' lang='lat' dir='ltr'>existima-</span> 
     </span>
     <span class='ocr_line' id='line_1_100' title="bbox 1504 3908 2787 3965; baseline -0.005 -11"><span class='ocrx_word' id='word_1_705' title='bbox 1504 3916 1614 3955; x_wconf 89' lang='lat' dir='ltr'>bant.</span> <span class='ocrx_word' id='word_1_706' title='bbox 1629 3916 1672 3955; x_wconf 89' lang='lat' dir='ltr'>Ei</span> <span class='ocrx_word' id='word_1_707' title='bbox 1687 3918 1819 3954; x_wconf 89' lang='lat' dir='ltr'>autem</span> <span class='ocrx_word' id='word_1_708' title='bbox 1829 3917 2032 3955; x_wconf 86' lang='lat' dir='ltr'>exstructo</span> <span class='ocrx_word' id='word_1_709' title='bbox 2044 3916 2239 3965; x_wconf 86' lang='lat' dir='ltr'>sepulcro,</span> <span class='ocrx_word' id='word_1_710' title='bbox 2252 3916 2380 3953; x_wconf 86' lang='lat' dir='ltr'>totum</span> <span class='ocrx_word' id='word_1_711' title='bbox 2392 3922 2526 3961; x_wconf 76' lang='lat' dir='ltr'>agrum</span> <span class='ocrx_word' id='word_1_712' title='bbox 2544 3908 2787 3957; x_wconf 80' lang='lat' dir='ltr'>(Trojanuml</span> 
     </span>
     <span class='ocr_line' id='line_1_101' title="bbox 1503 3974 2785 4031; baseline -0.008 -12"><span class='ocrx_word' id='word_1_713' title='bbox 1503 3980 1606 4019; x_wconf 87' lang='lat' dir='ltr'>bello</span> <span class='ocrx_word' id='word_1_714' title='bbox 1622 3991 1799 4030; x_wconf 87' lang='lat' dir='ltr'>premere</span> <span class='ocrx_word' id='word_1_715' title='bbox 1812 3982 2085 4031; x_wconf 84' lang='lat' dir='ltr'>perrexerunt,</span> <span class='ocrx_word' id='word_1_716' title='bbox 2103 3979 2228 4018; x_wconf 82' lang='lat' dir='ltr'>donec</span> <span class='ocrx_word' id='word_1_717' title='bbox 2248 3981 2380 4017; x_wconf 74' lang='lat' dir='ltr'>AEneae</span> <span class='ocrx_word' id='word_1_718' title='bbox 2395 3974 2609 4025; x_wconf 76' lang='lat' dir='ltr'>proditione</span> <span class='ocrx_word' id='word_1_719' title='bbox 2626 3976 2785 4021; x_wconf 79' lang='lat' dir='ltr'>capium</span> 
     </span>
     <span class='ocr_line' id='line_1_102' title="bbox 1503 4035 2785 4092; baseline -0.009 -9"><span class='ocrx_word' id='word_1_720' title='bbox 1503 4048 1561 4082; x_wconf 81' lang='lat' dir='ltr'>est</span> <span class='ocrx_word' id='word_1_721' title='bbox 1579 4043 1711 4082; x_wconf 86' lang='lat' dir='ltr'>ilium.</span> <span class='ocrx_word' id='word_1_722' title='bbox 1742 4046 1882 4083; x_wconf 84' lang='lat' dir='ltr'>AEneas</span> <span class='ocrx_word' id='word_1_723' title='bbox 1901 4043 2005 4083; x_wconf 87' lang='lat' dir='ltr'>enim</span> <span class='ocrx_word' id='word_1_724' title='bbox 2020 4072 2032 4092; x_wconf 91' lang='lat'>,</span> <span class='ocrx_word' id='word_1_725' title='bbox 2050 4042 2156 4092; x_wconf 85' lang='lat' dir='ltr'>quod</span> <span class='ocrx_word' id='word_1_726' title='bbox 2178 4041 2216 4079; x_wconf 88' lang='lat' dir='ltr'>iu</span> <span class='ocrx_word' id='word_1_727' title='bbox 2234 4041 2342 4079; x_wconf 88' lang='lat' dir='ltr'>nullo</span> <span class='ocrx_word' id='word_1_728' title='bbox 2363 4038 2484 4087; x_wconf 77' lang='lat' dir='ltr'>pretio</span> <span class='ocrx_word' id='word_1_729' title='bbox 2501 4035 2603 4086; x_wconf 88' lang='lat' dir='ltr'>apud</span> <span class='ocrx_word' id='word_1_730' title='bbox 2622 4036 2785 4074; x_wconf 74' lang='lat' dir='ltr'>Alexan-</span> 
     </span>
     <span class='ocr_line' id='line_1_103' title="bbox 1502 4102 2782 4158; baseline -0.008 -12"><span class='ocrx_word' id='word_1_731' title='bbox 1502 4107 1618 4146; x_wconf 89' lang='lat' dir='ltr'>drum</span> <span class='ocrx_word' id='word_1_732' title='bbox 1641 4109 1742 4148; x_wconf 69' lang='lat' dir='ltr'>esset</span> <span class='ocrx_word' id='word_1_733' title='bbox 1756 4138 1767 4158; x_wconf 95' lang='lat'>,</span> <span class='ocrx_word' id='word_1_734' title='bbox 1790 4110 1831 4147; x_wconf 90' lang='lat' dir='ltr'>et</span> <span class='ocrx_word' id='word_1_735' title='bbox 1850 4108 1900 4147; x_wconf 90' lang='lat' dir='ltr'>ab</span> <span class='ocrx_word' id='word_1_736' title='bbox 1916 4108 2099 4147; x_wconf 85' lang='lat' dir='ltr'>omnibus</span> <span class='ocrx_word' id='word_1_737' title='bbox 2114 4104 2318 4145; x_wconf 77' lang='lat' dir='ltr'>sacerdotii</span> <span class='ocrx_word' id='word_1_738' title='bbox 2341 4102 2552 4142; x_wconf 83' lang='lat' dir='ltr'>bonoribus</span> <span class='ocrx_word' id='word_1_739' title='bbox 2571 4103 2782 4148; x_wconf 78' lang='lat' dir='ltr'>arceretur,</span> 
     </span>
     <span class='ocr_line' id='line_1_104' title="bbox 1503 4164 2783 4217; baseline -0.008 -7"><span class='ocrx_word' id='word_1_740' title='bbox 1503 4171 1649 4210; x_wconf 84' lang='lat' dir='ltr'>Priami</span> <span class='ocrx_word' id='word_1_741' title='bbox 1671 4182 1733 4211; x_wconf 61' lang='grc' dir='ltr'>τω</span> <span class='ocrx_word' id='word_1_742' title='bbox 1748 4172 1903 4211; x_wconf 78' lang='lat' dir='ltr'>evertit.</span> <span class='ocrx_word' id='word_1_743' title='bbox 1932 4170 1999 4210; x_wconf 85' lang='lat' dir='ltr'>His</span> <span class='ocrx_word' id='word_1_744' title='bbox 2015 4172 2146 4207; x_wconf 85' lang='lat' dir='ltr'>autem</span> <span class='ocrx_word' id='word_1_745' title='bbox 2171 4166 2418 4217; x_wconf 81' lang='lat' dir='ltr'>perpetratis,</span> <span class='ocrx_word' id='word_1_746' title='bbox 2441 4164 2535 4201; x_wconf 64' lang='lat' dir='ltr'>rixis</span> <span class='ocrx_word' id='word_1_747' title='bbox 2556 4166 2783 4200; x_wconf 60' lang='lat' dir='ltr'>curvorum</span> 
     </span>
     <span class='ocr_line' id='line_1_105' title="bbox 1505 4236 1760 4275; baseline 0.004 -1"><span class='ocrx_word' id='word_1_748' title='bbox 1505 4238 1560 4274; x_wconf 80' lang='lat' dir='ltr'>cst</span> <span class='ocrx_word' id='word_1_749' title='bbox 1580 4236 1719 4275; x_wconf 80' lang='lat' dir='ltr'>sarius.</span> <span class='ocrx_word' id='word_1_750' title='bbox 1743 4253 1760 4268; x_wconf 87' lang='lat'>»</span> 
     </span>
    </p>
   </div>
  </div>
 </body>
</html>
