3016 4628
1001 343 1437 394 TEGEATARUM
1465 342 1860 402 *RESPUBLICA
1874 381 1884 392 .

138 466 334 531 εἴρηται,
357 459 540 516 σώζεται
569 454 638 503 διὰ
672 453 741 501 τὸν
778 452 931 519 τρπον·
971 450 1223 508 ξενηλασίας
1254 449 1337 515 γὰρ
1372 449 1420 496 τὸ

11 530 56 583 “·-
103 579 107 584 ,
137 539 284 602 πόρρω
307 532 554 589 πεποίηκεν.
577 526 653 576 Διὸ
677 524 751 573 καὶ
774 523 820 570 τὸ
846 527 927 571 τῶν
949 523 1175 587 περιοίκων
1195 522 1311 584 μένει
1336 523 1421 574 τοῖς

140 608 308 674 Κρησὶν
323 642 336 664 ,
359 607 397 651 οἱ
422 605 458 650 δ’
483 599 650 651 εἵλωτες
673 596 931 662 ἀφίστανται
955 594 1183 648 πολλάκις·
1219 593 1314 641 οὔτε
1338 593 1422 657 γὰρ

131 680 386 744 ἐξωτερικῆς
408 676 542 740 ἀρχῆς
558 673 824 718 κοινωνοῦσιν
843 670 880 714 οἱ
900 670 1084 731 Κρῆτες,
1105 666 1258 713 νεωστί
1275 685 1320 713 τε
1343 665 1420 712 πό-

146 755 277 815 λεμος
317 747 469 805 ξενικὸς
503 741 757 800 διαὸέὸηκεν
793 742 852 794 εἷς
874 738 952 797 τὴν
977 743 1121 797 ν’ῆσον,
1147 737 1190 792 ὃς
1213 737 1422 813 πεποίηκε

144 822 328 890 φανερὰν
345 818 421 876 τὴν
446 814 664 864 ἀσθένειαν
687 816 770 860 τῶν
796 815 886 860 ἐκεῖ
905 812 1064 873 νόμων.
1117 810 1228 876 Περὶ
1253 810 1329 874 μὲν
1350 814 1421 857 οὐν

138 896 293 953 ταύτης
313 891 494 957 εἰρήσθω
512 889 687 935 τοσαῦθ’
705 886 904 1004 ἓμῒὶτῆς
921 883 1154 937 πολιτείας.
1171 884 1189 946 ]

741 963 770 1006 8
830 995 840 1006 .

201 1039 361 1096 [Idem
383 1037 486 1082 Pol.
511 1035 621 1093 VII,
649 1049 704 1092 9,
736 1049 754 1076 1
785 1048 795 1076 :
822 1033 975 1076 Minos
997 1032 1174 1091 primus
1193 1033 1242 1075 in
1266 1032 1425 1075 classes

137 1112 366 1172 populum
381 1107 535 1153 divisit
546 1123 558 1162 ;
573 1105 700 1150 idem
719 1100 946 1150 συσσιτίων
971 1113 1149 1149 auctor.
1166 1130 1231 1136 —
1244 1104 1350 1159 VII,
1378 1117 1421 1158 2,

140 1184 167 1230 5
199 1200 209 1228 t
235 1183 374 1243 Leges
394 1190 438 1225 et
461 1179 676 1224 educatio
700 1178 947 1221 maximam
965 1186 1147 1235 partem
1168 1176 1228 1220 ad
1248 1176 1423 1220 bellum

111 1264 355 1316 spectant.
379 1278 441 1288 --
461 1254 500 1307 Ι,
533 1267 574 1307 1,
594 1251 650 1294 6:
677 1246 957 1310 Ἐπιμενίδης
982 1250 1003 1293 ὁ
1024 1245 1141 1311 Κρὴς
1157 1246 1424 1308 ὃμοκάπνους

134 1330 338 1389 appellat
352 1343 432 1372 eos
453 1327 533 1385 qui
550 1325 770 1369 familiam
795 1325 1000 1382 aliquam
1034 1324 1320 1367 constituunt
1337 1321 1421 1382 (cf.

138 1403 281 1460 Resp.
309 1396 680 1458 Catanaeorum).
708 1423 773 1430 —-
805 1398 876 1452 ΙΙ,
905 1411 930 1439 2
949 1430 961 1452 ,
994 1411 1049 1440 10
1079 1412 1088 1439 ε
1141 1392 1210 1442 Τὰ
1227 1393 1325 1457 περὶ
1347 1391 1424 1446 τὰς

134 1472 303 1529 κτήσεις
339 1471 381 1516 ἐν
410 1467 703 1529 Λακεδαίμονι
727 1466 802 1514 καὶ
838 1466 992 1531 Κρήτῃ
1018 1467 1103 1520 τοῖς
1135 1465 1366 1519 συσσιτίοις
1401 1468 1422 1511 ὁ

133 1541 363 1606 νομοθέτης
399 1539 639 1589 ἐκοίνωσεν.
681 1568 743 1576 -
782 1542 854 1596 ΙΙ,
895 1540 950 1596 6,
991 1556 1047 1585 21
1081 1556 1091 1584 ε
1129 1539 1422 1600 Syssitior‘um

133 1618 391 1662 institutum
429 1614 555 1674 apud
587 1613 760 1661 Laced.
795 1614 915 1657 male
949 1628 996 1657 se
1018 1613 1161 1658 habet
1199 1622 1424 1672 quatenus

132 1689 390 1748 symbolam
409 1686 469 1731 ad
488 1701 542 1730 ea
555 1699 938 1744 unumquemque
961 1684 1174 1730 conferre
1198 1694 1387 1744 oportet
1407 1701 1418 1728 ε

133 1758 218 1806 ἔδει
240 1759 324 1822 γὰρ
346 1756 433 1804 ἀπὸ
453 1761 593 1804 κοινοῦ
620 1757 782 1819 μᾶλλον
814 1747 922 1802 εἶναι
952 1753 1030 1812 τὴν
1063 1754 1254 1816 σύνοδον,
1281 1755 1422 1803 καθοί-

133 1849 213 1894 περ
232 1834 273 1879 ἐν
289 1827 455 1894 Κρήτῃ.
467 1831 604 1885 -ΙΙ,
619 1830 666 1885 6,
685 1829 709 1873 3
736 1830 983 1874 :Thessalis
998 1838 1043 1873 et
1060 1829 1423 1874 Lacedaemoniis

107 1905 332 1949 ·Penestae
362 1912 409 1947 et
426 1902 606 1950 Helotae
629 1903 792 1961 saepius
817 1917 968 1961 remp.
1008 1903 1256 1946 turbarunt
1285 1918 1295 1946 :
1321 1900 1419 1964 περὶ

134 1972 177 2020 δὲ
202 1971 297 2028 τοὺς
317 1976 494 2038 Κρῆτας
518 1970 636 2019 οὐδέν
662 1991 731 2019 πω
751 1975 938 2019 τοιοῦτον
965 1971 1261 2034 συμὸέόηκεν·
1286 1971 1419 2020 αἴτιον

133 2044 169 2091 δ’
195 2043 296 2099 ἴσως
318 2043 365 2092 τὸ
386 2043 460 2098 τὰς
483 2042 733 2107 γειτνιώσας
754 2043 920 2103 πόλεις,
957 2044 1113 2110 καίπερ
1147 2044 1421 2107 πολεμούσας

134 2117 365 2175 ἀλλήλαις,
390 2116 606 2179 μηδεμίαν
625 2109 734 2163 εἶναι
759 2115 993 2181 σύμμαχον
1017 2124 1105 2171 τοῖς
1118 2117 1422 2182 ἀφισταμένοις

102 2239 103 2242 ¹
133 2189 203 2235 διὰ
226 2188 273 2236 τὸ
306 2188 367 2251 μὴ
393 2187 623 2254 συμφέρειν
654 2187 729 2235 καὶ
763 2189 912 2240 αὐταῖς
943 2188 1228 2251 κεκτημέναις
1251 2190 1419 2254 περιοί-

132 2281 243 2316 κους.
263 2265 560 2309 Contrarium
579 2272 677 2308 erat
696 2263 822 2322 apud
842 2262 1264 2325 Lacedaemonios.]

587 2385 628 2430 Τ
635 2385 710 2432 ΕΓ
718 2384 946 2432 ΕΑἸῺΝ.

737 2492 814 2552 89.

197 2599 352 2646 Scliol.
372 2600 595 2658 Apollon.
617 2600 708 2645 Rh.
733 2601 803 2655 ΙΙ,
820 2600 931 2656 264,
951 2600 1010 2645 de
1023 2602 1281 2647 Arcadibus
1304 2605 1408 2649 Pro-

66 2667 68 2670 *
131 2671 295 2716 selenis
313 2685 449 2731 agens
476 2686 487 2717 ε
513 2668 803 2733 Ἀριστοτέλης
827 2669 870 2716 δὲ
895 2673 936 2717 ἐν
955 2674 1008 2734 τῇ
1033 2674 1263 2734 Τεγεατῶν
1290 2677 1419 2721 πολι-

132 2739 225 2805 τείᾳ
251 2741 377 2806 φησὶν
409 2740 473 2787 ὅτι
496 2741 706 2807 βάρὸαροι
736 2741 812 2798 τὴν
836 2742 1062 2803 Ἀρκαδίαν
1086 2742 1287 2809 ᾤκησαν,
1310 2746 1420 2793 οἵτι-

133 2831 198 2865 νες
221 2812 510 2870 ἔξεὸλήθησαν
537 2812 619 2860 ὑπὸ
642 2817 726 2860 τῶν
747 2814 962 2876 Ἀρκάδων
990 2816 1249 2878 ἐπιθεμένων
1278 2820 1418 2873 αὐτοῖς

132 2884 215 2947 πρὸ
236 2889 309 2931 τοῦ
339 2885 548 2931 ἐπιτεῖλαι
580 2884 655 2942 τὴν
682 2884 863 2944 σελήνην
882 2902 894 2914 ·
925 2885 989 2933 διὸ
1019 2888 1416 2951 κατωνομοίσθησαν

59 2974 71 2990 ·=
134 2955 414 3020 Προσέληνοι.

196 3032 252 3074 In
280 3032 423 3079 schol.
459 3033 618 3077 Aldin.
643 3033 702 3077 ad
726 3034 1023 3097 Aristophan.
1050 3037 1176 3084 Nub.
1205 3037 1295 3095 387
1322 3040 1418 3084 haec

132 3105 361 3148 transtulit
383 3106 621 3161 Musurus,
642 3121 732 3164 pro
758 3103 840 3150 ὑπὸ
864 3108 948 3152 τῶν
970 3105 1085 3170 Ἀρκ.
1111 3111 1316 3155 scribens
1333 3110 1416 3157 ὑπὸ

0 3214 3 3226 ,
133 3174 216 3218 τῶν
237 3177 306 3218 νῦν
332 3173 447 3238 Ἀρκ.
466 3185 512 3220 et
529 3177 698 3221 deinde
711 3176 1153 3239 προσωνομάσθησαν.
1176 3207 1240 3214 --
1258 3184 1417 3242 Expo-

130 3246 214 3291 sita
253 3248 515 3293 Aristotelis
545 3251 794 3309 sententia,
833 3251 1078 3296 scholiasta
1121 3268 1176 3297 ex
1225 3256 1418 3301 Duridis

141 3337 2623 3375 wm—

2691 364 2774 406 133

1497 451 1617 494 libro
1628 451 1711 495 XV
1727 450 1865 494 refert
1881 451 2126 494 Arcadiam
2145 468 2316 497 nomen
2338 457 2506 502 habere
2525 462 2581 503 ab
2602 467 2783 510 Arcade

1499 523 1783 567 orchomeni
1816 521 1931 568 filio.
1961 523 2101 579 Quod
2138 539 2280 581 quum
2307 528 2417 571 nihil
2454 535 2687 588 pertinere
2708 541 2781 581 vi—

1496 594 1660 638 deatur
1690 594 1750 637 ad
1785 594 2106 653 explicandam
2139 595 2413 658 προσελήνων
2445 606 2643 650 nominis
2677 612 2777 653 ori—

1495 667 1649 725 ginem
1663 699 1677 722 ‚
1710 665 1899 710 fortasse
1924 682 2031 710 cum
2066 668 2444 715 antecedentibus
2482 675 2545 718 ita
2583 680 2783 737 conjun-

1496 738 1702 797 gendum
1722 747 1811 793 est,
1838 748 1891 782 ut
1909 748 2159 783 statuamus
2181 742 2409 786 Duridem
2432 746 2480 787 in
2497 747 2567 790 his
2585 751 2716 795 sicuti
2737 755 2783 797 in

1495 811 1594 854 aliis
1609 811 1765 854 multis
1778 812 2074 855 Aristotelem
2091 821 2299 856 secutum
2317 830 2409 858 esse
2421 849 2434 871 ,
2461 825 2597 876 atque
2614 822 2785 868 Orcho-

1495 885 1620 927 meni
1646 881 1888 943 (primitus
1910 881 2202 946 Ἐρχομένου,
2221 894 2273 929 ut
2297 888 2346 930 in
2366 888 2594 948 inscriptt.
2630 904 2674 937 et
2694 912 2784 940 nu-

1495 955 1598 1000 mis.
1613 957 1668 1002 V.
1686 956 1867 1000 Miiller.
1882 957 2006 999 Min.
2022 971 2072 1015 p.
2093 972 2110 999 1
2122 972 2200 1015 29,
2215 958 2405 1006 Boeckh.
2417 961 2592 1007 OEcon.
2606 980 2653 1022 p.
2677 966 2783 1027 383)

1496 1025 1594 1069 filio
1617 1026 1814 1070 indicari
1838 1027 2090 1071 adventum
2121 1039 2283 1072 eorum
2298 1064 2310 1085 ‚
2338 1032 2419 1088 qui
2438 1034 2614 1090 priscos
2639 1039 2785 1083 Arca—

1498 1099 1584 1143 diae
1620 1100 1794 1144 incolas
1829 1100 2064 1158 ejecerint.
2098 1103 2190 1146 Res
2223 1104 2319 1162 ipsa
2346 1104 2589 1151 referenda
2614 1110 2673 1154 ad
2697 1114 2784 1156 Mi-

1499 1187 1609 1230 nyas
1629 1173 1710 1231 qui
1727 1173 1775 1215 in
1787 1172 1921 1216 Elide
1933 1173 2063 1217 sedes
2077 1174 2329 1221 habebant.
2351 1176 2566 1223 Ceterum
2582 1182 2679 1226 haec
2696 1200 2788 1228 me·

1498 1259 1601 1287 rum
1623 1245 1861 1303 scriptoris
1877 1243 2058 1305 (malim
2077 1246 2524 1310 Orchomeniorum)
2550 1268 2789 1299 commen-

1498 1324 1594 1359 tum
1617 1331 1709 1360 esse
1728 1316 1915 1360 videtur
1935 1318 2133 1362 Miillero
2151 1320 2260 1365 Dor.
2292 1322 2363 1376 ΙΙ,
2391 1337 2440 1380 p.
2462 1323 2542 1380 68,
2569 1342 2614 1371 n.
2639 1344 2684 1371 2.
2722 1356 2785 1362 —

1499 1387 1764 1432 Scholiastae
1803 1388 1946 1433 verba
1989 1387 2052 1434 διὸ
2091 1389 2495 1450 κατωνομοίσθησαν
2534 1397 2789 1461 προσέληνοι

1496 1459 1613 1502 nihil
1632 1474 1685 1503 ac
1705 1461 2000 1504 Aristotelem
2012 1463 2248 1520 pertinere
2270 1466 2490 1524 opinatur
2505 1468 2787 1529 Grashofius,

1495 1532 1622 1576 haud
1643 1532 1784 1577 dubie
1800 1549 1967 1592 parum
1981 1534 2122 1595 digna
2135 1535 2420 1597 philosopho
2437 1539 2633 1591 habens„
2644 1544 2792 1588 Scho-

1497 1605 1626 1649 liasta
1645 1614 1804 1664 aperte
1818 1606 1950 1650 aliter
1961 1609 2118 1651 statuit
2135 1622 2148 1667 3
2171 1618 2324 1668 neque
2343 1610 2602 1671 quidquam
2627 1625 2693 1661 est
2709 1633 2792 1661 cur

1497 1691 1667 1721 errasse
1677 1678 1965 1723 scholiastam
1978 1682 2409 1740 censeamus.Quam
2420 1699 2532 1729 vero
2543 1684 2684 1732 fidem
2692 1691 2793 1734 Ari-

1497 1749 1682 1793 stoteles
1694 1748 1918 1807 ejusmodi
1933 1751 2260 1797 traditionibus
2268 1753 2502 1813 habuerit,
2514 1757 2563 1801 id
2576 1759 2623 1802 in
2633 1761 2790 1805 medio

1499 1821 1878 1880 relinquendum.
1908 1850 1974 1857 -—
1987 1825 2203 1869 Aliorum
2221 1836 2483 1873 commenta
2506 1829 2565 1873 de
2581 1831 2793 1878 Prosele-

1496 1892 1566 1935 nis
1589 1894 1684 1937 istis
1705 1894 1969 1940 Arcadibus
1991 1896 2098 1940 vide
2120 1897 2247 1956 apud
2269 1899 2416 1944 schol.
2441 1902 2664 1961 Apollon.
2686 1906 2714 1949 l.
2737 1906 2768 1952 l.

1561 1965 1702 2024 Apud
1726 1967 2010 2012 Clementem
2032 1970 2082 2012 in
2111 1971 2407 2030 Protreptico
2446 1988 2497 2032 p.
2532 1973 2560 2018 8
2584 1976 2710 2034 Sylb.
2737 1993 2793 2023 ex

1495 2037 1742 2083 Aristotele
1761 2050 2062 2086 recensentur
2074 2043 2315 2101 Apollines
2332 2045 2540 2104 quinque
2552 2081 2564 2102 ‚
2589 2063 2791 2107 quorum

1496 2119 1713 2168 quartum
1729 2114 1864 2171 ponit
1881 2111 1952 2158 τὸν
1977 2112 2165 2177 Ἀρκάδα
2179 2112 2251 2164 τὸν
2269 2116 2482 2173 Σειληνοῦ
2493 2135 2502 2144 ·
2518 2117 2659 2179 νόμιος
2673 2113 2793 2174 οἶτος

1485 2178 1710 2238 ’κέκληται
1725 2185 1831 2246 παρ’
1859 2183 2076 2248 Ἀρκάσιν.
2112 2189 2221 2231 Haec
2241 2196 2394 2232 tamen
2416 2205 2515 2236 non
2537 2206 2594 2236 ex
2616 2194 2793 2238 Politiis

1496 2255 1638 2312 petita
1659 2265 1786 2312 sunt,
1809 2257 1889 2301 sed
1912 2260 2081 2317 procul
2097 2259 2242 2303 dubio
2256 2293 2268 2314 ‚
2289 2275 2396 2304 cum
2430 2262 2788 2310 Schneidewino

1500 2323 1789 2386 (Philologus
1812 2328 1920 2375 fasc.
1948 2332 1982 2384 Ι,
2030 2347 2104 2377 an.
2140 2330 2288 2393 1846)
2319 2333 2565 2379 referenda
2602 2336 2663 2380 ad
2697 2339 2790 2382 Pe-

1494 2397 1623 2454 plum
1645 2400 1902 2444 Aristotelis
1931 2400 2002 2462 (v.
2027 2403 2147 2447 infra
2182 2404 2241 2451 fr.
2274 2403 2365 2457 284
2386 2405 2416 2465 ).
2442 2407 2654 2454 Fortasse
2674 2424 2788 2454 vero

1495 2483 1553 2511 ex
1586 2470 1818 2515 Arcadum
1849 2474 1968 2533 Rep.
2007 2477 2178 2534 petitus
2217 2486 2283 2520 est
2312 2478 2442 2521 locus
2477 2477 2536 2522 de
2571 2482 2784 2537 musicis,

1494 2554 1633 2597 quem
1652 2556 1791 2600 supra
1824 2543 1906 2604 (fr.
1949 2545 2006 2603 87
2029 2544 2040 2608 )
2062 2546 2158 2604 jam
2194 2547 2533 2608 adscripsimus.
2557 2553 2788 2608 Quantam

1491 2613 1585 2654 vim
1617 2616 1788 2660 musica
1820 2615 1870 2660 in
1899 2619 2164 2663 leniendam
2188 2622 2350 2679 priscae
2392 2622 2495 2665 vitae
2535 2623 2788 2670 ruditatem

1492 2685 1617 2742 apud
1641 2684 1846 2733 ArEades
1869 2694 2156 2749 exercuerit,
2185 2694 2342 2738 multis
2366 2702 2411 2737 et
2438 2697 2623 2755 egregie
2644 2713 2786 2757 expo·

1492 2757 1560 2799 nit
1583 2759 1819 2818 Polybius.
1849 2764 1939 2808 Vix
1969 2766 2142 2809 intacta
2166 2766 2262 2810 haec
2283 2767 2475 2825 reliquit
2498 2769 2782 2816 Aristoteles.

1558 2830 1742 2875 Nomen
1771 2836 2030 2881 Aristotelis
2052 2837 2241 2882 fortasse
2261 2839 2590 2898 reponendum
2615 2852 2681 2886 est
2706 2859 2782 2905 ap.

1493 2901 1638 2946 schol.
1666 2906 1894 2964 Apollon.
1916 2910 2074 2955 Rhod.
2103 2910 2149 2966 Ι,
2183 2910 2290 2967 164,
2316 2911 2396 2955 ubi
2417 2925 2427 2957 ζ
2447 2910 2695 2977 Λυκούργου
2715 2915 2788 2960 καὶ

1491 2968 1710 3029 Ἀντιόπης
1734 2973 1955 3038 Ἀγκαῖος,
1981 2987 2162 3040 τιμᾶται
2187 2979 2230 3028 δὲ
2247 2981 2349 3046 παρ’
2371 2981 2599 3046 Ἀρκάσιν,
2615 2978 2676 3037 ’ὥς
2698 3004 2785 3051 φη-

1492 3059 1558 3086 σιν
1585 3041 1904 3108 Ἀριστομένης.
1931 3055 2002 3096 De
2026 3056 2199 3098 Ancaeo
2220 3055 2403 3100 Arcade
2430 3057 2595 3100 eodem
2615 3057 2722 3116 jure
2739 3060 2787 3102 in

1491 3117 1726 3162 Arcadum
1756 3123 1874 3181 Rep.
1908 3126 2178 3171 Aristoteles
2204 3127 2360 3172 dicere
2394 3130 2575 3188 potuit,
2605 3116 2699 3188 quo
2725 3131 2784 3175 de

1490 3190 1660 3235 Ancaeo
1682 3194 1836 3239 Samio
1861 3196 1978 3241 dixit
2009 3199 2058 3242 in
2084 3201 2203 3259 Rep.
2232 3201 2510 3247 Samiorum.
2540 3200 2610 3247 Cf.
2634 3211 2787 3248 tamen

1494 3276 1536 3306 v,
1562 3264 1876 3312 Aristomenes
1900 3270 1950 3313 in
1973 3271 2289 3331 Scriptorihus
2313 3275 2453 3320 aetatis
2464 3274 2673 3319 incertae.

131 3384 233 3423 Nam
256 3394 386 3433 neque
404 3395 528 3434 quum
547 3385 632 3424 ullo
650 3385 817 3436 imperio
837 3389 1002 3427 externo
1033 3389 1181 3429 habent
1207 3402 1420 3433 commune
1494 3398 1604 3439 cidit..
1631 3404 1761 3442 Causa
1777 3406 1912 3447 autem
1930 3407 2049 3457 hujus
2069 3408 2125 3449 rei
2153 3410 2319 3450 sortasse
2342 3411 2423 3460 est,
2442 3411 2549 3461 quod
2567 3412 2676 3450 nulla
2692 3412 2784 3451 fini-

107 3463 111 3467 -
130 3447 348 3497 quidquam
374 3450 511 3489 Cretes
532 3465 541 3487 ε
562 3451 602 3489 et
620 3461 702 3490 non
727 3451 782 3490 ita
802 3451 955 3504 pridem
972 3452 1123 3492 bellurn
1148 3455 1359 3495 externum
1378 3458 1420 3496 in

129 3509 296 3551 insulam
311 3513 550 3572 translatum
566 3515 650 3564 est,
668 3515 777 3565 quod
792 3515 1063 3556 infirmitatem
1080 3517 1210 3566 legum
1223 3549 1233 3567 ‚
1258 3531 1350 3569 quae
1366 3521 1418 3559 ibi

59 3570 88 3584 ’“
110 3575 247 3678 (81ῗὲιῖιῖ
242 3577 466 3679 11pastiitifeeit.
490 3579 549 3617 De
564 3573 639 3617 hac
662 3578 781 3628 igitur
808 3580 1012 3629 republica
1044 3580 1237 3620 hactenus
1256 3593 1279 3621 a
1307 3584 1421 3623 nobis

786 3705 831 3749 b.

183 3770 307 3823 [Quae
321 3773 371 3814 ad
397 3774 576 3814 fortunas
593 3776 634 3815 et
649 3710 983 3815 rengifii'amiliarem
1000 3778 1210 3828 pertinent,
1233 3778 1417 3819 Lacedae·

60 3839 62 3842 '
132 3846 250 3877 mone
263 3839 359 3878 etin
383 3841 503 3879 Creta
519 3841 711 3886 conviviis
733 3851 780 3880 ac:
802 3840 994 3881 sodalitiis
1012 3841 1248 3882 introductis
1262 3843 1418 3894 legisla-

98 3904 103 3912 '
131 3900 197 3940 tor
216 3903 442 3958 eommunia
467 3903 576 3943 feeit.

184 3966 436 4015 Syssitiorum
452 3968 677 4008 institutum
692 3970 801 4020 apud
821 3969 1142 4013 Lacedaemonios
1160 3971 1265 4009 male
1281 3980 1322 4009 se
1351 3971 1415 4010 lia-

52 4030 54 4034 '
69 4013 98 4073 s,
132 4025 200 4068 bet
213 4031 405 4079 quatenus
413 4026 630 4081 symbolam
643 4032 694 4071 ad
702 4043 749 4072 ea
761 4043 1088 4083 unumquemque
1100 4033 1278 4071 conferre
1297 4044 1412 4082 opor-

0 4098 4 4127 Ι
88 4127 99 4138 ,Ἴ
132 4091 206 4132 tet.
225 4094 441 4142 Oportebat
453 4096 558 4134 enim
573 4098 735 4146 sumptu
750 4096 913 4147 publico
931 4097 1175 4136 conventum
1187 4097 1300 4136 illum
1317 4097 1416 4146 lieri,

133 4155 466 4204 quemadmodum
485 4158 527 4197 in
546 4161 676 4199 Creta.

182 4218 374 4263 Thessalis
385 4222 424 4261 et
435 4222 740 4262 Lacedaemoniis
756 4225 928 4264 Penestae
941 4225 981 4263 et
990 4225 1149 4264 Helotes
1164 4225 1306 4275 saepius
1319 4235 1419 4264 rem-

87 4298 89 4301 ·
114 4271 331 4334 ‘publicam
350 4285 572 4327 turbarunt.
597 4289 853 4329 Cretensibus
873 4291 1005 4329 autem
1033 4289 1227 4328 nihildum
1251 4290 1329 4328 tale
1353 4300 1415 4329 ae-

1491 3463 1681 3507 timarum
1694 3469 1914 3522 civitatum,
1928 3475 2113 3523 quamvis
2122 3475 2224 3514 inter
2237 3486 2279 3515 se
2287 3476 2437 3515 bellum
2450 3479 2600 3526 gerant,
2612 3477 2787 3526 proebeat

1491 3539 1534 3567 se
1551 3528 1646 3569 belli
1660 3533 1807 3574 sociam
1819 3565 1830 3584 ‚
1849 3536 2095 3577 auxiliumve
2115 3539 2215 3577 serat
2231 3539 2356 3578 servis
2375 3539 2415 3578 in
2430 3539 2610 3578 dominos
2629 3541 2784 3590 conspi-

1491 3593 1670 3634 rantibus
1699 3598 1738 3636 et
1765 3609 1788 3636 a
1809 3600 1968 3640 civitate
1996 3601 2272 3641 deficientibus
2308 3619 2317 3642 z
2349 3602 2438 3641 ideo
2467 3603 2575 3652 quod
2607 3614 2685 3642 non
2708 3604 2781 3643 sibi

1493 3659 1675 3706 expediat
1695 3661 1772 3701 illis
1787 3665 1982 3704 auxilium
2015 3667 2139 3716 serre,
2161 3668 2208 3706 ut
2230 3678 2321 3717 quae
2345 3667 2465 3707 etiam
2489 3667 2633 3707 similes
2652 3678 2785 3708 servos

1492 3719 1657 3772 liabent,
1676 3735 1775 3775 quos
1795 3728 1990 3769 Perioecos
2005 3730 2192 3781 vocant]

1907 3858 2360 3907 TEGEATARUM.

2102 3990 2174 4030 89.

1541 4096 1771 4137 Aristoteles
1798 4097 1839 4137 in
1863 4100 2124 4148 Tegeatarum
2147 4098 2315 4147 Republ.
2344 4095 2439 4134 dicit
2470 4095 2564 4134 olim
2590 4094 2779 4134 barbaros

1491 4160 1697 4199 Arcadiam
1716 4161 1956 4201 inhabitasse
1971 4191 1982 4210 ,
1999 4162 2068 4211 qui
2086 4162 2199 4210 eJ'ecti
2230 4161 2307 4199 sint
2330 4159 2380 4197 ab
2397 4157 2611 4197 Arcadibus
2625 4167 2775 4207 aggres-

1490 4223 1542 4262 sis
1561 4234 1627 4263 eos
1646 4225 1737 4263 ante
1753 4227 1887 4264 ortum
1914 4225 2044 4272 lunae;
2068 4225 2158 4262 hinc
2184 4222 2353 4262 Arcadas
2380 4220 2676 4270 cognominatos
2692 4232 2776 4264 esse

1491 4289 1734 4329 Proselenos.
