3008 4542
2 4012 8 4046 f

2 4143 5 4150 ,
77 4161 83 4169 ⁸
153 4101 271 4145 Inde
305 4101 365 4145 ad
398 4104 612 4148 Herculis
647 4106 805 4164 apoth.
847 4122 921 4152 an.

1335 174 1748 235 FRAGMENTA.
2765 225 2863 271 527

41 312 49 321 ‚
217 273 420 328 quintum
462 275 576 316 vltoe
593 288 764 319 armum
801 282 963 335 egerit.
996 282 1083 325 Rei
1118 284 1250 342 hujus
1296 303 1501 335 comme-

130 361 131 367 κ
214 341 452 385 morandae
462 357 615 388 caussa
630 347 767 390 unice
779 350 928 406 posita
950 361 1048 395 erat
1062 353 1112 396 in
1124 356 1304 402 Amosis
1315 362 1504 406 nomine

136 403 146 471 ζ
214 428 353 472 quem
373 429 479 458 cum
497 416 625 474 Mose
649 427 694 461 et
721 420 894 464 Inacho
915 437 991 481 ap.
1026 426 1257 483 Apionem
1284 435 1503 492 componi

35 537 43 546 ι
188 493 470 532 notaverat.
491 487 596 546 Ipse
626 489 870 535 Africanus
890 494 1006 551 quid
1039 500 1174 542 statui
1211 502 1347 560 velit,
1381 505 1429 549 h.
1464 506 1497 549 l.

93 574 138 618 ³²:21»
209 564 307 601 non
326 557 524 613 indicat,
553 559 635 604 sed
660 576 718 605 ex
741 562 898 607 Graeca
920 564 1016 622 ejus
1046 568 1353 633 chronologia
1375 585 1502 634 patet

88 635 95 654 ⁶
150 663 155 685 ,¹
209 641 316 672 eum
335 629 392 673 ab
412 631 597 689 Apione
617 631 857 678 dissentire
878 649 934 679 eo
951 669 965 695 ‚
992 639 1124 696 quod
1153 642 1295 687 Mosis
1325 648 1498 694 exitum

120 692 150 743 ξ’
205 702 515 760 posteriorem
547 705 683 762 ponit
728 708 1016 765 temporibus
1051 712 1239 770 Inachi,
1277 731 1363 760 nec
1399 735 1498 764 non

196 774 410 830 'Amosis‚
436 783 662 833 quatenus
691 777 767 821 hic
787 778 836 821 in
866 779 953 824 hac
979 795 1031 825 re
1055 779 1290 843 tamquam
1313 792 1499 847 aequalis

203 843 325 889 illius
344 856 752 896 commemoratur.
768 851 836 893 Ex
853 851 1224 901 Manethonianis
1239 873 1352 904 vero
1372 862 1498 907 Afri-

203 917 307 962 cani
326 917 558 963 laterculis
574 929 701 980 patet
721 936 827 965 eum
843 923 893 966 in
911 925 1072 970 Exitus
1093 936 1302 988 tempore
1320 937 1496 979 eonsti-

91 1042 94 1048 Ι
202 989 377 1034 tuendo
399 991 692 1037 Manethonis
708 1009 806 1038 non
821 997 966 1055 magis
983 1012 1125 1056 quam
1139 1002 1336 1060 Apionis
1355 1007 1496 1052 ullam

199 1060 410 1107 habuisse
445 1064 695 1122 rationem3
739 1081 847 1111 nam
884 1083 972 1113 sec.
1011 1071 1345 1120 Manethonem
1393 1080 1492 1128 Afr.

198 1135 380 1183 Amosis
399 1150 546 1181 annus
559 1146 820 1196 postremus
841 1148 906 1183 est
934 1140 1054 1198 1657
1074 1176 1086 1199 ,
1110 1146 1192 1202 qui
1208 1147 1348 1208 longe
1367 1151 1494 1197 abest

197 1205 255 1248 ab
279 1221 402 1251 anno
440 1208 578 1267 1796.
600 1209 751 1269 quue
773 1212 926 1270 ipsum
946 1212 1192 1260 confirmat
1220 1222 1491 1266 sententiam

104 1270 126 1305 ’ἶ
196 1277 311 1321 nihil
349 1287 558 1339 'unquam
603 1282 873 1328 Africanum
909 1285 1036 1344 apud
1074 1288 1402 1337 Manethonem
1443 1295 1492 1338 in

194 1362 284 1394 suae
309 1352 626 1414 chronologiae
650 1357 846 1416 gratiam
875 1366 1097 1420 mutasse,
1130 1362 1212 1406 sed
1247 1365 1489 1412 tradidisse

4 1401 11 1449 3
65 1408 87 1463 ’.ἶ
104 1438 114 1467 ,3
194 1423 348 1480 qualia
371 1428 618 1485 acceperit.

114 1484 117 1485 ⁷
256 1496 360 1540 Alia
380 1498 497 1542 ratio
520 1508 585 1543 est
608 1514 770 1544 eorum
787 1535 800 1558 ,
840 1517 942 1562 quae
977 1504 1037 1548 ad
1059 1506 1490 1566 Misphramuthosis

187 1581 386 1627 regnum
413 1579 709 1629 annotantur,
742 1574 915 1618 scilicet
940 1574 1036 1633 ejus
1065 1581 1354 1638 temporibus
1381 1598 1489 1628 eve-

189 1639 307 1684 nisse
331 1640 559 1686 diluvium
587 1646 973 1694 Deucalioneum.
999 1650 1107 1694 Haec
1139 1652 1263 1695 enim
1287 1663 1353 1697 est
1375 1664 1486 1700 nota

184 1712 546 1769 synchronistica
567 1731 622 1760 ex
642 1717 849 1762 Africani
868 1727 1108 1778 systemate
1125 1723 1479 1787 chronologico.

185 1784 327 1843 Apud
364 1786 628 1846 Syncellum
662 1805 711 1849 p.
755 1789 871 1847 154,
907 1794 943 1836 Β
977 1793 1220 1840 Africanus
1255 1796 1483 1845 diluvium

85 1915 87 1918 Α
183 1857 376 1905 Deucal.
399 1861 594 1920 assignat
617 1878 741 1907 anno
765 1879 824 1920 70
843 1873 889 1895 ¹¹⁰
909 1865 1034 1909 Aodi
1045 1866 1244 1930 judieis3
1266 1870 1326 1914 ad
1355 1872 1498 1916 hune-

60 1939 86 1994 ,ἐξ
160 1930 163 1931 ’
187 1942 300 1972 vero
332 1930 443 1975 inde
473 1932 531 1976 ab
558 1934 698 1977 Exitu
719 1935 990 1980 Judaeorum
1021 1936 1035 1998 (
1058 1940 1202 2000 1796)
1235 1942 1479 1988 Africanus

82 1995 86 1998 ⁴
180 2011 371 2060 exputat
402 2019 548 2050 annos
568 2005 661 2051 225
684 2008 807 2052 hunc
829 2010 879 2052 in
904 2010 1098 2054 modum
1121 2027 1131 2055 :
1157 2018 1218 2065 40
1244 2029 1319 2060 an.
1340 2016 1480 2061 Mosis

181 2083 289 2132 post
308 2076 518 2133 Exitum;
544 2077 603 2122 25
638 2095 744 2125 ann.
765 2082 916 2125 Josuae
937 2080 1009 2142 (v.
1036 2085 1200 2130 Euseb.
1227 2086 1259 2131 1.
1289 2087 1321 2134 l.
1344 2086 1390 2147 );
1416 2088 1475 2133 30

178 2159 288 2192 ann.
308 2149 545 2193 seniorum
559 2165 572 2211 3
587 2151 759 2196 deinde
778 2157 838 2204 40
856 2168 964 2199 31111.
997 2152 1279 2218 Othonieli53
1317 2159 1372 2204 18
1397 2176 1472 2209 an.

50 2190 90 2261 *³2²ss
138 2267 142 2270 ,
177 2218 512 2282 Moabitarum3
538 2237 598 2278 70
629 2238 738 2270 ann.
770 2225 879 2269 Jodi
908 2223 1159 2285 (nimirum
1181 2230 1230 2272 in
1253 2231 1473 2277 Judicum

176 2298 353 2352 tempp.
370 2295 579 2353 sequitur
603 2296 748 2340 libros
766 2313 920 2342 sacros
935 2300 1082 2346 Judd.
1103 2298 1134 2362 ).
1165 2301 1316 2361 Igitur
1340 2305 1473 2349 dilu-

178 2364 307 2407 vium
326 2367 600 2411 Deucalion.
628 2369 794 2414 incidit
808 2371 858 2413 in
888 2386 1061 2416 annum
1098 2372 1214 2430 1571
1253 2372 1470 2436 (1596—

175 2434 300 2497 225)
339 2453 381 2481 3.
425 2439 475 2483 C.
529 2441 617 2484 Hic
655 2456 768 2485 vero
812 2457 957 2487 annus
1006 2445 1131 2489 cadit
1182 2447 1232 2490 in
1272 2463 1469 2510 regnum

172 2507 614 2568 Misphramuthosis.
643 2513 759 2558 Vide
777 2513 1028 2562 Canonem.

238 2583 471 2628 Hactenus
494 2583 553 2628 de
576 2584 810 2633 Africano,
837 2589 940 2632 Jam
962 2589 1200 2634 videamus
1220 2594 1463 2651 quomodo

170 2662 383 2714 tempora
439 2657 737 2702 adornaverit
789 2661 1090 2719 Ptolemaeus,
1136 2665 1243 2722 qui=
1274 2668 1466 2711 Amosin

106 2740 111 2745 ’
168 2729 393 2786 aequalem
421 2729 538 2773 dixit
557 2731 732 2774 Inachi.
758 2757 824 2765 -—
840 2732 1058 2790 Quamvis
1078 2736 1200 2788 enim
1218 2737 1329 2780 alibi
1351 2755 1463 2783 nus—

166 2801 294 2859 piam
324 2802 561 2846 Ptolemaei
592 2800 673 2846 fiat
701 2806 903 2862 mentio,
938 2808 1092 2851 nullus
1113 2817 1266 2852 tamen
1297 2810 1462 2857 dubito

167 2873 283 2931 quin
320 2883 595 2933 computum
630 2873 725 2931 ejus
754 2876 921 2921 reddat
953 2879 1161 2923 Clemens
1194 2881 1457 2930 Alexandr.

165 2945 339 2989 Strom.
366 2948 411 3003 I,
431 2962 483 3005 p.
512 2945 604 2991 335
626 2960 637 2992 z
657 2944 820 3006 γίνεται
842 2950 868 3004 ἡ
891 2946 1028 3002 ἔξοδος
1047 2947 1160 2995 κατὰ
1182 2946 1358 3014 Ἴναχον
1379 2953 1461 3017 πρὸ

164 3017 240 3072 τῆς
261 3017 486 3074 Σωθιακῆς
510 3016 707 3082 περιόδου
728 3019 868 3079 (1322
891 3037 934 3069 3.
955 3020 1030 3085 C.)
1055 3020 1289 3077 ἐξελθόντος
1304 3023 1355 3079 ,ἐξ
1378 3027 1458 3074 Αἷ-

163 3086 326 3150 γύπτου
351 3089 571 3142 Μωυσέως
594 3087 706 3136 ἔτεσι
729 3093 935 3155 πρότερον
960 3093 1220 3157 τριακοσίοις
1242 3098 1456 3161 τεσσαρά-

163 3178 294 3207 κοντα
319 3160 463 3208 πέντε.
496 3163 978 3223 1322><345=1667
1013 3183 1055 3211 a.
1083 3169 1136 3213 C.
1162 3171 1323 3214 Annus
1346 3187 1456 3216 vero

169 3228 291 3292 1667
314 3250 404 3282 sec.
431 3237 760 3280 Manethonem
783 3237 991 3282 Africani
1015 3248 1082 3283 est
1105 3242 1284 3285 Amosis
1312 3258 1458 3288 annus

162 3322 189 3351 a
210 3305 304 3352 fine
335 3308 467 3368 regni
502 3307 822 3352 duodecimus.
851 3310 998 3370 Igitur
1026 3311 1122 3355 haec
1147 3321 1332 3358 eatenus
1356 3323 1453 3359 tan-

141 3410 143 3412 -
161 3387 262 3424 tum
283 3395 383 3424 non
404 3395 594 3439 prorsus
618 3397 724 3425 cum
746 3380 1028 3426 Manethone
1053 3385 1283 3442 quadrant
1298 3420 1309 3441 ,
1341 3402 1453 3445 qua·

161 3460 294 3497 tenus
309 3454 334 3497 J
339 3453 535 3512 osephus
551 3468 607 3497 ex
623 3469 679 3497 eo
695 3454 836 3498 refert
853 3469 958 3498 eum
970 3465 1077 3514 post
1097 3458 1310 3515 expulsos
1325 3459 1452 3516 Hyk-

159 3539 232 3569 sos
257 3523 315 3580 (i.
342 3540 381 3571 e.
403 3534 511 3585 post
530 3526 717 3570 Exitum
741 3524 1038 3588 Judaeorum)
1060 3543 1270 3588 regnasse
1302 3530 1453 3576 adhue

159 3598 289 3642 annis
304 3596 383 3644 25.
403 3599 552 3658 Igitur
559 3600 719 3658 paullo
740 3600 872 3643 aliter
889 3601 1107 3660 AEgyptia
1119 3601 1364 3646 adornasse
1383 3605 1450 3646 vi-

158 3669 296 3714 detur
317 3668 606 3727 Ptolemaeus,
625 3671 781 3716 Graeca
799 3681 953 3716 autem
976 3681 1186 3732 tempora
1208 3675 1450 3732 quomodo

158 3742 447 3786 constituerit
461 3757 517 3787 ex
539 3743 706 3788 eodem
730 3744 964 3788 Clemente
998 3745 1029 3788 l.
1061 3745 1091 3791 l.
1118 3744 1350 3792 discimus,
1382 3749 1450 3791 Ita

157 3814 331 3858 scilicet
351 3830 362 3858 ε
1280 3882 1285 3887 ι

156 3885 317 3928 Inachi
363 3900 471 3933 ann.
520 3902 539 3930 1
551 3921 1030 3935 ............
1127 3888 1304 3934 1666¹l³
1332 3905 1370 3934 a.
1394 3890 1444 3937 C.

153 3956 271 4001 Inde
294 3956 355 4001 ad
376 3959 567 4006 Deucal.
593 3959 821 4005 diluvium
844 3976 915 4006 an.
947 3961 1091 4008 133=s³
1123 3960 1243 4005 1533

154 4027 272 4073 Inde
295 4029 354 4073 ad
375 4031 554 4090 Argon.
591 4032 794 4092 expedit.
837 4049 912 4080 an.
962 4033 1054 4150 2ὄὲ
1131 4035 1250 4080 1282

994 4106 1021 4150 6
1132 4122 1250 4162 1217

283 4201 516 4230 FRAGMENTA
541 4203 643 4231 msr.
671 4204 733 4232 Gn.
753 4214 795 4221 -—·
812 4204 900 4233 VOL·
934 4205 973 4232 u.

1581 297 1698 342 Inde
1730 302 1790 346 ad
1825 305 1974 367 Trojae
2015 312 2244 361 excidium
2285 334 2362 365 an.

2433 329 2492 377 al·
2570 343 2585 371 1
2602 329 2687 389 ¹93
2725 347 2767 379 a.
2811 334 2862 379 C.

1578 369 1693 415 Inde
1717 374 1777 417 ad
1799 376 1939 434 Iphiti
1962 381 2146 443 Olymp.

2260 406 2334 436 an.
2380 398 2471 453 417
2577 401 2670 456 776

1643 464 1860 513 Enotavit
1894 471 1991 517 haec
2023 475 2231 525 Clemens
2272 499 2297 527 e
2328 486 2582 548 Thrasyllo.
2628 495 2715 539 Hic
2747 512 2860 543 vero

1577 533 1839 595 Thrasyllus
1871 547 2105 601 putandus
2128 561 2194 595 est
2233 556 2518 617 Mendesius,
2560 565 2687 623 cujus
2712 571 2862 630 AEgy-

1569 610 1732 662 ptiaca
1762 611 1919 659 laudat
1942 618 2171 669 Plutarch.
2203 626 2272 670 De
2303 626 2413 674 fluv.
2449 648 2488 676 c.
2536 635 2610 683 16.
2646 640 2690 682 Is
2722 640 2863 700 igitur

1574 678 1807 727 Ptolemaei
1830 686 2054 735 Mendesii
2072 695 2271 741 rationes
2290 701 2548 751 reddiderit
2570 709 2642 752 vel
2661 714 2864 772 explica-

1572 750 1710 798 verit.
1750 756 1850 799 Jam
1882 760 1919 802 si
1948 777 2165 809 numeros
2194 770 2337 814 modo
2383 779 2616 834 appositos
2652 785 2861 829 conside-

1571 825 1920 897 raveriskfacile
1943 833 2215 896 intelligitur
2237 843 2530 892 Deucalionis
2549 859 2594 894 et
2613 853 2858 914 Argonau-

1571 900 1721 938 tarum
1739 905 1784 941 et
1803 896 2014 948 Herculis
2031 909 2230 964 epochas
2253 915 2358 958 satis
2375 928 2585 964 accurate
2598 915 2861 970 constitutas

1572 978 1664 1010 esse
1690 982 1747 1011 ex
1781 970 1958 1031 legibus
1993 979 2192 1038 antiquae
2222 983 2492 1032 Graecorum
2524 992 2856 1056 chronologiae.

1568 1037 1686 1081 Nam
1723 1039 1937 1090 ‘Herculis
1971 1063 2116 1095 annus
2153 1062 2218 1098 est
2262 1071 2379 1114 1217
2419 1061 2512 1105 sive
2559 1065 2714 1119 7><63
2755 1080 2860 1114 ante

1569 1109 1752 1170 Olymp.
1784 1129 1822 1158 1.
1856 1117 1976 1163 Hinc
2007 1121 2067 1165 ad
2096 1125 2383 1186 Argonautas
2408 1134 2515 1175 anni
2544 1134 2630 1190 63,
2659 1138 2769 1183 inde
2798 1142 2858 1185 ad

1571 1181 1796 1229 diluvium
1820 1187 1911 1233 252
1937 1190 1989 1250 (4
2005 1201 2046 1243 ><
2061 1194 2148 1255 63)
2170 1201 2279 1242 anni
2298 1206 2573 1249 numerandi
2594 1218 2740 1256 erant.
2763 1213 2854 1256 Pro

1568 1256 1735 1313 quibus
1771 1260 2032 1322 Thrasyllus
2071 1282 2250 1325 ponens
2283 1286 2428 1318 annos
2461 1274 2521 1319 65
2561 1286 2607 1322 et
2647 1278 2764 1338 251,
2806 1286 2855 1328 in

1565 1341 1742 1374 summa
1768 1346 1998 1378 annorum
2019 1352 2115 1382 uno
2144 1348 2324 1386 tantum
2354 1360 2476 1390 anno
2496 1363 2522 1392 a
2546 1359 2701 1396 vetere
2725 1369 2854 1398 com-

1564 1408 1681 1457 puto
1711 1402 1913 1454 aberrat.
1949 1408 2122 1454 Contra
2156 1414 2288 1470 quod
2318 1415 2487 1463 deinde
2516 1423 2709 1479 ponitur
2733 1415 2853 1471 inter

1558 1469 1793 1521 ,diluvium
1816 1485 1862 1520 et
1884 1479 2108 1524 Inachum
2131 1485 2326 1543 spatium
2340 1503 2568 1535 annorum
2595 1494 2758 1552 13373,
2782 1499 2847 1554 id,

1561 1546 1789 1610 suspicor,
1820 1549 1884 1592 ita
1912 1555 2175 1616 exputavit,
2204 1566 2256 1600 ut
2280 1570 2500 1616 quattuor
2532 1569 2849 1624 generationes

1562 1629 1854 1675 numeraret,
1901 1624 2154 1684 unicuique
2196 1643 2301 1672 cum
2346 1633 2593 1679 Herodoto
2643 1638 2847 1685 tribuens

1561 1702 1705 1734 annos
1729 1690 1878 1738 33113.

2161 1791 2240 1842 53.

1622 1893 1858 1952 Syncellus
1877 1911 1926 1956 p.
1960 1897 2047 1955 62,
2074 1900 2132 1957 C;
2158 1901 2246 1962 69,
2269 1903 2333 1963 C;
2359 1920 2434 1965 71,
2457 1908 2497 1950 D
2527 1923 2537 1951 r

1944 2020 2084 2068 KAT’
2121 2023 2446 2074 ΕΥΣΕΒΙΟΝ.

1618 2136 2105 2199 Ὀκτωκαιδεκοίτη
2145 2144 2430 2192 δυναστεία
2463 2151 2838 2199 Διοσπολιτῶν

1552 2210 1812 2270 βασιλέων
1835 2212 1910 2260 ιδ’.

1548 2273 1629 2329 ῗΩν
1649 2285 1815 2346 πρῶτος
1829 2282 1885 2330 ’Ἃ
1901 2304 2069 2346 μωσις
2090 2285 2164 2343 ἔτη
2187 2287 2266 2335 κε’.

1614 2353 1653 2418 β’
1678 2356 1722 2403 Χ
1737 2354 1905 2418 εὸρὼν
1928 2355 2118 2422 δεύτερος
2136 2358 2208 2414 ἔτη
2233 2359 2303 2423 ιγ’.

1614 2426 1652 2488 γ’
1681 2427 2125 2495 Ἀμμενῶφιςέτη
2150 2437 2239 2479 κα’.
2380 2434 2383 2435 ’

1609 2499 1644 2545 δ’
1669 2500 1887 2565 Μίφρης
1910 2501 1983 2558 ἔτη
2014 2502 2092 2552 ιδ’.

1604 2572 1640 2619 ἐ’
1668 2574 2200 2639 Μισφραγμούθωσις
2222 2575 2295 2634 ἔτη
2316 2578 2402 2632 κς’.

1607 2643 1748 2707 Ὁμοῦ
1767 2645 1841 2692 ἀπ’
1860 2639 1898 2693 ’A'
1907 2645 2084 2709 μώσεως
2099 2652 2172 2695 τοῦ
2192 2647 2363 2712 πρώτου
2381 2653 2456 2708 τῆς
2467 2652 2748 2716 προκειμένης
2766 2655 2827 2713 ιη’

1541 2716 1790 2771 δυναστείας
1812 2717 1891 2772 ἕως
1916 2720 2382 2784 Μισφραγμουθώσεως
2406 2725 2543 2787 ἀρχῆς
2558 2724 2670 2771 κατὰ
2695 2728 2831 2774 Εὐσέ-

1539 2788 1629 2836 ὅιον
1651 2789 1725 2848 ἔτη
1750 2790 1963 2854 γίγνονται
1984 2791 2064 2850 οα’,
2092 2794 2281 2856 βασιλεῖς
2300 2793 2425 2841 πέντε
2447 2795 2542 2842 ἀντὶ
2562 2800 2645 2843 τῶν
2665 2795 2725 2852 ἕξ·
2757 2798 2830 2846 τὸν

1536 2861 1620 2925 γὰρ
1643 2861 1844 2926 τέταρτον
1873 2863 2079 2926 Ἀμένσην
2108 2865 2424 2929 παραδραμὼν,
2456 2860 2505 2914 οὗ
2531 2870 2553 2914 ὁ
2586 2867 2828 2934 Ἀφρικανὸς

1536 2934 1610 2980 καὶ
1631 2936 1668 2981 οἳ
1690 2935 1831 2982 λοιποὶ
1857 2936 2121 2998 μέμνηνται,
2149 2935 2318 2998 ἔτηζθκθ
2343 2939 2470 2985 αὐτοῦ
2496 2939 2775 2989 ἐκολόὸωσεν.

1600 3006 1640 3062 ς’
1675 3008 1994 3070 Τούθμωσις
2014 3008 2087 3067 ἔτη
2109 3008 2163 3057 θ’.

1601 3087 1634 3143 ζ’
1674 3087 1737 3136 'A
1751 3087 1846 3150 μέν
1861 3108 1990 3155 ωφις
2027 3088 2101 3147 ἔτη
2128 3087 2213 3137 λα’.
2252 3081 2389 3143 Οὗτός
2430 3092 2543 3137 ἐστιν
2580 3095 2601 3138 ὁ
2636 3091 2824 3155 Μέμνων

1534 3151 1641 3206 εἶναι
1659 3160 1928 3222 νομιζόμενος
1949 3161 2022 3209 καὶ
2042 3161 2323 3234 ιρθεγγόμενος
2345 3161 2472 3216 λίθος.

1596 3233 1639 3291 η’
1667 3226 1921 3298 ῗΩροςέτη
1946 3234 2010 3290 λς’
2035 3228 2103 3297 (ἐν
2137 3227 2256 3301 ’ἄλλῳ
2283 3234 2370 3293 λη’,
2394 3239 2586 3295 rectius3
2611 3238 2823 3284 inlatim‘s

1535 3307 1701 3353 Euseb.
1723 3309 1783 3350 28
1806 3323 1816 3350 :
1846 3317 2066 3367 corrupte
2087 3307 2117 3369 ).

1596 3375 1631 3423 6¹
1658 3377 1705 3423 'A
1722 3378 1926 3441 χενχέρ
1942 3397 2032 3435 σης
2055 3377 2148 3442 [ἔτη
2170 3379 2244 3428 ιδ’.

1594 3447 1764 3513 Ἀθωρ
1781 3468 1822 3501 ις
1843 3447 1916 3506 ἔτη
1935 3450 1999 3496 MV
2027 3451 2142 3513 (leg.
2168 3451 2256 3515 θ’).

1597 3521 1895 3585 Κενχέρης]
1916 3523 1991 3584 ἔτη
2015 3534 2086 3576 ις.

1530 3600 1656 3648 Κατὰ
1687 3606 1834 3648 τοῦτον
1871 3603 2063 3659 Μωυσῆς
2091 3606 2168 3660 τῆς
2201 3602 2242 3657 ἐξ
2275 3601 2495 3663 Αἰγύπτου
2528 3599 2700 3665 πορείας
2726 3603 2808 3647 τῶν

1526 3673 1743 3721 Ἰουδαίων
1763 3673 1972 3736 ἡγήσατο.
1994 3676 2168 3738 (Addit
2194 3678 2388 3736 Syncell.
2410 3689 2421 3721 :
2448 3672 2587 3725 Μόνος
2608 3671 2811 3726 Εὖσέὸιος

1525 3744 1597 3791 ἐπὶ
1623 3744 1773 3792 τούτου
1792 3743 1908 3808 λέγει
1925 3745 2003 3804 τὴν
2025 3751 2101 3793 τοῦ
2126 3745 2302 3812 Ἰσραὴλ
2323 3743 2391 3791 διὰ
2411 3745 2628 3795 Μωυσέως
2648 3741 2803 3799 ἔξοδον,

1526 3815 1703 3877 μηδενὸς
1724 3818 1842 3881 αὐτῷ
1869 3816 1996 3881 λόγου
2028 3822 2359 3882 μαρτυροῦντος,
2386 3814 2497 3860 ἀλλὰ
2528 3813 2601 3860 καὶ
2630 3814 2804 3860 πάντων

1524 3887 1853 3950 ἐναντιουμένων
1873 3893 1958 3935 τῶν
1982 3889 2066 3953 πρὸ
2086 3892 2210 3936 αὐτοῦ
2226 3926 2237 3947 ,
2265 3891 2321 3941 ὡς
2342 3885 2562 3950 μαρτυρεῖ.
2584 3883 2596 3946 )

1591 3959 1616 4005 ι’
1655 3960 1918 4025 Ἀχερρῆς
1939 3959 2016 4017 ἔτη
2032 3960 2092 4018 η’.

1589 4032 1644 4079 ια’
1679 4035 1743 4082 Xe
1762 4037 1887 4099 ρρῆς
1909 4033 1983 4090 ἔτη
2011 4033 2074 4081 ιε’.
2584 4099 2594 4118 '
2671 4067 2693 4116 ,·
2752 4102 2777 4113 m

1587 4094 1662 4153 26².
1696 4104 1750 4153 ’A
1769 4113 1927 4170 ρμαϊς
1957 4110 1979 4152 ὃ
2015 4104 2087 4152 καὶ
2126 4102 2291 4156 Δαναὸς
2315 4101 2386 4159 ἔτη
2417 4102 2466 4159 ε’,
2504 4104 2580 4162 μεθ
2612 4097 2638 4144 ἃ
2665 4117 2711 4145 εκ
2726 4118 2800 4155 της

2627 4185 2669 4218 37
