3016 4628
60 438 61 441 ,
70 390 186 440 Καὶ
218 389 272 436 τὰ
295 387 424 436 λοιπὰ
447 388 518 435 τὸν
543 386 683 433 αὐτὸν
706 386 878 451 τρόπον.
913 384 1090 434 Τούτων
1127 385 1162 433 δ
1197 385 1375 431 ἕκαστον

47 454 180 511 Γῗρτῶν
197 461 362 518 ποδῶν,
386 460 443 512 ὡς
465 457 517 506 ἂν
541 460 594 521 τῇ
618 456 735 513 τάξει
758 460 833 521 θης
848 493 862 516 ,
883 455 933 503 τὸ
957 456 1062 503 αὐτὸ
1087 457 1241 520 μέτρον
1267 458 1373 502 ἀπο-

39 522 82 603 'L‘
77 528 244 592 δώσει,
270 529 425 583 οὕτως·

60 599 61 602 Γ
192 625 242 665 Σὲ
255 624 320 664 τὸν
338 623 464 675 βόλοις
479 622 720 674 νιφοκτύποις
737 621 998 672 δυσχείμερον.

192 681 447 733 Νιφοκτύποις
464 681 509 720 σὲ
525 681 591 720 τὸν
616 679 742 731 βόλοις
764 679 1030 731 δυσχείμερον.

16 747 26 780 Γ
79 740 181 815 ’Καὶ
196 760 261 809 ὅτι
279 763 363 808 τῶν
383 760 524 807 ποδῶν
542 757 719 813 ἔκαστός
735 760 826 806 ἐστι
846 757 1224 823 δεκαγροίμματος.
1246 755 1374 806 Ἔστι

68 834 164 890 καὶ
189 831 249 896 μὴ
274 836 420 880 τοῦτον
443 851 516 880 τον
538 831 725 896 τρόπον,
750 833 845 879 ἀλλ’
868 830 1021 896 ἑτέρως
1044 833 1246 889 ποιῆσαι,
1233 828 1374 918 ,ὥστε

184 1067 333 1118 Πέτρον
349 1065 493 1117 φράσον
510 1078 599 1116 μοι,
615 1070 692 1105 τῶν
709 1058 838 1107 ποδῶν
856 1066 990 1117 μέτρον
1006 1066 1146 1105 λαὸών.

184 1125 328 1167 Λαὸὼν
345 1124 478 1175 μέτρον
503 1137 568 1175 μοι
584 1127 661 1163 τῶν
681 1124 811 1164 ποδῶν
828 1124 962 1175 μέτρον
982 1124 1124 1175 φράσον

20 1224 30 1234 b
49 1222 77 1238 h
185 1182 244 1222 06
266 1181 452 1232 βούλομαι
467 1182 541 1233 γὰρ
555 1185 632 1221 τῶν
647 1182 777 1221 ποδῶν
795 1182 929 1233 μέτρον
946 1182 1090 1220 λαὸεῐν.

99 1280 114 1285 μ,
185 1239 329 1279 Αοιδεῖν
345 1239 480 1291 μέτρον
496 1239 571 1290 γὰρ
585 1242 664 1278 τῶν
682 1239 814 1279 ποδῶν
832 1240 877 1278 οὐ
897 1239 1100 1290 βούλομαι.

17 1311 40 1370 «Γῗ
149 1318 365 1384 Πίνδαρος
387 1318 432 1366 δὲ
454 1319 559 1384 πρὸς
590 1317 670 1376 τὴν
694 1320 1110 1383 ἀσιγμοποιηθεῖσαν
1141 1317 1255 1384 ᾠδὴν
1273 1356 1287 1382 ,
1313 1322 1371 1374 ὡς

129 1390 255 1446 αὐτός
284 1409 389 1457 φησι
416 1392 666 1455 Κλέαρχος,
696 1392 823 1439 οἱονεὶ
846 1390 998 1458 γρίφου
1024 1391 1135 1445 τινὸς
1167 1392 1211 1438 ἐν
1236 1393 1370 1452 μελο-

0 1460 38 1525 γ’)
59 1463 201 1528 ,ποιίᾳ
224 1462 608 1538 προὸληθέντος,“
584 1483 641 1518 υς
662 1465 834 1512 πολλῶν
854 1463 991 1530 τούτῳ
1019 1463 1372 1530 προσκρουόντων

174 1534 223 1582 τὸ
247 1535 455 1583 ἀδύνατον
479 1539 586 1582 εἶναι
611 1535 878 1600 ἀποσχέσθαι
899 1541 974 1584 τοῦ
999 1534 1158 1598 σίγμα,
1193 1554 1267 1582 και
1296 1534 1366 1582 διὰ

24 1601 67 1619 ’“Γ“
65 1605 130 1660 -τὸ
150 1605 212 1670 μὴ
235 1606 501 1670 δοκιμάζειν,
527 1607 723 1666 ἐποίησε·

23 1683 33 1697 Γ
52 1680 54 1682 Γ
183 1707 278 1759 Πρὶν
295 1706 363 1758 μὲν
379 1706 482 1757 εἷρπε
505 1707 765 1758 σχοινοτένειά
782 1709 815 1746 τ’
839 1708 950 1748 ἀοιδὰ
966 1706 981 1759 [
997 1706 1236 1759 διθυράμὸων
1254 1708 1267 1759 ]

181 1766 246 1805 καὶ
263 1765 307 1805 τὸ
328 1765 401 1805 σόιν
420 1765 599 1804 κίὸδαλον
620 1765 874 1816 ἀνθρώποισιν
891 1764 995 1816 [ἀπὸ
1012 1766 1216 1817 στομάτων
1230 1766 1258 1818 ].

27 1836 33 1882 ‘²
55 1839 234 1901 ,Ταῦτα
253 1849 538 1912 σημειώσαιτ’
559 1849 609 1896 ἄν
627 1869 690 1904 τις
712 1849 819 1915 πρὸς
839 1850 933 1906 τοὺς
952 1850 1197 1906 νοθεύοντας
1220 1851 1369 1900 Λάσου

23 1957 46 1967 .,
65 1941 154 1972 του
188 1921 450 1988 Ἑρμιονέως
472 1921 550 1980 τὴν
583 1920 766 1985 ἄσιγμον
788 1921 932 1988 ᾠδὴν,
965 1923 1102 1982 {iz-25⁹
1083 1923 1365 1990 επιγροίφεται

63 1987 332 2061 Γἰ”Κίνταυρομ

500 2091 650 2139 ΠΕΡΙ
683 2088 935 2140 ’ΥΠΝΟΥ.

467 2190 505 2236 Ε
537 2191 725 2238 LIBRO
758 2193 968 2238 PRIMO.

680 2291 758 2351 69·

30 2394 101 2458 ζ,
138 2390 368 2450 ,Iosephus
402 2391 454 2435 C
495 2392 666 2451 Apion.
707 2391 856 2447 1‚22
898 2407 910 2435 z

946 2388 1052 2437 εὈτι
1088 2388 1133 2436 δὲ
1156 2391 1204 2438 06
1240 2389 1366 2451 μόνον

44 2627 45 2630 ,
63 2579 79 2649 ξ’·
94 2599 126 2639 t
142 2599 194 2638 ad
210 2599 316 2639 hunc
333 2598 499 2653 modum
516 2598 680 2649 reliqua.
709 2600 864 2639 Horum
875 2598 1022 2650 pedum
1038 2611 1364 2650 unumquemque

83 2665 334 2718 ‘uocumque
352 2665 441 2704 loco
465 2674 610 2715 ponas,
640 2663 746 2704 idem
769 2665 942 2704 metrum
972 2665 1039 2704 ille
1057 2665 1208 2705 reddet.
1230 2665 1365 2704 Veluti

41 2727 45 2738 Γ
179 2742 228 2782 Σὲ
246 2742 312 2783 τὸν
334 2741 460 2793 βὸλοις
471 2741 716 2790 νιφοκτύποις
731 2742 996 2793 δυσχείμερον.

36 2857 39 2859 -
70 2857 89 2867 ,
180 2806 435 2857 Νιφοκτὺποις
457 2805 501 2844 σὲ
522 2805 587 2844 τὸν
611 2805 738 2856 βόλοις
761 2797 1009 2857 δυσγείμερον
1032 2808 1107 2846 etc.

36 2874 65 2912 Τ
74 2882 384 2945 μ’ῑιιιιᾶιιιιιᾳιιο
410 2882 552 2932 etiam,
583 2882 757 2932 singulos
782 2882 901 2933 ped'es
930 2882 1066 2922 decem
1093 2884 1204 2935 [imo
1233 2886 1366 2926 unde-

33 2934 87 2978 fist*
104 2946 187 2999 lm]
207 2946 348 2986 litteris
366 2947 560 2986 constare.
593 2946 706 2986 Licet
739 2957 831 2986 vero
854 2946 974 2986 etiam
994 2957 1074 2986 non
1105 2948 1267 2999 eadem,
1299 2952 1367 2991 sed

38 3022 46 3035 ²
81 2998 232 3054 '‘fversa
246 3010 398 3049 ratione
417 3010 571 3058 facere,
588 3011 634 3049 ut
647 3009 764 3060 plura
779 3009 829 3050 ad
850 3010 960 3069 hunc
979 3022 1095 3050 usum
1116 3022 1163 3050 ex
1189 3023 1269 3052 uno
1294 3013 1366 3054 ba·

45 3072 264 3134 ‘jslntmuffi
279 3074 312 3115 si
327 3074 384 3114 ita
401 3073 571 3114 dicimus
588 3089 598 3114 ι

164 3153 370 3205 lterum-‚am
384 3151 499 3188 dicito
514 3150 624 3195 milii,
643 3151 782 3198 pedum
797 3161 1009 3191 mensuram
1027 3155 1185 3201 capiens.

163 3209 318 3256 capiens
333 3216 544 3259 mensuram
561 3209 649 3244 mibi
663 3209 818 3256 pedum.
835 3218 1046 3246 mensuram
1063 3211 1187 3246 dicito.

87 3306 99 3323 ÷
165 3267 260 3304 Nolo
273 3267 373 3304 enim
389 3266 526 3313 pedum
543 3277 755 3304 mensuram
769 3275 915 3313 capere.

45 3326 58 3338 “
127 3325 300 3385 ¹capere
314 3332 526 3360 mensuram
543 3324 643 3360 enim
659 3323 796 3369 pedum
811 3325 912 3361 nolo.

41 3433 45 3442 ,
126 3394 336 3437 Undat-us
324 3406 366 3435 ιιι
376 3395 477 3436 oden
486 3395 635 3447 absque
643 3395 774 3436 littera
785 3396 908 3447 sigma
918 3397 1191 3448 compositam,
1202 3400 1247 3438 ut
1259 3398 1365 3439 idem

39 3483 50 3498 ι
83 3451 99 3469 Τ
131 3509 135 3516 ν
140 3458 394 3510 clearchus,
422 3459 532 3511 quasi
563 3459 724 3510 griphus
737 3460 901 3511 quidam
931 3460 1066 3500 suisset
1085 3461 1308 3511 propositus
1327 3462 1367 3501 in

116 3531 124 3567 j
154 3538 192 3557 κνῆ
213 3522 388 3569 carmine
401 3523 678 3574 exsequendas
689 3551 701 3571 ‚
713 3534 837 3575 quum
851 3524 967 3564 multi
983 3524 1060 3563 boc
1070 3526 1199 3564 essent
1210 3525 1366 3573 ostensi,

62 3625 92 3638 .,
227 3597 268 3628 ιιι
293 3587 378 3628 lieri
404 3598 486 3628 non
499 3591 632 3640 posset
660 3590 708 3629 ut
734 3589 848 3629 litera
875 3589 1000 3639 sigma
1024 3589 1301 3640 abstineretur,
1327 3593 1368 3630 et

66 3646 167 3708 .‘.‘'²‘
219 3652 495 3694 eamlitteram
514 3664 593 3693 non
609 3653 843 3704 probarent,
867 3654 958 3694 fecit
970 3653 1098 3694 illud
1116 3655 1261 3695 «Olim
1278 3655 1367 3706 qui·

28 3756 29 3763 ,
85 3749 137 3785 's
146 3732 162 3741 ·‘
197 3724 356 3756 carmen
383 3715 750 3767 dithyrambicum
740 3729 780 3757 ιιι
803 3717 906 3758 funis
923 3716 1208 3790 longitudinem
1228 3721 1366 3759 exten·

27 3841 30 3845 ’
75 3815 168 3907 Γ]
179 3851 247 3883 um
261 3844 400 3884 contra
413 3853 481 3884 eos
494 3843 564 3895 qui
578 3854 651 3895 pro
665 3855 736 3896 spu
742 3845 799 3884 ria
813 3844 961 3886 habent
975 3845 1059 3886 Lasi
1076 3845 1368 3887 Hermionensis

108 3906 142 3968 ᾗῇ·
214 3917 257 3949 ·ιι
274 3906 412 3959 otim,
437 3919 528 3960 quae
564 3909 793 3950 inscribitur
824 3912 1048 3951 Centauri.

545 4005 633 4053 DE·
664 4005 895 4054 SOMNO.

685 4118 759 4160 69.

52 4163 400 4256 ⁸‘ss‘'s‘Quodautern
418 4207 500 4237 non
514 4201 714 4239 noverunt
729 4199 858 4239 solum
873 4199 1036 4240 Judaeos
1047 4229 1058 4249 ,
1075 4199 1143 4239 sed
1162 4201 1206 4238 ut
1223 4198 1366 4238 incide·

103 4256 181 4326 §nst
199 4255 240 4297 in
254 4267 322 4298 eos
339 4259 651 4314 admirabantur,
670 4274 751 4303 non
781 4275 803 4303 e
817 4264 936 4313 vulgo
969 4264 1118 4313 Graeci,
1143 4263 1210 4303 sed
1236 4263 1286 4301 ob
1309 4274 1368 4303 sa-

799 298 882 346 DE
917 295 1208 355 GRIPHIS,
1244 295 1326 342 DE
1362 294 1579 342 SOMNO
1617 296 2001 347 FRAGMENTA

30 2457 318 2509 '⁵8⁴o’voevto
346 2459 443 2516 τους
468 2460 724 2521 Ἰουδαίους,
747 2460 861 2508 ἀλλὰ
895 2461 971 2509 καὶ
995 2459 1235 2524 ἐθαύμαζον
1254 2461 1367 2516 ὅσοις
1401 2455 1406 2507 Ι
1443 2484 1461 2503 ‹
1481 2462 1578 2516 τοὺς
1602 2463 1752 2518 αὐτοὺς
1777 2463 1931 2518 τόπους
1963 2466 2004 2511 ἐν
2035 2468 2095 2518 οἱς
2129 2470 2263 2528 ἠμεν,
2293 2466 2661 2529 ἐντυγχάνειὴμῒν
2683 2486 2727 2513 τε

2638 314 2726 353 323

1453 384 1594 431 αὐτων
1636 384 1848 449 ἐντύχοιεν
1884 388 1965 451 οὐχ
2002 390 2040 434 οἱ
2079 390 2333 454 φαυλότατοι
2360 413 2441 438 των
2483 394 2726 451 Ἑλληνων,

1451 454 1548 502 ἀλλ’
1570 456 1608 501 οἱ
1633 457 1703 502 ἐπι
1723 456 1850 521 σοφία
1874 457 2066 515 μάλιστα
2086 464 2447 523 τεθαυμασμένοι,
2465 464 2602 529 ῥοίδιον
2619 470 2728 529 γνῶ·

1451 538 1538 568 ναι.
1576 520 1801 584 Κλέαρχος
1833 520 1931 586 γὰρ,
1967 525 1989 567 6
2015 523 2372 587 Ἀριστοτέλους
2348 547 2405 572 ων
2435 530 2626 616 μαθητὴς
2657 532 2730 577 καὶ

1453 593 1535 637 τῶν
1559 593 1606 638 ἐκ
1639 596 1711 638 τοῦ
1756 592 2004 655 Περιπάτου
2037 595 2276 659 φιλοσόφων
2314 600 2384 643 οὖο
2390 617 2475 652 ενος
2504 600 2693 665 δεύτερος
2714 640 2726 659 ,

1449 663 1494 708 ἐν
1517 664 1580 728 τῷ
1610 681 1766 728 πρυτῳ
1791 662 1899 728 Περι
1929 663 2060 711 ὕπνου
2100 666 2239 731 βιὸλί
2218 687 2253 713 ω
2285 687 2412 731 φησιν
2438 670 2727 733 Αριστοτέλην

1449 733 1520 782 τὸν
1538 734 1796 782 διδάσκαλον
1817 737 1947 782 αὐτοῦ
1967 736 2065 800 περί
2080 756 2190 790 τινος
2205 740 2351 802 ἀνδρὸς
2372 740 2577 788 Ἰουδαίου
2594 763 2730 792 ταυτα

1448 807 1660 872 ἱστορεῖν,
1688 807 1806 872 αὐτῷ
1841 826 1887 853 τε
1911 806 1982 854 τὸν
2021 807 2147 872 λόγον
2187 810 2467 873 Ἀριστοτέλει
2493 814 2729 870 ἀνατίθησι.

1448 876 1581 928 Ἔστι
1618 878 1655 926 δ’
1693 877 1805 926 οὕτω
1842 879 2155 944 γεγραμμένον.
2189 906 2205 921 n
2247 881 2377 928 Ἀλλὰ
2401 882 2454 928 τὰ
2491 883 2565 944 μὲν
2589 888 2728 933 πολλὰ

1450 972 1468 993 «
1492 950 1658 1016 μακρὸν
1690 950 1742 998 ἂν
1766 950 1832 1011 εἴη
1853 951 2018 1014 λέγειν·
2042 951 2123 1000 ὅσα
2150 954 2187 1000 δ’
2211 952 2301 1018 ἔχει
2333 956 2416 1000 τῶν
2445 956 2604 1003 ἐκείνου
2630 963 2729 1005 θαυ-

1449 1044 1469 1066 «
1491 1022 1735 1086 μασιότητά
1758 1043 1854 1072 τινα
1887 1024 1962 1071 καὶ
1989 1025 2266 1091 φιλοσοφίαν,
2291 1026 2446 1088 ὁμοίως
2470 1028 2645 1075 διελθεῖν
2685 1033 2731 1076 06

1449 1117 1467 1137 «
1491 1101 1653 1160 χεῖρον.
1681 1096 1842 1161 Σαφῶς
1865 1096 1902 1142 δ’
1928 1095 2014 1142 ἴσθι
2034 1088 2215 1155 ,εἷπεν,
2243 1096 2534 1162 εΥ·ι“ι·εροχίδη,
2562 1099 2731 1164 ὀνείροις

1447 1165 1561 1213 «ἴσα
1592 1166 1662 1214 σοὶ
1694 1166 1800 1222 δόξω
1833 1167 1991 1232 λέγειν.
2024 1168 2112 1217 Καὶ
2153 1172 2176 1216 6
2200 1168 2487 1234 “Υπεροχίδης
2520 1171 2731 1218 εὐλαὸού-

1449 1257 1634 1301 «μενος,
1679 1241 1748 1287 Δι’
1788 1239 1892 1286 αὐτὸ
1935 1239 2042 1305 γὰρ,
2089 1240 2169 1307 ἔφη
2186 1277 2199 1300 ,
2247 1261 2371 1289 τουτο
2406 1261 2478 1289 και
2524 1245 2729 1306 ζητοῦμεν

1447 1334 1467 1353 «
1489 1313 1672 1359 ἀκοῦσαι
1698 1313 1869 1366 πάντες.
1891 1313 2090 1371 Οὐκοῦν,
2112 1305 2227 1360 εἶπεν
2250 1317 2272 1361 6
2292 1313 2604 1378 Ἀριστοτέλης,
2622 1317 2733 1364 κατὰ

1446 1404 1466 1425 α
1484 1381 1531 1429 τὸ
1548 1385 1631 1429 τῶν
1651 1384 1885 1448 ῥητορικῶν
1913 1384 2112 1449 παράγγε
2113 1387 2231 1447 λμα,
2253 1386 2300 1432 τὸ
2317 1385 2435 1450 γένος
2462 1388 2590 1434 αὐτοῦ
2614 1407 2730 1452 πρω-

1447 1474 1466 1495 «
1487 1472 1557 1500 τον
1575 1453 1836 1518 διέλθοιμεν,
1857 1453 1927 1502 ι’να
1961 1455 2021 1518 μὴ
2049 1458 2292 1519 ἅπειθῶμεν
2312 1461 2398 1511 τοῖς
2422 1460 2506 1504 τῶν
2537 1461 2731 1522 ἀπαγγε-

1446 1547 1467 1566 ι
1491 1526 1593 1572 ὶιῶν
1623 1525 1911 1581 διδασκάλοις.
1946 1526 2058 1590 Λέγε
2069 1564 2081 1586 ,
2101 1505 2223 1574 εἶπεν
2248 1531 2270 1575 6
2305 1528 2673 1603 Ὑπεροχίδης,ὁ’
2647 1551 2732 1578 οτι

1445 1618 1466 1639 α
1486 1615 1554 1644 σοι
1578 1598 1711 1646 δοκεῖ.
1750 1600 1954 1652 Κάκεῖνος
1978 1598 2117 1646 τοίνυν
2140 1599 2189 1646 τὸ
2215 1600 2291 1662 μὲν
2320 1601 2437 1662 γένος
2454 1605 2504 1659 ἠν
2530 1601 2731 1654 1ουδαῐος

1445 1671 1532 1717 «ἐκ
1553 1673 1630 1727 τῆς
1662 1670 1822 1730 Κοίλης
1860 1671 2042 1736 Συρίας,
2078 1676 2190 1720 οὗτοι
2215 1671 2274 1719 δέτ
2283 1674 2388 1719 εἰσιν
2418 1672 2616 1738 ἀπόγονοι
2649 1694 2732 1721 των

1445 1764 1464 1783 ι
1486 1744 1529 1790 έν
1568 1742 1716 1798 Ἰνδοῖς
1747 1742 2008 1810 φιλοσόφων.
2054 1747 2299 1792 Καλοῧνται
2325 1745 2392 1804 δὲ,
2427 1744 2485 1800 ὥς
2517 1765 2671 1811 φασιν,
2695 1750 2732 1808 οἱ

1448 1835 1467 1856 κ
1489 1815 1712 1882 φιλόσοφοι
1743 1815 1863 1881 παρὰ
1896 1816 1973 1879 μὲν
2001 1817 2153 1871 Ἰνδοῖς
2183 1818 2400 1880 Καλανοὶ,
2425 1818 2544 1883 παρὰ
2569 1818 2614 1866 δὲ
2645 1820 2732 1867 Σύ-

1440 1908 1465 1927 «
1491 1905 1575 1951 ροις
1606 1887 1835 1947 Ἰουδαῖοι,
1871 1887 2060 1950 τοῦνομα
2105 1888 2309 1943 λαὸόντες
2345 1889 2430 1937 ἀπὸ
2468 1895 2543 1938 τοῦ
2576 1891 2730 1939 τόπου·

1445 1980 1464 2000 «
1491 1960 1857 2024 προσαγορεύεται
1880 1960 1962 2025 γὰρ
1993 1960 2038 2008 ὃν
2065 1967 2316 2010 κατοικοῦσι
2341 1962 2498 2026 τόπον,
2520 1963 2727 2011 Ἰουδαία.

1444 2053 1463 2072 «
1485 2031 1557 2080 Τὸ
1577 2029 1622 2078 δὲ
1639 2035 1716 2090 τῆς
1734 2031 1899 2087 πόλεως
1924 2034 2065 2080 αὐτῶν
2089 2033 2226 2095 ὄνομα
2255 2033 2368 2082 πάνυ
2398 2034 2566 2082 σκολιόν
2594 2038 2731 2092 ἐστιν,

1444 2125 1462 2146 κ
1485 2101 1777 2169 Ἰερουσαλὴμ
1795 2104 1878 2170 γὰρ
1897 2103 2031 2163 αὐτὴν
2049 2107 2270 2156 καλοῦσιν.
2293 2100 2432 2160 Οῧτος
2448 2099 2520 2154 οὖν
2538 2110 2560 2154 6
2576 2107 2732 2171 ἄνθρω·

1444 2197 1462 2216 «
1484 2194 1560 2228 πος
1584 2175 1901 2238 ἕπιξενούμενός
1931 2196 1977 2223 τε
1999 2179 2174 2240 πολλοῖς
2189 2180 2272 2224 κάκ
2289 2180 2373 2224 τῶν
2396 2178 2485 2224 ἄνω
2508 2178 2650 2225 τόπων
2673 2182 2728 2232 εἷς

1445 2268 1463 2286 «
1487 2245 1582 2300 τοὺς
1615 2248 1940 2302 ἐπιθαλαττίους
1973 2249 2333 2297 ὑποκαταὸαίνων
2365 2249 2615 2307 Ἑλληνικὸς
2645 2244 2696 2308 ἧν
2714 2288 2727 2311 ,

1444 2321 1530 2365 «06
1547 2322 1600 2383 τῇ
1631 2319 1843 2384 διαλέκτῳ
1867 2319 2026 2382 μόνον,
2059 2320 2170 2368 ἀλλὰ
2195 2340 2266 2368 και
2293 2325 2346 2385 τῇ
2370 2324 2505 2386 ψυχῇ.
2526 2321 2615 2370 Και
2635 2322 2729 2369 τότε

1442 2412 1462 2432 «
1490 2390 1835 2456 διατριὸόντων
1814 2394 1938 2454 ημῶν
1964 2392 2076 2465 περὶ
2086 2391 2162 2450 τὴν
2184 2393 2354 2451 Ἀσίαν,
2384 2393 2615 2458 παραὸαλ
2595 2413 2653 2439 ων
2673 2397 2729 2448 εἷς

1443 2601 1633 2651 pientiam
1652 2602 1826 2641 maxime
1846 2603 2041 2651 celebreS‚
2060 2603 2268 2643 ostendere
2288 2604 2401 2643 facile
2416 2606 2487 2643 est.
2514 2604 2728 2644 Clearchus

1438 2663 1545 2702 enim
1559 2665 1779 2704 Aristotelis
1794 2666 2012 2716 discipulus
2023 2697 2034 2715 ,
2052 2669 2092 2706 et
2107 2667 2456 2718 Peripateticorum
2473 2669 2571 2708 nulli
2587 2680 2726 2708 seeun-

1439 2727 1514 2767 dus
1524 2758 1536 2777 ,
1549 2728 1650 2767 libro
1663 2730 1789 2779 primo
1807 2733 1861 2769 De
1874 2741 2012 2769 somno
2027 2730 2121 2770 dicit
2135 2731 2383 2771 Aristotelem
2396 2732 2597 2771 doctorem
2610 2744 2725 2772 suum

1440 2791 1489 2830 de
1513 2790 1687 2841 quodam
1710 2792 1794 2831 viro
1813 2793 1956 2832 Judaeo
1983 2794 2058 2833 ista
2077 2794 2244 2844 referre,
2276 2794 2525 2835 Aristotelem
2554 2795 2595 2834 in
2624 2796 2727 2834 liuns·

1440 2856 1607 2895 modum
1628 2857 1855 2907 loquentem
1874 2858 2075 2899 inducens.
2095 2861 2158 2900 lta
2172 2861 2305 2899 autem
2321 2860 2512 2909 scriptum
2530 2864 2601 2900 est.
2619 2878 2636 2894 «ι
2654 2863 2726 2900 Sed

1441 2920 1603 2969 longum
1621 2921 1722 2959 esset
1745 2932 1905 2961 narrare
1929 2923 2098 2972 plurima
2122 2940 2131 2963 :
2163 2923 2351 2974 quicquid
2385 2935 2478 2963 vero
2498 2924 2574 2963 hoc
2595 2925 2633 2964 in
2655 2926 2726 2964 lio-

1441 2986 1547 3025 mine
1573 2984 1844 3025 admirationis
1862 2987 2009 3037 aliquid
2043 2989 2188 3029 babere
2220 3000 2268 3027 ac
2298 2989 2576 3039 philosophum
2596 3001 2729 3040 sapere

1442 3050 1612 3098 videtur,
1643 3051 1784 3091 eodem
1815 3052 1934 3092 modo
1963 3055 2143 3104 persequi
2172 3055 2270 3094 utile
2302 3055 2431 3094 fuerit.
2454 3055 2540 3094 Tibi
2569 3058 2726 3102 autem,

1441 3114 1740 3164 Hyperochida,
1762 3116 1809 3155 ut
1839 3118 1976 3166 aperte
2005 3118 2114 3167 quod
2139 3129 2200 3158 res
2222 3120 2283 3158 est
2311 3118 2462 3168 dicam,
2482 3119 2725 3158 somniorum

1440 3178 1536 3229 quid
1561 3178 1759 3228 persimile
1787 3190 1950 3220 narrare
1969 3180 2148 3221 videbor.
2180 3182 2254 3221 Cui
2285 3182 2580 3232 Hyperocliides
2612 3194 2724 3222 vere-

1439 3243 1590 3292 cunde,
1609 3244 1658 3283 Et
1687 3244 1764 3283 hac
1778 3244 1863 3295 ipsa
1889 3244 1939 3286 de
1958 3256 2098 3296 causa,
2128 3247 2276 3297 inquit,
2310 3247 2424 3287 nobis
2452 3248 2634 3287 omnibus
2653 3259 2724 3287 au·

1439 3307 1570 3347 diendi
1587 3308 1827 3349 desiderium
1844 3309 1985 3349 cietur.
2010 3314 2133 3361 Ergo,
2157 3311 2314 3362 subjicit
2332 3312 2581 3362 Aristoteles,
2606 3323 2725 3363 genu<

1441 3369 1635 3421 hominis,
1653 3373 1698 3410 ut
1725 3372 1960 3422 praecipiunt
1979 3373 2178 3423 rhetores,
2202 3374 2242 3413 in
2264 3375 2400 3424 primis
2414 3374 2657 3425 aperiamus,
2678 3386 2725 3413 ne

1441 3433 1583 3473 harum
1596 3435 1869 3475 narrationum
1882 3436 2072 3486 magistris
2087 3435 2202 3476 tidem
2218 3437 2469 3488 denegemus.
2482 3441 2541 3477 Tu
2556 3449 2647 3477 vero
2663 3437 2724 3475 dic

1439 3498 1548 3548 quod
1564 3499 1743 3549 libuerit,
1764 3500 1891 3550 inquit
1909 3501 2211 3551 Hyperochides.
2232 3503 2303 3542 llle
2319 3514 2410 3553 ergo
2436 3505 2549 3552 gente
2565 3502 2723 3552 quidem

1440 3562 1606 3603 Judaeus
1626 3566 1711 3603 erat
1733 3575 1785 3603 ex
1802 3564 1911 3604 Coele
1936 3565 2075 3615 Syria:
2106 3566 2168 3605 isti
2201 3577 2296 3606 vero
2311 3567 2499 3617 originem
2523 3567 2673 3605 ducunt
2702 3577 2724 3603 a

1442 3627 1683 3678 philooepbis
1697 3627 1803 3678 apud
1821 3627 1939 3668 Indos
1950 3659 1961 3678 ,
1976 3630 2249 3680 vocanturque
2261 3660 2272 3679 ,
2291 3632 2337 3670 ut
2359 3631 2491 3679 aiunt,
2508 3629 2721 3680 philosophi

1440 3689 1546 3739 apud
1563 3689 1680 3728 lndos
1699 3689 1861 3739 quidem
1879 3690 2040 3740 calani,
2058 3690 2161 3741 apud
2179 3694 2299 3740 Syros
2322 3693 2454 3730 autem
2470 3690 2597 3730 Judaei
2610 3719 2621 3736 ,
2650 3700 2720 3727 no-

1440 3763 1532 3792 men
1557 3763 1580 3791 a
1597 3753 1686 3791 loco
1704 3753 1965 3803 accipientes;
1993 3763 2084 3804 quae
2106 3754 2212 3794 enim
2239 3755 2290 3794 ab
2319 3754 2366 3794 iis
2392 3753 2495 3804 regio
2526 3753 2722 3792 incolitur.

1441 3816 1624 3857 Judaeam
1635 3817 1858 3857 nominant.
1875 3818 1992 3858 Urbis
2003 3819 2137 3858 autem
2153 3819 2327 3869 ipsorum
2344 3827 2487 3857 nomen
2500 3817 2719 3854 tortuosum

1441 3879 1656 3921 admodum
1669 3895 1680 3931 ;
1699 3880 1951 3921 Hierusalem
1960 3882 2066 3921 enim
2078 3882 2235 3921 vocant.
2250 3881 2323 3920 llic
2339 3880 2454 3930 igitur
2466 3879 2582 3917 homo
2597 3887 2720 3926 quum

1441 3956 1464 3986 a
1479 3946 1676 3996 plerisque
1692 3946 1861 3996 hospitio
1876 3947 2137 3997 exciperetur,
2159 3949 2198 3985 et
2216 3956 2239 3984 a
2257 3943 2522 3995 superioribus
2541 3940 2717 3991 partibus

1442 4009 1492 4048 ad
1511 4009 1710 4049 maritima
1741 4010 1829 4050 loca
1851 4009 2126 4058 descenderet,
2148 4019 2226 4048 non
2249 4017 2429 4047 sermone
2448 4006 2625 4049 tantum,
2651 4002 2716 4041 sed

1442 4073 1562 4112 etiam
1577 4073 1710 4112 animo
1729 4075 1894 4114 Graecus
1908 4076 2004 4113 erat.
2035 4075 2085 4112 Et
2100 4068 2196 4112 tunc
2211 4072 2323 4110 nobis
2333 4100 2344 4117 ‚
2361 4071 2400 4108 in
2427 4067 2515 4107 Asia
2540 4067 2639 4104 sorte
2654 4066 2719 4104 de.-

1442 4136 1643 4186 gentihus,
1674 4136 1818 4176 accidit
1847 4137 1894 4176 ut
1922 4136 2060 4176 eadem
2093 4135 2279 4186 appulsus
2305 4133 2354 4172 ad
2382 4133 2488 4178 loca,
2516 4129 2718 4168 nobiscum

1442 4199 1709 4249 aliquamdiu,
1742 4200 1941 4250 simulque
1967 4210 2058 4238 cum
2088 4198 2174 4237 aliis
2205 4194 2437 4246 quibusdam
2466 4192 2718 4242 philosophia»

1443 4263 1648 4310 studiosis,
1672 4266 1909 4313 versaretur,
1932 4274 2069 4302 eorum
2092 4261 2289 4311 sapientiai*
2316 4258 2624 4307 experimentum
2658 4257 2713 4295 su·

2475 4331 2530 4362 21.
