3016 4628
464 434 505 480 Π
515 434 614 481 Epi
654 434 693 479 Π
703 434 967 480 ΑΙΔΕΙΑΣ.

669 547 748 589 27.

413 642 450 684 Ε
495 641 680 687 LIBRO
722 639 1014 686 SECUNDO.

94 757 385 804 Athenaeus
402 755 508 813 XV,
529 770 579 814 p.
608 754 718 814 697,
742 754 828 800 E:
858 749 1108 816 Κλέαρχος,
1135 743 1172 800 ὦ
1194 754 1352 818 λῷστε,

101 825 325 890 δευτέρῳ
344 823 454 888 Περὶ
480 823 676 877 παιδείας
692 822 847 870 ουτωσί
870 842 1033 888 φησί’(ι
1015 823 1265 872 «Λείπεταί
1291 844 1355 879 τις

78 894 391 967 Συρὸηναίων
408 885 626 982 χορὸς,ὡν
644 893 824 942 ἕκαστον
843 894 892 942 τὸ
912 895 1060 942 δοκουν
1078 898 1217 960 ἑαυτῷ
1230 904 1360 962 κατᾷ-

136 968 276 1029 ιδεῖ,
301 965 526 1032 προσέχων
564 964 682 1014 οὐδὲν
717 968 777 1013 τῶ
800 966 1117 1057 προκαθημένῳ
1141 969 1214 1014 καὶ
1243 944 1360 1015 διδά-

132 1058 218 1090 οντι
237 1037 307 1087 τὸν
328 1038 472 1104 χορὸν,
496 1038 589 1086 ἀλλ’
611 1038 735 1092 αὐτὸς
758 1037 869 1086 πολυ
895 1037 1054 1085 τούτων
1079 1038 1362 1104 ἀτακτότερός

34 1106 113 1180 §fir
154 1130 167 1160 ι
189 1110 356 1170 θεατής.
397 1111 482 1159 Καὶ
506 1110 619 1159 κατὰ
643 1109 714 1158 τὸν
733 1110 932 1177 παρῳδὸν
957 1109 1177 1176 Μάτρωνα

36 1230 47 1234 ⁷«
75 1219 108 1238 L.-

43 1256 55 1266 ,
115 1258 134 1263 ἃ
184 1219 234 1258 Oi.
255 1217 323 1268 μὲν
342 1217 414 1268 γὰρ
429 1217 476 1264 δὴ
495 1216 632 1262 πάντες
648 1215 734 1255 ὅσοι
753 1215 872 1267 πάρος
891 1215 991 1264 ἦσαν
1011 1216 1156 1270 ᾄριστοι
1171 1247 1182 1265 ,

41 1275 81 1329 ξ
103 1286 106 1287 ’
175 1275 335 1320 Εὔὸοιός
351 1288 392 1314 τε
411 1276 476 1314 καὶ
494 1275 723 1325 Ἑρμογένης
740 1274 813 1313 δῖοί
830 1287 871 1313 τε
891 1274 1098 1323 Φίλιπποι,

176 1336 212 1373 οἱ
233 1333 301 1384 μὲν
317 1333 362 1380 δὴ
381 1333 532 1372 τεθνᾶσι
548 1334 613 1371 καὶ
631 1334 684 1371 εἰν
699 1331 824 1371 Ἀίδαο
845 1332 1031 1382 δόμοισιν.

175 1391 288 1431 Ἐστι
304 1391 345 1430 δέ
360 1404 416 1436 τις
432 1390 635 1434 Κλεόνικος
646 1419 658 1439 ,
675 1389 717 1428 ὃν
737 1389 924 1428 ἀθάνατον
943 1388 1038 1439 λάχε
1055 1394 1171 1440 γῆρας
1183 1417 1193 1437 ,

175 1449 263 1489 οὔτε
280 1447 474 1494 ποιητάων
494 1448 678 1498 ἀδαήμων
699 1447 786 1486 οὔτε
809 1447 987 1497 θεάτρων·

176 1506 210 1558 ᾧ
225 1506 290 1544 καὶ
306 1505 493 1544 τεθνειῶτι
510 1506 634 1545 λαλεῖν
651 1505 742 1556 πόρε
759 1505 1027 1556 Περσεφόνεια.
1050 1520 1069 1538 υ

678 1603 756 1651 28.

30 1668 31 1673 1
76 1703 370 1763 Diogenes
405 1705 461 1748 L.
485 1704 526 1758 Ι,
558 1719 640 1762 9·
678 1699 902 1765 Κλέαρχος
925 1700 969 1747 δὲ
1000 1704 1022 1747 ὃ
1046 1699 1205 1755 Σολευς
1235 1721 1278 1748 εν
1302 1705 1363 1767 τῷ

29 1783 70 1810 1·
43 1718 187 1838 ἠιήΙερι
209 1772 403 1826 παιδείας
426 1772 498 1819 καὶ
518 1792 615 1826 τους
633 1772 974 1839 γυμνοσοφιστὰς
997 1773 1229 1837 ἀπογόνους
1255 1779 1362 1822 εἰναι

39 1840 134 1902 <¹3⁴7
138 1864 160 1891 ν
185 1843 333 1909 μάγων
355 1844 501 1911 φησίν.

680 1969 758 2013 29.

126 2057 395 2120 Hesychius
420 2076 467 2105 v.
494 2058 756 2151 Μανέρῳς.·
779 2061 943 2107 Τοῦτον
968 2060 1095 2124 φασὶν
1132 2061 1362 2123 Αἰγύπτιοι

100 2133 340 2194 λογῆσαι
369 2150 537 2196 πρωτον
561 2130 681 2197 παρὰ
705 2131 855 2195 μάγων
883 2131 1162 2196 διδαχθεντα,
1191 2152 1266 2179 και
1293 2132 1361 2179 διὰ

39 2231 89 2254 3.
106 2206 151 2218 ’
123 2206 353 2251 “”’τοιπᾶσιν
379 2201 460 2250 ἀνὰ
484 2202 624 2265 στόμα
647 2203 867 2265 γενέσθαι,
888 2205 946 2258 ὡς
973 2203 1196 2269 Κλέαρχος
1216 2206 1258 2250 ἐν
1275 2205 1362 2257 τοῖς

35 2278 106 2319 Ἰ
126 2273 188 2340 ερὶ
217 2274 413 2329 παιδείας
448 2277 624 2357 ἱστορεῖ.
663 2279 754 2322 Pro
781 2275 930 2339 μάγων
951 2293 1008 2323 ex
1039 2279 1229 2324 Polluce
1253 2281 1359 2335 VII,

106 2364 171 2406 .7
195 2348 376 2396 Vossius
400 2348 577 2394 restitui
598 2349 734 2407 jubet
757 2350 942 2410 μουσῶν.

30 1990 41 2026 ι-
57 1978 94 2077 ’ξι

439 2509 518 2558 ΒΕ
555 2509 619 2556 ΙΝ
627 2509 1022 2556 sTlTUTloNE.

679 2611 753 2651 27.

419 2709 458 2756 E
493 2709 683 2757 LIBRO
721 2709 1020 2757 SECUNDO.

130 2806 366 2854 Clearchus,
387 2815 413 2844 o
444 2805 615 2856 optime,
640 2806 815 2846 secundo
834 2807 935 2846 libro
961 2810 1021 2847 De
1043 2807 1289 2849 institutione
1310 2809 1366 2849 ita

39 2855 99 2914 -Ᾰ-«ε,
122 2869 244 2910 tibit:
267 2870 488 2918 «superest
503 2869 646 2922 aliquis
662 2870 963 2929 Syrbenaeorum
979 2872 1149 2911 chorus
1139 2883 1179 2910 ιιι
1191 2884 1272 2922 quo
1284 2873 1364 2913 sin-

31 2939 51 2958 ¹
90 2952 99 2980 ι,
146 2945 191 2974 cs
209 2935 366 2982 oportet
379 2933 558 2973 occinere
571 2934 762 2985 quidquid
783 2936 928 2985 cuique
947 2936 1078 2975 visum
1103 2937 1245 2987 fuerit,
1266 2938 1364 2977 nihil

149 2996 328 3037 ndentes
356 2996 408 3036 ad
435 2997 712 3046 praesidentem
751 2998 863 3037 chori
894 2999 1150 3050 magistrum,
1185 3000 1255 3050 qui
1286 3001 1368 3051 ipse

136 3134 201 3164 us
218 3125 376 3164 Matron
395 3123 477 3172 ait,

0 3035 117 3258 γ
229 3061 357 3115 etiam*
366 3059 426 3098 lus
453 3061 733 3101 tumultuosior
748 3062 946 3112 spectator
966 3064 1038 3102 est.
1068 3065 1140 3111 Et,
1171 3064 1279 3114 quod
1294 3075 1366 3114 pa·

0 3479 2 3516 l
21 3483 40 3517 ²5.-

107 3219 186 3259 -mi
199 3223 300 3259 enim
315 3231 462 3265 οιιιιιεε,
486 3222 549 3266 qui
572 3223 660 3258 olim
676 3222 841 3268 fuerant,
866 3226 1158 3270 praestantissimi
1176 3226 1266 3269 viri,

84 3273 284 3317 :Buboeus
301 3282 339 3316 et
362 3283 638 3324 Hermogenes,
664 3281 878 3326 nobilesque
901 3282 1082 3328 Philippi,

81 3337 178 3375 ”1111
191 3337 303 3382 igitur
317 3337 455 3372 mortui
474 3340 582 3380 sunt,
606 3340 644 3373 et
667 3338 759 3373 Ditis
774 3339 967 3374 subierunt
982 3339 1125 3375 domos.

31 3428 42 3444 λ
78 3413 88 3437 )
98 3394 288 3429 &atvero
309 3393 460 3438 quidam
475 3393 689 3438 Cleonicus,
710 3394 770 3429 cui
784 3394 1002 3430 immortalis
1016 3395 1148 3439 obtigit
1163 3398 1359 3440 senectus,

88 3468 99 3498 ς,
121 3457 245 3496 tneque
262 3453 456 3497 poetarum
478 3451 645 3495 ignarus.
659 3461 730 3487 nec
745 3452 974 3487 scenicarum
991 3451 1199 3488 fabularum
1218 3466 1228 3487 ι

26 3525 32 3566 3
79 3505 209 3551 asueni,
223 3508 266 3549 ut
286 3509 455 3549 mortuus
469 3507 581 3543 etiam
598 3507 784 3552 loquatur.
804 3507 908 3544 dedit
931 3509 1163 3554 Proserpina.
1186 3522 1205 3541 ι.

685 3601 758 3641 28.

44 3676 348 3743 λ,Ωιιιιιιιιῑιιιε
361 3681 530 3723 Solensis
545 3686 604 3723 De
624 3683 869 3725 institutione
884 3685 1004 3726 etiam
1027 3687 1372 3738 gymnosophistas

21 3799 31 3817 ἡ
86 3791 95 3798 .
113 3760 117 3777 1
185 3755 290 3785 rum
310 3746 487 3796 posteros
502 3758 584 3788 esse
602 3748 711 3788 dicit.

688 3831 761 3871 29.

25 3891 54 3948 *2
85 3903 324 3963 a‘juliaci-011
360 3907 530 3957 AEgyptii
564 3907 705 3949 dicunt
734 3911 937 3950 communi
971 3892 1165 3952 consensu
1194 3913 1315 3952 statui
1348 3924 1372 3951 a

117 3984 142 3998 ²·
161 3983 203 4013 :⁴-
231 3969 416 4022 (Μηδία)
432 3971 618 4012 edoctum
638 3974 779 4024 fuisse,
801 3987 849 4015 ac
875 3980 1082 4027 propterea
1109 3978 1288 4016 omnium
1305 3989 1374 4017 ore

67 4034 70 4035 ⁷
86 4065 88 4070 ι
104 4037 189 4065 ''-⁷
226 4033 298 4085 νὴ
318 4036 377 4077 uli
395 4037 611 4079 Clearchus
633 4040 753 4080 refert
775 4041 816 4080 in
832 4042 943 4082 libris
965 4045 1023 4082 De
1047 4043 1307 4083 institutione.

667 4182 798 4195 ἡ*

647 325 729 374 DE
764 299 1233 383 1NST1TUT10NE,
1273 327 1358 374 DE
1394 327 1691 376 AMICITIA
1728 329 2142 379 FRAGMENTA.

1434 2348 1592 2413 πρώτῳ
1629 2351 1712 2395 τῶν
1748 2349 2008 2413 Ἐρωτικῶν·

1858 436 2006 483 ΠΕΡΙ
2042 438 2278 484 ΦΙΛΙΑΣ.

2034 535 2111 579 30.

1827 633 1862 676 E
1896 634 2080 677 LIBRO
2115 634 2322 678 PRIMO.

1499 725 1742 769 Athenaeus
1760 725 1875 780 XII,
1893 741 1943 784 p.
1966 723 2074 782 533,
2097 727 2135 769 E
2160 741 2170 768 :
2201 723 2421 788 Κλέαρχος
2444 727 2478 772 δ’
2501 728 2543 772 ἐν
2560 727 2716 792 πρώτῳ

1435 794 1545 860 Περὶ
1565 793 1705 860 φιλίας
1723 794 1795 841 τὸν
1813 794 2113 856 Θεμιστοκλέα
2134 795 2238 859 φησὶ
2258 795 2466 860 τρίκλινον
2489 799 2717 859 οἰκοδομη-

1433 867 1618 929 σάμενον
1651 866 2055 930 περικαλλέστατον,
2091 868 2264 929 ἀγαπᾶν
2296 866 2467 932 ἔφησεν,
2504 871 2541 915 εἷ
2567 874 2716 916 τοῦτον

1428 938 1568 1004 ’φίλων
1593 936 1875 1002 πληρώσειεν.

1514 1019 1530 1040 ¹
2041 1010 2118 1057 31.

1786 1100 1823 1142 E
1858 1098 2040 1143 LIBRO
2075 1099 2367 1144 SECUNDO.

1498 1185 1744 1228 Athenaeus
1759 1185 1891 1239 VIII,
1908 1200 1954 1243 p.
1968 1184 2079 1244 349,
2100 1185 2163 1229 F:
2180 1181 2404 1247 Κλέαρχος
2421 1183 2456 1230 δ’
2479 1184 2521 1229 ἐν
2542 1182 2722 1247 δευτέρῳ

1435 1253 1547 1318 Περὶ
1571 1254 1735 1318 φιλίας,
1753 1276 1772 1296 «
1794 1252 2077 1317 Στρατόνικος
2095 1255 2264 1319 (φησὶν)
2287 1257 2309 1301 ὁ
2329 1254 2573 1320 κιθαριστὴς
2586 1291 2599 1316 ,
2619 1256 2723 1310 ἀνα-

1434 1323 1648 1372 παύεσθαι
1676 1324 1862 1387 μέλλων,
1887 1325 2077 1372 ἐκέλευεν
2104 1326 2170 1373 ἀεὶ
2206 1325 2278 1373 τὸν
2305 1327 2442 1373 παῖδα
2466 1326 2721 1391 προσφέρειν

1436 1400 1554 1461 αὑτῷ
1574 1404 1702 1455 πιεῖν,
1734 1399 1834 1461 Οὐχ
1856 1396 1921 1444 ὅτι
1956 1398 2066 1462 διψῶ
2082 1435 2095 1459 ,
2123 1398 2265 1464 φησὶν,
2291 1397 2359 1445 ἵνα
2385 1398 2429 1446 δὲ
2452 1399 2512 1461 μὴ
2538 1399 2722 1464 διψήσω.

1439 1471 1515 1518 Ἔν
1541 1470 1585 1518 δὲ
1613 1469 1833 1535 Βυζαντίῳ
1858 1471 2096 1536 κιθαρῳδοῦ
2126 1471 2175 1517 τὸ
2201 1470 2277 1533 μὲν
2297 1470 2521 1535 προοίμιον
2547 1471 2724 1536 ᾄσαντος

1435 1537 1503 1602 εὖ,
1526 1544 1569 1589 ἐν
1590 1542 1634 1589 δὲ
1649 1549 1735 1596 τοῖς
1752 1544 1915 1596 λοιποῖς
1939 1542 2335 1607 ἀποτυγχάνοντος,
2359 1543 2545 1597 ἀναστὰς
2573 1543 2724 1608 ἐκήρυ·

1436 1609 1519 1670 ξεν,
1541 1611 1627 1668 ‘Oc
1661 1613 1712 1660 ἂν
1737 1613 2024 1679 καταμηνύσῃ
2043 1615 2116 1662 τὸν
2135 1614 2184 1661 τὸ
2210 1614 2431 1679 προοίμιον
2461 1616 2626 1662 ἄσαντα
2660 1635 2725 1662 κι-

1436 1686 1642 1750 θαρῳδὸν,
1674 1686 1861 1752 ληψεται
1890 1685 2032 1750 χιλίας
2070 1687 2282 1751 δραχμάς.
2315 1687 2367 1734 Γ
2371 1691 2530 1752 ρωτηθ
2533 1688 2625 1740 ιςδ’
2645 1687 2726 1734 ὑπό

1435 1775 1567 1815 τινος,
1589 1757 1696 1812 τίνες
1731 1758 1835 1806 εἰσὶν
1867 1761 1905 1806 οι
1939 1760 2278 1824 μοχθηρότατοι,
2303 1762 2388 1806 τῶν
2415 1761 2456 1806 ἐν
2485 1759 2727 1824 Παμφυλία

1435 1829 1693 1887 Φασηλίτας
1715 1830 1793 1891 μὲν
1830 1830 1964 1896 ἔφησε
1997 1831 2345 1897 μοχθηροτάτους
2381 1837 2511 1891 εἰναι,
2542 1831 2727 1890 Σιδήτας

1436 1901 1479 1948 δὲ
1500 1904 1582 1948 τῶν
1604 1903 1647 1949 ἐν
1670 1922 1724 1968 τῃ
1746 1902 1991 1968 οἰκουμένῃ.
2020 1924 2040 1945 »

1928 2012 2221 2062 ΕΡΩἸἸΚΑ.

2039 2099 2097 2144 32
2108 2133 2120 2147 .

1820 2193 1866 2255 ΙμΕ
1899 2193 2083 2238 LIBRO
2117 2194 2327 2238 PRIMO.

1501 2276 1630 2320 Idem
1655 2278 1741 2333 VI,
1762 2292 1811 2336 p.
1835 2276 1950 2334 255,
1970 2280 2006 2322 B
2027 2294 2039 2322 :
2059 2276 2284 2341 Κλέαρχος
2309 2276 2345 2324 δ’
2375 2279 2396 2323 ὁ
2422 2277 2579 2331 Σολεὺς
2603 2278 2646 2324 ἐν
2669 2279 2729 2340 τῷ

2049 2371 2068 2391 «
2105 2349 2252 2405 Κόλαξ
2284 2349 2360 2411 μὲν
2396 2350 2530 2404 οὐδεὶς
2569 2349 2726 2414 (φησὶ)

1870 2510 1953 2558 DE
1987 2510 2297 2558 AMrcrrrA.

1864 2597 1868 2601 “
2043 2599 2114 2639 30.

1792 2661 1859 2721 Ἐ
1895 2676 2086 2723 Lumo
2122 2677 2346 2725 PRIMO.

1492 2753 1729 2803 Clearchus,
1746 2753 1873 2804 primo
1893 2753 1994 2793 libro
2014 2757 2071 2793 De
2100 2755 2295 2804 amicitia,
2323 2755 2627 2795 Themistoclem
2656 2754 2727 2803 ait,

1440 2817 1652 2866 postquam
1698 2817 1916 2861 triclinium
1956 2818 2141 2867 singulari
2194 2819 2384 2868 elegantia
2422 2817 2727 2857 construendum

1442 2882 1638 2926 curasset,
1655 2880 1819 2950 dixisse,
1835 2882 2065 2920 contentum
2080 2892 2122 2921 se
2138 2882 2241 2931 fore,
2259 2893 2291 2921 si
2306 2892 2441 2921 amicis
2456 2879 2553 2920 iliud
2567 2881 2729 2931 implere

1441 2943 1575 2994 possit.

2049 3013 2119 3053 31.

1782 3090 1820 3136 E
1855 3089 2045 3138 L1BRO
2089 3089 2395 3138 SECUNDO.

1496 3173 1712 3212 Clearchus
1724 3204 1735 3222 ,
1759 3174 1932 3214 secundo
1948 3175 2049 3214 libro
2066 3177 2124 3214 De
2139 3175 2312 3214 amicitia
2326 3205 2337 3225 ,
2358 3174 2493 3214 scribit
2512 3190 2521 3214 :
2539 3190 2557 3207 α
2575 3175 2727 3213 Strato-

1442 3236 1556 3276 nicus
1570 3237 1794 3284 citharista,
1816 3237 1976 3288 quando
2003 3237 2178 3288 quietem
2200 3238 2359 3278 volebat
2377 3248 2540 3288 capere,
2561 3247 2727 3287 puerum

1443 3311 1596 3350 semper
1609 3300 1724 3350 jussit
1735 3301 1807 3340 sibi
1826 3302 1964 3351 potum
1976 3301 2118 3341 afferre
2137 3317 2146 3340 :
2165 3317 2184 3335 α
2203 3303 2290 3341 Νοιι
2306 3301 2412 3351 quod
2426 3301 2577 3351 sitiam,
2598 3301 2728 3340 dicere

1443 3366 1614 3415 solebat,
1637 3365 1728 3415 sed,
1745 3377 1795 3405 ne
1813 3366 1957 3405 sitiam.
1985 3366 2207 3416 »Byzantii
2229 3378 2323 3406 vero
2344 3378 2468 3417 quum
2488 3367 2728 3406 citharoedus

1443 3429 1586 3480 aliquis
1607 3431 1843 3480 prooemium
1876 3430 2034 3480 quidem
2064 3431 2166 3470 belle
2195 3432 2418 3478 cecinisset,
2454 3431 2604 3481 reliqua
2633 3442 2728 3470 vero

1444 3488 1604 3544 prorsus
1627 3505 1856 3545 perperam,
1888 3506 2050 3546 surgens
2077 3496 2323 3537 Stratonicus
2349 3496 2428 3536 alta
2452 3501 2548 3535 ιοοε
2577 3497 2727 3546 procla-

1445 3558 1598 3598 mavit·
1629 3559 1777 3599 «Mille
1793 3559 2002 3599 drachmas
2016 3554 2298 3611 accepturum,
2315 3562 2347 3600 si
2364 3561 2452 3611 quis
2467 3560 2725 3599 citharoedum

1444 3621 1698 3672 indicaverit,
1718 3624 1785 3673 qui
1805 3624 2041 3674 prooemium
2056 3624 2163 3664 istud
2180 3625 2396 3665 cecinisset.
2423 3639 2441 3659 >2
2467 3626 2727 3673 Interrogatus

1445 3683 1496 3722 ab
1523 3685 1678 3735 aliquo,
1699 3686 1861 3735 quinam
1890 3688 2020 3726 essent
2038 3687 2217 3728 homines
2235 3688 2474 3727 miserrimi?
2503 3686 2722 3737 respondit:

1449 3763 1468 3781 «
1492 3750 1537 3786 In
1562 3749 1797 3799 Pamphylia
1823 3750 2063 3790 miserrimos
2088 3761 2171 3790 esse
2199 3751 2432 3799 Phaselitas;
2458 3750 2608 3791 Sidetas
2631 3759 2724 3787 vero

1446 3811 1622 3850 omnium
1634 3811 1756 3851 totius
1767 3812 1872 3852 orbis
1884 3813 2075 3863 gentium.
2097 3829 2116 3848 υ
2324 3825 2341 3835 κ

1940 3898 2228 3947 EROTICA.

2053 3988 2123 4028 32.

1826 4069 1861 4115 E
1898 4069 2086 4115 LIBRO
2125 4067 2340 4115 PRIMO.

1501 4142 1714 4183 Clearchus
1745 4145 1915 4185 Solensis
1939 4146 2068 4197 primo
2091 4145 2339 4184 Eroticorum
2364 4158 2373 4181 :
2396 4157 2414 4175 ‹-
2431 4141 2571 4180 Nullus
2587 4151 2720 4180 assen-

1448 4200 1567 4255 tator,
1589 4206 1739 4258 inquit,
1767 4211 1950 4249 constans
1969 4209 2118 4248 amicus
2140 4210 2212 4247 est.
2230 4205 2433 4246 consumit
2449 4204 2551 4244 enim
2568 4206 2722 4255 tempus
