3016 4628
615 248 1440 398 DAIMAGHUS
1513 263 2437 379 PLATAEENSIS.

1100 489 1956 603 PATROCLES.

275 885 550 928 Daimachus
578 883 596 901 *
623 880 863 946 (Δηίμαχος
902 882 1092 934 Strabo,
1135 889 1180 922 et
1199 878 1356 923 Schol.
1396 880 1486 935 Ap.

215 956 368 1002 Rhod.
391 956 450 1002 fr.
481 958 534 1014 7)
558 955 814 999 Plataeensis
836 951 922 1016 (fr.
948 957 993 1003 4.
1016 950 1061 994 8.
1087 951 1195 996 coll.
1220 949 1279 994 fr.
1306 949 1364 1008 6)
1390 956 1496 1007 post

206 1029 546 1089 Megasthenem
571 1043 596 1071 a
619 1028 833 1080 Seleuco,
860 1026 928 1068 uti
950 1022 1150 1077 videtur,
1180 1020 1495 1065 Palimbothra

206 1102 381 1161 legatus
403 1102 562 1145 missus
586 1108 650 1144 est
673 1099 732 1143 ad
751 1112 906 1158 regem
930 1094 1279 1140 Allitrochaden
1307 1092 1494 1152 (Indice

208 1174 571 1234 Amitraghatas,
600 1175 628 1215 i.
651 1188 691 1216 e.
713 1158 903 1214 hostium
931 1169 1197 1211 debellator.
1225 1167 1276 1214 V,
1293 1165 1488 1210 Bohlen.

211 1249 268 1291 D.
304 1250 398 1291 alte
435 1248 542 1291 Itzcl.
579 1248 623 1299 I,
676 1260 724 1303 p.
767 1242 872 1302 92),
910 1242 989 1299 qui
1024 1239 1336 1284 Sandrocotto
1371 1239 1494 1296 patri

206 1329 480 1364 successerat
505 1317 684 1372 (Strabo
710 1318 778 1370 II,
801 1331 848 1374 p.
876 1328 952 1370 70.
981 1312 1098 1357 Vide
1115 1309 1400 1371 Megasthen.
1429 1310 1487 1356 fr.

212 1394 303 1454 10).
319 1395 544 1453 Regnavit
563 1389 897 1436 Allitrochades
921 1387 978 1432 ab
1003 1402 1125 1431 anno
1154 1383 1246 1429 288
1266 1399 1413 1443 usque
1434 1384 1494 1429 ad

207 1481 282 1510 an.
314 1465 404 1509 263
449 1465 521 1508 vel
558 1462 650 1506 260
671 1474 730 1506 a.
762 1462 811 1505 C.
833 1496 844 1516 ,
872 1458 1101 1518 siquidem
1130 1466 1256 1501 recte
1293 1457 1496 1500 calculos

206 1537 429 1582 subduxit
463 1536 647 1594 Benfey.
669 1535 716 1577 in
743 1532 900 1577 Ersclz.
934 1547 980 1577 ιι.
1024 1527 1212 1575 Gruber.
1245 1530 1493 1590 Encyclop.

205 1626 243 1656 s.
277 1626 320 1656 v.
349 1611 519 1653 Inclien
543 1624 591 1667 p.
621 1607 699 1652 66.
734 1605 1010 1650 Daimachus
1039 1617 1155 1647 vero
1194 1599 1491 1663 ὑπομνήματα

206 1683 282 1738 τῆς
317 1679 559 1741 ἀποδημίας
596 1677 831 1734 condidit,
859 1691 1062 1736 quorum
1094 1676 1324 1720 memoria
1354 1676 1496 1735 periit

206 1755 350 1799 ferme
364 1755 511 1797 omnis
524 1788 536 1809 ,
552 1753 626 1796 vel
642 1750 840 1795 auctoris
857 1750 993 1808 culpa
1010 1749 1085 1793 vel
1104 1749 1319 1793 fortuuae.
1338 1748 1492 1805 Fides,

204 1829 241 1871 si
265 1827 539 1871 Strabonem
577 1826 614 1875 l.
648 1825 676 1868 l.
709 1821 883 1878 audias,
921 1822 1008 1866 fuit
1041 1822 1246 1867 minima.
1283 1817 1496 1873 Ἅπαντες

205 1896 360 1962 οἱπερὶ
383 1900 458 1953 τῆς
483 1896 661 1951 Ἰνδικῆς
688 1891 925 1957 γράψαντες
953 1894 1009 1946 ὡς
1035 1892 1106 1939 ἐπὶ
1136 1891 1185 1939 τὸ
1205 1889 1314 1938 πολὺ
1336 1891 1494 1956 ψευδο-

204 1968 344 2031 λόγοι,
381 1970 474 2015 καθ’
512 1965 750 2032 ὓπερὸολὴν
783 1964 826 2012 δὲ
866 1964 1112 2028 Δηίμαχος·
1140 1963 1195 2011 τὰ
1230 1962 1275 2011 δὲ
1318 1963 1494 2028 δεύτερα

203 2040 319 2103 λέγει
357 2039 633 2103 Μεγασθένης
661 2041 753 2087 κτλ.
780 2050 825 2086 et
846 2041 1003 2101 paullo
1042 2049 1150 2099 post
1172 2054 1184 2086 ε
1211 2036 1496 2102 διαφερόντως

205 2113 240 2160 δ’
262 2115 454 2160 ἀπιστεῖν
491 2113 603 2168 ἄξιον
640 2112 856 2176 Δηιμάχῳ
892 2130 938 2157 τε
974 2110 1047 2158 καὶ
1080 2111 1364 2173 Μεγασθένει.
1391 2114 1495 2171 Jam

204 2190 456 2251 exprohrat
487 2190 541 2232 iis
571 2190 745 2247 ineptas
767 2189 870 2231 istas
904 2186 964 2231 de
1002 2187 1191 2246 populis
1225 2186 1497 2231 monstrosis

205 2262 414 2317 fabellas,
437 2261 495 2305 de
515 2262 681 2320 quibus
699 2260 899 2305 vidimus
915 2275 1069 2320 supra.
1089 2260 1216 2304 Nihil
1234 2259 1333 2304 haec
1353 2261 1497 2319 impe-

204 2334 338 2378 diunt
361 2336 475 2393 quin
499 2343 649 2379 cetera
670 2334 896 2394 probatus
916 2333 1195 2378 Daimachus
1215 2341 1377 2378 auctor
1396 2333 1495 2378 fue-

203 2408 287 2463 rit,
310 2423 411 2466 quae
432 2405 744 2467 Megasthenes
762 2407 914 2451 minus
931 2414 1057 2451 recte
1078 2405 1260 2451 dixerat
1285 2406 1359 2451 vel
1376 2395 1495 2450 omi-

206 2489 350 2536 serat,
376 2482 610 2540 corrigere
637 2481 711 2525 vel
726 2480 943 2540 supplere
963 2478 1176 2536 studens;
1211 2494 1495 2539 quamquam

206 2553 375 2597 accidit
403 2554 446 2596 ei
475 2562 526 2598 ut
559 2554 713 2612 inepte
746 2553 1090 2613 Megasthenem
1120 2552 1493 2612 reprehenderit.

205 2626 430 2684 Exemplo
449 2627 506 2669 sit
527 2625 691 2686 fragm.
721 2641 763 2671 2.

271 2699 442 2742 Praeter
460 2698 621 2742 Indica
639 2699 856 2743 laudatur
883 2699 1125 2744 Daimachi
1153 2714 1270 2759 opus
1290 2695 1401 2763 Περὶ
1425 2698 1497 2745 εὖ·-

207 2766 375 2820 σεὸείας
393 2770 664 2829 inscriptum
677 2805 688 2827 ,
708 2786 803 2830 quo
822 2772 1005 2831 pietatis
1029 2772 1241 2831 exempla
1263 2787 1322 2816 ex
1339 2787 1498 2832 popu-

208 2843 360 2885 lorum
382 2842 584 2886 historiis
607 2853 768 2888 auctor
792 2844 1024 2905 collegisse
1046 2843 1249 2892 videtur.
1274 2845 1426 2900 Multa,
1440 2860 1498 2890 ex

210 2929 266 2957 eo
310 2922 543 2958 mutuatus
582 2911 720 2959 fuerit
762 2916 892 2962 faber
930 2917 1162 2961 librorum
1207 2917 1366 2964 XXIV
1386 2916 1498 2981 Περὶ

211 2984 380 3045 ἀγαθῶν
401 2983 474 3030 καὶ
499 2987 657 3044 κακῶν,
676 2989 757 3047 qui
780 2989 863 3032 sub
882 2989 1061 3049 Ephori
1078 2991 1271 3034 nomine
1286 2991 1497 3035 circum-

211 3057 506 3114 ferebantur3
538 3060 600 3103 sic
630 3061 752 3103 enim
776 3061 1073 3120 explicandus
1095 3062 1384 3122 Porphyrius
1418 3072 1495 3123 ap'.

212 3131 378 3174 Euseb.
404 3125 480 3176 Pr.
506 3133 588 3178 Ev.
613 3147 661 3190 p.
686 3133 776 3185 464
806 3133 881 3177 ed.
902 3134 1052 3179 Colon
1079 3150 1089 3177 :
1116 3132 1175 3181 Τί
1190 3131 1274 3197 γὰρ
1309 3132 1496 3198 Ἐφόρου

211 3198 318 3246 ἴδιον
335 3201 383 3246 ἐκ
399 3203 483 3247 τῶν
503 3201 823 3266 Δαῖ-μοίχουκαὶ
845 3204 1157 3259 Καλλισθένους
1180 3205 1254 3252 καὶ
1278 3204 1497 3268 Ἀναξιμέ-

216 3290 306 3326 νους
327 3274 474 3326 αὐταῖς
492 3271 654 3328 λέξεσιν
674 3273 786 3322 ἔστιν
804 3274 872 3322 ὅτε
891 3276 1152 3341 τρισχιλίους
1176 3275 1299 3332 ὅλους
1323 3298 1498 3341 μετατι-

216 3343 355 3397 θέντος
378 3344 546 3407 στίχους
559 3365 571 3404 ;
585 3348 652 3392 Cf.
669 3350 884 3410 Prolegg.
905 3351 965 3395 ad
980 3353 1164 3412 Fragm.
1186 3353 1244 3399 H.
1261 3368 1311 3413 p.
1331 3354 1499 3402 LXIV.

215 3419 430 3463 Ceterum
473 3420 567 3463 haec
619 3421 679 3465 ad
721 3423 1023 3467 Platoeensem
1073 3425 1379 3471 Daimaehum
1424 3442 1501 3472 re-

267 3531 287 3550 *
323 3530 432 3570 Alius
461 3531 700 3573 Daimaehus
731 3534 959 3574 Plataeensis
993 3546 1057 3585 ap.
1086 3538 1214 3578 Thuc.
1245 3540 1322 3588 111,
1356 3544 1420 3579 20.
1451 3560 1503 3568 -

219 3587 776 3697 galimacli;1s48iculus,11uus
803 3603 853 3631 ex
881 3595 1147 3634 Hermocratis
1167 3595 1413 3646 hipparchis,
1437 3607 1502 3646 ap

251 3658 274 3684 0
293 3658 378 3696 yaen
492 3653 513 3687 3
558 3652 569 3686 1

743 3775 977 3824 INDICA.

846 3867 888 3904 2.

275 3930 549 3971 Eratosthenes
568 3931 827 3971 Daimachum
849 3932 987 3973 rudem
1003 3936 1043 3974 et
1063 3935 1204 3975 harum
1226 3948 1359 3976 rerum
1380 3938 1504 3988 impe-

220 3993 341 4031 ritum
358 3996 525 4033 conatur
539 3994 746 4034 ostendere
759 4024 771 4044 ,
794 3997 838 4035 ut
853 3996 920 4045 qui
940 3998 1089 4046 putarit
1104 3999 1255 4039 Indiam
1272 4000 1374 4044 inter
1386 4001 1506 4052 aequi-

221 4056 397 4095 noctium
418 4059 457 4096 et
472 4057 655 4097 brumam
674 4068 756 4098 esse
772 4058 908 4107 sitam,
929 4061 969 4099 et
988 4062 1278 4110 Megastlienem
1295 4065 1506 4114 reprehen-

222 4118 323 4158 «ierit
337 4150 347 4168 ‚
383 4121 451 4169 qui
480 4121 519 4160 in
552 4122 740 4161 austrinis
770 4122 890 4161 indiae
914 4123 1092 4172 partibus
1113 4136 1223 4165 ursas
1255 4128 1434 4168 occidere
1467 4130 1508 4172 et
1583 4126 1848 4179 recipiendum
1867 4126 2060 4174 crateras,
2077 4123 2247 4172 lebetes,
2265 4123 2336 4162 aut
2371 4120 2521 4172 aliquid
2553 4119 2795 4171 huiusmodi,

223 4183 382 4221 unuln-as
398 4183 594 4223 diversam
625 4185 665 4224 in
694 4187 844 4235 partein
869 4186 1009 4226 cadere
1025 4187 1214 4227 dixisset:
1240 4190 1383 4230 horum
1403 4193 1508 4232 euim
1583 4191 1811 4232 callixenus
1829 4189 1885 4230 ait
1907 4189 2008 4228 libro
2038 4189 2181 4238 quarto
2203 4189 2260 4227 De
2278 4185 2512 4227 Alexandria
2527 4215 2538 4234 ‚
2559 4186 2599 4224 et
2633 4181 2821 4225 Daimach
2840 4242 2843 4246 Ι

2838 4250 2843 4266 l

224 4248 406 4285 neutrum
425 4247 532 4287 ullibi
549 4249 588 4288 iu
611 4249 717 4288 lnclia
737 4249 842 4299 lieri,
863 4262 1022 4301 esseque
1039 4251 1122 4290 lucc
1139 4252 1292 4292 indocte
1312 4255 1429 4294 (lima.

1552 2573 1704 2626 ,δικοῖς
1737 2573 1900 2637 ἱστορεῖ
1918 2569 2172 2641 περιστερὰς
2185 2569 2372 2634 μηλίνας
2399 2569 2610 2634 γίνεσθαι
2625 2572 2670 2618 ἐν
2703 2565 2926 2627 Ἰνδοῖς.

1539 3614 1547 3694 Ι
1581 3657 1630 3701 p.
1662 3638 1773 3699 153,
1796 3641 1853 3684 D.

1571 875 1763 919 ferenda
1786 890 1879 918 esse
1902 891 2000 919 non
2024 875 2206 922 dubito.
2230 876 2355 920 Num
2387 875 2448 921 ad
2482 876 2684 922 eundem
2715 857 2864 938 perti·
2936 927 2938 930 ,

1569 949 1683 984 nent
1707 937 2032 1000 Ὑπομνήματα
2060 938 2367 1003 πολιορκητικά
2404 939 2484 1001 (fr.
2522 942 2596 1003 9),
2624 959 2741 1003 opus
2764 961 2864 989 am·
2902 965 2941 1003 ν,
2986 959 2997 995 f

1569 1012 1846 1070 piissimum?
1876 1014 1960 1058 vix
1994 1012 2292 1060 crediderim.
2324 1012 2395 1060 Cf.
2421 1015 2603 1061 Fabi-ic.
2627 1017 2749 1062 Bibl.
2773 1017 2858 1066 Gr.
2942 1018 2945 1026 s
2987 1003 2993 1021 ‘

1569 1086 1644 1141 ΙΙ,
1671 1100 1718 1143 p.
1745 1084 1836 1142 768
1858 1085 1931 1132 ed.
1955 1100 2031 1145 pr.
2407 1127 2410 1129 .

2012 1155 2017 1159 ’
2095 1171 2337 1220 ΙΝΔιΚΑ..

2197 1277 2238 1308 1.
2938 1302 2949 1309 ,.

1636 1348 1803 1392 Strabo
1825 1345 1929 1404 XV,
1953 1364 2001 1407 p.
2020 1347 2218 1408 690311‚
2242 1348 2321 1409 69,
2347 1364 2424 1406 70,
2445 1354 2523 1406 74,
2551 1347 2611 1413 75
2632 1350 2864 1397 eDaima·
2986 1343 2995 1415 ξ

1571 1419 1660 1464 cho
1679 1419 1823 1464 refert
1843 1436 1869 1465 a
1884 1422 2004 1464 mari
2013 1421 2180 1466 Indico
2189 1421 2488 1466 meridionali
2502 1427 2649 1481 usque
2670 1422 2732 1468 ad
2751 1423 2866 1478 Cau·

1571 1507 1724 1537 casum
1747 1493 1895 1538 stadia
1922 1508 2016 1539 esse
2041 1493 2234 1551 3o,ooo.
2258 1493 2378 1540 Vide
2404 1495 2712 1556 Megasthenis
2731 1495 2790 1550 fr.
2813 1495 2864 1545 5.
2924 1503 2928 1506 ’
2985 1499 2991 1548 ’ἶ

2193 1597 2239 1626 2.

1636 1666 1806 1714 Strabo
1829 1669 1902 1725 II,
1925 1684 1974 1728 p.
2004 1667 2063 1725 76
2090 1681 2102 1714 τ
2125 1665 2270 1715 Ποίλιν
2298 1667 2335 1713 δ’
2359 1665 2522 1715 ἐκείνου
2544 1666 2619 1714 τὸν
2637 1667 2867 1736 Δηίμαχον

1570 1737 1744 1797 ἰδιώτην
1788 1737 2052 1794 ἐνδείξασθαι
2105 1738 2366 1802 βουλομένου
2414 1740 2490 1803 (se.
2516 1740 2865 1808 Ἐρατοσθένους)

1570 1809 1644 1858 καὶ
1670 1811 1845 1877 ἄπειρον
1879 1815 1964 1859 τῶν
1986 1811 2206 1860 τοιούτων·
2243 1810 2406 1860 οἴεσθαι
2442 1811 2526 1879 γὰρ
2563 1812 2644 1872 τὴν
2677 1813 2876 1874 Ἰνδικὴν,

1572 1882 1730 1946 μεταξὺ
1755 1889 1922 1932 κεῖσθαι
1941 1888 2018 1943 τῆς
2039 1903 2086 1932 τε
2106 1883 2427 1951 φθινοπωρινῆς
2440 1885 2668 1951 ἰσημερίας
2684 1887 2759 1935 καὶ
2781 1891 2869 1936 τῶν
2915 1896 2919 1900 ’

1570 1960 1739 2023 τροπῶν
1762 1960 1845 2004 τῶν
1869 1960 2142 2024 χειμερινῶν,
2162 1957 2431 2022 Μεγασθένει
2450 1977 2498 2006 τε
2523 1957 2758 2024 ἀντιλέγειν
2785 1960 2867 2028 φή·

1572 2049 1696 2077 σαντι
1716 2031 1759 2077 ἐν
1778 2031 1866 2085 τοῖς
1888 2030 2042 2086 νοτίοις
2063 2029 2213 2097 μέρεσι
2230 2031 2307 2089 τῆς
2325 2030 2511 2090 Ἰνδικῆς
2527 2030 2602 2087 τοίς
2621 2052 2668 2080 τε
2689 2032 2870 2096 ἄρκτους

1572 2102 1921 2169 ἀποκρύπτεσθαι
1954 2101 2028 2151 καὶ
2060 2102 2138 2158 τὰς
2167 2101 2292 2158 σκιὰς
2326 2102 2610 2152 ἀντιπίπτειν·
2635 2105 2868 2171 μηδέτερον

1571 2173 1653 2241 γὰρ
1686 2173 1848 2224 τούτων
1874 2177 2077 2239 μηδαμοῦ
2111 2179 2188 2234 τῆς
2224 2176 2408 2234 Ἰνδικῆς
2431 2176 2696 2240 συμὸαίνειν·
2730 2183 2870 2227 ταῦτα

1573 2249 1623 2308 δὴ
1652 2247 1890 2313 φοίσκοντος
1913 2250 2091 2312 ἀμαθῶς
2117 2247 2334 2313 λέγεσθαι.
2364 2250 2541 2297 Eadem
2566 2244 2736 2298 iterum
2768 2261 2871 2300 tan·

1572 2326 1639 2385 git
1655 2340 1703 2385 p.
1735 2339 1814 2381 77.
1839 2323 1957 2372 Vide
1983 2324 2291 2385 Megasthenis
2309 2323 2369 2372 fr.
2396 2339 2442 2381 7.
2912 2386 2913 2391 1

1786 2460 1788 2462 ,
2202 2410 2248 2459 3.
2647 2426 2662 2437 ·
2905 2384 2938 2450 ἢ

1635 2501 1882 2547 Athenaeus
1903 2501 1994 2558 IX,
2012 2515 2062 2559 p.
2083 2498 2193 2560 394,
2213 2500 2283 2545 E:
2305 2495 2546 2563 Δαιμαχος
2550 2497 2588 2545 δ’
2610 2499 2656 2547 ἐν
2676 2504 2764 2554 τοῖς
2785 2497 2871 2549 Ἰν·
2900 2543 2902 2553 .

2914 2341 2938 2386 *¹³2³
2916 2206 2941 2321 fffstbtssu-
2923 2182 2926 2187 ¹
2911 2124 2923 2143 ’Δ
2919 2080 2922 2084 ⁴

2920 2675 2929 2686 x
2924 2606 2933 2623 ,ρ
2917 2498 2942 2607 nst&
2911 2454 2937 2508 ‘’J-⁴¹.

1571 2647 1641 2693 Cf.
1660 2648 1870 2693 AElianus
1901 2648 1961 2694 V.
1979 2646 2042 2691 H.
2060 2647 2112 2702 I,
2148 2642 2224 2702 15,
2235 2645 2323 2690 uhi
2339 2644 2503 2690 eadem
2507 2643 2596 2706 (ex
2610 2635 2934 2708 Athenaeo),

1571 2736 1670 2765 non
1691 2721 1934 2765 nominato
1958 2718 2242 2774 Daimacho,
2265 2727 2312 2763 et
2332 2719 2390 2765 N.
2415 2718 2504 2764 An.
2528 2719 2632 2776 XV,
2665 2723 2758 2773 14:
2779 2714 2872 2773 Και

1572 2789 1868 2857 περιστερὰς’
1844 2787 1991 2855 ωχρὰς
2013 2787 2258 2851 κομίζουσιν
2281 2789 2359 2851 (sc.
2389 2791 2452 2855 τῷ
2476 2787 2670 2854 σφετέρῳ
2703 2787 2875 2853 βασιλεῖ

1573 2865 1613 2911 οἵ
1637 2862 1815 2927 Ἰνδοί),
1849 2861 2031 2927 οιασπερ
2063 2853 2136 2908 οῧν
2168 2880 2245 2909 και
2263 2859 2436 2926 λεγουσι
2463 2860 2572 2925 μήτε
2605 2864 2872 2927 ἡμεροῦσθαι

1576 2935 1687 2999 μήτε
1706 2933 1811 2983 ποτὲ
1834 2930 2120 3000 πραυνεσθαι.

2194 3027 2219 3075 4
2229 3056 2241 3069 .

1931 3113 1968 3155 Ε
2003 3102 2187 3156 LIBRO
2202 3111 2206 3114 ’
2221 3108 2516 3154 SECUNDO.

1640 3206 1953 3266 Harpocratio
1970 3221 2017 3249 v.
2031 3200 2306 3265 Ἐγγυθήκηε
2327 3197 2498 3258 Ειηδ’
2477 3218 2526 3246 αν
2543 3202 2690 3252 σκευός
2708 3217 2748 3246 τι
2765 3196 2877 3263 πρὸς-

1575 3276 1624 3324 τὸ
1657 3280 1875 3342 κρατῆρας
1907 3273 1935 3332 ἢ
1975 3273 2217 3332 λέὸητας”
2188 3293 2216 3331 η
2237 3292 2279 3320 τι
2300 3271 2503 3319 τοιούτων
2536 3272 2614 3318 οὐκ
2649 3269 2873 3336 ἀλλότριον

1577 3346 2071 3405 ἐπικεῖσθαιέπιτήδειον
2099 3337 2280 3410 [εἷναι],
2307 3347 2363 3398 ὥς
2394 3340 2653 3397 Καλλίξενός
2681 3361 2730 3390 τε
2766 3345 2810 3391 ἐν
2834 3340 2871 3389 δ’

1577 3441 1676 3487 περι
1696 3417 2321 3486 Ἀλεξανδρείαςὑποσημαίνει
2339 3415 2414 3464 καὶ
2437 3412 2666 3480 Δαίμαχος
2691 3418 2714 3462 ὁ
2742 3416 2871 3465 Πλα-

1578 3490 1721 3548 ταιευς
1740 3492 1846 3556 ἐνβ’
1875 3491 1984 3556 Περι
2007 3491 2213 3549 Ἰνδικῆς.
2863 3520 2865 3522 -

1646 3570 1756 3612 Haee
1784 3568 2069 3612 illustrantur
2086 3563 2392 3625 Megasthenis
2421 3561 2481 3607 fr.
2523 3576 2585 3623 29
2609 3576 2668 3606 ex
2697 3561 2868 3607 Athen.

2198 3779 2240 3818 3.
2835 3801 2851 3816 ..

1629 3848 1870 3889 Daimachus
1895 3847 1936 3887 in
1968 3845 2110 3887 Indicis
2136 3845 2271 3885 narrat
2289 3843 2498 3884 columbas
2519 3843 2631 3884 citrei
2663 3840 2808 3883 coloris
2825 3837 2874 3881 ‘ln

1581 3912 1692 3953 India
1707 3922 1804 3952 esse.

2205 3976 2247 4016 4.

1631 4061 1870 4114 Ἐγγυθήκη,
1896 4059 2096 4110 incitaga,
2115 4057 2407 4112 repositorium.
2425 4059 2506 4097 Vas
2521 4057 2606 4096 erat
2619 4054 2806 4096 idoneum
2832 4070 2835 4088 v
2858 4095 2861 4099 Α

1583 4256 1681 4296 libro
1697 4255 1870 4297 seeundo
1886 4254 2124 4296 Indicorum.
