3016 4628
87 727 89 729 ¹
139 731 256 784 ἷδίοις
272 725 641 792 κατασφάττουσιν
664 724 868 789 ἐφεστίοις
891 724 1217 779 ἀντιὸολοῧντας
1245 724 1319 772 καὶ
1343 725 1418 788 γό-

54 1243 61 1255 ·’
86 1217 94 1223 ⁷
113 1274 123 1276 γε
138 1229 286 1285 Δέκιος
302 1230 385 1277 δὲ’
362 1228 455 1276 αντὶ
468 1227 737 1293 φρουράρχου
761 1227 961 1292 τύραννος
977 1227 1161 1291 ἐγεγόνει
1178 1231 1255 1286 τῆς
1278 1227 1424 1289 Ρηγί-

46 1302 78 1346 ἲ»
137 1321 218 1348 νων
237 1301 414 1355 πόλεως.

72 1368 75 1370 ’
137 1374 287 1438 ἔδρασε
327 1372 471 1430 δίκας,
507 1373 762 1433 Καμπανοῖς
788 1377 875 1424 τοῖς
911 1369 1141 1434 κατέχουσι
1187 1371 1421 1429 Μεσσήνην

104 2557 107 2560 »
132 2520 236 2582 μοὺς
270 2523 399 2568 αὐτοῦ
423 2524 640 2586 καυστικῷ
670 2521 915 2586 φαρμάκῳ,
942 2522 1015 2569 καὶ
1040 2523 1419 2585 διακελευσάμενος

761 193 842 242 EX
878 190 1174 240 HISTORIA
1208 192 1493 241 DIONYSII
1531 195 2161 252 HALICARNASSENSIS.

142 305 280 371 Δεκίῳ
294 304 465 371 φθάσειν
481 304 576 357 τοὺς
587 300 824 363 Ῥηγίνους.
835 299 966 364 ’Έχει
986 299 1030 347 δὲ
1043 300 1169 364 λόγον
1183 301 1420 366 ἀμφότερα,

140 377 304 434 Ἔδειξε
325 376 376 435 δὴ
390 381 523 423 ταῦτα
535 375 621 428 τοῖς
641 376 684 421 ἐν
697 377 756 437 τῷ
777 372 981 437 συνεδρίῳ
995 390 1218 436 παρουσιν·
1236 374 1310 420 καὶ
1323 374 1419 420 ἐπεὶ

140 451 325 516 τάχιστα
349 447 418 503 νυξ
448 446 611 534 ἐγένετο
623 483 635 504 ,
659 443 894 509 φράσαντες
928 445 966 491 οἱ
1001 462 1243 508 ταγματαρ
1232 464 1263 508 f
1266 464 1309 490 αι
1332 451 1420 498 τοῖς

142 521 286 575 ἄλλοις
305 518 582 600 στρατιώταις
599 517 627 564 ἃ
652 517 883 563 διενοουντο
911 514 1145 599 πράττειν,
1164 516 1234 562 ἐπὶ
1262 515 1337 570 τὰς
1361 518 1419 563 οἷ-

140 586 234 639 κίας
263 587 348 631 τῶν
383 581 593 645 Ῥηγίνων
620 580 824 645 ἐχώρουν,
853 579 926 627 καὶ
950 578 1045 634 τους
1069 579 1146 642 μὲν
1175 580 1420 644 εὐωχουμέ-

141 675 234 711 νους
270 655 355 714 ἔτι,
393 654 488 708 τοὺς
513 650 873 714 δὲκοιμωμένους
905 651 1221 706 καταλαὸόντες
1257 654 1299 699 ἐν
1334 653 1419 706 τοῖς

139 820 236 850 νασι
272 797 658 865 προσκυλιομένους
692 796 766 844 καὶ
790 797 880 843 ἀνθ’
904 795 1002 843 ὅτου
1034 801 1174 844 ταῦτα
1198 796 1420 861 πάσχουσι

141 873 288 936 μαθεῖν
324 871 568 927 ἀξιοῦντας,
602 868 697 916 οὔτε
720 868 889 926 ἡλικίας
924 867 1019 916 οὔτε
1049 867 1184 933 τύχης
1209 870 1421 932 μηδεμιᾶς

140 943 400 1011 φειδόμενοι·
431 939 707 1006 φονεύσαντες
737 940 782 988 δὲ
808 939 904 993 τους
930 939 1085 1005 ἄνδρας
1109 939 1171 987 ἔτι
1192 940 1421 1006 δεινότερον

139 1016 257 1080 ἔργον
287 1013 609 1080 ἐξειργάσαντο,
632 1011 707 1066 τάς
726 1031 772 1059 τε
805 1015 1008 1074 γυναῖκας
1037 1031 1122 1059 των
1155 1011 1270 1059 ἰδίων
1295 1012 1421 1068 ξένων

138 1087 210 1136 καὶ
250 1086 326 1140 τὰς
364 1085 618 1150 παρθένους
631 1083 865 1146 διελόμενοι
890 1102 1081 1141 συνησαν
1111 1084 1338 1147 ἀκούσαις,
1362 1090 1421 1132 ὡν

135 1158 232 1212 τοὺς
252 1156 438 1222 πατέρας
455 1155 529 1204 καὶ
551 1154 646 1209 τους
669 1154 860 1220 ἅνδρας’
842 1174 884 1202 εν
904 1156 1176 1220 ὀφθαλμοῒς’
1153 1155 1421 1204 απέκτειναν,

488 1298 578 1347 Καὶ
593 1297 859 1362 λογιζόμενος
876 1295 940 1344 ὅτι
960 1298 1087 1345 δώσει
1110 1296 1389 1360 (οΡωμαίοις
1364 1320 1422 1347 ων

137 1445 388 1508 συμμαχίαν
433 1443 593 1500 τίθησι,
630 1442 835 1532 μεγίστην
867 1441 992 1506 ἶσχυν
1027 1445 1111 1489 τῶν
1156 1443 1198 1490 ἐν
1243 1443 1420 1491 Σικελία

135 1515 342 1563 πόλευ)ν”
319 1536 336 1563 ε
340 1534 486 1579 ,(ουσι
510 1533 584 1561 και
598 1512 674 1570 τὴν
691 1513 813 1560 πόλιν
831 1511 916 1560 διὰ
922 1514 1086 1570 πολλης
1106 1533 1141 1560 ει
1143 1533 1194 1578 χε
1215 1517 1420 1580 φυλακῆς.

136 1587 193 1635 Ἥ
208 1586 251 1634 δὲ
277 1586 406 1651 βουλὴ
429 1588 623 1648 μαθοῦσα
640 1583 693 1630 τὰ
707 1603 804 1648 περι
817 1583 912 1638 τοὺς
930 1583 1154 1648 Ῥηγίνους
1170 1587 1287 1644 πάθη
1303 1588 1422 1652 παρὰ

135 1661 217 1706 τῶν
240 1658 527 1722 διαφυγόντων
547 1656 615 1704 τὸν
634 1655 821 1720 ὄλεθρον,
846 1655 940 1703 οὐδὲ
964 1656 1034 1703 τὸν
1057 1657 1281 1722 ἐλάχιστον
1313 1662 1417 1705 ἀνα-

137 1730 321 1793 μένουσα
350 1730 403 1794 (9)
445 1728 596 1793 χρόνον
639 1727 891 1774 ἀποστέλλει
938 1728 1143 1792 στρατιὰν
1188 1728 1418 1780 νεοσύλλε-

135 1820 233 1849 κτον
261 1801 418 1864 ἄγοντα
460 1800 600 1865 ἕτερον
647 1803 730 1846 τῶν
751 1799 864 1846 κατὰ
894 1799 1018 1847 πόλιν
1051 1805 1300 1866 στρατηγῶν
1328 1805 1418 1865 (10).

134 1873 351 1922 Φθάσασα
391 1871 435 1920 δὲ
459 1871 534 1930 τὴν
570 1871 803 1934 Ῥωμαίων
847 1871 984 1937 ἄφιξιν
1018 1877 1045 1930 ἡ
1084 1878 1158 1920 τοῦ
1203 1875 1420 1936 δαιμονίου

135 1946 310 2010 πρόνοια
333 1945 402 1991 τὸν
424 1942 615 2008 ἡγεμόνα
631 1947 708 2000 τ’ἧς
733 1951 915 2009 φρουρᾶς
935 1943 1084 1992 Δέκιον
1111 1944 1203 1991 ἀντὶ
1226 1949 1310 1991 τῶν
1332 1948 1422 1993 ἀνο-

136 2018 236 2064 σίων
265 2017 568 2080 βουλευμάτων
593 2017 650 2068 εἷς
670 2013 723 2061 τὰ
745 2013 991 2078 κυριώτατα
1007 2021 1079 2064 τοῦ
1106 2019 1181 2073 ζῆν
1206 2021 1417 2080 ἐτιμωρη-

135 2107 240 2136 σατο
259 2087 394 2157 μέρη,
415 2086 535 2135 νόσον
558 2088 615 2141 εἷς
631 2085 726 2140 τοὺς
750 2087 994 2152 ὀφθαλμοὺς
1009 2087 1258 2151 έμὸαλοῦσα
1285 2091 1420 2143 δεινας

133 2159 405 2226 περιωδυνίας
432 2161 501 2223 (ιι)
527 2158 751 2225 φέρουσαν,
773 2160 826 2218 ἣν
847 2159 1051 2207 ἰάσασθαι
1077 2159 1421 2225 προθυμούμενος

137 2232 354 2300 ἄνθρωπον
384 2233 432 2278 ἐκ
463 2231 694 2288 Μεσσήνης
729 2231 872 2297 ἰατρὸν
905 2232 1260 2294 μεταπέμπεται,
1291 2233 1419 2288 Δεξι-

133 2306 295 2396 κράτην
331 2304 490 2366 ὄνομα,
514 2305 826 2366 πυνθανόμενος
851 2306 1022 2371 ἄριστον
1058 2299 1276 2353 εἶναιτῶν
1308 2306 1419 2353 κατὰ

132 2376 209 2433 τὴν
234 2375 369 2434 αυτην
394 2376 608 2433 ἡλικίαν’
597 2379 768 2440 ιατρῶν,
799 2379 961 2439 ἀγνοῶν
996 2377 1085 2424 δὲ’
1060 2398 1124 2425 οτι
1147 2379 1345 2442 Ῥηγῖνος
1368 2383 1418 2437 ἠν

131 2448 180 2496 τὸ
193 2448 323 2511 γένος·
335 2448 377 2502 ὃς
392 2448 643 2513 ἀφικόμενος
657 2450 714 2502 εἷς
734 2447 908 2511 Ῥήγιον
918 2450 1128 2515 ἐναλείφει
1143 2450 1239 2505 τοὺς
1259 2453 1418 2516 ὀφθαλ-

132 2592 393 2656 ἀντέχεσθαιι
413 2591 487 2645 τὰς
519 2591 823 2656 περιωδυνίας,
851 2591 929 2646 ἕως
954 2592 1004 2640 ἂν
1028 2594 1258 2659 ἀφίκηται,
1282 2614 1417 2642 κατα·

132 2663 214 2716 ι3ὂις
229 2663 298 2710 ἐπὶ
313 2664 528 2710 θάλατταν
545 2664 617 2726 (12)
641 2665 700 2717 εἷς
714 2663 761 2710 τὸ
773 2666 1176 2728 παρεσκευασμένον
1190 2671 1417 2730 πορθμειον

132 2735 279 2792 ἐνέὸη,
304 2735 378 2781 καὶ
395 2735 491 2799 πρὶν
513 2734 732 2782 αἰσθέσθαι
751 2736 847 2782 τινὰ
869 2736 918 2783 τὸ
942 2737 1131 2801 πραχθὲν
1157 2740 1214 2791 εἷς
1239 2736 1392 2795 Μεσση

132 2826 207 2866 νην
228 2806 509 2855 ἀπέπλευσεν.
578 2806 726 2860 Δέκιος
743 2805 788 2853 δὲ
805 2807 935 2872 μέχρι
956 2808 1033 2870 μέν
1053 2829 1178 2867 τινος,
1195 2811 1418 2873 ἐκκαιομε-

130 2897 202 2935 νης
224 2881 298 2934 τῆς
321 2879 529 2941 ὁράσεως,
556 2877 795 2941 ἀλγηδόνας
819 2898 864 2926 τε
892 2881 1030 2934 δεινὰς
1053 2881 1278 2943 ὑπομένων
1302 2885 1417 2939 ἠνει-

129 2969 246 3014 χετο,
268 2949 338 2996 τὸν
371 2949 513 3014 ἰατρὸν
537 2950 891 3014 προσδεχόμενος.
918 2951 993 3006 Ὡς
1018 2951 1062 3000 δὲ
1091 2952 1223 3007 πολὺς
1256 2954 1419 3016 ἐγένετο

129 3022 278 3087 χρόνος
315 3022 387 3068 καὶ
421 3021 497 3075 τὰς
536 3023 815 3086 περιωδυνίας
851 3023 1055 3079 ἀδύνατος
1089 3018 1140 3083 ἦν
1165 3025 1227 3073 ἔτι
1255 3026 1415 3090 φέρειν,

131 3094 365 3157 σπογγίσας
386 3094 435 3141 τὸ
466 3093 692 3159 φάρμακον
718 3094 791 3142 καὶ
823 3095 921 3152 τοὺς
958 3097 1202 3161 ὀφθαλμοὺς
1226 3098 1414 3156 ἀνοίξας,

131 3165 240 3228 ἔγνω
259 3164 334 3219 τὰς
357 3166 473 3230 ὄψεις
492 3166 835 3229 ἐκκεκαυμένας·
861 3168 934 3215 καὶ
955 3168 1027 3216 τὸν
1051 3168 1093 3224 ἐξ
1121 3169 1280 3217 ἐκείνου
1309 3190 1340 3234 χ
1345 3171 1414 3234 ρό-

129 3256 197 3285 νον
218 3238 396 3300 διέμεινε
420 3239 590 3303 τυφλός.
660 3239 854 3306 ἹῘμέρας
875 3259 920 3287 τε
950 3240 1096 3304 ὀλίγας
1117 3241 1178 3288 ἔτι
1198 3241 1416 3305 περιενέγ-

129 3327 206 3363 κας
229 3308 466 3373 ὑποχείριος
493 3313 579 3364 τοῖς
610 3310 1042 3374 Ῥωμαίοιςγίνεται,
1062 3312 1312 3377 συλληφθεὶς
1333 3312 1416 3359 ὑπὸ

128 3383 211 3428 τῶν
235 3381 372 3429 ἷδίων·
405 3382 565 3439 ταύτην
599 3382 682 3448 γὰρ
707 3382 890 3444 οἰόμενοί
917 3403 1025 3438 τινες
1057 3384 1290 3448 ἀπολογίαν
1313 3386 1412 3432 Φα-

130 3452 310 3517 ὅρικίου,
339 3452 414 3510 τήν
443 3472 488 3500 τε
515 3454 638 3502 πόλιν
663 3453 849 3520 ἀνέῳξαν
873 3458 934 3520 τῷ
959 3458 1211 3520 στρατηγῷ,
1235 3455 1309 3501 καὶ
1343 3455 1414 3502 τὸν
1444 3488 1447 3491 -

73 3570 78 3578 ,
131 3524 279 3573 Δέκιον
303 3524 506 3582 δήσαντες
528 3527 770 3592 παρέδοσαν
802 3527 1054 3593 Φαὸρικίῳ.
1080 3527 1135 3576 Ὁ
1161 3527 1204 3574 δὲ
1233 3527 1309 3585 τὴν
1336 3527 1412 3587 μὲν

129 3595 248 3642 πόλιν
269 3596 505 3645 ἀποδίδωσι
526 3600 611 3653 τοῖς
633 3604 826 3664 περιοῦσι
843 3600 1054 3663 Ῥηγίνων
1070 3638 1082 3659 ,
1102 3599 1197 3654 τοὺς
1217 3599 1262 3646 δὲ
1286 3618 1412 3665 φρου-

131 3666 225 3728 ροὺς
245 3667 316 3732 (13)
341 3668 510 3733 ἅπαντα
528 3673 780 3718 καταλιπεῖν
801 3672 947 3720 αὐτόθι
963 3671 1167 3726 κελεύσας
1190 3672 1412 3734 ἀπήγαγεν

75 3744 77 3746 ’
129 3739 245 3786 οὐδὲν
274 3741 598 3806 ἐπιφερομένους
618 3742 698 3798 ἔξω
724 3747 808 3790 τῶν
834 3743 992 3792 ὅπλων·
1010 3744 1053 3799 ἐξ
1076 3738 1134 3791 ὧν
1160 3743 1254 3798 τοὺς
1283 3762 1407 3807 κορυ-

46 4151 67 4224 ᾗ).

38 4387 40 4390 ,
47 4326 66 4366 '²5

53 4391 70 4425 t

7 4533 27 4570 ξι

15 4578 27 4605 ο
50 4583 85 4608 nvi:

70 4488 97 4523 ,,

129 3810 378 3873 φαιοτάτους
391 3812 546 3878 ἄνδρας
569 3813 892 3875 ἐπιλεξάμενος,
911 3815 981 3869 οὒς
1007 3815 1240 3880 ἀπέφαινον
1266 3811 1303 3862 ὁὶ
1324 3817 1412 3861 λοι-

2696 226 2782 259 xm

1498 312 1599 351 Utut
1618 314 1697 362 est,
1720 325 1813 354 nam
1838 318 2052 368 utrumque
2078 321 2268 361 rationem
2299 298 2417 364 habet
2434 355 2444 373 ‚
2477 328 2670 368 monstrat
2697 329 2783 368 hacc

1496 399 1638 438 Decius
1664 399 1710 438 iis
1729 400 1796 449 qui
1823 401 1863 439 in
1887 403 2053 442 concilio
2078 408 2291 454 praesentes
2322 412 2447 448 erant.
2503 412 2626 460 Igitur
2655 415 2781 463 prima

1496 485 1634 534 nocte,
1666 485 1824 536 reliquis
1854 487 2043 527 militibus
2072 488 2122 528 de
2151 500 2194 529 re
2216 491 2363 540 agenda
2380 493 2549 544 edoctis,
2572 497 2610 535 in
2643 497 2784 538 domus

1495 571 1759 621 Rheginorum
1791 573 2035 625 irrumpunt;
2070 575 2142 616 hos
2172 578 2375 627 epulantes
2405 580 2561 628 adhuc,
2589 582 2674 622 illos
2702 584 2782 632 jam

1497 655 1735 697 dormientes
1754 658 2083 710 deprehendunt;
2114 663 2316 703 trucidant
2343 675 2480 705 omnes
2506 668 2554 705 ad
2586 670 2689 709 focos
2711 670 2782 708 do-

1497 742 1683 782 mesticos
1705 743 1900 794 supplices
1925 745 1966 784 in
1988 757 2115 796 genua
2134 749 2371 798 prostratos,
2405 754 2660 802 rogantesque
2683 765 2783 803 quo-

1497 840 1589 869 nam
1630 830 1794 870 crimine
1834 831 1919 871 hacc
1950 834 2152 882 promeriti
2179 835 2269 875 sint.
2323 839 2459 887 Neque
2495 839 2605 877 aetati
2657 850 2784 890 neque

1499 915 1668 956 fortunae
1684 917 1752 956 ulli
1771 921 1951 968 parcunt.
2006 920 2192 960 Virorum
2207 921 2307 961 caedi
2323 923 2517 972 perfuncti
2531 924 2637 962 aliud
2656 936 2785 975 aggre-

1498 1002 1662 1042 diuntur
1681 1004 1853 1044 atrocius
1873 1021 1880 1044 :
1896 1016 2040 1045 uxores
2060 1006 2237 1046 hostium
2252 1006 2428 1058 filiasque
2442 1008 2611 1058 virgines
2630 1009 2730 1049 inter
2744 1022 2786 1050 se

1498 1090 1761 1140 distribuunt,
1782 1092 2041 1143 stuprumque
2060 1093 2223 1143 invitas,
2245 1105 2415 1145 quarum
2433 1097 2563 1144 patres
2579 1096 2641 1134 vcl
2664 1097 2786 1135 mari·

1498 1178 1581 1225 tos,
1599 1175 1844 1216 intuentibus
1865 1177 1942 1217 illis
1955 1206 1967 1226 ‚
1990 1178 2107 1218 modo
2119 1180 2354 1218 mactarant⁴
2408 1179 2474 1219 Sic
2490 1180 2632 1219 Decius
2652 1191 2674 1220 e
2690 1192 2786 1231 prae-

2647 1247 2694 1309 Et
2723 1281 2782 1310 re-

1499 1360 1640 1408 putans
1668 1359 1854 1399 Romanis
1873 1370 1914 1399 se
1932 1370 2068 1409 poenas
2085 1360 2241 1400 sceleris
2263 1362 2323 1400 sui
2351 1361 2538 1400 daturum
2567 1372 2671 1409 esse,
2692 1373 2783 1401 cum

1499 1265 1601 1306 fecto
1622 1266 1791 1316 praesidii
1811 1269 2000 1317 tyrannus
2027 1267 2136 1307 urbis
2165 1268 2429 1318 Rheginorum
2452 1270 2589 1308 evasit.

1499 1450 1721 1500 Campanis,
1739 1450 1807 1501 qui
1822 1452 2041 1490 Messanam
2057 1451 2278 1492 obtinentes
2292 1453 2388 1492 tunc
2404 1452 2506 1492 inter
2522 1452 2675 1493 Siculas
2694 1454 2787 1492 civi-

1497 1541 1598 1580 tates
1619 1541 1879 1591 potentissimi
1901 1542 2033 1590 erant,
2061 1542 2289 1582 societatem
2309 1542 2529 1593 contraxit,
2564 1543 2787 1594 urbemque

1498 1634 1788 1685 diligentissime
1835 1634 2097 1675 custodiebat.
2152 1636 2320 1675 Senatus
2353 1646 2473 1686 vero,
2523 1637 2786 1686 Rheginorum

1498 1736 1589 1764 casu
1607 1736 1676 1776 per
1695 1736 1762 1765 eos
1784 1726 1853 1776 qui
1876 1725 2029 1765 cladem
2049 1726 2281 1777 effugerant,
2299 1727 2502 1777 comperto
2516 1757 2526 1776 ‚
2548 1728 2657 1766 nulla
2676 1738 2788 1767 mora

1498 1816 1726 1865 interposita
1755 1816 1926 1855 alterum
1953 1816 2156 1856 consulem
2191 1826 2284 1855 cum
2312 1816 2490 1855 exercitu
2523 1827 2661 1855 recens
2691 1826 2786 1855 con-

1497 1906 1642 1955 scripto
1685 1903 1828 1944 emisit.
1883 1903 1959 1944 Sed
2002 1903 2214 1944 antevertit
2261 1905 2532 1943 Romanorum
2566 1903 2782 1944 adventum

1496 1991 1629 2031 divina
1661 1991 1932 2042 providentia,
1959 1991 2207 2042 Deciumque
2241 1993 2410 2043 praesidii
2437 1993 2579 2032 ducem
2612 2003 2683 2043 pro
2707 2003 2788 2031 sce-

1497 2083 1578 2122 lere
1596 2082 1764 2122 nefando
1787 2083 1980 2133 plectens,
2003 2078 2219 2122 in'vitalem
2243 2083 2418 2122 maxime
2440 2083 2614 2133 corporis
2634 2083 2785 2132 partem

1498 2175 1714 2214 vindictam
1733 2185 1858 2236 suam,
1878 2174 2067 2214 exercuit.
2121 2175 2278 2214 Etenim
2308 2176 2515 2214 oculorum
2543 2174 2727 2213 morbum
2753 2173 2788 2212 ei

1496 2266 1628 2315 injecit
1654 2267 1791 2305 multis
1811 2266 2236 2316 Junctumdoloribus.
2291 2270 2419 2316 Aquo
2439 2267 2596 2306 liberari
2626 2269 2787 2318 cupiens

1497 2356 1640 2395 Decius
1658 2357 1835 2396 Messana
1850 2354 2051 2395 arcessivit
2068 2354 2331 2404 Dexicratem,
2352 2365 2472 2405 quem
2485 2355 2785 2394 celeberrimum

1496 2453 1578 2482 suae
1601 2442 1728 2481 aetatis
1750 2441 1948 2481 medicum
1977 2451 2060 2480 esse
2088 2441 2349 2490 cognoverat,
2375 2439 2446 2479 scd
2471 2440 2618 2490 Rhegio
2649 2442 2784 2479 ortum

1497 2540 1578 2569 esse
1593 2529 1810 2579 ignorabat.
1829 2531 1868 2568 Is
1899 2528 1968 2567 ubi
1993 2528 2186 2577 Rhegium
2202 2528 2324 2575 venit,
2342 2527 2478 2566 oculos
2498 2527 2785 2567 medicamento

1495 2614 1602 2664 quod
1621 2613 1761 2653 urendi
1782 2614 1862 2652 vim·
1874 2613 1994 2652 habet
2008 2642 2018 2661 ‚
2036 2612 2187 2662 inungit
2200 2611 2392 2662 jubetque
2407 2613 2454 2651 ut
2473 2611 2629 2651 dolores
2643 2611 2786 2651 Decius

1495 2700 1685 2740 sustineat
1708 2709 1832 2748 usque
1850 2698 1947 2737 dum
1966 2698 2047 2747 ipse
2067 2697 2117 2737 sit
2135 2708 2333 2737 reversus.
2389 2698 2479 2742 Quo
2495 2697 2599 2736 facto
2622 2696 2672 2735 ad
2694 2697 2786 2735 litus

1495 2787 1700 2836 properat,
1733 2786 1773 2824 et
1808 2784 1986 2834 navigio,
2018 2784 2125 2833 quod
2148 2785 2334 2834 paratum
2354 2793 2438 2822 esse
2472 2783 2667 2832 jusserat,
2688 2793 2784 2822 con-

1494 2882 1631 2911 scenso
1644 2899 1655 2918 ‚
1676 2871 1890 2920 antequam
1906 2880 1997 2920 quae
2018 2880 2080 2908 res
2098 2870 2200 2909 esset
2220 2869 2431 2918 quisquam
2455 2868 2662 2916 sensisset,
2685 2868 2784 2907 redit

1493 2962 1725 3000 Messanam.
1782 2957 2062 3006 Decius,dum
2095 2956 2246 2995 lumina
2279 2957 2466 3003 uruntur,
2503 2955 2785 3005 aliquantisper

1491 3046 1637 3085 doloris
1662 3044 1953 3084 vehementiam
1985 3044 2137 3082 fortiter
2173 3032 2413 3090 sustinebat,
2445 3041 2613 3080 reditum
2644 3052 2783 3090 exspe-

1491 3135 1602 3172 ctans
1614 3132 1754 3172 medici
1766 3147 1778 3182 ;
1795 3131 1863 3172 sed
1878 3133 2057 3181 tempore
2074 3131 2310 3181 procedente
2323 3141 2448 3181 quum
2464 3129 2624 3170 ferendo
2636 3129 2782 3168 diutius

1490 3219 1615 3258 dolori
1637 3219 1762 3268 impar
1783 3219 1906 3266 esset,
1923 3219 2168 3267 unguentum
2184 3216 2344 3267 spongia
2357 3216 2542 3264 detersit,
2563 3215 2778 3263 oculosque

1490 3303 1668 3353 aperiens
1687 3303 1870 3353 cognovit
1888 3304 2048 3341 exustos
2067 3312 2163 3341 esse.
2219 3302 2268 3340 Et
2280 3300 2331 3340 ab
2351 3311 2397 3340 eo
2411 3300 2501 3339 inde
2514 3301 2690 3350 tempore
2707 3310 2781 3337 cae-

1490 3401 1560 3429 cus
1577 3390 1735 3429 mansit.
1795 3392 1917 3428 Porro
1934 3388 2068 3438 paucis
2083 3387 2222 3426 diebus
2237 3387 2327 3437 post
2340 3397 2362 3425 a
2379 3387 2461 3425 suis
2476 3386 2780 3435 comprehensus

1489 3476 1528 3514 in
1545 3476 1779 3524 potestatem
1799 3474 1907 3513 venit
1930 3476 2212 3513 Romanorum.
2270 3471 2429 3511 Scilicet
2449 3470 2558 3509 Decii
2578 3470 2779 3508 calamita-

1487 3562 1567 3600 tem
1581 3561 1747 3600 Fabricii
1763 3570 1846 3600 esse
1862 3559 2126 3599 defensionem
2153 3557 2351 3608 putantes,
2374 3557 2552 3596 nonnulli
2570 3559 2699 3606 portas
2716 3567 2779 3593 ux·-

1488 3648 1548 3687 bis
1568 3646 1746 3687 Fabricio
1759 3645 1851 3685 duci
1870 3646 2125 3695 aperuerunt,
2145 3644 2260 3694 eique
2277 3643 2443 3682 Decium
2461 3643 2637 3680 vinctum
2654 3640 2774 3679 tradi-

1489 3734 1645 3772 derunt.
1700 3735 1737 3772 Is
1770 3742 1866 3771 vero
1903 3731 2042 3770 urbem
2077 3729 2259 3779 Rheginis
2281 3739 2330 3768 ex
2362 3727 2469 3767 caede
2505 3725 2779 3775 superstitibus

1489 3815 1677 3869 reddidit,
1702 3821 1741 3859 et
1771 3818 2032 3869 praesidiarios
2061 3817 2194 3856 omnia
2222 3815 2276 3854 ibi
2301 3815 2521 3864 relinquere
2547 3814 2673 3861 juSSOS
2704 3822 2777 3850 nec

58 3914 68 3946 γε
127 3901 2768 3923 0————,———-—-—.——-—————————-——-——-—-———·

54 3984 68 3989 ‚s
177 3950 214 3986 9.
233 3947 420 3998 ἀναμεῖσα
435 3948 574 3990 codex.
597 3973 646 3980 —
666 3957 726 3990 to.
748 3951 872 3990 codex
897 3961 906 3984 τ
927 3965 1010 4001 στρ.
1031 3952 1277 3991 νεοσύλεκτον
1298 3951 1360 4000 ἀγ.
1387 3952 1515 4000 ἑτέραν
1531 3951 1595 3990 τὸν
1613 3964 1650 3987 κ.
1670 3963 1712 3988 π.
1732 3947 1957 3998 στρατηγόν.
1980 3970 2029 3979 -
2050 3950 2110 3984 11.
2139 3944 2349 3993 περιοδίνας
2366 3942 2547 3991 φερούσας
2567 3939 2767 3977 codex„—

52 4031 87 4064 3
133 4009 194 4063 12.
217 4005 352 4045 θάτταν
376 4007 465 4047 cod.
486 4011 603 4048 —13.
620 4009 706 4053 τοὺς
726 4009 765 4048 δὲ
782 4009 941 4060 φρουρὰς
962 4009 1050 4048 cod.

47 4079 67 4105 -r

331 4183 566 4212 FRAGMENTA
589 4186 687 4214 [UST.
712 4186 778 4215 GR.
806 4197 849 4206 ·-·
879 4186 965 4216 VOL.
986 4189 1029 4215 11.
