3016 4628
223 293 316 335 216

954 387 1114 409 1εἱν

216 469 292 529 φοῦ
308 504 320 524 ,
341 463 505 527 ἐγένετο
522 463 566 510 δὲ
586 466 755 527 πρῶτον
779 463 950 511 Ξάνθου
972 464 1132 518 δοῦλος.

279 554 314 586 0.
351 537 446 594 Τὴν
467 535 512 583 δὲ
531 535 752 583 πολιτείαν
776 539 861 583 τῶν
883 536 1065 598 Σαμίων
1091 538 1295 585 Συλοσῶν
1322 535 1503 601 ἠρήμω-

214 627 286 655 σεν
299 647 312 671 ,
335 611 410 675 ἀφ’
433 602 482 656 οῧ
503 608 577 656 καὶ
611 612 638 666 ἠ
664 607 875 673 παροιμία
891 645 904 668 ,
926 607 947 627 ⁰
959 611 1029 658 Εκ
1040 628 1067 667 η
1078 629 1103 657 τ
1114 629 1127 655 ι
1163 611 1201 658 Σ
1212 628 1235 655 υ
1245 612 1270 656 λ
1281 628 1302 656 0
1312 623 1338 656 σ
1347 612 1382 656 ῶ
1391 629 1412 655 ν
1422 628 1447 655 τ
1456 628 1477 656 ο
1487 629 1507 662 ς
1581 619 1696 659 Unde
1711 619 1831 659 etiam
1848 619 2106 669 proverbium
2122 634 2132 658 ε
2147 618 2377 668 Sylosontis
2390 629 2525 659 causa
2539 622 2752 671 spatiosus
2764 631 2874 662 cam·

214 700 232 728 ε
243 683 266 728 ὐ
279 699 335 747 ρυ
346 701 420 746 χω
432 700 454 745 ρ
467 681 516 738 ίη
525 719 535 727 .

279 770 313 802 7.
350 752 563 814 Θεογένης
579 752 624 800 δὲ
644 756 728 801 τῶν
755 753 935 815 Σαμίων
959 773 1043 813 τις,
1068 752 1222 818 εὐφυὴς
1240 752 1343 814 μὲν,
1366 753 1505 806 ἄλλως

215 824 259 873 δὲ
284 818 448 880 ἄᾶωτος
470 825 543 872 καὶ
577 825 783 890 πονηρὸς,
820 825 987 890 φεύγων
1027 826 1236 890 πατρίδα,
1273 825 1504 889 διατρίὸων

214 897 259 945 δὲ
280 897 482 961 Ἀθήνησι
503 899 609 962 παρ’
629 897 845 961 Εὐριπίδῃ
881 898 954 944 καὶ
982 897 1029 943 τὸ
1051 896 1223 959 γύναιον
1250 899 1380 954 αὐτοῦ
1419 898 1506 955 δια·-

214 969 395 1036 φθείρων
407 1006 419 1029 ,
434 970 635 1035 συνεργὸν
655 969 783 1016 αὐτὸν
801 969 946 1016 λαόὼν
962 1007 974 1027 ,
992 969 1128 1017 πείθει
1147 967 1241 1020 τοὺς
1261 968 1505 1027 Ἀθηναίους

213 1042 444 1107 δισχιλίους
465 1041 693 1104 εἷς’Σοίμον
717 1043 993 1089 ἀποστεῖλαι·
1015 1043 1052 1087 οἱ
1074 1040 1117 1087 δὲ
1139 1039 1326 1094 ἐλθόντες
1341 1041 1504 1094 πάντας

212 1113 429 1170 ἔξέὸαλον.

628 1224 712 1270 XI.
756 1221 1061 1268 ΚΥΜΑΙΩΝ.

278 1330 539 1396 Τηλεφάνης
576 1330 825 1377 ἐδασίλευσε
860 1327 1043 1386 ταύτης,
1070 1324 1115 1381 ὃς
1151 1327 1400 1393 ἐξεφύτευσε
1423 1326 1502 1386 τὴν

217 1401 428 1467 Κυμαίων
456 1401 615 1466 χώραν.
657 1399 705 1463 (2)
731 1398 863 1448 Λυδοὶ
901 1398 946 1445 δὲ
972 1401 1177 1463 χαλεπῶς
1200 1399 1503 1463 δεσποζόμενοι

214 1473 318 1537 πρός
353 1493 486 1531 τινος,
524 1473 753 1534 πυθόμενοι
790 1473 833 1517 ἐν
861 1469 993 1533 Κύμῃ
1018 1464 1127 1518 εἶναί
1150 1487 1274 1534 τινα,
1301 1472 1501 1537 ἔπεμψαν

212 1547 270 1598 εἷς
293 1545 512 1610 βασιλείαν
530 1546 776 1597 καλοῦντες·
801 1537 921 1597 οῧτος
942 1543 985 1590 δὲ
1011 1543 1244 1608 ἐτύγχανεν
1268 1546 1312 1591 ἓν
1336 1544 1501 1607 ἁμαξο-

211 1622 355 1680 πηγοῦ
395 1617 619 1666 δουλεύων.
660 1615 813 1670 Δόντες
838 1609 908 1662 οὖν
948 1618 987 1663 οἳ
1026 1616 1159 1664 Λυδοὶ
1192 1615 1329 1682 λύτρα
1365 1615 1502 1683 τούτῳ

210 1689 457 1754 παρέλαὸον
494 1689 636 1736 αὐτόν.
678 1691 779 1736 Τῶν
819 1687 862 1734 δὲ
901 1690 944 1735 ἐν
983 1688 1119 1752 Κύμῃ
1155 1708 1216 1744 τις
1254 1689 1501 1744 ἐκδεδωκὼς

211 1760 379 1823 ἅμαξαν
402 1764 515 1827 αὐτῷ
537 1763 732 1825 κατεῖχεν
754 1760 902 1807 αὐτόν·
930 1759 1302 1825 παρακαλούντων
1323 1761 1369 1809 δὲ
1391 1765 1500 1810 πολ-

210 1836 296 1880 λῶν
318 1835 378 1896 μὴ
396 1835 573 1882 κωλύειν
592 1872 604 1896 ,
625 1836 700 1881 οὐκ
725 1834 814 1891 εἴα,
836 1838 1246 1899 προσεπικερτομῶν
1266 1836 1339 1882 καὶ
1361 1835 1500 1898 λέγων

209 1908 306 1971 περὶ
331 1910 491 1955 πολλοῦ
512 1911 722 1953 ποιεῖσθαι
746 1905 829 1953 ὑπὸ
852 1910 926 1953 τοῦ
953 1908 1106 1955 Λυδῶν
1131 1907 1343 1972 βασιλέως
1362 1909 1500 1973 εἰργα-

211 1978 370 2040 σμένην
396 1980 507 2043 ἔχειν
536 1979 723 2042 ἅμαξαν.

275 2068 311 2098 3.
353 2051 616 2115 Ἑρμοδίκην
656 2050 699 2099 δὲ
728 2055 910 2114 γυναῖκα
951 2056 1027 2099 τοῦ
1058 2054 1249 2118 Φρυγῶν
1290 2052 1500 2118 βασιλέως

211 2122 330 2170 Μίδα
347 2160 360 2184 ,
389 2122 494 2188 φασὶ
529 2123 679 2190 κάλλει
717 2123 959 2189 διαφέρειν,
984 2122 1098 2171 ’ἀλλὰ
1121 2124 1196 2172 καὶ
1231 2123 1366 2190 σοφὴν
1393 2117 1501 2171 εἶναι

210 2195 283 2240 καὶ
306 2194 507 2258 τεχνικὴν
531 2196 604 2242 καὶ
629 2194 804 2260 πρώτην
829 2196 1023 2259 νόμισμα
1045 2197 1177 2263 κόψαι
1201 2196 1430 2260 Κυμαίοις.

274 2285 309 2314 4.
347 2266 477 2322 ’Έθος
498 2267 542 2315 δὲ
570 2263 620 2327 ἦν
647 2271 789 2323 αὐτοῖς
814 2272 872 2332 εἷς
906 2269 961 2317 τὰ
985 2271 1226 2332 κλοπιμαῖα
1252 2268 1499 2332 συμὸάλλε-

210 2343 306 2386 σθαι
328 2339 423 2394 τοὺς
446 2339 650 2403 γείτονας.
675 2341 753 2391 Διὸ
777 2340 852 2388 καὶ
887 2341 1012 2406 ὀλίγα
1038 2341 1295 2390 ἀπώλλυντο
1310 2361 1320 2372 ·
1341 2340 1500 2395 πάντες

209 2412 290 2476 γὰρ
309 2412 463 2473 ὁμοίως
479 2413 672 2479 ἐτήρουν.
694 2414 785 2464 Καὶ
799 2414 996 2470 Ἡσίοδος
1009 2416 1199 2464 ἐντεῦθεν
1214 2416 1332 2463 δοκεῖ
1346 2412 1501 2478 λέγειν,

309 2522 401 2563 Οὐκ’
419 2523 464 2562 ἂν
479 2524 568 2573 βοῦς
590 2523 782 2573 ἀπόλοιτ’,
801 2526 832 2563 εἰ
855 2525 907 2574 μή
925 2523 1064 2574 γείτων
1080 2523 1199 2570 κακὸς
1216 2524 1290 2571 ε’ίη,

209 2642 354 2694 ἐγένετο
374 2646 413 2685 δὲ
431 2651 580 2697 πρῶτον
608 2647 756 2686 Ξάνθου
778 2649 924 2694 δοῦλος.
944 2649 1101 2695 Quibus
1122 2659 1216 2688 mox
1238 2649 1501 2699 subjiciuntur

210 2714 300 2752 quae
323 2704 435 2752 posui
454 2704 495 2743 in
514 2705 673 2745 Aristot.
693 2707 742 2745 fr.
764 2709 858 2756 1783
882 2708 925 2746 ut
941 2707 1108 2746 dubium
1138 2718 1219 2746 non
1241 2706 1292 2747 sit
1318 2708 1500 2762 nostrum

211 2771 370 2811 quoque
386 2762 519 2801 locum
535 2773 559 2801 a
574 2764 782 2804 scholiasta
798 2766 837 2804 et
860 2765 910 2804 ab
928 2765 1141 2807 Heraclide*
1155 2765 1326 2815 petitum
1345 2776 1430 2806 esse
1449 2776 1500 2805 ex

211 2818 351 2857 eodem
378 2819 600 2860 Aristotele.
618 2824 677 2861 De
699 2823 851 2862 Thrace
867 2826 1008 2873 AEsopo
1023 2823 1074 2863 cf.
1098 2824 1306 2874 Eugaeonis
1327 2823 1374 2862 sr.
1394 2829 1432 2864 5.
1449 2845 1501 2856 -—-

211 2876 414 2928 Ἴδμονος]
444 2879 607 2929 ἰδμωνος
643 2881 720 2927 Ob,
746 2881 911 2932 ἰδίμονος
935 2886 989 2930 Α,
1015 2883 1173 2932 ’ίσμονος
1201 2882 1267 2932 d.;
1298 2882 1501 2931 Herodoto

214 2933 227 2981 (
243 2936 301 2983 11,
324 2937 416 2982 134)
435 2938 494 2975 est
511 2937 685 2987 Ἰάδμων.
697 2960 748 2966 -
764 2940 889 2990 κωφός
902 2940 916 2990 ]
931 2952 969 2979 v.
985 2941 1150 2981 Ziindel.
1166 2940 1207 2980 in
1218 2941 1370 2986 Rhein.
1387 2943 1497 2981 Mus.

215 2995 336 3040 1846,
354 3003 391 3042 p.
412 2995 501 3034 446.
519 3019 569 3027 -
584 3001 621 3034 6.
643 2995 703 3043 ἀφ’
720 2997 765 3035 οὗ
779 2998 843 3036 καὶ
867 3000 891 3044 ἡ
904 2998 918 3049 ]
933 3000 1107 3048 ΑΒΟΡ.,
1126 2999 1210 3047 ὅθεν
1226 3002 1250 3047 ἡ
1268 2999 1424 3049 reliqui.
1443 3002 1502 3039 De

214 3050 422 3098 Sylosonte
445 3063 485 3090 v.
513 3054 701 3093 Herodot.
720 3057 796 3103 111,
820 3061 913 3104 1393
939 3057 1082 3097 Strabo
1101 3060 1211 3108 XIV,
1239 3068 1281 3108 p.
1300 3062 1397 3107 6385
1424 3061 1504 3101 Eu,-

215 3108 335 3152 stath.
351 3109 402 3149 ad
421 3110 666 3160 Dion-5333.
678 3113 870 3154 zenobius
895 3117 970 3162 111,
998 3119 1071 3165 903
1102 3115 1279 3161 Panoska
1303 3118 1379 3156 Res
1399 3118 1503 3157 Sam.

216 3175 256 3215 p.
275 3168 337 3205 45.
358 3166 504 3209 Eadem
521 3168 681 3213 historia
695 3171 957 3221 suppeditavit
972 3173 1228 3223 proverbium
1240 3175 1288 3214 ‘H
1305 3175 1504 3221 Συλοσῶν.-

215 3235 281 3268 τος
313 3223 483 3274 χλαμύς,
504 3224 554 3263 (10
576 3237 655 3276 quo
678 3238 718 3266 v.
746 3229 979 3278 Diogenian.
998 3232 1055 3281 Vl,
1080 3234 1150 3281 14¹,
1172 3232 1398 3283 Apostolius
1423 3235 1504 3283 IX,

219 3284 293 3320 100
320 3282 360 3320 01
386 3283 480 3332 ΧΧ,
500 3286 571 3332 75,
597 3284 688 3324 0011.
721 3286 841 3325 801ᾶο
860 3298 899 3327 v.
928 3290 1099 3339 Χλαμύς.
1121 3291 1284 3336 Referre*
1305 3290 1386 3331 huc
1414 3291 1508 3331 licet

216 3337 339 3379 ctiam
357 3333 610 3388 proverbium
634 3342 787 3392 Σαμίων
808 3345 901 3391 ἄνθη
917 3356 980 3396 ap.
1003 3347 1204 3388 Plutarch.
1226 3351 1346 3389 Prov.
1368 3351 1409 3399 1,
1429 3354 1474 3389 61
1493 3379 1506 3398 ,

218 3394 287 3434 ubi
308 3406 345 3435 v,
363 3397 547 3436 Leutsch.
566 3409 603 3447 p.
625 3403 713 3438 330.
727 3421 779 3428 -
795 3405 833 3441 7.
855 3405 1042 3452 Θεογένης
1063 3405 1131 3456 δὲ]
1148 3407 1282 3455 AB03
1299 3407 1388 3446 ’Ὀτι
1410 3409 1507 3448 Θεα-

218 3453 329 3501 γένης
345 3454 498 3504 reliqui.
518 3478 569 3486 -
581 3457 744 3508 φεύγων]
761 3460 824 3497 καὶ
847 3461 993 3510 φεύγων
1007 3465 1089 3501 Ao.
1104 3487 1155 3495 —
1170 3463 1350 3514 πατρίδα]
1367 3465 1398 3503 0
1411 3493 1423 3512 ,
1436 3465 1507 3512 τὴν

218 3511 384 3562 πατρίδα
411 3512 566 3563 reliqui.
586 3539 636 3547 —
664 3516 904 3568 δισχιλίους]
932 3519 1191 3561 Athenienses
1218 3521 1279 3561 bis
1307 3515 1415 3567 mille
1442 3533 1509 3562 co-

217 3567 331 3608 lonos
347 3568 387 3607 in
404 3570 565 3610 Samum
579 3572 768 3611 miserunt
785 3574 847 3613 Ol.
868 3580 939 3615 107
953 3605 964 3624 ,
988 3580 1020 3615 1.
1037 3581 1138 3628 352„
1157 3578 1349 3619 archonte
1361 3579 1507 3619 Aristo·

218 3623 358 3676 demo,
372 3627 432 3666 uti
451 3627 617 3668 testatur
635 3629 890 3674 Philochorus
906 3633 918 3680 (
933 3634 979 3671 sr.
1004 3638 1066 3673 131
1087 3637 1099 3684 )
1117 3647 1181 3686 ap.
1198 3637 1362 3687 Dionys.
1380 3640 1429 3677 H.
1450 3639 1509 3676 De

219 3682 311 3722 Diu.
332 3684 430 3722 tom.
455 3686 512 3734 V,
534 3695 573 3734 p.
596 3690 669 3725 664
691 3689 737 3726 R.
758 3688 819 3727 01.
845 3690 982 3729 Strabo
1006 3694 1122 3741 xlv,
1145 3705 1183 3743 p.
1206 3698 1304 3743 638,
1330 3695 1506 3739 AEschin.

218 3739 320 3780 Tim.
346 3750 387 3790 p.
407 3745 452 3789 8,
482 3746 551 3790 ¹83
571 3743 764 3792 Diogenes
783 3747 826 3784 L.
846 3748 904 3794 X,
928 3752 969 3796 13
996 3749 1153 3791 Diodor.
1174 3754 1328 3802 XVlll,
1355 3757 1423 3803 18,
1441 3753 1510 3803 qui

219 3798 460 3839 cleruchiam
475 3800 569 3839 salso
582 3801 750 3850 assignat
765 3813 868 3847 anno
879 3809 951 3843 366
967 3835 977 3853 ,
991 3807 1031 3845 ct
1046 3808 1171 3847 schol.
1187 3810 1361 3850 AEschin.
1375 3822 1415 3861 p.
1435 3815 1508 3851 731

218 3857 281 3903 R„
293 3855 358 3894 uhi
375 3866 438 3896 res
450 3856 609 3906 ponitur
624 3858 740 3897 inan.
755 3863 842 3898 361.
857 3861 906 3898 V.
925 3863 1158 3914 Wesseling.
1177 3865 1226 3904 ad
1238 3867 1400 3907 Diodor.
1418 3868 1445 3907 l.
1464 3868 1511 3918 1.,

219 3911 371 3951 Corsini
402 3914 445 3952 F.
476 3914 526 3952 H.
560 3916 640 3961 lv.
674 3925 713 3964 p.
749 3918 820 3962 27;
854 3915 1012 3957 Clinton
1046 3919 1094 3958 ad
1124 3932 1189 3960 an.
1225 3929 1323 3974 3523
1350 3925 1511 3965 Boeckh.

222 3969 414 4010 Staatsh.
433 3973 450 4010 l
466 4001 477 4020 ,
497 3981 535 4021 p.
553 3973 654 4020 4603
672 3971 846 4012 Panol'ka
864 3973 890 4011 1.
908 3973 934 4012 1.
953 3985 991 4024 p.
1009 3979 1071 4015 97.
1091 3979 1151 4016 Ex
1173 3978 1232 4018 his
1247 3983 1386 4030 sponte
1400 3982 1514 4022 intel-

224 4025 354 4074 ligitur
369 4026 595 4076 Euripidem
609 4030 787 4067 nostrum
806 4041 883 4069 non
897 4042 979 4071 essc
992 4036 1147 4082 poetam
1166 4037 1373 4086 tragicum.
1387 4040 1514 4080 Koele-

223 4093 291 4121 rus
299 4083 337 4121 et
354 4083 679 4125 Schneidewinus
695 4086 855 4135 cogitari
867 4099 977 4137 posse
987 4091 1165 4131 statuunt
1180 4093 1229 4131 (10
1247 4096 1427 4144 Euripide
1443 4108 1513 4136 cu-

221 4139 285 4186 jus
296 4140 558 4181 meminerunt
571 4142 711 4182 Pollux
726 4146 792 4193 IX,
812 4146 905 4183 loct
919 4147 1199 4187 liustathiusad
1214 4150 1256 4190 ll.
1273 4162 1309 4200 p.
1328 4155 1434 4198 1289,
1449 4158 1491 4192 61
1504 4170 1511 4192 :

222 4194 326 4253 ᾙπεὶ
346 4200 420 4242 τοῖς
446 4200 721 4251 τετταράκοντα
739 4202 833 4252 μετὰ
852 4203 936 4248 τοὺς
958 4203 1158 4255 τριάκοντα
1178 4210 1386 4258 προστᾶσιν
1406 4203 1513 4258 Ἀθή-

1315 324 1320 329 .
1352 285 1747 338 HERACLIDES

217 392 341 458 Θρᾷξ
375 390 423 438 τὸ
455 389 573 454 γένος
588 426 600 448 ,
621 388 890 455 ἠλευθερώθη
925 390 969 436 δε
993 408 1075 437 υπο
1115 390 1294 453 Ιδμονος
1317 396 1392 438 τοῦ
1413 411 1504 439 κω-
1578 413 1724 452 genere
1747 402 1844 452 suit3
1873 403 1924 443 ab
1942 396 2108 444 Idmone
2134 402 2319 451 domino,
2342 381 2504 443 homine
2525 402 2673 454 bardo,
2690 402 2877 446 libertate

1542 3709 1552 3947 1

1557 1968 1560 1971 ,
1579 1939 1658 1978 que
1674 1927 1858 1969 irrisione
1875 1929 2063 1969 dictitans
2092 1929 2253 1980 plurimi
2272 1941 2315 1970 se
2344 1931 2474 1971 facere
2494 1941 2658 1971 currum
2676 1931 2877 1982 possidere

1578 473 1749 515 donatus
1763 476 1836 516 est.
1860 476 1985 515 Antea
2000 474 2149 515 Xanthi
2165 485 2302 515 servus
2317 474 2459 514 suerat.
2958 528 2959 533 1

1633 553 1670 586 6.
1700 548 1926 587 Samiorum
1974 547 2176 587 civitatem
2227 546 2397 596 Syloson
2443 546 2642 597 desertam
2683 547 2871 590 reddidit.

1576 702 1657 742 pus
1673 694 1750 731 est.
2927 735 2930 739 ,
2958 733 2961 736 ⁴

1631 768 1667 804 7.
1694 764 1922 814 Theogenes
1948 764 2103 804 Samius
2122 762 2285 814 quidam
2300 793 2314 814 ,
2345 763 2408 804 vIr
2431 763 2657 815 ingeniosus
2685 764 2873 817 quidem,
2931 808 2942 812 ,,
3000 755 3001 758 “

1578 836 1695 876 simul
1710 847 1805 875 vero
1828 836 1947 876 etiam
1977 835 2208 875 luxuriosus
2235 835 2448 886 pravisque
2469 837 2660 878 moribus.
2691 840 2730 878 Is
2744 839 2875 889 patria
2938 860 2958 890 ,ι
3000 836 3002 848 ³

1578 909 1715 959 pulsus
1743 919 1868 958 quum
1898 907 2062 948 Athenis
2097 907 2250 948 viveret
2278 907 2387 959 apud
2420 909 2672 960 Euripidem,
2705 921 2875 952 uxorem
2942 935 2961 967 23

1578 981 1664 1030 ejus
1686 980 1888 1030 corrupit,
1910 979 2123 1030 ipsumque
2153 979 2306 1019 socium
2333 979 2407 1020 sibi
2437 979 2655 1032 adjungens
2681 983 2876 1032 persuasit
2935 1019 2942 1026 .,

1578 1052 1902 1102 Atheniensibus,
1920 1053 1966 1091 ut
1987 1051 2049 1092 bis
2066 1051 2176 1092 mille
2195 1052 2239 1091 in
2257 1054 2423 1092 8010010
2442 1053 2775 1095 transmitterent.
2793 1055 2877 1102 Qui

1579 1125 1685 1165 missi
1704 1125 1858 1164 Samios
1877 1124 2080 1165 universos
2098 1124 2228 1164 insula
2243 1125 2459 1175 ejecerunt.

1950 1223 2034 1270 XI.
2070 1223 2500 1276 CUMANORUM.
2542 1260 2545 1262 ,

1628 1336 1686 1375 Cu
1692 1345 1900 1374 manorum
1915 1335 2025 1375 urbis
2038 1346 2110 1376 rex
2127 1336 2203 1376 fuit
2215 1336 2461 1387 Telephanes
2471 1334 2562 1388 ,qui
2577 1338 2725 1377 terram
2734 1347 2878 1378 eorum

1576 1401 1785 1441 arboribus
1817 1401 2008 1441 consevit.
2038 1401 2093 1452 (2)
2127 1401 2224 1453 Lydi
2258 1413 2366 1443 saevo
2398 1403 2533 1443 nescio
2556 1402 2766 1453 cujusnam
2793 1403 2874 1444 im-
2938 1434 2957 1441 ,,

1576 1471 1686 1519 perio
1716 1470 1863 1520 pressi,
1888 1481 2017 1520 quum
2036 1470 2087 1510 de
2115 1470 2204 1510 viro
2233 1470 2410 1521 quodam
2437 1463 2574 1511 Gumis
2602 1473 2878 1512 commorante
2931 1467 2948 1530 ⁴,

1576 1535 1844 1587 audivissent,
1868 1537 2063 1577 miserunt
2079 1537 2150 1588 qui
2165 1549 2258 1578 eum
2285 1538 2337 1578 ad
2362 1549 2530 1589 regnum
2556 1538 2663 1590 apud
2680 1538 2785 1590 ipsos
2805 1550 2875 1586 ca-
2934 1543 2947 1581 ἢ

1577 1599 1816 1650 pessendum
1854 1601 2110 1642 advocarent.
2150 1604 2298 1642 Servus
2334 1602 2402 1642 ille
2430 1604 2515 1647 erat
2543 1602 2650 1654 apud
2683 1613 2878 1645 curruum
2940 1598 2947 1632 5³

1579 1663 1750 1702 fabrum.
1774 1664 1914 1704 Soluto
1933 1664 2053 1715 igitur
2072 1664 2174 1715 Lydi
2193 1665 2474 1716 redemptionis
2491 1667 2619 1716 pretio
2635 1669 2895 1718 aeceperunt.

1575 1737 1682 1767 eum.
1705 1727 1756 1767 At
1775 1730 2048 1768 Cumanorum
2075 1728 2236 1779 quidam
2251 1758 2262 1778 ,
2288 1729 2359 1779 qui
2389 1740 2554 1770 currum
2585 1729 2813 1775 faciendum
2838 1731 2877 1772 ei

1575 1794 1801 1844 locaverat,
1821 1795 2018 1836 retinebat
2039 1795 2241 1836 hominem
2254 1826 2266 1846 ,
2289 1797 2331 1836 et
2356 1797 2542 1847 quamvis
2566 1797 2704 1838 multis
2725 1808 2777 1838 ne
2797 1798 2876 1838 1111-

1575 1859 1804 1910 pedimento
1820 1862 1921 1900 esset
1935 1860 2207 1911 hortantibus,
2222 1861 2321 1900 nihil
2335 1862 2471 1901 tamen
2488 1862 2668 1912 remisit,
2685 1863 2876 1904 nonabs-
2930 1870 2931 1873 ’
2947 1875 2949 1898 :

1576 2003 1696 2042 quem
1716 2004 1790 2033 rex
1805 1994 2008 2044 Lydorum
2027 1994 2273 2035 fabricasset.

1628 2063 1666 2097 3.
1691 2058 1977 2108 Hermodicen,
2005 2058 2124 2099 Midae
2154 2059 2360 2110 Phrygum
2389 2060 2491 2110 regis
2515 2070 2712 2111 uxorem,
2733 2061 2876 2102 formoe
2909 2085 2918 2092 -
2936 2071 2938 2073 ’

1576 2115 1791 2154 venustate
1820 2111 2017 2164 insignem
2044 2115 2244 2165 simulque
2272 2117 2394 2155 etiam
2425 2116 2628 2167 sapientiae
2656 2118 2699 2157 et.
2726 2119 2878 2159 artium
2934 2122 2947 2170 „'

1575 2169 1902 2209 studiosissimam
1930 2170 2071 2221 fuisse,
2102 2171 2356 2221 primamque
2375 2182 2520 2212 numos
2538 2171 2646 2223 apud
2671 2175 2878 2214 Cumanos

1576 2221 1735 2261 cudisse
1754 2221 1978 2271 perhibent.
2537 2229 2543 2233 '
2764 2227 2767 2230 ⁴
2791 2227 2795 2230 ”
2924 2227 2926 2231 “
2951 2228 2956 2242 ’·

1628 2277 1668 2313 4.
1690 2277 1776 2313 Mos
1795 2274 1840 2313 iis
1862 2275 1968 2324 erat,
1985 2275 2036 2314 ad
2051 2275 2271 2325 reparanda
2289 2286 2379 2325 quat·
2401 2276 2507 2316 furto
2533 2276 2652 2316 011001
2676 2277 2880 2319 subtracta
2927 2273 2960 2322 'fi

1576 2327 1729 2375 essent,
1747 2325 1900 2364 vicinos
1921 2326 2131 2375 pecuniam
2157 2327 2350 2366 conferre.
2369 2328 2435 2373 lta,
2453 2328 2604 2367 factum
2622 2329 2669 2368 ut
2683 2332 2880 2379 perpauca
2905 2340 2946 2357 ·*

1579 2377 1856 2426 perderentur;
1873 2387 2011 2416 omnes
2026 2377 2131 2416 enim
2151 2379 2298 2427 pariter
2317 2377 2596 2419 observabant.
2614 2381 2746 2431 Atque
2760 2379 2879 2431 hine,
2923 2379 2948 2427 ζ-;

1579 2427 1640 2467 011
1662 2427 1836 2476 videtur,
1855 2427 2050 2468 Hesiodus
2065 2427 2162 2468 dicit
2180 2428 2282 2480 (Op.
2300 2430 2342 2468 et
2359 2433 2414 2470 D.
2434 2430 2532 2479 348)
2553 2444 2564 2468 ε
2906 2434 2910 2437 ’
2935 2436 2958 2453 '⁴

1649 2522 1848 2566 Nunquam
1862 2520 1930 2557 bos
1944 2520 2177 2567 perderetur,
2193 2521 2266 2557 nisi
2281 2521 2398 2558 malus
2411 2524 2504 2560 esset
2518 2523 2675 2560 vicinus.

1579 2662 1669 2694 νησι
1680 2648 1857 2699 συνῆρξεν
1865 2647 2087 2699 Εὐριπίδης,
2102 2649 2135 2687 εἰ
2147 2647 2428 2699 τετταράκοντα
2443 2649 2723 2701 συνηρίθμησεν
2738 2651 2882 2703 ἀστρα-
2926 2653 2942 2662 ’
2956 2678 2958 2683 ·

1579 2705 1708 2757 γάλων
1726 2707 1820 2756 βολὴ
1832 2735 1844 2754 ,
1853 2706 1918 2745 τὸν
1932 2706 2089 2757 ἀριθμὸν
2100 2709 2235 2745 τοῦτον
2249 2705 2454 2756 Εὐριπίδην
2467 2708 2680 2758 ὠνόμαζον.
2698 2707 2816 2763 Viros
2826 2712 2878 2750 40

1576 2763 1750 2813 intellige
1761 2763 1996 2804 demarchos
2005 2794 2018 2813 ,
2028 2764 2099 2814 qui
2113 2764 2224 2814 prius
2239 2764 2398 2804 fuerant
2414 2770 2464 2804 30
2474 2795 2486 2814 ,
2498 2764 2641 2805 deinde
2652 2776 2749 2807 vero
2759 2795 2772 2816 ,
2785 2765 2892 2809 odio'

1578 2820 1740 2870 triginta
1764 2822 2050 2871 tyrannorum,
2074 2824 2125 2861 40
2152 2822 2406 2862 creabantur.
2431 2824 2480 2862 V.
2510 2825 2531 2863 J
2538 2834 2798 2874 ungermann.
2827 2823 2880 2864 ad

1577 2878 1728 2930 Polluc.
1747 2881 1786 2918 01
1801 2890 1922 2929 quem
1936 2879 2259 2920 Schneidewinus
2270 2879 2422 2929 laudat,
2431 2881 2601 2921 Voemel.
2615 2881 2658 2920 in
2675 2883 2880 2932 Program-

1578 2931 1696 2988 mate
1713 2947 1848 2986 gymn.
1873 2937 2060 2977 Frankof.
2096 2941 2161 2978 De
2194 2936 2410 2988 Euripide
2438 2938 2626 2979 talorum
2641 2939 2786 2988 jactu.
2818 2941 2878 2980 De

1577 2994 1786 3044 Theogene
1803 2991 1938 3043 Samio
1954 2995 2030 3040 isto
2042 3005 2123 3035 non
2135 2996 2304 3035 constat.
2319 2997 2460 3037 Plures
2479 2995 2566 3045 ejus
2578 2995 2751 3036 nominis
2770 2995 2880 3036 viros

1579 3062 1739 3091 morum
1754 3053 1950 3103 pravitate
1965 3052 2131 3092 infames
2146 3051 2350 3103 distinguit
2361 3052 2573 3095 scholiasta
2584 3051 2635 3092 ad
2650 3053 2880 3104 Aristopha-
2948 3063 2951 3066 “

1577 3121 1671 3158 nem
1687 3110 1754 3161 (v.
1770 3110 1947 3151 Indicem
1964 3110 2182 3160 Dubneri);
2199 3110 2249 3150 de
2263 3112 2340 3152 alio
2352 3111 2527 3163 quodam
2537 3110 2746 3162 Theogene
2760 3113 2878 3163 Syro,

1578 3169 1648 3219 qui
1673 3169 1715 3208 in
1737 3171 1855 3209 Samo
1873 3168 1946 3208 ins.
1973 3168 2075 3222 vixit
2099 3170 2140 3209 et
2165 3169 2416 3211 cillieontem
2441 3170 2552 3209 ultus
2577 3169 2660 3220 est,
2679 3179 2722 3209 v.
2749 3168 2883 3221 schol,

1580 3230 1648 3267 Ar.
1664 3229 1757 3267 Pac.
1777 3230 1866 3266 363.
1879 3247 1932 3255 —
1943 3227 2130 3276 Ceterum
2147 3226 2266 3282 etiam
2279 3237 2326 3268 ea
2336 3239 2428 3279 quae
2442 3225 2668 3268 Heraclides
2678 3225 2730 3266 de
2741 3225 2881 3268 Atticis

1579 3285 1730 3325 colonis
1764 3287 1930 3325 Samum
1959 3284 2089 3325 missis
2117 3286 2275 3336 narrat,
2309 3286 2520 3337 proverbio
2557 3286 2609 3326 ab
2628 3281 2631 3285 ’
2647 3286 2881 3337 excerptum

1580 3342 1726 3383 omisso
1748 3353 1884 3389 ansam
1905 3341 2122 3393 dederunt,
2140 3344 2186 3383 ut
2200 3343 2338 3384 monet
2362 3343 2697 3386 Schneidewinus.
2719 3343 2880 3387 Etenim

1581 3401 1631 3441 de
1644 3401 1855 3452 proverbio
1869 3400 1933 3441 Ἀτ
1945 3414 1988 3440 τι
2001 3402 2083 3450 κὸς
2098 3401 2190 3453 πάρ
2203 3416 2224 3455 o
2235 3417 2337 3455 ιηος
2353 3402 2495 3455 (eujus
2512 3401 2636 3443 etiam
2649 3401 2880 3457 Aristotel&

1582 3460 1697 3510 Bhet.
1715 3462 1776 3505 ΙΙ,
1808 3462 1851 3499 21
1875 3455 2080 3510 meminit)
2097 3459 2290 3501 zenobius
2305 3463 2340 3501 ΙΙ
2357 3491 2369 3511 ,
2388 3466 2436 3502 28
2452 3461 2510 3502 ita
2525 3460 2644 3501 habet
2665 3459 2880 3514 εΚρατερὸς

1584 3517 1661 3558 ἀπὸ
1683 3522 1760 3569 τῶν
1784 3519 1837 3563 εἰς
1858 3517 1985 3568 Σάμον
2005 3519 2257 3570 πεμφθέντων
2278 3519 2474 3572 Ἀθήνηθεν
2504 3518 2674 3569 ἐποίκων
2703 3518 2773 3566 τὴν
2805 3531 2880 3572 πα-

1583 3575 1734 3626 ροιμίαν
1768 3576 1940 3627 εἰρῆσθαι
1974 3575 2166 3626 (φησίν).
2187 3576 2350 3625 Ἀττικοὶ
2373 3576 2448 3626 γὰρ
2474 3574 2799 3630 μεταπεμφθέντες
2824 3574 2885 3626 εἰς,

1584 3631 1713 3683 Σάμον
1733 3632 1847 3672 κάκεῖ
1867 3633 2168 3679 κατοικήσαντες
2185 3633 2274 3678 τοὺς
2290 3632 2501 3684 ἐγχωρίους
2519 3632 2699 3681 ἐξέωσαν.
2874 3649 2885 3661 ι

1637 3693 1713 3738 XI,
1734 3695 1770 3731 2.
1797 3691 1849 3740 μὴ
1876 3688 2061 3740 κωλύειν]
2084 3700 2166 3728 om.
2188 3689 2365 3742 abdeqp.
2394 3709 2444 3719 —
2469 3696 2506 3731 3.
2528 3687 2784 3748 “Ερμοδίκην]
2812 3687 2877 3731 01.

1585 3747 1731 3789 Pollux
1760 3750 1839 3798 IX,
1862 3752 1909 3787 83
1931 3763 1940 3786 :
1970 3746 2048 3787 εἴτε
2079 3734 2232 3788 Φείδων
2260 3753 2412 3800 πρῶτος
2445 3748 2563 3800 ἔκοψε
2584 3743 2778 3799 νόμισμα,
2803 3746 2883 3802 εἶᾊ

1587 3806 1836 3856 Δημοδίκη
1859 3807 1884 3852 ἡ
1911 3805 2071 3856 Κυμαία
2101 3804 2371 3853 συνοικήσασα
2401 3807 2507 3858 Μίδᾳ
2522 3810 2578 3858 τῷ
2610 3804 2762 3857 Φρυγί·
2787 3803 2879 3850 παῖς

1587 3863 1620 3911 δ’
1643 3864 1690 3913 ἧν
1712 3863 1990 3918 Ἀγαμέμνονος
2018 3857 2205 3918 Κυμαίων
2223 3864 2424 3918 βασιλέως.
2451 3866 2554 3905 Hinc
2575 3861 2797 3920 ᾼημοδίκην
2811 3871 2881 3913 ap.

1589 3922 1835 3962 Heraclidem
1849 3920 1986 3972 reponi
2000 3922 2126 3962 voluIt
2146 3923 2478 3974 Hemsterhusius,
2495 3921 2604 3974 quod
2618 3920 2715 3962 alibi
2732 3929 2889 3963 nomen

1587 3981 1795 4032 Ἑρμοδίκη
1815 3991 1894 4020 non
1910 3980 2108 4020 occurrat.
2125 3984 2214 4028 Quo
2229 3991 2292 4021 res
2310 3992 2391 4021 non
2411 3981 2627 4022 dirimitur.
2653 3979 2772 4030 Certe
2791 3978 2857 4029 Ἑρ
2881 3993 2893 4038 5

1590 4037 1745 4089 μόδικος
1766 4050 1912 4079 nomen
1932 4038 2054 4078 hahes
2070 4037 2110 4077 in
2140 4049 2264 4078 numo
2293 4038 2442 4079 Samio.
2464 4042 2517 4078 V.
2538 4038 2675 4091 steph.
2695 4037 2811 4089 Thes,
2842 4046 2871 4074 s
2884 4079 2890 4090 ,-

1589 4107 1629 4135 v.
1653 4117 1702 4125 —
1718 4096 1822 4136 Μίδα
1840 4096 1854 4148 ]
1875 4099 1960 4141 Aa·
1981 4095 2102 4147 Μίδου
2119 4095 2273 4146 reliqui.
2299 4117 2355 4149 -Ι
2373 4097 2492 4148 σοφὴν
2509 4094 2632 4146 εἶναι]
2648 4093 2810 4144 σοφικήν
2827 4095 2881 4150 A<

1590 4176 1641 4184 -
1665 4158 1701 4195 4.
1739 4153 1993 4206 ἀπώλλυντο]
2026 4165 2076 4204 α;
2108 4154 2322 4210 ἀπό-λυνται
2343 4157 2434 4206 AG,
2461 4154 2696 4210 διττρλλιρνταιΙ
2722 4149 2848 4201 reliqu
2860 4152 2872 4197 ’.ἓῖ
2895 4183 2899 4187 .

1592 4214 1650 4252 De
1669 4224 1711 4253 10
1731 4213 1783 4254 01.
1806 4213 1961 4254 Μο1101.
1982 4215 2075 4253 Dor.
2099 4214 2134 4253 ll
2147 4241 2158 4262 ,
2171 4224 2216 4263 p.
2238 4218 2334 4264 221,
2352 4212 2423 4252 ubi
2443 4212 2646 4263 comparat
2663 4209 2780 4251 aliam
2797 4209 2855 4256 Cy
2875 4239 2882 4254 ,.
