3016 4628
1029 314 1324 362 vlTARUM
1367 315 1777 364 FRAGMENTA.

148 424 280 470 Idem
296 423 412 468 ibid.
411 423 593 511 paullo
614 430 760 481 post:
785 419 860 466 Ἐν
887 417 931 464 δὲ
956 418 1041 471 τοῖς
1061 417 1160 482 περὶ
1178 417 1249 463 τὸν
1271 418 1358 481 βίον

69 491 251 556 «τὰμὲν,
254 492 364 540 ἄλλα
376 491 580 553 εὔκολον,
597 491 671 538 καὶ
696 509 850 555 μικρας
870 489 1066 551 δεόμενον
1087 492 1362 552 παρασκευῆς

47 530 141 620 ’ταῖς
161 564 215 612 τὰ
239 565 332 613 καθ’
356 547 520 628 ἧμέραν
538 566 812 627 γεγενῆσθαι·
834 560 938 623 πρὸς
959 560 1002 606 δὲ
1021 559 1097 617 τὴν
1128 564 1212 607 τῶν
1234 563 1362 625 ἀφρο-

58 636 222 685 δισίων
252 655 407 702 χρησιν
439 635 719 701 σφοδρότερον
757 633 834 695 μὲν
872 637 1000 689 εἰναι,
1039 631 1252 678 ἀδικίαν
1231 630 1273 678 οὲ
1299 631 1359 694 μὴ

14 724 18 760 j
62 710 322 782 ἵφοσεῖναι·
342 706 370 765 ἢ
387 706 470 772 γὰρ
492 714 584 759 ταῖς
606 705 813 768 γαμεταῖς
839 703 977 761 ἢταῖς
995 703 1154 757 κοιναῖς
1173 676 1360 767 χρῆσθαι

60 798 104 849 -5
118 778 239 835 ’.ναις

676 887 753 932 29.

98 965 376 1018 Pstlutarch.
404 963 596 1009 Aristid.
622 979 663 1009 c.
693 978 790 1019 27:

49 1017 164 1102 ‚3366
178 1031 432 1099 ἱερώνυμος
465 1037 487 1080 6
523 1032 688 1086 Ῥόδιος
725 1032 800 1079 καὶ
835 1030 1115 1097 Ἀριστόξενος
1151 1035 1174 1078 6
1210 1050 1359 1092 μουσι-

60 1107 149 1164 ’κὸς
181 1106 254 1154 καὶ
274 1106 568 1172 Ἀριστοτέλης
587 1107 650 1168 (εἰ
674 1106 725 1162 δὴ
759 1104 808 1162 τὸ
833 1103 944 1168 Περὶ
960 1103 1170 1166 εὐγενείας
1195 1103 1358 1166 βιὸλίον

37 1179 123 1245 jv
135 1178 222 1231 τοῖς
238 1177 425 1239 γνησίοις
443 1176 760 1242 Ἀριστοτέλους
779 1177 946 1240 θετέον)
965 1177 1179 1239 ἱστοροῦσι
1198 1174 1359 1240 Μυρτὼ

24 1250 329 1313 ,θργατριδῆν
347 1247 604 1314 Ἀριστείδου
622 1247 846 1313 Σωκράτει
862 1250 924 1312 τῶ
946 1266 1064 1313 σοφῳ
1085 1251 1357 1305 συνοικῆσαι,

47 1315 51 1317 ’
36 1322 295 1383 γυναῖκα
287 1318 364 1366 ιιὲν
384 1319 579 1384 {tt-‘spotia’
557 1340 721 1385 εχοντι,
746 1319 907 1378 ταύτην
930 1318 966 1366 δ’
991 1317 1250 1366 ἀναλαὸόντι
1274 1337 1357 1382 χη-

43 1391 283 1498 ρεύουσαὲν
317 1390 387 1439 διὰ
410 1392 559 1439 πενίαν
591 1392 665 1440 καὶ
703 1396 786 1439 τῶν
822 1391 1068 1455 ἀναγκαίων
1093 1390 1358 1453 ἐνδεομένην.

50 1461 191 1526 Πρὸς
215 1462 293 1526 μὲν
315 1468 385 1511 οὐν
405 1463 579 1519 τούτους
602 1468 758 1518 ἱκανῶς
780 1468 801 1511 6
824 1463 1055 1517 Παναίτιος
1081 1482 1124 1510 εν
1153 1466 1238 1517 τοῖς
1262 1462 1361 1531 περὶ

0 1555 2 1591 j
44 1534 377 1601 ’Σ(υκράτους’
354 1535 614 1602 αντείρηκεν.

686 1624 764 1670 30.

0 1691 78 1787 (ῡῇ,
138 1713 383 1759 Athenaeus
407 1715 622 1773 X111‚p.
659 1713 780 1773 555,
801 1716 884 1758 D.
918 1711 998 1759 Ἐκ
1021 1709 1180 1757 τούτοιν
1203 1713 1275 1758 οὖν
1300 1730 1362 1765 τις

21 1781 324 1848 δρμωμενος
338 1802 390 1845 με
373 1781 583 1848 ..unitari-⁹*
563 1803 614 1830 αν
631 1783 727 1837 τους
742 1784 1031 1849 περιτιθέντας
1048 1785 1273 1849 Σωκράτει
1287 1779 1399 1831 δύοΙ

108 1853 264 1917 μετὰς
305 1856 535 1944 γυναῖκας,
572 1856 832 1914 Ξανθίππην
874 1857 948 1903 καὶ
985 1857 1062 1914 τὴν
1098 1856 1264 1922 Ἀριστε
1248 1857 1358 1904 είδου

818 958 1064 1023 Δημήτριος
1089 962 1111 1006 6
1130 958 1360 1023 Φαληρεὺς
1424 984 1427 989 f

2622 333 2711 374 281·

1501 441 1519 459 «ι
1544 423 1831 466 Monendum
1845 431 1909 466 est
1922 424 2190 468 Athenaeum
2204 442 2282 470 sua
2296 442 2321 470 e
2337 429 2581 473 Plutarcho
2601 432 2718 475 hau<
2745 435 2748 438 '
2774 469 2775 472 ,

1433 493 1538 536 sisse
1549 527 1561 548 ‚
1582 509 1721 551 quem
1736 510 2076 553 nonnunquam
2093 511 2332 554 suppresso
2348 502 2534 544 nomine
2548 502 2719 558 descri-

1435 563 1523 618 bit,
1544 564 1671 622 cujus
1690 566 1758 609 rei
1773 567 1864 608 hoc
1890 580 2082 623 quoque
2107 567 2212 609 loco
2230 568 2452 614 habemus
2476 572 2694 616 indicium
2708 611 2718 628 ‚

1436 634 1565 692 quod
1597 634 1655 678 de
1689 651 1740 679 re
1768 637 1915 680 aliena
1949 638 2224 682 Plutarchus
2260 639 2289 684 l.
2328 656 2365 684 c.
2401 643 2718 688 Callisthenem

1436 706 1522 765 (fr.
1555 706 1636 765 16)
1666 708 1845 762 laudat3
1869 708 1998 766 cujus
2017 723 2190 751 nomen
2213 711 2456 757 Athenaeus
2480 728 2503 756 e
2527 717 2718 773 propin-

1435 793 1529 836 quo
1548 780 1771 838 arripuit,
1791 789 1958 824 etcum
1975 782 2213 824 Demetrio
2231 782 2451 826 Phalereo
2470 787 2721 843 ceterisque

1435 850 1692 908 conjunxit.
1725 871 1743 891 »
1761 854 1948 897 Minae.
1968 877 2031 885 -—
2046 851 2113 896 Cf.
2140 853 2281 912 Diog.
2297 855 2351 896 L.
2369 855 2439 908 ΙΙ,
2464 855 2523 898 26
2542 865 2586 899 et
2605 858 2722 900 Por-

1432 922 1570 981 phyr.
1597 924 1629 967 l.
1657 924 1686 968 l.
1725 925 1959 984 Diogenes
2001 925 2158 982 Myrto
2198 923 2337 968 filiam
2372 925 2585 970 Aristidis
2607 929 2719 972 Justi

1434 993 1572 1054 dicit,
1603 996 1687 1039 nisi
1711 995 1833 1039 forte
1864 995 2036 1039 menda
2072 1004 2139 1040 est
2171 996 2488 1043 librariorum.
2527 999 2720 1043 Omnem

1432 1065 1556 1110 hunc
1596 1068 1752 1111 locum
1791 1068 2027 1123 uberrime
2066 1076 2235 1112 tractat·
2267 1070 2489 1113 Lucazius
2516 1070 2566 1112 in
2596 1071 2718 1114 libro

1433 1139 1502 1182 De
1529 1138 1730 1199 bigamia
1754 1141 1952 1184 Socratis
1970 1155 2019 1199 p.
2046 1138 2103 1192 54
2127 1155 2229 1201 sqq.

2011 1247 2087 1292 31.

1499 1354 1661 1398 Euseb.
1699 1357 1774 1399 Pr.
1803 1357 1886 1399 Ev.
1925 1356 2024 1414 XI,
2056 1355 2110 1410 3,
2143 1370 2200 1399 ex
2224 1355 2462 1399 Aristoclis
2491 1371 2633 1414 opere
2665 1357 2723 1400 de

1431 1426 1599 1485 philos.
1620 1427 1855 1471 Platonica
1881 1443 1892 1471 :
1911 1429 2008 1472 Nisi
2032 1427 2206 1482 divina,
2233 1429 2313 1483 ait,
2331 1428 2462 1486 prius
2484 1437 2722 1487 perspecta

1434 1506 1479 1540 et
1506 1499 1692 1557 cognita
1723 1498 1997 1553 habeamus,
2021 1497 2271 1557 praevideri
2307 1514 2334 1542 a
2366 1499 2505 1542 nobis
2526 1500 2723 1544 humana

1433 1584 1532 1612 non
1551 1579 1758 1628 possunt.
1783 1567 1909 1625 Φησὶ
1930 1570 1966 1614 δ’
1993 1567 2277 1630 Ἀριστόξενος
2297 1571 2318 1614 6
2354 1569 2552 1629 μουσικὸς
2577 1569 2722 1617 Ἰνδῶν

1435 1630 1542 1685 εἶναι
1563 1638 1634 1685 τὸν
1658 1639 1782 1703 λόγον
1807 1645 1953 1687 τοῦτον
1965 1638 1982 1670 ’·
2003 1639 2203 1698 Ἀθήνησι
2223 1639 2306 1704 γὰρ
2325 1642 2514 1704 ἐντυχεῖν
2539 1642 2721 1704 Σωκρά-

1434 1730 1496 1757 τει
1519 1715 1603 1757 τῶν
1625 1713 1821 1777 ἀνδρῶν’
1808 1712 1980 1759 εκείνων
2017 1712 2090 1759 ἕνα
2118 1713 2238 1774 τινὰ,
2256 1713 2440 1759 κᾶπειτα
2463 1716 2591 1760 αὐτοῦ
2615 1733 2730 1769 πυν-,

1435 1782 1662 1842 θάνεσθαι,
1690 1783 1732 1830 τί
1770 1803 1903 1831 ποιων
1944 1783 2219 1850 φιλοσοφοίη·
2252 1790 2324 1832 τοῦ
2351 1786 2385 1831 δ’
2424 1785 2634 1844 εἰπόντος,
2658 1785 2723 1832 ὅτι

1394 1858 1570 1927 ζητῶν
1591 1875 1688 1919 περι
1709 1861 1783 1903 τοῦ
1806 1854 2071 1920 ἀνθρωπίνου
2092 1855 2208 1920 βίου,
2230 1857 2528 1920 καταγελάσαι
2546 1858 2617 1904 τὸν
2638 1857 2722 1905 Ἰν-

24 1924 25 1930 ’
87 1959 89 1965 ›
95 1925 260 1993 υρτὼ,
285 1929 333 1973 οὗ
360 1931 433 1974 τοῦ
460 1927 638 1975 Δικαίου
667 1927 933 1990 καλουμένου
955 1929 1015 1988 (οἱ
1038 1926 1121 2018 γὰρ
1141 1927 1288 1992 χρόνοι
1311 1929 1358 1974 οὐ
1393 1930 1397 1956 '
1433 1926 1525 1987 δὸν,
1554 1927 1734 1990 λέγοντα
1761 1927 1821 1990 μὴ
1849 1927 2055 1976 δύνασθαί
2074 1948 2168 1975 τινα
2189 1927 2243 1975 τὰ
2266 1930 2509 1993 ἀνθρώπινα
2534 1930 2720 1976 κατιδεῖν

153 2001 422 2064 χωροῦσιν),
448 1999 561 2046 ἀλλὰ
594 2020 666 2047 του
700 2000 843 2064 τρίτου
880 2001 953 2047 ἀπ’
975 2000 1158 2048 ἐκείνου·
1194 2001 1276 2047 εἰσι
1315 1999 1358 2046 δὲ

67 2098 96 2117 c
119 2069 390 2138 αλλισθένης,
411 2071 657 2137 Δημητριος
681 2076 703 2119 6
726 2071 978 2136 Φαληρευς,
1005 2071 1199 2137 Σάτυρος
1222 2075 1243 2118 6
1270 2075 1359 2120 Πε·

55 2141 364 2203 ιπατητικὸς,
379 2142 674 2206 Αριστόξενος·
690 2149 749 2198 οἷς
761 2144 844 2203 τὸ
827 2145 1046 2207 ἐνδόσιμον
1065 2144 1359 2208 Ἀριστοτέλης
1418 2184 1421 2186 μ

69 2224 110 2269 ³
129 2233 256 2273 ··κεν,
282 2218 463 2279 ἱστορῶν
492 2222 615 2264 τοῦτο
648 2219 691 2264 ἐν
716 2237 776 2281 τῳ
821 2218 927 2282 Περὶ
956 2215 1189 2280 εὐγενείας·
1217 2218 1253 2263 εἰ
1293 2215 1354 2304 μὴ

28 2283 33 2291 ’
64 2259 85 2341 i,
112 2305 158 2347 α
175 2287 558 2351 συγκεχωρημένον
579 2289 693 2336 κατὰ
709 2289 914 2355 ψήφισμα
935 2309 1058 2337 τουτο
1076 2289 1243 2352 ἐγένετο
1263 2289 1357 2335 τότε

67 2343 144 2417 {6
179 2358 333 2406 σπάνιν
361 2358 616 2423 ἀνθρώπων,
641 2357 742 2407 ὥστ’
763 2360 916 2414 ἐξεῖναι
943 2379 1017 2406 και
1044 2359 1165 2406 δύο”
1142 2379 1213 2423 ⁵7⁵
1219 2379 1254 2406 ιν
1276 2379 1356 2422 γυ-

103 2430 220 2484 ἷκας
252 2430 324 2477 τὸν
361 2431 642 2495 βουλόμενον·
681 2430 772 2478 ὅθεν
794 2431 866 2478 καὶ
903 2451 996 2484 τους
1029 2451 1104 2488 της
1127 2430 1380 2495 κωμῳδίας,

113 2500 250 2560 ιητὰς
275 2503 581 2560 ἀποσιωπῆσαι
611 2507 758 2561 τοῦτο,
781 2503 988 2557 πολλάκις
1006 2507 1079 2549 τοῦ
1101 2480 1357 2565 Σωκράτους

87 2572 436 2636 ἠμονεύοντας·
472 2573 681 2638 παρέθετο
705 2575 747 2622 δὲ
772 2575 870 2640 περὶ
903 2595 986 2622 των
1022 2594 1235 2661 γυνακικων
1272 2575 1357 2641 ψή-

108 2664 208 2713 ομα
243 2644 495 2708 Ἱερώνυμος
521 2649 543 2692 6
570 2644 754 2699 Ῥόδιος·
787 2648 958 2710 ἀντεῖπε
993 2645 1036 2692 δὲ
1071 2647 1158 2699 τοῖς
1187 2646 1357 2708 λέγουσι

88 2717 168 2783 ρὶ
188 2738 273 2765 των
295 2718 553 2782 Σωκράτους
575 2721 788 2782 γυναικῶν
811 2718 1045 2772 Παναίτιος
1069 2722 1091 2765 6
1112 2717 1289 2773 Ῥόδιος.

124 2857 239 2895 1100
262 2857 408 2896 affectu
425 2867 660 2896 succensum
676 2857 831 2896 nullum
855 2857 961 2896 omni
966 2868 1016 2895 no
1039 2868 1214 2896 servasse
1230 2858 1349 2898 deco-

61 2936 93 2955 z
127 2936 146 2956 ι
170 2950 182 2971 ,
207 2931 278 2959 nec
294 2920 345 2959 ab
368 2921 449 2959 ulla
464 2922 551 2959 tum
565 2931 668 2959 voce
682 2921 747 2960 vel
766 2921 870 2960 facto
890 2920 1136 2960 abstinuisse.

39 2981 89 3046 ”’
105 2946 169 3025 Iln
188 2980 339 3036 reliqua
362 2986 470 3024 omni
487 2985 567 3024 vita
593 2996 686 3024 eum
713 2986 814 3035 frugi
834 2985 952 3024 fuisse
973 2996 1047 3024 nec
1070 2996 1212 3035 magno
1235 2996 1356 3036 appa-

53 3043 66 3061 '‘⁷
96 3044 105 3093 J
146 3064 151 3083 ι
182 3050 223 3089 in
243 3051 347 3090 diem
376 3050 540 3099 vixisse;
574 3050 614 3091 in
644 3050 761 3089 rebus
782 3053 916 3089 autem
942 3052 1118 3090 venereis
1146 3051 1348 3090 vehemen-

48 3132 53 3138 ⁴
72 3120 75 3132 *
158 3123 214 3153 ιιι
231 3113 391 3164 quidem
415 3114 533 3153 fuisse
549 3144 560 3162 ,
588 3114 821 3152 abstinuisse
842 3116 979 3153 tamen
998 3114 1048 3152 ah
1064 3114 1171 3152 omni
1189 3114 1332 3164 injuria
1346 3144 1358 3163 ,

101 3194 145 3220 ψ·
164 3194 170 3212 ι
194 3178 258 3218 vel
281 3178 470 3218 uxoribus
491 3178 552 3218 vel
570 3178 790 3229 prostitutis
804 3179 963 3218 tantum
985 3180 1177 3218 uteretur.

675 3253 749 3294 29.

140 3327 346 3367 meti-ius
372 3327 609 3376 Phalereus,
637 3327 902 3376 Hieronymus
932 3327 1131 3376 Rhodius,
1160 3326 1359 3366 Aristoxe-

164 3391 338 3431 mnsicus
352 3392 393 3431 et
410 3389 636 3430 Aristoteles
656 3391 700 3438 (si
715 3390 834 3430 modo
849 3387 948 3430 liber
964 3394 1022 3430 De
1039 3391 1243 3430 nobilitate
1258 3391 1360 3429 inter

207 3465 281 3499 ‚os
298 3456 358 3494 est
374 3452 592 3494 Aristotelis
606 3453 728 3493 libros
745 3454 1030 3501 recensendus)
1049 3455 1179 3503 Myrto
1194 3453 1359 3492 tradunt

54 3567 57 3569 Α
123 3514 130 3528 “
161 3533 183 3551 w
202 3517 253 3558 ⁸⁸8
265 3528 317 3558 ex
331 3516 412 3556 tilia
427 3516 576 3566 neptim
594 3527 617 3555 a
634 3518 796 3556 Socrate
822 3517 890 3555 illo
913 3516 1087 3566 sapiente
1098 3516 1267 3555 tlomum
1288 3527 1357 3554 ac-

46 3571 66 3626 i..
104 3580 118 3629 ,’
135 3596 149 3611 ι·
175 3580 448 3630 αιςὶιαὶιιιί550
463 3580 635 3630 ‘quidem
648 3580 760 3619 illum
775 3579 893 3619 aliam
911 3584 1093 3628 uxorem,
1110 3590 1250 3618 verum
1267 3590 1359 3618 eum

54 3641 60 3651 ⁸
124 3636 126 3638 ’
127 3636 277 3687 ’,α’1)
263 3645 438 3696 mopiam
460 3645 624 3684 viduam
642 3647 683 3685 et
701 3645 882 3684 omnium
905 3656 1038 3684 rerum
1066 3655 1226 3694 egenam
1248 3655 1358 3684 rece-

182 3713 396 3752 betarum
415 3711 558 3750 refellit
579 3711 665 3751 haec
684 3710 841 3750 abunde
864 3710 1087 3750 Panaetius
1076 3721 1118 3748 m
1135 3709 1244 3749 libris
1259 3719 1359 3759 quos

115 3758 306 3818 snm-ate
327 3776 491 3827 scrips't.

51 3846 77 3895 ε
112 3859 119 3870 =
151 3894 154 3897 ,
681 3846 751 3885 30.

51 3919 109 3959 ἶ,
144 3941 151 3948 .
165 3954 180 3958 ,,
207 3913 343 3968 positis
353 3924 431 3953 non
443 3908 584 3963 injuria
595 3914 789 3964 quispiam
800 3915 938 3964 arguat
950 3925 1017 3952 eos
1029 3914 1098 3963 qui
1109 3923 1253 3952 uxores
1261 3912 1360 3951 duas

62 3962 69 3975 ⁶
183 3974 282 4016 iem·
308 3976 493 4023 habuisse
521 3976 801 4026 prodiderunt,
830 3976 1081 4026 Xanthippen
1107 3974 1293 4014 nimirum
1320 3976 1360 4014 et

70 4044 78 4052 ”
119 4031 129 4090 ’.ἰ
160 4056 197 4077 ιι
217 4068 229 4088 ,
246 4039 443 4088 Aristidis,
467 4049 545 4078 non
568 4041 828 4089 cognomento
848 4039 952 4078 Justi
976 4039 1096 4077 filiam
1117 4038 1360 4087 (repugnant

127 4094 145 4151 ‘J
161 4101 167 4105 ’
191 4102 382 4153 ..tempora
398 4103 429 4151 ),
446 4102 515 4141 sed
540 4102 624 4152 ejus
641 4103 710 4152 qui
738 4102 790 4142 ab
815 4102 900 4152 ipso
917 4101 1058 4141 tertius
1076 4103 1147 4140 est.
1169 4102 1361 4139 Auctores

124 4204 139 4214 ,,
167 4214 173 4223 .
193 4165 251 4218 rei
267 4166 367 4206 sunt
385 4165 642 4206 Callisthenes
655 4195 668 4215 ‚
696 4165 917 4205 Demetrius
941 4162 1152 4203 Phalereus
1166 4193 1177 4212 ‚
1197 4163 1360 4211 Satyrus

180 4245 185 4259 ι
244 4244 246 4249 ’
287 4238 371 4282 eus,
389 4227 830 4283 Aristoxenns2quihus
841 4228 890 4267 ad
907 4227 946 4266 id
959 4226 1210 4269 scribendum
1224 4235 1359 4264 ansam
1395 4250 1397 4261 .

1433 1996 1668 2061 ἀγνοοῦντοί
1688 2019 1736 2062 γε
1756 2000 1810 2047 τὰ
1835 2002 1944 2050 θεια.

2017 2104 2071 2148 31
2101 2120 2141 2150 a.

1496 2217 1650 2263 Schol.
1686 2218 1734 2260 in
1766 2219 1948 2264 Platon.
1985 2219 2188 2277 Apolog.
2213 2233 2262 2277 p.
2294 2217 2386 2262 330
2427 2217 2504 2267 ed,
2538 2217 2716 2262 Bekk.:

1431 2279 1568 2340 Οἷτος
1592 2290 1613 2332 ὁ
1636 2285 1809 2340 Ἄνυτος
1830 2287 2106 2350 Ἀνθεμίωνος
2133 2282 2184 2346 ἦν
2211 2288 2319 2346 υἱὸς,
2344 2287 2558 2345 Ἀθηναῖος
2574 2288 2690 2348 γένος
2705 2326 2719 2350 ‚

1432 2358 1704 2406 Ἀλκιὸιάδου
1731 2359 1938 2423 ἐραστὴς,
1966 2359 2166 2413 πλούσιος
2198 2359 2240 2414 ἐξ
2273 2361 2604 2424 βυρσοδεψικῆς·
2626 2357 2719 2406 ὅθεν

1429 2431 1503 2478 καὶ
1525 2432 1828 2493 σκωπτόμενος
1850 2433 1933 2478 ὑπὸ
1959 2433 2218 2495 Σωκράτους
2243 2431 2312 2478 διὰ
2340 2436 2550 2479 τοῦτο.....
2574 2431 2718 2478 ἔπεισε

1430 2506 1570 2568 μισθῷ
1597 2503 1797 2562 Μέλητον
1822 2505 2018 2558 ἀσεὸείας
2041 2503 2209 2569 γραφὴν
2228 2506 2371 2552 δοῦναι
2394 2503 2506 2550 κατὰ
2536 2504 2718 2568 Σωκρά·

1429 2595 1537 2628 τους.
1574 2575 1806 2638 Μέμνηται
1843 2576 2008 2631 Λυσίας
2032 2579 2073 2624 ἐν
2101 2576 2358 2640 Σωκράτους
2393 2574 2604 2640 ἀπολογία
2640 2576 2713 2622 καὶ

1431 2650 1633 2711 Ξενοφῶν
1676 2640 1831 2710 ὁμοίως
1887 2648 1961 2695 καὶ
2013 2648 2294 2712 Ἀριστόξενος
2339 2650 2382 2694 ἐν
2424 2651 2487 2710 ,τῷ
2538 2647 2719 2711 Σωκρά·

1429 2738 1527 2774 τους
1561 2720 1656 2784 βίῳ.

1434 2858 1542 2897 dedit
1564 2859 1812 2908 Aristoteles,
1838 2861 1906 2909 qui
1923 2859 2025 2898 libro
2050 2862 2106 2898 De
2125 2859 2330 2897 nobilitate
2351 2857 2474 2897 literis
2495 2857 2533 2896 id
2560 2856 2722 2896 manda-

1432 2925 1514 2963 vit:
1533 2924 1606 2962 nisi
1626 2925 1786 2963 fortasse
1810 2924 2011 2974 plebiscito
2024 2924 2139 2962 suerit
2154 2926 2241 2962 tum
2254 2933 2484 2961 concessum
2500 2921 2551 2960 ob
2570 2921 2717 2959 civium

1438 2989 1640 3028 raritatem
1661 2989 1911 3037 ,volentibus
1923 2999 2068 3027 uxores
2087 2988 2233 3026 hahere
2258 2986 2358 3027 duas
2374 2990 2419 3025 ut
2436 2986 2594 3033 liceret3
2612 2984 2720 3023 ideo-

1431 3065 1509 3104 que
1531 3054 1840 3104 praetermissum
1866 3055 1907 3093 id
1935 3066 1958 3093 a
1986 3054 2149 3107 comicis
2176 3053 2293 3092 fuisse
2309 3083 2320 3101 ‚
2351 3051 2532 3102 quamvis
2551 3052 2722 3090 Socratis

1431 3120 1570 3159 crebro
1586 3121 1848 3159 meminerint.
1867 3123 1926 3159 De
1951 3120 2141 3159 uxoribus
2166 3120 2426 3168 Hieronymus
2441 3116 2615 3155 Rhodius
2630 3117 2716 3166 ple-

1434 3184 1616 3223 biscitum
1645 3185 1837 3235 ascripsit.
1875 3186 1927 3225 Iis
1967 3185 2036 3235 qui
2062 3185 2111 3223 de
2141 3184 2295 3222 duabus
2325 3184 2498 3222 socratis
2529 3180 2720 3220 uxoribus

1431 3250 1692 3300 scripserunt,
1712 3248 1952 3290 contradixit
1968 3250 2162 3289 Panoetins
2180 3248 2370 3288 Rhodius.

1483 3391 1594 3428 Hanc
1608 3389 1795 3428 indorum
1815 3401 1900 3429 esse
1912 3380 2107 3428 rationem
2133 3389 2387 3428 Aristoxenus
2406 3387 2581 3425 musicus
2596 3387 2715 3424 testa-

1431 3453 1509 3491 tur.
1530 3453 1684 3502 Quippe
1707 3464 1833 3492 unum
1855 3464 1906 3493 ex
1925 3464 1972 3492 ea
1992 3453 2151 3491 natione
2167 3452 2339 3501 aliquem
2367 3450 2527 3489 Athenis
2545 3459 2718 3497 congres-

1432 3526 1519 3554 sum
1546 3527 1630 3555 esse
1648 3527 1740 3555 cum
1762 3518 1946 3565 Socrate,
1971 3526 2022 3554 ex
2043 3526 2170 3565 eoque
2189 3515 2431 3553 sciscitatum
2448 3542 2458 3561 ,
2480 3522 2650 3561 quanam
2678 3511 2716 3548 111

1431 3580 1584 3618 actione
1607 3579 1851 3629 philosophia
1877 3579 1962 3627 eJus
1994 3581 2231 3618 versaretur.
2258 3581 2347 3623 Quo
2378 3575 2656 3625 respondente.
2677 3573 2715 3610 in

1433 3642 1617 3681 humanae
1639 3643 1732 3681 vitae
1755 3642 1975 3681 rationibus
2001 3641 2256 3691 exquirendis
2281 3651 2367 3678 eam
2397 3637 2581 3686 occupari
2604 3637 2714 3674 :tum

1433 3717 1528 3746 vero
1559 3707 1689 3746 risisse
1716 3707 1883 3755 indum,
1919 3718 2047 3756 quum
2084 3707 2240 3754 negaret
2275 3705 2447 3743 humana
2476 3710 2713 3751 quemquam

1433 3770 1648 3820 praevidere
1667 3781 1799 3820 posse,
1817 3770 1886 3821 qui
1905 3770 2128 3809 divinorum
2148 3767 2388 3818 ignoratione
2407 3765 2613 3804 laboraret.

2014 3838 2061 3877 31
2093 3846 2132 3876 a.

1484 3887 1634 3954 Al1ytus
1654 3905 1718 3943 hic
1733 3904 2003 3945 Anthemionis
2021 3906 2105 3942 erat.
2135 3902 2260 3948 filius,
2282 3909 2420 3948 genere
2448 3894 2710 3939 Atheniensis,

1435 3968 1642 4008 Alcibiadis
1657 3968 1852 4017 amasius,
1872 3979 1922 4006 ex
1946 3967 2144 4006 coriorum
2169 3963 2421 4004 fabricatione
2440 3959 2560 3997 dives.
2584 3962 2711 4002 Quian]

1431 4032 1483 4070 ob
1500 4043 1583 4071 rem
1602 4043 1726 4081 quum
1743 4033 1921 4070 Socrates
1939 4029 2127 4068 cavillans
2142 4029 2176 4067 ei
2196 4026 2393 4071 irrisisset,
2421 4019 2599 4060 mercede
2626 4020 2708 4056 Me-

1432 4096 1555 4134 letum
1588 4095 1779 4143 adduxit,
1814 4097 1859 4133 ut
1888 4093 2100 4143 impietatis
2119 4091 2313 4129 actionem
2342 4087 2475 4124 contra
2507 4083 2709 4120 Socratem

1434 4159 1670 4198 institueret.
1695 4157 1875 4198 Meminit
1911 4156 2029 4205 huius
2059 4154 2194 4204 Lysias
2226 4152 2264 4189 in
2297 4146 2467 4187 Socratis
2501 4142 2702 4192 Apologia,

1431 4222 1545 4262 sicuti
1562 4222 1680 4262 etiam
1699 4221 1938 4271 Xenophon,
1958 4223 1995 4258 et
2015 4219 2053 4256 111
2071 4219 2160 4256 Vita
2178 4212 2347 4254 Socratis
2364 4209 2629 4249 Aristoxenus.
