3008 4542
62 1147 138 1210 LJ
169 1179 171 1182 <
195 1154 302 1198 Eus.
322 1151 337 1212 )
358 1148 430 1207 ἔτη
449 1147 519 1195 τὸν
542 1148 631 1210 βίον
653 1147 942 1206 ἐτελεύτησεν.

1327 186 1735 234 FRAGMENTA.

127 331 129 335 ,
197 290 366 356 συρίων,
400 289 495 338 τότε
529 289 670 352 μεῖζον
696 283 959 352 ἰσχυόντων,
1011 288 1216 350 ἐσομένην
1253 290 1478 352 ἐπιθυμίαν

195 366 271 421 τῆς
304 364 434 419 αὐτῆς
469 360 688 424 βασιλείας
718 359 886 426 ἐφόδου.
958 359 1110 425 Εὗρὼν
1139 360 1248 408 δὲέν
1273 365 1391 426 νομῷ
1418 364 1479 424 τῷ

115 426 121 435 ’
195 431 401 497 Σεθροΐτῃ
438 433 575 498 (libri
595 428 755 495 Σαΐτῃ.
789 435 893 478 Eus.
926 435 1059 480 Arm.
1089 435 1367 495 IVIetltraite)
1401 433 1476 479 πό·

196 505 268 552 λιν
301 502 649 567 ἐπικαιροτάτην,
685 501 884 564 κειμένην
913 501 992 565 μὲν
1013 501 1118 566 πρὸς
1145 504 1356 562 ἀνατολὴν
1402 509 1476 551 τοῦ

201 573 493 635 Βουὸαστίτου
530 578 752 635 ποταμοῦ,
789 573 1058 636 καλουμένην
1106 575 1141 622 δ’
1178 575 1263 622 ἀπὸ
1292 580 1367 634 τῆς
1403 581 1483 641 ἀρ-

199 646 327 712 χα-ίας
343 644 558 710 θεολογίας
573 644 738 711 Αὔαριν
757 643 962 710 (Ἄὸαριν
981 664 1028 693 v.
1050 649 1083 695 l.
1106 646 1145 709 )‚
1164 646 1326 705 ταύτην
1343 647 1482 695 ἔκτισέ

196 739 242 768 τε
273 718 346 766 καὶ
376 721 463 771 τοῖς
493 715 678 782 τείχεσιν
713 717 991 783 ὀχυρωτάτην
1024 717 1238 778 ἐποίησεν,
1275 719 1483 774 ἐνοικίσας

87 783 100 857 μ’
122 779 126 790 ¹⁵
152 798 157 800 ’
196 793 304 854 αὐτῇ
331 789 403 836 καὶ
431 791 592 847 πλῆθος
623 790 807 836 ὁπλιτῶν
829 791 888 843 εἷς
907 789 1040 836 εἴκοσι
1060 790 1134 837 καὶ
1158 790 1366 856 τέσσαρας
1399 812 1480 854 μυ-

196 861 345 927 ριάδας
369 861 531 924 ἀνδρῶν
555 860 660 925 πρὸς
682 860 896 926 φυλακήν.
967 861 1149 910 Ἔνθάδε
1175 862 1287 910 κατὰ
1313 863 1474 928 θέρειαν

197 933 379 999 ἤρχετο,
413 931 468 980 τὰ
493 932 570 994 μὲν
603 936 864 998 σιτομετρῶν
894 933 968 981 καὶ
993 934 1271 1000 μισθοφορίαν
1294 936 1483 1000 παρεχό-

197 1024 344 1069 μενος,
367 1003 421 1052 τὰ
441 1003 485 1051 δὲ
506 1002 580 1051 καὶ
603 1005 698 1058 ταῖς
720 1004 979 1060 ἐξοπλισίαις
998 1005 1103 1071 πρὸς
1126 1007 1257 1072 φόὸον
1278 1011 1362 1054 τῶν
1383 1008 1483 1063 ἔξω-

195 1082 264 1126 θεν
295 1078 509 1137 ἐπιμελῶς
541 1077 784 1139 γυμνάζων.
811 1073 963 1142 Ἄρξας
996 1078 1032 1126 δ’
1064 1080 1364 1128 ἐννεακαίδεκα
1392 1082 1405 1143 (
1428 1082 1482 1128 15

1013 1151 1139 1199 Μετὰ
1161 1156 1308 1199 τοῦτον
1333 1152 1377 1199 δὲ
1393 1151 1486 1200 ἔτε-

198 1242 266 1287 ρος
289 1221 539 1269 ἐὸασίλευσε
573 1220 762 1286 τέσσαρα
792 1222 868 1269 καὶ
891 1222 1206 1288 τετταράκοντα
1242 1225 1331 1290 (43
1373 1228 1480 1271 Eus.

195 1292 284 1357 A.)
310 1297 411 1352 ἔτη,
439 1293 700 1356 καλούμενος
725 1292 874 1351 Βηών
903 1295 1094 1357 (Banon
1117 1299 1222 1344 Eus.
1252 1299 1330 1355 A.;
1364 1297 1486 1344 Βνῶν

195 1368 321 1412 Man.
348 1367 494 1413 Afric,
524 1376 569 1411 et
590 1369 696 1411 Eus.
715 1366 751 1428 ).
779 1365 888 1413 Μεθ’
916 1365 960 1413 ὃν
987 1365 1112 1420 ἄλλος
1135 1366 1416 1431 Ἀπαχνὰς,
1444 1366 1486 1422 ἓξ

105 1485 107 1491 ⁴
197 1437 271 1484 καὶ
309 1436 538 1499 τριάκοντα
576 1435 650 1495 ἔτη
691 1436 764 1484 καὶ
801 1440 938 1499 μῆνας
968 1437 1094 1497 ἑπτά.
1124 1436 1312 1487 Ἔπειτα
1342 1439 1385 1486 δὲ
1413 1439 1487 1486 καὶ

143 1502 147 1506 “
194 1508 433 1574 Ἀπωφις
460 1511 692 1572 (Apkosis
721 1513 827 1556 Eus.
857 1515 915 1558 A.
947 1508 1158 1571 Ἄφωὸις;
1185 1513 1285 1560 Afr.
1319 1513 1369 1564 d.
1402 1512 1483 1569 153

197 1579 384 1646 Ἄφωφις
409 1585 517 1628 Eus.
539 1583 586 1629 d.
619 1599 693 1640 17.
714 1581 728 1643 )
756 1579 799 1627 ἓν
829 1581 904 1628 καὶ
925 1580 1153 1641 ἑξήκοντα,
1178 1582 1487 1636 καὶ”Ἰαννὰς

209 1654 222 1714 (
244 1654 309 1699 sic
334 1655 479 1702 codd.
507 1670 560 1715 23
584 1669 676 1714 vgo
697 1651 881 1712 Ἰανίας;
911 1657 1017 1701 Eus.
1044 1657 1086 1700 A
1109 1669 1122 1701 z
1153 1659 1312 1711 Anan,
1345 1656 1488 1702 Afric.

200 1723 380 1787 Σταείν)
403 1723 666 1781 πεντήκοντα
690 1722 762 1770 καὶ
785 1727 901 1784 μῆνα
925 1723 1018 1773 ἕνα.
1089 1724 1196 1772 Ἐπὶ
1221 1733 1329 1772 πᾶσι
1355 1724 1397 1771 δὲ
1417 1725 1489 1772 καὶ

196 1793 245 1844 'A
262 1813 359 1852 σση
373 1814 392 1848 ς
414 1795 517 1859 (sic.
537 1796 698 1847 Buns.;
717 1790 863 1848 Ἄσσις
877 1808 968 1858 v'go
984 1815 996 1854 3
1016 1799 1134 1841 A.;-es
1152 1809 1243 1844 vet.
1265 1800 1460 1861 interpr.
1477 1816 1489 1855 3

199 1869 417 1915 Assetlzus
433 1871 541 1914 Eus.
561 1870 640 1925 A.;
658 1863 847 1931 Ἄρχλης
862 1870 961 1916 Afr.
983 1879 1028 1915 et
1045 1872 1153 1918 Eus.
1178 1871 1223 1916 d.
1251 1870 1350 1932 15.)
1372 1870 1490 1916 ἐννέα

198 1940 273 1988 καὶ
294 1939 617 2004 τεσσαράκοντα
643 1938 717 1986 καὶ
746 1943 883 2002 μῆνας
913 1939 1003 1987 δύο.
1076 1940 1164 1988 Καὶ
1197 1934 1311 1988 οὗτοι
1340 1939 1417 2003 μὲν
1449 1940 1492 1996 ἓξ

200 2014 244 2058 ἐν
277 2011 419 2064 αὐτοῖς
451 2010 712 2074 ἐγενήθησαν
744 2013 907 2077 πρῶτοι
942 2011 1176 2076 ἄρχοντες,
1209 2014 1492 2075 πολεμοῦντες

199 2082 265 2130 ἀεὶ
300 2082 375 2130 καὶ
409 2086 635 2138 ποθοῦντες
670 2084 834 2145 μᾶλλον
867 2087 943 2142 τῆς
983 2083 1207 2148 Αἰγύπτου
1241 2083 1387 2150 ἐξᾶραι
1412 2084 1491 2142 τὴν

200 2155 333 2221 ῥίζαν.
355 2177 375 2198 »ι

265 2249 285 2270 «
309 2227 538 2275 Ἐκαλεῖτο
571 2226 615 2274 δὲ
633 2226 682 2274 τὸ
703 2226 877 2289 σύμπαν
915 2230 1054 2275 αὐτῶν
1090 2226 1204 2282 ἔθνος
1225 2224 1459 2277 ι’ΥΚΣΩΣ
1476 2266 1489 2288 ,

202 2300 423 2362 (hycusos
452 2303 559 2347 Eus.
588 2304 644 2347 A.
663 2301 677 2363 )
695 2337 709 2362 ‚
726 2304 851 2347 τοῦτο
875 2299 921 2346 δέ
944 2301 1034 2348 ἐστι
1059 2301 1249 2363 βασιλεῖς
1272 2299 1490 2363 ποιμένες·

199 2371 247 2418 τὸ
271 2371 354 2437 γὰρ
382 2369 491 2420 ’ΎΚ
521 2371 616 2418 καθ’
648 2371 766 2436 ἱερὰν
801 2374 1003 2435 γλῶσσαν
1049 2371 1231 2438 βασιλέα
1264 2371 1490 2434 σημαίνει,

198 2443 247 2491 τὸ
268 2444 313 2491 δὲ
336 2445 463 2492 ΣΩΣ
485 2443 647 2505 ποιμήν
675 2446 767 2492 ἐστι
786 2444 860 2492 καὶ
886 2444 1085 2508 ποιμένες
1108 2443 1221 2492 κατὰ
1243 2443 1321 2503 τὴν
1345 2444 1489 2502 κοινὴν

2742 203 2834 244 567

1557 290 1792 348 διάλεκτον,
1820 311 1893 339 και
1916 291 2027 339 ούτω
2046 293 2336 356 συντιθέμενον
2359 295 2520 358 γίνεται
2551 296 2797 349 ἫῙΚὫΣ
2820 322 2838 343 υ

1557 361 1681 416 Ἱινὲς
1705 361 1748 409 δὲ
1772 362 1966 426 λέγουσιν
1991 364 2142 418 αυτους
2156 362 2344 430 Ἄραὸας
2368 361 2492 418 εἶναι.
2522 370 2607 418 Ἐν
2634 372 2669 417 δ’
2694 371 2840 438 ἄλλῳ

1558 434 1900 500 ἆντιγράφῳ,
1931 455 1978 483 ου
2017 438 2203 499 βασιλεῖς
2234 439 2519 500 σημαίνεσθαι
2554 441 2623 488 διὰ
2657 446 2733 500 τῆς
2767 450 2839 492 τοῦ

1555 501 1664 553 ’ΥΚ
1697 506 1828 568 (usos
1854 511 1961 556 Eus.
1997 508 2090 570 Α.)
2124 510 2433 574 προσηγορίας,
2455 511 2566 559 ἀλλὰ
2598 516 2841 563 τούναντίον

1560 577 1861 640 αἰχμαλώτους
1895 580 2125 636 δηλουσθαι
2148 584 2443 642 ποιμένας·τὸ
2471 583 2554 648 γὰρ
2581 584 2686 634 εΎΚ
2710 587 2840 636 πάλιν

1559 648 1816 710 Αἰγυπτιστὶ
1857 650 1932 697 καὶ
1985 650 2032 696 τὸ
2077 649 2173 700 ‘'AK
2219 653 2503 715 δασυνόμενον
2542 651 2842 722 αἰχμαλώτους

1561 722 1697 785 ῥητως
1737 722 1907 782 μηνύει.
1947 721 2035 771 Και
2076 728 2203 771 τοῦτο
2247 727 2410 786 μᾶλλον
2445 730 2731 794 πιθανώτερόν
2769 751 2840 794 μοι

1561 791 1755 857 φαίνεται
1774 812 1847 840 και
1869 794 2055 848 παλαιᾶς
2079 795 2308 860 ἱστορίας’
2289 797 2505 860 εχόμενον.

1625 863 1811 919 Τούτους
1831 864 1876 912 δὲ
1900 885 1996 920 τους
2018 868 2513 931 προκατωνομασμένους
2532 872 2731 934 βασιλέας
2747 874 2843 930 τοὺς

1559 938 1643 982 τῶν
1677 936 1891 999 ποιμένων
1912 937 2187 1000 καλουμένων
2213 939 2287 986 καὶ
2309 938 2407 994 τοὺς
2430 939 2472 996 ἐξ
2499 944 2636 990 αὐτῶν
2667 948 2843 1008 γενομέ-

1560 1027 1653 1062 νους
1675 1012 1890 1074 κρατῆσαι
1910 1012 1984 1067 τῆς
2005 1009 2225 1073 Αἰγύπτου
2249 1011 2378 1075 φησὶν
2399 1011 2473 1069 ἔτη
2494 1013 2598 1077 πρὸς
2618 1019 2701 1070 τοῖς
2721 1037 2841 1065 πεν-

1560 1080 1844 1134 τακοσίοις
1881 1080 2091 1131 ἕνδεκα.
2164 1081 2290 1131 Μετὰ
2324 1087 2461 1130 ταῦτα
2500 1084 2543 1131 δὲ
2574 1089 2656 1133 τῶν
2692 1090 2739 1135 ἐκ
2767 1094 2843 1147 τῆς

1562 1150 1781 1209 Θηὸαΐδος
1799 1150 1873 1198 καὶ
1894 1155 1969 1209 τῆς
1993 1152 2127 1209 ἄλλης
2160 1152 2382 1216 Αἰγύπτου
2417 1155 2626 1218 βασιλέων
2650 1158 2843 1221 γενέσθαι

1562 1222 1688 1286 φησὶν
1724 1222 1795 1270 ἐπὶ
1832 1222 1928 1276 τοὺς
1959 1222 2164 1284 ποιμένας
2194 1224 2506 1284 ἐπανάστασιν,
2549 1227 2623 1274 καὶ
2656 1230 2842 1293 πόλεμον

1563 1295 1703 1346 αὐτοῖς
1734 1312 1867 1367 συρρα
1871 1314 1998 1357 γηναι
2023 1294 2158 1357 μέγαν
2193 1295 2266 1342 καὶ
2297 1297 2591 1362 ποὶυχρόνιον.
2663 1300 2765 1350 Ἐπὶ
2801 1305 2844 1352 δὲ

1566 1364 1841 1431 βασιλέως,“
1816 1386 1850 1412 ω
1871 1366 2006 1427 ὄνομα
2024 1371 2132 1413 εἰναι
2154 1369 2266 1415 Μισ
2281 1386 2424 1432 φραγ
2439 1389 2470 1430 μ
2484 1373 2542 1416 ού
2560 1375 2690 1419 θωσι
2706 1394 2724 1427 ς
2749 1375 2844 1437 (sie

1564 1440 1674 1486 Eas.
1692 1441 1828 1484 Arm.
1865 1449 1909 1484 et
1933 1442 2072 1500 Sync.
2097 1457 2149 1500 p.
2185 1441 2272 1485 103
2297 1445 2365 1501 Ι),
2397 1444 2505 1486 libii
2527 1445 2575 1491 h.
2607 1447 2638 1490 1.
2662 1456 2707 1491 et
2726 1450 2843 1494 infra

1565 1507 2060 1573 Ἀλισφραγμούθωσις),
2093 1510 2361 1572 ηττωμένους
2392 1531 2496 1578 φησι
2519 1513 2614 1568 τους
2643 1517 2846 1578 ποιμένας

1564 1580 1635 1626 υπ’
1660 1583 1788 1628 αὐτου
1811 1584 1858 1628 ἐκ
1884 1579 1960 1643 μὲν
1980 1602 2056 1640 της
2077 1582 2209 1640 ἄλλης
2230 1582 2448 1643 Αἰγύπτου
2469 1586 2610 1644 πάσης
2631 1590 2841 1653 ἐκπεσεῖν,

1563 1654 1923 1710 κατακλεισθηναι
1953 1652 1988 1700 δ’
2022 1655 2080 1708 εἷς
2107 1653 2253 1716 τόπον,
2289 1657 2477 1720 ἀρουρων
2506 1657 2658 1721 ἔχοντα
2683 1661 2843 1725 μυρίων

1569 1723 1750 1787 (χιλίων
1775 1727 1899 1785 conj.
1919 1730 2058 1774 Buns.
2077 1727 2091 1789 )
2118 1725 2195 1784 τὴν
2219 1729 2491 1791 περίμετρον.
2521 1729 2736 1795 Αὔαριν”
2711 1753 2844 1794 ονομα

1564 1799 1625 1842 τῶ
1662 1796 1799 1861 τόπῳ.
1837 1800 1998 1846 Τουτον
2038 1798 2164 1863 φησὶν
2204 1801 2226 1844 ὃ
2261 1799 2471 1847 Μανεθὼν
2510 1801 2678 1850 ἅπαντα
2713 1805 2844 1869 τείχει

1564 1887 1610 1914 τε
1649 1869 1824 1935 μεγάλῳ
1867 1869 1939 1917 καὶ
1987 1872 2152 1934 ἰσχυρῷ
2190 1871 2437 1934 περιὸαλεῒν
2477 1872 2573 1928 τοὺς
2618 1877 2844 1937 ποιμένας,

1564 1938 1679 1994 ὅπως
1698 1939 1776 1997 τήν
1799 1959 1846 1987 τε
1875 1943 2024 1998 κτῆσιν
2052 1942 2224 1990 ἅπασαν
2249 1942 2405 2006 ἔχωσιν
2433 1946 2475 1991 ἐν
2507 1947 2647 2011 ὀχυρῷ
2671 1949 2744 1995 καὶ
2767 1948 2844 2006 τὴν

1563 2011 1680 2058 λείαν
1715 2011 1792 2069 τὴν
1824 2015 2006 2061 ἑαυτῶν.
2075 2015 2215 2062 Τὸν
2193 2015 2236 2062 οὲ
2262 2017 2722 2080 Μισφραγμουθώσεως
2756 2021 2844 2068 υἱὸν

1565 2082 1894 2144 Θούθμωσιν
1919 2087 2013 2147 (sic
2033 2088 2141 2136 Eus.
2166 2091 2230 2134 A·
2220 2105 2344 2150 ,vgo
2362 2088 2699 2152 Θούμμωσιν)’
2680 2111 2843 2156 επιχει-

1567 2160 1694 2220 ρῆσαι
1725 2154 1802 2218 μὲν
1833 2156 1981 2211 αὐτους
2010 2157 2081 2204 διὰ
2113 2159 2357 2223 πολιορκίας
2389 2162 2497 2207 ἑλεῖν
2530 2161 2640 2208 κατὰ
2670 2165 2844 2228 κράτος,

1565 2227 1676 2275 ὀκτὼ
1700 2247 1773 2274 και
1796 2229 2117 2294 τεσσαράκοντα
2148 2230 2326 2295 μυριάσι
2359 2233 2730 2297 προσεδρεύσαντα
2762 2238 2847 2291 τοῖς

1564 2300 1775 2364 τείχεσιν·
1799 2301 1893 2348 ἐπεὶ
1923 2300 1967 2348 δὲ
1990 2322 2066 2359 της
2096 2303 2341 2367 πολιορκίας
2365 2303 2562 2368 ἀπέγνω,
2586 2305 2846 2363 ποιήσασθαι

1567 2372 1822 2435 συμὸάσεις,
1838 2373 1907 2420 ἵνα
1927 2372 2002 2432 τὴν
2022 2373 2237 2438 Αἴγυπτον
2253 2376 2492 2430 ἐκλιπόντες
2509 2376 2603 2424 ὅποι
2623 2378 2844 2442 βούλονται

1565 2447 1720 2498 πάντες
1742 2445 1946 2499 ἀὸλαὸεἷς
1970 2446 2203 2496 ἀπέλθωσι.
2273 2447 2384 2502 Τοὺς
2405 2448 2448 2495 δὲ
2480 2449 2550 2496 ἐπὶ
2573 2454 2665 2503 ταῖς
2687 2454 2846 2512 ὁμολο-

200 2582 489 2633 portunissimis
524 2583 763 2634 relinquens.
817 2586 989 2624 Maxime
1023 2596 1120 2625 vero
1159 2590 1291 2636 partes
1323 2586 1494 2626 munivit

198 2646 436 2696 orientales,
458 2647 696 2697 prospiciens
728 2647 909 2698 Assyria,
940 2649 1037 2688 tunc
1064 2649 1150 2688 aliis
1177 2650 1487 2699 potentioribus,

200 2710 376 2749 futuram
391 2710 647 2760 cupiditatem
663 2711 873 2750 invadendi
890 2712 988 2752 illud
1005 2712 1133 2762 ipsum
1154 2723 1332 2762 regnum.
1356 2716 1489 2759 Quum

199 2775 332 2813 autem
349 2775 488 2813 nactus
499 2776 599 2814 esset
614 2776 655 2814 in
673 2775 870 2815 Sethroite
885 2787 1005 2815 nomo
1018 2776 1218 2816 civitatem
1232 2778 1486 2828 opportunis-

198 2837 339 2879 simam
352 2837 402 2877 ad
414 2838 606 2878 orientem
621 2839 732 2878 ssuvii
752 2839 968 2880 Bubastitae
984 2840 1100 2880 sitam
1115 2870 1127 2889 ,
1147 2852 1238 2890 quae
1251 2852 1301 2880 ex
1317 2842 1492 2891 antiquae

200 2902 406 2952 theologiae
415 2902 627 2943 traditione
644 2903 783 2943 Auaris
798 2905 1084 2955 appellabatur,
1102 2906 1142 2944 et
1157 2905 1297 2944 incolis
1313 2906 1495 2956 frequen-

199 2969 301 3008 tavit
315 2979 403 3008 eam
420 2970 460 3008 et
478 2969 602 3009 muris
635 2969 870 3009 firmissimis
886 2971 1170 3020 communivit,
1187 2972 1396 3021 postquam
1416 2971 1495 3010 illic

200 3034 463 3074 collocaverat
475 3034 522 3074 ad
534 3034 750 3074 custodiam
760 3046 884 3085 usque
895 3035 947 3075 ad
955 3046 1052 3075 ccxl.
1060 3035 1183 3076 millia
1192 3036 1383 3076 virorum.
1396 3037 1496 3076 llluc

198 3099 383 3139 veniebat
411 3100 558 3139 aestatis
571 3102 770 3150 tempore,
787 3101 869 3140 tam
891 3102 937 3140 ut
955 3102 1153 3140 frumenta
1168 3103 1335 3142 meteret
1349 3105 1389 3142 et
1405 3113 1497 3142 con·

200 3161 375 3207 ductitiis
388 3162 608 3202 mercedem
623 3163 816 3213 solveret,
833 3175 953 3214 quam
972 3166 1017 3204 ut
1032 3167 1205 3205 armatos
1224 3165 1274 3205 ad
1303 3167 1494 3206 terrorem

203 3227 484 3265 extraneorum
504 3226 709 3276 diligenter
725 3228 940 3266 exerceret.
995 3230 1128 3273 Quum
1147 3230 1280 3268 autem
1300 3232 1496 3279 regnasset

177 3340 187 3348 „
206 3291 321 3330 annis
343 3302 437 3340 xix,
462 3291 585 3330 vitam
606 3290 746 3332 finivit.
798 3293 893 3347 Post
922 3292 1029 3332 hunc
1057 3292 1177 3332 etiam
1202 3295 1379 3343 regnavit
1397 3295 1497 3334 alter

202 3354 315 3394 annis
332 3365 442 3402 xciv,
461 3356 570 3394 Beon
584 3355 757 3394 nomine.
813 3356 906 3395 Post
933 3366 1054 3405 quem
1080 3357 1180 3396 alius
1197 3357 1404 3407 Apaclinas
1419 3369 1492 3397 no-

203 3418 332 3467 mine,
355 3418 468 3458 annis
489 3429 610 3458 xxxvi
627 3420 666 3458 et
696 3418 898 3459 mensibus
927 3430 998 3459 vu.
1051 3421 1152 3460 Dein
1174 3421 1296 3460 etiam
1321 3423 1494 3472 Apopliis

203 3493 291 3530 ωτι,
317 3483 358 3521 et
383 3484 530 3522 Jannas
545 3482 658 3522 annis
674 3493 697 3520 L
719 3484 759 3521 et
784 3493 919 3522 mense
946 3494 1040 3522 uno.
1075 3477 1168 3524 Pos't
1193 3496 1331 3524 omnes
1360 3489 1493 3525 antem

136 3565 146 3574 ·
203 3548 316 3585 Asses
332 3546 444 3586 annis
467 3557 563 3585 xux
580 3547 620 3585 et
633 3546 834 3585 mensibus
846 3557 886 3585 11.
904 3547 954 3586 Et
964 3546 1027 3586 isti
1044 3547 1206 3597 quidem
1226 3559 1293 3588 sex
1307 3549 1410 3588 inter
1429 3560 1496 3589 eos

206 3609 317 3649 ruere
334 3610 449 3660 primi
475 3610 671 3660 principes
685 3640 696 3660 ‚
717 3610 867 3650 bellum
898 3621 1051 3661 semper
1071 3613 1248 3661 gerentes
1274 3612 1494 3662 (regionem

204 3672 360 3712 assidue
378 3674 568 3713 vexantes
597 3684 678 3712 sec.
709 3676 811 3714 Eue.
841 3678 958 3713 Arm.
971 3673 984 3724 )
997 3704 1009 3722 ‚
1030 3677 1069 3714 et
1087 3675 1260 3715 maxime
1281 3677 1492 3727 AEgyptum

204 3737 392 3778 radicitus
415 3739 663 3789 exstinguere
679 3738 892 3789 cupientes.
918 3755 938 3774 ,‚

257 3816 278 3835 «
293 3801 519 3841 Vocabatur
529 3803 665 3845 autem
680 3813 774 3852 gens
787 3803 968 3842 universa
981 3805 1149 3854 mesos,
1166 3803 1206 3842 id
1220 3806 1279 3843 est
1294 3814 1402 3854 reges
1421 3815 1492 3854 pa-

206 3865 330 3903 stores
353 3880 362 3903 :
388 3865 474 3904 ch
493 3868 599 3904 enim
622 3865 667 3904 in
690 3876 800 3905 sacra
818 3866 952 3917 lingua
975 3877 1108 3917 regem
1132 3868 1270 3917 sonat,
1301 3869 1373 3907 Sos
1399 3879 1494 3908 vero

206 3929 403 3978 pastorem
436 3930 476 3967 et
508 3930 684 3978 pastores
716 3929 935 3969 secundum
968 3929 1179 3970 dialectum
1211 3941 1492 3982 communem,

206 3988 313 4030 unde
328 4001 409 4030 vox
422 3991 639 4041 composita
659 3994 822 4032 chsos.
847 4008 866 4026 v·
889 3994 991 4033 Sunt
1005 3995 1138 4037 autem
1159 3994 1226 4044 qui
1244 3993 1391 4033 Arabas
1407 3995 1495 4034 illos

209 4052 403 4094 exstitisse
435 4053 587 4094 dicunt.
642 4057 689 4095 In
726 4055 804 4095 alio
833 4058 967 4096 autem
998 4056 1212 4108 exemplari
1241 4057 1402 4096 nomine·
1426 4057 1495 4097 illo

211 4117 365 4162 Hrcsos
383 4127 462 4163 non
482 4128 591 4172 reges
609 4118 841 4173 significari,
862 4119 928 4161 sed
951 4131 973 4163 e
995 4120 1213 4169 contrario,
1236 4120 1410 4171 captivos
1426 4132 1493 4171 pa·

1565 2588 1691 2626 stores
1720 2587 1896 2626 indicari.
1948 2590 2032 2627 ch
2062 2589 2166 2627 enim
2200 2589 2343 2628 iterum
2376 2589 2599 2639 AEgyptiaca
2621 2589 2775 2639 lingua,
2807 2593 2846 2631 et

1567 2653 1654 2690 HAc
1670 2662 1762 2690 eum
1777 2651 2026 2701 aspiratione,
2044 2652 2219 2702 captivos
2233 2653 2389 2702 proprie
2404 2653 2713 2702 nominatimque
2731 2654 2847 2703 signi-

1568 2714 1669 2753 ficat.
1725 2718 1855 2764 Atque
1875 2714 1916 2753 id
1945 2715 2041 2754 mihi
2070 2715 2321 2755 verisimilius
2349 2716 2507 2756 videtur
2537 2720 2575 2756 et
2606 2717 2727 2766 magis
2756 2728 2845 2757 cun:

1565 2780 1726 2829 antiqua
1742 2780 1904 2819 historia
1924 2780 2181 2820 consentiens.

1633 2843 1845 2883 praedictos
1871 2845 2004 2882 autem
2034 2855 2144 2893 reges
2179 2846 2379 2894 pastorum
2418 2846 2575 2885 nomine
2613 2849 2847 2898 appellatos,

1564 2907 1803 2957 illorumque
1833 2909 2008 2957 posteros
2035 2911 2105 2947 AE⁰
2082 2910 2248 2958 „yptum
2277 2908 2318 2947 in
2347 2920 2419 2948 sua
2449 2912 2642 2959 potestate
2670 2913 2849 2953 habuisse

1566 2970 1662 3009 dicit
1681 2971 1794 3009 annis
1810 2982 1847 3010 xi
1868 2982 1984 3021 supra
1999 2971 2243 3021 quingentos.
2295 2974 2398 3011 Tum
2419 2984 2513 3012 vero
2539 2978 2758 3024 susceptam
2779 2977 2848 3015 ad-

1567 3047 1704 3075 versus
1737 3037 1912 3085 pastores
1945 3047 1969 3075 a
1990 3036 2200 3076 Thebaidis
2226 3047 2273 3076 ac
2305 3037 2471 3089 reliquae
2507 3040 2661 3089 AEgypti
2695 3041 2849 3090 regibus

1567 3099 1857 3150 expeditionem
1872 3129 1883 3148 ‚
1902 3099 2132 3150 bellumque
2151 3111 2271 3150 grave
2297 3111 2343 3139 ac
2365 3101 2598 3141 diuturnum
2622 3104 2720 3142 inter
2748 3105 2849 3154 ipsos

1568 3163 1779 3202 conflatum
1803 3163 1937 3202 fuisse.
1992 3163 2074 3202 Sub
2101 3174 2191 3213 rege
2219 3165 2354 3203 autem
2373 3165 2437 3204 cui
2463 3166 2849 3216 Mispliragmutliosis

1567 3238 1711 3266 nomen
1732 3228 1814 3266 erat
1827 3257 1839 3277 ‚
1868 3227 2082 3268 debellatos
2104 3230 2280 3278 pastores
2301 3229 2414 3278 illos,
2437 3241 2481 3269 ac
2504 3231 2654 3280 reliqua
2682 3234 2848 3282 AEgypto

1567 3291 1720 3340 pulsos,
1739 3302 1863 3330 unum
1880 3291 1919 3329 in
1937 3291 2069 3329 locum
2089 3292 2261 3331 inclusos
2279 3303 2363 3332 esse
2382 3294 2524 3341 tradit,
2545 3295 2659 3344 eujus
2680 3295 2849 3343 ambitus

1567 3355 1701 3394 decern
1722 3355 1905 3405 jugerum
1936 3355 2059 3394 millia
2090 3356 2324 3396 contineret.
2378 3357 2518 3397 Auaris
2536 3358 2644 3396 locus
2664 3359 2727 3397 ille
2743 3358 2846 3397 dice-

1567 3419 1697 3457 batur.
1754 3421 1868 3458 Hunc
1884 3419 2072 3458 Manetho
2088 3418 2183 3458 dicit
2195 3421 2424 3460 universum
2438 3431 2460 3459 a
2474 3422 2691 3470 pastoribus
2703 3422 2846 3470 ingenti

1569 3482 1778 3531 validoque
1797 3493 1913 3521 muro
1928 3484 2083 3532 septum
2104 3494 2150 3522 ac
2166 3484 2364 3522 munitum
2377 3514 2387 3530 ,
2411 3486 2456 3522 ut
2472 3484 2658 3533 quicquid
2680 3485 2751 3523 sibi
2769 3486 2848 3524 sor-

1566 3550 1755 3587 tunarum
1776 3549 1876 3587 esset
1894 3558 1942 3586 ac
1959 3547 2125 3597 praedae,
2143 3548 2181 3586 id
2208 3558 2326 3587 omne
2346 3549 2476 3586 tutum
2501 3558 2547 3586 ac
2566 3558 2746 3586 securum
2777 3548 2847 3586 lia·

1568 3613 1659 3651 bere
1683 3615 1853 3662 possent.
1882 3614 1932 3653 At
1946 3623 2042 3651 vero
2058 3615 2097 3651 M
2102 3612 2480 3662 ispliragmuthoseos
2497 3611 2549 3650 fili
2556 3623 2619 3650 um
2636 3612 2847 3650 Thutlimo-

1568 3677 1627 3715 sin
1647 3687 1851 3715 ccccnxxx
1871 3676 2040 3716 millium
2062 3676 2268 3715 hominum
2286 3676 2460 3715 exercitu
2480 3686 2612 3714 muros
2628 3675 2843 3724 obsedisse,

1567 3743 1688 3789 atque
1714 3739 1817 3789 ipsos
1843 3750 1912 3790 per
1942 3740 2025 3779 vim
2052 3750 2275 3790 expugnare
2300 3740 2486 3777 conatum
2514 3739 2625 3777 illum
2661 3738 2843 3788 quidem,

1568 3803 1634 3842 sed
1649 3833 1659 3852 ‚
1681 3803 1894 3843 obsidionis
1914 3803 2025 3843 exitu
2048 3803 2253 3853 desperato
2265 3833 2276 3852 ‚
2293 3813 2384 3842 cum
2399 3801 2534 3841 iisdem
2554 3812 2598 3840 ea
2623 3801 2845 3841 conditione

1571 3866 1779 3917 pepigisse,
1807 3868 1873 3916 ut,
1901 3869 2068 3918 AEgypto
2089 3866 2245 3914 relicta,
2274 3875 2408 3904 omnes
2437 3875 2673 3914 quocunque
2700 3864 2844 3903 vellent

1568 3930 1652 3969 sine
1673 3930 1755 3969 ullo
1781 3941 1856 3970 suo
1877 3930 2114 3970 detrimento
2147 3929 2459 3978 commigrarent.
2516 3930 2592 3965 Eos
2621 3926 2734 3975 igitur
2753 3937 2843 3965 cnm

1571 3993 1762 4033 universis
1778 3993 1935 4033 familiis
1949 3995 2069 4044 atque
2084 3992 2191 4032 omni
2212 3991 2448 4042 possessione
2464 4001 2532 4029 sua
2554 3990 2665 4036 (cum
2679 3999 2844 4028 armen-

1571 4060 1626 4097 tis
1645 4059 1684 4097 et
1703 4058 1862 4098 familiis
1876 4059 2064 4109 omnique
2083 4069 2125 4097 re
2139 4069 2209 4096 sua
2224 4087 2234 4105 ‚
2259 4059 2353 4096 Eus.
2381 4060 2494 4095 Arm.
2507 4055 2536 4102 ),
2556 4055 2610 4093 uti
2638 4065 2704 4103 per
2721 4054 2841 4092 ictum

1571 4121 1699 4161 foedus
1719 4124 1922 4172 poterant,
1941 4122 2043 4160 haud
2073 4121 2271 4175 pauciores
2291 4130 2388 4157 ccxi.
2408 4118 2579 4156 millibus
2607 4116 2655 4154 ab
2680 4118 2841 4165 :Egypto
