3016 4628
258 2934 279 2945 ο

318 291 327 323 ι
349 289 401 324 τε

616 382 860 430 ΝΟΜΙΜΛ
909 384 1279 431 ΒΑΡΒΑΡΙΚΑ.

718 489 945 528 mmmm
975 490 1190 527 ΝοΜιιιΑ.

894 603 1006 649 212.

372 698 564 756 Dionys.
614 699 712 741 Η·.ιΙ
749 700 802 741 Α.
844 700 900 743 R.
945 700 987 751 l,
1042 715 1081 742 c.
1132 713 1187 753 72
1243 713 1252 739 :
1302 693 1594 757 Ἀριστοτέλης

302 774 328 814 ὸ
362 767 588 832 φιλόσοφος
624 768 807 832 Ἀχαιῶν
848 788 964 822 τινας
1003 771 1163 830 ἱστορεῖ
1194 766 1278 813 τῶν
1314 766 1397 812 ἀπὸ
1434 765 1590 828 Τροίας

307 836 604 894 ἀνακομισαμε
597 833 691 879 ἰνιιν
725 832 1032 897 περιπλέοντας
1071 832 1280 890 Μαλέαν,
1304 830 1452 877 ἔπειτα
1485 849 1567 893 χει-

308 908 417 966 μῶνι
453 905 580 969 βιαίω
615 904 983 971 καταληφθέντας,
1012 903 1117 957 τέως
1150 903 1225 966 μὲν
1249 902 1332 948 ὑπὸ
1355 905 1438 948 τΓον
1462 919 1587 947 πνευ-

308 978 454 1025 μάτων
478 978 732 1044 φερομένους
753 979 952 1041 πολλαχῆ
975 982 1047 1023 τοῦ
1077 976 1287 1037 πελάγους
1315 975 1587 1031 πλανᾶσθαι,

305 1052 643 1104 τελευτῶντας
622 1071 642 1097 ο
684 1053 815 1097 ἐλθεῖν
850 1052 905 1102 εἰς
938 1068 1008 1096 τον
1034 1048 1162 1095 τόπον
1182 1051 1328 1093 τοῦτον
1352 1065 1428 1102 της
1451 1045 1585 1093 Ὀπι-

308 1128 405 1181 κῆς,
435 1123 476 1176 ὃς
501 1126 695 1170 καλεῖται
731 1122 918 1183 Λάτιον,
945 1122 1015 1168 ἐπι
1038 1124 1097 1184 τῷ
1131 1121 1386 1183 Τυρρηνικῳ
1407 1117 1586 1181 πελάγει

306 1195 519 1258 κείμενος·
553 1194 758 1255 ἀσμένους
783 1194 826 1240 δὲ
854 1193 929 1250 τὴν
960 1197 1039 1253 γῆν
1065 1191 1256 1252 ἰδόντας,
1285 1188 1515 1236 ἀνελκύσαι
1539 1209 1586 1236 τε

304 1266 379 1321 τας·
398 1272 497 1320 ναῧς
524 1268 666 1313 αὐτόθι
700 1267 771 1312 καὶ
802 1267 1019 1329 διατρῖψαι
1047 1263 1125 1321 τὴν
1161 1260 1411 1327 χειμερινὴν
1444 1259 1584 1326 ὥραν,

303 1339 756 1427 παρασκευαζομένους
794 1338 912 1403 ἔαρος
953 1335 1194 1401 ἀρχομένου
1233 1337 1378 1381 πλεῖν·
1415 1335 1584 1399 ἐμπρη-

305 1412 526 1458 σθεισῶν
503 1411 545 1457 οὲ
572 1414 698 1457 αὐτοῒ
685 1431 716 1463 ,ς
744 1410 824 1456 ὑπὸ
852 1408 985 1456 νύκτα
1017 1411 1103 1455 τῦν
1126 1409 1267 1465 νηῶν,
1303 1407 1380 1453 οὐκ
1405 1406 1584 1469 ἔχοντας

302 1484 415 1538 ὅπως
426 1484 684 1539 ποιήσονται
707 1503 784 1540 την
809 1482 1018 1546 ἄπαρσιν,
1046 1479 1321 1545 ἀδουλήτῳ
1299 1479 1380 1527 ανά
1383 1499 1468 1543 γκῃ
1487 1478 1584 1534 τους

305 1556 419 1618 βίους
457 1569 499 1602 εν
524 1560 559 1619 ‹J›
590 1554 869 1617 κατήχθησαν
877 1553 1036 1639 Νςχωρίι)
1062 1551 1340 1615 ἱδρύσασθαι·
1361 1551 1582 1613 συμὸἧναι

302 1628 345 1675 δὲ
371 1630 511 1681 αυτοῖς
530 1633 653 1675 τοῦτο
674 1626 742 1673 διὰ
772 1630 973 1687 γυναῖκας
994 1621 1317 1689 αἰχμαλώτους,
1351 1623 1401 1678 ἃς
1428 1623 1580 1689 ἔτυχον

301 1700 510 1764 ἔχοντεςέ
493 1720 533 1754 ,ς
516 1700 681 1747 ζἸλίου
697 1697 882 1760 ,ταύτας
906 1697 949 1744 δὲ
977 1714 1248 1743 κατακαυσαι
1271 1694 1327 1742 τὰ
1350 1697 1481 1744 πλοῖα
1506 1716 1582 1760 φο-

301 1772 509 1833 ὅουιιένας
533 1791 609 1828 την
627 1771 768 1817 οικαδε
788 1771 971 1833 Ἀχαιῶν
991 1769 1198 1833 ἄπαρσιν,
1222 1771 1280 1821 ὡς
1306 1771 1363 1822 εἷς
1385 1769 1580 1817 δουλείαν

301 1846 568 1909 ἀφιξομένας.
591 1847 653 1891 Cf.
683 1846 903 1889 llellanici
931 1844 988 1889 fi.
1019 1843 1094 1887 53.

885 1923 989 1975 243.

363 2006 478 2046 Plut
481 2005 592 2048 ιι(1ι.
620 2003 709 2060 Qu.
740 2004 876 2044 Rom.
906 2018 943 2045 c
969 2002 1014 2055 6,
1039 2018 1088 2060 p.
1123 2000 1234 2060 265,
1258 2003 1328 2044 B:
1364 2022 1382 2041 «
1420 1998 1503 2047 Διὰ
1538 2019 1579 2046 τι

295 2094 389 2127 τους
410 2093 460 2120 συ
464 2094 535 2136 γγε
540 2093 621 2126 νεις
641 2075 700 2118 τῶ
718 2071 900 2133 στόματι
917 2074 1108 2133 φιλουσιν
1132 2073 1175 2116 αἱ
1200 2074 1428 2134 γυναῖκες·
1416 2109 1428 2131 ,
1451 2094 1467 2112 υ
1487 2072 1579 2119 Πό-

294 2166 439 2221 τερον,
464 2151 518 2199 ὡς
552 2150 588 2194 οἱ
613 2147 803 2192 πλεῖστοι
825 2145 1095 2206 νομίζουσιν,
1119 2145 1405 2210 ἀπειρημένον
1431 2150 1484 2204 ἢν
1506 2145 1577 2193 πί-

289 2239 376 2265 νειν
396 2223 504 2265 οἰνον
526 2225 618 2274 ταῖς
652 2216 866 2280 γυναιξιν;
893 2215 1005 2270 ὅπως
1033 2221 1104 2264 οὖν
1126 2222 1302 2264 πιοῦσαι
1330 2215 1390 2280 μὴ
1416 2218 1576 2266 λανθά-

291 2311 440 2349 νωσιν,
460 2292 540 2336 ἀλλ
544 2289 854 2353 ἐλέγχωνται,
872 2309 1263 2355 περιτυγχανουσαι
1281 2310 1373 2345 τοις
1390 2290 1576 2354 οἰκείοις,

291 2364 489 2426 ἐνομίσθη
511 2363 789 2426 καταφιλεῖν·
777 2400 789 2422 ,
815 2362 841 2419 ἢ
869 2363 921 2408 δι’
957 2362 1008 2420 ἣν
1032 2361 1331 2427 Ἀριστοτέλης
1361 2366 1384 2410 ὁ
1404 2363 1577 2429 φιλόσο-

291 2455 362 2501 φος
399 2436 538 2483 αἰτίαν
575 2434 799 2499 ιστόρη·κε
839 2435 887 2482 τὸ
913 2434 1009 2501 γὰρ
1043 2434 1391 2500 πολυθρύλλητον
1439 2436 1576 2481 ἐκεῖνο

287 2510 359 2557 καὶ
394 2510 614 2574 πολλαχοῦ
654 2507 850 2570 γενέσθαι
886 2507 1144 2572 λεγόμενον,
1168 2511 1224 2562 ὡς
1265 2507 1425 2565 ἔοικεν,
1455 2508 1574 2555 ε’τολ·

291 2582 404 2642 υ.ήθη
439 2600 509 2628 και
542 2587 636 2634 ταῖς
671 2580 850 2644 Γρωάσι
882 2580 980 2645 περὶ
1011 2579 1087 2637 τὴν
1112 2580 1323 2630 Ἰταλίαν.
1351 2582 1452 2628 Τῶν
1490 2578 1574 2645 γὰρ

290 2654 477 2718 ἀνδρῶν,
522 2656 577 2705 ὡς
588 2652 966 2732 προσέπλευσαν,
1003 2653 1290 2713 ἀποοάντων,
1328 2652 1568 2736 ἐνέπρησαν

289 2719 341 2764 τὰ
362 2719 463 2764 πλῒο
449 2738 514 2775 α,
539 2717 708 2772 πάντως
741 2720 1046 2783 ἀπαλλαγηναι
1081 2739 1157 2777 της
1181 2719 1397 2777 πλάνης
1374 2736 1417 2766 οε
1420 2718 1573 2779 όμεναι

289 2810 361 2837 και
383 2794 457 2847 τ’ἧς
490 2790 722 2848 θαλάττης·
750 2790 1000 2855 φοὸηθεισαι
1025 2791 1069 2838 δὲ
1103 2790 1202 2846 τους
1223 2791 1400 2856 ἄνδρας,
1427 2789 1569 2848 ἠσπά-

569 2930 898 2977 lNSTlTUTA
935 2932 1310 2980 BARBARICA.

635 3054 946 3090 ROMANORUM
972 3057 1242 3092 INSTITUTA.

875 3134 977 3173 242.

340 3238 562 3277 Aristotcles
594 3239 844 3289 philosophus
886 3243 1119 3281 Achaeorum
1155 3244 1273 3293 Troja
1316 3241 1572 3282 redeuntium

289 3303 497 3342 inmnullos
528 3305 692 3342 Malfflm
734 3306 1133 3358 circumnavigantes‚
1169 3320 1296 3359 quum
1348 3308 1573 3348 vehementi

289 3370 518 3417 tmiipestatc
538 3370 865 3420 opprimerentur,
891 3384 959 3422 per
978 3374 1228 3423 aliquantum
1255 3373 1446 3424 temporis
1473 3385 1572 3413 ven-

291 3438 420 3473 lui-mn
439 3434 475 3471 vi
494 3434 572 3471 huc
593 3434 687 3473 illuc
707 3435 857 3476 delatos
873 3449 940 3487 per
965 3450 1073 3479 mare
1089 3442 1249 3491 vagatos
1279 3451 1386 3491 esse,
1411 3439 1573 3479 tandem

291 3510 382 3538 vcro
401 3498 551 3538 venisse
580 3499 619 3536 iu
652 3510 742 3538 eum
767 3502 899 3551 opicae
927 3503 1080 3553 locum,
1112 3506 1183 3555 qui
1202 3507 1369 3545 vocatur
1387 3505 1572 3555 Latium,

288 3564 336 3603 ad
354 3574 461 3603 mare
477 3562 595 3602 situm
612 3566 906 3614 Tyrrhenicum.
927 3571 1047 3608 Terra
1069 3573 1279 3622 conspecta
1300 3572 1416 3611 laetos
1450 3582 1572 3612 naves

287 3629 540 3678 summisisse,
563 3629 695 3679 ibique
720 3630 856 3671 hiemis
868 3634 1139 3683 tempestatem
1163 3637 1395 3687 transegisse
1410 3667 1421 3686 ,
1446 3639 1492 3677 ut
1507 3648 1571 3677 ve-

288 3693 340 3731 ris
374 3692 486 3734 initio
514 3693 805 3742 navigationem
836 3700 1090 3737 resumerent.
1123 3701 1296 3739 incensis
1331 3712 1426 3740 vero
1452 3703 1571 3741 noctu

288 3758 472 3805 navibus,
493 3769 617 3807 quum
646 3758 835 3807 proticisci
857 3771 933 3799 non
959 3766 1114 3812 possent
1128 3794 1138 3812 ,
1161 3765 1391 3805 necessitate
1414 3768 1574 3806 coactos

286 3832 369 3861 esse
395 3824 438 3860 ut
460 3822 552 3861 vitm
569 3821 702 3861 sedem
726 3822 764 3861 in
793 3823 890 3862 locis
907 3825 1010 3873 istis,
1035 3838 1113 3875 quo
1128 3829 1374 3878 appulerant,
1392 3830 1570 3879 figerent.

289 3888 370 3925 lloc
386 3886 521 3924 autem
547 3885 592 3923 iis
608 3884 796 3924 accidisse
823 3886 997 3926 facinore
1022 3890 1258 3940 mulierum,
1282 3903 1382 3942 quas
1397 3894 1574 3944 captivas

285 3959 417 3987 secum
435 3960 456 3986 e
478 3949 594 3997 Troja
614 3948 822 3988 «linxerant.
854 3953 926 3988 Eas
947 3952 1052 3990 enim
1071 3954 1195 4002 ignem
1213 3956 1380 3995 navibus
1396 3957 1573 4006 injecisse

285 4012 466 4051 timentes
492 4014 722 4052 servitutem
746 4024 859 4062 ιμιιιι,
890 4015 1053 4053 reversis
1072 4015 1235 4056 ‹lorrmm
1267 4020 1443 4068 Achaeis,
1472 4021 1573 4071 ipsas

282 4079 478 4115 uranici-et.

876 4148 976 4188 243.

1198 276 1605 324 ARISTOTELlS
1655 277 1872 325 FRAGM
1887 278 2064 324 ENTA.

1622 389 1636 889 l

1577 891 1627 1330 l

1615 1331 1622 1639 ι

1571 1642 1678 2131 Ι»

1607 2141 1618 2635 J

1615 2818 1618 2821 <
1648 2787 1848 2850 νομίμοις
1863 2806 1872 2815 ·
1894 2809 1912 2828 «
1934 2787 1991 2833 Οἱ
2014 2785 2057 2831 δὲ
2077 2785 2293 2851 Τυρρηνοὶ
2312 2786 2531 2834 δειπνοῦσι
2554 2785 2664 2850 μετὰ
2686 2790 2774 2836 τῶν
2802 2807 2928 2852 γυναι

333 4219 476 4259 Quare
493 4216 693 4254 numeros
711 4216 851 4255 osculo
868 4217 1064 4257 salumn!
1080 4222 1276 4267 coenatos
1293 4231 1389 4259 suos
1403 4227 1424 4260 Ρ
1449 4225 1507 4261 An
1530 4224 1569 4262 i‹l
1609 4252 1613 4261 ,

1672 386 1792 438 ζοντο
1815 404 1862 430 τι
1854 403 1898 428 )ν
1928 380 1979 429 συ
1982 384 2143 446 γγενῶν
2168 381 2242 429 καὶ
2266 383 2455 444 οἰκείων,
2477 385 2588 446 μετα
2607 405 2682 434 του
2704 371 2973 455 καταφιλεῖν1

1670 455 1744 502 καὶ
1766 454 2123 520 περιπλέκεσθαι,
2152 453 2250 510 τους
2272 457 2692 521 προστυγχάνοντας.
2715 462 2979 526 Παυσαμέ.

1670 547 1752 574 νων
1784 528 1827 573 δὲ
1859 531 1934 584 τῆς
1950 529 2078 590 ὀργης
2097 525 2172 574 καὶ
2205 527 2550 593 διαλλαγέντων,
2571 533 2764 624 ἐχρῶντο
2787 533 2862 582 καὶ
2876 554 2959 585 του

1668 600 1819 644 λοιπου
1842 598 1978 662 ταύτη
2003 603 2055 663 τῇ
2077 599 2364 665 φιλοφροσύνῃ
2390 601 2496 666 πρὸς
2517 604 2703 659 αὗτούςρ
2955 651 2963 655 „

1738 668 2002 730 «Equidem
2012 688 2120 716 cum
2132 672 2397 719 doctissimo
2406 676 2695 722 Niebuhrio
2681 695 2731 724 ln
2746 680 2963 730 Romana

1668 744 1868 788 Historia
1894 743 1961 804 (Ι,
1983 760 2034 803 p.
2059 745 2147 806 20)
2181 747 2350 803 credo,
2376 749 2674 795 Alistotelem
2695 767 2795 797 uon
2816 753 2963 804 fusius‘
3014 767 3015 770 ’

1665 816 1724 859 de
1743 818 2068 861 Romanorum
2100 818 2242 863 rebus
2259 821 2511 880 scripsisse,
2533 823 2615 868 sed
2625 825 2861 899 quasdam
2877 839 2962 873 σου·

1664 888 1761 931 lum
1799 904 1964 932 eorum
2001 886 2124 951 leges
2161 907 2409 952 moresque
2445 895 2496 938 in
2535 911 2705 957 magna
2741 898 2823 944 illa
2852 901 2957 947 Re-

1662 962 2065 1020 rumpublicarum
2081 965 2361 1011 collectione
2382 967 2652 1025 tradidisse,
2681 971 2816 1030 quod
2833 971 2958 1019 duo-

1660 1031 1747 1075 bus
1769 1033 1840 1076 his
1862 1032 2129 1094 fragmentis
2153 1046 2199 1080 et
2215 1033 2452 1099 Ῥωμαίων
2476 1037 2705 1102 Νομίμοις.
2711 1042 2969 1107 aMexi'agii.⁴

1660 1106 1911 1165 Anonymo
1935 1107 2156 1164 laudatis,
2181 1111 2351 1168 quibus
2370 1114 2643 1172 neutiquam
2662 1115 2829 1161 lectori
2844 1118 2972 1178 illu-,j
3012 1149 3014 1151 »

1661 1176 1773 1222 dere
1793 1178 1997 1236 videtur,
2022 1189 2076 1224 ut
2092 1180 2309 1227 Fabricio
2330 1184 2452 1231 Bibl.
2482 1185 2563 1232 Gr.
2585 1188 2736 1245 111.7,
2757 1195 2973 1250 p.19l1·,‘⁴
3011 1178 3013 1182 ⁴

1657 1250 1856 1308 placuit,
1878 1254 1984 1296 satis
1996 1262 2062 1297 est
2086 1263 2302 1313 apertum
2315 1259 2692 1318 etperspicuum.
2713 1260 2784 1308 Cf.
2811 1262 2952 1309 Buhl.
2959 1270 2965 1286 ³
3011 1294 3013 1297 -

1658 1323 1729 1366 De
1783 1323 2041 1383 deperditis
2095 1328 2233 1374 Arist.
2289 1331 2470 1390 scriptis
2523 1342 2779 1378 comment.
2835 1335 2925 1383 XV
2938 1333 2965 1392 ,’
3008 1380 3013 1391 ,

1657 1411 1707 1453 p.
1738 1412 1846 1444 120.
1881 1419 1899 1436 »
1926 1400 2190 1444 Neamann.

2243 1492 2359 1540 244

1723 1583 1957 1631 Plutarch.
1969 1579 2166 1633 ‘CamilL
2191 1603 2234 1633 c.
2264 1603 2362 1631 22·
2393 1584 2690 1650 Ἀριστοτέλης
2717 1586 2755 1636 δ’
2781 1590 2951 1655 aquid-

1657 1672 1784 1719 σοφος
1815 1654 1865 1702 τὸ
1898 1654 1976 1716 μὲν
1998 1657 2163 1704 ἁλῶναι
2185 1657 2266 1716 τὴν
2301 1657 2386 1705 πο)
2390 1678 2426 1706 ιν
2451 1659 2743 1722 (Ιὶοιιιιιιιι)ε
2725 1661 2810 1710 υπὸ
2834 1665 2950 1712 Κελ-

1655 1747 1741 1774 των
1766 1727 1955 1820 ἀκριῆοις
1984 1729 2111 1788 δῆλός
2146 1732 2262 1779 ἐστιν
2299 1731 2526 1799 ἀκηκοὼς,
2554 1732 2628 1781 τὸν
2666 1732 2711 1781 δὲ
2746 1733 2950 1784 σώσαντα

1657 1800 1882 1848 Λεύκιονε
1866 1805 1975 1849 εἶναι
1999 1803 2152 1867 φησίν·
2182 1807 2234 1862 ἠν
2255 1802 2300 1850 δὲ
2322 1802 2521 1870 Μάρκος,
2539 1807 2588 1853 οὐ
2609 1805 2794 1862 Λεύκιος
2809 1811 2832 1856 ὃ
2851 1808 2953 1857 Κά-

1651 1874 1823 1935 μιλλος

2247 1965 2366 2026 1245.

1720 2075 1868 2117 Varro
1885 2075 1955 2119 De
1976 2074 2088 2134 ling.
2117 2074 2197 2120 lat.
2219 2075 2331 2130 VII,
2358 2074 2386 2134 §
2416 2090 2501 2132 70,
2528 2090 2578 2134 p.
2606 2074 2694 2121 351
2723 2062 2958 2136 (Turnelu

1654 2146 1722 2188 ad
1734 2145 1927 2208 luctum)
1953 2161 1965 2192 :
1989 2146 2211 2206 Praefica,
2241 2156 2294 2190 ut
2314 2148 2522 2190 Aurelius
2537 2147 2715 2202 scribit,
2743 2150 2955 2195 muliera

1655 2219 1754 2262 ἰιιῖεο
1781 2235 1888 2278 quoe
1911 2221 2245 2274 conduceretur,
2289 2235 2394 2279 quoe
2427 2228 2537 2262 ante
2566 2217 2751 2265 domum
2787 2227 2954 2267 mortui

1655 2292 1815 2335 laudes
1834 2297 1933 2350 ejus
1950 2303 2150 2339 caneret.
2168 2293 2264 2335 Hoc
2262 2290 2542 2353 factitatum
2559 2294 2823 2338 Aristoteles
2839 2298 2957 2341 scri·

1653 2365 1720 2408 bit
1736 2370 1784 2408 in
1802 2366 1915 2409 libro
1932 2369 2008 2425 qui
2024 2365 2284 2414 inscriIn'tur
2297 2366 2349 2410 N
2345 2342 2509 2426 emeda
2513 2366 2788 2413 Barbarica.

2025 2500 2302 2539 ΤΥΡΡΗΝΩΝ
2329 2499 2548 2538 ΝΟΜΙΜΑ.

2188 2627 2193 2634 ’
2248 2604 2385 2660 246(

1721 2690 1966 2760 Athenaeus
1980 2717 2022 2774 Ι,
2045 2731 2096 2774 p.
2114 2714 2204 2772 23,
2221 2718 2264 2760 D
2289 2731 2299 2759 :
2328 2713 2626 2779 Ἀριστοτέλης
2650 2716 2693 2762 ἐν
2713 2701 2950 2780 Τυρρηνῶτν

1648 2925 1899 2966 sentiendum
1921 2926 1980 2964 est
1995 2924 2102 2975 quod
2120 2924 2318 2974 plerisque
2343 2924 2565 2974 probatur?
2593 2923 2854 2965 interdictum
2875 2936 2901 2965 u

1650 2991 1731 3030 vini
1746 2990 1978 3031 mulieribus
1993 2990 2136 3038 fuisse3
2153 2999 2201 3028 ac
2219 2988 2384 3039 proinde
2397 3000 2447 3028 ne
2462 2989 2586 3030 latere
2600 2991 2731 3040 posset
2756 2987 2882 3042 siqua
2897 2990 2935 3030 vi

1651 3066 1750 3094 num
1778 3054 1961 3103 bibisset,
1977 3053 2049 3093 sed
2067 3064 2092 3093 a
2118 3052 2379 3104 familiaribus
2397 3053 2500 3092 inter
2519 3064 2775 3104 congressum
2801 3053 2923 3105 depre

1651 3118 1908 3165 lienderetur,
1929 3116 2138 3158 osculandi
2159 3127 2311 3156 morem
2330 3115 2451 3156 fuisse
2478 3115 2734 3157 institutum?
2760 3122 2822 3159 An
2847 3129 2944 3158 vero

1650 3193 1772 3234 quam
1795 3182 1912 3222 affert
1931 3181 2162 3222 Aristoteles
2180 3180 2436 3231 philosophus
2454 3191 2616 3220 causam
2627 3210 2639 3231 ,
2656 3191 2704 3221 ea
2723 3181 2922 3233 recipiend
2932 3209 2936 3216 -

1649 3249 1736 3287 est?
1758 3246 1801 3287 ld
1822 3245 1929 3286 enim
1952 3244 2060 3295 quod
2081 3245 2186 3284 sama
2205 3244 2484 3295 pervulgatum
2501 3245 2584 3295 est,
2607 3245 2829 3296 multisque
2848 3245 2938 3286 loc·

1649 3311 1872 3359 ascribitur,
1895 3309 2048 3348 facinus
2069 3308 2293 3358 Troadum,
2316 3307 2368 3348 ab
2391 3308 2438 3351 iis
2457 3308 2498 3347 in
2530 3308 2641 3349 ltalia
2671 3310 2901 3360 perpetratu

1651 3375 1739 3415 suit.
1766 3378 1866 3415 Nam
1892 3373 1947 3413 ibi
1970 3383 2097 3423 quum
2125 3373 2214 3423 post
2231 3372 2395 3412 navium
2414 3372 2628 3422 appulsum
2638 3372 2717 3413 viri
2731 3374 2863 3414 essem
2880 3373 2918 3413 d·

1648 3439 1792 3491 gressi,
1829 3438 2015 3478 mulieres
2037 3437 2168 3487 ignem
2204 3436 2373 3476 navibus
2397 3435 2641 3487 injecerunt,
2669 3437 2717 3477 ut
2745 3437 2898 3478 error-ih

1649 3503 2044 3556 finemjmponerent
2059 3512 2107 3541 ac
2132 3501 2373 3552 navigationi
2392 3515 2403 3540 ε
2419 3500 2561 3545 deinde
2583 3501 2658 3542 sibi
2683 3502 2907 3543 metuentes

1650 3568 1823 3618 maritis,
1841 3567 2030 3617 cognatos
2052 3567 2094 3605 et
2118 3564 2355 3614 familiares,
2380 3567 2426 3603 ut
2452 3559 2620 3615 'quisque
2645 3574 2688 3605 se
2716 3564 2900 3607 obtulerit
2920 3558 2922 3561 ’

1649 3642 1742 3671 cum
1774 3631 1912 3671 suavio
1933 3631 2026 3671 sunt
2047 3629 2265 3679 amplexae3
2301 3627 2441 3678 iraque
2452 3626 2632 3678 placata,
2649 3629 2697 3668 ut
2717 3627 2760 3668 in
2775 3638 2847 3680 gra
2887 3645 2890 3663 :
2915 3654 2918 3661 .

1650 3696 1724 3735 snit
1742 3695 1912 3736 reditum
1929 3723 1940 3743 ,
1961 3693 2038 3732 lioc
2053 3691 2195 3731 deinde
2209 3690 2267 3731 eis
2286 3689 2513 3731 blandiendi
2535 3702 2660 3742 genus
2674 3692 2851 3734 retinuer
2891 3691 2925 3749 Α·

2259 3767 2345 3808 245
2353 3797 2362 3807 .

1701 3838 1932 3879 Aristoteles
1947 3835 2204 3888 philosophus
2230 3836 2386 3885 captam
2408 3844 2433 3873 a
2447 3835 2570 3875 celtis
2585 3845 2670 3876 esse
2689 3837 2858 3876 Romam

1648 3905 1711 3944 cte
1733 3901 1896 3954 quidem
1917 3901 2082 3951 accepit,
2097 3899 2342 3939 servatorem
2356 3899 2489 3938 autem
2506 3898 2617 3939 urbis
2631 3899 2797 3948 Lucium
2818 3899 2863 3940 di
2877 3926 2889 3943 2
2901 3899 2919 3961 'J

1648 3981 1773 4020 quum
1795 3971 1952 4008 Marcus
1972 3968 2095 4015 esset,
2115 3975 2196 4005 non
2226 3965 2370 4005 Lucius
2392 3963 2598 4004 camillus.

1955 4051 2334 4093 Τιίιιιιιιῑιιοιιυιι
2363 4028 2634 4088 rasurum.

2243 4143 2345 4183 246.
2851 4182 2895 4202 -.-

1700 4221 1928 4263 Aristoteles
1953 4220 1993 4260 in
2017 4219 2312 4270 Tyrrhenorum
2334 4216 2528 4259 lnstitntis
2550 4233 2560 4258 ι
2585 4233 2606 4253 ιι
2635 4203 2863 4265 ἰ’γιϊ1ιοιιίῑιν
2891 4257 2901 4262 ⁴
