3008 4542
1270 215 1434 264 FRAG
1442 216 1487 263 M
1497 216 1571 263 EN
1577 215 1676 263 TA.

2671 223 2763 267 5⁴3

139 331 269 377 tertia
304 328 534 384 Africani,
577 342 660 372 nec
690 326 787 370 ullo
831 325 974 369 verbo
1019 324 1267 380 indicetur,
1301 339 1414 367 num
1488 322 1737 383 Καιχῶος
1756 337 1792 368 s.
1822 319 2060 383 Καιέχως),
2087 320 2156 367 ὅτε
2179 320 2251 368 καὶ
2275 317 2440 374 eumq
2465 320 2764 378 καὶδΜνεῦις,

46 1102 49 1107 ’
137 1122 256 1167 quos
269 1107 375 1150 loco
395 1122 478 1151 suo
490 1115 642 1150 motos
651 1107 866 1163 vidimus,
879 1123 935 1151 ex
943 1108 1153 1152 Bunsenji
1167 1108 1424 1151 rationibus

72 1184 93 1202 '¹
137 1194 234 1228 non
251 1193 338 1223 esse
358 1188 614 1238 postremos
652 1178 868 1237 dynastiae
885 1179 1114 1234 secundae,
1138 1179 1215 1223 sed
1247 1180 1425 1238 primos

139 1251 356 1311 dynastiae
379 1252 535 1307 tertiae,
561 1250 723 1296 deinde
740 1267 849 1295 vero
871 1267 1015 1295 annos
1029 1257 1141 1307 224,
1165 1267 1283 1310 quos
1292 1254 1425 1311 prio-

79 1315 85 1366 s
138 1323 269 1368 ribus
282 1331 449 1383 septem
485 1323 670 1383 regibus
700 1323 812 1382 dyn.
851 1326 899 1368 Π
933 1324 1176 1369 Africanus
1210 1326 1424 1384 assignat,

63 1410 71 1415 ¹
139 1398 312 1456 egregie
337 1395 564 1454 quadrare
591 1404 633 1439 et
656 1411 762 1439 cum
790 1396 1016 1440 laterculis
1033 1396 1368 1456 EratostheniS,
1385 1407 1427 1440 et

91 1485 92 1488 ¹
140 1481 247 1511 cum
267 1475 487 1526 computo
505 1467 790 1511 Manethonis
805 1467 998 1525 cyclico,
1018 1465 1072 1510 de
1092 1482 1187 1524 quo
1206 1468 1255 1510 in
1277 1469 1427 1511 intro-

74 1537 90 1593 (
141 1537 359 1582 ductione
389 1539 696 1597 exposuimus.
723 1538 873 1595 Quare
909 1553 997 1596 pro
1021 1553 1099 1593 ea,
1127 1553 1267 1596 quam
1302 1554 1427 1583 nunc

83 1669 90 1673 μ
140 1609 382 1654 Africanus
406 1619 449 1654 et
463 1611 680 1654 Eusebius
702 1610 915 1654 exhibent
938 1611 1279 1669 computatione
1294 1612 1430 1654 exsti—

141 1677 240 1726 'tisse
263 1682 448 1726 alteram
470 1697 657 1740 eamque
690 1683 998 1740 antiquiorem
1014 1716 1025 1737 ,
1052 1698 1103 1726 ex
1129 1697 1220 1740 qua
1246 1683 1431 1725 nonnisi

44 1767 49 1802 ἰ
143 1757 236 1804 224
252 1753 359 1796 anni
370 1753 579 1811 secunda?
593 1753 807 1811 dynastiae
823 1754 990 1797 tributi
1009 1755 1113 1809 sint,
1126 1755 1351 1800 existimo.
1365 1778 1431 1788 —-

55 1835 87 1870 ⁴52·
141 1825 197 1868 In
216 1839 392 1883 summa
409 1839 638 1868 annorum
657 1823 748 1868 302
774 1840 880 1868 cum
903 1825 1120 1869 Africano
1141 1826 1315 1869 faciunt
1338 1827 1433 1870 Ex-
1477 1828 1479 1830 ’

144 1903 299 1954 cerpta
321 1895 564 1939 Barbara:
582 1897 901 1956 Regnaverant
919 1906 967 1939 et
995 1898 1190 1940 aliorum
1224 1907 1323 1949 octo
1351 1913 1429 1942 an.

48 1973 81 1992 hl»
81 1973 85 1983 ι

42 3911 44 3915 ,
64 3866 110 3918 -’.

57 3531 60 3544 ,
111 3533 114 3535 Α

65 4115 77 4163 J
105 4110 114 4154 ἶ
172 4119 329 4166 sthene
352 4136 596 4168 commune
624 4138 732 4168 esse.

43 1993 90 2036 {mli
145 1966 267 2012 CCC
274 1969 342 2013 ll
367 1969 484 2011 Ante
504 1982 667 2011 vocem
705 1977 752 2011 et
777 1983 946 2012 nomen
985 1969 1126 2027 primi
1147 1969 1265 2027 regis
1305 1969 1432 2012 exci-

130 2035 260 2084 disse
281 2047 397 2099 puto
420 2037 435 2100 (
445 2036 763 2086 Ἐὅασίλευσαν
790 2037 931 2100 [Καιε
922 2037 1050 2101 ’χως]
1083 2057 1156 2084 και
1175 2038 1297 2084 ἄλλοι
1317 2036 1404 2100 η’.)

749 2174 796 2218 9.

550 2281 1029 2338 SEC.EUSEB1UM.

139 403 270 448 tertia
299 402 384 445 ista
407 400 615 460 dynastia
639 398 842 444 Africani
865 398 922 440 sit
966 412 1025 442 an
1045 397 1226 440 Eusebii
1241 430 1253 451 ,
1277 396 1417 440 verba
1490 390 1599 438 ἀλλὰ
1622 391 1695 438 καὶ
1722 394 1744 437 ὃ
1769 391 2005 448 Μενδήσιος
2029 392 2182 453 τράγος
2201 393 2284 439 θεοι
2302 393 2599 454 ἐνομίσθησαν.

79 490 81 494 ⁴
141 474 238 519 haee
268 473 614 530 inscriptionem
648 470 808 529 capitis
843 469 1069 526 sequentis
1097 467 1229 512 fuisse
1266 476 1413 526 putes,

76 531 81 562 3
134 539 271 597 ejecta
287 537 454 580 scilicet
466 551 576 580 voce
592 535 808 597 δευτέραν,
827 549 947 592 quae,
963 541 1175 576 monente
1196 532 1416 576 Boeckhio

105 643 109 649 .
134 623 186 671 p.
210 622 324 663 122,
340 606 470 650 facile
491 607 633 666 repeti
657 621 709 650 ex
722 604 1096 648 antecedentibus
1110 612 1306 662 poterat.
1327 605 1417 648 Ve-

97 726 101 730 ,
135 693 243 725 rum
269 687 324 723 ut
355 679 543 722 titulum
571 677 846 721 nanciscaris
861 677 1168 734 sequentium,
1200 689 1294 718 una
1324 689 1418 718 vox

82 740 97 809 [ζ
136 745 386 814 Ἀφρικανοῦ
401 747 590 804 sufficit3
608 763 747 807 quam
762 755 960 807 repetere
975 748 1190 791 librarius
1212 746 1419 806 neglexe-

92 811 94 815 ’
135 822 212 868 rit.
230 820 390 867 Verbis
409 827 560 864 autem
577 816 690 864 κατὰ
709 817 787 874 τὴν
812 816 1014 882 δευτέραν
1045 816 1209 864 ἔκδοσιν
1244 818 1420 863 subesse

92 908 98 925 ³
135 891 314 951 aliquid
336 891 467 950 quod
487 906 573 935 nos
615 890 711 949 jam
733 891 857 946 latet,
898 892 1122 950 suspicari
1161 892 1281 937 licet.
1308 892 1421 936 Sane

74 977 91 1022 ᾗ
136 963 246 1009 alibi
269 963 484 1022 nuspiam
500 962 733 1022 Syncellus
746 962 934 1007 alteram
953 962 1161 1008 Africani
1177 963 1327 1021 operis
1349 978 1422 1007 re-

136 1036 390 1081 censionem
405 1043 641 1080 memorat.
662 1036 724 1079 At
744 1035 915 1078 mirum
935 1044 998 1079 est
1017 1034 1134 1078 duos
1151 1036 1259 1078 istos
1276 1049 1419 1095 reges,

1553 462 1610 528 γ’.
1649 462 1899 525 Βιόφις,’
1882 465 1945 527 εφ’
1973 467 2018 508 οὖ
2045 463 2187 527 ἐκρίθη
2208 483 2282 510 και
2313 464 2387 518 τὰς
2409 471 2635 549 thot‘utozen
2643 467 2769 528 βασι-

1489 534 1604 588 λείας
1632 533 1758 598 γέρας
1784 533 1915 596 ἔχειν
1947 533 2034 580 Καὶ
2067 553 2119 594 με
2121 533 2175 580 τὰ
2209 534 2379 589 τούτους
2401 537 2523 583 ἄλλοι
2542 539 2667 599 τρεῖς,
2702 535 2769 599 ἐφ’

1489 610 1546 653 ὧν
1571 605 1688 654 οὐδὲν
1712 606 1972 670 παράσημον
2002 606 2183 667 ἐγένετο.

1559 678 1612 733 ζ.
1653 677 1760 725 Ἐπι
1786 675 1831 723 δὲ
1869 695 1944 723 του
1966 676 2148 738 ἑὸδόμου
2173 677 2397 739 μυθεύεται
2416 678 2485 726 τὸν
2512 681 2661 727 Νεῖλον
2689 677 2769 740 μέ-

1492 751 1577 796 λιτι
1600 747 1862 813 κεκραμένον
1881 748 2063 812 ἡμέραις
2085 746 2235 795 ἕνδεκα
2264 751 2432 812 ῥυῆναι.

1556 821 1617 879 η’.
1632 823 1740 868 Μεθ’
1758 819 1802 867 ὃν
1818 818 1884 868 Σέ
1899 838 2010 883 σωχ
2023 838 2044 884 ρ
2059 839 2072 866 ι
2085 839 2104 872 ς
2118 819 2658 882 μη’,-,ὃςλέγεταιγεγονε’ναι
2672 818 2772 883 ὕψος

1493 891 1602 957 ἔχων
1625 895 1779 955 πηχῶν
1797 890 1846 951 ε’,
1859 893 2111 938 παλαιστῶν
2136 891 2175 954 γ’
2200 892 2248 937 τὸ
2262 890 2434 954 μέγεθος
2452 891 2640 953 [πλάτος
2658 909 2721 936 m.
2740 891 2771 952 ].

1559 964 1613 1012 θ’.
1652 963 1756 1012 Ἐπὶ
1781 962 1825 1011 δὲ
1848 968 1923 1011 τοῦ
1944 962 1979 1012 θ’
1999 964 2117 1010 οὐδὲν
2145 963 2527 1026 ἀξιομνημόνευτον
2567 965 2773 1025 ὑπῆρχεν.

1491 1031 1553 1086 Οἳ
1567 1035 1640 1083 καὶ
1659 1035 1940 1083 ἐὸασίλευσαν
1957 1034 2030 1093 ἔτη
2058 1038 2124 1100 ,σέ
2149 1035 2201 1090 ζ’.

1561 1107 1700 1170 “Ομοῦ
1725 1107 1896 1172 πρώτης
1929 1107 2003 1154 καὶ
2039 1106 2236 1171 δευτέρας
2270 1105 2516 1159 δυναστείας
2558 1104 2631 1162 ἔτη
2671 1105 2774 1167 φμθ’

1496 1179 1608 1226 κατὰ
1637 1179 1715 1236 τὴν
1734 1179 1898 1225 ἔκδοσιν
1918 1177 2144 1226 Εὐσεὸίου.

1564 1251 1670 1300 Μεθ’
1705 1249 1750 1296 ὃν
1781 1248 2000 1312 Σέσωχρις
2025 1249 2144 1311 κτλ.]
2168 1252 2276 1295 Haec
2299 1265 2326 1294 a
2355 1250 2552 1294 librariis
2572 1258 2779 1307 transpo-

1497 1326 1579 1369 sita
1598 1325 1816 1384 leguntur
1834 1338 1884 1382 p.
1909 1326 1987 1379 57,
2002 1324 2059 1369 A.

2107 1444 2181 1475 10.

1557 1539 1736 1584 Euseb.
1778 1537 1951 1583 chron.
1989 1552 2040 1596 p.
2075 1539 2137 1596 96
2166 1551 2178 1583 ε
2205 1536 2415 1581 Secunda
2455 1537 2671 1594 dynastia
2712 1548 2781 1576 re-

1499 1626 1608 1669 gum
1631 1612 1729 1656 IX.

1566 1684 1750 1727 Primus
1786 1683 1982 1727 Bochus.
2017 1681 2110 1725 Sub
2136 1697 2189 1725 eo
2219 1696 2376 1740 specus
2405 1685 2563 1741 ingens
2596 1683 2787 1727 Bubasti

1501 1754 1702 1797 subsedit
1723 1755 1971 1813 multosque
1994 1754 2205 1796 mortales
2232 1752 2396 1799 hausit.

1567 1826 1683 1868 Post
1694 1840 1804 1869 eum·
1818 1826 2041 1879 Cechou53
2070 1826 2276 1883 idemque
2297 1823 2432 1887 (deb.
2453 1840 2538 1883 quo
2557 1835 2752 1885 tempore
2769 1824 2782 1886 )

1505 1899 1646 1956 Apis,
1679 1908 1725 1941 et
1741 1899 1918 1943 Mne'vis
1955 1907 2092 1957 atque
2129 1898 2391 1941 Mendesius
2427 1897 2576 1941 hircus
2596 1899 2666 1942 dii
2688 1913 2786 1944 esse

1499 1970 1798 2030 putabantur.
2601 1979 2603 1983 ⁴

1572 2043 1754 2086 Deinde
1785 2041 2001 2100 Biophis‚
2028 2041 2110 2084 sub
2139 2056 2225 2099 quo
2258 2041 2358 2098 lege
2385 2050 2600 2084 statutum
2626 2051 2714 2096 est,
2741 2052 2789 2084 ut

1494 2112 1701 2170 feminoe
1717 2129 1890 2173 quoque
1910 2116 2083 2172 regiam
2102 2113 2372 2169 dignitatem
2392 2113 2655 2157 obtinerent.

1577 2187 1689 2230 Tum
1724 2187 1806 2229 alii
1831 2196 1957 2244 tres,
2002 2200 2188 2244 quorum
2224 2194 2364 2227 oetate
2399 2185 2573 2226 nullum
2614 2188 2792 2242 insigne

1507 2255 1692 2306 facinus
1702 2267 1946 2317 patratum
1973 2266 2052 2301 est.

1571 2329 1666 2373 Sub
1689 2333 1882 2388 septimo
1917 2328 2103 2385 mythici
2125 2326 2447 2383 aiuntflumen
2478 2327 2635 2371 Nilum
2661 2327 2794 2368 melle

214 2395 413 2454 Synoen·
443 2410 490 2454 1)·
515 2392 596 2449 55
614 2397 710 2440 D·
738 2396 775 2441 Δ
788 2413 839 2440 δυ
852 2413 876 2440 ἰ’
889 2392 908 2440 ε’
922 2412 981 2458 ρΟι
1009 2394 1093 2440 &ov
1110 2412 1134 2439 α
1147 2412 1233 2440 στε
1247 2393 1260 2440 ί
1272 2413 1297 2439 α
1342 2396 1367 2457 β
1383 2412 1433 2439 α·
1506 2402 1649 2446 simul
1659 2411 1705 2445 et
1720 2399 2044 2460 aquaflimisse
2060 2400 2203 2442 unde‹
2206 2404 2267 2442 im
2291 2400 2462 2444 diebus,

49 2471 51 2475 ’
148 2463 382 2511 σιλέων’
364 2462 538 2510 εννέα.

217 2538 395 2600 Πρῶτος
432 2537 683 2599 Βωχος,’
665 2538 730 2600 εφ’
767 2540 815 2583 ου
847 2536 1010 2600 ’χάσμα
1049 2537 1162 2584 κατὰ
1185 2537 1432 2585 Βούὸαστον

59 2603 61 2605 ’
101 2604 103 2606 ’
151 2606 331 2671 ἐγένετο,
351 2607 426 2655 καὶ
441 2606 591 2654 πολλοὶ
604 2605 848 2654 ἀπώλοντο.

221 2680 327 2728 Μεθ’
356 2679 400 2727 ὃν
424 2678 499 2727 καὶ
537 2680 728 2744 δεύτερος
746 2682 892 2734 Χῶος
915 2680 1024 2745 (scr.
1052 2684 1144 2743 μεθ’
1170 2680 1215 2727 ὃν
1246 2681 1436 2745 δεύτερος

255 2979 357 3011 Ati-nc.
377 2986 396 3010 a
414 2987 508 3017 regg.
529 2987 581 3010 an.
602 2986 666 3010 τοι.
908 2981 987 3010 Eus.
1007 2982 1105 3018 Syne.
1123 2988 1142 3011 9
1160 2989 1252 3019 regg.
1274 2990 1316 3012 an
1336 2989 1401 3012 29⁷.

204 3139 248 3176 ’1.
279 3137 459 3177 Boethos.
919 3142 954 3177 ιν.
985 3123 1151 3178 Boehos.
1176 3193 1178 3195 ι
1206 3134 1207 3137 ’
1232 3123 1234 3126 ¹
1274 3116 1288 3126 Δ.

213 3217 250 3252 2.
280 3211 488 3252 Kaiechos.
918 3218 955 3252 2.
987 3215 1130 3252 Choos¹

212 3291 249 3327 3.
276 3287 487 3328 Binothris.
919 3294 956 3327 3.
987 3289 1158 3340 Biophis.

213 3366 251 3402 4.
279 3363 382 3402 Tlas.
919 3365 957 3402 4.

216 3443 253 3478 5.
282 3439 485 3479 Sethenes.
922 3448 958 3481 5.
1049 3441 1215 3480 Nomina

216 3519 255 3554 6.
284 3515 459 3554 Chaires.
921 3525 958 3559 6.
1023 3517 1274 3557 omittuntur.

216 3593 256 3631 7.
284 3590 591 3640 Nephercheres.
922 3595 959 3631 7.

181 3661 185 3673 ”
218 3669 254 3706 8.
282 3666 493 3706 saeochris.
925 3671 962 3706 8.
991 3668 1190 3707 Sesocbris
1351 3672 1400 3710 48

218 3746 258 3782 9.
286 3741 523 3783 chenneres.

923 3747 961 3783 9.
990 3745 1143 3783 Nomen
1161 3745 1290 3784 omitt.

221 4050 303 4108 Ex
326 4050 554 4096 laterculis
574 4060 701 4111 patet
722 4054 837 4098 nihil
861 4053 1133 4100 Manethoni
1159 4070 1265 4099 cum
1288 4056 1450 4098 Erato-

804 4127 906 4170 Huc
930 4127 1107 4171 aceedjt
1141 4127 1270 4186 quod
1303 4136 1452 4171 sextus

749 2882 924 2921 MANET
931 2882 1081 2920 1110le
1110 2883 1368 2922 DYNASTIA
1396 2885 1448 2923 11.

1495 2982 1573 3013 Eus.
1592 2983 1682 3012 Arm.
1705 2988 1723 3012 s
1739 2989 1833 3020 regg.
1854 2990 1908 3014 an.
1923 2989 1988 3014 29⁷.

1572 2474 1740 2517 Postea
1754 2472 1983 2516 Sesochris
1995 2475 2126 2514 annis
2133 2472 2371 2522 XLVIII,
2385 2485 2516 2528 quem
2533 2474 2664 2512 aiunt
2671 2472 2797 2527 quin·

1512 2559 1598 2604 que
1634 2545 1802 2588 cubitos
1821 2546 1985 2597 altum,
2023 2554 2112 2586 tres
2130 2552 2239 2586 vero
2253 2543 2435 2601 palmos
2458 2543 2596 2583 latum
2620 2543 2791 2596 juisse.

1573 2615 1666 2658 Sub
1674 2630 1792 2659 nono
1803 2616 1984 2658 tandem
1998 2618 2047 2656 ni
2050 2613 2079 2655 h
2085 2618 2101 2656 i
2105 2615 2124 2655 l
2128 2616 2347 2656 memoria
2356 2613 2542 2672 dignum
2552 2622 2700 2655 actum
2711 2620 2777 2654 est
2783 2642 2792 2652 .

1576 2687 1639 2745 Hi
1654 2696 1957 2747 regnaverunt
1973 2690 2108 2729 annis
2128 2685 2421 2730 CCXCVII.

2209 2882 2622 2921 ERATOSTHENES.

2318 2981 2410 3010 V1—
2426 2981 2510 3011 XIV.

1503 3145 1538 3180 1.
1567 3141 1734 3180 Boohus.
2103 3137 2332 3177 Momeheri.

1501 3221 1537 3255 2.
1569 3217 1764 3257 cechous.
2103 3213 2293 3254 Stoichos.

1499 3296 1536 3332 3.
1566 3292 1740 3342 Biophis.
2102 3289 2336 3329 Gosormies.

1502 3372 1539 3407 4.
2085 3351 2242 3482 περ..

1502 3379 1574 3636 5.}
1637 3442 1804 3482 Nomina
2104 3430 2107 3432 ’
2163 3440 2314 3496 oyphis.

1501 3524 1539 3559 6.
1605 3519 1859 3558 omittuntur.
2103 3516 2240 3555 Sicios.
2293 3565 2295 3567 ‚
2320 3502 2338 3554 .’

1502 3584 1539 3634 7.
1657 3572 1659 3575 .
1716 3647 1719 3651 ¹
1739 3593 1741 3596 ’
2105 3591 2293 3631 Chnubos
2317 3586 2507 3631 Gneuros.

1503 3674 1540 3709 8.
1570 3668 1782 3709 Sesochris.
1931 3670 1981 3708 48
2104 3668 2275 3723 Βθςοειε.

1503 3750 1543 3785 9.
1569 3748 1717 3785 Nomen
1742 3743 1872 3783 omitt.
2083 3730 2251 3793 Bigres.

1526 4069 1609 4099 rex
1641 4054 1954 4098 Eratosthenis
1987 4047 2308 4111 (Momcheiri)
2339 4046 2503 4090 diserte
2546 4042 2803 4100 appellatur

1528 4125 1813 4184 Memphim,
1850 4126 2067 4183 septimus
2102 4136 2211 4165 vero
2246 4119 2363 4162 filius
2394 4117 2488 4173 ejus
2518 4114 2649 4157 fuisse
2685 4111 2803 4154 dici-
