3016 4628
215 287 295 327 10⁴
1099 266 1516 316 ARtsTOTELtS
1562 263 1975 313 FRAGMENTA.

1198 359 1224 375 0

239 386 316 429 86.
346 380 659 446 (Λεοντίνιο)ν.]
681 382 737 426 fr.
760 383 869 427 225.

240 458 316 513 87.
347 452 681 518 [Καταναίων.]
706 454 763 500 fr.
791 454 905 498 226.

239 530 314 575 88.
339 525 630 589 [Ζαγκλαίων
659 525 677 587 ]
700 526 755 571 fr.
778 541 888 580 227.

751 622 939 669 Iutta..

244 724 319 780 89.
345 716 624 780 (ιΡηγίνων.)
650 718 706 763 sr.
731 715 841 761 228.

239 807 319 851 9ο.
350 789 600 853 (Λοκρῶν.)
628 790 684 835 fr.
708 786 981 846 229—231.

239 880 319 924 9¹·
350 859 645 924 Ταραντίνων.
669 861 727 906 fr.
755 858 1030 903 232—2313.

242 951 321 996 92.
348 930 715 998 (Κροτωνιατῶν.)
744 932 801 976 fr.
828 930 919 975 233
945 946 992 973 a.

241 1009 320 1067 93.
349 1001 603 1069 (Σιριτῶν.)
628 1004 685 1048 fr.
713 1003 822 1055 234.

242 1086 320 1139 94.
344 1075 624 1140 (Συὸαριτῶν
646 1073 718 1121 καὶ
745 1070 987 1135 Θουρίων.)
1016 1071 1071 1114 fr.
1105 1067 1377 1124 235—237.

759 1186 966 1232 GALtlA.

246 1291 324 1351 95.
350 1289 693 1337 Μασσαλιωτῶν.
717 1287 774 1330 ί“ι·.
799 1284 1076 1337 238—241.

232 1453 236 1455 ‚
276 1410 380 1450 Post
404 1407 497 1450 haec
517 1405 602 1447 alia
621 1401 842 1445 nonnulla
859 1397 1117 1462 apponam,
1140 1413 1239 1456 quae
1264 1395 1323 1440 ad
1347 1397 1488 1440 ratio-

210 1495 313 1523 nem
349 1493 437 1536 qua
476 1476 749 1519 adornatum
785 1487 904 1530 opus
936 1470 1282 1516 Aristotelicum
1320 1467 1460 1512 fuerit
1475 1502 1486 1523 ,

212 1549 450 1596 referenda
471 1562 562 1591 esse
592 1545 737 1589 videri
754 1545 945 1603 possint.
969 1546 1037 1587 Ac
1059 1541 1264 1601 primum
1296 1540 1488 1600 quidem

208 1640 280 1682 ap.
312 1622 526 1665 Photiuin
551 1619 630 1677 (fr.
663 1616 775 1675 132)
805 1616 1018 1660 laudatur
1045 1611 1337 1677 Ἀριστοτέλης
1368 1614 1410 1659 ἓν
1434 1615 1486 1676 τῇ

207 1688 457 1746 Ἰθακησίων
494 1685 685 1749 πολιτείᾳ
719 1685 811 1748 μβ’.
857 1688 1007 1746 Igitur
1037 1687 1134 1729 haec
1162 1686 1197 1728 si
1238 1693 1364 1728 recte
1398 1685 1487 1728 ha-

205 1767 315 1810 bent
336 1763 404 1824 (Ἴ,
425 1762 727 1806 Ithacensium
743 1759 1003 1819 respublica
1022 1767 1121 1802 erat
1139 1757 1488 1817 quadragesima

204 1836 401 1881 secunda
429 1836 500 1878 vel
535 1834 674 1877 totius
706 1834 881 1891 operis,
916 1832 990 1876 vel
1024 1841 1148 1876 certe
1187 1831 1284 1889 ejus
1321 1833 1483 1888 seriei,

206 1924 342 1968 quam
367 1908 555 1951 Photius
579 1906 640 1949 ob
664 1907 824 1950 oculos
845 1905 1062 1949 habebat.
1088 1929 1150 1937 —-
1166 1904 1349 1949 Deinde
1372 1920 1486 1948 vero

206 1983 513 2043 Harpocratio
529 1997 570 2025 v,
590 1977 746 2042 Μύριοι
771 1980 813 2025 ἐν
831 1977 1012 2040 Μεγάλῃ
1031 1976 1153 2023 πόλει
1171 1976 1260 2039 (fr.
1297 1978 1381 2039 91)
1409 1979 1487 2023 di-

206 2058 266 2099 cit
297 2072 306 2098 :
334 2053 571 2101 Διείλεκται
592 2051 635 2098 δὲ
659 2051 756 2116 περὶ
787 2052 926 2100 αὐτῶν
945 2050 1018 2097 καὶ
1042 2048 1337 2115 Ἀριστοτέλης
1368 2052 1411 2097 ἐν
1432 2054 1486 2116 τῇ

203 2128 317 2186 κοινῇ
343 2123 555 2188 Ἀρκάδων
579 2124 769 2189 πολιτείᾳ
794 2122 1085 2189 ἀρχόμενος
1108 2126 1198 2170 τοῦ
1236 2121 1483 2186 βιὸλίου.

204 2204 311 2258 Quae
333 2209 410 2243 aut
429 2201 491 2243 ita
512 2209 617 2242 sunt
636 2199 949 2259 intelligenda,
973 2207 1025 2242 ut
1040 2199 1173 2241 initio
1197 2198 1312 2244 certi
1332 2197 1488 2257 cujus-

204 2273 308 2316 dam
333 2270 560 2317 Πολιτειῶν
585 2271 692 2314 libri
709 2270 766 2314 de
786 2270 1111 2314 eonfoederatae
1138 2269 1347 2314 Arcadiae
1365 2285 1480 2314 con-

203 2346 436 2388 stitutione
470 2352 631 2387 auctor
658 2340 851 2399 dixerit,
879 2352 957 2387 aut
979 2342 1277 2387 statuendum
1311 2352 1379 2386 est
1415 2344 1486 2405 βι-

205 2414 320 2460 Ελίον
354 2416 467 2459 illud
491 2416 604 2459 nihil
633 2417 717 2459 nisi
747 2412 824 2471 τὴν
852 2411 994 2471 κοινὴν
1015 2412 1233 2478 Ἀρκάδων
1264 2412 1486 2462 πολιτείαν

206 2490 494 2532 continuisse.
530 2490 691 2547 Neque
726 2489 817 2533 hoc
855 2488 974 2532 adeo
1009 2489 1110 2532 veri
1144 2487 1364 2532 dissimile
1400 2498 1482 2533 est.

205 2560 319 2605 Nam
342 2561 547 2603 similiter
567 2561 726 2604 Cicero
744 2561 802 2605 de
825 2561 1080 2605 Dicaearchi
1098 2561 1273 2621 politiis
1288 2562 1487 2620 loquens

208 2634 316 2691 (Ep.
345 2632 416 2676 ad.
436 2635 528 2676 Att.
556 2633 628 2688 II,
652 2634 700 2693 2)
729 2633 840 2677 dicit
865 2650 874 2677 :
904 2654 922 2673 «
948 2629 1231 2688 Πελληναίων
1255 2638 1303 2677 in
1328 2639 1481 2678 mam·-

208 2706 286 2749 bus
322 2705 606 2758 tenebam,...
647 2703 877 2767 Κορινθίων
912 2703 985 2753 καὶ
1010 2703 1246 2761 Ἀθηναίων
1266 2717 1380 2766 puto
1414 2723 1488 2752 me

208 2778 363 2821 Romoe
393 2775 576 2820 habere.
608 2797 625 2817 υ
650 2780 715 2821 Ac
740 2794 882 2836 quum
902 2780 1093 2822 omnino
1112 2788 1290 2824 constet
1313 2782 1484 2842 scripta

209 2856 412 2892 veterum
448 2849 493 2891 in
517 2850 692 2893 minuta
714 2851 950 2894 volumina
983 2850 1176 2910 dispesci
1199 2853 1332 2897 solita
1363 2869 1483 2912 esse,

210 2929 337 2964 tanto
359 2920 531 2964 facilius
556 2920 603 2964 id
633 2919 732 2965 fieri
764 2931 948 2981 poterat
974 2924 1022 2966 in
1041 2925 1094 2967 iis
1128 2926 1370 2984 operibus,
1403 2927 1486 2970 ubi

210 2994 340 3036 sicuti
379 2994 424 3035 in
468 3002 626 3036 nostro
655 2995 841 3054 singulae
879 3005 1031 3054 partes
1066 2998 1263 3042 arctiore
1295 3000 1485 3044 vinculo

210 3062 465 3120 conjunctae
480 3065 597 3107 inter
614 3080 660 3109 56
675 3080 773 3109 non
795 3076 939 3114 erant.
959 3068 1194 3128 Simulque
1214 3071 1323 3115 inde
1340 3073 1487 3131 liquet

211 3151 347 3193 quam
372 3136 501 3179 sac-ile
526 3138 732 3196 genuinis
761 3138 868 3184 addj
888 3143 1042 3199 spuria
1064 3146 1317 3201 potuerint.

275 3209 484 3253 Ceterum
510 3224 597 3252 sec.
617 3211 872 3270 Diogenem
896 3214 1129 3263 Laertium
1149 3217 1182 3265 1.,
1203 3217 1236 3266 l.
1261 3219 1484 3263 Aristote-

211 3282 275 3324 les
291 3281 473 3338 politius
492 3296 591 3324 suas
610 3283 669 3326 ita
686 3282 1002 3341 distribuerat,
1020 3297 1071 3331 ut
1095 3303 1151 3332 ex
1175 3290 1341 3335 ordine
1357 3307 1480 3335 seor-

211 3367 309 3396 sum
338 3351 511 3395 diceret
536 3353 593 3396 de
626 3353 968 3413 democraticis,
996 3359 1053 3405 de
1080 3362 1392 3421 oligarchicis,
1427 3364 1486 3408 de

211 3425 543 3479 aristot-inticis,
562 3434 646 3470 etc.
669 3428 692 3469 J
699 3443 767 3481 am
783 3443 892 3471 vero
909 3446 1051 3489 quum
1069 3434 1302 3493 pleraeque
1326 3438 1483 3482 civita-

214 3507 277 3539 tes
295 3497 391 3540 aliis
411 3498 692 3555 temporibus
723 3498 857 3543 aliam
880 3504 1144 3562 reipublicae
1178 3506 1373 3552 formam
1397 3510 1483 3554 ha-

211 3569 422 3622 buerint,
450 3584 558 3613 num
590 3578 803 3627 putemus
827 3575 1116 3620 Aristotelem
1138 3577 1340 3635 ejusdem
1368 3583 1485 3626 civi*

212 3639 560 3685 tatis-historiam
580 3641 638 3683 ita
655 3641 960 3701 discerpsisse,
981 3655 1032 3689 ut
1045 3649 1178 3692 aliam
1196 3650 1290 3708 ejus
1303 3663 1486 3710 partem

212 3712 303 3753 alio
329 3710 448 3753 libro
479 3713 718 3755 tractaret?
742 3715 886 3758 Nemo
918 3718 1061 3774 ullus,
1097 3731 1235 3778 puto,
1260 3725 1348 3769 tale
1373 3727 1486 3784 quid

211 3775 296 3819 sibi
319 3777 607 3834 persuaserit.
631 3777 745 3821 Nam
769 3780 836 3825 uti
862 3780 986 3828 cadit
1004 3783 1158 3828 hocin
1181 3787 1486 3841 theoreticum

214 3863 329 3906 opus
353 3848 652 3893 l‘oliticorum
668 3883 680 3904 ‚
702 3850 764 3893 sic
782 3851 838 3894 ab
856 3852 1074 3899 historica
1096 3867 1251 3904 nostra
1277 3878 1482 3924 πραγμα-

211 3917 304 3982 τείᾳ
329 3935 517 3979 prorsus
540 3930 606 3965 est
621 3921 819 3966 alienum
837 3957 848 3979 ,
880 3924 998 3969 adeo
1022 3936 1074 3970 ut
1098 3932 1292 3989 suspicio
1325 3950 1485 3981 nasca-

262 4026 311 4071 (¹')
340 4023 514 4062 Verbum
534 4026 625 4071 φησὶ
650 4025 711 4064 vei
729 4026 807 4065 tate
836 4027 928 4077 quid
956 4028 1077 4069 latere
1103 4033 1324 4087 suspicatur
1352 4041 1488 4080 Grass-

213 4082 292 4120 hos.
316 4082 354 4120 in
374 4081 525 4120 Jalm's
542 4081 694 4122 Jahrb.
725 4087 888 4135 1829‚p.
921 4088 1003 4125 14¹.
1030 4088 1209 4129 Conterri
1227 4095 1354 4141 potest
1371 4095 1418 4135 fr.
1439 4102 1486 4138 29

212 4152 261 4179 cx
284 4139 606 4189 tlarfuicratione,
631 4140 696 4180 ubi
714 4141 839 4180 codex
872 4147 902 4183 Α
929 4144 1092 4185 Bekkeri
1118 4146 1236 4189 habet
1257 4151 1486 4202 εἈριστοτέ-

213 4195 276 4238 ’να
298 4195 334 4233 ἐν
352 4200 395 4246 τῇ
422 4196 451 4234 α’
473 4197 673 4242 Ἀθηναίων
695 4200 878 4248 πολιτείᾳ.

1571 383 1663 432 tur,
1689 387 1747 416 an
1775 387 1873 415 non
1897 369 2090 414 Politica
2111 382 2217 410 cum
2242 367 2420 410 Politiis
2439 367 2674 426 Diogenes
2699 367 2869 413 confu-

1575 444 1713 489 derit.
1741 445 1820 487 Sin
1843 442 1942 486 veri
1962 439 2078 498 quid
2108 439 2284 483 Laertii
2307 439 2576 483 testimonio
2601 439 2780 495 subest,
2802 442 2867 485 ita

1577 516 1722 574 egerit
1760 512 2051 566 Aristoteles,
2088 519 2141 553 ut
2178 510 2423 554 historiam
2455 504 2648 569 quidem
2671 511 2870 570 cujusvis

1577 587 1771 630 civitatis
1789 585 2049 628 universam
2074 597 2328 641 omnesque
2354 597 2468 641 quas
2488 597 2686 642 quaeque
2709 583 2868 629 subie-

1570 660 1632 702 rit
1652 657 1919 715 reipublicae
1944 655 2117 698 formas
2147 654 2316 698 eodem
2335 664 2597 700 recenseret
2615 656 2724 700 loeo
2736 682 2763 712 ρ
2783 665 2863 700 to-

1570 739 1660 773 tam
1685 729 1896 787 politiam
1915 741 2028 770 vero
2064 726 2485 771 democraticarum
2526 728 2602 771 vel
2621 729 2867 773 aristocra-

1571 802 1767 844 ticarum
1801 799 1930 843 classi
1952 798 2234 852 vindicaret,
2269 800 2434 858 prouti
2453 799 2527 843 vel
2549 799 2648 843 haec
2672 800 2750 845 vel
2783 801 2862 846 illa

1570 872 1838 930 reipublicae
1873 875 2023 914 forma
2043 871 2333 929 praevaleret.
2366 872 2479 929 Quae
2503 870 2696 930 quidem
2731 873 2867 918 ordi-

1571 945 1697 987 natio
1729 952 1781 986 ut
1803 943 2059 1001 plurimum
2091 941 2371 987 concidebat
2407 958 2513 987 cum
2552 958 2607 988 ea
2641 943 2868 990 distribu-

1569 1017 1698 1059 tione
1725 1031 1864 1074 quam
1880 1015 2044 1074 stirpes
2064 1023 2203 1074 atque
2223 1025 2381 1075 gentes
2396 1015 2667 1060 Graecorum
2690 1031 2868 1079 suppe-

1570 1087 1794 1131 ditabant.
1821 1085 1961 1130 Plura
1981 1101 2038 1130 ex
2058 1086 2130 1130 his
2148 1102 2195 1131 v.
2219 1087 2270 1129 in
2293 1086 2423 1146 praef.
2449 1087 2511 1132 ad
2533 1089 2846 1136 Heraclidem.

1632 1161 1735 1203 Jam
1759 1158 2004 1218 quomodo
2025 1159 2075 1202 in
2093 1160 2284 1220 singulis
2303 1160 2566 1207 civitatibus
2591 1161 2865 1208 Aristoteles

1566 1247 1666 1276 rem
1690 1233 1979 1288 tractaverit,
2005 1231 2056 1275 id
2082 1230 2260 1292 fingere
2283 1232 2465 1280 ratione
2495 1247 2676 1278 summo
2708 1223 2866 1294 philo·

1565 1304 1713 1363 sopho
1746 1303 1906 1364 digna,
1928 1319 2069 1363 quam
2096 1319 2152 1348 ex
2175 1302 2387 1363 reliquiis
2407 1304 2728 1351 demonstrare
2749 1306 2865 1352 faci-

1566 1376 1652 1420 lius
1690 1385 1774 1422 est.
1797 1378 1961 1435 Neque
1987 1377 2112 1420 enim
2133 1378 2284 1420 ullum
2313 1370 2505 1435 majoris
2538 1379 2739 1425 ambitus
2767 1381 2867 1427 fra-

1565 1457 1806 1508 gmentum
1847 1450 2176 1506 transnatavit,
2221 1449 2304 1494 sed
2336 1451 2641 1497 minutissima
2685 1443 2867 1501 tantum

1564 1521 1760 1566 frustula
1779 1523 2193 1583 grammaticorum
2215 1523 2416 1567 maxime
2440 1532 2486 1568 et
2503 1524 2866 1586 lexicographo-

1564 1609 1672 1637 rum
1685 1594 1926 1655 diligentia
1942 1595 2080 1639 nobis
2097 1604 2280 1640 servata
2293 1605 2416 1640 sunt.
2437 1587 2652 1654 Quorum
2666 1613 2723 1642 ex
2737 1614 2865 1644 com-

1561 1667 1804 1725 paratione
1828 1667 1918 1711 hoc
1941 1675 2098 1718 tamen
2121 1668 2327 1728 colligas,
2351 1669 2538 1713 initium
2555 1680 2798 1716 auctorem
2816 1674 2867 1718 in

1562 1738 1752 1798 sing-ulis
1769 1739 2111 1799 rebuspublicis
2144 1740 2302 1800 fecisse
2318 1742 2377 1792 ab
2397 1743 2689 1802 exponendis
2703 1746 2868 1790 civita-

1565 1818 1663 1853 tum
1721 1812 1887 1869 initiis,
1921 1814 2091 1872 populi
2133 1814 2421 1874 originibus,
2457 1815 2720 1876 fabulisque
2761 1833 2866 1878 quae

1564 1898 1671 1927 cum
1704 1884 1776 1928 his
1812 1885 2072 1944 conjunctae
2120 1896 2265 1930 erant.
2303 1885 2578 1946 Cujusmodi
2612 1904 2866 1950 argumen-

1563 1956 1619 1999 tis
1658 1956 1786 2001 bona
1829 1973 1937 2017 pars
1970 1957 2338 2019 fragmentorum
2360 1967 2363 1969 ’
2386 1961 2658 2007 absumitur.
2696 1962 2866 2009 Indole

1563 2038 1717 2073 autem
1731 2030 1789 2076 ab
1803 2032 2150 2076 narrationibus
2165 2033 2571 2093 logographorum
2590 2043 2730 2094 atque
2752 2033 2867 2082 Κτί-

1563 2116 1671 2145 σεων
1694 2103 1979 2162 scriptorum
2001 2105 2118 2147 nihil
2142 2104 2383 2151 differunt.
2403 2107 2614 2151 Eandem
2636 2108 2776 2167 plane
2795 2110 2865 2154 fa·

1561 2173 1682 2217 hulae
1705 2175 1796 2218 illae
1819 2190 1918 2234 prae
1950 2191 1997 2220 se
2017 2175 2174 2220 ferunt
2202 2178 2547 2237 simplicitatem
2575 2187 2718 2239 atque
2742 2182 2866 2225 anti—

1563 2246 1646 2304 qui
1684 2248 1768 2290 aevi
1804 2247 2108 2304 cruditatem3
2145 2250 2278 2294 nullo
2314 2250 2484 2295 cris'eos
2507 2251 2616 2296 fuco
2633 2285 2646 2308 ,
2679 2253 2865 2312 qualem

1561 2319 1805 2378 Ephorus,
1846 2322 1924 2365 alii
1958 2322 2014 2365 iis
2046 2320 2388 2379 adhibuerunt,
2429 2323 2700 2369 adulteratae
2736 2335 2860 2374 sunt.

1561 2393 1670 2436 Non
1693 2393 1949 2438 excludunt
1962 2394 2060 2438 haec
2080 2410 2186 2440 acre
2206 2404 2345 2455 atque
2366 2398 2612 2456 perspicax
2629 2397 2688 2443 de
2708 2400 2764 2444 iis
2781 2414 2863 2444 re-

1562 2465 1649 2510 bus
1667 2465 1925 2524 judicium;
1961 2476 2008 2511 at
2040 2467 2219 2513 indicia
2258 2468 2357 2527 ejus
2379 2471 2430 2514 in
2449 2471 2660 2530 reliquiis
2693 2474 2864 2522 nostris

1561 2554 1661 2583 non
1683 2548 1955 2584 occurrunt.
1976 2540 2200 2587 ¹Ceterum
2220 2542 2257 2585 si
2278 2542 2490 2601 genuinis
2512 2544 2689 2602 politiis
2706 2546 2863 2590 mixtae

1562 2622 1669 2656 sunt
1686 2614 1879 2672 spuriae,
1907 2612 2038 2672 quod
2061 2629 2170 2657 sane
2188 2614 2306 2658 nihil
2328 2615 2547 2672 mirarer,
2573 2618 2765 2677 vestigia
2784 2633 2863 2664 ea-

1562 2701 1669 2730 rum
1693 2687 1743 2730 in
1769 2688 1824 2730 iis
1851 2688 2052 2730 maxime
2081 2687 2260 2746 politiis
2289 2690 2586 2748 agnoverim,
2619 2691 2668 2735 in
2693 2678 2863 2750 quibus

1563 2759 1623 2803 de
1643 2760 1859 2819 mythicis
1882 2759 2023 2803 rebus
2048 2760 2217 2820 longus
2232 2774 2385 2823 sermo
2407 2759 2544 2806 fuisse
2567 2763 2773 2809 videtur.

1627 2834 1777 2893 Igitur
1807 2832 1865 2876 ab
1891 2833 2129 2882 civitatum
2152 2833 2296 2876 initiis
2317 2847 2342 2877 e
2373 2842 2532 2890 terrae,
2563 2835 2675 2891 soli,
2701 2838 2862 2897 stirpis

1561 2907 1782 2950 varietate
1797 2905 2063 2964 repetendis
2076 2904 2315 2964 profectus
2330 2907 2600 2951 Aristoteles
2618 2907 2860 2974 historiam

1546 2973 1720 3023 'earum
1757 2979 2022 3040 exposuisse
2047 2988 2234 3023 eatenus
2254 2977 2457 3034 videtur,
2490 2987 2720 3045 quatenus
2752 2997 2860 3027 cum

1560 3051 1830 3110 reipublicae
1844 3052 2173 3095 constitutione
2183 3050 2373 3110 ejusque
2385 3053 2723 3098 mutationibus
2743 3070 2860 3100 con-

1556 3123 1720 3182 juncta
1762 3133 1877 3168 erat.
1906 3125 2018 3181 Quae
2051 3123 2242 3183 quidem
2265 3139 2375 3183 pars
2395 3140 2485 3184 pro
2517 3126 2743 3186 gravitate
2777 3143 2859 3174 sua

1562 3197 1691 3255 quasi
1714 3196 1856 3240 cardo
1880 3197 2024 3240 totius
2047 3197 2204 3255 operis
2224 3211 2318 3256 esse
2342 3196 2526 3255 debuit.
2553 3199 2614 3242 At
2647 3191 2857 3260 reliquiae

1559 3278 1728 3312 nostrae
1753 3268 1812 3312 de
1836 3269 1908 3312 his
1941 3268 2052 3313 sunt
2074 3269 2346 3313 tenuissimae
2361 3286 2378 3326 ;¹
2413 3269 2532 3314 adeo
2566 3278 2619 3318 ut
2652 3271 2856 3330 plurima

1561 3357 1663 3400 quae
1688 3357 1744 3386 eo
1764 3351 1998 3400 spectent,
2029 3356 2054 3386 e
2079 3342 2386 3390 Politicorum
2418 3357 2564 3401 opere
2584 3342 2858 3391 advocanda

1558 3414 1664 3461 sint.
1700 3413 1918 3458 Ceterum
1940 3422 2114 3473 quanta
2130 3413 2376 3474 diligentia
2391 3423 2440 3459 et
2474 3410 2675 3477 ἀκριὸείᾳ
2692 3426 2859 3462 auctor

1558 3495 1764 3529 versatus
1787 3486 1843 3529 sit
1867 3486 1916 3529 in
1938 3485 2254 3542 ¹recensendis
2288 3486 2748 3546 rerumpublicarum
2783 3489 2853 3533 in-

1559 3558 1726 3604 stitutis
1739 3592 1750 3611 ,
1768 3559 2132 3618 magistratibus,
2153 3559 2418 3604 oeconomia
2434 3568 2481 3603 et
2499 3559 2744 3619 disciplina
2762 3576 2854 3621 pu·-

1559 3630 1707 3686 blica,
1733 3645 1786 3674 re
1819 3631 2039 3686 militari,
2077 3632 2395 3687 commerciis,
2421 3633 2674 3690 mensuris,
2711 3649 2856 3680 num-

1559 3704 1669 3758 mis,
1714 3712 1760 3747 et
1797 3718 1900 3762 quae
1938 3704 2030 3750 huc
2071 3704 2159 3748 alia
2191 3704 2452 3762 pertinent,
2488 3719 2545 3748 ex
2585 3704 2856 3766 fragmentis

1560 3776 1760 3837 reipubl.
1782 3774 2134 3820 Atheniensium
2155 3785 2200 3820 et
2222 3775 2692 3822 Lacedaemoniorum
2719 3778 2854 3840 (qui-

1560 3847 1646 3891 bus
1667 3863 1763 3907 prae
1796 3849 1959 3892 ceteris
1975 3847 2096 3893 adde
2117 3847 2175 3895 fr.
2201 3863 2279 3909 99,
2318 3864 2425 3895 101.
2464 3850 2572 3896 116.
2600 3865 2710 3908 207.
2741 3866 2851 3900 212.

1564 3919 1672 3965 228.
1717 3919 1842 3981 232)
1880 3920 2140 3981 intelligere
2172 3920 2326 3965 adhuc
2350 3921 2474 3967 licet.
2506 3922 2648 3967 Haud
2667 3920 2855 3974 ‘minore

1563 4006 1672 4036 cura
1706 4006 1863 4036 mores
1895 3993 2000 4036 vitae
2038 3992 2227 4051 privatae
2264 4001 2535 4051 persecutus
2566 3992 2724 4040 fuerit.
2753 3996 2852 4040 No·

1564 4062 1701 4107 tanda
1735 4063 1939 4130 denique
1974 4057 2341 4123 proverbiorum
2375 4079 2433 4109 ex
2462 4065 2656 4111 historia
2688 4062 2764 4112 vel
2792 4082 2847 4112 ex

1562 4136 1771 4179 moribus
1835 4137 2109 4180 institutisve
2159 4135 2547 4195 explicandorum
2589 4137 2850 4199 frequentia

1568 4202 1640 4256 (fr.
1664 4223 1678 4250 1
1698 4207 1894 4270 1o.139.
1916 4207 2021 4261 143.
2040 4206 2434 4266 167a..168.170,
2454 4209 2689 4266 176.181,
2711 4209 2846 4278 ¹93).-

2969 1440 2972 1444 .
2962 1273 2975 1304 μυ
2967 1245 2970 1247 ,
2972 1191 2977 1194 ,
2966 1120 2968 1122 -

2976 1871 2990 1949 ans-2
2971 1813 2996 1842 ἶρ-
2971 1766 2989 1797 ks
2985 1747 2989 1749 .
2972 1687 2993 1726 ‘'‘f'
2977 1656 2979 1659 ·
2978 1638 2983 1640 ¹
2972 1524 2992 1604 ssqj-J
2976 1499 2979 1501 ·
2981 1438 2995 1479 2³,-
2978 1410 2986 1421 ,ι
2978 1350 2991 1395 gun,
2976 1288 2977 1293 Α
2978 1183 2985 1199 ¹·
2978 1159 2986 1166 ι
2978 1110 2989 1119 -.

2994 1865 3005 1920 -wn
3001 1841 3005 1842 ,
3003 1650 3006 1652 ⁴
3003 1291 3006 1292 ,

2970 2177 3005 2656 ,uz-ts„÷„·..v..:.*;...„;-t.,.„„„....·.2f„·³.,......-
2975 2078 3005 2191 *3042*
2974 1921 3006 2065 &samm

2964 2894 3001 3230 ιέζῐῑ,ἷζ,μ«ξ...ι.’9“ῗ’3Ψ-Ρ”“”“ᾸΪ
2985 2877 3001 2894 1¹·
2974 2801 3000 2858 ‘³504
2983 2782 2989 2790 ¹*
2968 2738 2982 2765 ἐἰ
2972 2695 3001 2715 1¹⁹
2967 2651 2993 2683 ἃ
2977 2635 2980 2639 ’
2979 2610 2985 2622 “

2956 4065 2978 4136 ,ζηρέ
2958 4018 2980 4037 2*

2986 4086 2993 4106 ,V
2982 4026 2989 4037 ›-

2961 4355 2979 4366 J
2965 4206 2987 4333 *wc-ar.
2962 4160 2974 4171 ’ἦ
2970 4123 2988 4142 r
