3016 4628
323 297 409 338 304

686 405 724 447 Ε
756 400 940 446 LIBRO
975 397 1212 442 TERTIO.
1629 407 1634 479 γ

936 512 976 558 [ι.

378 622 509 667 Idem
527 621 630 676 XV,
643 616 812 678 p.687,
829 619 869 660 A
893 632 903 659 :
924 614 1013 661 Νῦν
1031 610 1076 657 δὲ
1094 612 1176 657 τῶν
1195 606 1424 669 ἀνθρώπων
1450 606 1529 667 οὐχ
1552 605 1596 649 αἱ

314 691 449 756 ὀσμαὶ
484 690 626 754 μόνον,
650 689 707 742 ὥς
734 706 838 753 φησι
870 683 1092 748 Κλέαρχος
1119 683 1160 728 ἐν
1191 679 1319 744 τρίτῳ
1343 676 1451 740 Περὶ
1478 676 1596 738 βίων,

320 764 433 812 ἀλλὰ
464 762 539 811 καὶ
578 764 622 808 αἱ
660 759 806 826 χροιαὶ
829 761 1032 822 τρυφερὸν
1057 751 1233 817 ἔχουσαί
1266 770 1306 797 τι
1342 746 1596 805 συνεκθηλύ-

317 855 435 884 νουσι
469 833 564 885 τοὺς
599 829 1040 896 μεταχειριζομένους.
1077 826 1228 885 <Υμεῖς
1259 823 1297 868 δ’
1330 820 1490 877 οἴεσθε,
1518 817 1595 874 τὴν

320 907 540 973 ἁδρότητα
576 905 708 970 χωρὶς
755 906 905 967 ἀρετῆς
949 899 1060 962 ἔχειν
1103 916 1143 942 τι
1183 893 1416 960 τρυφερόν,
1458 891 1596 938 καίτοι

322 980 519 1045 Σαπφὼ,
541 978 646 1041 γυνὴ
674 976 749 1039 μὲν
774 973 878 1037 πρὸς
902 971 1101 1027 ἀλήθειαν
1134 960 1240 1014 οῧσα
1261 965 1334 1012 καὶ
1365 962 1594 1027 ποιήτρια,
1628 953 1642 1766 γ

320 1053 437 1115 ὅμως
456 1050 614 1114 ᾐδέσθη
635 1049 683 1096 τὸ
707 1046 835 1095 καλὸν
856 1049 929 1102 τῆς
952 1041 1184 1105 ἁδρότητος
1206 1038 1390 1104 ἀφελεῖν,
1413 1035 1596 1098 λέγουσα

321 1118 425 1171 ὧδε·
450 1148 466 1163 ··
491 1121 608 1184 Ἐγὼ
632 1121 675 1167 δὲ
692 1117 839 1184 φίλημ’
858 1114 1113 1177 ἁὸροσύναν,
1131 1110 1205 1158 καί
1226 1129 1298 1173 μοι
1321 1109 1369 1155 τὸ
1393 1106 1592 1170 λαμπρὸν

325 1196 429 1261 ἔρως
447 1195 576 1242 ἀελίω
600 1192 673 1239 καὶ
704 1190 752 1237 τὸ
778 1189 907 1236 καλὸν
927 1186 1128 1248 λέλογχε,
1160 1206 1179 1224 n
1217 1181 1392 1248 φανερὸν
1413 1183 1594 1226 ποιοῦσα

323 1277 469 1324 πᾶσιν,
489 1270 546 1318 ὡς
566 1269 591 1321 ἡ
614 1269 684 1310 τοῦ
703 1266 776 1319 ζῆν
800 1258 1002 1320 ἐπιθυμία
1019 1258 1066 1303 τὸ
1089 1253 1287 1318 λαμπρὸν
1304 1252 1377 1300 καὶ
1402 1251 1448 1298 τὸ
1466 1250 1597 1297 καλὸν

325 1332 437 1402 εἶγεν
462 1339 587 1399 αὐτῇ.
612 1338 760 1382 Ταῦτα
789 1332 823 1379 δ’
860 1331 973 1378 ἐστὶν
998 1332 1130 1376 οἰκεῖα
1166 1331 1239 1384 τῆς
1274 1328 1440 1390 ἀρετῆς.
1478 1325 1598 1386 Παρ-

326 1394 471 1476 ράσιος
501 1408 553 1463 δ’,
583 1409 605 1452 ὁ
629 1403 869 1469 ζωγράφος,
901 1401 1058 1464 καίπερ
1086 1397 1204 1463 παρὰ
1236 1397 1361 1460 μέλος
1391 1394 1496 1460 ὑπὲρ
1520 1394 1597 1451 τὴν

325 1484 478 1528 ἑαυτοῦ
498 1478 652 1542 τέχνην
678 1474 919 1540 τρυφήσας,
939 1472 1013 1519 καὶ
1043 1472 1091 1518 τὸ
1116 1469 1343 1532 λεγόμενον
1367 1466 1603 1531 ἐλευθέριον

326 1555 375 1599 ἐκ
409 1550 594 1617 ῥαὸδίων
616 1551 739 1595 τινῶν
777 1547 848 1593 καὶ
873 1543 1086 1608 ποτηρίων
1112 1541 1315 1598 ἑλκύσας,
1349 1539 1463 1603 λόγῳ
1498 1542 1596 1599 γοῦν

328 1623 581 1671 ἀντελάὸετο
603 1624 678 1677 τῆς
701 1622 873 1682 ἀρετῆς,
898 1614 1239 1680 ἐπιγραψάμενος
1271 1618 1357 1664 τοῖς
1388 1613 1429 1657 ἐν
1457 1609 1600 1672 Λίνδῳ

327 1704 456 1742 πᾶσιν
480 1698 607 1741 αὑτοῦ
633 1692 788 1758 ἔργοις·

427 1787 673 1838 Ἂὸροδὶαιτος
693 1786 784 1835 ἀνὴρ
804 1784 937 1835 ἀρετήν
953 1796 994 1821 τε
1014 1782 1137 1820 σέὸων
1154 1779 1236 1819 τάδ’
1257 1778 1398 1829 ἔγραψε
1413 1806 1423 1826 ,

432 1846 661 1896 Παρράσιος.

329 1916 387 1992 ’ᾯ
415 1923 572 1987 κομψός
610 1941 696 1978 τις,
723 1924 779 1973 ὡς
814 1920 906 1982 ἐμοὶ
939 1921 1078 1976 δοκεῖ,
1109 1917 1406 1981 ὑπεραλγήσας
1445 1914 1604 1981 ῥυπαί-

330 2013 441 2042 νοντι
470 1994 517 2040 τὸ
549 1997 622 2050 τῆς
655 1995 807 2056 ἀρετῆς
840 1990 970 2054 ἆὸρὸν
1007 1989 1080 2036 καὶ
1114 1989 1259 2046 καλὸν,
1294 1989 1367 2035 ἅτε
1400 1990 1606 2053 φορτικῶς

331 2062 719 2127 μετακαλεσαμένῳ
740 2065 797 2115 εἷς
821 2062 982 2127 τρυφὴν
1007 2060 1082 2118 τὴν
1113 2063 1303 2108 δοθεῖσαν
1328 2059 1408 2107 ὑπὸ
1429 2064 1504 2116 τ’ῆς
1531 2060 1605 2105 τύ-

328 2156 408 2199 χης
426 2136 645 2200 χορηγίαν,
669 2135 915 2199 παρέγραψε
934 2134 979 2181 τὸ
1002 2133 1323 2186 Ῥαὸδοδίαιτος
1343 2132 1465 2196 ἀνήρ.
1493 2132 1605 2180 Ἀλλ’

330 2207 442 2268 ὅμως
463 2205 531 2253 διὰ
549 2206 596 2253 τὸ
615 2205 692 2265 τὴν
717 2206 869 2270 ἀρετὴν
901 2209 1034 2270 φῆσαι
1054 2212 1182 2267 τιμᾶν
1211 2204 1421 2253 ἀνεκτέον.
1453 2206 1606 2252 Ταῦτα

332 2278 408 2337 μὲν
429 2281 451 2324 ὁ
474 2278 710 2342 Κλέαρχος.

391 2352 519 2395 Idem
534 2353 643 2407 XII,
664 2367 708 2410 p.
724 2349 831 2407 543,
846 2351 879 2395 C
895 2366 904 2394 :
921 2347 1050 2396 Οὕτω
1061 2348 1105 2394 δὲ
1119 2347 1237 2412 παρὰ
1251 2355 1337 2401 τοῖς
1350 2347 1544 2412 ἀρχαίοις
1554 2347 1609 2395 τὰ

692 2511 729 2556 Ε
765 2509 953 2557 LIBRO
983 2509 1233 2556 TERTIO.

942 2627 985 2666 4.

381 2723 492 2761 Nunc
505 2731 598 2760 vero
617 2721 819 2760 hominum
835 2733 915 2761 non
931 2722 1069 2762 odores
1089 2723 1215 2762 solum
1229 2753 1240 2772 ‚
1261 2724 1304 2762 ut
1320 2723 1376 2761 ait
1392 2723 1611 2762 Clearchus

333 2785 447 2825 tertio
469 2784 568 2823 libro
590 2787 646 2823 De
671 2785 778 2833 vitis,
803 2785 869 2824 sed
893 2788 932 2825 et
947 2787 1095 2825 colores
1109 2816 1120 2835 ,
1142 2787 1389 2826 luxuriosum
1406 2786 1610 2846 quidpiam

335 2847 541 2896 habentes,
561 2848 783 2887 esseminant
806 2849 877 2887 hos
899 2850 967 2899 qui
988 2850 1074 2889 illos
1100 2852 1287 2891 tractant.
1313 2853 1395 2891 Vos
1424 2862 1520 2890 vero
1541 2861 1611 2901 pu·

335 2911 478 2949 tatisne
525 2911 752 2959 elegantiam
800 2912 948 2961 absque
998 2913 1145 2954 virtute
1190 2913 1347 2954 delicati
1389 2914 1610 2965 quidquam
1674 2926 1675 2929 ¹

339 2973 510 3012 habere?
541 2974 655 3023 Atqui
677 2974 853 3024 Sappho,
878 2987 999 3025 quum
1022 2988 1114 3017 vere
1128 2977 1289 3027 quidem
1311 2978 1454 3017 mulier
1480 2979 1583 3017 esset
1598 3007 1610 3028 ‚

337 3036 548 3085 eademque
563 3036 711 3085 poetria
725 3066 735 3083 ,
755 3039 887 3076 tamen
906 3040 1027 3078 verita
1039 3042 1097 3079 est
1119 3041 1365 3081 honestatem
1381 3041 1431 3080 ab
1453 3041 1611 3090 elegan-

338 3099 392 3137 tia
414 3109 611 3147 separare,
630 3098 683 3137 ita
708 3099 868 3140 dicens:
903 3117 922 3136 «
955 3104 1034 3151 Ego
1067 3115 1156 3143 amo
1186 3104 1419 3154 elegantiam
1445 3105 1485 3143 et
1515 3103 1614 3143 mihi

339 3173 448 3201 amor
466 3163 560 3201 lueis
583 3165 622 3201 et
634 3163 874 3213 splendorem
896 3168 934 3205 et
953 3167 1197 3207 honestatem
1221 3170 1383 3209 sortitus
1407 3171 1490 3219 est,
1514 3185 1533 3204 »
1551 3170 1612 3208 te-

342 3229 488 3265 statum
530 3227 671 3267 taciens
711 3229 914 3279 omnibuS,
953 3232 1047 3271 vitae
1075 3243 1248 3272 amorem
1276 3233 1383 3284 apud
1411 3219 1537 3284 ipsam
1575 3234 1615 3272 et

340 3289 583 3339 splendorem
607 3292 646 3329 et
671 3291 912 3332 honestatem
936 3295 1079 3334 habere
1105 3311 1115 3334 ι
1140 3298 1232 3336 sunt
1248 3298 1382 3336 autem
1407 3297 1494 3336 haec
1521 3307 1615 3335 cum
1646 3290 1652 3313 ³

347 3364 365 3389 v
373 3352 492 3391 irtute
502 3353 723 3401 conjuncta.
736 3370 754 3387 «ι
770 3356 994 3396 Parrhasius
1005 3369 1097 3397 vero
1106 3359 1247 3410 pictor,
1261 3371 1504 3411 quamquam
1518 3371 1615 3410 prae-

342 3419 402 3455 ter
414 3416 574 3455 modum
585 3428 700 3467 supra
709 3420 831 3458 artem
842 3431 950 3459 suam
961 3422 1187 3471 magnificus
1202 3427 1241 3464 et
1250 3436 1450 3475 arrogans,
1461 3427 1502 3465 et
1513 3425 1614 3464 libe-

344 3481 464 3519 ralem
478 3492 566 3531 quoe
578 3481 719 3521 (licitur
731 3487 873 3524 sortem
889 3487 1086 3537 vitamque
1098 3500 1149 3527 ex
1163 3489 1314 3530 bacillis
1323 3490 1560 3540 quibusdam
1574 3491 1615 3530 et

345 3544 495 3592 poculis
504 3543 664 3593 ducens,
682 3546 799 3585 verbo
815 3550 943 3588 tamen
954 3550 1137 3590 virtutem
1157 3552 1227 3591 sibi
1239 3553 1470 3602 vindicavit,
1489 3564 1614 3604 quum

343 3608 525 3647 omnihus
539 3609 618 3647 suis
633 3621 723 3659 quoe
743 3611 856 3650 Lindi
872 3616 962 3653 sunt
984 3617 1163 3664 operibus
1189 3618 1274 3656 haec
1300 3618 1530 3658 inscriberet
1551 3631 1559 3657 :

455 3707 635 3749 Elegantia
653 3708 708 3743 vir
725 3709 807 3744 vum
839 3711 1083 3756 virtutemque
1108 3715 1230 3750 colens
1254 3716 1334 3752 haec
1349 3717 1470 3763 pinxit

456 3765 678 3799 Parrhasius.

345 3841 418 3880 Cui
435 3842 581 3881 facetus
596 3843 750 3893 aliquis,
766 3844 998 3895 indignatus,
1010 3851 1124 3897 puto,
1140 3851 1246 3899 quod
1260 3852 1417 3892 virtutis
1434 3853 1617 3903 splendo-

348 3916 430 3944 rem
451 3906 864 3958 pulchritudinemque
879 3910 1091 3960 pollueret,
1115 3915 1159 3952 ut
1174 3915 1265 3963 qui,
1282 3926 1380 3965 quas
1403 3917 1561 3956 fortuna
1584 3918 1618 3957 ei

345 3969 505 4010 dederat
525 3980 643 4021 opes,
676 3971 761 4011 illas
790 3976 1015 4023 arroganter
1045 3976 1091 4014 ad
1125 3976 1323 4019 luxuriam
1357 3974 1578 4022 revocasset
1608 3999 1616 4022 ε

349 4034 501 4070 mutato
522 4043 591 4071 ver
666 4045 738 4084 pro
758 4035 992 4086 ἁθροδίαιτος
1019 4039 1195 4089 ascripsit
1217 4040 1475 4091 ῥαὸδοδίαιτος
1506 4045 1616 4096 ἀνήρ.

348 4097 495 4135 Verum
508 4126 518 4145 ,
532 4108 639 4147 quon
655 4108 719 4137 am
736 4100 866 4139 tamen
885 4100 1070 4142 virtutem
1092 4114 1131 4142 se
1144 4105 1271 4144 colere
1285 4106 1362 4155 ait,
1385 4107 1579 4149 serendus.
1598 4126 1616 4143 n

352 4159 443 4197 llaec
455 4158 612 4209 quidem
634 4161 854 4201 Clearchus.

1303 269 1614 319 CLEAncffl
1651 238 1939 316 s'oLENsis

1670 379 1747 433 τ’ῆς
1763 377 1922 438 τρυφῆς
1945 371 2018 419 καὶ
2045 373 2122 428 τῆς
2144 366 2423 421 πολυτελείας
2440 369 2634 427 ἠσκεῖτο,
2658 369 2715 424 ὡς
2737 369 2811 417 καὶ
2831 373 2927 429 Πρι.

1672 446 1818 510 ράσιον
1848 446 1919 492 τὸν
1952 441 2172 508 ζωγράφον
2193 438 2415 505 πορφύραν
2447 439 2746 504 ἀμπέχεσθαι,
2768 449 2948 507 χρυσοῦ.

1671 518 1877 582 στέφανον
1898 516 1969 563 ἐπὶ
1988 519 2064 573 τῆς
2086 515 2274 575 κεφαλῆς
2302 511 2482 576 ἔχοντα,
2511 515 2569 566 ὣς
2597 516 2758 580 ἱστορεῖ
2783 514 2934 582 Κλέαρ

1668 609 1742 654 χος
1769 592 1812 636 ἓν
1841 595 1928 641 τοῖς
1965 586 2096 639 Βίοις.
2125 579 2263 638 Οῧτος
2295 585 2378 648 γὰρ
2427 583 2548 649 παρὰ
2583 585 2711 648 μέλος
2748 585 2856 653 ὑπὲρ
2877 588 2938 648 τὴ

1669 660 1880 726 γραφικὴν
1907 658 2127 723 τρυφήσας
2152 656 2266 721 λόγῳ
2291 660 2367 714 τῆς
2398 657 2552 721 ἀρετῆς
2583 657 2934 721 ἀντελαμὸάνετο
2957 710 2959 714 f
2994 720 2996 722 q

1669 733 1743 780 καὶ
1761 732 1975 797 ἐπέγραφε
2000 738 2087 784 τοῖς
2111 731 2179 794 ὑφ’
2202 731 2333 776 αὑτοῦ
2359 729 2698 791 ἐπιτελουμένοις
2721 730 2880 797 ἔργοις·
2936 767 2938 770 >
2994 746 2996 754 ¹

2976 495 2989 522 't

1762 829 2021 882 Ἀὃροδίαιτος
2033 830 2125 879 ἀνὴρ
2143 829 2277 879 ἀρετήν
2297 841 2338 867 τε
2359 829 2486 868 σέὸων
2505 828 2584 869 τόδ’
2603 829 2759 883 ἔγραψε.
2996 884 2997 890 1

1672 910 1761 960 Καί
1780 929 1861 969 τις,
1884 908 2186 974 ὑπεραλγήσας
2207 907 2278 955 ἐπὶ
2294 905 2432 974 τούτῳ
2446 945 2459 968 ,
2479 908 2758 976 παρέγραψε,
2775 908 2933 960 Ἕαὸδ
2995 921 2998 924 ’

1671 983 1827 1035 δίαιτος
1849 982 1975 1047 ἀνήρ.
2010 981 2260 1046 Ἐπέγραψε
2283 979 2328 1028 δὲ
2356 980 2426 1028 ἐπὶ
2453 982 2628 1030 πολλῶν
2652 981 2788 1048 ἔργων
2819 975 2956 1034 αῧτοῢ

1669 1056 1743 1103 καὶ
1762 1055 1864 1102 τάδε
1879 1074 1890 1084 ⁰
2755 1057 2774 1064 ⁴⁴

1720 1149 1970 1200 Ἀὅροδίαιτος
1995 1149 2087 1199 ἀνὴρ
2110 1148 2246 1199 ἀρετήν
2266 1161 2307 1186 τε
2326 1147 2452 1189 σέὸων
2475 1147 2556 1187 τάδ’
2573 1147 2735 1200 ἔγραψε,
2790 1125 2795 1128 ⁶
2950 1123 2958 1192 ,ί

1774 1207 2013 1258 Παρράσιος,
2033 1208 2181 1252 κλεινῆς
2197 1206 2374 1257 πατρίδος
2390 1206 2428 1252 ἐξ
2446 1205 2628 1258 Ἐφέσου.
2957 1231 2959 1234 -

1718 1266 1815 1306 Οὐδὲ
1831 1266 1970 1315 πατρὸς
1986 1264 2156 1315 λαθόμην
2174 1265 2381 1312 Εὐήνορος,
2402 1263 2443 1309 ὅς
2458 1278 2514 1303 νιν
2535 1265 2652 1313 ἔφυσε

1773 1325 1928 1372 γνήσιον
1942 1352 1953 1371 ,
1971 1323 2163 1369 Ἑλλήνων
2179 1326 2314 1374 πρῶτα
2332 1322 2494 1374 φέροντα
2511 1323 2661 1373 τέχνης.

2033 1428 2069 1469 E
2102 1427 2288 1472 Lumo
2324 1426 2594 1485 QUARTo.
2624 1463 2631 1473 .

2297 1526 2342 1575 5.

1741 1629 1985 1673 Athenaeus
2006 1629 2126 1685 XII,
2147 1645 2194 1688 p.
2218 1627 2329 1686 514,
2350 1631 2392 1673 D
2415 1645 2425 1673 :
2455 1626 2682 1693 Κλέαρχος
2700 1627 2744 1676 δὲ
2763 1633 2787 1676 ὁ
2806 1627 2944 1679 teki»

1677 1701 1719 1745 ἐν
1761 1699 1954 1764 τετάρτῳ
1993 1698 2108 1747 Βίων
2154 1698 2373 1764 προειπὼν
2414 1700 2513 1762 περὶ
2543 1705 2621 1759 τῆς
2659 1699 2824 1757 Μήδων
2861 1722 2957 1767 τρυς

1677 1774 1785 1836 φῆς,
1823 1771 1898 1817 καὶ
1933 1770 1998 1818 ὅτι
2034 1770 2104 1818 διὰ
2142 1771 2304 1828 ταύτην
2340 1770 2524 1826 πολλοὺς
2558 1772 2848 1837 εὐνουχίσαιεν
2884 1777 2945 1822 τῶ

1679 1843 1982 1907 περικτιόνων,
2018 1842 2210 1909 ἐπιφέρει
2233 1842 2307 1890 καὶ
2333 1842 2411 1900 τὴν
2437 1841 2558 1908 παρὰ
2585 1843 2752 1902 Μήδων
2771 1844 2949 1908 γενέσθα

1679 1915 1872 1978 Πέρσαις
1904 1914 2172 1980 μηλοφορίαν
2199 1914 2259 1977 μὴ
2297 1914 2428 1977 μόνον
2462 1908 2522 1963 ὧν
2551 1914 2708 1963 ἔπαθον
2739 1917 2950 1982 τιμωρίαν

1681 1987 1793 2034 ἀλλὰ
1813 1986 1976 2046 καὶτῆς
1996 1989 2082 2033 τῶν
2103 1986 2446 2052 δορυφορούντων
2466 1990 2628 2053 τρυφῆς
2643 1988 2703 2042 εἷς
2725 1986 2824 2035 ὅσον
2840 1980 2947 2047 ἧλθο

1683 2059 1911 2126 ἀνανδρίας
1929 2058 2182 2121 ὓπόμνημα.
2209 2060 2401 2108 Δύναται
2419 2057 2517 2124 γὰρ,
2534 2063 2591 2114 ὣς
2609 2058 2764 2122 ἔοικεν,
2786 2063 2814 2118 ἡ
2833 2059 2953 2125 παρά

1681 2152 1828 2196 καιρος
1849 2133 1943 2194 ἅμα
1962 2130 2037 2179 καὶ
2058 2132 2238 2195 μάταιος
2258 2133 2397 2179 αὐτῶν
2421 2131 2517 2197 περὶ
2535 2131 2608 2179 τὸν
2629 2131 2720 2196 βίον
2743 2131 2882 2197 τρυφὴ
2897 2152 2953 2181 κα

1682 2203 1780 2258 τοὺς
1803 2211 1897 2257 ταῖς
1920 2203 2098 2268 λόγχαις
2139 2203 2525 2266 καθωπλισμένους
2567 2202 2755 2270 ἀγύρτας
2781 2206 2927 2270 ἀποφα

1682 2296 1785 2323 νειν.
1815 2276 1903 2324 Καὶ
1935 2274 2154 2340 προελθὼν
2179 2275 2224 2323 δὲ
2258 2274 2438 2342 γράφει·
2467 2299 2486 2318 «
2517 2277 2623 2331 Τοῖς
2645 2276 2956 2342 γοῦνπορίσασ

1683 2368 1725 2395 τι
1763 2350 1880 2414 αὐτῷ
1913 2347 1995 2406 ἡδὺ
2035 2351 2192 2414 βρῶμα
2236 2347 2374 2402 διδοὺς
2405 2341 2518 2396 ἆθλα
2552 2352 2626 2396 τοῦ
2665 2349 2944 2415 πορισθέντος

1731 2487 1840 2527 Adeo
1856 2498 1953 2527 vero
1973 2488 2014 2526 in
2034 2499 2110 2527 usu
2134 2484 2242 2538 apud
2259 2488 2414 2527 veteres
2437 2487 2514 2527 suit
2533 2487 2696 2527 luxuria
2725 2487 2768 2528 et
2794 2485 2963 2546 magnffi

1681 2551 1835 2600 centia,
1858 2552 1902 2590 ut
1919 2550 2040 2590 etiam
2061 2551 2292 2591 Parrhasius
2315 2551 2444 2601 pictor
2470 2561 2647 2601 purpura
2667 2550 2840 2592 amictus
2866 2552 2964 2610 ³¹¹1

1681 2613 1813 2664 deret,
1842 2625 2084 2664 aureamque
2113 2624 2303 2658 coronam
2336 2615 2379 2654 in
2406 2614 2536 2665 capite
2563 2615 2742 2664 gestans,
2770 2615 2819 2655 ut
2842 2611 2959 2655 narra

1682 2679 1899 2719 Clearchus
1925 2680 1966 2719 in
1989 2680 2105 2719 Vitis.
2124 2680 2200 2719 Hic
2228 2680 2334 2720 enim
2358 2682 2504 2731 praeter
2523 2680 2688 2720 modum
2709 2682 2752 2720 et
2780 2690 2899 2732 supra
2915 2679 2953 2732 pi

1683 2741 1804 2781 ctoris
1825 2743 1972 2781 sortem
1995 2742 2201 2781 luxurians
2215 2772 2227 2790 ,
2251 2742 2386 2781 verbis
2408 2742 2600 2782 virtutem
2619 2742 2817 2792 professus
2836 2743 2918 2792 est,
2946 2756 2958 2777 ’-

1682 2805 1724 2845 in
1743 2805 1929 2856 operibus
1947 2816 1970 2844 a
1986 2815 2028 2845 se
2042 2805 2232 2845 confectis
2249 2805 2463 2844 inscribere
2479 2805 2740 2846 consueverat
2761 2815 2772 2844 :

1729 2884 1914 2928 Elegantis
1933 2884 1990 2919 vir
2013 2885 2098 2919 vitae
2111 2909 2120 2923 ,
2138 2884 2387 2929 virtutemque
2411 2884 2552 2927 colem,
2569 2883 2686 2920 hocce
2699 2883 2832 2928 pinxit.

1684 2958 1772 3002 Qua
1790 2956 2044 3007 inscriptione
2061 2955 2285 3006 indignatus
2299 2955 2465 3006 aliquisu,
2490 2966 2562 3006 pro
2585 2965 2633 2995 eo
2648 2954 2756 3005 quod
2773 2954 2840 2995 ille
2855 2956 2950 3008 ἁὸρο

1684 3021 1825 3066 δίαιτος
1861 3020 1938 3069 ait,
1972 3020 2235 3071 ῥαὸδοδίαιτος
2263 3017 2442 3070 ascripsit
2467 3017 2608 3070 (quasi
2649 3017 2798 3059 diceret
2826 3019 2955 3059 bacul

1685 3083 1874 3132 vivens).
1916 3083 2052 3123 Multis
2082 3094 2180 3122 vero
2212 3093 2378 3123 suorum
2403 3093 2571 3133 operum
2600 3082 2722 3123 etiam
2749 3082 2934 3141 hos-vers

1684 3149 1881 3199 inscripsit
1903 3165 1912 3186 :

1731 3226 1916 3271 Elegantis
1931 3210 1995 3262 ‘vir
2009 3226 2095 3262 vitae
2111 3227 2367 3271 virtutemque
2387 3225 2512 3261 colens
2534 3225 2615 3260 haee
2629 3223 2751 3270 pinxit
2806 3252 2810 3254 ,

1736 3283 1975 3324 Parrhasius,
1994 3283 2055 3318 cui
2071 3283 2189 3328 patria
2205 3285 2260 3319 est
2275 3282 2416 3325 inclyta
2433 3281 2615 3327 Ephesus.

1733 3343 1808 3377 Nec
1826 3341 1938 3387 patris
1954 3341 2093 3377 oblitus
2113 3349 2196 3376 sum
2211 3340 2394 3376 Euenoris
2405 3339 2470 3384 qui
2490 3348 2550 3374 me
2570 3337 2706 3383 genuit

1731 3398 1950 3442 legitimum,
1968 3399 2186 3432 Graecorum
2206 3396 2343 3443 primas
2360 3396 2400 3432 in
2416 3398 2495 3431 arte
2510 3394 2704 3431 ferentem.

2049 3491 2087 3537 E
2123 3489 2314 3538 LlBRO
2345 3489 2624 3549 QUARTO.

2315 3583 2357 3623 ὅ.

1743 3660 1957 3700 Clearchus
1987 3658 2183 3708 Solensis,
2222 3658 2366 3708 quarto
2398 3655 2503 3696 libro
2537 3655 2742 3704 Vitarum,
2773 3653 2932 3706 postqu

1691 3723 1741 3763 de
1760 3723 1967 3764 Medorum
1990 3722 2152 3762 luxuria
2167 3721 2289 3760 verba
2307 3720 2423 3770 fecit,
2452 3730 2477 3759 a
2498 3719 2645 3771 quibus
2658 3729 2707 3771 ea
2727 3727 2870 3767 caussa
2926 3751 2930 3756 ,

1692 3789 1780 3839 tos,
1805 3788 1882 3836 ait,
1903 3799 1925 3827 e
1947 3786 2244 3827 circumvicinis
2270 3786 2464 3825 castratos
2491 3794 2597 3834 esse,
2621 3781 2782 3833 subjicit
2801 3780 2893 3823 dein
2903 3796 2927 3838 ι,

1695 3869 1713 3887 «
1736 3864 1759 3892 a
1779 3853 1903 3894 Medis
1925 3853 2128 3903 acceptam
2148 3850 2433 3901 melophoriam
2458 3849 2588 3889 Persis
2611 3847 2729 3888 fuisse
2752 3838 2837 3887 lion
2889 3841 2930 3882 ,x-

1694 3917 1888 3958 ultionem
1906 3927 2047 3957 eorum
2060 3926 2150 3966 quae
2167 3915 2272 3966 passi
2287 3915 2440 3964 essent,
2457 3923 2598 3954 verum
2610 3912 2730 3953 etiam
2745 3910 2931 3964 αᾶωοιμ,

1700 3991 1794 4020 nem
1809 4010 1821 4030 ‚
1837 3991 1930 4031 quae
1958 3978 2156 4030 (Medos)
2189 3977 2548 4018 commonefaceret
2567 3976 2758 4030 pristinae¹
2771 3968 2868 4016 sate!
2883 3991 2898 4020 Ἰρ
2919 3995 2930 4023 ,ι

1694 4044 1897 4094 mollitiei,
1916 4054 2126 4095 quousque
2156 4043 2372 4083 effeminati
2389 4042 2511 4082 animi
2533 4041 2698 4082 fuissent
2717 4039 2891 4094 delapsi.
2931 4086 2935 4094 .

1695 4109 1772 4148 test
1797 4107 1924 4157 enim,
1965 4108 2011 4146 ut
2050 4105 2224 4154 videtur,
2257 4105 2468 4146 immodica
2499 4105 2658 4145 illorum
2690 4103 2731 4143 et
2766 4101 2931 4151 stoli-2

1696 4171 1804 4211 omni
1834 4171 1917 4211 vita
1949 4169 2135 4211 mollities
2161 4169 2279 4209 etiam
2309 4180 2358 4209 ex
2390 4168 2618 4209 hominibus
2648 4164 2794 4207 lanceis
2822 4175 2846 4206 a
