3016 4628
652 412 904 460 ΗΛΕῙΩΝ.

707 538 786 582 92.

197 624 539 685 Harpocration
588 635 599 668 :
646 616 995 668 Ἑλλανοδίκα
1009 636 1022 663 ι
1063 633 1074 665 :
1130 617 1424 682 Ἀριστοτέλης

141 695 323 745 Ἠλείων
341 692 535 756 πολιτείᾳ
550 690 598 740 τὸ
621 689 699 753 μὲν
722 687 889 754 πρῶτόν
911 707 1037 754 φησιν
1058 688 1130 735 ἕνα
1151 692 1423 746 καταστῆσαι

69 782 78 791 ’
131 767 236 822 τοὺς
255 765 451 819 Ἠλείους
473 761 804 821 Ἑλλανοδίκην,
834 759 988 825 χρόνου
1013 759 1245 814 διελθόντος
1286 760 1349 823 β’,
1374 760 1422 808 τὸ

139 838 184 887 δὲ
203 840 441 887 τελευταῖον
457 835 509 883 θ’.

201 915 272 959 De
306 924 503 956 numero
539 907 949 962 Hellanodicarum
971 907 1109 951 variis
1132 907 1422 966 temporibus

135 985 267 1029 vario
285 982 392 1027 vide
414 980 604 1026 Boeckh.
630 979 690 1023 ad
709 978 898 1023 Pindari
916 979 1060 1026 schol.
1085 994 1133 1038 p.
1159 977 1240 1038 95.
1268 981 1420 1024 Locos

134 1063 344 1099 veterum
367 1051 450 1110 qui
470 1052 563 1095 huc
586 1051 823 1110 pertinent
853 1051 1075 1094 collectos
1095 1059 1142 1094 et
1167 1051 1420 1109 exscriptos

72 1143 74 1146 ·
133 1126 273 1171 habes
310 1125 360 1168 in
400 1125 620 1183 Stephan.
654 1123 870 1168 Thesaur.
911 1138 948 1166 s.
987 1124 1036 1166 h.
1073 1139 1116 1169 v.
1155 1123 1224 1169 Cf.
1253 1123 1415 1183 fragm

133 1196 413 1243 Aristodemi
437 1197 552 1242 Elei.

715 1300 835 1364 (93-)

195 1418 362 1463 Strabo
385 1417 514 1473 VIII,
531 1431 579 1476 p.
604 1415 695 1469 345
718 1432 728 1460 ε
749 1413 854 1463 Νυνὶ
873 1412 916 1460 δὲ
939 1413 1036 1479 περὶ
1056 1417 1139 1460 τῶν
1165 1416 1207 1460 ἐν
1231 1418 1284 1478 τῇ
1309 1417 1412 1478 Τρι-

61 1511 63 1514 ·
131 1487 262 1555 φυλία
283 1486 529 1536 Καυκώνων
567 1490 702 1533 ταῦτα
727 1484 1106 1551 προσιστορητέον.
1131 1487 1188 1534 Οἳ
1218 1485 1297 1575 μὲν
1329 1485 1413 1549 γὰρ

127 1561 232 1619 ὅλην
254 1559 332 1618 τὴν
365 1563 436 1606 νῦν
459 1558 660 1619 Ἠλείαν,
691 1558 777 1604 ἀπὸ
800 1577 875 1616 της
897 1557 1149 1615 Μεσσηνίας
1174 1557 1303 1622 μέχρι
1323 1557 1414 1606 Δύ-

130 1653 241 1695 μης,
287 1631 544 1682 Καυκωνίαν
588 1629 793 1694 λεχθῆναί
835 1648 982 1695 φασιν.
1038 1628 1294 1693 Ἀντίμαχος
1337 1621 1410 1677 ουν

76 1705 82 1715 ’
129 1703 328 1758 Ἐπειους
350 1703 423 1752 καὶ
454 1703 694 1756 Καύκωνας
728 1701 925 1756 ἅπαντας
949 1701 1280 1767 προσαγορεύει·
1307 1701 1390 1748 τινὲ
1395 1722 1413 1755 ς

128 1776 200 1837 δὲ,
223 1775 326 1834 ὅλην
346 1775 423 1838 μὲν
443 1774 502 1837 μὴ
525 1775 760 1839 κατασχεῖν
781 1774 954 1833 αὐτους,
973 1774 1074 1838 δίχα
1092 1773 1136 1821 δὲ
1155 1772 1412 1838 μεμερισμέ-

127 1867 220 1902 νους
238 1849 395 1908 οἰκεῖν,
418 1849 515 1900 τους
536 1844 612 1909 μὲν
633 1845 738 1911 πρὸς
755 1866 808 1910 τῃ
828 1845 1057 1911 Μεσσηνία
1073 1845 1187 1893 κατὰ
1207 1846 1284 1903 τὴν
1307 1848 1413 1907 Τρι-

127 1919 303 1987 φυλίαν,
327 1918 422 1973 τους
447 1918 492 1966 δὲ
515 1918 619 1983 πρὸς
651 1923 704 1984 τῇ
730 1918 857 1983 Δύμῃ
891 1918 1004 1966 κατὰ
1027 1918 1105 1976 τὴν
1130 1918 1412 1983 Βουπρασίδα

128 1991 202 2040 καὶ
226 1990 304 2050 τὴν
339 1992 487 2050 κοίλην
523 1984 672 2040 Ηλιν.
711 1990 1005 2056 Ἀριστοτέλης
1046 1991 1081 2038 δ’
1109 1993 1291 2039 ἐνταυθα
1325 1991 1411 2053 μά-

48 2063 49 2066 *
126 2065 254 2112 λιστα
276 2055 362 2112 οἶδε
345 2083 386 2110 εν
402 2061 650 2128 ἱδρυμένους
669 2063 838 2117 αὐτούς.
868 2064 958 2112 Και
985 2061 1036 2121 δὴ
1057 2070 1144 2117 τοῖς
1169 2062 1241 2128 υφ’
1265 2061 1411 2125 Ὁμή-

28 2141 32 2148 ‘
128 2154 201 2200 ρου
222 2133 464 2199 λεγομένοις
500 2138 701 2206 ὁμολογεῖ
727 2135 890 2199 μαλλον
923 2138 950 2193 ἠ
989 2135 1150 2193 υστάτη
1174 2133 1411 2199 ἀπόφασις·

102 2206 176 2255 ’τό
196 2226 244 2255 τε
273 2205 530 2269 ζητούμενον
563 2207 768 2272 πρότερον
803 2206 1019 2269 λαμὸάνει
1049 2206 1188 2256 λύσιν.
1212 2209 1411 2267 Reliqua

126 2281 291 2341 apud
278 2296 430 2340 1psum
451 2282 574 2342 legas
595 2280 890 2327 Strabonem.
916 2282 1040 2325 Num
1065 2289 1192 2325 recte
1211 2280 1272 2324 ad
1294 2283 1412 2325 Res-

55 2416 58 2417 ⁷
124 2354 333 2413 publicas
355 2353 485 2398 locus
507 2352 735 2397 referatur
759 2352 954 2396 dubium
986 2362 1067 2396 est.
1091 2352 1167 2396 Ad
1188 2349 1410 2414 Ὁμηρικὰ

69 2475 72 2479 ,
125 2421 389 2487 ἀπορήματα
413 2423 578 2468 referri
596 2424 773 2467 malim.

681 2538 760 2600 [93
787 2539 852 2600 a.]

0 2640 7 2691 l
190 2649 354 2712 [Arist.
392 2642 495 2695 Pol.
521 2653 609 2708 VI,
645 2666 698 2707 2,
751 2650 795 2695 5:
822 2645 950 2697 ’Έστι
976 2649 1019 2695 δὲ
1053 2649 1126 2696 καὶ
1151 2648 1195 2696 ὃν
1217 2649 1410 2712 λέγουσιν

126 2720 309 2776 Ὀξύλου
333 2721 462 2783 νόμον
486 2715 593 2768 εἶναι
617 2720 806 2768 τοιοῦτόν
832 2741 872 2768 τι
901 2720 1154 2784 δυνάμενος,
1177 2721 1225 2768 τὸ
1247 2721 1308 2783 μὴ
1331 2724 1410 2769 δα-

125 2792 272 2848 νείζειν
305 2792 363 2846 εἷς
402 2811 443 2839 τι
483 2791 611 2857 μέρος
644 2795 719 2849 τῆς
757 2791 1034 2857 ὑπαρχούσης
1074 2793 1244 2856 ἑκάστῳ
1285 2794 1408 2856 γῆς]

124 2869 195 2912 De
229 2867 379 2926 Oxylo
409 2868 631 2911 Eleorum
660 2881 771 2928 rege
804 2883 850 2911 v.
884 2869 1127 2911 Pausanias
1155 2870 1221 2923 V,
1262 2867 1305 2914 3.
1339 2870 1410 2912 De

126 2939 226 3000 Iege
248 2939 434 2983 aliunde
456 2955 555 2983 non
577 2948 689 2983 nota
719 2952 766 2983 v.
793 2939 975 2983 Miiller.
998 2940 1105 2984 Dor.
1131 2939 1203 2998 ΙΙ,
1220 2954 1268 2997 p.
1292 2954 1404 2983 200.

605 3074 926 3123 ELEORUM.

106 3222 118 3236 ⁰
175 3226 406 3268 Aristoteles
433 3227 477 3268 in
505 3227 692 3266 Eleorum
720 3227 889 3277 Republ.
922 3226 1018 3265 dicit
1043 3226 1216 3276 primum
1249 3225 1411 3276 quidem

127 3301 252 3331 unum
270 3291 424 3330 tantum
442 3290 737 3330 Hellanodicam
752 3291 867 3330 Eleos
883 3290 1118 3339 instituisse,
1138 3284 1274 3340 postea
1291 3289 1408 3339 duos,

126 3357 322 3408 postremo
339 3366 497 3395 novem.

120 3479 133 3519 ,”
173 3481 234 3521 De
250 3477 501 3518 Cauconibus
516 3477 729 3528 Triphyliae
744 3478 831 3517 haec
853 3487 959 3516 nunc
975 3477 1155 3517 addenda
1180 3480 1286 3516 sunt.
1315 3478 1409 3516 Ete-

43 3550 85 3574 »κη
123 3541 206 3582 nim
219 3541 400 3582 nonnulli
419 3541 552 3582 Eleam
567 3542 791 3582 universam
811 3541 1056 3581 Cauconiam
1072 3541 1308 3591 appellatam
1328 3551 1412 3581 esse

64 3624 66 3626 ·
124 3606 273 3648 dicunt.
297 3607 439 3656 ltaque
463 3605 721 3646 Antimachus
736 3609 862 3656 Epeos
881 3607 921 3645 ct
947 3608 1152 3646 Caucones
1170 3615 1308 3644 omnes
1335 3615 1406 3655 ap-

127 3669 270 3721 pellat3
293 3669 360 3709 alii
395 3681 489 3710 vero
513 3681 596 3709 non
622 3670 749 3710 totam
775 3670 912 3709 Eleam
935 3679 1002 3708 eos
1034 3668 1209 3708 tenuisse
1243 3668 1408 3715 volunt,

125 3733 195 3774 sed
223 3733 406 3774 bifariam
428 3733 576 3773 divisos
601 3733 798 3773 habitasse
811 3763 823 3784 ,
850 3733 995 3772 alteros
1031 3732 1081 3772 ad
1110 3732 1342 3771 Messeniam
1370 3732 1410 3771 in

39 3831 50 3834 ..
125 3797 350 3849 Triphylia,
364 3798 511 3838 alteros
521 3797 573 3837 ad
587 3800 743 3848 Dymen
757 3797 798 3836 in
815 3796 1032 3848 Bupraside
1047 3796 1142 3836 etin
1158 3798 1265 3837 Cava
1280 3795 1404 3835 Elide.
1453 3848 1458 3853 ,

31 3862 77 3898 «Γπ
126 3861 351 3902 Aristoteles
370 3869 466 3901 vero
488 3861 566 3900 hoc
585 3862 784 3912 postremo
806 3860 980 3900 maxime
998 3860 1086 3899 loco
1102 3870 1170 3899 eos
1189 3858 1409 3899 consedisse

111 3925 252 3966 ¹novit.
277 3927 378 3972 Quae
405 3924 570 3975 quidem
590 3924 782 3965 sententia
800 3924 924 3974 magis
943 3923 1128 3962 convenit
1154 3933 1246 3961 cum
1278 3921 1409 3962 verbis

128 3988 310 4038 Homeri3
328 3989 447 4039 atque
465 3988 522 4028 sic
540 3989 660 4028 etiam
682 3987 791 4039 quod
806 3989 923 4028 antea
946 3986 1216 4037 quaerebatur,
1237 3986 1320 4035 jam
1340 3996 1409 4025 ex-

36 4040 81 4105 15
125 4051 376 4103 »litationem
390 4052 554 4093 invenit.

691 4122 763 4174 [93
781 4121 842 4174 a.]

177 4188 193 4240 [
206 4189 276 4231 nst
293 4189 411 4230 etiam
423 4189 503 4238 lex,
521 4199 640 4240 quam
656 4189 706 4229 ab
718 4189 848 4240 Oxylo
867 4189 989 4228 latam
1001 4198 1083 4228 esse
1096 4187 1230 4228 dicunt
1242 4215 1254 4236 ‚
1272 4195 1410 4235 agrum

47 4248 58 4261 ⁶
129 4251 267 4296 foenori
283 4252 334 4295 ad
345 4254 493 4294 certam
510 4253 661 4304 partem
681 4252 862 4293 addicere
877 4252 1026 4292 vetans.
1040 4250 1055 4302 ]

39 4348 61 4379 “ff
172 4356 184 4379 s

49 4387 61 4415 l

36 4446 57 4462 ,πθ

2 4471 92 4523 5⁸0&ss

2 4518 4 4521 v
14 4515 18 4519 .
34 4506 83 4532 ‘¹¹¹4'

2 4527 89 4628 ,-
170 4615 172 4619 ψ

1047 307 1170 354 ABG
1180 306 1388 354 OLlDlS
1434 306 1857 356 RESPUBLICAE.

1552 141 1573 176 Χ

2696 323 2779 363 135

2048 415 2133 476 [93
2160 417 2238 476 l›.]

1565 545 1728 607 [Idem
1754 540 1853 590 Pol.
1883 549 1945 602 V,
1978 547 2029 602 5,
2058 547 2086 591 8
2115 562 2125 592 :
2165 546 2462 593 Καταλύονται
2497 549 2539 595 δὲ
2572 550 2643 596 καὶ
2682 553 2782 599 ὅταν

1497 616 1539 661 ἐν
1577 620 1630 679 τῇ
1670 618 1900 681 ὀλιγαρχία
1937 616 2085 681 ἑτέραν
2121 616 2372 682 ὀλιγαρχίαν
2399 621 2627 680 ἐμποιῶσι·
2661 631 2783 680 τοῦτο

1497 687 1532 732 δ’
1558 687 1694 746 ἐστὶν,
1720 687 1848 747 ὅταν,
1871 691 1943 734 τοῦ
1962 687 2119 742 παντὸς
2139 688 2448 750 πολιτεύματος
2473 691 2612 754 ὀλίγου
2637 694 2780 758 ὄντος,

1494 761 1579 804 τῶν
1605 758 1819 822 μεγίστων
1853 761 1999 824 ἀρχῶν
2025 758 2085 822 μὴ
2112 758 2349 823 μετέχωσιν
2374 761 2412 805 οἱ
2446 761 2579 824 ὀλίγοι
2603 767 2783 827 πάντες·

1494 829 1570 878 ὅπε
1553 849 1598 895 ερ
1622 833 1663 879 ἐν
1682 830 1831 880 Ηλιδι
1856 830 2012 890 συνέὸη
2037 830 2163 878 ποτέ·
2186 850 2262 889 της
2281 830 2496 886 πολιτείας
2519 832 2600 898 γὰρ
2622 836 2677 880 δι’
2694 838 2783 883 ὀλί-

1495 923 1582 965 γων
1604 902 1759 963 οὔσης,
1785 906 1869 951 τῶν
1890 903 2100 968 γερόντων
2121 902 2255 966 ὀλίγοι
2275 902 2462 965 πάμπαν
2480 904 2686 969 ἐγίνοντο,
2712 908 2782 954 διὰ

1496 974 1544 1022 τὸ
1571 975 1730 1031 ἀϊδίους
1758 980 1865 1023 εἶναι
1890 974 2191 1033 ἐνενήκοντα”
2167 994 2314 1033 οντας,
2345 975 2422 1032 τὴν
2460 977 2496 1022 δ’
2522 975 2732 1042 αἵρεσιν
2709 998 2780 1027 ου-

1493 1047 1774 1107 ναστευτικὴν
1800 1040 1907 1095 εἶναι
1932 1048 2005 1095 καὶ
2031 1047 2184 1111 ὁμοίαν
2212 1051 2265 1111 τῇ
2296 1050 2381 1094 τῶν
2416 1050 2458 1094 ἐν
2493 1049 2783 1112 Λακεδαίμονι

1492 1119 1717 1185 γερόντων.
1729 1122 1748 1184 ]

1564 1214 1583 1234 «
1603 1197 1673 1239 De
1691 1197 1914 1239 Eleorum
1929 1203 2047 1239 statu
2063 1196 2179 1254 reip.
2197 1210 2367 1254 parum
2383 1201 2464 1238 aut
2484 1195 2598 1238 nihil
2618 1197 2783 1256 scripta

1493 1275 1602 1310 vett.
1632 1266 1847 1322 tradunt,
1875 1275 2044 1326 praeter
2067 1282 2214 1310 unum
2233 1266 2578 1325 Thucydidem,
2605 1269 2666 1323 V,
2696 1274 2752 1324 47
2769 1303 2780 1322 ‚

1491 1337 1575 1380 ubi
1608 1337 1759 1381 obiter
1788 1346 2112 1381 memorantur
2134 1338 2184 1380 in
2206 1338 2428 1380 Eleorum
2451 1335 2721 1400 δημοκρατίᾳ
2745 1341 2783 1384 οἱ

1490 1405 1743 1470 δημιουργοὶ
1770 1407 1842 1454 καὶ
1866 1409 1904 1454 οἳ
1945 1406 1999 1453 τὰ
2033 1406 2138 1465 τέλη
2172 1405 2343 1470 ἔχοντες
2366 1406 2441 1453 καὶ
2481 1409 2519 1453 οἱ
2558 1407 2779 1466 ἑξηκόσιοι.

1489 1481 1582 1526 Sed
1604 1481 1664 1525 ad
1685 1481 1804 1526 illud
1825 1483 1976 1542 ipsum
1998 1481 2170 1526 factum
2184 1516 2196 1538 ,
2220 1481 2350 1540 quod
2370 1482 2639 1526 Aristoteles
2656 1498 2784 1527 com-

1487 1564 1739 1611 memorat,
1765 1563 1971 1614 spectare
1994 1554 2181 1599 videtur
2200 1554 2250 1597 id
2277 1553 2408 1612 quod
2432 1564 2594 1598 narrat
2630 1555 2782 1599 obiter

1487 1628 1760 1671 Plutarchus
1796 1628 1845 1670 in
1882 1628 2027 1671 Praec.
2068 1627 2207 1671 Polit.
2249 1624 2321 1688 [e.
2351 1641 2408 1671 10
2432 1624 2450 1687 ]
2478 1641 2489 1670 ε
2514 1623 2604 1672 Καὶ
2626 1624 2782 1688 βουλήν

1487 1715 1596 1750 τινες
1636 1697 1807 1761 ἐπαχθῆ
1846 1698 1920 1744 καὶ
1965 1694 2248 1760 ὀλιγαρχικὴν
2286 1695 2594 1756 κολούσαντες,
2637 1694 2783 1760 ὥσπερ

1487 1768 1725 1833 Ἐφιάλτης
1748 1767 1951 1826 Ἀθήνησι
1976 1767 2049 1815 καὶ
2074 1767 2284 1833 Φορμίων
2320 1770 2425 1831 παρ’
2462 1767 2684 1830 Ἠλαίοις,
2711 1768 2784 1815 δύ-

1487 1859 1615 1898 ναμιν
1657 1840 1751 1903 ἅμα
1789 1839 2012 1895 καὶδόξαν
2052 1839 2196 1904 ἔσχον.
2235 1861 2253 1881 »
2277 1840 2549 1886 SCHNEIDER
2586 1842 2647 1886 ad
2675 1843 2724 1886 h.
2753 1844 2780 1887 l.

1487 1916 1555 1961 Cf.
1581 1917 1767 1962 Miiller.
1786 1917 1899 1960 Dor.
1921 1917 2059 1975 11‚1p.
2079 1929 2158 1974 97.
2186 1920 2263 1971 74.
2299 1919 2404 1967 141.

1554 1990 1624 2032 De
1658 1989 1772 2032 Eleo
1805 1988 2013 2046 Neptuni
2052 1996 2098 2030 et
2137 1987 2394 2045 Eurypyles
2430 1985 2554 2042 filio,
2590 1987 2705 2045 Epei
2738 1995 2783 2030 et

1486 2059 1691 2103 Alexidis
1719 2067 1877 2119 patre,
1898 2058 2166 2103 Aristoteles
2191 2057 2232 2102 ἐν
2257 2054 2419 2119 Πέπλῳ
2452 2058 2670 2102 laudatur
2703 2073 2777 2117 ap.

1486 2133 1638 2191 Etym.
1666 2133 1730 2177 M.
1758 2147 1803 2174 V.
1823 2121 1966 2181 ῗΗλις.
1987 2134 2041 2176 V.
2067 2130 2205 2176 infra.

1925 2285 2337 2334 TPOIZHNIQN,

2091 2431 2170 2484 94.

1550 2579 1796 2623 Athenaeus
1814 2580 1836 2621 Ι
1849 2593 1925 2637 ,p.
1948 2577 1971 2621 3
1984 2594 2022 2634 1,
2040 2579 2074 2622 C
2092 2594 2104 2623 ι
2123 2573 2391 2637 Ὠνομάζετο
2405 2573 2450 2621 δὲ
2469 2573 2590 2638 παρὰ
2600 2575 2779 2638 Τροιζη-

1487 2648 1607 2707 νίοις,
1633 2648 1690 2702 ὥς
1720 2666 1848 2712 φησιν
1881 2646 2178 2712 Ἀριστοτέλης
2210 2648 2254 2693 ἐν
2281 2650 2334 2711 τῇ
2370 2648 2510 2694 αὐτῶν
2535 2646 2742 2710 Πολιτείᾳ
2759 2684 2772 2708 ,

1488 2719 1682 2782 ἄμπελος
1722 2718 1991 2777 Ἀνθηδονιὰς
2015 2718 2088 2766 καὶ
2121 2717 2329 2783 ςΥπεριὰς
2356 2716 2442 2765 ἀπὸ
2478 2715 2630 2767 Ἄνθου
2671 2718 2778 2772 τινὸς

1486 2791 1560 2839 καὶ
1590 2791 1801 2856 Ὑπέρου,
1833 2795 1889 2846 ὡς
1904 2791 1977 2839 καὶ
2008 2789 2236 2857 Ἀλθηφιὰς
2262 2789 2348 2837 ἀπὸ
2377 2790 2609 2854 Ἀλθηφίου
2632 2791 2770 2849 τινὸς,

1487 2865 1577 2918 ἑνὸς
1600 2868 1683 2911 τῶν
1710 2864 1902 2930 Ἀλφείου
1924 2863 2165 2928 ἀπογόνων.

1554 2937 1674 2983 Hinc
1696 2954 1778 2983 sua
1799 2939 1962 2985 Suidas
1986 2954 2032 2985 v.
2058 2934 2294 2997 Ἀλθηφιάς
2321 2945 2366 2982 et
2385 2939 2554 2982 Zonar.
2582 2953 2631 2996 p.
2663 2955 2681 2982 1
2696 2938 2774 2984 26.

2043 3075 2113 3127 [93
2130 3071 2196 3127 b.]

1539 3181 1803 3235 [Dissolvitur
1821 3182 1942 3222 etiam
1961 3181 2188 3232 oligarchia‚
2204 3191 2333 3231 quum
2348 3181 2390 3220 in
2404 3180 2658 3231 oligarchiam
2675 3180 2776 3219 alte-

1484 3258 1572 3286 ram
1588 3246 1843 3298 oligarchiam
1864 3246 2071 3295 inducunt,
2089 3245 2199 3296 quod
2213 3246 2273 3296 fit,
2294 3255 2436 3295 quum,
2452 3244 2503 3283 ad
2518 3254 2665 3294 paucos
2680 3254 2777 3282 con·

1483 3314 1613 3352 tracta
1631 3312 1870 3363 reipublicae.
1890 3311 2258 3361 administratione,
2291 3310 2626 3360 amplissimorum
2651 3309 2785 3358 magi·,

1484 3378 1684 3416 stratuum
1700 3387 1837 3416 omnes
1852 3375 1967 3426 pauci
1982 3386 2063 3414 non
2078 3376 2171 3415 sunt
2183 3374 2392 3425 participes
2411 3389 2422 3414 ε
2440 3373 2547 3424 quod
2562 3372 2777 3422 aliquando

1484 3441 1525 3479 in
1542 3440 1653 3480 Elide
1669 3439 1828 3479 accidit.
1849 3442 1951 3480 Nam
1963 3450 2088 3489 quum
2100 3438 2320 3488 respublica
2337 3449 2361 3476 a
2374 3436 2511 3488 paucis
2527 3436 2775 3476 administra-

1485 3505 1608 3553 retur,
1637 3503 1754 3553 pauci
1780 3503 1941 3542 omnino
1967 3502 2119 3542 fiebant
2152 3503 2353 3540 senatores
2365 3530 2377 3546 ‚
2408 3502 2447 3540 et
2477 3500 2570 3550 quia
2599 3499 2775 3549 perpetui

1484 3569 1620 3615 erant,
1644 3577 1812 3606 numero
1848 3566 2090 3615 nonaginta,
2119 3565 2159 3604 et
2178 3565 2273 3615 quia
2292 3564 2433 3604 electio
2463 3565 2547 3603 erat
2573 3562 2775 3612 dynastica

1483 3640 1603 3689 atque
1618 3638 1654 3678 ei
1669 3638 1805 3682 similis
1816 3667 1827 3687 ,
1848 3647 1928 3688 qua
1943 3638 2142 3677 senatores
2161 3635 2447 3676 Lacedaemone
2467 3635 2663 3684 leguntur.
2680 3632 2693 3682 ]

1876 3753 2374 3806 TROEZENIORUM

2096 3878 2169 3918 94.

1537 3992 1653 4042 Apud
1684 3990 1936 4039 Troezenios,
1957 3991 2003 4029 ut
2027 3988 2256 4029 Aristoteles
2281 3987 2322 4025 in
2349 3987 2445 4033 Rep.
2467 3993 2603 4022 eorum
2624 3981 2767 4029 tradit,

1485 4057 1763 4097 nominabatur
1781 4056 1872 4095 vitis
1887 4053 2154 4099 Antliedonias
2174 4054 2213 4091 et
2229 4049 2416 4100 Hyperias
2434 4048 2484 4086 ab
2514 4045 2644 4085 Antho
2666 4047 2769 4094 quo·-

1483 4120 1578 4160 dam
1594 4122 1633 4160 et
1650 4122 1828 4170 Hypere,
1849 4117 1964 4158 sicuti
1982 4117 2103 4156 etiam
2124 4113 2349 4165 Althephias
2369 4111 2418 4150 ab
2442 4107 2651 4159 Althephio
2666 4118 2777 4162 quo<

1485 4183 1576 4222 dam
1588 4213 1599 4234 ,
1617 4193 1698 4226 uno
1714 4194 1764 4222 ex
1784 4180 1920 4232 Alphei
1938 4179 2114 4233 posteris.
