3016 4628
283 296 374 336 3¹3

278 386 606 441 ἐσπουδακότος·
632 384 743 434 ἀλλὰ
773 387 936 448 μᾶλλον
966 382 1040 438 τὰς
1074 384 1298 448 τοιαύτας,
1319 387 1380 449 τῷ
1402 383 1560 449 πρώτῳ

278 464 376 516 ἔπος
401 460 596 524 ἷαμὸεῖον
620 459 783 507 εἰπόντι
805 458 854 507 τὸ
874 457 1077 523 ἐχόμενον
1100 457 1279 505 ἕκαστον
1305 456 1460 519 λέγειν,
1486 454 1559 504 καὶ

277 537 338 581 τῶ
361 533 591 599 κεφάλαιον
623 531 784 579 εἰπόντι
808 533 1020 579 ἀντειπεῖν
1044 530 1093 577 τὸ
1116 528 1260 594 ἑτέρου
1286 547 1463 587 ποιητου
1495 546 1559 573 τι-

277 623 370 662 νος,
391 606 429 651 εἰ
451 602 530 663 τὴν
551 602 687 661 αὐτὴν
709 594 805 650 εἶπε
828 601 1025 691 γνώμην·
1045 600 1108 648 ἔτι
1143 600 1187 648 δὲ
1216 600 1353 663 λέγειν
1378 598 1558 646 ἕκαστον

278 676 487 738 ἰαμὸεῑον.
534 675 651 741 Πρός
691 694 739 723 τε
775 674 936 729 τούτοις
975 673 1154 721 ἕκαστον
1195 674 1327 720 εἰπεῖν
1362 672 1470 719 ὅσων
1507 669 1558 717 ἂν

278 751 530 814 προσταχθῇ
559 746 831 796 συλλαὸῶν
809 765 1031 812 εμμετρον·
1059 745 1132 792 καὶ
1165 743 1229 792 ὅσ’
1260 743 1345 791 ἀπὸ
1372 763 1447 801 της
1472 745 1557 789 τῶν

277 822 548 887 γραμμάτων
571 821 645 868 καὶ
669 820 939 869 συλλαὸῶν”
918 839 936 866 ε
938 838 1063 884 χεται
1089 817 1280 883 θεωρίας.
1303 816 1493 879 Ὁμοίως
1513 813 1558 862 δὲ

278 901 364 947 τοῖς
383 893 619 959 εἰρημένοις
633 892 838 956 ἡγεμόνος
860 892 1041 939 ἑκάστου
1065 889 1247 951 λέγειν’
1222 908 1355 951 ονομα
1380 891 1464 936 τῶν
1485 886 1556 934 ε’πι

278 966 438 1029 Τροίαν
476 965 504 1024 ἢ
539 968 621 1013 τῶν
643 964 827 1054 Τρώων
852 963 924 1011 καὶ
947 964 1108 1016 πόλεως
1137 962 1272 1024 ὄνομα
1306 979 1391 1008 των
1421 963 1464 1007 ἐν
1503 962 1555 1022 τῇ

280 1037 435 1084 Ἀσία
422 1037 557 1099 Λέγειν
579 1036 663 1084 ἀπὸ
686 1041 758 1084 τοῦ
781 1034 966 1089 δοθέντος
991 1052 1245 1098 γραμματος
1260 1069 1273 1094 ,
1298 1031 1370 1078 τὸν
1396 1030 1432 1077 δ’
1458 1049 1476 1076 ε
1479 1049 1555 1093 χο

280 1127 330 1169 με
319 1127 406 1155 νον
428 1112 511 1156 τῶν
532 1111 575 1155 ἐν
597 1112 650 1171 τῇ
677 1106 886 1173 Εὐρώπῃ,
904 1107 975 1154 καὶ
999 1104 1094 1159 τοὺς
1119 1103 1289 1156 λοιπους
1309 1100 1554 1159 ἐναλλάξαι,

279 1180 331 1226 ἄν
355 1200 399 1227 τε
424 1177 717 1238 Ἑλληνίδος”
690 1198 739 1226 αν
765 1198 809 1226 τε
836 1178 1054 1253 βαρὸάρου
1077 1176 1180 1240 τάξῃ
1210 1195 1284 1229 τις.
1310 1176 1446 1223 ‘'sse-cs
1477 1172 1555 1249 τὴν

278 1252 453 1299 παιδιαν
488 1252 548 1315 μὴ
574 1252 784 1299 ἄσκεπτον
818 1254 947 1298 οὖσαν
980 1248 1212 1313 μηνύματα
1253 1247 1443 1309 γίνεσθαι
1478 1244 1555 1303 της

278 1323 460 1370 ἑκάστου
483 1324 586 1388 πρὸς
600 1322 797 1370 παιδείαν
817 1321 1085 1379 οἰκειότητος.
1112 1319 1210 1385 Ἐφ’
1233 1323 1293 1372 οἷς
1313 1311 1486 1366 ἀθλον’
1468 1317 1555 1364 ετί-

277 1399 405 1442 θεσαν
425 1395 627 1455 στέφανον
649 1394 722 1442 καὶ
746 1394 977 1459 εὐφημίαν,
995 1386 1054 1447 οἷς
1071 1392 1259 1455 μάλιστα
1279 1389 1555 1454 γλυκαίνεται

278 1467 326 1513 τὸ
347 1469 480 1532 φιλεῖν
501 1467 723 1526 ἀλληλους.
751 1488 770 1509 1>
790 1469 942 1515 Ταυτα
967 1464 1043 1528 μὲν
1059 1469 1130 1513 οὐν
1151 1463 1373 1529 Κλέαρχος
1390 1461 1550 1527 εἴρηκε.

876 1562 954 1615 46.

344 1649 473 1693 Idem
493 1650 600 1705 XV,
621 1665 673 1708 p.
696 1665 803 1706 701,
825 1649 859 1694 C
879 1664 889 1692 ε
909 1645 1130 1710 Κλέαρχος
1149 1649 1170 1692 ὁ
1188 1643 1369 1707 Σολεὺς,
1391 1643 1554 1697 οὐδενὸς

276 1716 336 1764 ὢν
358 1719 544 1784 δεύτερος
566 1722 650 1766 τῶν
673 1723 748 1766 τοῦ
776 1722 903 1784 σοφοῦ
925 1716 1237 1782 Ἀριστοτέλους
1262 1719 1489 1779 μαθητῶν,
1509 1717 1551 1762 ἐν

276 1792 338 1854 τῷ
348 1790 539 1855 προτέρῳ
559 1790 666 1856 Περὶ
681 1794 921 1856 παροιμιῶν
934 1789 1010 1848 τὴν
1030 1788 1161 1847 Λητώ
1177 1809 1301 1854 φησιν
1321 1792 1370 1835 ἐκ
1386 1787 1551 1837 Χαλκί-

278 1862 345 1914 δος
366 1865 440 1918 τῆς
462 1862 643 1916 lineola<
663 1861 1000 1924 ἀνακομίζουσαν
1017 1862 1072 1914 εἷς
1088 1859 1276 1925 Δελφοὺς
1300 1859 1551 1908 Ἀπόλλωνα

277 1931 351 1978 καὶ
373 1931 572 1996 Ἄρτεμιν
586 1972 598 1992 ,
622 1932 815 1995 γενέσθαι
839 1932 959 1998 παρὰ
979 1933 1026 1980 τὸ
1050 1937 1122 1980 τοῦ
1148 1933 1373 1990 κληθέντος
1394 1930 1550 1980 Πύθω-

275 2022 342 2056 νος
362 2004 585 2060 σπήλαιον.
611 2004 700 2053 Καὶ
720 2004 950 2070 φερομένου
968 2009 1041 2052 τοῦ
1064 2004 1265 2057 Πύθωνος
1286 2005 1351 2050 ἐπ’
1377 2004 1550 2063 αὐτοὺς,

275 2077 302 2130 ἡ
341 2074 494 2137 Λητὼ,
532 2078 616 2123 τῶν
655 2076 819 2123 παίδων
856 2076 927 2123 τὸν
961 2076 1101 2142 ἕτερον
1135 2078 1177 2123 ἐν
1211 2078 1305 2131 ταῖς
1342 2077 1552 2139 ἀγκάλαις

275 2145 455 2209 ἔχουσα,
479 2147 705 2210 προσὸᾶσα
743 2152 803 2214 τῷ
825 2149 930 2214 λίθῳ
962 2152 1023 2214 τῷ
1051 2154 1123 2196 νῦν
1148 2149 1210 2196 ἔτι
1247 2149 1433 2215 κειμένῳ
1468 2149 1552 2198 ὑπὸ

274 2221 334 2283 τῷ
356 2220 453 2267 ποδὶ
476 2223 551 2277 τῆς
572 2221 736 2284 χαλκῆς
759 2220 1038 2285 εἰργασμένης
1061 2224 1227 2279 Λητοῦς
1244 2259 1257 2284 ,
1287 2221 1335 2285 (ὃ
1353 2226 1431 2280 τῆς
1454 2221 1551 2270 τότε

273 2290 460 2354 πράξεως
494 2291 670 2355 μίμημα
698 2291 920 2356 γενόμενον
947 2293 1168 2340 ἀνοίκειται
1188 2294 1310 2360 παρὰ
1333 2294 1410 2353 τὴν
1430 2294 1550 2342 πλοί-

274 2428 358 2468 haec
387 2419 544 2480 prorsus
569 2431 684 2480 talia,
712 2432 758 2471 ut
783 2431 830 2470 iis
852 2433 1088 2472 conveniant
1113 2433 1339 2474 hominibus
1364 2434 1434 2485 qui
1454 2435 1551 2475 Phi·

273 2492 422 2532 laenidis
449 2495 488 2533 et
517 2494 755 2534 Archaetrati
788 2494 940 2545 scriptis
964 2496 1146 2536 innutriti
1175 2499 1290 2548 sunt,
1320 2499 1361 2537 et
1392 2495 1554 2538 omnino

273 2556 509 2606 gastrologiis
526 2557 573 2606 (i.
592 2568 628 2597 e.
651 2558 698 2597 iis
715 2557 902 2599 doctrinis
917 2570 1008 2609 quae
1025 2562 1205 2600 ventrem
1225 2572 1366 2602 curare
1381 2561 1552 2614 docent)

273 2618 368 2658 dant
379 2631 550 2670 operam.
566 2621 641 2661 Sed
658 2622 753 2662 tales
769 2624 899 2673 potius
914 2624 1151 2674 quaestiones
1160 2625 1255 2665 olim
1263 2626 1551 2676 proponebant.

278 2684 489 2733 Postquam
524 2684 674 2734 primus
707 2697 866 2726 versum
903 2686 1076 2738 aliquem
1118 2688 1307 2740 dixisset,
1341 2690 1553 2730 tenebatur

275 2746 439 2796 quisque
454 2746 579 2787 dicere
599 2759 754 2789 versum
781 2752 1008 2800 sequentem
1020 2764 1032 2801 ;
1049 2753 1117 2791 aut
1139 2752 1172 2792 si
1199 2753 1289 2804 quis
1305 2754 1458 2804 primus
1479 2755 1553 2794 ali-

275 2821 395 2861 quem
415 2811 546 2851 locum
577 2824 826 2855 communem
858 2817 904 2866 (e
924 2818 1038 2866 poeta
1064 2818 1268 2869 quodam)
1298 2819 1551 2871 protulisset,

275 2876 416 2926 singuli
447 2876 628 2917 dicebant
654 2880 812 2920 alterius
836 2881 1041 2932 cujusdam
1067 2885 1195 2933 poetae
1224 2884 1384 2935 locum,
1412 2884 1446 2925 si
1465 2885 1554 2936 quis

275 2940 438 2980 eandem
455 2943 685 2982 sententiam
705 2945 955 2985 enuntiasset.
980 2950 1034 2986 Ac
1050 2947 1191 2987 deinde
1207 2948 1351 2999 singuli
1371 2949 1551 2990 iambum

275 3003 392 3041 etiam
412 3003 575 3042 recitare
593 3005 835 3046 tenebantur.
853 3009 910 3047 Ad
925 3008 1010 3048 haec
1029 3010 1192 3050 recitare
1205 3011 1446 3060 jubebantur
1460 3023 1552 3052 ver·

276 3076 359 3103 suun
387 3076 674 3117 quemcumque
698 3070 757 3107 tot
778 3070 1013 3120 syllabarum
1027 3075 1126 3125 quot
1140 3079 1240 3115 esset
1256 3075 1550 3126 praescriptum:

279 3128 371 3167 item
402 3141 660 3181 quincumque
681 3133 874 3183 pertinent
898 3136 948 3175 ad
978 3137 1193 3178 litterarum
1223 3141 1293 3180 aut
1311 3140 1553 3191 syllabarum

280 3192 472 3232 notitiam.
491 3193 675 3234 Similiter
697 3196 934 3245 jubebantur
954 3202 1111 3241 nomina
1138 3203 1268 3244 dicere
1287 3204 1404 3245 unius
1419 3204 1552 3254 cujus·

278 3266 357 3306 que
373 3267 395 3296 e
413 3257 579 3298 ducibus
594 3261 823 3301 Graecorum
840 3263 888 3302 ad
909 3267 1092 3317 Trojam‚
1114 3268 1178 3308 vel
1192 3280 1215 3309 e
1229 3269 1398 3310 ducibus
1413 3270 1551 3321 Troja-

280 3330 445 3368 norum;
472 3323 540 3360 aut
567 3322 680 3362 edere
709 3334 852 3365 nomen
882 3328 1049 3370 civitatis
1078 3331 1180 3372 Asiae
1204 3343 1228 3372 a
1257 3333 1351 3373 data
1379 3334 1552 3384 quadam

280 3384 435 3424 littera
425 3386 629 3436 incipiens,
649 3390 734 3428 tum
757 3391 955 3440 proximus
977 3396 1178 3436 nominare
1192 3396 1362 3438 debebat
1381 3401 1553 3449 Europa>

280 3447 440 3497 urbem,
456 3450 496 3488 et
512 3450 647 3500 reliqui
672 3463 738 3501 per
765 3454 868 3494 vices
893 3467 1071 3508 pergere,
1094 3460 1178 3500 sive
1207 3461 1361 3501 Graecae
1383 3462 1554 3503 civitatis

281 3511 365 3549 sive
387 3510 599 3552 barbaricae
614 3524 756 3555 nomen
778 3517 908 3558 suisset
931 3531 1020 3570 qua
1013 3522 1157 3562 situm.
1174 3525 1314 3574 ltaque
1331 3525 1443 3565 lusus
1458 3525 1525 3565 ille
1539 3555 1551 3576 ,

279 3584 405 3623 quum
417 3584 495 3613 non
509 3576 748 3617 inconsultus
755 3582 853 3619 esset
856 3584 1120 3629 ‚occasionem
1133 3587 1332 3636 praebebat
1340 3600 1554 3640 unicuique

279 3637 508 3677 eruditionis
532 3649 615 3678 sum
631 3642 825 3689 specimen
844 3644 995 3685 edendi.
1015 3649 1064 3687 Et
1083 3649 1288 3698 praemium
1306 3653 1553 3702 propositum

279 3703 363 3739 erat
393 3712 537 3740 corona
563 3704 602 3742 et
634 3703 824 3753 plausus·
855 3707 996 3757 quibus
1022 3711 1138 3751 rebus
1166 3715 1337 3755 maxime
1363 3715 1554 3757 dulcescit

281 3767 420 3805 mutua
437 3766 623 3806 amicitia.
645 3784 663 3802 ι»
685 3770 778 3809 llaec
799 3770 912 3821 igitur
931 3774 1141 3817 Clearchus
1159 3778 1324 3829 scripsit.

877 3853 948 3894 46.

329 3921 542 3962 Clearchus
569 3924 767 3975 Solensis,
804 3926 1082 3978 discipulorum
1115 3934 1296 3984 sapientis
1334 3937 1554 3979 Aristotelis

278 3985 374 4024 nulli
392 3987 608 4037 secundus,
625 3989 752 4039 primo
771 3990 871 4031 libro
888 3995 944 4032 De
967 3996 1185 4047 paroemiis,
1205 4013 1223 4033 α
1241 4002 1454 4052 Latonam,
1473 4003 1551 4053 ait,

278 4059 401 4097 «pium
419 4060 467 4089 ex
492 4051 680 4091 Chalcide
706 4053 867 4093 liubona>
887 4053 1105 4107 Apollinem
1126 4062 1166 4100 et
1191 4062 1354 4102 Dianam
1384 4066 1554 4116 Delphos

278 4110 459 4163 duceret,
506 4114 555 4153 ad
602 4115 789 4166 Pythonis
833 4118 902 4168 qui
938 4122 1102 4161 vocatur
1132 4133 1292 4173 specum
1330 4128 1458 4168 luisse.
1491 4130 1551 4169 lbi

279 4183 400 4222 quum
431 4176 466 4215 in
500 4179 736 4229 ‹·osl’ylhon
770 4180 960 4232 impetum
984 4185 1149 4235 faceret,
1172 4189 1316 4229 Latona
1340 4191 1550 4233 liberorum

1277 279 1593 329 CLEARCHI
1628 278 1920 328 SOLENSlS

1638 403 1763 431 τανον
1787 386 1828 430 ἐν
1854 381 2080 447 Δελφοῖς,)
2099 384 2240 427 εἶπεν·
2260 377 2297 426 ἵε
2317 382 2414 428 παῖ.
2434 381 2596 445 Τυχεῒν
2618 380 2665 428 δὲ
2688 380 2792 438 τόξα
2815 402 2910 448 με
2934 360 2966 434 ,”

1634 462 1783 520 χεῖρας
1814 455 1967 519 ἔχοντα
1998 452 2072 500 τὸν
2103 450 2371 500 Ἀπόλλωνα
2395 453 2540 500 Τουτο
2562 453 2600 500 δ’
2634 456 2751 503 ἐστὶν
2781 457 2842 512 ὡς
2898 459 2904 469 ἶ
2922 456 2936 503 Ji

1636 528 1747 574 εἴποι
1763 547 1844 581 τις·
1867 525 1965 591 ἄφιε
1987 525 2089 583 παῖ,
2113 523 2212 571 καί·
2239 522 2350 587 βαλὲ
2374 525 2471 574 παῖ.
2497 524 2659 593 Διόπερ
2675 527 2826 578 ἄποτο
2884 518 2933 571 .*·³,

1634 597 1840 664 λεχθῆναί
1863 616 1969 663 φασι
1994 596 2042 643 τὸ
2063 562 2129 645 “le
2150 596 2257 658 παῖ,
2284 594 2359 642 καὶ
2383 593 2452 644 Ἴε
2471 595 2629 648 παιών.
2904 594 2916 602 ’

1983 715 2020 758 E
2054 713 2237 759 LIBRO
2271 713 2571 762 SECUNDO.

2240 827 2320 880 47.

1697 925 1943 969 Athenaeus
1961 923 2137 981 V11‚p.
2165 922 2275 979 317,
2299 924 2375 968 A:
2400 920 2655 988 Ἱστορεῖται
2674 921 2762 972 δὲ
2735 923 2838 984 καὶ,
2870 937 2879 965 ,·
2904 936 2956 982 ,ι’

1633 993 1806 1060 φεύγων
1822 993 1874 1055 (ὁ
1907 990 2177 1055 πουλύπους)
2215 991 2286 1038 διὰ
2317 991 2389 1040 τὸν
2415 993 2545 1059 φόὸον
2566 993 2831 1058 μεταὸάλλει

1631 1065 1784 1130 χρόας,
1808 1063 1925 1112 καὶ’
1907 1065 1946 1110 ιεζ
1930 1082 2174 1126 ομοιουται
2195 1065 2282 1118 τοῖς
2302 1064 2478 1149 τόποις,
2509 1067 2552 1113 ἐν
2586 1071 2647 1122 οἷς
2670 1059 2961 1134 κρύπτεται

1631 1142 1687 1192 ὡς
1706 1137 1820 1184 καὶὸ
1845 1135 2068 1200 Μεγαρευς
2087 1135 2268 1200 Θέογνίς
2298 1156 2427 1202 φησιν
2458 1139 2502 1186 ἐν
2535 1142 2629 1199 ταῖς
2659 1140 2930 1206 Ἐλεγείαιςζ,

1732 1238 1938 1278 Πουλύπου
1958 1237 2071 1288 ὀργὴν
2087 1237 2179 1289 ἴσχε
2198 1237 2445 1278 πολυπλόκου
2457 1268 2468 1288 ,
2486 1239 2526 1284 ὃς
2539 1241 2629 1280 ποτὶ
2653 1241 2774 1294 πέτρῃ

1783 1301 1829 1347 τῇ
1846 1296 2114 1347 προσομιλήσῃ
2127 1324 2139 1344 ,
2153 1299 2255 1341 τοῖος
2270 1297 2364 1336 ἰδεῖν
2378 1297 2509 1346 ἐφάνη.
2567 1324 2580 1333 .

1631 1389 1822 1451 (Ομοίως
1839 1391 1998 1454 ἱστορεῖ
2022 1387 2096 1436 καὶ
2113 1388 2341 1456 Κλέαρχος
2365 1391 2408 1438 ἓν
2429 1391 2615 1459 δευτέρῳ
2639 1390 2750 1454 Περὶ
2772 1407 2931 1456 παροιί

1632 1466 1740 1526 μιῶν
1754 1499 1768 1525 ,
1781 1461 2120 1526 παρατιθέμενος
2137 1463 2240 1510 τάδε
2252 1463 2307 1510 τὰ
2331 1462 2415 1521 ἔπη
2428 1500 2440 1523 ,
2461 1465 2508 1511 οὗ
2530 1465 2671 1524 δηλῶν
2691 1463 2791 1512 ὅτου
2810 1462 2955 1527 {orbs

1732 1562 1980 1608 Πουλύποδός
1999 1577 2089 1612 μοι,
2106 1563 2261 1613 τέκνον,
2277 1563 2380 1615 ἔχων
2397 1564 2488 1604 νόον
2502 1593 2514 1613 ,
2534 1555 2731 1617 Ἀμφίλοχ’
2749 1565 2874 1618 ἥρως,
2912 1543 2951 1614 ’ςὶἔμ

1729 1625 1852 1661 τοῖσιν
1876 1621 2109 1672 ἐφαρμόζου,
2128 1625 2206 1661 τῶν
2225 1636 2291 1662 κεν
2310 1622 2414 1662 κατὰ
2436 1623 2558 1674 δῆμον
2574 1623 2701 1670 ἵκηαι.
2924 1613 2938 1651 ⁷³

1695 1713 1808 1779 Περὶ
1825 1713 1870 1761 δὲ
1889 1716 1932 1762 Γ
1934 1717 2105 1779 ροιζηνα
2129 1713 2178 1762 τὸ
2194 1714 2381 1762 παλαιὸν
2394 1753 2408 1778 ,
2426 1733 2556 1781 φησιν
2575 1717 2598 1764 ὃ
2613 1714 2741 1770 αὐτὸς
2758 1714 2945 1782 Κλέαρι

1627 1805 1723 1851 χος,
1762 1785 1860 1834 οὔτε
1894 1786 1967 1834 τὸν
1990 1786 2103 1852 ἱερὸν
2138 1775 2425 1859 καλούμενον
2439 1785 2712 1846 πουλύπουν,
2730 1785 2828 1835 οὔτε
2867 1786 2918 1823 f?
2934 1804 2953 1833 .”

1628 1859 1898 1918 κωπηλάτην
1943 1857 2214 1918 πουλύπουν,
2252 1858 2435 1923 νόμιμον
2476 1880 2530 1919 ην
2569 1858 2790 1925 θηρεύειν,
2829 1861 2859 1907 ἃ
2927 1875 2943 1883 ¹

1629 1930 1837 1989 ἀπεῖπον,
1875 1929 2040 1987 τούτων
2075 1950 2123 1978 τε
2149 1931 2224 1979 καὶ
2261 1951 2339 1990 της
2360 1931 2607 1986 θαλαττίας
2633 1931 2830 1998 χελωνης
2892 1961 2901 1972 ·
2931 1929 2953 1987 ’,ἶ

1629 2002 1862 2051 ἅπτεσθαι.
1890 2002 1944 2051 Ὁ
1970 2003 2015 2051 δὲ
2029 2002 2274 2058 πουλύπους
2294 2002 2386 2052 ἐστὶ
2406 2004 2710 2065 συντηκτικὸς,
2729 2003 2806 2054 καὶ
2843 2040 2845 2044 -
2882 1988 2952 2052 ·.³

1630 2076 1821 2136 ἀνόητος.
1846 2076 1965 2140 Πρὸς
1989 2077 2072 2143 γὰρ
2095 2076 2174 2135 τὴν
2199 2081 2326 2143 χεῖρα
2352 2081 2438 2125 τῶν
2459 2077 2702 2126 διωκόντων
2733 2071 2950 2143 βαδίζει

1628 2150 1703 2198 καὶ
1723 2149 2028 2213 διο)κόμενος”
2005 2169 2120 2198 εστιν
2150 2150 2221 2198 ὅτε
2251 2151 2334 2215 οὐχ
2356 2153 2594 2216 υποχωρεῐ.
2627 2151 2718 2200 Συν
2775 2190 2776 2194 ,

1630 2222 1666 2270 δ’
1688 2225 1826 2271 αὐτῶν
1847 2243 1892 2270 αι
1913 2221 2080 2281 θήλειαι
2099 2222 2210 2286 μετὰ
2229 2222 2301 2270 τὸν
2324 2222 2478 2283 τόκον,
2497 2222 2574 2271 καὶ
2579 2212 2883 2314 'ssnoepstmr

2908 2129 2957 2206 Ξ

2921 2215 2958 2293 Ξ,

1630 2295 1705 2344 και
1739 2295 1896 2362 ραδίως
1933 2296 2204 2369 ἁλίσκονται.
2231 2295 2522 2361 Ἑωράθησαν
2546 2294 2593 2344 δέ
2613 2314 2719 2344 ποτε
2750 2294 2826 2344 καὶ
2848 2288 2960 2379 ἐπ

1633 2436 1806 2475 alterum
1837 2436 1944 2475 ulnis
1977 2435 2189 2486 complexa
2218 2446 2362 2475 saxum
2395 2435 2494 2475 illud
2529 2434 2784 2484 conscendit,
2818 2444 2889 2486 q
2859 2451 2930 2469 =====
2926 2399 2962 2467 ’ί

1629 2499 1850 2539 etiamnum
1873 2499 1963 2551 pedi
1986 2500 2151 2540 Latonae
2175 2509 2229 2539 ex
2258 2509 2338 2539 aere
2357 2499 2564 2542 fabricatae
2588 2498 2817 2549 subjeetum
2842 2498 2941 2547 eut
2962 2536 2966 2545 1

1629 2563 1843 2613 imaginem
1871 2564 1929 2605 rei
1950 2565 2048 2604 tunc
2063 2565 2198 2614 gestae
2201 2564 2429 2613 continens,
2445 2573 2569 2614 prope
2587 2561 2856 2614 Delphicam·
2878 2567 2925 2603 “,
2955 2565 2966 2606 f'

1627 2628 1768 2667 tanum
1783 2627 2032 2677 dedicatum,
2050 2628 2261 2679 dixitque:
2275 2628 2338 2677 ἵε,
2351 2630 2438 2677 παῖ,
2453 2637 2579 2678 quum
2598 2626 2699 2666 forte
2712 2611 2964 2674 telamani-

1629 2693 1706 2734 bus
1729 2695 1886 2734 teneret
1913 2695 2067 2745 Apollo
2098 2694 2143 2734 ld
2171 2695 2231 2734 est
2260 2694 2398 2733 autem
2435 2692 2548 2743 quasi
2580 2691 2731 2732 dicas:
2761 2705 2782 2726 α
2813 2689 2958 2733 Mitte

1627 2758 1781 2807 telum,
1806 2758 1864 2797 fili
1888 2775 1907 2793 »
1936 2759 1977 2797 et
2005 2769 2015 2796 :
2049 2774 2070 2792 a
2097 2757 2193 2808 feri,
2225 2757 2293 2797 tili.
2325 2772 2345 2791 υ
2377 2757 2519 2806 ltaque
2549 2755 2601 2796 ab
2640 2754 2710 2795 illo
2745 2754 2931 2807 tempore

1628 2823 1743 2863 aiunt
1758 2823 1837 2862 dici
1855 2823 2018 2863 solitum
2032 2823 2134 2862 illud
2151 2838 2161 2862 ι
2182 2823 2218 2862 ἵε
2236 2825 2310 2862 παῖ
2323 2822 2364 2862 et
2376 2822 2412 2861 ἵε
2434 2821 2573 2861 παιών.

2243 2904 2317 2945 47.

1679 2984 1866 3024 Traditur
1876 2994 1995 3035 porro
2009 3015 2020 3034 ,
2042 2983 2110 3023 ubi
2126 2994 2196 3034 per
2213 2984 2368 3024 metum
2388 2982 2510 3033 fugiat
2521 3011 2534 3031 ,
2556 2981 2712 3023 mutare
2729 2979 2923 3033 polypum

1627 3048 1801 3088 colorem
1814 3077 1827 3098 ,
1838 3049 1880 3088 et
1898 3048 2067 3088 similem
2082 3047 2166 3087 fieri
2181 3047 2279 3088 locis
2291 3047 2334 3087 in
2348 3047 2496 3098 quibus
2508 3046 2734 3086 occultetur
2753 3054 2924 3097 :quem-

1627 3111 1845 3152 admodum
1864 3113 1986 3152 etiam
2001 3111 2241 3162 Megarensis
2255 3110 2452 3162 Theognis
2464 3110 2508 3150 in
2522 3109 2655 3161 elegiis
2667 3109 2724 3150 ait
2741 3125 2752 3150 ε

1714 3197 1848 3244 Polypi
1863 3199 2028 3233 mentem
2050 3199 2137 3233 tene
2154 3195 2359 3241 versipellis
2371 3223 2381 3239 ‚
2398 3194 2463 3240 qui
2479 3197 2597 3241 petrae

1759 3254 1980 3300 cuicumque
2002 3253 2218 3296 adhaeserit,
2233 3253 2317 3290 talis
2338 3253 2419 3289 visu
2430 3255 2594 3299 apparet.

1628 3333 1817 3375 Similiter
1832 3334 1873 3373 et
1899 3333 2115 3373 Clearchus
2135 3332 2254 3373 tradit
2276 3331 2452 3372 secundo
2471 3331 2574 3372 libro
2595 3332 2655 3372 De
2682 3327 2924 3381 provehite,

1627 3398 1698 3438 ubi
1714 3398 1786 3438 hos
1804 3398 1924 3438 etiam
1943 3408 2083 3438 versus
2100 3397 2306 3449 apposuit,
2323 3396 2534 3465 cujusnam
2549 3395 2630 3436 sint
2650 3393 2826 3465 auctoris
2840 3395 2924 3438 'non

1628 3461 1864 3502 declarans·

1671 3544 1872 3591 polypodis
1887 3544 1977 3580 mihi
1989 3570 1998 3586 ,
2017 3544 2067 3580 tili
2079 3569 2089 3588 ,
2105 3545 2270 3580 mentem
2286 3546 2437 3585 tenens,
2459 3516 2699 3588 Amphilochi)
2719 3535 2902 3583 nobiliss

1671 3602 1724 3637 eis
1737 3605 1774 3638 te
1790 3601 2033 3638 accommoda
2046 3625 2057 3644 ‚
2073 3608 2383 3646 quorumcunque
2404 3599 2451 3636 ad
2463 3601 2615 3645 gentem
2629 3596 2791 3634 veneris.

1627 3679 1736 3720 Idem
1766 3680 1982 3720 Clearchus
2008 3679 2169 3730 scribit,
2186 3678 2293 3718 circa
2315 3680 2548 3718 Troezenem
2563 3675 2659 3715 olim
2678 3673 2791 3715 nefas
2806 3672 2887 3715 hab

1627 3745 1714 3783 tum
1733 3754 1816 3784 esse
1833 3743 1970 3783 venari
1994 3743 2056 3783 vel
2071 3753 2164 3783 eum
2180 3741 2250 3793 qui
2269 3742 2432 3782 sanctus
2450 3739 2597 3780 dicitur
2626 3738 2840 3790 polypum,
2897 3752 2901 3758 ¹

1627 3808 1816 3858 polypum
1829 3806 2103 3856 remigantem.
2118 3805 2300 3846 vetitum
2316 3806 2402 3845 erat
2417 3814 2546 3855 quum
2562 3802 2624 3843 his
2637 3801 2760 3852 vesci,
2777 3802 2867 3842 tum
2893 3816 2902 3835 ·-

1626 3871 1778 3911 marina
1814 3869 2025 3911 testudine.
2052 3870 2123 3910 Est
2148 3870 2284 3909 autem
2315 3867 2485 3919 polypus
2513 3865 2598 3907 tabi
2631 3863 2856 3912 obnoqus,
2894 3881 2896 3884 v

1625 3934 1772 3985 alioqui
1787 3933 1903 3974 valde
1917 3933 2072 3974 brutus.
2089 3932 2246 3973 Etenim
2265 3930 2316 3972 ad
2328 3942 2469 3972 eorum
2484 3939 2650 3971 manum
2671 3927 2874 3980 quicaph
2891 3975 2893 3977 ,

1626 3998 1802 4048 accedit,
1825 3999 1866 4037 et
1883 4007 1908 4036 a
1924 3995 2254 4047 persequentibus
2279 3994 2485 4035 interdum
2508 4004 2552 4035 se
2565 4003 2646 4033 non
2666 3989 2820 4092 recipit.
2841 3992 2875 4032 Τ

1627 4064 1795 4104 bescunt
1821 4063 1957 4102 autem
1985 4072 2125 4101 eorum
2155 4060 2317 4102 feminae
2343 4062 2432 4112 post
2450 4060 2636 4111 partum,
2667 4058 2751 4098 et
2878 4072 2880 4077 ¹

1626 4129 1769 4178 scunt3
1801 4135 1924 4177 quare
1952 4127 1993 4165 et
2020 4125 2134 4165 facile
2163 4124 2388 4176 capiuntur.
2422 4121 2635 4174 conspecti
2669 4121 2764 4161 sunt
2784 4073 2891 4160 eti

1628 4202 1914 4243 nonnunquam
1936 4191 1974 4230 in
2003 4190 2152 4231 siccum
2179 4191 2468 4240 exeuntes‚m
2426 4188 2602 4229 maxime
2630 4196 2727 4228 vero
2758 4185 2800 4225 in
2829 4183 2884 4224 l
2895 4243 2903 4252 .
