3016 4628
214 341 309 379 ⁸10

193 441 264 483 cui
295 438 553 497 displiceat,
582 433 732 493 inquit
749 468 760 488 ‚
783 429 859 488 τὴν
880 428 1031 487 Ξενίαν,
1057 440 1102 475 et
1125 429 1252 473 malit
1283 442 1371 486 pro
1405 441 1460 469 eo

192 510 383 555 rescribi
407 504 483 563 τὴν
508 504 660 562 ξενίας,
685 506 753 550 uti
771 507 882 550 Lex.
909 504 1103 548 Rhetor.
1130 518 1177 560 p.
1201 499 1292 543 238
1309 533 1320 554 ‚
1341 497 1401 541 26
1423 498 1469 540 in

191 582 325 626 simili
365 595 497 624 causa
535 578 678 623 habet
709 577 854 638 ἀγῶνα
891 572 1051 630 ξενίας,
1087 574 1122 616 is
1149 580 1301 616 teneat
1332 565 1467 620 ξενίαν

193 653 353 697 eadem
387 650 760 709 breviloquentia
791 648 965 691 dictum
1006 645 1155 688 videri
1195 659 1283 702 pro
1326 641 1469 700 ἀγῶνα

192 721 343 778 ξενίας,
367 732 419 767 ut
438 718 634 784 προξενίαι
651 729 695 765 et
716 717 885 765 ἀτέλεια
909 733 996 777 pro
1017 715 1218 779 ψήφισμα
1235 709 1467 772 προξενίας,

171 840 173 843 ,
194 793 388 845 ἀτελείας
412 794 666 838 dicebatur.
703 815 720 830 n

257 867 322 911 Cf.
345 866 653 925 Harpocratio
672 880 716 907 v.
741 858 976 922 Ἡγεμονία
993 855 1264 920 δικαστηρίου
1286 853 1464 902 ε”Αλλαι

196 935 301 999 πρὸς
335 935 488 988 ἄλλους
527 937 609 981 τῶν
650 933 865 996 ἀρχόντων
906 927 1191 991 ἐλαγχάνοντο
1229 925 1367 984 δίκαι,
1394 920 1468 973 τὰς

196 1007 240 1054 δὲ
260 1006 563 1070 ἀπενεχθεῖσας
579 1009 620 1051 αἱ
647 1004 776 1069 ἀρχαὶ
794 1002 904 1049 κατὰ
927 1000 998 1047 τὸν
1022 1001 1150 1054 αὐτῆς
1168 998 1327 1052 ἑκάστη
1342 993 1469 1066 νόμον

194 1081 364 1140 εἶσῆγον
387 1080 444 1131 εἷς
462 1075 731 1139 δικαστήριον
752 1070 963 1135 ἡγουμένη
989 1070 1060 1115 καὶ
1078 1071 1331 1132 προεστῶσα
1347 1102 1360 1125 ,
1385 1068 1469 1110 οἷον

194 1151 299 1214 πρὸς
324 1147 401 1211 μὲν
422 1148 493 1195 τὸν
515 1148 702 1211 ἄρχοντα
727 1148 770 1192 αἱ
791 1147 872 1190 τῶν
897 1143 1086 1206 ὀρφανῶν
1105 1139 1176 1186 καὶ
1194 1142 1277 1185 τῶν
1292 1134 1469 1191 ἐπικλή-

196 1240 294 1285 ρων,
310 1220 414 1284 πρὸς
438 1218 483 1266 δὲ
507 1219 576 1266 τὸν
602 1216 780 1281 βασιλέα
802 1218 843 1261 αἱ
869 1217 943 1270 τῆς
964 1211 1183 1272 ἀσεὸείας,
1209 1208 1312 1273 πρὸς
1332 1207 1376 1255 δὲ
1400 1206 1469 1253 τὸν

194 1291 468 1355 πολέμαρχον
487 1293 560 1337 τοῦ
586 1286 846 1335 ἀποστασίου
870 1284 942 1333 καὶ
964 1281 1252 1348 ἀπροστασίου
1267 1317 1279 1339 ,
1298 1279 1402 1345 πρὸς
1425 1277 1470 1325 δὲ

201 1362 294 1416 τοὺς
310 1360 564 1424 θεσμοθέτας
586 1363 629 1406 αἱ
645 1364 718 1416 τῆς
739 1359 871 1413 ξενίας
895 1376 938 1402 τε
954 1356 1026 1402 καὶ
1048 1353 1291 1419 δωροξενίας
1307 1352 1380 1398 καὶ
1395 1371 1470 1398 συ-

199 1433 427 1500 κοφαντίας
467 1433 542 1479 καὶ
567 1431 710 1496 δώρων
743 1430 815 1477 καὶ
856 1428 1176 1494 ψευδεγγραερῆς
1205 1424 1276 1472 καὶ
1309 1422 1470 1488 ῧὸρεως

198 1508 270 1552 καὶ
299 1505 491 1567 μοιχείας
525 1504 597 1550 καὶ
625 1502 883 1567 βουλεύσεως
917 1499 991 1545 καὶ
1028 1500 1180 1545 ἄλλων.
1220 1501 1330 1555 Quae
1358 1498 1469 1541 item

198 1580 432 1638 exscripsit
470 1577 631 1622 Suidas
680 1593 715 1620 s.
765 1592 810 1619 V.
858 1576 994 1618 Plura
1057 1572 1114 1616 de
1170 1570 1468 1614 Thesmothe-

199 1652 254 1693 tis
274 1666 329 1693 ex
367 1649 531 1693 codem
559 1647 683 1691 li'aud
723 1646 864 1690 dubie
887 1645 1132 1689 Aristotele
1150 1678 1161 1699 ,
1193 1643 1272 1686 dat
1305 1642 1470 1685 Pollux

203 1723 336 1774 vul,
385 1721 460 1776 87,
501 1719 559 1762 88
600 1736 609 1762 ε
655 1719 711 1764 Οἱ
755 1715 830 1777 μὲν
882 1715 1131 1777 θεσμοθέται
1176 1711 1471 1777 προγράφουσι

195 1791 296 1837 πότε
320 1791 384 1836 δεῖ
420 1788 600 1843 δικάζειν
623 1789 676 1836 τὰ
702 1786 953 1851 δικαστήρια
973 1806 982 1815 ·
1008 1785 1080 1832 καὶ
1106 1784 1180 1837 τὰς
1200 1782 1471 1847 εἰσαγγελίας

198 1861 539 1923 εἰσαγγέλλουσιν
566 1862 621 1913 εἷς
643 1860 710 1906 τὸν
733 1861 865 1919 δῆμον
889 1859 960 1905 καὶ
984 1856 1059 1910 τὰς
1078 1855 1361 1920 χειροτονίας,
1395 1854 1470 1902 καὶ

199 1933 273 1986 τὰς
295 1932 508 1996 προὲολὰς
533 1933 747 1995 εἰσάγουσι
771 1931 842 1977 καὶ
863 1930 937 1984 τὰς
955 1933 1037 1976 τῶν
1062 1929 1324 1993 παρανόμων
1355 1947 1472 1992 γρα-

200 2006 302 2069 φάς·
333 2005 406 2052 καὶ
442 2005 481 2051 εἴ
515 2025 576 2057 τις
609 2003 669 2066 μὴ
708 2003 944 2060 ἐπιτήδειον
979 2002 1108 2063 νόμον
1149 2002 1355 2067 γράψειε,
1394 2000 1467 2048 καὶ

199 2079 453 2140 στρατηγοῖς
477 2076 662 2130 εὐθύνας.
706 2075 899 2124 Γίνονται
924 2074 965 2121 δὲ
998 2073 1161 2139 γραφαὶ
1185 2074 1289 2138 πρὸς
1319 2072 1473 2127 αὐτοὺς

196 2148 339 2206 ξενίας,
356 2148 617 2212 δωροξενίας,
636 2146 796 2210 δώρων,
814 2146 1472 2213 συκοφαντίας,ψευδοκλητείας,

197 2222 541 2283 ψευδεγγραφῆς,
570 2220 848 2283 βουλεύσεως,
874 2219 1097 2283 ἀγραφίου,
1122 2218 1337 2283 μοιχείας·
1358 2219 1473 2266 εἰσά-

196 2310 317 2352 γουσι
339 2293 382 2338 δὲ
405 2293 479 2338 καὶ
514 2291 767 2352 δοκιμασίαν
792 2298 883 2345 ταῖς
909 2293 1062 2355 ἀρχαῖς
1082 2327 1094 2350 ,
1128 2290 1202 2338 καὶ
1237 2291 1333 2346 τοὺς
1358 2293 1473 2338 ἀπε-

194 2363 505 2427 ψηφισμένους,
531 2362 603 2409 καὶ
628 2361 702 2416 τὰς
726 2365 772 2409 ἐκ
793 2366 867 2419 τῆς
893 2364 1057 2426 βουλῆς
1070 2362 1380 2427 καταγνώσεις,
1399 2362 1474 2409 καὶ

194 2434 310 2486 δίκας
335 2433 566 2496 ἐμπορικὰς
589 2434 661 2481 καὶ
688 2433 957 2496 μεταλλικὰς
973 2470 986 2493 ,
1007 2434 1082 2482 καὶ
1105 2433 1181 2482 ἐὰν
1215 2435 1363 2487 δοῦλος
1389 2453 1461 2480 κα·

197 2509 279 2558 κῶς
307 2504 488 2569 ἀγορεύῃ
512 2504 582 2552 τὸν
624 2504 855 2570 ἐλεύθερον,
880 2506 952 2552 καὶ
976 2513 1069 2559 ταῖς
1104 2507 1260 2570 ἀρχαῖς
1290 2506 1475 2562 ἐπικλη-

199 2580 314 2639 ροῧσι
345 2575 399 2622 τὰ
427 2576 679 2642 δικαστήρια
712 2575 766 2623 τὰ
785 2577 872 2623 ἴδια
904 2576 977 2624 καὶ
1009 2577 1063 2623 τὰ
1095 2576 1305 2639 δημόσια·
1326 2575 1476 2624 καὶτὰ

203 2647 398 2708 σύμὸολα
430 2648 482 2694 τὰ
516 2648 618 2712 πρὸς
641 2648 714 2702 τὰς
744 2649 887 2703 πόλεις
920 2654 1118 2714 κυροῧσι,
1147 2648 1221 2696 καὶ
1245 2649 1365 2703 δίκας
1397 2648 1474 2704 τὰς

201 2719 285 2764 ἀπὸ
310 2719 533 2779 συμὸόλων
557 2720 792 2782 εἰσάγουσι,
811 2721 972 2774 καὶτὰς
991 2723 1074 2768 τῶν
1097 2721 1474 2787 ψευδομαρτυρίων

198 2794 280 2836 τῶν
305 2791 345 2845 ἐξ
377 2791 535 2855 Ἀρείου
561 2791 718 2854 πάγου.
748 2795 815 2839 Cf.
865 2796 1053 2839 Photius
1088 2812 1134 2856 p.
1171 2797 1282 2854 670,
1316 2802 1369 2850 14
1397 2796 1473 2842 ed.

203 2866 413 2918 Pomm„
439 2866 631 2910 Bekker.
660 2867 835 2910 Anecd.
855 2869 902 2923 I,
926 2883 974 2927 p.
1004 2867 1113 2921 264.

805 3001 879 3044 32.

269 3138 380 3180 ch.
409 3136 601 3180 Rhetor.
621 3153 668 3195 p.
693 3138 783 3194 672
802 3174 813 3194 ‚
836 3155 860 3183 2
891 3140 1099 3202 εΚυρία
1121 3145 1148 3198 ἡ
1173 3142 1445 3201 ἐκκλησία
1466 3163 1476 3174 ·

207 3205 452 3269 Δημήτριος
475 3210 495 3252 ὁ
518 3206 747 3270 Φαληρεὺς
771 3210 813 3254 ἐν
836 3213 895 3274 τῷ
921 3211 1101 3277 δευτέρῳ
1123 3213 1232 3278 Περὶ
1252 3218 1328 3272 τ’ῆς
1355 3215 1496 3274 Ἀθη·’

209 3276 338 3322 ναίων
363 3278 605 3338 νομοθεσίας
625 3279 646 3301 ⁴*
668 3281 685 3298 *
720 3281 794 3342 (15
820 3283 914 3328 fere
939 3286 1023 3332 litt.
1049 3287 1274 3349 spatium)
1296 3288 1478 3335 πλεῖστα

206 3346 491 3410 ἐχρημάτιζεν
516 3345 542 3404 ἢ
563 3348 740 3409 μέγιστα
766 3354 848 3405 τῶν
879 3357 1048 3400 κοινῶν·
1071 3357 1167 3403 ἀλλ’
1190 3359 1286 3415 ἐνῆν
1317 3358 1388 3406 τὸν
1411 3360 1480 3406 δε-

216 3416 387 3477 δεμένον
410 3418 536 3481 φησίν
552 3437 562 3448 ·
589 3420 760 3475 εἰκότως
785 3422 818 3468 δ’
856 3423 907 3470 ἄν
931 3444 992 3478 τις
1017 3428 1134 3492 αὐτῷ
1159 3429 1478 3491 ἐπιτιμήσειεν·

209 3494 244 3536 εἰ
271 3489 369 3550 (rw
386 3491 398 3550 >
424 3490 504 3554 γὰρ
528 3489 579 3536 ἂν
598 3492 699 3540 πότε
720 3494 866 3557 κυρίας
883 3498 1110 3554 ἐκκλησίας
1128 3499 1221 3554 τοὺς
1238 3499 1480 3560 Ἀθηναίους

210 3560 384 3621 νομίσαι
412 3562 454 3607 ἐν
479 3563 496 3582 ”
521 3563 543 3585 *
573 3564 585 3624 (
617 3581 672 3610 ιο
698 3567 790 3612 fere
814 3569 936 3631 litt.)
964 3568 1160 3630 ἐμίσθουν
1195 3574 1215 3592 *
1235 3572 1255 3592 *
1276 3575 1360 3636 (10
1386 3577 1481 3622 fere

211 3635 294 3678 litt.
311 3635 342 3693 ).
366 3631 559 3693 Ἄμεινον
582 3628 653 3682 οὖν
679 3636 953 3700 Ἀριστοτέλει
979 3641 1279 3708 [πείθεσθαι]·
1304 3645 1379 3700 τὰς
1399 3647 1481 3713 γὰρ

209 3702 346 3767 ἀρχὰς
366 3705 409 3750 ἐν
445 3710 536 3757 ταῖς
560 3706 722 3770 κυρίαις
762 3709 1005 3765 ἐκκλησίαις
1029 3713 1155 3777 φησὶν
1181 3716 1481 3782 [ἐπι]χειροτο-

208 3776 395 3834 νεῖσθαι,
414 3778 486 3823 καὶ
505 3774 581 3831 τὰς
595 3779 862 3842 εἰσαγγελίας
884 3781 978 3843 [τὸν
999 3785 1251 3847 βουλόμενον
1272 3795 1482 3838 ποιεῖσθαι

207 3850 301 3893 sive
324 3846 612 3911 εἰσαγγέλλειν
631 3850 668 3913 ],
685 3849 758 3897 καὶ
778 3850 831 3898 τὰ
849 3851 956 3898 ἄλλα
974 3857 986 3917 (
1003 3853 1076 3908 τὰς
1094 3856 1225 3913 ἄλλας
1242 3862 1346 3910 cod.
1363 3863 1376 3925 )
1398 3866 1481 3910 τῶν

213 3917 455 3981 ἀναγκαίων
489 3921 768 3984 χρηματίζειν
793 3937 803 3949 ·
827 3923 1142 3987 [χρηματίζειν
1164 3926 1207 3975 δὲ
1232 3936 1247 3988 ]
1284 3931 1356 3979 καὶ
1384 3934 1482 3998 περὶ

1047 314 1464 369 ARISTOTELIS
1500 309 1913 364 FRAGMENTA.

1547 421 1692 483 σίτου,
1724 418 1831 483 [καὶ
1860 417 1958 481 περὶ
1981 414 2092 476 τῆς]
2124 413 2318 476 φυλακῆς
2343 412 2418 467 τῆς
2451 407 2618 474 χώρας,
2651 409 2726 458 χαὶ
2755 408 2833 470 τὰς

1547 490 1799 557 ἀπογραφὰς
1834 491 1917 535 τῶν
1959 482 2260 547 δημευομένων
2296 480 2632 543 ἀναγιγνώσκειν
2659 479 2735 530 >iul
2755 481 2834 536 τὰς

1545 563 1685 620 λήξεις
1709 565 1722 623 (
1747 559 1892 612 δείξεις
1909 557 2048 618 cod.)
2071 557 2156 601 τῶν
2177 552 2373 616 κλήρων·
2398 550 2470 598 ἐπὶ
2496 550 2540 598 δὲ
2560 555 2638 610 τῆς
2672 554 2830 618 δστρα-
2896 580 2901 585 ·

1545 633 1746 697 κοωορίας
1778 626 2123 695 προχειροτονίαν
2145 626 2362 683 δίδοσθαι,
2382 624 2419 670 εἷ
2439 624 2557 670 δοκεῖ
2577 622 2605 681 ἢ
2631 622 2692 685 μὴ
2720 627 2835 683 [εἷσε

1546 687 1687 772 φέρειν
1715 704 1763 750 τὸ
1783 703 1992 765 ὄστρακον
2017 699 2056 762 ].

1615 778 1688 823 Ad
1715 779 1811 820 haec
1831 777 2031 819 Meierus
2052 788 2102 834 p.
2130 787 2185 815 21
2221 787 2231 814 ι
2262 790 2281 810 «
2306 771 2448 815 Initio
2469 771 2594 814 malo
2619 768 2746 837 κυρία
2769 771 2837 818 ἐκ·
2869 750 2875 756 ’

1545 846 1719 904 κλησία.
1754 874 1809 882 ——
1848 845 2075 890 Demetrii
2098 844 2385 888 Phalerensis
2412 843 2616 886 orationi
2637 844 2836 904 integri·
2893 903 2896 907 ι
2931 854 2963 909 1731

1546 932 1682 966 tatem
1692 919 1894 964 reddant
1917 918 2147 981 acutiores
2162 932 2174 971 ;
2195 931 2297 974 quae
2313 915 2438 959 enim
2447 915 2543 974 ipse
2553 916 2838 975 perspexisse

1544 994 1656 1037 mihi
1680 991 1863 1045 videor,
1898 1004 2132 1049 perpauca
2176 996 2307 1044 sunt,
2336 987 2480 1032 veluti
2516 986 2648 1046 quod
2671 989 2837 1033 rescri-
2910 1045 2919 1053 .

1542 1065 1711 1124 pserim
1741 1079 1752 1106 :
1774 1061 1958 1107 πλεῖστα
1980 1060 2076 1123 ἐχρ.
2092 1058 2181 1105 καὶ
2199 1056 2406 1122 μέγιστα;
2435 1058 2605 1104 deinde
2625 1061 2839 1106 restitue-

1544 1137 1628 1180 rim
1647 1151 1656 1178 :
1676 1130 1989 1193 ἐπιτιμήσειεν·
2013 1129 2054 1176 τί
2081 1128 2163 1194 γὰρ
2186 1128 2237 1176 ἄν
2257 1128 2662 1193 ποτε...νομίσειεν.
2682 1131 2839 1190 Quum

1546 1223 1660 1251 vero
1694 1202 1978 1267 χρηματίζειν
2001 1205 2206 1263 primum
2247 1205 2299 1247 in
2330 1211 2552 1264 prytanes
2591 1203 2751 1261 eadat,
2787 1203 2868 1250 id*
2927 1207 2941 1242 ἑ

1545 1288 1609 1323 est
1630 1281 1678 1321 in
1697 1285 1947 1336 prytanum
1964 1276 2212 1336 proedros,
2230 1284 2458 1335 quatenus
2477 1274 2528 1318 hi
2545 1275 2838 1334 potissimum
2871 1292 2874 1295 ·
2916 1311 2927 1320 .
2959 1303 2963 1312 ·

1550 1366 1656 1394 cum
1679 1349 1863 1408 populo
1892 1348 2090 1409 agebant
2117 1346 2130 1404 (
2144 1349 2207 1391 sic
2239 1348 2363 1402 enim
2384 1345 2690 1391 concilianda*
2701 1347 2840 1392 vide-

1546 1431 1620 1466 tur
1652 1423 1726 1465 lex
1749 1436 1825 1480 ap.
1866 1423 2003 1466 Dem.
2039 1420 2093 1466 C.
2127 1418 2238 1464 Mid.
2278 1435 2328 1479 p.
2360 1418 2472 1476 517,
2500 1434 2591 1478 qua
2622 1427 2844 1479 prytanes

1543 1493 1766 1551 jubentur
1793 1489 2092 1555 χρηματίζειν,
2119 1508 2227 1536 cum
2250 1492 2392 1551 ipsius
2414 1493 2612 1536 oratoris
2633 1492 2842 1552 explica-

1544 1568 1672 1610 tione
1688 1600 1701 1626 ,
1730 1567 1812 1624 qui
1829 1562 1925 1616 τοὺς
1950 1562 2180 1628 προέδρους
2199 1561 2487 1627 χρηματίζειν
2513 1564 2651 1620 dicit,
2673 1573 2727 1610 ut
2761 1564 2843 1609 hic

1548 1636 1738 1681 definite
1762 1637 1958 1693 dixerit,
1992 1637 2125 1695 quod
2146 1638 2196 1679 in
2225 1638 2326 1697 lege
2353 1638 2507 1681 minus
2526 1645 2741 1681 accurate
2762 1637 2836 1681 si-

1545 1708 1814 1768 gnificatum
1835 1710 1916 1764 sit3
1941 1707 2311 1754 cf.Sch²oemann.
2338 1711 2531 1768 Antiqq.
2559 1724 2609 1768 p.
2636 1723 2749 1765 221,
2774 1709 2839 1770 4),

1548 1781 1658 1825 dein
1688 1782 1738 1825 in
1771 1790 1982 1825 senatum
2005 1782 2372 1841 quingentorum
2412 1779 2506 1844 (sic
2538 1781 2838 1826 Demosthen.

1545 1856 1615 1898 De
1641 1869 1739 1898 cor.
1761 1870 1811 1914 p.
1840 1852 1954 1910 285,
1988 1869 2007 1897 1
2038 1870 2048 1897 ε
2074 1851 2188 1916 Πρὶν
2208 1850 2371 1909 ἐκείνην
2401 1850 2462 1917 (i.
2491 1869 2534 1900 e.
2554 1850 2635 1909 τὴν
2658 1849 2842 1915 βουλὴν)

1545 1922 1816 1987 χρηματίσαι
1847 1923 1922 1970 καὶ
1959 1922 2294 1989 προδουλεῦσαι.
2330 1928 2535 1986 Lycurg.
2577 1926 2629 1971 C.
2665 1928 2838 1972 Leocr.

1557 1998 1584 2057 ᾗ
1621 1996 1702 2056 37,
1733 1993 1952 2059 βουλὴν.ι.
1992 1999 2322 2060 χρηματιοῦσαν
2356 1995 2454 2059 περὶ
2498 1997 2708 2060 φυλακῆς.
2731 1999 2844 2043 Pol-

1546 2070 1642 2113 lux.
1667 2072 1780 2116 VIII
1798 2104 1810 2126 ,
1843 2075 1961 2131 144,
1995 2073 2022 2126 ἡ
2054 2067 2187 2132 βουλὴ
2213 2067 2565 2134 ἐχρημάτισεν),
2604 2070 2808 2130 denique
2825 2105 2842 2127 ‚

1550 2151 1676 2188 certe
1701 2143 1828 2203 apud
1852 2146 2198 2204 grammaticos,
2222 2145 2429 2204 populus
2461 2145 2559 2203 ipse
2579 2178 2592 2201 ,
2615 2152 2847 2203 quatenus

1549 2231 1656 2259 cum
1678 2230 1734 2259 eo
1758 2216 1808 2259 in
1825 2217 2053 2261 concione
2075 2215 2318 2276 agebatur,
2341 2212 2625 2278 χρηματίζειν
2659 2215 2846 2260 dicatur

1552 2286 1564 2348 (
1585 2289 1751 2332 Pollux
1769 2290 1907 2344 VIII,
1927 2289 1989 2348 96
2009 2287 2022 2349 )
2051 2304 2062 2333 ε
2088 2289 2193 2333 satis
2217 2297 2412 2348 apparet
2433 2287 2565 2347 quod
2581 2286 2844 2345 subJectum
2891 2306 2894 2307 ⁷
2954 2283 2957 2290 ³

1547 2360 1607 2404 ad
1631 2358 1924 2422 ἐχρημάτισεν
1961 2361 2418 2417 desideretur,·non
2452 2375 2587 2420 posse
2627 2373 2721 2404 esse
2754 2360 2844 2406 nisi

1548 2442 1627 2477 aut
1645 2430 1723 2488 τὴν
1750 2430 1908 2496 βουλὴν
1931 2443 2011 2479 aut
2037 2431 2109 2479 τὸν
2135 2433 2287 2494 δῆμον,
2311 2448 2518 2493 quorum
2538 2441 2592 2476 ut
2609 2432 2703 2477 hoc
2715 2446 2844 2492 prae-
2870 2487 2872 2489 r

1550 2505 1695 2550 feram
1715 2540 1729 2567 ,
1753 2507 1906 2565 ipsum
1932 2507 2104 2551 lemma
2131 2507 2291 2567 glossae
2319 2504 2570 2565 persuadet
2596 2520 2608 2548 ι
2643 2505 2844 2564 spatium

1548 2578 1691 2638 igitur
1724 2580 1812 2626 XV
1845 2580 2088 2623 literarum
2117 2580 2182 2624 sic
2216 2579 2528 2639 suppleverim
2565 2573 2754 2640 [φησίιν
2779 2595 2800 2617 ε
2820 2577 2846 2622 ὁ

1551 2646 1628 2709 μὲν
1651 2648 1735 2713 γὰρ
1770 2649 1961 2712 δῆμος].·
1987 2653 2162 2696 Verum
2187 2651 2325 2696 etiam
2361 2652 2411 2694 in
2436 2650 2591 2695 verbis
2623 2645 2722 2694 ἀλλ’
2744 2647 2844 2705 ἐνῆν

1548 2719 1620 2766 τὸν
1646 2721 1884 2783 δεδεμένον,
1918 2720 2066 2786 φησὶν,
2093 2724 2179 2768 uhi
2200 2724 2361 2767 malim
2387 2732 2512 2768 certe
2534 2717 2605 2766 τόν
2626 2738 2673 2767 τε
2693 2720 2844 2782 δῆμον,

1549 2797 1733 2855 gravius
1749 2797 1860 2841 latet
1876 2797 2006 2840 ulcus
2028 2811 2183 2856 neque
2202 2797 2395 2840 minima
2413 2795 2564 2851 labes3
2589 2809 2692 2854 quae
2720 2796 2846 2839 enim

1549 2877 1655 2926 post
1680 2866 1808 2931 φησὶν
1843 2869 2082 2929 leguntur,
2107 2884 2208 2912 non
2234 2869 2463 2913 Demetrii
2497 2875 2630 2923 sunt,
2671 2866 2755 2912 sed
2785 2866 2846 2911 ad

1550 2941 1844 2984 Demetrium
1858 2940 2169 2987 refellendum
2189 2941 2446 3000 pertinent.
2479 2959 2498 2979 »
2537 2964 2600 2972 —
2626 2940 2727 2999 Ego
2750 2940 2848 2983 De—

1552 3012 1772 3055 metrium
1793 3013 1883 3057 tale
1900 3012 2017 3071 quid
2036 3012 2203 3058 dixisse
2222 3011 2432 3072 suspicor
2456 3025 2468 3059 :
2500 3007 2664 3074 [Κυρία
2689 3010 2846 3078 ἐκκλη-

1556 3080 1654 3140 σία,
1693 3084 1770 3129 οὐκ
1795 3083 1836 3128 ἐν
1868 3075 1932 3147 ἦ]
1959 3084 2144 3130 πλεῖστα
2180 3082 2467 3148 ἐχρημάτιζον
2495 3081 2523 3139 ἢ
2549 3080 2735 3145 μέγιστα
2758 3084 2847 3128 τῶν

1551 3156 1720 3219 κοινῶν,
1749 3156 1847 3203 ἀλλ’
1884 3158 1927 3203 ἐν
1960 3149 2088 3220 ἧτὰς
2115 3158 2200 3203 τῶν
2229 3153 2530 3218 δημευομένων
2563 3149 2849 3219 [ἀπογραφὰς

1554 3225 1864 3289 ἀνεγίγνωσκον
1899 3227 2054 3276 καὶτὰ
2096 3227 2347 3292 μισθώσιμα
2373 3226 2634 3291 ἐμίσθουν]·
2675 3224 2848 3278 εἰκότως

1553 3300 1645 3347 δ’...
1678 3299 1970 3362 ἐπιτιμήσειε·
2007 3299 2073 3355 τίς
2106 3300 2190 3365 γὰρ
2228 3299 2279 3348 ἄν
2303 3318 2407 3348 ποτε
2436 3299 2586 3365 κυρίας
2614 3297 2848 3357 ἐκκλησίας

1554 3370 1807 3436 [καλέσαι]
1842 3371 1939 3426 τοὺς
1968 3372 2212 3431 Ἀθηναίους
2245 3371 2457 3435 νομίσειεν
2483 3372 2502 3435 [
2525 3375 2568 3421 ἐν
2592 3365 2662 3425 αἶς
2690 3368 2746 3418 τὰ
2773 3387 2847 3433 μι-

1555 3442 1753 3506 σθώσιμα
1773 3445 1792 3508 ]
1811 3444 2013 3507 ἐμίσθουν
2039 3446 2133 3510 [καὶ
2151 3446 2177 3471 ⁴*
2197 3446 2221 3470 ⁴*
2239 3446 2263 3470 ⁴*
2281 3446 2317 3510 ].
2338 3442 2537 3507 Ἄμεινον
2563 3435 2636 3509 οῧν
2655 3443 2751 3490 κτλ.
2776 3469 2844 3478 —-

1553 3519 1710 3578 Pergit
1733 3520 1970 3566 Meierus:
2001 3510 2021 3560 «ι’
2050 3520 2271 3572 Feliciori
2291 3519 2415 3576 ,mihi
2443 3518 2642 3578 contigit
2673 3531 2768 3562 esse
2796 3515 2847 3560 in

1554 3591 1813 3635 Aristotelis
1830 3591 2092 3654 fragmento
2119 3591 2331 3638 sanando
2348 3625 2361 3648 ‚
2386 3589 2517 3650 quod
2531 3597 2585 3634 ut
2605 3587 2847 3648 hodieque

1554 3662 1893 3707 restituendum
1913 3665 2118 3723 videtur,
2151 3664 2216 3709 ita
2235 3663 2333 3723 jam
2366 3669 2473 3708 ante
2498 3662 2678 3721 aliquot
2701 3675 2851 3705 annos

1558 3733 1573 3794 (
1587 3733 1636 3776 in
1654 3735 1890 3780 Prooemio
1919 3737 2087 3782 tabulis
2126 3737 2391 3781 scholarum
2420 3735 2549 3782 univ.
2587 3733 2693 3779 Hal.
2722 3735 2848 3792 prae-

1556 3805 1710 3862 misso,
1737 3805 1957 3853 1835-36
1976 3807 1992 3871 )
2011 3807 2264 3869 significavi
2291 3805 2642 3852 rescribendum
2679 3818 2791 3852 esse.
2822 3822 2846 3845 υ

1556 3873 1778 3934 Sequitur
1797 3879 1927 3924 locus
1943 3881 2201 3927 Aristotelis
2219 3881 2282 3925 ita
2301 3880 2600 3933 constitutus,
2620 3876 2690 3921 uti
2712 3891 2740 3921 a
2757 3890 2848 3920 no-

1556 3940 1628 3984 bis
1649 3953 1859 3989 exaratus
1872 3955 1950 3991 est.
1967 3947 2166 3991 Lacunae
2184 3946 2315 4006 signa
2326 3946 2376 3988 in
2394 3944 2558 3989 codice
2573 3950 2681 3987 sunt
2697 3941 2844 3985 nulla.

213 4013 2837 4045 „mm——

812 4063 881 4102 32.

261 4125 426 4163 Praestat
446 4124 640 4166 Aristoteli
665 4126 781 4166 iidem
806 4127 962 4169 habere.
987 4133 1022 4170 ts
1044 4132 1148 4171 enim
1164 4133 1258 4173 dicit
1281 4135 1320 4174 in
1341 4139 1484 4188 κυρίαις

211 4186 430 4231 ἐκκλησίαις
451 4189 699 4237 magistratus
725 4191 949 4231 confirmari
974 4193 1030 4242 (si
1052 4193 1150 4234 bone
1171 4206 1253 4235 rem
1274 4201 1484 4252 gesserint;

211 4249 269 4287 sin
287 4250 434 4299 minus,
450 4251 677 4303 abrogari),
705 4257 744 4294 et
774 4266 914 4296 causas
930 4255 979 4296 de
1005 4257 1234 4299 criminibus
1249 4262 1413 4310 publicis
1433 4266 1480 4305 ad

1558 4075 1749 4124 populum
1765 4076 1932 4128 deferri,
1953 4077 2083 4128 deque
2103 4058 2265 4129 reliquis
2278 4076 2507 4118 necessariis
2521 4075 2605 4126 agi,
2627 4075 2671 4114 et
2695 4072 2746 4113 de
2764 4071 2847 4112 sru-
2908 4050 2931 4101 «Γ

1558 4140 1726 4190 mentis,
1761 4141 1812 4182 de
1846 4142 2028 4182 custodia
2063 4143 2258 4194 regionis,
2289 4143 2330 4183 et
2365 4141 2521 4183 libellos
2553 4132 2848 4191 publicatorum

1560 4202 1715 4243 recitari
1732 4206 1772 4244 et
1798 4207 1925 4245 sortes
1952 4205 2240 4255 hereditatum,
2261 4209 2303 4246 et
2318 4204 2478 4246 decerni
2505 4213 2604 4244 num
2627 4200 2849 4242 ostracismi

1562 4266 1730 4307 habendi
1746 4278 1864 4309 eausa
1882 4269 1932 4308 sit
1947 4279 2082 4309 necne.
