3016 4628
813 171 1548 359 DAMASTES
1613 233 2347 370 SIGEENSIS.

323 654 513 713 Dionys,
537 652 641 696 Hal.
679 649 789 696 Jud.
817 648 875 693 de
898 648 1043 692 Thuc.
1076 661 1116 709 c.
1142 643 1167 688 5
1198 659 1208 686 ι
1236 638 1401 701 Ὀλίγῳ
1425 654 1531 699 πρε-

260 722 457 788 σὸύτεροι
477 724 562 769 τῶν
579 720 993 776 Πελοποννησιακῶν
1014 715 1086 762 καὶ
1112 714 1240 776 μέχρι
1265 715 1338 767 τῆς
1361 713 1532 758 Θουκυ-

260 795 373 842 δίδου
393 792 743 859 παρεκτείναντες
766 789 937 848 ἡλικίας
957 783 1209 836 Ἑλλάνικός
1232 802 1277 829 τε
1310 785 1331 827 6
1356 778 1537 830 Λέσὸιος

259 865 334 914 καὶ
362 867 598 928 Δαμάστης
630 867 652 911 6
677 861 888 925 Σιγειεὺς,
911 860 983 908 καὶ
1009 855 1260 919 Ξενομήδης
1282 857 1304 900 6
1327 855 1431 904 Χῖος
1465 849 1538 897 καὶ

261 938 426 991 Ξάνθος
444 941 466 984 6
484 935 619 989 Λυδὸς
634 934 707 982 καὶ
729 934 849 981 ἄλλοι
870 931 1030 995 συχνοί.

326 1012 488 1057 Suidas
503 1027 515 1055 ε
533 1007 783 1069 Δαμάστης,
799 1003 986 1066 Σιγειεὺς
1002 1001 1086 1047 ἀπὸ
1102 997 1269 1061 Σιγείου
1289 999 1363 1052 τῆς
1375 991 1537 1056 Τρωά-

262 1084 351 1140 δος,
377 1081 622 1136 Διωξίππου
646 1078 752 1135 υἱὸς,
772 1077 952 1140 γεγονὼς
976 1074 1057 1138 πρὸ
1077 1075 1159 1119 τῶν
1189 1071 1539 1123 Πελοποννησια-

261 1158 368 1214 κῶν,
390 1154 620 1216 σύγγρονος
644 1150 883 1213 ἹΙροδότῳ,
904 1148 1004 1210 [τῶν
1025 1139 1392 1201 πλουσιωτάτων,]
1417 1140 1538 1184 ἱστο-

264 1225 390 1290 ρικός.
419 1208 609 1288 Γέγραφε
635 1221 741 1284 Περὶ
770 1223 852 1266 τῶν
874 1221 915 1265 ἓν
939 1217 1115 1265 Ἑλλάδι
1144 1212 1398 1278 γενομένων,
1428 1208 1539 1274 Περὶ

261 1295 419 1360 γονέων
455 1295 528 1342 καὶ
553 1293 767 1358 προγόνων
799 1294 881 1336 τῶν
917 1291 973 1339 εἷς
998 1286 1130 1335 Ἴλιον
1157 1280 1539 1349 στρατευσαμένων

267 1368 413 1416 Βιὸλία
433 1367 506 1414 δύο
519 1403 531 1427 ,
558 1366 718 1413 Ἐθνῶν
741 1363 977 1423 κατάλογον
996 1358 1070 1406 καὶ
1087 1357 1267 1415 πόλεων,
1287 1353 1396 1418 Περὶ
1420 1372 1540 1410 ποιη-

262 1418 346 1487 τῶν
371 1439 444 1486 καὶ
466 1439 692 1503 σοφιστῶν,
709 1435 781 1482 καὶ
803 1434 913 1481 ἄλλα
932 1430 1081 1497 συχνά.
1104 1428 1255 1492 Γέγονε
1267 1428 1310 1474 ’δ’
1337 1423 1540 1474 Ἑλλανί-

263 1531 340 1559 κου
359 1510 564 1574 μαθητής.

330 1581 689 1643 Πλουσιωτάτων]
722 1583 824 1626 Mss.
864 1580 1005 1623 Paris.
1022 1612 1034 1633 ,
1060 1577 1189 1621 editt.
1216 1573 1468 1619 Mediolan.
1498 1580 1543 1615 et

263 1661 457 1710 Veneta3
496 1651 793 1699 παλαιοτάτων
839 1651 968 1694 editt.
1006 1650 1138 1694 Basil.
1179 1656 1224 1691 et
1265 1647 1438 1691 Genev.
1476 1669 1543 1677 —

265 1727 423 1792 etti-(79.-
453 1725 571 1790 Ἧρ.·
623 1721 931 1788 χρονογροίφος,
989 1718 1175 1783 γέγραφε
1220 1717 1318 1764 κτλ.
1357 1716 1538 1761 Eudoc.

263 1817 313 1860 p.
344 1816 449 1856 ¹27·

330 1872 461 1918 Idem
493 1887 503 1914 :
533 1869 711 1928 Πῶλος,
737 1866 1078 1929 Ἀκραγαντῖνος,
1112 1860 1276 1927 ῥήτωρ,
1311 1860 1474 1922 μᾶλλον
1499 1857 1543 1905 δὲ

266 1940 464 2005 σοφιστὴς
491 1943 572 1986 τῶν
607 1938 763 1995 πάλαι,
797 1937 1049 1987 διδάσκαλος
1081 1932 1346 1996 Λικυμνίου,
1384 1931 1545 1996 ἔγραψε

267 2011 546 2075 Γενεαλογίαν
569 2013 651 2057 τῶν
675 2009 745 2057 ἐπὶ
768 2006 897 2056 Ἴλιον
935 2004 1285 2071 στρατευσάντων
1321 2002 1545 2061 Ἑλλήνων

266 2086 339 2131 καὶ
373 2083 615 2148 βαρὸάρων,
652 2083 725 2129 καὶ
755 2084 843 2134 πῶς
881 2079 1056 2132 ἕκαστος
1082 2073 1325 2134 ἀπήλλαξε·
1361 2074 1470 2129 τινὲς
1502 2073 1546 2122 δὲ

269 2157 370 2203 αὐτὸ
409 2155 640 2217 Δαμάστου
679 2153 971 2218 ἐπιγράφουσι.
1007 2153 1130 2200 Νεῶν
1154 2147 1409 2212 κατάλογον.
1439 2146 1547 2213 Περὶ

265 2228 430 2283 λέξεως.
461 2230 527 2274 Cf.
550 2229 755 2272 Eudocia
777 2243 827 2286 p.
859 2226 970 2272 355.

330 2302 660 2360 Agathemerus
683 2297 732 2355 I,
779 2315 798 2343 1
837 2313 847 2341 τ
891 2293 1215 2358 Ἀναξίμανδρος
1253 2296 1275 2340 6
1309 2292 1547 2351 Μιλήσιος,

267 2370 471 2426 ἀκουστὴς
490 2369 647 2418 Θάλεω
664 2406 676 2430 ,
702 2371 866 2432 πρῶτος
895 2369 1105 2429 ἐτόλμησε
1132 2365 1209 2424 τὴν
1231 2365 1483 2429 οἰκουμένην
1506 2367 1547 2412 ἐν

265 2441 410 2488 πίνακι
434 2441 610 2507 γράψαι.
650 2441 756 2489 Μεθ’
788 2440 832 2487 ὃν
860 2440 1090 2493 Ἑκαταῖος
1125 2442 1147 2486 6
1182 2432 1417 2498 Μιλήσιος,
1443 2436 1548 2503 ἀνὴρ

271 2514 540 2571 πολυπλάνης
556 2513 836 2578 διηκρίὸωσεν
850 2512 960 2561 ὥστε
974 2516 1274 2575 θαυμασθῆναι
1286 2511 1334 2559 τὸ
1351 2520 1547 2577 πρᾶγμα.

269 2582 516 2639 Ἑλλάνικος
538 2584 618 2649 γὰρ
643 2589 665 2632 6
685 2585 866 2639 Λέσὸιος
891 2584 998 2650 ἀνὴρ
1022 2584 1292 2650 πολυίστωρ,
1320 2584 1551 2638 ἀπλάστως

267 2654 487 2719 παρέδωκε
506 2656 581 2713 τὴν
597 2657 803 2722 ἱστορίαν.
818 2650 927 2706 Εἶτα
941 2657 1179 2719 Δαμάστης
1193 2661 1214 2704 6
1230 2655 1427 2710 Κιττιεὺς
1447 2657 1549 2719 (scr.

267 2730 289 2772 6
314 2726 527 2790 Σιγειεὺς)
554 2726 608 2775 τὰ
631 2730 812 2777 πλεῖστα
838 2732 885 2778 ἐκ
908 2735 981 2777 τοῦ
1007 2729 1241 2778 Ἑκαταίου
1269 2729 1553 2795 μεταγράψας

271 2800 574 2864 Περίπλουν
596 2801 772 2868 ἔγραψε.

336 2875 615 2933 Porphyrius
638 2876 718 2922 lib.
744 2876 767 2921 I
788 2876 945 2924 Φιλολ.
972 2878 1152 2940 ἀκροασ.
1179 2893 1254 2938 ap.
1285 2877 1452 2924 Euseb.
1474 2879 1550 2924 Pr.

270 2946 323 2991 E.
347 2959 395 3003 p.
422 2945 511 2997 466
534 2962 543 2989 :
571 2944 640 2992 Τὰ
667 2945 905 3011 βαρὸαρικὰ
930 2947 1092 3010 νόμιμα
1115 2947 1375 2997 Ἑλλανίκου
1397 2949 1446 2994 ἐκ
1467 2951 1552 2995 τῶν

271 3014 503 3079 Ἡροδότου
517 3015 588 3062 καὶ
608 3016 840 3078 Δαμάστου
861 3019 1010 3084 (vulg.
1031 3020 1262 3084 Δαμάσου)
1282 3037 1295 3078 ;
1327 3023 1552 3078 συνῆκται.

338 3088 537 3132 Avienus
556 3090 657 3133 Orae
673 3106 786 3136 mar.
807 3096 865 3144 42
883 3102 1058 3137 veteres
1077 3095 1368 3155 geographos
1386 3110 1554 3140 recen-

272 3172 372 3201 sens
407 3166 513 3216 post
552 3161 830 3218 Hecataeum,
881 3165 1189 3224 Hellanicum‚
1249 3166 1458 3210 Phileam
1511 3177 1558 3211 et

274 3229 484 3286 ignotum
533 3231 718 3276 aliunde
769 3235 1117 3280 Pausimachum
1162 3239 1369 3282 Samium
1418 3241 1557 3299 ponit

278 3300 537 3344 Damastem
558 3303 697 3346 nobili
715 3315 869 3349 natum
885 3307 918 3351 S
922 3312 1010 3366 ige.

343 3370 573 3416 Damastes
586 3372 635 3433 (*)
655 3377 874 3434 Sigeensis
891 3381 1119 3424 Herodoti
1138 3384 1322 3441 aequalis
1343 3383 1475 3428 fuisse
1493 3384 1559 3428 di-

278 3443 420 3502 (τίων,
447 3445 662 3502 equidem
688 3463 930 3507 supparem
961 3454 1116 3510 potius
1150 3454 1373 3510 dixerim,
1404 3472 1558 3515 quan-

277 3512 531 3572 doquidem
553 3516 825 3576 discipulum
846 3537 938 3566 esse
958 3525 1121 3568 volunt
1137 3527 1389 3583 Hellanici,
1417 3529 1559 3572 vicini

278 3585 443 3630 Lesbii.
458 3587 581 3630 Nihil
600 3596 750 3634 tamen
763 3606 924 3651 premo
941 3595 1080 3638 verba
1096 3599 1398 3655 grammatici,
1413 3614 1558 3657 quum

278 3655 394 3699 sama
421 3657 500 3700 ista
531 3658 638 3702 inde
663 3669 762 3704 orta
795 3678 887 3707 csse
909 3667 1075 3723 possit,
1103 3668 1231 3725 quod
1256 3670 1303 3711 in
1339 3671 1558 3729 operibus

276 3728 367 3770 suis
401 3730 633 3774 Damastes
672 3734 895 3778 Hellanici
931 3739 1126 3782 maxime
1160 3742 1346 3800 vestigia
1380 3743 1556 3802 legerit.

278 3797 426 3857 ldque
447 3804 708 3861 fragmentis
734 3807 1066 3864 comprobatur
1085 3809 1167 3869 (fr.
1199 3827 1239 3857 1.
1265 3810 1305 3859 5.
1326 3812 1398 3871 6).

301 4048 309 4055 ἱ
333 3992 382 4039 (·)
411 3994 467 4032 De
490 3995 674 4034 Damastc
695 3997 754 4035 vei
789 3999 955 4039 Damaso
970 4030 980 4049 ,
1002 4002 1120 4042 fratrc
1148 4007 1383 4055 Democriti,
1418 4010 1562 4047 Dama·

279 4049 482 4100 sippitilio,
496 4061 534 4090 v.
547 4052 728 4092 Mullacii.
751 4057 903 4105 Fragm.
924 4061 1134 4100 Democrit.
1155 4074 1191 4113 p.
1207 4070 1254 4103 36
1268 4075 1353 4115 sqq.
1370 4067 1562 4106 —Alium

283 4107 509 4147 Damastem
534 4109 655 4149 habes·
671 4110 709 4149 in
735 4112 944 4153 Plutarcho
967 4118 1099 4164 (Thes.
1119 4130 1155 4158 c.
1178 4125 1214 4159 11
1235 4121 1263 4171 ).
1283 4142 1332 4150 --
1362 4126 1563 4164 Damasos

284 4164 411 4202 varios
441 4176 478 4205 v,
511 4167 547 4206 in
577 4168 711 4218 steph.
738 4170 853 4211 Thes.
886 4182 918 4211 a.
948 4184 985 4212 v.

1677 634 1856 679 Nobilis
1871 632 2050 692 generis
2064 630 2246 675 divitias
2258 630 2414 674 testari
2428 629 2616 675 videtur
2631 630 2796 676 Suidas
2804 635 2918 678 versv.
2962 617 2973 697 ,ἒ

1612 708 1683 751 bis
1705 707 1790 750 τῶν
1818 700 2152 749 πλουσιωτάτων
2177 718 2187 745 :
2219 717 2329 746 nam
2351 702 2539 746 alterius
2558 703 2770 748 lectionis
2801 701 2919 768 (τῶι
2964 714 2973 762 ξ

1614 772 1939 837 παλαιοτάτων)
1959 776 2209 820 auctoritas
2229 783 2296 818 est
2310 789 2443 834 paene
2456 775 2608 830 nulla,
2628 771 2925 838 quamquam}

1614 849 2002 909 acquiescendum
2019 863 2070 891 ea
2086 848 2268 907 putavit
2282 848 2355 891 vir
2376 846 2542 891 doctus
2558 848 2608 891 in
2625 849 2786 892 Museo
2802 849 2922 896 critas
2970 862 2979 885 *ε

1614 921 1876 982 Cantabrig.
1895 930 2010 965 tom.
2031 922 2096 975 II,
2114 935 2163 979 p.
2192 918 2299 964 108.
2319 920 2381 964 At
2398 935 2538 963 nemo
2554 920 2744 980 negabit
2758 919 2914 966 verbis
2971 937 2981 979 j.

1614 994 1698 1039 τ’ῶν
1711 993 1864 1039 πλουσ.
1879 993 2053 1037 insoliti
2067 991 2245 1050 aliquid
2255 993 2424 1047 inesse3
2444 991 2623 1036 accedit
2636 990 2768 1051 quod
2779 990 2917 1037 omit·-
2974 986 2980 1027 i

1614 1075 1776 1110 tuntur
1799 1066 1857 1110 ab
1880 1065 2103 1110 Eudocia.
2128 1065 2294 1109 Nescio
2316 1080 2374 1108 an
2399 1079 2456 1108 ex
2478 1063 2804 1110 antedentibus
2828 1065 2935 1114 ran.

1616 1138 2036 1193 Πελοποννησιακῶν
2054 1152 2223 1196 parum
2248 1136 2462 1180 distincte
2480 1137 2662 1196 scriptis
2676 1136 2784 1182 nata
2802 1128 2936 1199 sint„-
2976 1122 2984 1138 ⁴

1615 1213 1847 1270 Corrupta
1865 1225 1957 1255 esse
1973 1218 2020 1254 et
2034 1211 2141 1253 loco
2161 1217 2289 1253 mota
2303 1205 2441 1253 etiam
2462 1209 2790 1269 Bernhardyus
2805 1205 2940 1271 cen-s}
2979 1201 2986 1255 ἶ

1615 1293 1698 1329 set.
1721 1304 1740 1323 «
1762 1286 1788 1328 J
1791 1300 1865 1328 am
1887 1285 1937 1337 in
1955 1283 2203 1338 continuis,
2230 1283 2318 1338 ait,
2345 1281 2466 1325 liber
2488 1273 2599 1344 Περὶ
2618 1282 2704 1327 τῶν
2723 1281 2766 1328 ἐν
2787 1269 2944 1339 Ἑλλ.

1615 1374 1702 1419 γεν.
1727 1346 1872 1416 quum
1889 1364 2215 1416 argumentum
2235 1363 2315 1398 aut
2339 1354 2591 1399 obscurum
2609 1354 2821 1400 ostendat
2835 1364 2916 1400 aut

1617 1429 1892 1473 incredibile
1908 1463 1920 1485 ,
1939 1430 2091 1488 placet
2105 1428 2461 1487 inscriptionem·
2479 1428 2542 1471 sic
2561 1427 2794 1484 resarciri,
2815 1420 2915 1492 ‘trapi
2935 1430 2939 1433 ’
2987 1426 2991 1443 ’

1617 1502 1701 1549 τῶν
1740 1500 1783 1545 ἐν
1818 1498 2002 1547 Ἑλλάδι
2033 1496 2272 1561 γενομένων
2301 1494 2602 1561 ἀρχαιοτάτων
2640 1495 2804 1560 [γενῶν
2839 1498 2917 1544 vel
2989 1513 2994 1571 j

1619 1572 1786 1634 ἐθνῶν].
1808 1575 1962 1633 Atque
1972 1573 2101 1618 haud
2114 1574 2210 1617 scio
2223 1588 2282 1617 an
2294 1572 2413 1616 infra
2426 1572 2574 1632 posita
2587 1571 2717 1617 ἐθνῶν
2733 1569 2918 1618 κατάλο-

1618 1665 1691 1708 γον
1707 1645 1782 1693 καὶ
1799 1644 1965 1692 πόλεων
1979 1648 2070 1691 huc
2090 1646 2329 1692 reserenda
2349 1646 2454 1691 sint.
2480 1665 2500 1685 »
2524 1647 2633 1690 Haec
2649 1645 2755 1702 ille3
2777 1654 2918 1706 atque
2992 1658 3000 1705 [-

1619 1721 1834 1765 laborare
1850 1721 2038 1765 titulum
2053 1736 2103 1764 π.
2121 1736 2160 1763 τ.
2175 1718 2218 1762 ἐν
2235 1714 2358 1764 Ἑλλ.
2371 1734 2463 1778 γεν.
2480 1718 2597 1762 mihi
2613 1732 2804 1779 quoque
2814 1725 2921 1780 per-

1619 1809 1802 1839 suasum
1819 1803 1908 1849 est,
1928 1809 2075 1852 quum
2087 1788 2349 1846 Ἑλληνικὰς
2366 1787 2557 1854 ἱστορίας
2577 1792 2657 1836 vix
2673 1793 2920 1853 quisquam
2997 1835 3000 1838 .

1621 1881 1678 1910 eo
1702 1865 1846 1909 modo
1881 1865 2171 1910 indicaverit.
2191 1865 2367 1908 Deletis
2389 1861 2626 1926 γενομένων
2649 1862 2773 1927 περὶ,
2807 1869 2920 1912 scri·-
2997 1895 3000 1906 ι

1619 1939 1793 1998 pserim
1802 1935 1900 2002 περὶ
1913 1938 1996 1982 τῶν
2019 1937 2060 1982 ἐν
2080 1934 2262 1983 Ἑλλάδι
2278 1933 2436 1998 γονέων
2449 1946 2561 1993 etc„
2581 1937 2752 1996 quihus
2772 1954 2920 2000 oppo-

1621 2010 1706 2054 sita
1742 2019 1842 2054 erat
1869 2010 2013 2053 altera
2040 2009 2196 2069 operis
2218 2023 2327 2067 pars
2351 2007 2410 2052 de
2433 2009 2680 2064 Barbarie,
2709 2011 2792 2069 qui
2815 2021 2922 2061 ante

1622 2080 1808 2140 Trojam
1832 2083 2164 2142 pugnaverint.
2191 2080 2342 2139 Hujus
2365 2081 2488 2125 enim
2506 2083 2797 2127 mentionem
2816 2085 2920 2129 Sui-

1624 2155 1728 2211 das,
1753 2170 1899 2214 quum
1921 2170 1955 2200 s.
1976 2170 2022 2200 V.
2049 2150 2290 2214 Δαμάστης
2313 2154 2518 2198 omiserit
2535 2187 2547 2210 ,
2569 2169 2614 2201 v,
2643 2154 2800 2207 Πῶλος
2822 2171 2921 2201 me·
3003 2203 3005 2207 ,

1623 2228 1806 2271 minisse
1831 2242 1931 2270 non
1953 2227 2174 2287 neglexit.
2197 2251 2261 2259 -—-
2278 2225 2405 2286 Opus
2421 2227 2644 2285 quoniam
2663 2227 2849 2274 duobus
2863 2229 2923 2272 'li-
2972 2218 2975 2258 ss
3004 2219 3010 2235 ²

1623 2299 1721 2342 bris
1742 2299 2005 2343 absolutum
2030 2305 2120 2353 est,
2141 2299 2377 2342 Damastes
2398 2298 2606 2343 breviter
2620 2313 2722 2343 rem
2740 2307 2926 2346 tractas-

1623 2386 1671 2415 se
1698 2386 1750 2415 ac
1774 2369 1852 2415 fila
1894 2370 2193 2430 genealogica
2221 2371 2419 2414 texuisse
2442 2370 2815 2416 habuerit-satis.
2850 2374 2924 2418 De

1626 2443 1793 2487 eodem
1824 2443 1930 2486 loco
1960 2450 2123 2507 postea
2153 2443 2485 2501 amplissimum
2519 2458 2638 2503 opus
2661 2446 2925 2504 composuit

1625 2516 1889 2560 Demetrius
1912 2515 2147 2574 Scepsius,
2173 2529 2315 2573 quem
2339 2523 2522 2560 secutus
2551 2524 2619 2561 est
2653 2517 2924 2576 Apollodo-

1626 2604 1705 2632 rus
1737 2588 2044 2634 Atheniensis.
2072 2587 2290 2631 Ceterum
2330 2588 2412 2646 qui
2443 2588 2617 2632 factum
2655 2589 2714 2634 sit
2739 2597 2792 2634 ut
2823 2592 2925 2636 Da—

1626 2661 1782 2705 mastis
1811 2653 1932 2704 liber
1955 2660 2013 2704 ab
2037 2660 2137 2704 aliis
2157 2660 2302 2716 Polo,
2329 2660 2512 2721 Gorgiae
2556 2660 2810 2722 discipulo,
2835 2663 2925 2708 ad-

1627 2718 1926 2793 scriberetur,
1940 2731 2068 2776 haud
2079 2733 2243 2791 liquet.
2265 2734 2607 2792 Argumentum
2627 2733 2723 2792 ejus
2741 2749 2926 2780 accom-

1627 2804 1871 2849 modatum
1887 2819 1995 2848 sane
2015 2813 2136 2860 erat,
2154 2819 2251 2863 quo
2268 2805 2513 2849 tractando
2531 2805 2847 2852 eruditionem
2858 2823 2929 2854 so-

1627 2878 1781 2937 phista
1805 2876 2084 2940 ostenderet.

1696 2950 1915 3008 Sequitur
1939 2962 2013 3007 ap.
2050 2946 2180 2992 Suid.
2211 2962 2259 2990 v.
2291 2946 2476 3008 Πῶλος,
2501 2947 2626 2994 Νεῶν
2662 2947 2928 3013 κατάλογος,
2988 2987 2991 2994 ,

1631 3023 1714 3081 qui
1748 3037 1855 3065 cum
1882 3019 2184 3065 antecedente
2209 3034 2352 3078 opere
2375 3036 2475 3064 non
2503 3023 2660 3080 potuit
2681 3038 2781 3067 non
2812 3039 2929 3068 con-

1627 3093 1815 3151 junctus
1831 3107 1924 3136 esse
1937 3109 1948 3147 ;
1963 3107 2008 3137 v.
2031 3088 2271 3151 Δαμάστης
2288 3088 2498 3151 sequitur
2514 3090 2676 3139 Ἐθνῶν
2689 3091 2930 3157 κατάλογος

1631 3164 1706 3212 καὶ
1726 3162 1891 3209 πόλεων
1913 3179 1923 3207 :
1947 3163 2190 3222 suspiceris
2209 3163 2314 3207 νεῶν
2334 3161 2588 3225 κατάλογος·
2609 3163 2844 3227 περίπλους
2852 3183 2867 3224 3
2883 3174 2930 3212 at
2996 3214 2998 3221 ,

1633 3236 1868 3281 domanda
1889 3234 2184 3293 conjectandi
2205 3237 2399 3296 prurigo
2421 3251 2432 3280 :
2453 3252 2561 3281 nam
2580 3246 2705 3282 recte
2720 3238 2818 3283 haec
2832 3253 2930 3284 sese

1630 3309 1803 3353 habere
1819 3308 2055 3363 videntur,
2072 3322 2219 3366 quum.
2230 3310 2465 3353 Damastes
2484 3306 2593 3372 Περὶ
2613 3309 2742 3355 ἐθνῶν
2759 3311 2930 3355 citetur
2981 3309 2982 3312 ’

1633 3382 1867 3440 Stephano
1897 3382 2002 3440 Byz.
2032 3378 2112 3441 (fr.
2145 3378 2213 3442 1.)
2240 3380 2313 3425 Ab
2345 3381 2436 3426 hoc
2459 3381 2583 3426 libro
2606 3397 2705 3427 non
2724 3381 2931 3428 diversus
2980 3415 2982 3417 -

1634 3455 1715 3514 qui
1744 3454 1802 3498 ab
1833 3454 2145 3514 Agathemero
2175 3462 2464 3498 memoratur
2484 3452 2744 3518 Περίπλους.
2764 3481 2831 3488 -
2854 3455 2930 3500 Ad
2980 3459 2990 3474 ’·

1633 3526 1807 3570 librum
1823 3522 1934 3588 Περὶ
1953 3526 2144 3581 ποιητῶν
2161 3522 2235 3570 καὶ
2251 3523 2463 3589 σοφιστῶν
2478 3527 2620 3570 retuli
2639 3525 2804 3587 ffagm.
2822 3525 2851 3570 8
2869 3526 2930 3572 de
2991 3526 3000 3557 ’ἰ

1634 3597 1888 3656 majoribus
1911 3599 2122 3644 Homeri.
2146 3599 2275 3642 Inter
2298 3613 2377 3654 ea,
2405 3612 2508 3657 quae
2532 3590 2753 3658 deinceps
2774 3613 2802 3643 a
2827 3598 2930 3644 Sui·
3003 3630 3006 3631 ε

1634 3671 1694 3715 da
1715 3678 1958 3730 ponuntur
1989 3668 2101 3715 ἄλλα
2124 3667 2286 3732 συχνά,
2311 3669 2484 3715 fuerint
2515 3671 2625 3715 libri
2657 3667 2770 3734 Περὶ
2799 3673 2931 3735 εὑρη·
2992 3679 3006 3716 ’.

1636 3740 1784 3802 μάτων
1811 3742 1892 3806 (fr.
1919 3743 1977 3805 9)
2003 3751 2048 3788 et
2071 3743 2406 3803 chronologica
2426 3743 2663 3802 quaedam,
2681 3745 2720 3788 si
2739 3743 2931 3803 quidem
2974 3748 2998 3787 ᾗ

1634 3826 1759 3860 recte
1782 3818 2018 3861 Damastes
2040 3815 2098 3860 ab
2123 3814 2332 3860 Eudocia
2353 3813 2608 3879 χρονολόγος
2647 3817 2927 3877 appellatur.
2988 3821 2990 3823 ’
3011 3879 3014 3880 ⁷

1635 3890 1965 3948 Fragmentum
1986 3887 2210 3932 habemus
2229 3887 2289 3932 de
2308 3887 2386 3932 die
2405 3903 2500 3947 quo
2517 3887 2657 3947 Troja
2669 3893 2930 3950 expugnata
2948 3916 2953 3926 ι
2996 3890 3001 3914 ’-

1636 3961 1706 4006 sit.
1730 3962 1937 4005 Fortasse
1957 3961 2096 4005 etiam
2118 3961 2168 4004 in
2190 3959 2311 4004 libro
2334 3962 2406 4021 De
2427 3961 2580 4020 poetis
2595 3961 2656 4006 ad
2672 3961 2929 4006 chronolo-
3005 3964 3011 3970 “

1637 4033 1791 4090 girum
1814 4034 2014 4077 maxime
2035 4047 2193 4086 rerum
2217 4032 2432 4078 ordinem
2460 4033 2743 4094 (secundum
2764 4035 2928 4078 seriem
2962 4037 2998 4102 ,ζ’

1638 4103 1930 4147 sacerdotum
1944 4102 2386 4166 JunonisArgivaei‘)
2412 4114 2542 4150 recte
2553 4105 2926 4150 constituendum
2987 4126 2994 4143 4

1598 4154 1606 4222 Ι
1640 4183 1800 4217 auctor
1819 4175 2089 4223 attenderat.
