<?xml version="1.0" encoding="UTF-8"?>
<!DOCTYPE html PUBLIC "-//W3C//DTD XHTML 1.0 Transitional//EN"
    "http://www.w3.org/TR/xhtml1/DTD/xhtml1-transitional.dtd">
<html xmlns="http://www.w3.org/1999/xhtml" xml:lang="en" lang="en">
 <head>
  <title>
</title>
<meta http-equiv="Content-Type" content="text/html;charset=utf-8" />
  <meta name='ocr-system' content='tesseract 3.04.00' />
  <meta name='ocr-capabilities' content='ocr_page ocr_carea ocr_par ocr_line ocrx_word'/>
</head>
<body>
  <div class='ocr_page' id='page_1' title='image "./fragmentahistori02mueluoft/fragmentahistori02mueluoft_0182.png"; bbox 0 0 3016 4628; ppageno 0'>
   <div class='ocr_carea' id='block_1_1' title="bbox 246 284 333 327">
    <p class='ocr_par' dir='ltr' id='par_1_1' title="bbox 246 284 333 327">
     <span class='ocr_line' id='line_1_1' title="bbox 246 284 333 327; baseline -0.046 1"><span class='ocrx_word' id='word_1_1' title='bbox 246 284 333 327; x_wconf 78' lang='lat'>130</span> 
     </span>
    </p>
   </div>
   <div class='ocr_carea' id='block_1_2' title="bbox 236 367 1523 874">
    <p class='ocr_par' dir='ltr' id='par_1_2' title="bbox 237 367 1521 519">
     <span class='ocr_line' id='line_1_2' title="bbox 238 367 1521 437; baseline -0.012 -7"><span class='ocrx_word' id='word_1_2' title='bbox 238 384 381 431; x_wconf 78' lang='lat' dir='ltr'><strong>hofii</strong></span> <span class='ocrx_word' id='word_1_3' title='bbox 370 400 416 428; x_wconf 88' lang='grc' dir='ltr'>ιιι</span> <span class='ocrx_word' id='word_1_4' title='bbox 440 383 591 428; x_wconf 77' lang='lat' dir='ltr'><strong>Jahns</strong></span> <span class='ocrx_word' id='word_1_5' title='bbox 610 379 777 427; x_wconf 62' lang='lat' dir='ltr'><strong>labi-,b</strong></span> <span class='ocrx_word' id='word_1_6' title='bbox 811 377 1045 437; x_wconf 75' lang='lat'>1829,11‚</span> <span class='ocrx_word' id='word_1_7' title='bbox 1063 391 1110 436; x_wconf 89' lang='lat' dir='ltr'>p.</span> <span class='ocrx_word' id='word_1_8' title='bbox 1136 371 1228 434; x_wconf 84' lang='lat'>275</span> <span class='ocrx_word' id='word_1_9' title='bbox 1243 407 1256 430; x_wconf 94' lang='lat'><strong>,</strong></span> <span class='ocrx_word' id='word_1_10' title='bbox 1279 373 1359 432; x_wconf 89' lang='lat' dir='ltr'>qui</span> <span class='ocrx_word' id='word_1_11' title='bbox 1380 386 1458 416; x_wconf 75' lang='lat' dir='ltr'>eos</span> <span class='ocrx_word' id='word_1_12' title='bbox 1473 367 1521 415; x_wconf 83' lang='grc' dir='ltr'>τὸ</span> 
     </span>
     <span class='ocr_line' id='line_1_3' title="bbox 237 444 1521 519; baseline -0.012 -16"><span class='ocrx_word' id='word_1_13' title='bbox 237 457 386 519; x_wconf 85' lang='grc' dir='ltr'>ἄγημα</span> <span class='ocrx_word' id='word_1_14' title='bbox 406 457 481 512; x_wconf 75' lang='grc' dir='ltr'>τῆς</span> <span class='ocrx_word' id='word_1_15' title='bbox 497 450 672 518; x_wconf 83' lang='grc' dir='ltr'>πρώτης</span> <span class='ocrx_word' id='word_1_16' title='bbox 690 450 824 515; x_wconf 86' lang='grc' dir='ltr'>μόρας</span> <span class='ocrx_word' id='word_1_17' title='bbox 848 449 985 512; x_wconf 86' lang='lat' dir='ltr'><strong>(Xen.</strong></span> <span class='ocrx_word' id='word_1_18' title='bbox 1009 451 1068 496; x_wconf 90' lang='lat' dir='ltr'>R.</span> <span class='ocrx_word' id='word_1_19' title='bbox 1090 451 1197 494; x_wconf 89' lang='lat' dir='ltr'><strong>Lac.</strong></span> <span class='ocrx_word' id='word_1_20' title='bbox 1221 447 1311 503; x_wconf 93' lang='lat'>13,</span> <span class='ocrx_word' id='word_1_21' title='bbox 1335 444 1521 507; x_wconf 89' lang='lat' dir='ltr'><strong>6)con-</strong></span> 
     </span>
    </p>

    <p class='ocr_par' dir='ltr' id='par_1_3' title="bbox 236 520 1523 874">
     <span class='ocr_line' id='line_1_4' title="bbox 236 520 1523 573; baseline -0.01 0"><span class='ocrx_word' id='word_1_22' title='bbox 236 530 432 573; x_wconf 84' lang='lat' dir='ltr'><strong>stituisse</strong></span> <span class='ocrx_word' id='word_1_23' title='bbox 453 535 622 573; x_wconf 89' lang='lat' dir='ltr'><strong>censet.</strong></span> <span class='ocrx_word' id='word_1_24' title='bbox 650 523 915 571; x_wconf 87' lang='lat' dir='ltr'>Verendum</span> <span class='ocrx_word' id='word_1_25' title='bbox 937 530 1092 566; x_wconf 82' lang='lat' dir='ltr'><strong>tamen</strong></span> <span class='ocrx_word' id='word_1_26' title='bbox 1109 535 1168 565; x_wconf 88' lang='lat' dir='ltr'>ne</span> <span class='ocrx_word' id='word_1_27' title='bbox 1189 520 1339 564; x_wconf 84' lang='lat' dir='ltr'><strong>aliena</strong></span> <span class='ocrx_word' id='word_1_28' title='bbox 1361 525 1523 562; x_wconf 87' lang='lat' dir='ltr'><strong>auctor</strong></span> 
     </span>
     <span class='ocr_line' id='line_1_5' title="bbox 236 587 1523 669; baseline -0.011 -24"><span class='ocrx_word' id='word_1_29' title='bbox 236 601 391 644; x_wconf 86' lang='lat' dir='ltr'><strong>Photii</strong></span> <span class='ocrx_word' id='word_1_30' title='bbox 418 598 672 644; x_wconf 85' lang='lat' dir='ltr'>miscuerit.</span> <span class='ocrx_word' id='word_1_31' title='bbox 707 597 841 642; x_wconf 83' lang='lat' dir='ltr'><strong>Certe</strong></span> <span class='ocrx_word' id='word_1_32' title='bbox 865 592 1159 653; x_wconf 82' lang='lat' dir='ltr'>Thucydides</span> <span class='ocrx_word' id='word_1_33' title='bbox 1183 589 1264 651; x_wconf 91' lang='lat' dir='ltr'><strong>(V,</strong></span> <span class='ocrx_word' id='word_1_34' title='bbox 1300 587 1393 669; x_wconf 89' lang='grc'>72)</span> <span class='ocrx_word' id='word_1_35' title='bbox 1425 603 1523 631; x_wconf 91' lang='lat' dir='ltr'>non</span> 
     </span>
     <span class='ocr_line' id='line_1_6' title="bbox 237 661 1522 724; baseline -0.011 -8"><span class='ocrx_word' id='word_1_36' title='bbox 237 673 296 717; x_wconf 90' lang='lat' dir='ltr'>de</span> <span class='ocrx_word' id='word_1_37' title='bbox 314 671 811 723; x_wconf 69' lang='lat' dir='ltr'><strong>Lacedaemoniorum,</strong></span> <span class='ocrx_word' id='word_1_38' title='bbox 837 666 919 711; x_wconf 88' lang='lat' dir='ltr'>sed</span> <span class='ocrx_word' id='word_1_39' title='bbox 938 665 996 709; x_wconf 91' lang='lat' dir='ltr'>de</span> <span class='ocrx_word' id='word_1_40' title='bbox 1014 664 1296 724; x_wconf 84' lang='lat' dir='ltr'><strong>Argivorum</strong></span> <span class='ocrx_word' id='word_1_41' title='bbox 1317 661 1522 719; x_wconf 80' lang='lat' dir='ltr'><strong>quinque</strong></span> 
     </span>
     <span class='ocr_line' id='line_1_7' title="bbox 237 729 1523 804; baseline -0.012 -14"><span class='ocrx_word' id='word_1_42' title='bbox 237 746 382 789; x_wconf 76' lang='lat' dir='ltr'><strong>lochis</strong></span> <span class='ocrx_word' id='word_1_43' title='bbox 411 740 887 806; x_wconf 85' lang='lat' dir='ltr'><strong>loquitur.Miille1us</strong></span> <span class='ocrx_word' id='word_1_44' title='bbox 918 739 1026 783; x_wconf 86' lang='lat' dir='ltr'><strong>Dor.</strong></span> <span class='ocrx_word' id='word_1_45' title='bbox 1050 738 1120 791; x_wconf 93' lang='lat'>11,</span> <span class='ocrx_word' id='word_1_46' title='bbox 1147 751 1193 795; x_wconf 90' lang='lat' dir='ltr'>p.</span> <span class='ocrx_word' id='word_1_47' title='bbox 1228 732 1338 788; x_wconf 82' lang='lat'>238,</span> <span class='ocrx_word' id='word_1_48' title='bbox 1369 729 1523 793; x_wconf 78' lang='grc' dir='ltr'>λόχους</span> 
     </span>
     <span class='ocr_line' id='line_1_8' title="bbox 237 811 897 874; baseline -0.009 -13"><span class='ocrx_word' id='word_1_49' title='bbox 237 816 425 862; x_wconf 86' lang='lat' dir='ltr'><strong>eosdem</strong></span> <span class='ocrx_word' id='word_1_50' title='bbox 442 816 586 861; x_wconf 85' lang='lat' dir='ltr'><strong>habet</strong></span> <span class='ocrx_word' id='word_1_51' title='bbox 604 829 710 859; x_wconf 87' lang='lat' dir='ltr'>cum</span> <span class='ocrx_word' id='word_1_52' title='bbox 730 811 897 874; x_wconf 86' lang='grc' dir='ltr'>μόραις.</span> 
     </span>
    </p>
   </div>
   <div class='ocr_carea' id='block_1_3' title="bbox 844 903 920 949">
    <p class='ocr_par' dir='ltr' id='par_1_4' title="bbox 844 903 920 949">
     <span class='ocr_line' id='line_1_9' title="bbox 844 903 920 949; baseline 0 0"><span class='ocrx_word' id='word_1_53' title='bbox 844 903 920 949; x_wconf 82' lang='grc'>85.</span> 
     </span>
    </p>
   </div>
   <div class='ocr_carea' id='block_1_4' title="bbox 239 985 1524 1847">
    <p class='ocr_par' dir='ltr' id='par_1_5' title="bbox 239 985 1523 1847">
     <span class='ocr_line' id='line_1_10' title="bbox 302 985 1523 1059; baseline -0.016 -8"><span class='ocrx_word' id='word_1_54' title='bbox 302 1005 536 1050; x_wconf 86' lang='lat' dir='ltr'><strong>Plutarch.</strong></span> <span class='ocrx_word' id='word_1_55' title='bbox 555 1003 791 1048; x_wconf 88' lang='lat' dir='ltr'><strong>Cleomen.</strong></span> <span class='ocrx_word' id='word_1_56' title='bbox 808 1016 848 1046; x_wconf 83' lang='lat' dir='ltr'><strong>c,</strong></span> <span class='ocrx_word' id='word_1_57' title='bbox 877 1012 932 1059; x_wconf 89' lang='lat'>9:</span> <span class='ocrx_word' id='word_1_58' title='bbox 960 993 1086 1043; x_wconf 87' lang='grc' dir='ltr'>Ἔστι</span> <span class='ocrx_word' id='word_1_59' title='bbox 1106 991 1149 1039; x_wconf 82' lang='grc' dir='ltr'>δὲ</span> <span class='ocrx_word' id='word_1_60' title='bbox 1173 985 1523 1050; x_wconf 84' lang='grc' dir='ltr'>Λακεδαιμονίοις</span> 
     </span>
     <span class='ocr_line' id='line_1_11' title="bbox 240 1060 1523 1136; baseline -0.016 -12"><span class='ocrx_word' id='word_1_61' title='bbox 240 1078 287 1124; x_wconf 86' lang='grc' dir='ltr'>οὗ</span> <span class='ocrx_word' id='word_1_62' title='bbox 313 1074 465 1124; x_wconf 78' lang='grc' dir='ltr'>Φόὸου</span> <span class='ocrx_word' id='word_1_63' title='bbox 496 1072 639 1136; x_wconf 90' lang='grc' dir='ltr'>μόνον,</span> <span class='ocrx_word' id='word_1_64' title='bbox 672 1070 784 1119; x_wconf 82' lang='grc' dir='ltr'>ἀλλὰ</span> <span class='ocrx_word' id='word_1_65' title='bbox 806 1089 879 1116; x_wconf 79' lang='grc' dir='ltr'>και</span> <span class='ocrx_word' id='word_1_66' title='bbox 904 1064 1107 1117; x_wconf 82' lang='grc' dir='ltr'>Θανάτου</span> <span class='ocrx_word' id='word_1_67' title='bbox 1131 1063 1204 1111; x_wconf 83' lang='grc' dir='ltr'>καὶ</span> <span class='ocrx_word' id='word_1_68' title='bbox 1226 1060 1311 1110; x_wconf 75' lang='lat' dir='ltr'>le)</span> <span class='ocrx_word' id='word_1_69' title='bbox 1313 1079 1419 1112; x_wconf 87' lang='grc' dir='ltr'>ωτος</span> <span class='ocrx_word' id='word_1_70' title='bbox 1448 1077 1523 1105; x_wconf 89' lang='grc' dir='ltr'>και</span> 
     </span>
     <span class='ocr_line' id='line_1_12' title="bbox 240 1128 1524 1204; baseline -0.015 -8"><span class='ocrx_word' id='word_1_71' title='bbox 240 1146 444 1195; x_wconf 82' lang='grc' dir='ltr'>τοιούτων</span> <span class='ocrx_word' id='word_1_72' title='bbox 472 1145 614 1193; x_wconf 82' lang='grc' dir='ltr'>ἄλλων</span> <span class='ocrx_word' id='word_1_73' title='bbox 639 1140 905 1204; x_wconf 81' lang='grc' dir='ltr'>παθημάτων</span> <span class='ocrx_word' id='word_1_74' title='bbox 932 1137 1045 1203; x_wconf 75' lang='grc' dir='ltr'>ἱερά.</span> <span class='ocrx_word' id='word_1_75' title='bbox 1067 1138 1239 1198; x_wconf 80' lang='grc' dir='ltr'>Τιμῶσι</span> <span class='ocrx_word' id='word_1_76' title='bbox 1268 1132 1312 1180; x_wconf 83' lang='grc' dir='ltr'>δὲ</span> <span class='ocrx_word' id='word_1_77' title='bbox 1338 1130 1408 1179; x_wconf 82' lang='grc' dir='ltr'>τὸν</span> <span class='ocrx_word' id='word_1_78' title='bbox 1434 1128 1524 1179; x_wconf 86' lang='grc' dir='ltr'>Φό-</span> 
     </span>
     <span class='ocr_line' id='line_1_13' title="bbox 242 1201 1517 1284; baseline -0.016 -16"><span class='ocrx_word' id='word_1_79' title='bbox 242 1219 335 1278; x_wconf 71' lang='grc' dir='ltr'>ὅον,</span> <span class='ocrx_word' id='word_1_80' title='bbox 357 1221 458 1284; x_wconf 75' lang='grc' dir='ltr'>οὐχ,</span> <span class='ocrx_word' id='word_1_81' title='bbox 477 1216 623 1275; x_wconf 83' lang='grc' dir='ltr'>ὥσπερ</span> <span class='ocrx_word' id='word_1_82' title='bbox 648 1215 716 1269; x_wconf 74' lang='grc' dir='ltr'>οὓς</span> <span class='ocrx_word' id='word_1_83' title='bbox 735 1212 1051 1277; x_wconf 85' lang='grc' dir='ltr'>ἀποτρέπονται</span> <span class='ocrx_word' id='word_1_84' title='bbox 1069 1206 1271 1269; x_wconf 85' lang='grc' dir='ltr'>δαίμονας</span> <span class='ocrx_word' id='word_1_85' title='bbox 1285 1241 1297 1264; x_wconf 95' lang='grc'>,</span> <span class='ocrx_word' id='word_1_86' title='bbox 1323 1201 1517 1266; x_wconf 78' lang='grc' dir='ltr'>ἡγούμε-</span> 
     </span>
     <span class='ocr_line' id='line_1_14' title="bbox 239 1275 1518 1355; baseline -0.015 -16"><span class='ocrx_word' id='word_1_87' title='bbox 239 1309 304 1338; x_wconf 90' lang='grc' dir='ltr'>νοι</span> <span class='ocrx_word' id='word_1_88' title='bbox 324 1288 555 1355; x_wconf 72' lang='grc' dir='ltr'>βλαὸερον,</span> <span class='ocrx_word' id='word_1_89' title='bbox 587 1286 700 1334; x_wconf 83' lang='grc' dir='ltr'>ἀλλὰ</span> <span class='ocrx_word' id='word_1_90' title='bbox 715 1284 793 1343; x_wconf 85' lang='grc' dir='ltr'>τὴν</span> <span class='ocrx_word' id='word_1_91' title='bbox 813 1281 1030 1331; x_wconf 84' lang='grc' dir='ltr'>πολιτείαν</span> <span class='ocrx_word' id='word_1_92' title='bbox 1052 1279 1244 1342; x_wconf 84' lang='grc' dir='ltr'>μάλιστα</span> <span class='ocrx_word' id='word_1_93' title='bbox 1265 1275 1518 1340; x_wconf 81' lang='grc' dir='ltr'>συνέχεσθαι</span> 
     </span>
     <span class='ocr_line' id='line_1_15' title="bbox 244 1348 1522 1444; baseline -0.015 -33"><span class='ocrx_word' id='word_1_94' title='bbox 244 1363 365 1429; x_wconf 74' lang='grc' dir='ltr'>φόὸῳ</span> <span class='ocrx_word' id='word_1_95' title='bbox 386 1361 642 1424; x_wconf 84' lang='grc' dir='ltr'>νομίζοντες.</span> <span class='ocrx_word' id='word_1_96' title='bbox 664 1358 741 1407; x_wconf 86' lang='grc' dir='ltr'>Διὸ</span> <span class='ocrx_word' id='word_1_97' title='bbox 765 1356 837 1405; x_wconf 82' lang='grc' dir='ltr'>καὶ</span> <span class='ocrx_word' id='word_1_98' title='bbox 856 1352 1168 1444; x_wconf 80' lang='grc' dir='ltr'>προεκήρυττον</span> <span class='ocrx_word' id='word_1_99' title='bbox 1193 1352 1230 1398; x_wconf 81' lang='grc' dir='ltr'>οἱ</span> <span class='ocrx_word' id='word_1_100' title='bbox 1262 1348 1406 1415; x_wconf 81' lang='grc' dir='ltr'>ἔφοροι</span> <span class='ocrx_word' id='word_1_101' title='bbox 1435 1349 1522 1400; x_wconf 86' lang='grc' dir='ltr'>τοῖς</span> 
     </span>
     <span class='ocr_line' id='line_1_16' title="bbox 240 1423 1519 1495; baseline -0.014 -13"><span class='ocrx_word' id='word_1_102' title='bbox 240 1434 433 1488; x_wconf 82' lang='grc' dir='ltr'>πολίταις</span> <span class='ocrx_word' id='word_1_103' title='bbox 453 1435 510 1486; x_wconf 84' lang='grc' dir='ltr'>εἷς</span> <span class='ocrx_word' id='word_1_104' title='bbox 526 1430 602 1488; x_wconf 76' lang='grc' dir='ltr'>τὴν</span> <span class='ocrx_word' id='word_1_105' title='bbox 620 1428 756 1495; x_wconf 78' lang='grc' dir='ltr'>ἀρχὴν</span> <span class='ocrx_word' id='word_1_106' title='bbox 777 1428 990 1488; x_wconf 80' lang='grc' dir='ltr'>εἰσιόντες,</span> <span class='ocrx_word' id='word_1_107' title='bbox 1011 1429 1066 1478; x_wconf 87' lang='grc' dir='ltr'>ὡς</span> <span class='ocrx_word' id='word_1_108' title='bbox 1083 1423 1375 1488; x_wconf 87' lang='grc' dir='ltr'>Αριστοτέλης</span> <span class='ocrx_word' id='word_1_109' title='bbox 1395 1438 1519 1483; x_wconf 83' lang='grc' dir='ltr'>φησι,</span> 
     </span>
     <span class='ocr_line' id='line_1_17' title="bbox 247 1490 1521 1586; baseline -0.013 -32"><span class='ocrx_word' id='word_1_110' title='bbox 247 1506 465 1571; x_wconf 80' lang='grc' dir='ltr'>κείρεσθαι</span> <span class='ocrx_word' id='word_1_111' title='bbox 487 1503 557 1551; x_wconf 83' lang='grc' dir='ltr'>τὸν</span> <span class='ocrx_word' id='word_1_112' title='bbox 593 1502 792 1565; x_wconf 85' lang='grc' dir='ltr'>μύστακα</span> <span class='ocrx_word' id='word_1_113' title='bbox 815 1499 886 1548; x_wconf 88' lang='grc' dir='ltr'>καὶ</span> <span class='ocrx_word' id='word_1_114' title='bbox 906 1496 1132 1586; x_wconf 82' lang='grc' dir='ltr'>προσέχειν</span> <span class='ocrx_word' id='word_1_115' title='bbox 1156 1495 1241 1548; x_wconf 85' lang='grc' dir='ltr'>τοῖς</span> <span class='ocrx_word' id='word_1_116' title='bbox 1260 1491 1426 1554; x_wconf 88' lang='grc' dir='ltr'>νόμοις,</span> <span class='ocrx_word' id='word_1_117' title='bbox 1449 1490 1521 1538; x_wconf 78' lang='grc' dir='ltr'>ἵνα</span> 
     </span>
     <span class='ocr_line' id='line_1_18' title="bbox 241 1568 1521 1643; baseline -0.013 -16"><span class='ocrx_word' id='word_1_118' title='bbox 241 1579 301 1642; x_wconf 84' lang='grc' dir='ltr'>μὴ</span> <span class='ocrx_word' id='word_1_119' title='bbox 326 1568 560 1643; x_wconf 43' lang='grc' dir='ltr'>χαλεποιγ</span> <span class='ocrx_word' id='word_1_120' title='bbox 529 1595 631 1624; x_wconf 89' lang='grc' dir='ltr'>ωσιν</span> <span class='ocrx_word' id='word_1_121' title='bbox 656 1576 819 1631; x_wconf 80' lang='grc' dir='ltr'>αὐτοῖς,</span> <span class='ocrx_word' id='word_1_122' title='bbox 837 1592 885 1619; x_wconf 88' lang='grc' dir='ltr'>το</span> <span class='ocrx_word' id='word_1_123' title='bbox 901 1576 975 1618; x_wconf 80' lang='grc' dir='ltr'>τοῦ</span> <span class='ocrx_word' id='word_1_124' title='bbox 1000 1569 1237 1632; x_wconf 85' lang='grc' dir='ltr'>μύστακος,</span> <span class='ocrx_word' id='word_1_125' title='bbox 1261 1571 1397 1629; x_wconf 82' lang='grc' dir='ltr'>οἶμαι,</span> <span class='ocrx_word' id='word_1_126' title='bbox 1415 1584 1521 1630; x_wconf 91' lang='grc' dir='ltr'>προ-</span> 
     </span>
     <span class='ocr_line' id='line_1_19' title="bbox 240 1637 1522 1710; baseline -0.011 -13"><span class='ocrx_word' id='word_1_127' title='bbox 240 1652 443 1703; x_wconf 78' lang='grc' dir='ltr'>τείνοντες</span> <span class='ocrx_word' id='word_1_128' title='bbox 458 1686 470 1706; x_wconf 95' lang='grc'>,</span> <span class='ocrx_word' id='word_1_129' title='bbox 499 1647 612 1701; x_wconf 80' lang='grc' dir='ltr'>ὅπως</span> <span class='ocrx_word' id='word_1_130' title='bbox 631 1647 702 1694; x_wconf 82' lang='grc' dir='ltr'>καὶ</span> <span class='ocrx_word' id='word_1_131' title='bbox 725 1644 822 1710; x_wconf 84' lang='grc' dir='ltr'>περὶ</span> <span class='ocrx_word' id='word_1_132' title='bbox 846 1644 899 1692; x_wconf 85' lang='grc' dir='ltr'>τὰ</span> <span class='ocrx_word' id='word_1_133' title='bbox 920 1641 1158 1706; x_wconf 88' lang='grc' dir='ltr'>μικρότατα</span> <span class='ocrx_word' id='word_1_134' title='bbox 1180 1638 1276 1693; x_wconf 91' lang='grc' dir='ltr'>τους</span> <span class='ocrx_word' id='word_1_135' title='bbox 1293 1637 1409 1691; x_wconf 83' lang='grc' dir='ltr'>νέους</span> <span class='ocrx_word' id='word_1_136' title='bbox 1428 1657 1522 1685; x_wconf 87' lang='grc' dir='ltr'>πει-</span> 
     </span>
     <span class='ocr_line' id='line_1_20' title="bbox 242 1710 1519 1787; baseline -0.011 -16"><span class='ocrx_word' id='word_1_137' title='bbox 242 1728 414 1787; x_wconf 85' lang='grc' dir='ltr'>θαρχεῖν</span> <span class='ocrx_word' id='word_1_138' title='bbox 439 1721 617 1776; x_wconf 80' lang='grc' dir='ltr'>ἐθίζωσι.</span> <span class='ocrx_word' id='word_1_139' title='bbox 652 1721 722 1767; x_wconf 91' lang='lat' dir='ltr'>Cf.</span> <span class='ocrx_word' id='word_1_140' title='bbox 756 1718 935 1764; x_wconf 86' lang='lat' dir='ltr'><strong>Miiller.</strong></span> <span class='ocrx_word' id='word_1_141' title='bbox 965 1719 1077 1763; x_wconf 87' lang='lat' dir='ltr'><strong>Dor.</strong></span> <span class='ocrx_word' id='word_1_142' title='bbox 1115 1716 1187 1771; x_wconf 90' lang='lat' dir='ltr'><strong>II,</strong></span> <span class='ocrx_word' id='word_1_143' title='bbox 1212 1729 1262 1773; x_wconf 87' lang='lat' dir='ltr'>p.</span> <span class='ocrx_word' id='word_1_144' title='bbox 1302 1710 1390 1758; x_wconf 84' lang='lat'>125</span> <span class='ocrx_word' id='word_1_145' title='bbox 1419 1728 1518 1772; x_wconf 89' lang='lat' dir='ltr'>sq.·</span> <span class='ocrx_word' id='word_1_146' title='bbox 1507 1748 1519 1770; x_wconf 89' lang='lat'><strong>,</strong></span> 
     </span>
     <span class='ocr_line' id='line_1_21' title="bbox 239 1784 1321 1847; baseline -0.012 -4"><span class='ocrx_word' id='word_1_147' title='bbox 239 1796 470 1842; x_wconf 86' lang='lat' dir='ltr'><strong>Plutarch.</strong></span> <span class='ocrx_word' id='word_1_148' title='bbox 493 1797 562 1840; x_wconf 93' lang='lat' dir='ltr'>De</span> <span class='ocrx_word' id='word_1_149' title='bbox 581 1808 679 1838; x_wconf 87' lang='lat' dir='ltr'><strong>sera</strong></span> <span class='ocrx_word' id='word_1_150' title='bbox 697 1806 824 1839; x_wconf 88' lang='lat' dir='ltr'><strong>num.</strong></span> <span class='ocrx_word' id='word_1_151' title='bbox 838 1789 972 1841; x_wconf 87' lang='lat' dir='ltr'><strong>vind.</strong></span> <span class='ocrx_word' id='word_1_152' title='bbox 1000 1805 1041 1833; x_wconf 90' lang='lat' dir='ltr'>c.</span> <span class='ocrx_word' id='word_1_153' title='bbox 1070 1793 1115 1843; x_wconf 83' lang='grc'>4,</span> <span class='ocrx_word' id='word_1_154' title='bbox 1138 1803 1186 1847; x_wconf 90' lang='lat' dir='ltr'>p.</span> <span class='ocrx_word' id='word_1_155' title='bbox 1209 1784 1321 1832; x_wconf 75' lang='lat'>550.</span> 
     </span>
    </p>
   </div>
   <div class='ocr_carea' id='block_1_5' title="bbox 227 1891 1526 2483">
    <p class='ocr_par' dir='ltr' id='par_1_6' title="bbox 838 1891 916 1937">
     <span class='ocr_line' id='line_1_22' title="bbox 838 1891 916 1937; baseline 0.026 -2"><span class='ocrx_word' id='word_1_156' title='bbox 838 1891 916 1937; x_wconf 91' lang='lat'>86.</span> 
     </span>
    </p>

    <p class='ocr_par' dir='ltr' id='par_1_7' title="bbox 227 1978 1526 2407">
     <span class='ocr_line' id='line_1_23' title="bbox 305 1978 1525 2048; baseline -0.01 -10"><span class='ocrx_word' id='word_1_157' title='bbox 305 1992 456 2038; x_wconf 91' lang='lat' dir='ltr'><strong>Schol.</strong></span> <span class='ocrx_word' id='word_1_158' title='bbox 482 1988 774 2048; x_wconf 89' lang='lat' dir='ltr'><strong>Aristophan.</strong></span> <span class='ocrx_word' id='word_1_159' title='bbox 812 1986 1013 2030; x_wconf 87' lang='lat' dir='ltr'><strong>Acharn.</strong></span> <span class='ocrx_word' id='word_1_160' title='bbox 1055 1983 1199 2027; x_wconf 83' lang='lat'><strong>320:</strong></span> <span class='ocrx_word' id='word_1_161' title='bbox 1227 1978 1525 2047; x_wconf 81' lang='grc' dir='ltr'>Ἀριστοτέλης</span> 
     </span>
     <span class='ocr_line' id='line_1_24' title="bbox 241 2053 1526 2128; baseline -0.008 -20"><span class='ocrx_word' id='word_1_162' title='bbox 241 2061 287 2109; x_wconf 88' lang='grc' dir='ltr'>δέ</span> <span class='ocrx_word' id='word_1_163' title='bbox 306 2080 432 2128; x_wconf 82' lang='grc' dir='ltr'>φησιν</span> <span class='ocrx_word' id='word_1_164' title='bbox 458 2062 501 2107; x_wconf 88' lang='grc' dir='ltr'>ἐν</span> <span class='ocrx_word' id='word_1_165' title='bbox 519 2055 869 2119; x_wconf 84' lang='grc' dir='ltr'>Λακεδαιμονίων</span> <span class='ocrx_word' id='word_1_166' title='bbox 889 2054 1083 2102; x_wconf 84' lang='grc' dir='ltr'>πολιτεία</span> <span class='ocrx_word' id='word_1_167' title='bbox 1100 2056 1287 2119; x_wconf 70' lang='grc' dir='ltr'>χρῆσθαι</span> <span class='ocrx_word' id='word_1_168' title='bbox 1307 2053 1526 2102; x_wconf 73' lang='grc' dir='ltr'>Λακεδαι-</span> 
     </span>
     <span class='ocr_line' id='line_1_25' title="bbox 241 2125 1525 2198; baseline -0.006 -17"><span class='ocrx_word' id='word_1_169' title='bbox 241 2133 408 2196; x_wconf 88' lang='grc' dir='ltr'>μονίους</span> <span class='ocrx_word' id='word_1_170' title='bbox 442 2130 637 2198; x_wconf 78' lang='grc' dir='ltr'>φοινικίδι</span> <span class='ocrx_word' id='word_1_171' title='bbox 672 2129 778 2195; x_wconf 83' lang='grc' dir='ltr'>πρὸς</span> <span class='ocrx_word' id='word_1_172' title='bbox 811 2149 904 2183; x_wconf 92' lang='grc' dir='ltr'>τους</span> <span class='ocrx_word' id='word_1_173' title='bbox 928 2126 1169 2190; x_wconf 88' lang='grc' dir='ltr'>πολέμους,</span> <span class='ocrx_word' id='word_1_174' title='bbox 1195 2131 1322 2174; x_wconf 71' lang='grc' dir='ltr'>τοῦτο</span> <span class='ocrx_word' id='word_1_175' title='bbox 1353 2125 1429 2189; x_wconf 80' lang='grc' dir='ltr'>μὲν</span> <span class='ocrx_word' id='word_1_176' title='bbox 1460 2125 1525 2174; x_wconf 79' lang='grc' dir='ltr'>ὅτι</span> 
     </span>
     <span class='ocr_line' id='line_1_26' title="bbox 239 2198 1526 2289; baseline -0.005 -37"><span class='ocrx_word' id='word_1_177' title='bbox 239 2224 289 2252; x_wconf 94' lang='grc' dir='ltr'>το</span> <span class='ocrx_word' id='word_1_178' title='bbox 312 2208 386 2263; x_wconf 77' lang='grc' dir='ltr'>τῆς</span> <span class='ocrx_word' id='word_1_179' title='bbox 405 2203 555 2289; x_wconf 84' lang='grc' dir='ltr'>χρόας</span> <span class='ocrx_word' id='word_1_180' title='bbox 559 2201 784 2267; x_wconf 83' lang='grc' dir='ltr'>ἀνδρικὸν,</span> <span class='ocrx_word' id='word_1_181' title='bbox 804 2220 926 2248; x_wconf 87' lang='grc' dir='ltr'>τουτο</span> <span class='ocrx_word' id='word_1_182' title='bbox 956 2199 1000 2247; x_wconf 81' lang='grc' dir='ltr'>δὲ</span> <span class='ocrx_word' id='word_1_183' title='bbox 1034 2199 1100 2247; x_wconf 74' lang='grc' dir='ltr'>ὅτι</span> <span class='ocrx_word' id='word_1_184' title='bbox 1120 2219 1169 2246; x_wconf 92' lang='grc' dir='ltr'>το</span> <span class='ocrx_word' id='word_1_185' title='bbox 1192 2219 1266 2247; x_wconf 92' lang='grc' dir='ltr'>του</span> <span class='ocrx_word' id='word_1_186' title='bbox 1295 2198 1526 2264; x_wconf 83' lang='grc' dir='ltr'>χρώματος</span> 
     </span>
     <span class='ocr_line' id='line_1_27' title="bbox 240 2271 1521 2341; baseline -0.004 -17"><span class='ocrx_word' id='word_1_187' title='bbox 240 2277 480 2339; x_wconf 76' lang='grc' dir='ltr'>αἱματῶδες</span> <span class='ocrx_word' id='word_1_188' title='bbox 503 2279 578 2333; x_wconf 77' lang='grc' dir='ltr'>τῆς</span> <span class='ocrx_word' id='word_1_189' title='bbox 596 2294 669 2322; x_wconf 90' lang='grc' dir='ltr'>του</span> <span class='ocrx_word' id='word_1_190' title='bbox 691 2273 872 2336; x_wconf 87' lang='grc' dir='ltr'>αι’ματος</span> <span class='ocrx_word' id='word_1_191' title='bbox 892 2273 1049 2341; x_wconf 78' lang='grc' dir='ltr'>ῥύσεως</span> <span class='ocrx_word' id='word_1_192' title='bbox 1073 2271 1197 2328; x_wconf 82' lang='grc' dir='ltr'>ἐθίζει</span> <span class='ocrx_word' id='word_1_193' title='bbox 1220 2278 1521 2338; x_wconf 79' lang='grc' dir='ltr'>καταφρονεῖν.</span> 
     </span>
     <span class='ocr_line' id='line_1_28' title="bbox 227 2347 843 2413; baseline -0.007 -17"><span class='ocrx_word' id='word_1_194' title='bbox 227 2352 311 2407; x_wconf 87' lang='lat' dir='ltr'>Cf.</span> <span class='ocrx_word' id='word_1_195' title='bbox 338 2351 480 2413; x_wconf 78' lang='lat' dir='ltr'><strong>schol.</strong></span> <span class='ocrx_word' id='word_1_196' title='bbox 505 2351 555 2393; x_wconf 89' lang='lat' dir='ltr'>in</span> <span class='ocrx_word' id='word_1_197' title='bbox 574 2350 677 2396; x_wconf 90' lang='lat' dir='ltr'><strong>Pac.</strong></span> <span class='ocrx_word' id='word_1_198' title='bbox 706 2347 843 2405; x_wconf 90' lang='lat'>1173.</span> 
     </span>
    </p>

    <p class='ocr_par' dir='ltr' id='par_1_8' title="bbox 301 2416 1524 2483">
     <span class='ocr_line' id='line_1_29' title="bbox 301 2416 1524 2483; baseline -0.002 -15"><span class='ocrx_word' id='word_1_199' title='bbox 301 2422 456 2469; x_wconf 83' lang='lat' dir='ltr'><strong>Moeris</strong></span> <span class='ocrx_word' id='word_1_200' title='bbox 482 2424 677 2469; x_wconf 88' lang='lat' dir='ltr'><strong>Atticist.</strong></span> <span class='ocrx_word' id='word_1_201' title='bbox 710 2416 1021 2482; x_wconf 71' lang='grc' dir='ltr'>εΦοινικίς,</span> <span class='ocrx_word' id='word_1_202' title='bbox 1048 2418 1208 2483; x_wconf 84' lang='grc' dir='ltr'>ἔνδυμα</span> <span class='ocrx_word' id='word_1_203' title='bbox 1246 2417 1524 2479; x_wconf 86' lang='grc' dir='ltr'>Λακωνικον,</span> 
     </span>
    </p>
   </div>
   <div class='ocr_carea' id='block_1_6' title="bbox 239 2489 1523 2557">
    <p class='ocr_par' dir='ltr' id='par_1_9' title="bbox 239 2489 1523 2557">
     <span class='ocr_line' id='line_1_30' title="bbox 239 2489 1523 2557; baseline -0.002 -16"><span class='ocrx_word' id='word_1_204' title='bbox 239 2494 365 2542; x_wconf 83' lang='grc' dir='ltr'>ὁπότε</span> <span class='ocrx_word' id='word_1_205' title='bbox 389 2495 444 2548; x_wconf 87' lang='grc' dir='ltr'>εἷς</span> <span class='ocrx_word' id='word_1_206' title='bbox 466 2491 698 2555; x_wconf 77' lang='grc' dir='ltr'>πόλεμον”</span> <span class='ocrx_word' id='word_1_207' title='bbox 682 2512 796 2550; x_wconf 92' lang='grc' dir='ltr'>ιοιεν,</span> <span class='ocrx_word' id='word_1_208' title='bbox 833 2491 903 2539; x_wconf 81' lang='grc' dir='ltr'>διὰ</span> <span class='ocrx_word' id='word_1_209' title='bbox 941 2491 986 2539; x_wconf 82' lang='grc' dir='ltr'>τὸ</span> <span class='ocrx_word' id='word_1_210' title='bbox 1009 2495 1234 2557; x_wconf 84' lang='grc' dir='ltr'>ὁμοχροεῖν</span> <span class='ocrx_word' id='word_1_211' title='bbox 1259 2493 1321 2538; x_wconf 83' lang='grc' dir='ltr'>τῶ</span> <span class='ocrx_word' id='word_1_212' title='bbox 1347 2489 1523 2554; x_wconf 81' lang='grc' dir='ltr'>αἵματι.</span> 
     </span>
    </p>
   </div>
   <div class='ocr_carea' id='block_1_7' title="bbox 239 2561 1524 2690">
    <p class='ocr_par' dir='ltr' id='par_1_10' title="bbox 239 2561 1523 2685">
     <span class='ocr_line' id='line_1_31' title="bbox 239 2561 1523 2631; baseline -0.004 -15.936"><span class='ocrx_word' id='word_1_213' title='bbox 239 2566 571 2631; x_wconf 75' lang='grc' dir='ltr'>Ἀριστοτέλης’</span> <span class='ocrx_word' id='word_1_214' title='bbox 553 2585 595 2612; x_wconf 90' lang='grc' dir='ltr'>εν</span> <span class='ocrx_word' id='word_1_215' title='bbox 616 2565 809 2630; x_wconf 89' lang='grc' dir='ltr'>πολιτεία</span> <span class='ocrx_word' id='word_1_216' title='bbox 827 2563 943 2628; x_wconf 86' lang='grc' dir='ltr'>λέγει</span> <span class='ocrx_word' id='word_1_217' title='bbox 966 2565 1104 2627; x_wconf 88' lang='lat' dir='ltr'><strong>(adde</strong></span> <span class='ocrx_word' id='word_1_218' title='bbox 1125 2561 1523 2627; x_wconf 87' lang='grc' dir='ltr'>Λακεδαιμονίων).</span> 
     </span>
     <span class='ocr_line' id='line_1_32' title="bbox 306 2634 1524 2690; baseline -0.001 -6"><span class='ocrx_word' id='word_1_219' title='bbox 306 2639 373 2686; x_wconf 90' lang='lat' dir='ltr'>Cf.</span> <span class='ocrx_word' id='word_1_220' title='bbox 398 2639 558 2683; x_wconf 89' lang='lat' dir='ltr'><strong>Suidas</strong></span> <span class='ocrx_word' id='word_1_221' title='bbox 578 2655 623 2682; x_wconf 86' lang='lat' dir='ltr'>v.</span> <span class='ocrx_word' id='word_1_222' title='bbox 643 2636 871 2685; x_wconf 88' lang='grc' dir='ltr'>Φοινικίδα</span> <span class='ocrx_word' id='word_1_223' title='bbox 891 2647 937 2682; x_wconf 88' lang='lat' dir='ltr'>et</span> <span class='ocrx_word' id='word_1_224' title='bbox 963 2634 1265 2690; x_wconf 83' lang='grc' dir='ltr'>Καταξαίνειν.</span> <span class='ocrx_word' id='word_1_225' title='bbox 1293 2634 1456 2682; x_wconf 87' lang='lat' dir='ltr'><strong>AElian.</strong></span> <span class='ocrx_word' id='word_1_226' title='bbox 1473 2639 1524 2683; x_wconf 85' lang='lat' dir='ltr'>V·</span> 
     </span>
    </p>
   </div>
   <div class='ocr_carea' id='block_1_8' title="bbox 200 2709 1528 3494">
    <p class='ocr_par' dir='ltr' id='par_1_11' title="bbox 200 2709 1528 3494">
     <span class='ocr_line' id='line_1_33' title="bbox 242 2709 1523 2767; baseline -0.002 -13"><span class='ocrx_word' id='word_1_227' title='bbox 242 2712 386 2766; x_wconf 77' lang='lat' dir='ltr'>H.V1‚</span> <span class='ocrx_word' id='word_1_228' title='bbox 405 2709 452 2765; x_wconf 82' lang='lat'>63</span> <span class='ocrx_word' id='word_1_229' title='bbox 466 2710 615 2757; x_wconf 87' lang='lat' dir='ltr'><strong>Valer.</strong></span> <span class='ocrx_word' id='word_1_230' title='bbox 629 2712 752 2755; x_wconf 87' lang='lat' dir='ltr'><strong>Max.</strong></span> <span class='ocrx_word' id='word_1_231' title='bbox 770 2709 889 2767; x_wconf 85' lang='lat'><strong>11,6;</strong></span> <span class='ocrx_word' id='word_1_232' title='bbox 910 2709 1144 2755; x_wconf 85' lang='lat' dir='ltr'><strong>Plutarch.</strong></span> <span class='ocrx_word' id='word_1_233' title='bbox 1160 2709 1332 2754; x_wconf 90' lang='lat' dir='ltr'><strong>Institt.</strong></span> <span class='ocrx_word' id='word_1_234' title='bbox 1345 2710 1523 2756; x_wconf 86' lang='lat' dir='ltr'><strong>Lacon.</strong></span> 
     </span>
     <span class='ocr_line' id='line_1_34' title="bbox 200 2779 1522 2844; baseline 0.001 -19"><span class='ocrx_word' id='word_1_235' title='bbox 200 2836 207 2842; x_wconf 30' lang='lat'><em>⁸</em></span> <span class='ocrx_word' id='word_1_236' title='bbox 245 2787 323 2834; x_wconf 85' lang='grc'>24.</span> <span class='ocrx_word' id='word_1_237' title='bbox 340 2779 564 2840; x_wconf 86' lang='lat' dir='ltr'><strong>Purpurae</strong></span> <span class='ocrx_word' id='word_1_238' title='bbox 585 2783 766 2842; x_wconf 85' lang='lat' dir='ltr'><strong>copiam</strong></span> <span class='ocrx_word' id='word_1_239' title='bbox 786 2783 1098 2844; x_wconf 83' lang='lat' dir='ltr'>suppeditavit</span> <span class='ocrx_word' id='word_1_240' title='bbox 1114 2782 1314 2841; x_wconf 85' lang='lat' dir='ltr'><strong>Cythera</strong></span> <span class='ocrx_word' id='word_1_241' title='bbox 1333 2781 1522 2826; x_wconf 89' lang='lat' dir='ltr'><strong>insula:</strong></span> 
     </span>
     <span class='ocr_line' id='line_1_35' title="bbox 246 2850 1526 2917; baseline 0.001 -21"><span class='ocrx_word' id='word_1_242' title='bbox 246 2853 305 2897; x_wconf 88' lang='lat' dir='ltr'>de</span> <span class='ocrx_word' id='word_1_243' title='bbox 328 2865 420 2911; x_wconf 84' lang='lat' dir='ltr'>qua</span> <span class='ocrx_word' id='word_1_244' title='bbox 447 2853 704 2911; x_wconf 87' lang='lat' dir='ltr'><strong>Stephanus</strong></span> <span class='ocrx_word' id='word_1_245' title='bbox 725 2869 772 2900; x_wconf 80' lang='lat' dir='ltr'>v,</span> <span class='ocrx_word' id='word_1_246' title='bbox 796 2851 1006 2917; x_wconf 81' lang='grc' dir='ltr'>Κύθηρα;</span> <span class='ocrx_word' id='word_1_247' title='bbox 1026 2851 1298 2900; x_wconf 78' lang='grc' dir='ltr'>Ἐκαλεῖτο</span> <span class='ocrx_word' id='word_1_248' title='bbox 1276 2850 1320 2898; x_wconf 85' lang='grc' dir='ltr'>οὲ</span> <span class='ocrx_word' id='word_1_249' title='bbox 1343 2852 1526 2916; x_wconf 71' lang='grc' dir='ltr'>Πορφυ-</span> 
     </span>
     <span class='ocr_line' id='line_1_36' title="bbox 247 2920 1528 2990; baseline 0 -20"><span class='ocrx_word' id='word_1_250' title='bbox 247 2927 406 2987; x_wconf 75' lang='grc' dir='ltr'>ροῧσσα</span> <span class='ocrx_word' id='word_1_251' title='bbox 431 2920 501 2968; x_wconf 79' lang='grc' dir='ltr'>διὰ</span> <span class='ocrx_word' id='word_1_252' title='bbox 521 2922 568 2969; x_wconf 83' lang='grc' dir='ltr'>τὸ</span> <span class='ocrx_word' id='word_1_253' title='bbox 593 2922 746 2976; x_wconf 83' lang='grc' dir='ltr'>κάλλος</span> <span class='ocrx_word' id='word_1_254' title='bbox 770 2923 818 2970; x_wconf 82' lang='grc' dir='ltr'>τὸ</span> <span class='ocrx_word' id='word_1_255' title='bbox 839 2923 957 2988; x_wconf 81' lang='grc' dir='ltr'>παρὰ</span> <span class='ocrx_word' id='word_1_256' title='bbox 991 2927 1076 2972; x_wconf 82' lang='grc' dir='ltr'>τῶν</span> <span class='ocrx_word' id='word_1_257' title='bbox 1108 2926 1335 2990; x_wconf 79' lang='grc' dir='ltr'>πορφυρῶν</span> <span class='ocrx_word' id='word_1_258' title='bbox 1357 2921 1459 2987; x_wconf 86' lang='grc' dir='ltr'>(διὰ</span> <span class='ocrx_word' id='word_1_259' title='bbox 1479 2922 1528 2970; x_wconf 84' lang='grc' dir='ltr'>τὸ</span> 
     </span>
     <span class='ocr_line' id='line_1_37' title="bbox 245 2992 1527 3059; baseline -0.001 -17.999"><span class='ocrx_word' id='word_1_260' title='bbox 245 2992 519 3047; x_wconf 77' lang='grc' dir='ltr'>καλλίστας”</span> <span class='ocrx_word' id='word_1_261' title='bbox 496 3013 515 3040; x_wconf 94' lang='grc' dir='ltr'>ε</span> <span class='ocrx_word' id='word_1_262' title='bbox 517 3012 608 3057; x_wconf 70' lang='grc' dir='ltr'>χειν</span> <span class='ocrx_word' id='word_1_263' title='bbox 631 2994 849 3059; x_wconf 73' lang='grc' dir='ltr'>πορφύρας</span> <span class='ocrx_word' id='word_1_264' title='bbox 867 2998 1071 3045; x_wconf 88' lang='lat' dir='ltr'><strong>Eustath.</strong></span> <span class='ocrx_word' id='word_1_265' title='bbox 1097 2996 1170 3042; x_wconf 88' lang='lat' dir='ltr'>ad.</span> <span class='ocrx_word' id='word_1_266' title='bbox 1192 2999 1338 3042; x_wconf 75' lang='lat' dir='ltr'><strong>Dion.</strong></span> <span class='ocrx_word' id='word_1_267' title='bbox 1365 3002 1460 3057; x_wconf 87' lang='grc'>499</span> <span class='ocrx_word' id='word_1_268' title='bbox 1481 3005 1527 3041; x_wconf 92' lang='lat' dir='ltr'>et</span> 
     </span>
     <span class='ocr_line' id='line_1_38' title="bbox 247 3066 1524 3133; baseline 0.002 -22"><span class='ocrx_word' id='word_1_269' title='bbox 247 3066 305 3111; x_wconf 87' lang='lat' dir='ltr'>ad</span> <span class='ocrx_word' id='word_1_270' title='bbox 321 3068 482 3127; x_wconf 85' lang='lat' dir='ltr'><strong>Odyss.</strong></span> <span class='ocrx_word' id='word_1_271' title='bbox 502 3069 560 3123; x_wconf 89' lang='grc' dir='ltr'>Ο,</span> <span class='ocrx_word' id='word_1_272' title='bbox 582 3068 729 3125; x_wconf 82' lang='grc'>432,0</span> <span class='ocrx_word' id='word_1_273' title='bbox 750 3069 1026 3131; x_wconf 80' lang='lat' dir='ltr'><strong>Stephano),</strong></span> <span class='ocrx_word' id='word_1_274' title='bbox 1045 3071 1101 3122; x_wconf 81' lang='grc' dir='ltr'>ὡς</span> <span class='ocrx_word' id='word_1_275' title='bbox 1120 3066 1433 3133; x_wconf 79' lang='grc' dir='ltr'>Ἀριστοτέλης.</span> <span class='ocrx_word' id='word_1_276' title='bbox 1455 3068 1524 3114; x_wconf 91' lang='lat' dir='ltr'>Cf.</span> 
     </span>
     <span class='ocr_line' id='line_1_39' title="bbox 251 3140 1521 3200; baseline 0.002 -18"><span class='ocrx_word' id='word_1_277' title='bbox 251 3140 423 3185; x_wconf 84' lang='lat' dir='ltr'><strong>Plinius</strong></span> <span class='ocrx_word' id='word_1_278' title='bbox 438 3140 517 3196; x_wconf 89' lang='lat' dir='ltr'><strong>IV,</strong></span> <span class='ocrx_word' id='word_1_279' title='bbox 551 3154 606 3183; x_wconf 83' lang='lat'>12</span> <span class='ocrx_word' id='word_1_280' title='bbox 635 3153 646 3185; x_wconf 74' lang='lat' dir='ltr'><strong><em>z</em></strong></span> <span class='ocrx_word' id='word_1_281' title='bbox 675 3142 734 3183; x_wconf 80' lang='lat' dir='ltr'>In</span> <span class='ocrx_word' id='word_1_282' title='bbox 758 3143 979 3186; x_wconf 76' lang='lat' dir='ltr'><strong>Laconico</strong></span> <span class='ocrx_word' id='word_1_283' title='bbox 1006 3143 1296 3200; x_wconf 75' lang='lat' dir='ltr'><strong>Taganussa,</strong></span> <span class='ocrx_word' id='word_1_284' title='bbox 1331 3141 1521 3196; x_wconf 79' lang='lat' dir='ltr'>Cothon,</span> 
     </span>
     <span class='ocr_line' id='line_1_40' title="bbox 251 3210 1491 3275; baseline 0.004 -22"><span class='ocrx_word' id='word_1_285' title='bbox 251 3210 446 3268; x_wconf 70' lang='lat' dir='ltr'><strong>Cythera</strong></span> <span class='ocrx_word' id='word_1_286' title='bbox 466 3226 564 3255; x_wconf 83' lang='lat' dir='ltr'>cum</span> <span class='ocrx_word' id='word_1_287' title='bbox 584 3214 776 3271; x_wconf 78' lang='lat' dir='ltr'><strong>oppido,</strong></span> <span class='ocrx_word' id='word_1_288' title='bbox 806 3223 941 3257; x_wconf 77' lang='lat' dir='ltr'><strong>antea</strong></span> <span class='ocrx_word' id='word_1_289' title='bbox 965 3215 1216 3274; x_wconf 79' lang='lat' dir='ltr'>Porphyris</span> <span class='ocrx_word' id='word_1_290' title='bbox 1235 3216 1491 3275; x_wconf 80' lang='lat' dir='ltr'><strong>appellata.</strong></span> 
     </span>
     <span class='ocr_line' id='line_1_41' title="bbox 313 3280 1527 3346; baseline 0.004 -20"><span class='ocrx_word' id='word_1_291' title='bbox 313 3280 424 3327; x_wconf 86' lang='lat' dir='ltr'><strong>Post</strong></span> <span class='ocrx_word' id='word_1_292' title='bbox 440 3283 594 3328; x_wconf 86' lang='lat' dir='ltr'><strong>locum</strong></span> <span class='ocrx_word' id='word_1_293' title='bbox 615 3285 868 3329; x_wconf 78' lang='lat' dir='ltr'><strong>A1istotelis</strong></span> <span class='ocrx_word' id='word_1_294' title='bbox 884 3286 941 3330; x_wconf 90' lang='lat' dir='ltr'>de</span> <span class='ocrx_word' id='word_1_295' title='bbox 960 3288 1075 3346; x_wconf 84' lang='lat' dir='ltr'><strong>sagis</strong></span> <span class='ocrx_word' id='word_1_296' title='bbox 1092 3288 1341 3346; x_wconf 86' lang='lat' dir='ltr'><strong>purpureis</strong></span> <span class='ocrx_word' id='word_1_297' title='bbox 1357 3284 1527 3331; x_wconf 84' lang='lat' dir='ltr'><strong>Laced.</strong></span> 
     </span>
     <span class='ocr_line' id='line_1_42' title="bbox 247 3356 1526 3415; baseline 0.005 -19"><span class='ocrx_word' id='word_1_298' title='bbox 247 3356 541 3399; x_wconf 83' lang='lat' dir='ltr'><strong>Neurnannus</strong></span> <span class='ocrx_word' id='word_1_299' title='bbox 562 3357 696 3415; x_wconf 86' lang='lat' dir='ltr'><strong>ponit</strong></span> <span class='ocrx_word' id='word_1_300' title='bbox 709 3357 805 3401; x_wconf 85' lang='lat' dir='ltr'><strong>haec</strong></span> <span class='ocrx_word' id='word_1_301' title='bbox 829 3373 883 3402; x_wconf 86' lang='lat' dir='ltr'>ex</span> <span class='ocrx_word' id='word_1_302' title='bbox 900 3360 1147 3403; x_wconf 88' lang='lat' dir='ltr'><strong>Ammonio</strong></span> <span class='ocrx_word' id='word_1_303' title='bbox 1177 3361 1247 3404; x_wconf 88' lang='lat' dir='ltr'>De</span> <span class='ocrx_word' id='word_1_304' title='bbox 1265 3358 1368 3404; x_wconf 88' lang='lat' dir='ltr'><strong>diff.</strong></span> <span class='ocrx_word' id='word_1_305' title='bbox 1395 3359 1526 3405; x_wconf 83' lang='lat' dir='ltr'><strong>verb.</strong></span> 
     </span>
     <span class='ocr_line' id='line_1_43' title="bbox 249 3415 1524 3494; baseline 0.006 -26"><span class='ocrx_word' id='word_1_306' title='bbox 249 3442 293 3471; x_wconf 78' lang='lat' dir='ltr'>v.</span> <span class='ocrx_word' id='word_1_307' title='bbox 317 3423 532 3486; x_wconf 81' lang='grc' dir='ltr'>Χλαμύς;</span> <span class='ocrx_word' id='word_1_308' title='bbox 560 3423 741 3487; x_wconf 88' lang='grc' dir='ltr'>Χλαμυς</span> <span class='ocrx_word' id='word_1_309' title='bbox 764 3426 835 3473; x_wconf 84' lang='grc' dir='ltr'>καὶ</span> <span class='ocrx_word' id='word_1_310' title='bbox 863 3429 1069 3491; x_wconf 85' lang='grc' dir='ltr'>χλαῖνα</span> <span class='ocrx_word' id='word_1_311' title='bbox 1046 3447 1169 3493; x_wconf 67' lang='grc' dir='ltr'>οιαςρε</span> <span class='ocrx_word' id='word_1_312' title='bbox 1160 3428 1263 3494; x_wconf 81' lang='grc' dir='ltr'>’·ρει</span> <span class='ocrx_word' id='word_1_313' title='bbox 1288 3432 1315 3486; x_wconf 90' lang='grc' dir='ltr'>ἡ</span> <span class='ocrx_word' id='word_1_314' title='bbox 1340 3415 1418 3492; x_wconf 85' lang='grc' dir='ltr'>μὲν</span> <span class='ocrx_word' id='word_1_315' title='bbox 1439 3427 1524 3494; x_wconf 81' lang='grc' dir='ltr'>γὰρ</span> 
     </span>
    </p>
   </div>
   <div class='ocr_carea' id='block_1_9' title="bbox 249 3496 1527 3565">
    <p class='ocr_par' dir='ltr' id='par_1_12' title="bbox 249 3496 1527 3565">
     <span class='ocr_line' id='line_1_44' title="bbox 249 3496 1527 3565; baseline 0.006 -24"><span class='ocrx_word' id='word_1_316' title='bbox 249 3499 405 3559; x_wconf 77' lang='grc' dir='ltr'>χλαῖνα</span> <span class='ocrx_word' id='word_1_317' title='bbox 440 3496 702 3561; x_wconf 83' lang='grc' dir='ltr'>τετράγωνον</span> <span class='ocrx_word' id='word_1_318' title='bbox 729 3498 920 3559; x_wconf 75' lang='grc' dir='ltr'>ἱμάτιον·</span> <span class='ocrx_word' id='word_1_319' title='bbox 948 3504 974 3558; x_wconf 80' lang='grc' dir='ltr'>ἡ</span> <span class='ocrx_word' id='word_1_320' title='bbox 1009 3501 1053 3551; x_wconf 88' lang='grc' dir='ltr'>δὲ</span> <span class='ocrx_word' id='word_1_321' title='bbox 1090 3500 1260 3565; x_wconf 88' lang='grc' dir='ltr'>χλαμυς</span> <span class='ocrx_word' id='word_1_322' title='bbox 1285 3506 1343 3555; x_wconf 85' lang='grc' dir='ltr'>εἰς</span> <span class='ocrx_word' id='word_1_323' title='bbox 1366 3500 1527 3549; x_wconf 83' lang='grc' dir='ltr'>τέλειον</span> 
     </span>
    </p>
   </div>
   <div class='ocr_carea' id='block_1_10' title="bbox 250 3638 1532 4208">
    <p class='ocr_par' dir='ltr' id='par_1_13' title="bbox 843 3638 914 3677">
     <span class='ocr_line' id='line_1_45' title="bbox 843 3638 914 3677; baseline 0.019 -1"><span class='ocrx_word' id='word_1_324' title='bbox 843 3638 914 3677; x_wconf 88' lang='lat'>85.</span> 
     </span>
    </p>

    <p class='ocr_par' dir='ltr' id='par_1_14' title="bbox 250 3701 1532 4207">
     <span class='ocr_line' id='line_1_46' title="bbox 301 3701 1531 3756; baseline 0.005 -15"><span class='ocrx_word' id='word_1_325' title='bbox 301 3701 415 3751; x_wconf 73' lang='lat' dir='ltr'><strong>Apud</strong></span> <span class='ocrx_word' id='word_1_326' title='bbox 430 3701 750 3742; x_wconf 76' lang='lat' dir='ltr'><strong>Lacedaemonios</strong></span> <span class='ocrx_word' id='word_1_327' title='bbox 767 3714 846 3742; x_wconf 92' lang='lat' dir='ltr'>non</span> <span class='ocrx_word' id='word_1_328' title='bbox 866 3705 992 3744; x_wconf 84' lang='lat' dir='ltr'><strong>solum</strong></span> <span class='ocrx_word' id='word_1_329' title='bbox 1008 3707 1161 3756; x_wconf 84' lang='lat' dir='ltr'><strong>Metus,</strong></span> <span class='ocrx_word' id='word_1_330' title='bbox 1175 3706 1242 3746; x_wconf 88' lang='lat' dir='ltr'>sed</span> <span class='ocrx_word' id='word_1_331' title='bbox 1259 3707 1376 3747; x_wconf 86' lang='lat' dir='ltr'><strong>etiam</strong></span> <span class='ocrx_word' id='word_1_332' title='bbox 1394 3707 1531 3747; x_wconf 81' lang='lat' dir='ltr'><strong>Mortis</strong></span> 
     </span>
     <span class='ocr_line' id='line_1_47' title="bbox 250 3766 1531 3814; baseline 0.006 -10"><span class='ocrx_word' id='word_1_333' title='bbox 250 3767 288 3804; x_wconf 78' lang='lat' dir='ltr'>et</span> <span class='ocrx_word' id='word_1_334' title='bbox 304 3766 417 3806; x_wconf 81' lang='lat' dir='ltr'><strong>Risus</strong></span> <span class='ocrx_word' id='word_1_335' title='bbox 435 3768 475 3806; x_wconf 89' lang='lat' dir='ltr'>et</span> <span class='ocrx_word' id='word_1_336' title='bbox 491 3766 659 3806; x_wconf 85' lang='lat' dir='ltr'><strong>aliorum</strong></span> <span class='ocrx_word' id='word_1_337' title='bbox 676 3767 861 3807; x_wconf 83' lang='lat' dir='ltr'><strong>similium</strong></span> <span class='ocrx_word' id='word_1_338' title='bbox 878 3770 1090 3810; x_wconf 76' lang='lat' dir='ltr'><strong>affectuum</strong></span> <span class='ocrx_word' id='word_1_339' title='bbox 1106 3771 1196 3811; x_wconf 85' lang='lat' dir='ltr'><strong>sana</strong></span> <span class='ocrx_word' id='word_1_340' title='bbox 1215 3774 1321 3814; x_wconf 90' lang='lat' dir='ltr'><strong>sunt.</strong></span> <span class='ocrx_word' id='word_1_341' title='bbox 1335 3776 1531 3813; x_wconf 85' lang='lat' dir='ltr'><strong>Veneran-</strong></span> 
     </span>
     <span class='ocr_line' id='line_1_48' title="bbox 252 3832 1532 3887; baseline 0.008 -18"><span class='ocrx_word' id='word_1_342' title='bbox 252 3833 317 3869; x_wconf 77' lang='lat' dir='ltr'>tur</span> <span class='ocrx_word' id='word_1_343' title='bbox 343 3832 477 3871; x_wconf 84' lang='lat' dir='ltr'><strong>autem</strong></span> <span class='ocrx_word' id='word_1_344' title='bbox 505 3833 654 3871; x_wconf 69' lang='lat' dir='ltr'><strong>Melum</strong></span> <span class='ocrx_word' id='word_1_345' title='bbox 682 3842 760 3871; x_wconf 90' lang='lat' dir='ltr'>non</span> <span class='ocrx_word' id='word_1_346' title='bbox 778 3834 965 3884; x_wconf 77' lang='lat' dir='ltr'><strong>tanquam</strong></span> <span class='ocrx_word' id='word_1_347' title='bbox 985 3837 1173 3887; x_wconf 84' lang='lat' dir='ltr'><strong>noxium,</strong></span> <span class='ocrx_word' id='word_1_348' title='bbox 1190 3837 1249 3877; x_wconf 80' lang='lat' dir='ltr'>uli</span> <span class='ocrx_word' id='word_1_349' title='bbox 1275 3848 1342 3878; x_wconf 86' lang='lat' dir='ltr'>eos</span> <span class='ocrx_word' id='word_1_350' title='bbox 1365 3838 1532 3878; x_wconf 86' lang='lat' dir='ltr'><strong>colimus</strong></span> 
     </span>
     <span class='ocr_line' id='line_1_49' title="bbox 253 3893 1530 3953; baseline 0.01 -23"><span class='ocrx_word' id='word_1_351' title='bbox 253 3893 474 3943; x_wconf 65' lang='lat' dir='ltr'><strong>ammones,</strong></span> <span class='ocrx_word' id='word_1_352' title='bbox 497 3904 670 3944; x_wconf 85' lang='lat' dir='ltr'><strong>quorum</strong></span> <span class='ocrx_word' id='word_1_353' title='bbox 707 3895 805 3935; x_wconf 87' lang='lat' dir='ltr'><strong>iram</strong></span> <span class='ocrx_word' id='word_1_354' title='bbox 832 3899 1008 3938; x_wconf 83' lang='lat' dir='ltr'><strong>avertere</strong></span> <span class='ocrx_word' id='word_1_355' title='bbox 1030 3899 1253 3950; x_wconf 81' lang='lat' dir='ltr'><strong>studemus,</strong></span> <span class='ocrx_word' id='word_1_356' title='bbox 1275 3901 1343 3941; x_wconf 89' lang='lat' dir='ltr'>sed</span> <span class='ocrx_word' id='word_1_357' title='bbox 1369 3912 1530 3953; x_wconf 87' lang='lat' dir='ltr'><strong>rempu-</strong></span> 
     </span>
     <span class='ocr_line' id='line_1_50' title="bbox 252 3956 1531 4012; baseline 0.009 -17"><span class='ocrx_word' id='word_1_358' title='bbox 252 3956 394 3997; x_wconf 75' lang='lat' dir='ltr'><strong>blicam</strong></span> <span class='ocrx_word' id='word_1_359' title='bbox 415 3967 536 4008; x_wconf 83' lang='lat' dir='ltr'><strong>quam</strong></span> <span class='ocrx_word' id='word_1_360' title='bbox 564 3958 735 3997; x_wconf 76' lang='lat' dir='ltr'><strong>maxime</strong></span> <span class='ocrx_word' id='word_1_361' title='bbox 752 3959 942 3999; x_wconf 77' lang='lat' dir='ltr'><strong>contineri</strong></span> <span class='ocrx_word' id='word_1_362' title='bbox 958 3963 1067 4001; x_wconf 80' lang='lat' dir='ltr'><strong>melu</strong></span> <span class='ocrx_word' id='word_1_363' title='bbox 1092 3963 1375 4005; x_wconf 81' lang='lat' dir='ltr'><strong>existimantes.</strong></span> <span class='ocrx_word' id='word_1_364' title='bbox 1398 3968 1531 4012; x_wconf 85' lang='lat' dir='ltr'><strong>Quare</strong></span> 
     </span>
     <span class='ocr_line' id='line_1_51' title="bbox 252 4020 1532 4075; baseline 0.008 -16"><span class='ocrx_word' id='word_1_365' title='bbox 252 4021 369 4060; x_wconf 74' lang='grc' dir='ltr'>ιιίηιιι</span> <span class='ocrx_word' id='word_1_366' title='bbox 386 4020 543 4071; x_wconf 81' lang='lat' dir='ltr'><strong>ephori,</strong></span> <span class='ocrx_word' id='word_1_367' title='bbox 563 4023 607 4060; x_wconf 87' lang='lat' dir='ltr'>ut</span> <span class='ocrx_word' id='word_1_368' title='bbox 628 4021 852 4061; x_wconf 76' lang='lat' dir='ltr'><strong>Aristoteles</strong></span> <span class='ocrx_word' id='word_1_369' title='bbox 868 4023 921 4062; x_wconf 84' lang='lat' dir='ltr'>ait</span> <span class='ocrx_word' id='word_1_370' title='bbox 933 4024 1232 4075; x_wconf 79' lang='lat' dir='ltr'><strong>,magistratum</strong></span> <span class='ocrx_word' id='word_1_371' title='bbox 1248 4028 1427 4068; x_wconf 85' lang='lat' dir='ltr'><strong>ineuntes</strong></span> <span class='ocrx_word' id='word_1_372' title='bbox 1450 4029 1532 4069; x_wconf 90' lang='lat' dir='ltr'><strong>edi-</strong></span> 
     </span>
     <span class='ocr_line' id='line_1_52' title="bbox 253 4054 1530 4143; baseline 0.009 -21"><span class='ocrx_word' id='word_1_373' title='bbox 253 4086 348 4124; x_wconf 79' lang='lat' dir='ltr'><strong>cunt</strong></span> <span class='ocrx_word' id='word_1_374' title='bbox 366 4084 542 4134; x_wconf 80' lang='lat' dir='ltr'><strong>civibus,</strong></span> <span class='ocrx_word' id='word_1_375' title='bbox 559 4087 602 4124; x_wconf 86' lang='lat' dir='ltr'>ut</span> <span class='ocrx_word' id='word_1_376' title='bbox 619 4087 833 4133; x_wconf 65' lang='lat' dir='ltr'><strong>mystacom</strong></span> <span class='ocrx_word' id='word_1_377' title='bbox 850 4054 1052 4137; x_wconf 76' lang='lat' dir='ltr'><strong>tondeant,</strong></span> <span class='ocrx_word' id='word_1_378' title='bbox 1070 4092 1108 4128; x_wconf 82' lang='lat' dir='ltr'>et</span> <span class='ocrx_word' id='word_1_379' title='bbox 1124 4090 1173 4129; x_wconf 83' lang='lat' dir='ltr'>ad</span> <span class='ocrx_word' id='word_1_380' title='bbox 1189 4092 1292 4141; x_wconf 88' lang='lat' dir='ltr'><strong>leges</strong></span> <span class='ocrx_word' id='word_1_381' title='bbox 1313 4093 1530 4143; x_wconf 83' lang='lat' dir='ltr'><strong>attendant,</strong></span> 
     </span>
     <span class='ocr_line' id='line_1_53' title="bbox 254 4148 1530 4208; baseline 0.009 -21"><span class='ocrx_word' id='word_1_382' title='bbox 254 4158 304 4188; x_wconf 82' lang='grc' dir='ltr'>1ιο</span> <span class='ocrx_word' id='word_1_383' title='bbox 318 4159 374 4188; x_wconf 76' lang='lat' dir='ltr'>eae</span> <span class='ocrx_word' id='word_1_384' title='bbox 389 4148 478 4200; x_wconf 78' lang='lat' dir='ltr'><strong>ipsis</strong></span> <span class='ocrx_word' id='word_1_385' title='bbox 493 4149 567 4188; x_wconf 83' lang='lat' dir='ltr'><strong>sint</strong></span> <span class='ocrx_word' id='word_1_386' title='bbox 582 4149 761 4189; x_wconf 76' lang='lat' dir='ltr'><strong>difficiles</strong></span> <span class='ocrx_word' id='word_1_387' title='bbox 765 4153 863 4201; x_wconf 72' lang='grc' dir='ltr'>ει,ιιιι</span> <span class='ocrx_word' id='word_1_388' title='bbox 869 4162 902 4189; x_wconf 80' lang='lat' dir='ltr'>u</span> <span class='ocrx_word' id='word_1_389' title='bbox 917 4152 1012 4191; x_wconf 82' lang='lat' dir='ltr'><strong>iilud</strong></span> <span class='ocrx_word' id='word_1_390' title='bbox 1030 4153 1078 4193; x_wconf 84' lang='lat' dir='ltr'>de</span> <span class='ocrx_word' id='word_1_391' title='bbox 1096 4156 1291 4205; x_wconf 63' lang='lat' dir='ltr'><strong>mysiam,</strong></span> <span class='ocrx_word' id='word_1_392' title='bbox 1311 4159 1530 4208; x_wconf 79' lang='lat' dir='ltr'><strong>propterea,</strong></span> 
     </span>
    </p>
   </div>
   <div class='ocr_carea' id='block_1_11' title="bbox 1118 240 1984 309">
    <p class='ocr_par' dir='ltr' id='par_1_15' title="bbox 1118 240 1984 309">
     <span class='ocr_line' id='line_1_54' title="bbox 1118 240 1984 309; baseline -0.013 1"><span class='ocrx_word' id='word_1_393' title='bbox 1118 259 1536 309; x_wconf 77' lang='grc' dir='ltr'>Αιιι5τοΤΕιι5</span> <span class='ocrx_word' id='word_1_394' title='bbox 1572 240 1984 306; x_wconf 71' lang='lat' dir='ltr'>FRAGMENTA.</span> 
     </span>
    </p>
   </div>
   <div class='ocr_carea' id='block_1_12' title="bbox 2794 326 3016 4628">
    <p class='ocr_par' dir='ltr' id='par_1_16' title="bbox 2794 326 3016 4628">
     <span class='ocr_line' id='line_1_55' title="bbox 2912 326 3016 670; baseline 0 -211"><span class='ocrx_word' id='word_1_395' title='bbox 2912 326 3016 670; x_wconf 95' lang='lat' dir='ltr'>    </span> 
     </span>
     <span class='ocr_line' id='line_1_56' title="bbox 2927 670 3016 1022; baseline 0 -273"><span class='ocrx_word' id='word_1_396' title='bbox 2927 670 3016 1022; x_wconf 95' lang='lat' dir='ltr'>    </span> 
     </span>
     <span class='ocr_line' id='line_1_57' title="bbox 2924 1022 3016 1293; baseline 0 -79"><span class='ocrx_word' id='word_1_397' title='bbox 2924 1022 3016 1293; x_wconf 95' lang='lat' dir='ltr'>   </span> 
     </span>
     <span class='ocr_line' id='line_1_58' title="bbox 2926 1293 3016 1362; baseline 0 3266"><span class='ocrx_word' id='word_1_398' title='bbox 2926 1293 3016 1362; x_wconf 95' lang='lat' dir='ltr'> </span> 
     </span>
     <span class='ocr_line' id='line_1_59' title="bbox 2923 1362 3016 1655; baseline 0 -75"><span class='ocrx_word' id='word_1_399' title='bbox 2923 1362 3016 1655; x_wconf 95' lang='lat' dir='ltr'>    </span> 
     </span>
     <span class='ocr_line' id='line_1_60' title="bbox 2931 1676 3016 1947; baseline 0 -73"><span class='ocrx_word' id='word_1_400' title='bbox 2931 1676 3016 1947; x_wconf 95' lang='lat' dir='ltr'>   </span> 
     </span>
     <span class='ocr_line' id='line_1_61' title="bbox 2921 1955 3016 2225; baseline 0 -128"><span class='ocrx_word' id='word_1_401' title='bbox 2921 1955 3016 2225; x_wconf 95' lang='lat' dir='ltr'>    </span> 
     </span>
     <span class='ocr_line' id='line_1_62' title="bbox 2912 2225 3016 2512; baseline 0 -136"><span class='ocrx_word' id='word_1_402' title='bbox 2912 2225 3016 2512; x_wconf 95' lang='lat' dir='ltr'>     </span> 
     </span>
     <span class='ocr_line' id='line_1_63' title="bbox 2913 2512 3016 2729; baseline 0 -135"><span class='ocrx_word' id='word_1_403' title='bbox 2913 2512 3016 2729; x_wconf 95' lang='lat' dir='ltr'>   </span> 
     </span>
     <span class='ocr_line' id='line_1_64' title="bbox 2918 2729 3016 2876; baseline 0 0"><span class='ocrx_word' id='word_1_404' title='bbox 2918 2729 3016 2876; x_wconf 95' lang='lat' dir='ltr'>  </span> 
     </span>
     <span class='ocr_line' id='line_1_65' title="bbox 2933 2876 3016 3164; baseline 0 -69"><span class='ocrx_word' id='word_1_405' title='bbox 2933 2876 3016 3164; x_wconf 95' lang='lat' dir='ltr'>    </span> 
     </span>
     <span class='ocr_line' id='line_1_66' title="bbox 2905 3186 3016 3392; baseline 0 0"><span class='ocrx_word' id='word_1_406' title='bbox 2905 3186 3016 3392; x_wconf 95' lang='lat' dir='ltr'>   </span> 
     </span>
     <span class='ocr_line' id='line_1_67' title="bbox 2898 3392 3016 3601; baseline 0 -73"><span class='ocrx_word' id='word_1_407' title='bbox 2898 3392 3016 3601; x_wconf 95' lang='lat' dir='ltr'>   </span> 
     </span>
     <span class='ocr_line' id='line_1_68' title="bbox 2810 3607 3016 3965; baseline 0 -40"><span class='ocrx_word' id='word_1_408' title='bbox 2810 3607 3016 3965; x_wconf 95' lang='lat' dir='ltr'>     </span> 
     </span>
     <span class='ocr_line' id='line_1_69' title="bbox 2794 3965 3016 4186; baseline 0 -156"><span class='ocrx_word' id='word_1_409' title='bbox 2794 3965 3016 4186; x_wconf 95' lang='lat' dir='ltr'>  </span> 
     </span>
     <span class='ocr_line' id='line_1_70' title="bbox 2821 4186 3016 4628; baseline 0 0"><span class='ocrx_word' id='word_1_410' title='bbox 2821 4186 3016 4628; x_wconf 95' lang='lat' dir='ltr'>  </span> 
     </span>
    </p>
   </div>
   <div class='ocr_carea' id='block_1_13' title="bbox 1594 357 2986 932">
    <p class='ocr_par' dir='ltr' id='par_1_17' title="bbox 1594 357 2987 932">
     <span class='ocr_line' id='line_1_71' title="bbox 1594 357 2885 434; baseline -0.004 -19"><span class='ocrx_word' id='word_1_411' title='bbox 1594 387 1692 434; x_wconf 90' lang='grc' dir='ltr'>περι</span> <span class='ocrx_word' id='word_1_412' title='bbox 1742 365 1796 413; x_wconf 85' lang='grc' dir='ltr'>τὰ</span> <span class='ocrx_word' id='word_1_413' title='bbox 1844 365 1962 413; x_wconf 83' lang='grc' dir='ltr'>κάτω</span> <span class='ocrx_word' id='word_1_414' title='bbox 2014 364 2254 419; x_wconf 86' lang='grc' dir='ltr'>συνηκται·</span> <span class='ocrx_word' id='word_1_415' title='bbox 2315 359 2390 408; x_wconf 83' lang='grc' dir='ltr'>καὶ</span> <span class='ocrx_word' id='word_1_416' title='bbox 2444 357 2540 414; x_wconf 88' lang='grc' dir='ltr'>τους</span> <span class='ocrx_word' id='word_1_417' title='bbox 2587 359 2885 426; x_wconf 82' lang='grc' dir='ltr'>χρησαμένους</span> 
     </span>
     <span class='ocr_line' id='line_1_72' title="bbox 1597 430 2918 504; baseline -0.011 -17"><span class='ocrx_word' id='word_1_418' title='bbox 1597 441 1690 504; x_wconf 89' lang='lat' dir='ltr'><strong>(sc.</strong></span> <span class='ocrx_word' id='word_1_419' title='bbox 1717 442 1964 500; x_wconf 77' lang='lat' dir='ltr'><strong>sciiptores</strong></span> <span class='ocrx_word' id='word_1_420' title='bbox 1990 437 2083 480; x_wconf 86' lang='lat' dir='ltr'><strong>istis</strong></span> <span class='ocrx_word' id='word_1_421' title='bbox 2114 435 2309 479; x_wconf 85' lang='lat' dir='ltr'><strong>vocibus</strong></span> <span class='ocrx_word' id='word_1_422' title='bbox 2331 433 2538 495; x_wconf 88' lang='lat' dir='ltr'><strong>utentes)</strong></span> <span class='ocrx_word' id='word_1_423' title='bbox 2563 431 2674 481; x_wconf 89' lang='grc' dir='ltr'>πολυ</span> <span class='ocrx_word' id='word_1_424' title='bbox 2697 433 2772 481; x_wconf 76' lang='grc' dir='ltr'>καὶ</span> <span class='ocrx_word' id='word_1_425' title='bbox 2801 435 2879 482; x_wconf 83' lang='grc' dir='ltr'>ἀπ’</span> <span class='ocrx_word' id='word_1_426' title='bbox 2895 430 2918 442; x_wconf 77' lang='grc'><strong>”</strong></span> 
     </span>
     <span class='ocr_line' id='line_1_73' title="bbox 1596 503 2941 572; baseline -0.003 -13"><span class='ocrx_word' id='word_1_427' title='bbox 1596 510 1794 569; x_wconf 81' lang='grc' dir='ltr'>ἀλλήλων</span> <span class='ocrx_word' id='word_1_428' title='bbox 1817 504 2317 570; x_wconf 84' lang='grc' dir='ltr'>διεστάναιπροσάγεται</span> <span class='ocrx_word' id='word_1_429' title='bbox 2339 506 2430 568; x_wconf 85' lang='grc'>(50.</span> <span class='ocrx_word' id='word_1_430' title='bbox 2458 503 2668 569; x_wconf 83' lang='grc' dir='ltr'>Δίδυμος)</span> <span class='ocrx_word' id='word_1_431' title='bbox 2696 505 2886 572; x_wconf 77' lang='grc' dir='ltr'>Ἀριστο·</span> <span class='ocrx_word' id='word_1_432' title='bbox 2926 528 2941 563; x_wconf 68' lang='lat' dir='ltr'><em>j</em></span> 
     </span>
     <span class='ocr_line' id='line_1_74' title="bbox 1594 579 2883 640; baseline -0.006 -10"><span class='ocrx_word' id='word_1_433' title='bbox 1594 582 1740 640; x_wconf 85' lang='grc' dir='ltr'>τέλην.</span> <span class='ocrx_word' id='word_1_434' title='bbox 1761 586 1871 628; x_wconf 91' lang='lat' dir='ltr'>Haec</span> <span class='ocrx_word' id='word_1_435' title='bbox 1895 596 1952 626; x_wconf 87' lang='lat' dir='ltr'>ex</span> <span class='ocrx_word' id='word_1_436' title='bbox 1973 580 2153 627; x_wconf 86' lang='lat' dir='ltr'><strong>Politiis</strong></span> <span class='ocrx_word' id='word_1_437' title='bbox 2181 579 2327 638; x_wconf 87' lang='lat' dir='ltr'><strong>petita</strong></span> <span class='ocrx_word' id='word_1_438' title='bbox 2363 593 2458 624; x_wconf 91' lang='lat' dir='ltr'><strong>esse</strong></span> <span class='ocrx_word' id='word_1_439' title='bbox 2481 580 2748 639; x_wconf 85' lang='lat' dir='ltr'><strong>negaverim</strong></span> <span class='ocrx_word' id='word_1_440' title='bbox 2775 596 2883 626; x_wconf 88' lang='lat' dir='ltr'>cum</span> 
     </span>
     <span class='ocr_line' id='line_1_75' title="bbox 1595 650 2885 716; baseline -0.001 -15"><span class='ocrx_word' id='word_1_441' title='bbox 1595 654 1837 702; x_wconf 88' lang='lat' dir='ltr'><strong>Grashofio</strong></span> <span class='ocrx_word' id='word_1_442' title='bbox 1865 652 1946 714; x_wconf 89' lang='lat' dir='ltr'>(in</span> <span class='ocrx_word' id='word_1_443' title='bbox 1969 650 2120 696; x_wconf 81' lang='lat' dir='ltr'><strong>Jalms</strong></span> <span class='ocrx_word' id='word_1_444' title='bbox 2153 650 2324 697; x_wconf 80' lang='lat' dir='ltr'>Jahrb.</span> <span class='ocrx_word' id='word_1_445' title='bbox 2362 650 2515 711; x_wconf 85' lang='lat'><strong>1829,</strong></span> <span class='ocrx_word' id='word_1_446' title='bbox 2548 653 2618 708; x_wconf 92' lang='lat' dir='ltr'><strong>II,</strong></span> <span class='ocrx_word' id='word_1_447' title='bbox 2650 667 2702 712; x_wconf 88' lang='lat' dir='ltr'>p.</span> <span class='ocrx_word' id='word_1_448' title='bbox 2739 653 2885 716; x_wconf 77' lang='lat'>164),</span> 
     </span>
     <span class='ocr_line' id='line_1_76' title="bbox 1596 718 2986 787; baseline -0.001 -15"><span class='ocrx_word' id='word_1_449' title='bbox 1596 729 1848 787; x_wconf 87' lang='lat' dir='ltr'><strong>quilocum</strong></span> <span class='ocrx_word' id='word_1_450' title='bbox 1858 722 2010 770; x_wconf 87' lang='lat' dir='ltr'><strong>refert</strong></span> <span class='ocrx_word' id='word_1_451' title='bbox 2032 723 2092 768; x_wconf 87' lang='lat' dir='ltr'>ad</span> <span class='ocrx_word' id='word_1_452' title='bbox 2110 720 2396 786; x_wconf 83' lang='grc' dir='ltr'>Ἀπορήματα</span> <span class='ocrx_word' id='word_1_453' title='bbox 2416 725 2692 782; x_wconf 87' lang='lat' dir='ltr'><strong>Homerica,</strong></span> <span class='ocrx_word' id='word_1_454' title='bbox 2715 727 2888 772; x_wconf 86' lang='lat' dir='ltr'><strong>collato</strong></span> <span class='ocrx_word' id='word_1_455' title='bbox 2931 718 2951 770; x_wconf 55' lang='grc' dir='ltr'><strong>ἶ</strong></span> <span class='ocrx_word' id='word_1_456' title='bbox 2984 724 2986 731; x_wconf 77' lang='grc'>’</span> 
     </span>
     <span class='ocr_line' id='line_1_77' title="bbox 1594 793 2944 862; baseline 0.002 -19"><span class='ocrx_word' id='word_1_457' title='bbox 1594 800 1739 846; x_wconf 87' lang='lat' dir='ltr'><strong>schol.</strong></span> <span class='ocrx_word' id='word_1_458' title='bbox 1776 800 1831 843; x_wconf 93' lang='lat' dir='ltr'>Il.</span> <span class='ocrx_word' id='word_1_459' title='bbox 1859 798 1915 856; x_wconf 89' lang='grc' dir='ltr'>Β,</span> <span class='ocrx_word' id='word_1_460' title='bbox 1946 795 2050 840; x_wconf 89' lang='lat'>183.</span> <span class='ocrx_word' id='word_1_461' title='bbox 2073 797 2285 842; x_wconf 88' lang='lat' dir='ltr'><strong>Fortasse</strong></span> <span class='ocrx_word' id='word_1_462' title='bbox 2306 811 2397 857; x_wconf 92' lang='lat' dir='ltr'>pro</span> <span class='ocrx_word' id='word_1_463' title='bbox 2421 793 2718 861; x_wconf 76' lang='grc' dir='ltr'>Ἀριστοτέλης</span> <span class='ocrx_word' id='word_1_464' title='bbox 2740 804 2889 862; x_wconf 83' lang='lat' dir='ltr'><strong>repo&#39;-</strong></span> <span class='ocrx_word' id='word_1_465' title='bbox 2942 798 2944 802; x_wconf 33' lang='lat'>⁸</span> 
     </span>
     <span class='ocr_line' id='line_1_78' title="bbox 1595 866 2922 932; baseline -0.001 -18"><span class='ocrx_word' id='word_1_466' title='bbox 1595 870 1803 915; x_wconf 90' lang='lat' dir='ltr'><strong>nendum</strong></span> <span class='ocrx_word' id='word_1_467' title='bbox 1832 866 2130 932; x_wconf 79' lang='grc' dir='ltr'>Ἀρίσταρχος.</span> <span class='ocrx_word' id='word_1_468' title='bbox 2919 884 2922 885; x_wconf 68' lang='grc'>’</span> 
     </span>
    </p>
   </div>
   <div class='ocr_carea' id='block_1_14' title="bbox 2203 955 2281 1013">
    <p class='ocr_par' dir='ltr' id='par_1_18' title="bbox 2203 955 2281 1013">
     <span class='ocr_line' id='line_1_79' title="bbox 2203 955 2281 1013; baseline -0.013 -13"><span class='ocrx_word' id='word_1_469' title='bbox 2203 955 2281 1013; x_wconf 88' lang='grc'>87.</span> 
     </span>
    </p>
   </div>
   <div class='ocr_carea' id='block_1_15' title="bbox 1575 1031 2959 3579">
    <p class='ocr_par' dir='ltr' id='par_1_19' title="bbox 1593 1031 2967 1690">
     <span class='ocr_line' id='line_1_80' title="bbox 1661 1031 2948 1108; baseline 0.002 -14"><span class='ocrx_word' id='word_1_470' title='bbox 1661 1049 1921 1094; x_wconf 89' lang='lat' dir='ltr'><strong>Eustathius</strong></span> <span class='ocrx_word' id='word_1_471' title='bbox 1941 1044 2147 1104; x_wconf 83' lang='lat' dir='ltr'><strong>ad11.1,</strong></span> <span class='ocrx_word' id='word_1_472' title='bbox 2168 1062 2258 1108; x_wconf 88' lang='grc'>129</span> <span class='ocrx_word' id='word_1_473' title='bbox 2275 1063 2326 1108; x_wconf 92' lang='lat' dir='ltr'>p.</span> <span class='ocrx_word' id='word_1_474' title='bbox 2355 1048 2551 1105; x_wconf 90' lang='grc'>741,16</span> <span class='ocrx_word' id='word_1_475' title='bbox 2571 1050 2663 1095; x_wconf 90' lang='lat' dir='ltr'>R..</span> <span class='ocrx_word' id='word_1_476' title='bbox 2687 1031 2948 1107; x_wconf 52' lang='grc' dir='ltr'>..Αἴλιον-ζ’</span> 
     </span>
     <span class='ocr_line' id='line_1_81' title="bbox 1595 1109 2950 1185; baseline 0.001 -17"><span class='ocrx_word' id='word_1_477' title='bbox 1595 1119 1834 1176; x_wconf 89' lang='grc' dir='ltr'>Διονύσιον,</span> <span class='ocrx_word' id='word_1_478' title='bbox 1872 1118 1915 1172; x_wconf 88' lang='grc' dir='ltr'>ὃς</span> <span class='ocrx_word' id='word_1_479' title='bbox 1947 1136 2022 1171; x_wconf 85' lang='grc' dir='ltr'>και</span> <span class='ocrx_word' id='word_1_480' title='bbox 2054 1135 2126 1164; x_wconf 88' lang='grc' dir='ltr'>τον</span> <span class='ocrx_word' id='word_1_481' title='bbox 2165 1120 2243 1176; x_wconf 78' lang='grc' dir='ltr'>τῆς</span> <span class='ocrx_word' id='word_1_482' title='bbox 2275 1115 2512 1182; x_wconf 86' lang='grc' dir='ltr'>παροιμίας</span> <span class='ocrx_word' id='word_1_483' title='bbox 2553 1117 2745 1168; x_wconf 76' lang='grc' dir='ltr'>Λέσὸιον</span> <span class='ocrx_word' id='word_1_484' title='bbox 2782 1119 2892 1185; x_wconf 75' lang='grc' dir='ltr'>ᾠδὸν</span> <span class='ocrx_word' id='word_1_485' title='bbox 2942 1109 2950 1150; x_wconf 52' lang='lat' dir='ltr'>s</span> 
     </span>
     <span class='ocr_line' id='line_1_82' title="bbox 1598 1168 2894 1258; baseline -0.001 -19"><span class='ocrx_word' id='word_1_486' title='bbox 1598 1190 1877 1258; x_wconf 83' lang='grc' dir='ltr'>Τέρπανδρόν</span> <span class='ocrx_word' id='word_1_487' title='bbox 1914 1209 2020 1255; x_wconf 85' lang='grc' dir='ltr'>φησι</span> <span class='ocrx_word' id='word_1_488' title='bbox 2050 1189 2078 1248; x_wconf 74' lang='grc' dir='ltr'>ἢ</span> <span class='ocrx_word' id='word_1_489' title='bbox 2117 1188 2406 1248; x_wconf 84' lang='grc' dir='ltr'>Εὖαινετίδην</span> <span class='ocrx_word' id='word_1_490' title='bbox 2449 1187 2478 1247; x_wconf 85' lang='grc' dir='ltr'>ἢ</span> <span class='ocrx_word' id='word_1_491' title='bbox 2519 1168 2894 1257; x_wconf 84' lang='grc' dir='ltr'>Ἀριστοκλείδην·</span> 
     </span>
     <span class='ocr_line' id='line_1_83' title="bbox 1593 1260 2888 1332; baseline 0 -20"><span class='ocrx_word' id='word_1_492' title='bbox 1593 1264 1668 1312; x_wconf 83' lang='grc' dir='ltr'>καὶ</span> <span class='ocrx_word' id='word_1_493' title='bbox 1710 1262 2006 1329; x_wconf 84' lang='grc' dir='ltr'>Ἀριστοτέλης</span> <span class='ocrx_word' id='word_1_494' title='bbox 2037 1265 2079 1310; x_wconf 84' lang='grc' dir='ltr'>ἐν</span> <span class='ocrx_word' id='word_1_495' title='bbox 2116 1265 2171 1328; x_wconf 81' lang='grc' dir='ltr'>τῇ</span> <span class='ocrx_word' id='word_1_496' title='bbox 2210 1261 2568 1325; x_wconf 79' lang='grc' dir='ltr'>Λακεδαιμονίων</span> <span class='ocrx_word' id='word_1_497' title='bbox 2606 1260 2806 1332; x_wconf 78' lang='grc' dir='ltr'>πολιτεία</span> <span class='ocrx_word' id='word_1_498' title='bbox 2836 1265 2888 1317; x_wconf 75' lang='grc' dir='ltr'>τὸ</span> 
     </span>
     <span class='ocr_line' id='line_1_84' title="bbox 1595 1332 2947 1402; baseline 0.001 -17"><span class='ocrx_word' id='word_1_499' title='bbox 1595 1335 1753 1385; x_wconf 80' lang='grc' dir='ltr'>Μετὰ</span> <span class='ocrx_word' id='word_1_500' title='bbox 1772 1333 2020 1384; x_wconf 74' lang='grc' dir='ltr'>Λέσὸιον</span> <span class='ocrx_word' id='word_1_501' title='bbox 2039 1333 2170 1402; x_wconf 89' lang='grc' dir='ltr'>ωδον</span> <span class='ocrx_word' id='word_1_502' title='bbox 2185 1353 2258 1382; x_wconf 87' lang='grc' dir='ltr'>τον</span> <span class='ocrx_word' id='word_1_503' title='bbox 2275 1332 2557 1401; x_wconf 80' lang='grc' dir='ltr'>Τέρπανδρόν</span> <span class='ocrx_word' id='word_1_504' title='bbox 2577 1355 2683 1402; x_wconf 84' lang='grc' dir='ltr'>φησι</span> <span class='ocrx_word' id='word_1_505' title='bbox 2711 1337 2888 1397; x_wconf 70' lang='grc' dir='ltr'>δηλοῦν.</span> <span class='ocrx_word' id='word_1_506' title='bbox 2901 1339 2947 1402; x_wconf 12' lang='lat'>⁵¹</span> 
     </span>
     <span class='ocr_line' id='line_1_85' title="bbox 1595 1405 2942 1486; baseline 0.002 -28.024"><span class='ocrx_word' id='word_1_507' title='bbox 1595 1409 1862 1458; x_wconf 75' lang='grc' dir='ltr'>Ἐκαλοῧντο</span> <span class='ocrx_word' id='word_1_508' title='bbox 1882 1406 1944 1466; x_wconf 82' lang='grc' dir='ltr'>δὲ,</span> <span class='ocrx_word' id='word_1_509' title='bbox 1971 1407 2076 1473; x_wconf 82' lang='grc' dir='ltr'>φασὶ</span> <span class='ocrx_word' id='word_1_510' title='bbox 2095 1406 2218 1472; x_wconf 75' lang='grc' dir='ltr'>(φησὶ</span> <span class='ocrx_word' id='word_1_511' title='bbox 2233 1405 2293 1472; x_wconf 79' lang='lat' dir='ltr'><strong>i&#39;),</strong></span> <span class='ocrx_word' id='word_1_512' title='bbox 2314 1406 2388 1456; x_wconf 84' lang='grc' dir='ltr'>καὶ</span> <span class='ocrx_word' id='word_1_513' title='bbox 2410 1406 2604 1486; x_wconf 78' lang='grc' dir='ltr'>ὕστερον</span> <span class='ocrx_word' id='word_1_514' title='bbox 2607 1411 2666 1464; x_wconf 88' lang='grc' dir='ltr'>εἷς</span> <span class='ocrx_word' id='word_1_515' title='bbox 2683 1408 2763 1469; x_wconf 75' lang='grc' dir='ltr'>τὴν</span> <span class='ocrx_word' id='word_1_516' title='bbox 2783 1410 2894 1461; x_wconf 75' lang='grc' dir='ltr'>ἐκεί-</span> <span class='ocrx_word' id='word_1_517' title='bbox 2925 1428 2942 1467; x_wconf 64' lang='lat'>‚3</span> 
     </span>
     <span class='ocr_line' id='line_1_86' title="bbox 1595 1479 2930 1548; baseline 0.002 -19"><span class='ocrx_word' id='word_1_518' title='bbox 1595 1501 1669 1530; x_wconf 90' lang='grc' dir='ltr'>νου</span> <span class='ocrx_word' id='word_1_519' title='bbox 1690 1481 1820 1544; x_wconf 86' lang='grc' dir='ltr'>τιμὴν</span> <span class='ocrx_word' id='word_1_520' title='bbox 1846 1484 2016 1548; x_wconf 81' lang='grc' dir='ltr'>πρῶτον</span> <span class='ocrx_word' id='word_1_521' title='bbox 2044 1479 2122 1544; x_wconf 85' lang='grc' dir='ltr'>μὲν</span> <span class='ocrx_word' id='word_1_522' title='bbox 2148 1479 2353 1543; x_wconf 84' lang='grc' dir='ltr'>ἀπόγονοι</span> <span class='ocrx_word' id='word_1_523' title='bbox 2380 1482 2511 1529; x_wconf 87' lang='grc' dir='ltr'>αυτου</span> <span class='ocrx_word' id='word_1_524' title='bbox 2529 1487 2656 1546; x_wconf 84' lang='grc' dir='ltr'>,εἶτα</span> <span class='ocrx_word' id='word_1_525' title='bbox 2680 1483 2797 1539; x_wconf 84' lang='grc' dir='ltr'>εἴτις</span> <span class='ocrx_word' id='word_1_526' title='bbox 2815 1483 2896 1532; x_wconf 79' lang='grc' dir='ltr'>ἄλ·-</span> <span class='ocrx_word' id='word_1_527' title='bbox 2928 1530 2930 1534; x_wconf 88' lang='grc'>,</span> 
     </span>
     <span class='ocr_line' id='line_1_87' title="bbox 1575 1552 2895 1621; baseline 0 -18"><span class='ocrx_word' id='word_1_528' title='bbox 1575 1558 1666 1610; x_wconf 89' lang='grc' dir='ltr'>-λος</span> <span class='ocrx_word' id='word_1_529' title='bbox 1690 1554 1849 1620; x_wconf 85' lang='grc' dir='ltr'>παρείη</span> <span class='ocrx_word' id='word_1_530' title='bbox 1889 1552 2096 1612; x_wconf 76' lang='grc' dir='ltr'>Λέσὸιος,</span> <span class='ocrx_word' id='word_1_531' title='bbox 2124 1552 2200 1601; x_wconf 87' lang='grc' dir='ltr'>ειθ’</span> <span class='ocrx_word' id='word_1_532' title='bbox 2225 1553 2357 1609; x_wconf 77' lang='grc' dir='ltr'>οὕτως</span> <span class='ocrx_word' id='word_1_533' title='bbox 2379 1556 2419 1602; x_wconf 81' lang='grc' dir='ltr'>οἵ</span> <span class='ocrx_word' id='word_1_534' title='bbox 2441 1553 2615 1621; x_wconf 77' lang='grc' dir='ltr'>λοιποὶ,</span> <span class='ocrx_word' id='word_1_535' title='bbox 2653 1555 2766 1620; x_wconf 79' lang='grc' dir='ltr'>μετὰ</span> <span class='ocrx_word' id='word_1_536' title='bbox 2803 1555 2895 1608; x_wconf 77' lang='grc' dir='ltr'>Δί·-</span> 
     </span>
     <span class='ocr_line' id='line_1_88' title="bbox 1597 1623 2914 1698; baseline 0 -23"><span class='ocrx_word' id='word_1_537' title='bbox 1597 1626 1718 1675; x_wconf 73' lang='grc' dir='ltr'>σὸιὸν</span> <span class='ocrx_word' id='word_1_538' title='bbox 1743 1626 1868 1693; x_wconf 82' lang='grc' dir='ltr'>ᾠδόν,</span> <span class='ocrx_word' id='word_1_539' title='bbox 1891 1646 1963 1674; x_wconf 92' lang='grc' dir='ltr'>τον</span> <span class='ocrx_word' id='word_1_540' title='bbox 1984 1626 2134 1681; x_wconf 80' lang='grc' dir='ltr'>ἁπλῶς</span> <span class='ocrx_word' id='word_1_541' title='bbox 2154 1625 2322 1698; x_wconf 75' lang='grc' dir='ltr'>δηλαδῂ</span> <span class='ocrx_word' id='word_1_542' title='bbox 2345 1623 2547 1675; x_wconf 75' lang='grc' dir='ltr'>Λέσὸιον.</span> <span class='ocrx_word' id='word_1_543' title='bbox 2912 1688 2914 1690; x_wconf 66' lang='lat'>‚</span> 
     </span>
    </p>

    <p class='ocr_par' dir='ltr' id='par_1_20' title="bbox 1596 1689 2961 2776">
     <span class='ocr_line' id='line_1_89' title="bbox 1664 1689 2896 1760; baseline -0.002 -13"><span class='ocrx_word' id='word_1_544' title='bbox 1664 1702 1732 1750; x_wconf 91' lang='lat' dir='ltr'>Cf.</span> <span class='ocrx_word' id='word_1_545' title='bbox 1753 1702 1984 1749; x_wconf 85' lang='lat' dir='ltr'><strong>Proverb.</strong></span> <span class='ocrx_word' id='word_1_546' title='bbox 2010 1701 2253 1760; x_wconf 89' lang='lat' dir='ltr'><strong>Bodlejan.</strong></span> <span class='ocrx_word' id='word_1_547' title='bbox 2282 1689 2419 1760; x_wconf 83' lang='grc'>627·</span> <span class='ocrx_word' id='word_1_548' title='bbox 2447 1698 2576 1749; x_wconf 84' lang='grc' dir='ltr'>Μετὰ</span> <span class='ocrx_word' id='word_1_549' title='bbox 2601 1699 2674 1750; x_wconf 85' lang='grc' dir='ltr'>τὸν</span> <span class='ocrx_word' id='word_1_550' title='bbox 2707 1701 2896 1755; x_wconf 75' lang='grc' dir='ltr'>Λέσὸιον</span> 
     </span>
     <span class='ocr_line' id='line_1_90' title="bbox 1596 1771 2897 1840; baseline 0.004 -20"><span class='ocrx_word' id='word_1_551' title='bbox 1596 1772 1739 1840; x_wconf 82' lang='grc' dir='ltr'>ᾠδόν·</span> <span class='ocrx_word' id='word_1_552' title='bbox 1761 1772 1832 1820; x_wconf 85' lang='grc' dir='ltr'>ἐπι</span> <span class='ocrx_word' id='word_1_553' title='bbox 1857 1775 1943 1820; x_wconf 81' lang='grc' dir='ltr'>τῶν</span> <span class='ocrx_word' id='word_1_554' title='bbox 1967 1771 2022 1820; x_wconf 85' lang='grc' dir='ltr'>τὰ</span> <span class='ocrx_word' id='word_1_555' title='bbox 2047 1772 2223 1839; x_wconf 79' lang='grc' dir='ltr'>δεύτερα</span> <span class='ocrx_word' id='word_1_556' title='bbox 2249 1772 2527 1836; x_wconf 85' lang='grc' dir='ltr'>καθημένων·</span> <span class='ocrx_word' id='word_1_557' title='bbox 2557 1774 2897 1840; x_wconf 71' lang='grc' dir='ltr'>Λακεδαιμόνιοι</span> 
     </span>
     <span class='ocr_line' id='line_1_91' title="bbox 1599 1843 2957 1918; baseline 0.004 -26"><span class='ocrx_word' id='word_1_558' title='bbox 1599 1845 1683 1910; x_wconf 82' lang='grc' dir='ltr'>γὰρ</span> <span class='ocrx_word' id='word_1_559' title='bbox 1717 1845 2001 1912; x_wconf 89' lang='grc' dir='ltr'>Τέρπανδρον</span> <span class='ocrx_word' id='word_1_560' title='bbox 2034 1845 2221 1895; x_wconf 73' lang='grc' dir='ltr'>Λέσὸιον</span> <span class='ocrx_word' id='word_1_561' title='bbox 2265 1845 2336 1894; x_wconf 79' lang='grc' dir='ltr'>διὰ</span> <span class='ocrx_word' id='word_1_562' title='bbox 2365 1847 2530 1905; x_wconf 90' lang='grc' dir='ltr'>πολλης</span> <span class='ocrx_word' id='word_1_563' title='bbox 2561 1846 2735 1912; x_wconf 84' lang='grc' dir='ltr'>ἄγοντες</span> <span class='ocrx_word' id='word_1_564' title='bbox 2766 1843 2957 1918; x_wconf 29' lang='grc' dir='ltr'>τιμτηᾙῗῖ</span> 
     </span>
     <span class='ocr_line' id='line_1_92' title="bbox 1600 1917 2894 2004; baseline 0.002 -38"><span class='ocrx_word' id='word_1_565' title='bbox 1600 1917 1698 1974; x_wconf 88' lang='grc' dir='ltr'>τους</span> <span class='ocrx_word' id='word_1_566' title='bbox 1714 1918 1798 1975; x_wconf 79' lang='grc' dir='ltr'>ἐξ’</span> <span class='ocrx_word' id='word_1_567' title='bbox 1779 1918 1940 1967; x_wconf 86' lang='grc' dir='ltr'>εκείνου</span> <span class='ocrx_word' id='word_1_568' title='bbox 1967 1917 2162 2001; x_wconf 76' lang='grc' dir='ltr'>πρώτους</span> <span class='ocrx_word' id='word_1_569' title='bbox 2175 1921 2240 1972; x_wconf 81' lang='grc' dir='ltr'>εις</span> <span class='ocrx_word' id='word_1_570' title='bbox 2259 1917 2332 1966; x_wconf 86' lang='grc' dir='ltr'>τὸν</span> <span class='ocrx_word' id='word_1_571' title='bbox 2365 1918 2569 1982; x_wconf 84' lang='grc' dir='ltr'>μουσικὸν</span> <span class='ocrx_word' id='word_1_572' title='bbox 2600 1922 2746 2004; x_wconf 81' lang='grc' dir='ltr'>ἀγωνα</span> <span class='ocrx_word' id='word_1_573' title='bbox 2771 1922 2894 1981; x_wconf 55' lang='lat' dir='ltr'><strong>siffi—</strong></span> 
     </span>
     <span class='ocr_line' id='line_1_93' title="bbox 1597 1977 2897 2049; baseline 0.003 -17"><span class='ocrx_word' id='word_1_574' title='bbox 1597 2004 1687 2049; x_wconf 90' lang='grc' dir='ltr'>γον,</span> <span class='ocrx_word' id='word_1_575' title='bbox 1707 1977 1800 2033; x_wconf 76' lang='grc' dir='ltr'>εἶτα</span> <span class='ocrx_word' id='word_1_576' title='bbox 1819 1983 1915 2040; x_wconf 90' lang='grc' dir='ltr'>τους</span> <span class='ocrx_word' id='word_1_577' title='bbox 1938 1982 2125 2039; x_wconf 89' lang='grc' dir='ltr'>λοιπούς.</span> <span class='ocrx_word' id='word_1_578' title='bbox 2144 1986 2378 2031; x_wconf 80' lang='lat' dir='ltr'><strong>zenobius</strong></span> <span class='ocrx_word' id='word_1_579' title='bbox 2400 1989 2457 2044; x_wconf 94' lang='lat' dir='ltr'><strong>V,</strong></span> <span class='ocrx_word' id='word_1_580' title='bbox 2478 2001 2538 2047; x_wconf 89' lang='lat'>9:</span> <span class='ocrx_word' id='word_1_581' title='bbox 2561 1984 2688 2034; x_wconf 78' lang='grc' dir='ltr'>Μετὰ</span> <span class='ocrx_word' id='word_1_582' title='bbox 2707 1986 2897 2037; x_wconf 73' lang='grc' dir='ltr'>Λέσὸιον</span> 
     </span>
     <span class='ocr_line' id='line_1_94' title="bbox 1597 2055 2931 2162; baseline 0.003 -58"><span class='ocrx_word' id='word_1_583' title='bbox 1597 2057 1738 2124; x_wconf 82' lang='grc' dir='ltr'>ὠδόν·</span> <span class='ocrx_word' id='word_1_584' title='bbox 1763 2055 1976 2123; x_wconf 84' lang='grc' dir='ltr'>παροιμία</span> <span class='ocrx_word' id='word_1_585' title='bbox 2000 2056 2241 2120; x_wconf 85' lang='grc' dir='ltr'>ταττομένη</span> <span class='ocrx_word' id='word_1_586' title='bbox 2267 2057 2337 2104; x_wconf 80' lang='grc' dir='ltr'>ἐπὶ</span> <span class='ocrx_word' id='word_1_587' title='bbox 2369 2057 2456 2112; x_wconf 77' lang='grc' dir='ltr'>τοῖς</span> <span class='ocrx_word' id='word_1_588' title='bbox 2477 2056 2533 2105; x_wconf 83' lang='grc' dir='ltr'>τὰ</span> <span class='ocrx_word' id='word_1_589' title='bbox 2558 2055 2735 2122; x_wconf 90' lang='grc' dir='ltr'>δεύτερα</span> <span class='ocrx_word' id='word_1_590' title='bbox 2758 2077 2896 2162; x_wconf 59' lang='grc' dir='ltr'>Υ-φερο</span> <span class='ocrx_word' id='word_1_591' title='bbox 2926 2085 2931 2088; x_wconf 85' lang='grc'>·</span> 
     </span>
     <span class='ocr_line' id='line_1_95' title="bbox 1599 2116 2954 2220; baseline -0.001 -42"><span class='ocrx_word' id='word_1_592' title='bbox 1599 2129 1762 2193; x_wconf 89' lang='grc' dir='ltr'>μένοις,</span> <span class='ocrx_word' id='word_1_593' title='bbox 1783 2129 1824 2186; x_wconf 84' lang='grc' dir='ltr'>ἐξ</span> <span class='ocrx_word' id='word_1_594' title='bbox 1847 2129 1986 2184; x_wconf 87' lang='grc' dir='ltr'>αιτίας</span> <span class='ocrx_word' id='word_1_595' title='bbox 2008 2131 2206 2185; x_wconf 80' lang='grc' dir='ltr'>τοιᾶσδε·</span> <span class='ocrx_word' id='word_1_596' title='bbox 2234 2129 2571 2220; x_wconf 53' lang='grc' dir='ltr'>ᾼακεδαιμόνιοι</span> <span class='ocrx_word' id='word_1_597' title='bbox 2596 2131 2899 2189; x_wconf 76' lang='grc' dir='ltr'>στασιάζοντες</span> <span class='ocrx_word' id='word_1_598' title='bbox 2915 2116 2954 2178; x_wconf 59' lang='grc' dir='ltr'><strong><em>ἃ</em></strong></span> 
     </span>
     <span class='ocr_line' id='line_1_96' title="bbox 1600 2200 2918 2286; baseline 0.004 -36"><span class='ocrx_word' id='word_1_599' title='bbox 1600 2201 1933 2286; x_wconf 79' lang='grc' dir='ltr'>μετεπέμψαντο</span> <span class='ocrx_word' id='word_1_600' title='bbox 1962 2200 2076 2248; x_wconf 81' lang='grc' dir='ltr'>κατὰ</span> <span class='ocrx_word' id='word_1_601' title='bbox 2098 2220 2297 2267; x_wconf 86' lang='grc' dir='ltr'>χρησμον</span> <span class='ocrx_word' id='word_1_602' title='bbox 2321 2221 2395 2250; x_wconf 91' lang='grc' dir='ltr'>του</span> <span class='ocrx_word' id='word_1_603' title='bbox 2421 2203 2562 2250; x_wconf 83' lang='grc' dir='ltr'>θεου’</span> <span class='ocrx_word' id='word_1_604' title='bbox 2543 2222 2593 2250; x_wconf 85' lang='grc' dir='ltr'>εκ</span> <span class='ocrx_word' id='word_1_605' title='bbox 2617 2201 2789 2252; x_wconf 73' lang='grc' dir='ltr'>Λέσὸου</span> <span class='ocrx_word' id='word_1_606' title='bbox 2819 2223 2918 2267; x_wconf 82' lang='grc' dir='ltr'>τον</span> 
     </span>
     <span class='ocr_line' id='line_1_97' title="bbox 1600 2272 2959 2342; baseline 0.001 -19"><span class='ocrx_word' id='word_1_607' title='bbox 1600 2274 1808 2339; x_wconf 80' lang='grc' dir='ltr'>μουσικὸν</span> <span class='ocrx_word' id='word_1_608' title='bbox 1832 2274 2138 2339; x_wconf 89' lang='grc' dir='ltr'>Τέρπανδρον</span> <span class='ocrx_word' id='word_1_609' title='bbox 2164 2272 2298 2321; x_wconf 83' lang='grc' dir='ltr'>ἐλθων</span> <span class='ocrx_word' id='word_1_610' title='bbox 2313 2273 2400 2321; x_wconf 76' lang='grc' dir='ltr'>δὲ’</span> <span class='ocrx_word' id='word_1_611' title='bbox 2381 2281 2538 2328; x_wconf 85' lang='grc' dir='ltr'>εκεῑνος</span> <span class='ocrx_word' id='word_1_612' title='bbox 2553 2274 2693 2340; x_wconf 80' lang='grc' dir='ltr'>καιτῇ</span> <span class='ocrx_word' id='word_1_613' title='bbox 2711 2278 2911 2342; x_wconf 51' lang='grc' dir='ltr'>μουσικῇ,</span> <span class='ocrx_word' id='word_1_614' title='bbox 2935 2273 2959 2318; x_wconf 68' lang='grc' dir='ltr'>ί</span> 
     </span>
     <span class='ocr_line' id='line_1_98' title="bbox 1598 2338 2959 2413; baseline 0.001 -18"><span class='ocrx_word' id='word_1_615' title='bbox 1598 2346 1844 2413; x_wconf 86' lang='grc' dir='ltr'>χρώμενος,</span> <span class='ocrx_word' id='word_1_616' title='bbox 1875 2345 2064 2410; x_wconf 77' lang='grc' dir='ltr'>ἥρμοσεν</span> <span class='ocrx_word' id='word_1_617' title='bbox 2075 2346 2228 2406; x_wconf 76' lang='grc' dir='ltr'>αὐτων</span> <span class='ocrx_word' id='word_1_618' title='bbox 2249 2344 2325 2400; x_wconf 84' lang='grc' dir='ltr'>τὰς</span> <span class='ocrx_word' id='word_1_619' title='bbox 2347 2344 2514 2410; x_wconf 79' lang='grc' dir='ltr'>ψυχὰς,</span> <span class='ocrx_word' id='word_1_620' title='bbox 2540 2345 2616 2394; x_wconf 80' lang='grc' dir='ltr'>καὶ</span> <span class='ocrx_word' id='word_1_621' title='bbox 2645 2345 2724 2406; x_wconf 80' lang='grc' dir='ltr'>τὴν</span> <span class='ocrx_word' id='word_1_622' title='bbox 2745 2347 2922 2397; x_wconf 78' lang='grc' dir='ltr'>στάσιν</span> <span class='ocrx_word' id='word_1_623' title='bbox 2934 2338 2959 2402; x_wconf 64' lang='grc' dir='ltr'><strong><em>ῗ</em></strong></span> 
     </span>
     <span class='ocr_line' id='line_1_99' title="bbox 1600 2416 2958 2481; baseline 0.003 -13"><span class='ocrx_word' id='word_1_624' title='bbox 1600 2420 1802 2468; x_wconf 86' lang='grc' dir='ltr'>ἔπαυσεν,</span> <span class='ocrx_word' id='word_1_625' title='bbox 1825 2417 1987 2467; x_wconf 82' lang='grc' dir='ltr'>Ειποτε</span> <span class='ocrx_word' id='word_1_626' title='bbox 2011 2422 2082 2465; x_wconf 92' lang='grc' dir='ltr'>ουν</span> <span class='ocrx_word' id='word_1_627' title='bbox 2101 2416 2212 2481; x_wconf 83' lang='grc' dir='ltr'>μετὰ</span> <span class='ocrx_word' id='word_1_628' title='bbox 2225 2437 2363 2465; x_wconf 90' lang='grc' dir='ltr'>ταυτα</span> <span class='ocrx_word' id='word_1_629' title='bbox 2387 2437 2596 2480; x_wconf 87' lang='grc' dir='ltr'>μουσικου</span> <span class='ocrx_word' id='word_1_630' title='bbox 2612 2438 2724 2475; x_wconf 90' lang='grc' dir='ltr'>τινος</span> <span class='ocrx_word' id='word_1_631' title='bbox 2742 2419 2927 2479; x_wconf 72' lang='grc' dir='ltr'>ἤκουον’</span> <span class='ocrx_word' id='word_1_632' title='bbox 2938 2420 2958 2472; x_wconf 59' lang='lat'>33.</span> 
     </span>
     <span class='ocr_line' id='line_1_100' title="bbox 1600 2487 2955 2560; baseline -0.002 -19"><span class='ocrx_word' id='word_1_633' title='bbox 1600 2497 1638 2541; x_wconf 76' lang='grc' dir='ltr'>οἳ</span> <span class='ocrx_word' id='word_1_634' title='bbox 1656 2491 2014 2555; x_wconf 85' lang='grc' dir='ltr'>Λακεδαιμόνιοι,</span> <span class='ocrx_word' id='word_1_635' title='bbox 2039 2489 2303 2557; x_wconf 76' lang='grc' dir='ltr'>ἐπεφώνουν·</span> <span class='ocrx_word' id='word_1_636' title='bbox 2326 2513 2345 2534; x_wconf 84' lang='lat'>«</span> <span class='ocrx_word' id='word_1_637' title='bbox 2363 2491 2489 2540; x_wconf 85' lang='grc' dir='ltr'>Μετὰ</span> <span class='ocrx_word' id='word_1_638' title='bbox 2513 2491 2701 2541; x_wconf 76' lang='grc' dir='ltr'>Λέσὸιον</span> <span class='ocrx_word' id='word_1_639' title='bbox 2720 2491 2850 2560; x_wconf 72' lang='grc' dir='ltr'>ᾠδόν.</span> <span class='ocrx_word' id='word_1_640' title='bbox 2875 2512 2899 2538; x_wconf 72' lang='grc' dir='ltr'>ιο</span> <span class='ocrx_word' id='word_1_641' title='bbox 2919 2487 2955 2539; x_wconf 51' lang='lat'>]‘&#39;¹</span> 
     </span>
     <span class='ocr_line' id='line_1_101' title="bbox 1600 2563 2918 2631; baseline 0.001 -18"><span class='ocrx_word' id='word_1_642' title='bbox 1600 2564 1837 2627; x_wconf 87' lang='grc' dir='ltr'>Μέμνηται</span> <span class='ocrx_word' id='word_1_643' title='bbox 1853 2583 1927 2621; x_wconf 87' lang='grc' dir='ltr'>της</span> <span class='ocrx_word' id='word_1_644' title='bbox 1949 2563 2185 2628; x_wconf 87' lang='grc' dir='ltr'>παροιμίας</span> <span class='ocrx_word' id='word_1_645' title='bbox 2203 2562 2598 2629; x_wconf 87' lang='grc' dir='ltr'>ταύτηςΚρατῖνος</span> <span class='ocrx_word' id='word_1_646' title='bbox 2617 2565 2660 2612; x_wconf 88' lang='grc' dir='ltr'>ἐν</span> <span class='ocrx_word' id='word_1_647' title='bbox 2683 2565 2918 2631; x_wconf 40' lang='grc' dir='ltr'>Χείρωσιῃ</span> 
     </span>
     <span class='ocr_line' id='line_1_102' title="bbox 1599 2639 2952 2699; baseline 0.001 -14"><span class='ocrx_word' id='word_1_648' title='bbox 1599 2640 1778 2685; x_wconf 88' lang='lat' dir='ltr'><strong>Eadem</strong></span> <span class='ocrx_word' id='word_1_649' title='bbox 1797 2639 2067 2698; x_wconf 90' lang='lat' dir='ltr'><strong>Apostolius</strong></span> <span class='ocrx_word' id='word_1_650' title='bbox 2078 2639 2173 2683; x_wconf 88' lang='lat' dir='ltr'>XII</span> <span class='ocrx_word' id='word_1_651' title='bbox 2188 2673 2201 2694; x_wconf 90' lang='lat'><strong>,</strong></span> <span class='ocrx_word' id='word_1_652' title='bbox 2224 2654 2302 2696; x_wconf 89' lang='lat'><strong>70,</strong></span> <span class='ocrx_word' id='word_1_653' title='bbox 2325 2639 2404 2683; x_wconf 87' lang='lat' dir='ltr'><strong>alii</strong></span> <span class='ocrx_word' id='word_1_654' title='bbox 2421 2639 2788 2699; x_wconf 81' lang='lat' dir='ltr'><strong>proverbiorum</strong></span> <span class='ocrx_word' id='word_1_655' title='bbox 2806 2641 2920 2687; x_wconf 49' lang='lat' dir='ltr'><strong>col-v</strong></span> <span class='ocrx_word' id='word_1_656' title='bbox 2927 2651 2952 2699; x_wconf 55' lang='grc' dir='ltr'>,ζ</span> 
     </span>
     <span class='ocr_line' id='line_1_103' title="bbox 1599 2712 2951 2776; baseline 0.001 -18"><span class='ocrx_word' id='word_1_657' title='bbox 1599 2716 1810 2759; x_wconf 76' lang='lat' dir='ltr'><strong>lectores·</strong></span> <span class='ocrx_word' id='word_1_658' title='bbox 1821 2715 1873 2758; x_wconf 91' lang='lat' dir='ltr'>V.</span> <span class='ocrx_word' id='word_1_659' title='bbox 1884 2713 2104 2759; x_wconf 86' lang='lat' dir='ltr'><strong>Leutsch.</strong></span> <span class='ocrx_word' id='word_1_660' title='bbox 2117 2712 2512 2758; x_wconf 83' lang='lat' dir='ltr'><strong>etSchneidewin.</strong></span> <span class='ocrx_word' id='word_1_661' title='bbox 2525 2713 2897 2776; x_wconf 75' lang='lat' dir='ltr'><strong>adParoemiogr.</strong></span> <span class='ocrx_word' id='word_1_662' title='bbox 2949 2729 2951 2735; x_wconf 95' lang='grc'>·</span> 
     </span>
    </p>

    <p class='ocr_par' dir='ltr' id='par_1_21' title="bbox 1599 2768 2900 3205">
     <span class='ocr_line' id='line_1_104' title="bbox 1599 2768 2895 2845; baseline 0.005 -18.169"><span class='ocrx_word' id='word_1_663' title='bbox 1599 2788 1646 2841; x_wconf 89' lang='grc' dir='ltr'>Ι,</span> <span class='ocrx_word' id='word_1_664' title='bbox 1672 2801 1724 2845; x_wconf 89' lang='lat' dir='ltr'>p.</span> <span class='ocrx_word' id='word_1_665' title='bbox 1763 2768 1868 2830; x_wconf 82' lang='grc'>118.</span> <span class='ocrx_word' id='word_1_666' title='bbox 1902 2784 2143 2830; x_wconf 86' lang='lat' dir='ltr'><strong>Plutarch.</strong></span> <span class='ocrx_word' id='word_1_667' title='bbox 2179 2786 2252 2829; x_wconf 91' lang='lat' dir='ltr'>De</span> <span class='ocrx_word' id='word_1_668' title='bbox 2275 2799 2379 2829; x_wconf 89' lang='lat' dir='ltr'><strong>sera</strong></span> <span class='ocrx_word' id='word_1_669' title='bbox 2409 2801 2544 2832; x_wconf 89' lang='lat' dir='ltr'><strong>num.</strong></span> <span class='ocrx_word' id='word_1_670' title='bbox 2565 2786 2697 2834; x_wconf 84' lang='lat' dir='ltr'><strong>vind.</strong></span> <span class='ocrx_word' id='word_1_671' title='bbox 2729 2802 2770 2833; x_wconf 88' lang='lat' dir='ltr'>c.</span> <span class='ocrx_word' id='word_1_672' title='bbox 2815 2786 2895 2835; x_wconf 83' lang='lat'>13.</span> 
     </span>
     <span class='ocr_line' id='line_1_105' title="bbox 1599 2856 2911 2916; baseline 0.002 -13"><span class='ocrx_word' id='word_1_673' title='bbox 1599 2860 1671 2903; x_wconf 93' lang='lat' dir='ltr'>De</span> <span class='ocrx_word' id='word_1_674' title='bbox 1705 2856 1983 2916; x_wconf 86' lang='lat' dir='ltr'><strong>Terpandro</strong></span> <span class='ocrx_word' id='word_1_675' title='bbox 2019 2857 2159 2901; x_wconf 88' lang='lat' dir='ltr'><strong>etiam</strong></span> <span class='ocrx_word' id='word_1_676' title='bbox 2198 2857 2470 2902; x_wconf 84' lang='lat' dir='ltr'><strong>Heraclides</strong></span> <span class='ocrx_word' id='word_1_677' title='bbox 2498 2857 2618 2902; x_wconf 84' lang='lat' dir='ltr'><strong>dixit</strong></span> <span class='ocrx_word' id='word_1_678' title='bbox 2647 2860 2698 2903; x_wconf 89' lang='lat' dir='ltr'>in</span> <span class='ocrx_word' id='word_1_679' title='bbox 2722 2858 2911 2909; x_wconf 83' lang='lat' dir='ltr'><strong>Laced.</strong></span> 
     </span>
     <span class='ocr_line' id='line_1_106' title="bbox 1600 2927 2895 2989; baseline 0.002 -14"><span class='ocrx_word' id='word_1_680' title='bbox 1600 2927 1724 2989; x_wconf 88' lang='lat' dir='ltr'>Rep.</span> <span class='ocrx_word' id='word_1_681' title='bbox 1752 2929 1813 2975; x_wconf 84' lang='lat' dir='ltr'>fr.</span> <span class='ocrx_word' id='word_1_682' title='bbox 1844 2943 1899 2982; x_wconf 91' lang='grc'>2,</span> <span class='ocrx_word' id='word_1_683' title='bbox 1933 2927 1981 2974; x_wconf 90' lang='lat'>6.</span> <span class='ocrx_word' id='word_1_684' title='bbox 2009 2928 2077 2974; x_wconf 88' lang='lat' dir='ltr'>Cf.</span> <span class='ocrx_word' id='word_1_685' title='bbox 2112 2928 2299 2976; x_wconf 82' lang='lat' dir='ltr'><strong>Miiller.</strong></span> <span class='ocrx_word' id='word_1_686' title='bbox 2337 2930 2453 2975; x_wconf 84' lang='lat' dir='ltr'><strong>Dor.</strong></span> <span class='ocrx_word' id='word_1_687' title='bbox 2489 2931 2556 2987; x_wconf 90' lang='lat' dir='ltr'><strong>II,</strong></span> <span class='ocrx_word' id='word_1_688' title='bbox 2581 2929 2706 2988; x_wconf 83' lang='lat'><strong>3203</strong></span> <span class='ocrx_word' id='word_1_689' title='bbox 2731 2927 2895 2979; x_wconf 75' lang='lat' dir='ltr'><strong>Plehn&#39;.</strong></span> 
     </span>
     <span class='ocr_line' id='line_1_107' title="bbox 1601 2999 2900 3063; baseline 0.002 -16"><span class='ocrx_word' id='word_1_690' title='bbox 1601 3002 1811 3047; x_wconf 85' lang='lat' dir='ltr'><strong>Lesbiae.</strong></span> <span class='ocrx_word' id='word_1_691' title='bbox 1845 3016 1898 3060; x_wconf 86' lang='lat' dir='ltr'>p.</span> <span class='ocrx_word' id='word_1_692' title='bbox 1945 3001 2052 3054; x_wconf 90' lang='grc'>146.</span> <span class='ocrx_word' id='word_1_693' title='bbox 2088 2999 2260 3046; x_wconf 86' lang='lat' dir='ltr'><strong>Allatas</strong></span> <span class='ocrx_word' id='word_1_694' title='bbox 2289 3002 2533 3061; x_wconf 83' lang='lat' dir='ltr'><strong>proverbii</strong></span> <span class='ocrx_word' id='word_1_695' title='bbox 2567 3003 2900 3063; x_wconf 70' lang='lat' dir='ltr'><strong>explicatione·</strong></span> 
     </span>
     <span class='ocr_line' id='line_1_108' title="bbox 1600 3073 2895 3134; baseline 0.003 -16"><span class='ocrx_word' id='word_1_696' title='bbox 1600 3073 1763 3132; x_wconf 88' lang='lat' dir='ltr'><strong>rejecit</strong></span> <span class='ocrx_word' id='word_1_697' title='bbox 1785 3073 2011 3134; x_wconf 86' lang='lat' dir='ltr'><strong>Bergkius</strong></span> <span class='ocrx_word' id='word_1_698' title='bbox 2031 3074 2295 3120; x_wconf 86' lang='lat' dir='ltr'><strong>Comment.</strong></span> <span class='ocrx_word' id='word_1_699' title='bbox 2320 3074 2379 3118; x_wconf 91' lang='lat' dir='ltr'>de</span> <span class='ocrx_word' id='word_1_700' title='bbox 2402 3075 2614 3134; x_wconf 88' lang='lat' dir='ltr'><strong>reliquiis</strong></span> <span class='ocrx_word' id='word_1_701' title='bbox 2632 3083 2730 3123; x_wconf 86' lang='lat' dir='ltr'><strong>vet.</strong></span> <span class='ocrx_word' id='word_1_702' title='bbox 2763 3073 2895 3124; x_wconf 86' lang='lat' dir='ltr'>Com.</span> 
     </span>
     <span class='ocr_line' id='line_1_109' title="bbox 1600 3149 1915 3205; baseline -0.01 -13"><span class='ocrx_word' id='word_1_703' title='bbox 1600 3149 1692 3192; x_wconf 89' lang='lat' dir='ltr'><strong>Att.</strong></span> <span class='ocrx_word' id='word_1_704' title='bbox 1717 3161 1769 3205; x_wconf 93' lang='lat' dir='ltr'>p.</span> <span class='ocrx_word' id='word_1_705' title='bbox 1804 3161 1915 3205; x_wconf 84' lang='grc'>229.</span> 
     </span>
    </p>

    <p class='ocr_par' dir='ltr' id='par_1_22' title="bbox 1600 3210 2900 3566">
     <span class='ocr_line' id='line_1_110' title="bbox 1667 3210 2898 3264; baseline 0.002 -6"><span class='ocrx_word' id='word_1_706' title='bbox 1667 3210 1878 3258; x_wconf 87' lang='lat' dir='ltr'><strong>Fortasse</strong></span> <span class='ocrx_word' id='word_1_707' title='bbox 1911 3227 1937 3256; x_wconf 91' lang='lat' dir='ltr'>e</span> <span class='ocrx_word' id='word_1_708' title='bbox 1975 3211 2444 3257; x_wconf 76' lang='lat' dir='ltr'><strong>Lacedaemoniorum</strong></span> <span class='ocrx_word' id='word_1_709' title='bbox 2472 3213 2548 3258; x_wconf 82' lang='lat' dir='ltr'>vel</span> <span class='ocrx_word' id='word_1_710' title='bbox 2572 3228 2630 3259; x_wconf 88' lang='lat' dir='ltr'>ex</span> <span class='ocrx_word' id='word_1_711' title='bbox 2659 3214 2898 3264; x_wconf 72' lang='lat' dir='ltr'><strong>Arcadum</strong></span> 
     </span>
     <span class='ocr_line' id='line_1_111' title="bbox 1600 3283 2900 3345; baseline 0.002 -15"><span class='ocrx_word' id='word_1_712' title='bbox 1600 3287 1723 3344; x_wconf 86' lang='lat' dir='ltr'>Rep.</span> <span class='ocrx_word' id='word_1_713' title='bbox 1745 3283 1936 3331; x_wconf 80' lang='lat' dir='ltr'><strong>fluxere</strong></span> <span class='ocrx_word' id='word_1_714' title='bbox 1945 3300 2046 3343; x_wconf 88' lang='lat' dir='ltr'>quae</span> <span class='ocrx_word' id='word_1_715' title='bbox 2075 3284 2134 3330; x_wconf 92' lang='lat' dir='ltr'>de</span> <span class='ocrx_word' id='word_1_716' title='bbox 2153 3286 2200 3329; x_wconf 86' lang='lat' dir='ltr'>vi</span> <span class='ocrx_word' id='word_1_717' title='bbox 2220 3301 2361 3345; x_wconf 89' lang='lat' dir='ltr'><strong>quam</strong></span> <span class='ocrx_word' id='word_1_718' title='bbox 2393 3287 2567 3333; x_wconf 87' lang='lat' dir='ltr'><strong>musica</strong></span> <span class='ocrx_word' id='word_1_719' title='bbox 2589 3288 2641 3332; x_wconf 86' lang='lat' dir='ltr'>in-</span> <span class='ocrx_word' id='word_1_720' title='bbox 2669 3286 2900 3335; x_wconf 83' lang='lat' dir='ltr'><strong>sedandos</strong></span> 
     </span>
     <span class='ocr_line' id='line_1_112' title="bbox 1602 3355 2898 3421; baseline 0.002 -19"><span class='ocrx_word' id='word_1_721' title='bbox 1602 3359 1782 3402; x_wconf 84' lang='lat' dir='ltr'><strong>animos</strong></span> <span class='ocrx_word' id='word_1_722' title='bbox 1801 3365 2036 3413; x_wconf 84' lang='lat' dir='ltr'><strong>exerceat,</strong></span> <span class='ocrx_word' id='word_1_723' title='bbox 2057 3372 2114 3402; x_wconf 87' lang='lat' dir='ltr'>ex</span> <span class='ocrx_word' id='word_1_724' title='bbox 2126 3358 2375 3403; x_wconf 80' lang='lat' dir='ltr'><strong>Aristotele</strong></span> <span class='ocrx_word' id='word_1_725' title='bbox 2387 3358 2523 3404; x_wconf 89' lang='lat' dir='ltr'><strong>affert</strong></span> <span class='ocrx_word' id='word_1_726' title='bbox 2544 3358 2736 3407; x_wconf 80' lang='lat' dir='ltr'><strong>SuidaS.</strong></span> <span class='ocrx_word' id='word_1_727' title='bbox 2756 3355 2898 3421; x_wconf 86' lang='grc' dir='ltr'>Νόμοι</span> 
     </span>
     <span class='ocr_line' id='line_1_113' title="bbox 1601 3426 2896 3517; baseline 0.003 -42"><span class='ocrx_word' id='word_1_728' title='bbox 1601 3427 1904 3494; x_wconf 85' lang='grc' dir='ltr'>κιθαρωδικοί·</span> <span class='ocrx_word' id='word_1_729' title='bbox 1934 3427 2171 3517; x_wconf 82' lang='grc' dir='ltr'>Απόλλων,</span> <span class='ocrx_word' id='word_1_730' title='bbox 2218 3427 2354 3493; x_wconf 77' lang='grc' dir='ltr'>φασὶ,</span> <span class='ocrx_word' id='word_1_731' title='bbox 2389 3427 2500 3490; x_wconf 82' lang='grc' dir='ltr'>μετὰ</span> <span class='ocrx_word' id='word_1_732' title='bbox 2522 3428 2656 3494; x_wconf 88' lang='grc' dir='ltr'>λύρας</span> <span class='ocrx_word' id='word_1_733' title='bbox 2680 3426 2896 3486; x_wconf 73' lang='grc' dir='ltr'>κατέδειξε</span> 
     </span>
     <span class='ocr_line' id='line_1_114' title="bbox 1601 3496 2897 3579; baseline 0 -30"><span class='ocrx_word' id='word_1_734' title='bbox 1601 3501 1688 3555; x_wconf 85' lang='grc' dir='ltr'>τοῖς</span> <span class='ocrx_word' id='word_1_735' title='bbox 1712 3498 1949 3566; x_wconf 86' lang='grc' dir='ltr'>ἀνθρώποις</span> <span class='ocrx_word' id='word_1_736' title='bbox 1971 3501 2143 3579; x_wconf 86' lang='grc' dir='ltr'>νόμους,</span> <span class='ocrx_word' id='word_1_737' title='bbox 2167 3503 2265 3548; x_wconf 86' lang='grc' dir='ltr'>καθ’</span> <span class='ocrx_word' id='word_1_738' title='bbox 2285 3500 2355 3556; x_wconf 82' lang='grc' dir='ltr'>οὒς</span> <span class='ocrx_word' id='word_1_739' title='bbox 2374 3500 2600 3560; x_wconf 78' lang='grc' dir='ltr'>ζήσονται,</span> <span class='ocrx_word' id='word_1_740' title='bbox 2623 3496 2826 3566; x_wconf 79' lang='grc' dir='ltr'>πραΰνων</span> <span class='ocrx_word' id='word_1_741' title='bbox 2850 3519 2897 3550; x_wconf 81' lang='grc' dir='ltr'>τε</span> 
     </span>
    </p>
   </div>
   <div class='ocr_carea' id='block_1_16' title="bbox 1604 3634 2897 3689">
    <p class='ocr_par' dir='ltr' id='par_1_23' title="bbox 1604 3634 2897 3689">
     <span class='ocr_line' id='line_1_115' title="bbox 1604 3634 2897 3689; baseline 0.001 -13"><span class='ocrx_word' id='word_1_742' title='bbox 1604 3637 1716 3687; x_wconf 81' lang='lat' dir='ltr'><strong>puto,</strong></span> <span class='ocrx_word' id='word_1_743' title='bbox 1731 3635 1887 3686; x_wconf 82' lang='lat' dir='ltr'><strong>jubent,</strong></span> <span class='ocrx_word' id='word_1_744' title='bbox 1901 3636 1947 3675; x_wconf 88' lang='lat' dir='ltr'>ut</span> <span class='ocrx_word' id='word_1_745' title='bbox 1964 3634 2026 3675; x_wconf 81' lang='lat' dir='ltr'>vel</span> <span class='ocrx_word' id='word_1_746' title='bbox 2038 3635 2143 3675; x_wconf 85' lang='lat' dir='ltr'><strong>circa</strong></span> <span class='ocrx_word' id='word_1_747' title='bbox 2158 3645 2220 3675; x_wconf 90' lang='lat' dir='ltr'>res</span> <span class='ocrx_word' id='word_1_748' title='bbox 2234 3634 2419 3676; x_wconf 85' lang='lat' dir='ltr'><strong>minimas</strong></span> <span class='ocrx_word' id='word_1_749' title='bbox 2433 3634 2483 3675; x_wconf 88' lang='lat' dir='ltr'>ad</span> <span class='ocrx_word' id='word_1_750' title='bbox 2502 3634 2792 3677; x_wconf 84' lang='lat' dir='ltr'><strong>obedientiam‘</strong></span> <span class='ocrx_word' id='word_1_751' title='bbox 2777 3648 2897 3689; x_wconf 70' lang='lat' dir='ltr'><strong>Juve-</strong></span> 
     </span>
    </p>
   </div>
   <div class='ocr_carea' id='block_1_17' title="bbox 1603 3700 2285 3795">
    <p class='ocr_par' dir='ltr' id='par_1_24' title="bbox 1603 3700 2285 3795">
     <span class='ocr_line' id='line_1_116' title="bbox 1603 3700 2285 3795; baseline -0.006 -53"><span class='ocrx_word' id='word_1_752' title='bbox 1603 3712 1673 3742; x_wconf 86' lang='lat' dir='ltr'>nes</span> <span class='ocrx_word' id='word_1_753' title='bbox 1691 3700 1977 3745; x_wconf 81' lang='lat' dir='ltr'><strong>assuefaciant.</strong></span> <span class='ocrx_word' id='word_1_754' title='bbox 2213 3755 2285 3795; x_wconf 75' lang='lat'>86</span> 
     </span>
    </p>
   </div>
   <div class='ocr_carea' id='block_1_18' title="bbox 1605 3821 2881 4068">
    <p class='ocr_par' dir='ltr' id='par_1_25' title="bbox 1605 3821 2881 4067">
     <span class='ocr_line' id='line_1_117' title="bbox 1657 3821 2881 3874; baseline 0.002 -10"><span class='ocrx_word' id='word_1_755' title='bbox 1657 3822 1916 3871; x_wconf 76' lang='lat' dir='ltr'><strong>Aristoteles·</strong></span> <span class='ocrx_word' id='word_1_756' title='bbox 1905 3833 1945 3862; x_wconf 87' lang='grc' dir='ltr'>ιιι</span> <span class='ocrx_word' id='word_1_757' title='bbox 1972 3821 2367 3863; x_wconf 76' lang='lat' dir='ltr'><strong>Lacedaemoniorum</strong></span> <span class='ocrx_word' id='word_1_758' title='bbox 2389 3824 2487 3874; x_wconf 87' lang='lat' dir='ltr'>Rep.</span> <span class='ocrx_word' id='word_1_759' title='bbox 2511 3821 2610 3862; x_wconf 86' lang='lat' dir='ltr'><strong>dicit</strong></span> <span class='ocrx_word' id='word_1_760' title='bbox 2638 3822 2881 3867; x_wconf 70' lang='lat' dir='ltr'><strong>Lacedomo</strong></span> 
     </span>
     <span class='ocr_line' id='line_1_118' title="bbox 1606 3877 2827 3939; baseline 0.002 -12"><span class='ocrx_word' id='word_1_761' title='bbox 1606 3887 1692 3927; x_wconf 83' lang='lat' dir='ltr'><strong>nios</strong></span> <span class='ocrx_word' id='word_1_762' title='bbox 1712 3888 1815 3939; x_wconf 82' lang='lat' dir='ltr'><strong>sagis</strong></span> <span class='ocrx_word' id='word_1_763' title='bbox 1829 3886 2039 3938; x_wconf 84' lang='lat' dir='ltr'><strong>purpureis</strong></span> <span class='ocrx_word' id='word_1_764' title='bbox 2052 3886 2094 3927; x_wconf 85' lang='lat' dir='ltr'>in</span> <span class='ocrx_word' id='word_1_765' title='bbox 2112 3886 2219 3927; x_wconf 86' lang='lat' dir='ltr'><strong>bello</strong></span> <span class='ocrx_word' id='word_1_766' title='bbox 2242 3886 2324 3936; x_wconf 88' lang='lat' dir='ltr'><strong>uti,</strong></span> <span class='ocrx_word' id='word_1_767' title='bbox 2340 3888 2429 3926; x_wconf 85' lang='lat' dir='ltr'>tum</span> <span class='ocrx_word' id='word_1_768' title='bbox 2446 3877 2556 3938; x_wconf 79' lang='lat' dir='ltr'><strong>quod</strong></span> <span class='ocrx_word' id='word_1_769' title='bbox 2570 3887 2767 3929; x_wconf 79' lang='lat' dir='ltr'><strong>coloriste</strong></span> <span class='ocrx_word' id='word_1_770' title='bbox 2781 3885 2827 3928; x_wconf 74' lang='lat' dir='ltr'>v‘</span> 
     </span>
     <span class='ocr_line' id='line_1_119' title="bbox 1605 3951 2877 4004; baseline 0.003 -13"><span class='ocrx_word' id='word_1_771' title='bbox 1605 3954 1796 4004; x_wconf 84' lang='lat' dir='ltr'><strong>quiddam</strong></span> <span class='ocrx_word' id='word_1_772' title='bbox 1813 3953 1980 4003; x_wconf 85' lang='lat' dir='ltr'><strong>habeat,</strong></span> <span class='ocrx_word' id='word_1_773' title='bbox 1997 3954 2084 3992; x_wconf 85' lang='lat' dir='ltr'>tum</span> <span class='ocrx_word' id='word_1_774' title='bbox 2113 3951 2224 4003; x_wconf 86' lang='lat' dir='ltr'><strong>quod</strong></span> <span class='ocrx_word' id='word_1_775' title='bbox 2243 3952 2442 4002; x_wconf 83' lang='lat' dir='ltr'><strong>sanguinis</strong></span> <span class='ocrx_word' id='word_1_776' title='bbox 2460 3951 2583 3992; x_wconf 84' lang='lat' dir='ltr'><strong>colori</strong></span> <span class='ocrx_word' id='word_1_777' title='bbox 2602 3953 2741 3994; x_wconf 81' lang='lat' dir='ltr'><strong>similis</strong></span> <span class='ocrx_word' id='word_1_778' title='bbox 2762 3963 2851 3995; x_wconf 72' lang='lat' dir='ltr'><strong>assu</strong></span> <span class='ocrx_word' id='word_1_779' title='bbox 2875 3963 2877 3965; x_wconf 80' lang='grc'><strong>’</strong></span> 
     </span>
     <span class='ocr_line' id='line_1_120' title="bbox 1606 4015 2663 4068; baseline -0.001 -10"><span class='ocrx_word' id='word_1_780' title='bbox 1606 4019 1722 4058; x_wconf 84' lang='lat' dir='ltr'><strong>saciat</strong></span> <span class='ocrx_word' id='word_1_781' title='bbox 1736 4018 1844 4058; x_wconf 85' lang='lat' dir='ltr'><strong>viros</strong></span> <span class='ocrx_word' id='word_1_782' title='bbox 1858 4017 1909 4058; x_wconf 84' lang='lat' dir='ltr'>ad</span> <span class='ocrx_word' id='word_1_783' title='bbox 1928 4016 2084 4068; x_wconf 82' lang='lat' dir='ltr'><strong>fluxum</strong></span> <span class='ocrx_word' id='word_1_784' title='bbox 2100 4015 2300 4067; x_wconf 87' lang='lat' dir='ltr'><strong>sanguinis</strong></span> <span class='ocrx_word' id='word_1_785' title='bbox 2318 4016 2663 4057; x_wconf 86' lang='lat' dir='ltr'><strong>contemnendum.</strong></span> 
     </span>
    </p>
   </div>
   <div class='ocr_carea' id='block_1_19' title="bbox 1612 4133 2891 4275">
    <p class='ocr_par' dir='ltr' id='par_1_26' title="bbox 1612 4133 2891 4275">
     <span class='ocr_line' id='line_1_121' title="bbox 1660 4133 2860 4206; baseline -0.003 -13"><span class='ocrx_word' id='word_1_786' title='bbox 1660 4152 1894 4193; x_wconf 81' lang='lat' dir='ltr'><strong>Aristoteles</strong></span> <span class='ocrx_word' id='word_1_787' title='bbox 1912 4151 1952 4190; x_wconf 89' lang='lat' dir='ltr'>in</span> <span class='ocrx_word' id='word_1_788' title='bbox 1973 4149 2365 4191; x_wconf 75' lang='lat' dir='ltr'><strong>Lacedaemoniorum</strong></span> <span class='ocrx_word' id='word_1_789' title='bbox 2393 4135 2491 4200; x_wconf 77' lang='lat' dir='ltr'><strong>Rep</strong></span> <span class='ocrx_word' id='word_1_790' title='bbox 2516 4149 2771 4200; x_wconf 81' lang='lat' dir='ltr'><strong>proverbium</strong></span> <span class='ocrx_word' id='word_1_791' title='bbox 2828 4204 2830 4206; x_wconf 21' lang='lat'>¹</span> <span class='ocrx_word' id='word_1_792' title='bbox 2844 4133 2860 4204; x_wconf 47' lang='lat' dir='ltr'><em>J</em></span> 
     </span>
     <span class='ocr_line' id='line_1_122' title="bbox 1612 4211 2891 4275; baseline -0.004 -18"><span class='ocrx_word' id='word_1_793' title='bbox 1612 4217 1803 4257; x_wconf 78' lang='lat' dir='ltr'><strong>Lesbium</strong></span> <span class='ocrx_word' id='word_1_794' title='bbox 1823 4216 1974 4255; x_wconf 76' lang='lat' dir='ltr'><strong>cantor</strong></span> <span class='ocrx_word' id='word_1_795' title='bbox 1975 4223 2040 4254; x_wconf 82' lang='lat' dir='ltr'>em</span> <span class='ocrx_word' id='word_1_796' title='bbox 2054 4212 2103 4252; x_wconf 88' lang='lat' dir='ltr'>de</span> <span class='ocrx_word' id='word_1_797' title='bbox 2122 4215 2178 4253; x_wconf 69' lang='lat' dir='ltr'>T«</span> <span class='ocrx_word' id='word_1_798' title='bbox 2181 4213 2348 4265; x_wconf 80' lang='lat' dir='ltr'><strong>rpandro</strong></span> <span class='ocrx_word' id='word_1_799' title='bbox 2365 4212 2664 4263; x_wconf 78' lang='lat' dir='ltr'><strong>intelligendum</strong></span> <span class='ocrx_word' id='word_1_800' title='bbox 2681 4223 2766 4254; x_wconf 78' lang='lat' dir='ltr'><strong>esse</strong></span> <span class='ocrx_word' id='word_1_801' title='bbox 2783 4212 2821 4253; x_wconf 91' lang='lat' dir='ltr'>di</span> <span class='ocrx_word' id='word_1_802' title='bbox 2883 4211 2891 4275; x_wconf 46' lang='lat' dir='ltr'>J</span> 
     </span>
    </p>
   </div>
  </div>
 </body>
</html>
