3016 4628
767 404 814 448 6.

182 547 187 550 ,
211 493 446 540 Plutarch.
481 491 696 537 Themist.
723 504 764 534 c.
811 504 828 532 1
867 502 877 534 ε
903 485 1191 548 Θεμιστοκλεῖ
1217 482 1335 532 δὲτὰ
1356 483 1433 546 μὲν

115 555 206 641 J&
221 561 364 626 γένους
387 559 659 624 ἀμαυρότερα
678 558 784 623 πρὸς
807 554 971 612 δόξανι
956 559 1147 620 υπῆρχε·
1168 554 1329 620 πατρὸς
1350 553 1434 619 γὰρ

141 649 203 686 'il
220 632 454 687 Νεοκλέους
473 634 520 680 οὐ
544 635 629 679 τῶν
625 629 794 717 ἄγαν
775 631 990 694 επιφανῶν
1009 627 1236 688 Αθήνησι,
1258 628 1435 692 Φρεαῤ-

127 702 242 775 ’ρίου
263 707 348 752 τῶν
369 702 554 765 δήμων’
535 722 583 750 εκ
599 721 675 760 της
691 699 916 753 Λεοντίδος
929 701 1088 765 φυλῆς·
1116 698 1232 753 νόθος
1262 698 1308 747 δὲ
1331 698 1436 764 πρὸς

116 775 332 852 μητρὸς,
350 778 407 830 ὣς
424 774 636 839 λέγουσιν·

247 862 462 914 Ἇὸρότονον
478 861 660 933 Θρήισσα
678 860 774 910 γυνὴ
794 860 926 910 γένος·
945 859 1041 898 ἀλλὰ
1056 859 1232 899 τεκέσθαι

299 919 364 959 τὸν
382 920 503 991 μέγαν
523 919 704 964 Ἕλλησιν
724 918 818 968 φημὶ
840 916 1118 967 Θεμιστοκλέα.

95 982 321 1045 Φανίας
342 987 487 1054 μέντοι
507 1010 584 1047 την
603 988 770 1054 μητέρα
788 987 1133 1052 Θεμιστοκλέους
1152 990 1198 1035 οὐ
1214 966 1436 1054 Θρατταν,

119 1062 263 1118 ἀλλὰ
282 1062 495 1129 Καρίνην,
523 1061 610 1110 οὐδ’
635 1060 931 1127 Ἀὅρότονον”
905 1079 1063 1124 ονομα,
1093 1061 1190 1107 ἀλλ’
1207 1060 1324 1108 Εὐτέ
1304 1079 1436 1126 ενρπη

98 1111 407 1203 ,ζζάναγράφεν
441 1134 634 1194 Νεάνθης
679 1131 724 1181 δὲ
759 1133 831 1182 καὶ
865 1132 987 1181 πόλιν
1020 1134 1126 1197 αὐτῇ
1159 1135 1234 1190 τῆς
1270 1132 1437 1197 Καρίας

148 1206 479 1274 Ἁλικαρνασσὸν
500 1206 772 1273 προστίθησι.

775 1297 819 1338 7.

101 1330 117 1353 Δ
213 1367 346 1414 Idem
364 1369 429 1416 ib.
460 1385 502 1413 c.
531 1384 599 1426 7.
628 1364 757 1416 Ἐπει
775 1360 821 1412 δε
844 1371 930 1419 τοῖς
950 1364 1144 1429 Ἀφέταις
1177 1368 1250 1411 τοῦ
1274 1361 1438 1428 βαρὸα·

80 1520 81 1523 ’
148 1508 261 1559 κατὰ
294 1509 437 1572 στόμα
459 1513 563 1558 νεῶν
587 1509 635 1558 τὸ
669 1513 828 1567 πληθος
844 1546 857 1571 ,
883 1509 1017 1563 ἄλλας
1042 1508 1087 1556 δὲ
1123 1505 1440 1570 πυνθανόμενος

149 1581 368 1636 διακοσίας
409 1581 516 1647 υπὲρ
551 1581 739 1630 Σκιάθου
774 1580 919 1645 κύκλῳ
961 1582 1202 1645 περιπλεῖν,
1239 1578 1438 1627 ἕδούλετο

72 1687 103 1713 -μ
147 1651 225 1710 τὴν
247 1653 456 1717 ταχίστην
494 1653 596 1701 εἴσω
627 1658 701 1711 τ’ῆς
735 1653 950 1706 Ἑλλάδος
990 1652 1208 1715 κομισθεὶς
1247 1651 1438 1716 ἅψασθαι

99 1719 102 1745 ³
140 1724 482 1782 Πελοποννήσου
507 1724 581 1772 καὶ
605 1725 676 1772 τὸν
697 1724 822 1780 πεζὸν
845 1722 1026 1812 στρατὸν
1050 1724 1143 1778 ταῖς
1164 1722 1288 1770 ναυσὶ
1308 1741 1438 1788 προσ-

146 1795 486 1860 περιὸαλέσθαι,
509 1797 784 1844 παντάπασιν
805 1795 1090 1862 ἀπρόσμαχον
1107 1795 1343 1861 ἡγούμενος
1361 1794 1437 1853 τὴν

84 1867 107 1899 ⁴st
146 1865 258 1916 κατὰ
282 1868 497 1916 θάλατταν
520 1867 654 1926 ἀλκὴν
682 1868 914 1933 βασιλέως,
941 1867 1158 1923 δείσαντες
1178 1888 1216 1916 οι
1238 1868 1438 1928 Εὐὸοεῖς,

88 1921 212 2003 ’ξ”μὴ
233 1947 341 2005 σφᾶς
357 1942 395 1989 οἳ
410 1938 625 1998 Ἓλληνες
644 1940 886 2005 πρόωνται,
906 1941 1046 2007 κρύφα
1067 1944 1129 2007 τῷ
1148 1943 1439 2005 Θεμιστοκλεῖ

86 2010 384 2085 ἐδιελέγοντο
419 2011 675 2076 Πελάγοντα
702 2033 812 2076 μετα
845 2012 1083 2078 χρημάτων
1107 2010 1281 2062 πολλῶν
1320 2013 1438 2076 πέμ-

89 2071 322 2152 ψαντες·
347 2084 375 2132 ἃ
398 2083 589 2132 λαὸὼν’
570 2091 752 2144 εκεῖνος,
773 2089 830 2141 ὡς
855 2085 1122 2151 ἹΙρόδοτος
1111 2085 1334 2152 ιστόρηκε,
1354 2107 1439 2142 τοις

92 2151 244 2220 περὶ
260 2154 332 2203 τὸν
354 2153 630 2221 Ευρυὸιάδην
649 2156 821 2208 ἔδωκεν.
894 2157 1251 2220 Ἐναντιουμένου
1270 2159 1305 2205 δ’
1323 2160 1438 2224 αὖτω

121 2228 232 2275 τῶν
256 2229 442 2276 πολιτῶν
463 2227 754 2293 Ἀρχιτέλους,
773 2223 867 2284 ὃςτ
839 2249 890 2288 ην
913 2250 964 2292 με
953 2230 990 2276 ν
1013 2229 1084 2277 ἐπὶ
1103 2250 1177 2288 της
1201 2233 1317 2295 ἱερᾶς
1337 2229 1438 2284 νεὼς

28 2336 31 2353 2
110 2297 550 2366 τριήραρχος,οὖκ”
528 2319 637 2366 εχων
655 2300 698 2348 δὲ
714 2301 925 2366 χρήματα
944 2308 1031 2355 τοῖς
1048 2301 1222 2356 ναύταις
1238 2302 1438 2366 χορηγεῖν

94 2372 113 2423 ἷζ
146 2367 346 2422 ἔσπευδεν
372 2373 670 2434 ἀποπλεῦσαι,
696 2372 940 2437 παρώξυνεν
971 2373 1032 2420 ἔτι
1065 2374 1228 2434 μᾶλλον
1248 2375 1270 2419 ὁ
1293 2374 1438 2435 Θεμι-

146 2443 328 2500 στοκλῆς
342 2441 438 2496 τοὺς
451 2442 628 2507 πολίτας
646 2443 713 2490 ἐπ’
729 2443 992 2503 αὖτὸν,ὥστε
1001 2444 1049 2492 τὸ
1063 2445 1229 2491 δεῖπνον
1240 2444 1434 2509 ἁρπάσαι

151 2665 154 2667 ·
195 2646 451 2692 Themistocli
465 2663 588 2702 genus
602 2652 809 2693 obscurius
825 2653 899 2693 fuit
912 2683 923 2703 ,
940 2664 1061 2703 quam
1079 2652 1187 2704 quod
1204 2652 1255 2692 ad
1269 2653 1434 2703 gloriam

89 2711 104 2737 3
145 2706 324 2757 conferre
341 2717 491 2767 aliquid
519 2719 678 2768 posset;
710 2719 863 2768 patrem
889 2719 994 2757 enim
1022 2718 1161 2758 habuit
1184 2718 1287 2757 inter
1317 2717 1436 2756 Athe-

102 2782 106 2783 ’
144 2779 300 2820 aienses
311 2791 390 2819 non
403 2779 620 2823 admodum
631 2781 824 2821 illustrem
836 2812 847 2831 ‚
865 2783 1024 2821 nomine
1039 2781 1226 2822 Neoclem
1237 2810 1249 2829 ,
1262 2780 1313 2820 de
1328 2780 1438 2820 curia

92 2850 126 2882 J
144 2842 493 2894 Phrearrhiorum,
517 2846 557 2884 et
583 2835 693 2884 tribu
711 2845 913 2885 Leontide.
935 2847 1062 2885 Matre
1077 2847 1213 2885 autem
1231 2855 1313 2884 non
1339 2844 1436 2894 legi·

24 2913 34 2962 s
146 2905 244 2945 tima
261 2909 400 2947 uatum
413 2907 578 2947 tradunt
588 2921 600 2957 ;
622 2910 761 2958 estque
776 2909 817 2947 in
834 2919 921 2948 eam
936 2908 1173 2948 sententiam
1189 2907 1230 2948 id
1248 2918 1434 2948 carmen:

233 2984 469 3020 Abrotonum
483 2984 646 3021 Threissa
662 2984 716 3020 fui
732 2993 847 3029 genus
864 2998 874 3020 ι
891 2988 930 3021 at
945 2986 1128 3032 peperisse

124 3083 131 3088 ‚
278 3049 338 3076 me
353 3049 528 3086 magnum
547 3041 686 3077 Graecis
701 3041 786 3077 dico
801 3042 1074 3078 Themistoclea.

122 3107 136 3153 .’
147 3109 311 3158 Phanias
325 3110 487 3161 quidem
502 3111 620 3152 matri
639 3111 912 3153 Themistoclis
927 3123 1008 3153 non
1024 3113 1262 3165 Thraciam,
1275 3114 1344 3155 sed
1363 3117 1440 3156 Ca·

112 3188 117 3195 =
144 3172 242 3213 riam
255 3173 437 3224 patriam,
451 3185 580 3225 neque
590 3175 808 3226 Abrotouo‚
819 3177 887 3216 sed
899 3178 1084 3228 Euterpae
1098 3189 1243 3218 nomen
1251 3179 1370 3218 fuisse
1381 3189 1439 3219 as-

108 3238 275 3286 wit·
294 3240 491 3282 Neauthes
509 3241 630 3280 etiam
647 3241 788 3280 urbem
803 3242 930 3283 Cariae
970 3242 1039 3285 ubi
1061 3244 1152 3286 nata
1167 3243 1305 3292 fuerit,
1326 3243 1436 3283 Hali-

123 3313 380 3354 messum
394 3306 587 3346 nominat.

766 3383 809 3421 7.

149 3467 414 3519 Postquam
430 3469 589 3519 autem,
602 3468 864 3509 barbarorum
880 3469 1004 3509 classe
1018 3469 1069 3509 ad
1084 3480 1175 3518 eum
1192 3470 1347 3520 locum,
1373 3472 1436 3510 cui

106 3529 310 3587 mem
327 3542 474 3572 nomen
495 3533 577 3582 est,
604 3532 759 3582 delata,
788 3533 1058 3583 Eurybiades,
1093 3533 1348 3574 multitudine
1370 3546 1436 3574 na-

106 3583 256 3646 {ium
275 3605 368 3646 quae
382 3595 424 3634 iu
438 3596 570 3635 fronte
589 3595 832 3646 apparebant
848 3596 1101 3646 perterritus,
1127 3597 1287 3647 insuper
1301 3598 1436 3637 audito

100 3650 338 3702 ζόφουιοε
349 3658 446 3702 alias
459 3669 576 3709 super
587 3659 792 3700 Sciathum
806 3670 969 3699 cursum
982 3660 1160 3709 flectere,
1175 3660 1215 3699 id
1227 3661 1435 3700 consilium

119 3720 274 3775 sim,
293 3722 345 3762 *ut
369 3732 492 3773 quam
513 3723 718 3763 celerrime
742 3723 848 3763 intra
866 3723 1064 3764 Graeciam
1097 3735 1300 3774 reversus,
1321 3725 1435 3764 Pelo-

94 3808 110 3836 ·:
127 3802 129 3808 ·
148 3791 366 3835 {nunesum
377 3786 505 3827 adiret
519 3778 566 3827 ac
579 3788 784 3828 terrestres
803 3788 937 3839 copias
951 3789 1120 3828 navibus
1132 3789 1433 3846 circumjiceret,

78 3895 79 3898 Ἴ
101 3844 269 3902 ,οπο
293 3849 416 3900 copiis
434 3850 549 3901 regiis
575 3851 675 3890 mari
705 3852 831 3892 resisti
861 3852 973 3892 nullo
1006 3853 1125 3892 modo
1148 3855 1304 3903 putans.
1361 3857 1436 3894 Hic

134 3909 374 3970 ζξὲώοουοοο
386 3913 504 3955 venti
522 3924 574 3954 ue
591 3925 616 3954 a
630 3915 781 3956 Graecis
797 3915 1123 3965 destituerentur,
1141 3917 1428 3957 clandestinum

120 3970 244 4049 ficum
257 3970 520 4020 manistocle
535 3979 781 4028 colloquium
800 3980 1051 4031 habuerunt,
1075 3981 1194 4021 misso
1223 3993 1316 4021 cum
1347 3993 1433 4022 ma-

199 4042 406 4091 pecnnia
421 4043 472 4084 ad
486 4054 578 4084 eum
605 4045 846 4096 Pelagonte:
865 4057 989 4096 quam
1009 4046 1293 4086 Themistocles
1319 4057 1433 4086 acce·

96 4096 247 4164 §an-z·
279 4105 494 4156 Eurybiadi
514 4107 698 4158 tradidit,
716 4109 762 4148 ut
780 4109 1009 4149 Herodotus
1039 4111 1179 4149 auctor
1198 4111 1272 4150 est.
1299 4112 1433 4160 Repu·

107 4157 294 4226 {finiat
307 4169 441 4208 autem
456 4170 714 4211 Themistocli
737 4172 956 4212 Architeles
971 4183 1074 4212 unus
1089 4183 1140 4212 ex
1160 4172 1313 4213 civibus
1332 4173 1431 4223 eius,

102 4228 366 4281 ’,Μίδαιυε
384 4242 507 4274 sacrae
521 4233 696 4275 triremi:
716 4234 785 4285 qui
801 4246 928 4287 quum
947 4246 1027 4276 uon
1045 4236 1207 4276 haberet
1224 4236 1431 4286 pec-uniam

92 4326 137 4370 “.4

1290 290 1695 351 FRAGMENTA.

86 1422 101 1447 ³
150 1443 268 1504 ρικοῦ
289 1437 443 1487 στόλου
462 1437 771 1504 προσμίξαντος
798 1436 1027 1500 ἐκπλαγεις
1051 1435 1327 1501 Εὐρυὸιάδης
1354 1454 1443 1483 των

2695 307 2789 348 295

1863 399 2033 417 '''''

1509 489 1583 516 και
1607 469 1771 534 βαρέως
1784 470 1976 536 φέροντος
1991 471 2222 538 εἷσέπευιρε
2235 475 2311 521 Θε
2303 494 2334 535 μ
2339 478 2532 534 ιστοκλῆς
2545 478 2646 542 πρὸς
2665 480 2790 528 αὐτον

1511 542 1554 587 έν
1577 541 1702 607 κίστῃ
1735 541 1956 588 δεῖπνον
1928 561 2067 628 αρτων
2106 544 2178 590 καὶ
2212 548 2363 608 κρεῶν,
2390 548 2555 602 ὑποθεὶς
2576 550 2695 598 κάτω
2715 551 2793 599 τά·

1511 614 1709 661 λαντον’
1686 612 1886 678 αργυρίου
1911 612 1985 659 καὶ
2010 613 2213 667 κελεύσας
2237 615 2363 662 αὐτόν
2386 636 2430 663 τε
2457 620 2637 667 δειπνεῖν
2668 623 2710 668 ἐν
2735 626 2796 687 τῷ

1511 683 1691 749 παρόντι
1710 684 1783 731 καὶ
1813 686 1906 747 μεθ
1931 683 2098 750 ἡμέραν
2120 688 2429 748 ἐπιμεληθῆναι
2448 692 2531 737 τῶν
2551 698 2792 757 τριηριτῶν·

1513 757 1549 803 εἷ
1584 755 1628 804 δὲ
1669 754 1759 819 μὴ,
1786 756 2075 813 καταὸοήσειν
2101 759 2230 804 αὐτοῦ
2255 758 2358 822 πρὸς
2392 759 2486 813 τους
2520 763 2717 820 πολίτας,
2741 769 2796 818 ὡς

1513 828 1682 893 ἔχοντος
1706 828 1904 895 ἀργύριον
1931 829 2051 894 παρὰ
2074 832 2159 876 τῶν
2183 829 2414 892 πολεμίων.
2441 834 2591 879 Ταυτα
2622 836 2696 896 μὲν
2726 857 2796 884 ουν

1515 900 1685 955 Φανίας
1707 903 1730 948 ὁ
1751 900 1935 953 Λέσὸιος
1963 900 2145 965 εἴρηκεν.

2137 990 2182 1036 8.

1580 1076 1711 1121 Idem
1733 1077 1799 1120 ib.
1824 1093 1864 1122 c.
1898 1076 1951 1121 13
1984 1092 1994 1121 z
2022 1077 2240 1121 Proelium
2260 1076 2319 1120 ad
2333 1077 2604 1122 Salaminem
2631 1080 2800 1124 inituro

1513 1147 1807 1208 Θεμιστοκλεῖ
1823 1146 1943 1210 παρὰ
1959 1145 2037 1205 τὴν
2054 1145 2293 1211 ναυαρχίδα
2309 1145 2462 1211 τριήρη
2478 1150 2803 1239 σφαγιαζομένῳ

1513 1225 1622 1308 τρεῖς
1645 1217 1956 1283 προσήχθησαν
1977 1237 2020 1265 αι
2006 1218 2279 1283 χμαλωτοι
2302 1218 2523 1266 κάλλιστοι
2544 1220 2619 1281 μὲν
2640 1221 2801 1270 ἰδέσθαι

1514 1289 1590 1348 τὴν
1614 1289 1726 1355 ὄψιν,
1752 1293 1899 1348 ἐσθησι
1930 1290 1974 1336 δὲ
1999 1290 2073 1338 καὶ
2097 1293 2245 1356 χρυσῶ
2277 1291 2593 1352 κεκοσμημένοι
2631 1294 2804 1359 διαπρε-

1515 1365 1620 1417 πῶς.
1653 1361 1932 1426 Ἐλέγοντο
1908 1362 1953 1409 οὲ
1971 1362 2200 1421 Σανδάκης
2215 1363 2365 1416 παῖδες
2384 1355 2490 1410 εἶναι
2506 1384 2580 1422 της
2600 1366 2805 1429 βασιλέως

1517 1436 1702 1500 ἀδελφῆς
1736 1434 1810 1482 καὶ
1844 1433 2119 1499 Ἄρταυκτου.
2151 1434 2338 1489 Τούτους
2376 1434 2477 1482 ἰδὼν
2513 1437 2806 1502 Εὐφραντίδης

1516 1504 1537 1553 ὃ
1561 1508 1734 1569 μάντις,
1753 1510 1810 1561 ὡς
1826 1505 1920 1568 ἅμα
1941 1505 2016 1569 μὲν
2038 1506 2320 1571 ἀνέλαμψεν’
2302 1526 2349 1553 εκ
2370 1509 2453 1554 τῶν
2469 1509 2592 1573 ἱερῶν
2607 1508 2716 1570 μέγα
2735 1511 2806 1558 καὶ

1515 1578 1742 1644 περιφανὲς
1757 1582 1844 1643 πῦρ
1858 1614 1870 1636 ,
1888 1577 1981 1640 ἅμα
1997 1577 2041 1625 δὲ
2061 1578 2257 1644 πταρμὸς
2276 1598 2324 1626 εκ
2341 1580 2424 1626 τῶν
2442 1579 2586 1634 δεξιῶν
2604 1581 2806 1641 ἐσήμηνε,

1515 1649 1586 1697 τὸν
1610 1649 1915 1713 Θεμιστοκλέα
1935 1649 2242 1712 δεξιωσάμενος
2262 1650 2458 1698 ἐκέλευσε
2469 1654 2553 1699 τῶν
2577 1653 2806 1702 νεανίσκων

1516 1722 1809 1788 κατάρξασθαι
1833 1723 1907 1771 καὶ
1931 1728 2205 1789 καθιερεῦσαι
2227 1723 2389 1778 πάντας
2407 1727 2593 1790 ὠμηστῇ
2615 1726 2807 1792 Διονύσῳ

1515 1795 1875 1860 προσευξάμενον·
1902 1794 2013 1843 οὕτω
2037 1795 2119 1861 γὰρ
2145 1796 2236 1858 ἅμα
2268 1796 2482 1862 σωτηρίαν
2507 1817 2553 1844 τε
2589 1799 2662 1845 καὶ
2686 1799 2806 1857 νίκην

1516 1867 1689 1915 ἔσεσθαι
1715 1874 1800 1922 τοῖς
1824 1866 2054 1927 εἛλλησιν.
2079 1868 2400 1933 Ἐκπλαγέντος
2424 1869 2468 1916 δὲ
2492 1875 2565 1918 τοῦ
2593 1872 2807 1934 Θεμιστο-

1516 1939 1664 1995 κλέους
1695 1943 1752 1995 ὡς
1786 1940 1899 2005 μέγα
1934 1941 1981 1989 τὸ
2007 1941 2234 2005 μάντευμα
2267 1944 2340 1989 καὶ
2373 1942 2520 2002 δεινὸν,
2555 1936 2640 1991 οἶον
2665 1945 2807 1992 εἴωθεν

1517 2014 1559 2060 ἓν
1581 2013 1784 2077 μεγάλοις
1809 2016 1945 2078 ἀγῶσι
1971 2015 2044 2062 καὶ
2070 2014 2298 2079 πράγμασι
2319 2017 2546 2080 χαλεποῖς,
2570 2018 2734 2077 μᾶλλον
2759 2021 2807 2064 ἐκ

1514 2089 1598 2133 τῶν
1621 2085 1880 2152 παραλόγων
1897 2086 1925 2144 ἢ
1944 2091 2029 2136 τῶν
2043 2087 2229 2152 εὐλόγων
2244 2089 2321 2146 τὴν
2340 2088 2554 2153 σωτηρίαν
2572 2089 2807 2144 ἐλπίζοντες

1515 2161 1553 2205 οἳ
1580 2157 1732 2207 πολλοὶ
1757 2158 1828 2206 τὸν
1854 2159 1946 2207 θεὸν
1971 2159 2065 2222 ἅμα
2096 2158 2218 2225 κοινῇ
2250 2162 2564 2209 κατεκαλοῦντο
2586 2165 2705 2226 φωνῇ
2733 2162 2807 2210 καὶ

1515 2229 1610 2283 τοὺς
1628 2228 1932 2294 αἰχμαλώτους
1949 2234 2009 2296 τῷ
2029 2234 2164 2296 βωμῷ
2182 2233 2526 2296 προσαγαγόντες
2540 2232 2807 2294 ἠνάγκασαν,

1514 2303 1570 2354 ὡς
1589 2304 1610 2348 ὁ
1628 2300 1777 2363 μάντις
1798 2301 2014 2360 ἐκέλευσε,
2031 2301 2109 2360 τὴν
2126 2303 2274 2350 θυσίαν
2293 2305 2632 2360 συντελεσθῆναι.
2652 2306 2804 2352 Ταῦτα

1520 2372 1596 2432 μὲν
1633 2365 1704 2419 οῧν
1744 2372 1850 2439 ἀνὴρ
1886 2373 2110 2439 φιλόσοφος
2134 2375 2207 2422 καὶ
2233 2374 2503 2440 γραμμάτων
2526 2379 2603 2423 οὐκ
2635 2375 2807 2442 ἄπειρος

1513 2446 1737 2508 ἱστορικῶν
1760 2444 1931 2500 Φανίας
1957 2449 1978 2493 ὃ
2002 2445 2184 2501 Λέσὸιος
2202 2447 2361 2512 εἴρηκε.

1510 2582 1616 2621 unde
1640 2584 1781 2623 nautas
1798 2585 2060 2634 sustentaret,
2079 2584 2294 2626 discessum
2315 2585 2502 2635 agitabat.
2522 2587 2672 2626 Contra
2698 2587 2806 2627 hunc

1516 2645 1689 2686 irritatos
1699 2646 1780 2695 J'am
1796 2650 1889 2686 ante
1907 2647 2059 2687 animos
2075 2648 2223 2687 civium
2235 2648 2519 2689 Themistocles
2537 2650 2660 2700 magis
2674 2650 2805 2691 adhuc

1515 2709 1751 2759 concitavit,
1788 2711 1843 2749 ita
1862 2712 1907 2750 ut
1942 2711 1978 2750 ei
2013 2721 2211 2751 concursu
2248 2713 2350 2751 facto
2385 2723 2540 2752 coenam
2574 2712 2801 2764 diriperent.

1519 2773 1705 2812 Architeli
1737 2773 1894 2824 indigne
1921 2774 1959 2814 id
1990 2775 2205 2825 animoque
2235 2786 2340 2826 aegro
2360 2776 2502 2816 ferenti
2521 2777 2807 2817 Themistocles

1513 2836 1554 2875 in
1586 2836 1684 2876 cista
1710 2837 1817 2876 misit
1835 2848 1980 2888 panem
2004 2839 2046 2878 et
2071 2848 2211 2879 carnes
2229 2838 2280 2878 ad
2307 2849 2463 2878 coenam
2478 2868 2490 2887 ,
2521 2839 2699 2889 subJecto
2728 2841 2804 2881 illis

1516 2899 1665 2949 argenti
1695 2900 1844 2941 talento
1863 2901 2130 2953 mandatoque
2142 2932 2153 2952 ,
2174 2904 2220 2941 ut
2238 2902 2320 2952 ipse
2335 2903 2511 2942 coenaret
2523 2933 2534 2952 ‚
2553 2904 2593 2942 et
2615 2904 2804 2954 postridie

1513 2963 1710 3002 sociorum
1727 2964 1930 3003 navalium
1952 2975 2091 3004 curam
2114 2965 2278 3005 haberet
2298 2983 2307 3005 :
2330 2965 2370 3004 ni
2391 2966 2537 3005 faceret
2550 2996 2560 3015 ,
2577 2965 2800 3006 delaturum

1512 3038 1554 3067 se
1569 3039 1661 3068 eum
1683 3028 1787 3079 apud
1807 3029 1936 3079 cives,
1953 3029 2064 3079 quasi
2084 3029 2293 3080 pecuniam
2311 3041 2399 3070 cam
2417 3030 2467 3070 ab
2491 3031 2669 3070 hostibus
2687 3043 2800 3071 acce-

1512 3093 1644 3143 pisset.
1668 3095 1764 3133 Haec
1779 3094 1954 3134 narratio
1970 3095 2130 3135 Phaniae
2146 3096 2205 3134 est
2229 3095 2369 3135 Lesbii.

2133 3165 2175 3204 8.

1565 3222 1622 3262 Ad
1635 3223 1939 3264 Themistoclem
1952 3226 2086 3264 autem
2099 3224 2214 3274 juxta
2229 3225 2452 3275 praetoriam
2465 3226 2665 3265 triremem
2682 3226 2801 3264 sacris

1512 3288 1764 3338 operantem,
1781 3289 1862 3328 tres
1880 3287 2041 3328 adducti
2057 3290 2151 3328 sunt
2163 3288 2308 3339 captivi
2321 3319 2334 3336 ,
2353 3289 2479 3328 torma
2497 3289 2774 3328 venustissima
2786 3319 2797 3335 ‚

1511 3350 1681 3390 vestium
1701 3352 1742 3390 et
1760 3351 1846 3390 auri
1861 3353 2003 3391 ornatu
2019 3351 2337 3402 splendidissimo
2360 3368 2369 3390 ε
2392 3351 2698 3402 serebanturque
2718 3353 2797 3390 nati

1511 3413 1690 3453 Sandaca
1709 3413 1810 3464 regis
1830 3425 1965 3454 sorore
1981 3415 2020 3454 et
2036 3415 2241 3465 Artaycto.
2274 3417 2383 3462 Quos
2404 3417 2449 3454 ut
2465 3414 2564 3453 vidit
2592 3415 2798 3464 Euphran-

1510 3476 1610 3516 tides
1639 3486 1831 3527 aruspex,
1855 3477 2055 3528 simulque
2086 3489 2254 3528 magnus
2277 3479 2318 3518 et
2351 3478 2482 3517 clarus
2509 3478 2606 3527 ignis
2635 3488 2658 3517 e
2679 3479 2813 3517 sacris.

1510 3542 1662 3592 eluxit,
1682 3545 1722 3583 et
1741 3544 2102 3584 sternutamentum
2125 3555 2150 3584 a
2165 3545 2306 3585 dextra
2321 3545 2476 3596 signum
2496 3544 2605 3583 dedit
2628 3560 2637 3583 ε
2659 3544 2796 3584 dextra

1509 3606 1764 3646 Themistocli
1780 3607 1923 3656 injecta
1936 3637 1947 3655 ,
1962 3608 2077 3657 jussit
2093 3619 2184 3648 eum
2202 3609 2316 3648 sactis
2334 3609 2489 3648 Baccho
2507 3609 2669 3658 ὠμηστῇ
2688 3608 2701 3651 (
2711 3610 2737 3646 ι’.
2758 3619 2792 3648 e.

1510 3671 1586 3720 qui
1607 3669 1757 3709 crudis
1786 3670 1990 3710 carnibus
2019 3672 2227 3721 vescitur)
2247 3672 2350 3711 votis
2363 3671 2528 3720 juvenes
2546 3671 2639 3709 istos
2658 3671 2793 3709 immo-

1509 3731 1590 3772 lare
1609 3746 1618 3771 :
1639 3732 1694 3773 ita
1709 3733 1814 3772 enim
1834 3735 1875 3773 et
1895 3733 2102 3773 victoriam
2119 3735 2267 3774 Graecis
2283 3737 2322 3774 et
2342 3735 2507 3773 salutem
2524 3733 2790 3771 constitutam.

1510 3795 1685 3834 Attonito
1714 3795 1980 3837 Themistocle
1999 3808 2048 3839 ac
2076 3807 2196 3847 grave
2230 3797 2271 3837 id
2304 3796 2532 3836 vaticinium
2562 3797 2599 3833 et
2623 3795 2791 3833 immane

1509 3857 1785 3908 existimante,
1813 3860 1968 3910 Graeci,
1991 3862 2036 3903 ut
2069 3861 2150 3900 sere
2182 3861 2222 3899 in
2253 3859 2418 3899 summis
2438 3857 2721 3896 certaminibus
2745 3868 2790 3895 ac

1508 3920 1625 3961 rebus
1663 3922 1839 3963 adversis
1875 3923 2041 3963 salutem
2076 3924 2198 3974 magis
2230 3923 2279 3962 ab
2307 3922 2507 3971 inopinato
2535 3919 2667 3968 aliquo
2698 3930 2805 3958 casn-,-

1507 3995 1626 4039 quam
1648 3989 1758 4027 certo
1779 3989 1942 4029 consilio
1959 3989 2137 4033 homines
2156 3990 2382 4038 exspectare
2393 3984 2533 4031 solent,
2555 3994 2634 4021 uno
2654 3994 2802 4023 omnes.

1506 4059 1575 4089 ore
1596 4050 1716 4089 deum
1754 4051 2067 4100 invocaverunt,
2099 4051 2358 4099 adductisque
2387 4047 2435 4086 ad
2464 4056 2571 4084 aram
2600 4045 2787 4095 captivis,

1507 4116 1718 4162 coegerunt
1747 4125 1858 4154 sacra
1891 4115 1967 4159 ita,
1987 4116 2044 4154 uti
2073 4117 2182 4154 vates
2204 4114 2392 4162 jusserat,
2428 4107 2657 4158 perpetrari.
2695 4110 2788 4148 llrrc

1507 4176 1674 4216 Phanias
1691 4177 1875 4227 Lesbius,
1902 4179 1963 4217 vir
1984 4178 2022 4216 in
2044 4175 2286 4227 philosophia
2303 4175 2340 4213 ct
2358 4171 2527 4212 historiis
2550 4170 2711 4211 minime
2727 4183 2787 4214 ru·

1506 4238 1565 4279 dis
1579 4269 1590 4289 ‚
1609 4242 1811 4280 memoriae
1831 4240 2015 4291 prodidit.
