3016 4628
425 327 943 387 PHARSALIORUM,
981 327 1442 386 BOTTIAEORUM,
1481 329 1992 381 CHALCIDENSIUM
2030 336 2449 388 RESPUBLlCAE.

2664 353 2751 393 153

114 435 288 491 ἐξέδωκε
307 437 576 499 μαστιγῶσαι
596 433 812 499 Εὐριπίδῃ
832 436 895 499 τῷ
911 438 1093 499 ποιητῇ·
1115 437 1137 481 ὃ
1158 437 1196 481 δ’
1223 436 1393 500 Ιίὐριπί-
1472 435 1623 483 ἔπειτα
1649 441 1724 495 τῆς
1741 438 1920 505 Θρᾴκης
1940 445 2088 489 τοῦτον
2117 444 2189 490 τὸν
2208 445 2335 493 τόπον
2358 452 2590 514 κατασχεῖν
2605 489 2617 510 ,
2641 456 2750 499 ἀνα-

30 513 33 531 “
113 509 187 566 δης
217 508 498 572 ἐχαλέπαινεν
523 506 712 560 εἰπόντος
741 524 784 552 τι
818 508 946 552 αὐτοῦ
982 509 1041 559 εἷς
1064 507 1297 555 δυσωδείαν
1321 512 1393 554 τοῦ

110 579 367 643 στόματος.]
386 582 451 627 Cf.
471 578 634 626 Suidas‘
655 595 699 626 v,
727 577 979 643 Εὐριπίδης.

671 663 827 727 [156.]

174 752 333 815 [Idem
352 751 532 808 Pohv,
559 753 612 808 ὅ,
637 767 692 797 10
721 767 733 796 τ
761 748 819 798 Ἡ
845 749 889 796 δὲ
919 750 1146 798 Φιλίππου
1171 770 1264 818 με.
1299 752 1391 799 ἐπί-

109 825 249 884 θεσις)
269 820 351 868 ὑπὸ
371 820 621 869 Παυσανίου
635 857 649 880 ,
675 820 746 868 διὰ
767 821 816 868 τὸ
835 823 962 869 ἐᾶσαι
986 823 1241 888 ὖὸρισθῆναι
1263 825 1391 872 αὐτὸν

63 917 65 919 ·
109 892 191 939 ὑπὸ
213 895 296 939 τῶν
328 892 428 955 περὶ
463 891 684 941 Ἄτταλον.
711 893 798 941 Καὶ
832 897 860 951 ἡ
899 894 1104 957 Ἀμύντου
1128 901 1200 944 τοῦ
1235 901 1411 962 μικροῦ.

107 963 189 1011 ὑπὸ
201 963 363 1028 Δέρδα,
378 963 448 1010 διὰ
467 963 515 1011 τὸ
532 963 837 1028 καυχήσασθαι
853 966 910 1019 εἷς
929 965 1005 1023 τὴν
1025 966 1196 1025 ἡλικίαν
1210 969 1357 1016 αὐτοῦ.
1373 969 1390 1031 ]

107 1039 160 1084 V.
187 1037 456 1085 Schneider.
479 1055 528 1099 p.
559 1039 671 1097 337.

559 1165 923 1220 ΒΟΤΤΙΑΙΩΝ.

692 1312 710 1340 1
721 1293 778 1353 57
788 1329 798 1340 .

170 1400 404 1447 Plutarch.
441 1402 639 1446 Theseus
671 1417 714 1446 c.
762 1401 844 1458 16,
887 1401 913 1446 3
955 1417 966 1446 ε
1005 1398 1298 1464 Ἀριστοτέλης
1341 1400 1386 1447 δὲ

100 1469 175 1517 καὶ
201 1470 326 1524 αὐτὸς
365 1473 408 1518 ἐν
439 1475 492 1536 τῇ
525 1471 764 1520 Βοττιαίων
798 1472 993 1537 πολιτείᾳ
1042 1473 1167 1530 δῆλός
1200 1475 1313 1519 ἐστιν
1336 1475 1384 1520 οὐ

101 1540 283 1603 νομίζων
330 1545 594 1608 ἀναιρεῖσθαι
646 1544 742 1600 τοὺς
783 1545 962 1599 παῖδας,
987 1544 1070 1592 ὑπὸ
1112 1549 1187 1592 τοῦ
1227 1545 1383 1603 Μίνω,

99 1613 210 1660 ἀλλὰ
245 1614 495 1672 θητεύοντας
531 1619 573 1664 ἐν
609 1621 661 1682 τῇ
700 1617 853 1683 Κρήτῃ
884 1617 1238 1683 καταγηράσκειν
1256 1637 1266 1647 ·
1307 1617 1382 1665 καί

97 1704 200 1732 ποτε
239 1688 413 1751 Κρῆτας
448 1687 576 1752 εὐχὴν
601 1688 793 1736 παλαιὰν
820 1690 1120 1748 ἀποδιδόντας,
1146 1689 1381 1756 ἀνθρώπων

98 1757 302 1822 ἀπαρχὴν
324 1763 382 1813 εἷς
417 1760 606 1826 Δελφοὺς
640 1761 920 1808 ἀποστέλλειν
935 1780 946 1791 ·
969 1768 1056 1815 τοῖς
1080 1761 1125 1808 δὲ
1145 1763 1381 1825 πεμπομέ-

95 1847 178 1883 νοις
206 1829 519 1895 ἀναμιχθέντας
550 1832 745 1895 ἐκγόνους
784 1833 956 1880 ἐκείνων
999 1832 1284 1887 συνεξελθεῖν·
1325 1837 1381 1888 ὡς

93 1899 139 1966 δὲ
176 1903 251 1949 οὐκ
279 1895 390 1960 ἦσαν
427 1903 567 1951 ἱκανοὶ
601 1903 768 1970 τρέφειν
793 1904 967 1959 ἑαυτοὺς
1007 1904 1177 1966 αὐτόθι,
1202 1909 1373 1971 πρῶτον

94 1971 171 2034 μὲν
191 1975 249 2028 εἷς
268 1974 458 2023 Ἰταλίαν
479 1977 764 2041 διαπερᾶσαι,
791 1981 921 2025 κάκεῖ
941 1981 1156 2025 κατοικεῖν
1175 1979 1275 2044 περὶ
1299 1979 1377 2037 τὴν

93 2043 344 2108 Ἰαπυγίαν*
368 2049 525 2096 ἐκεῖθεν
560 2047 605 2096 δὲ
644 2043 760 2103 αὐθις
790 2052 848 2103 εἷς
871 2048 1053 2116 Θρᾴκην
1089 2045 1376 2114 κομισθῆναι,

58 2130 64 2135 ·
90 2117 164 2164 καὶ
182 2119 392 2177 κληθῆναι
410 2120 654 2175 Βοττιαίους
668 2140 679 2151 ·
705 2121 769 2169 διὸ
788 2121 864 2176 τὰς
887 2122 1016 2188 κόρας
1034 2125 1118 2169 τῶν
1140 2124 1377 2170 Βοττιαίων

89 2183 238 2236 θυσίαν
257 2190 352 2238 τινὰ
368 2191 574 2247 τελούσας
598 2193 772 2259 ἐπᾴδειν
789 2230 802 2252 ,
830 2193 1021 2256 Ἴωμεν
1050 2197 1126 2249 εἷς
1143 2195 1188 2244 Ἀ
1200 2195 1291 2252 θήν
1303 2216 1328 2242 α
1342 2217 1374 2250 ς.

154 2264 284 2308 Idem
308 2266 398 2322 Qu.
433 2266 513 2313 Gr.
538 2282 587 2326 p.
621 2267 715 2328 298
731 2303 746 2328 ,
769 2269 806 2313 F
834 2284 844 2313 :
875 2288 895 2308 «
920 2266 978 2315 Τί
999 2266 1162 2324 δήποτε
1185 2271 1278 2321 ταῖς
1300 2269 1376 2315 κό-

89 2331 289 2395 ραιςτῶν
310 2333 547 2381 Βοττιαίων
565 2333 654 2390 ἔθος
673 2330 723 2394 ἦν
742 2335 882 2400 λέγειν
899 2337 1197 2402 χορευούσαις·
1210 2333 1373 2400 Ἴωμεν

75 2407 146 2458 ἐἷς
169 2404 369 2463 Ἀθήνας,
405 2426 424 2447 »
463 2408 638 2470 Κρῆτας
676 2408 806 2473 φασὶν
846 2409 1099 2470 εὐξαμένους
1138 2410 1373 2474 ἀνθρώπων

55 2472 72 2479 “’
87 2474 292 2541 ἀπαρχὴν
317 2479 375 2529 εἷς
393 2477 583 2542 Δελφοὺς
603 2481 880 2539 ἀποστεῖλαι,
899 2481 996 2535 τοὺς
1020 2479 1065 2527 δὲ
1081 2479 1373 2546 πεμφθέντας,

85 2548 144 2601 ὥς
167 2548 309 2613 ἑώρων
331 2549 532 2612 οὐδεμίαν
557 2543 688 2598 οὖσαν
713 2552 912 2616 εὐπορίαν
929 2590 943 2616 ,
965 2552 1138 2600 αὐτόθεν
1162 2556 1221 2607 εἷς
1244 2556 1371 2601 ἀποι·

45 2683 48 2687 .
85 2618 182 2667 κίαν
202 2624 412 2686 ὁρμῆσαι·
434 2622 508 2670 καὶ
527 2626 696 2688 πρῶτον
714 2624 793 2688 μὲν
813 2628 856 2673 ἐν
875 2626 1077 2692 Ἰαπυγίᾳ
1093 2631 1370 2691 κατοικῆσαι,

1470 509 1748 572 μεμιγμένων
1769 513 1912 565 αὐτοῖς
1938 511 2188 570 Ἀθηναίων.
2209 514 2357 565 Ἔοικε
2376 520 2457 583 γὰρ
2479 524 2538 582 μὴ
2564 525 2751 590 διαφθεί·

1470 600 1554 645 ρειν
1575 585 1597 628 ὃ
1620 582 1770 636 Μίνως
1801 582 1869 636 οὓς
1890 582 2086 646 ἔπεμπον
2110 586 2321 644 Ἀθηναῖοι
2346 596 2458 637 κατὰ
2491 594 2560 640 τὸν
2589 597 2754 658 δασμὸν

1466 652 1653 713 ἠϊθέους,
1687 653 1798 701 ἀλλὰ
1823 654 2021 719 κατέχειν
2053 659 2160 720 παρ’
2193 660 2334 724 ἑαυτῷ
2353 662 2649 727 λατρεύοντας.
2676 667 2753 722 Ἰξξ

1464 725 1638 773 ἐκείνων
1667 719 1740 774 οὐν
1774 726 1883 782 τινὲς
1905 727 2123 792 γεγονότες
2157 730 2231 776 καὶ
2263 733 2529 794 νομιζόμενοι
2557 739 2751 800 Κρῆτες,

1467 799 1526 851 εἷς
1550 798 1740 864 Δελφοὺς
1770 801 2177 859 συναπεστάλησαν.
2194 799 2330 851 ζὈθεν
2362 807 2406 850 αἱ
2428 807 2651 871 θυγατέρες
2670 814 2753 856 τῶν

1466 865 1702 911 Βοττιαίων
1730 865 2166 928 ἀπομνημονεύουσαι
2189 872 2263 914 τοῦ
2287 868 2454 932 γένους,
2471 865 2572 934 ᾖδον
2598 874 2639 918 ἐν
2664 876 2754 928 ταῖς

1465 937 1629 1001 ἑορταῖς
1643 956 1654 966 ·
1674 933 1833 999 Ἴωμεν
1853 939 1910 991 εἷς
1930 938 2124 1002 Ἀθήνας.

1531 1010 1600 1055 Cf.
1627 1010 1793 1056 Conon
1816 1013 1951 1055 Narr.
1982 1010 2067 1068 25,
2086 1012 2253 1057 Strabo
2274 1015 2383 1069 VII,
2406 1030 2455 1073 p.
2486 1031 2596 1075 279.
2622 1018 2753 1060 Μῶ-

1465 1081 1549 1125 ler.
1573 1084 1686 1127 Dor.
1710 1085 1758 1139 I,
1787 1089 1898 1136 242.
1922 1085 2058 1127 Plura
2082 1084 2214 1129 dabit
2237 1086 2406 1130 Hoeck.
2436 1088 2485 1130 in
2513 1089 2661 1133 Creta.
2684 1091 2753 1133 De

1463 1155 1764 1199 Bottiaeorum
1791 1157 1984 1217 regione
2015 1173 2060 1200 v,
2093 1158 2321 1203 Herodot.
2352 1161 2468 1214 VII,
2502 1161 2615 1216 123,
2644 1178 2753 1217 127,

1463 1236 1508 1270 et
1529 1243 1647 1286 quos
1669 1228 1734 1271 ibi
1760 1229 1919 1273 laudat
1940 1228 2112 1284 Baehr.,
2139 1232 2276 1286 VIII,
2310 1246 2422 1288 1273
2448 1233 2658 1291 Thucyd.
2682 1236 2751 1287 II,

1463 1314 1552 1358 99;
1584 1300 1788 1345 Diodor.
1815 1303 1930 1358 VII,
1963 1318 2015 1359 17
2043 1318 2056 1359 3
2079 1302 2204 1358 XII,
2234 1307 2312 1358 47.
2341 1303 2407 1348 Cf.
2434 1305 2592 1364 Steph.
2619 1305 2750 1351 Thes.

1460 1386 1505 1414 v,
1529 1369 1699 1418 Βοττία.

1903 1466 1919 1529 [
1935 1467 2316 1530 ΑΦΥΤΑΙΩΝ.]

2052 1573 2162 1618 158.

1527 1667 1738 1730 [Aristot.
1769 1671 1870 1714 Pol.
1891 1672 1979 1726 V-I,
2007 1685 2062 1726 2,
2090 1671 2118 1715 6
2145 1687 2156 1715 :
2184 1671 2275 1718 Νῦν
2298 1667 2342 1716 δὲ
2370 1669 2433 1716 δεῖ
2458 1670 2648 1734 διορθοῦν
2670 1673 2743 1719 καὶ

1455 1742 1517 1804 τῷ
1541 1739 1778 1804 Ἀφυταίων
1797 1741 1965 1802 (codd.
1990 1740 2237 1805 Ἀφυτάλων
2259 1753 2302 1788 et
2316 1741 2592 1806 Ἀφητάλων)
2610 1742 2742 1808 νόμῳ·

1455 1811 1560 1875 πρὸς
1575 1810 1658 1875 γὰρ
1683 1810 1705 1858 ὃ
1734 1812 1913 1877 λέγομεν
1936 1813 2029 1860 ἐστὶ
2048 1813 2287 1877 χρήσιμος·
2313 1815 2464 1861 ἐκεῖνοι
2483 1815 2565 1879 γὰρ
2589 1817 2744 1881 καίπερ

1454 1883 1772 1942 ὄντες-πολλοὶ,
1798 1883 2057 1948 κεκτημένοι
2082 1884 2126 1931 δὲ
2158 1889 2237 1948 γῆν
2259 1885 2429 1947 ὀλίγην,
2458 1885 2573 1947 ὅμως
2592 1887 2747 1940 πάντες

1453 1960 1713 2020 γεωργοῦσι·
1737 1960 1947 2019 τιμῶνται
1968 1956 2051 2021 γὰρ
2075 1959 2156 2022 οὐχ
2178 1957 2279 2011 ὅλας
2305 1957 2381 2011 τὰς
2405 1953 2575 2015 κτήσεις
2590 1997 2603 2022 ,
2633 1959 2746 2006 ἀλλὰ

1453 2028 1567 2076 κατὰ
1599 2030 1840 2087 τηλικαῦτα
1865 2029 1996 2094 μόρια
2021 2030 2308 2095 διαιροῦντες,
2345 2030 2448 2077 ὥστ’
2469 2030 2583 2095 ἔχειν
2616 2035 2744 2097 ὑπερ-

1455 2100 1630 2147 ὅοίλλειν
1647 2107 1740 2154 ταῖς
1761 2100 1965 2162 τιμήσεσι
1989 2102 2063 2148 καὶ
2087 2101 2183 2155 τοὺς
2203 2101 2436 2166 πένητας.]

1516 2178 1571 2221 V.
1607 2177 1828 2220 Kortfim.
1849 2177 1880 2222 l.
1909 2177 1941 2220 l.
1968 2192 2016 2235 p.
2046 2192 2124 2232 11,
2149 2178 2404 2224 Tittmann.
2429 2178 2463 2222 l.
2491 2178 2523 2220 l.
2550 2193 2599 2235 p.
2628 2176 2738 2237 379.

1451 2247 1520 2292 Cf.
1549 2247 1608 2291 de
1643 2247 1877 2306 Aphytaeis
1910 2247 1983 2309 (in
2006 2250 2198 2309 regione
2235 2248 2478 2311 Pellenea)
2505 2249 2740 2295 Heraclid.

1449 2320 1584 2364 Pont.
1607 2318 1666 2366 fr.
1695 2318 1772 2363 38.

1568 2422 1963 2484 [ΧΑΛΚΙΔΕΩΝ
1998 2424 2131 2473 ΤΩΝ
2166 2425 2279 2472 ΕΠΙ
2314 2426 2616 2494 ΘΡᾼΚΗΣ.]

2005 2523 2175 2586 [1594

1514 2629 1667 2693 [Idem
1691 2632 1755 2676 ib.
1778 2620 1931 2692 II‚*9‚
1965 2648 1994 2692 9
2023 2649 2034 2677 ε
2061 2630 2264 2693 Ἐγένετο
2287 2631 2332 2678 δὲ
2356 2631 2430 2679 καὶ
2453 2632 2741 2697 Ἀνδροδάμας

2473 2728 2578 2735 —

83 2761 338 2804 succensebat
353 2761 461 2812 quod
478 2762 544 2803 ille
558 2763 690 2803 nescio
705 2764 802 2814 quid
813 2765 863 2805 de
875 2776 943 2806 ore
958 2767 1043 2817 ejus
1057 2767 1228 2817 graviter
1241 2767 1374 2807 olente
1452 2767 1644 2817 primitias
1664 2768 1873 2808 hominum
1893 2770 2066 2820 Delphos
2082 2770 2288 2810 miserunt.
2306 2771 2411 2811 Missi
2422 2783 2547 2822 quum
2562 2773 2742 2814 viderent

46 2876 50 2878 Ἴ
81 2822 284 2875 dixissen]

651 2893 789 2947 [156.]

133 2956 336 3009 [Philippo
352 2970 376 2998 a
398 2961 588 3000 Pausania
606 2961 755 3001 idcirco
766 2962 827 3003 vis
843 2963 952 3003 illata
966 2965 1025 3004 est
1036 2995 1047 3014 ,
1066 2965 1160 3015 quia
1180 2977 1273 3005 eum
1293 2966 1369 3005 im-

81 3031 186 3071 pune
208 3023 447 3062 contumelia
466 3025 506 3064 et
520 3024 713 3066 dedecore
731 3026 836 3066 affici
852 3026 904 3066 ab
928 3029 1059 3067 Attalo
1082 3029 1248 3080 ejusque
1271 3030 1365 3069 ami·

80 3084 136 3125 cis
163 3096 301 3136 passus
325 3090 427 3128 esset
451 3105 461 3129 ε
481 3091 523 3129 et
538 3091 719 3141 Amyntae
736 3094 996 3142 cognomento
1016 3105 1140 3144 parvo
1160 3106 1184 3134 a
1210 3095 1341 3135 Derda
1355 3125 1367 3146 ,

74 3147 172 3198 quia
189 3150 229 3190 in
244 3151 329 3202 eJus
350 3151 580 3202 pudicitiam
602 3154 770 3204 gloriose
787 3156 936 3207 aliquid
951 3157 1212 3210 jactaverat]

489 3259 939 3314 BOTTIAEORUM.

667 3370 769 3412 157.

126 3458 214 3507 lpse
228 3468 387 3509 quoque
406 3461 637 3503 Aristoteles
656 3463 697 3503 in
714 3465 973 3507 BottIaeorum
997 3469 1198 3519 republica
1217 3470 1363 3510 fatetur

77 3516 156 3559 non
169 3521 350 3561 arbitrari
369 3533 411 3564 se
425 3534 449 3563 a
467 3527 594 3566 Minoe
610 3527 838 3569 interfectos
857 3530 975 3571 fuisse
993 3531 1154 3582 liberos,
1171 3533 1240 3573 sed
1256 3545 1362 3574 mer-

76 3583 270 3623 cenariam
291 3585 416 3627 vitam
429 3590 589 3638 agentes
601 3589 639 3629 in
657 3593 775 3631 Creta
790 3595 1041 3634 consenuisse
1059 3612 1068 3635 ε
1090 3606 1137 3635 ae
1154 3599 1363 3637 Cretenses

76 3643 285 3696 aliquando
315 3649 367 3688 ad
389 3653 528 3692 vetera
556 3655 815 3703 persolvenda
842 3659 938 3697 vota
974 3659 1182 3699 hominum
1209 3661 1360 3700 misisse

75 3706 266 3757 primitias
279 3712 472 3765 Delphos,
486 3717 608 3766 atque
627 3728 720 3757 cum
740 3719 802 3759 liis
816 3721 886 3770 qui
905 3722 1181 3772 mittebantur,
1199 3724 1359 3763 mistam

75 3769 232 3813 illorum
251 3775 547 3818 Atheniensium
577 3781 752 3822 sobolem
780 3794 859 3823 una
881 3777 1103 3834 emigrasse.
1133 3787 1211 3833 Qui
1234 3799 1357 3838 quum

31 3883 34 3885 ¹
76 3835 228 3878 victum
245 3840 318 3882 sibi
335 3853 515 3893 quaerere
539 3845 582 3886 in
603 3846 681 3887 illis
694 3848 793 3888 locis
810 3860 891 3889 non
910 3852 1112 3902 valerent,
1130 3853 1171 3893 in
1203 3854 1357 3893 ltaliam

46 3915 51 3923 ·
73 3899 332 3945 transmisisse
357 3907 556 3958 primum,
576 3911 696 3960 atque
711 3911 793 3952 illic
819 3913 931 3953 sedes
947 3915 1052 3954 circa
1068 3917 1266 3966 Iapygiam
1279 3918 1359 3957 col-

74 3961 220 4005 locasse
243 3982 254 4006 :
275 3966 367 4009 inde
391 3981 528 4012 rursus
545 3972 696 4013 delatos
713 3975 755 4014 in
781 3976 1013 4028 Thraciam,
1042 3981 1082 4018 et
1104 3979 1231 4019 dictos
1261 3982 1356 4020 Bot-

58 4024 187 4068 timos
209 4044 220 4068 ε
241 4035 484 4083 quapropter
501 4036 763 4078 Bottiaeorum
779 4039 952 4090 virgines
978 4042 1101 4082 sacris
1116 4043 1355 4093 quibusdam

73 4091 249 4133 minere
262 4096 441 4137 solebant
455 4114 464 4138 ε
486 4102 656 4140 Eamus·-
666 4101 866 4144 Athenas.

95 4161 98 4166 ·
125 4156 210 4194 Gur
227 4158 505 4202 Boteioeorum
522 4163 680 4212 puellis
695 4166 890 4214 messuit
907 4168 1080 4208 choreas
1098 4169 1353 4210 ducentibus

74 4213 210 4259 dicere
221 4232 235 4259 .-
251 4224 415 4264 Eamus
428 4225 640 4268 Athenas?
651 4229 873 4280 Cretenses,
887 4233 928 4270 ut
942 4232 1182 4283 perhibetur,
1196 4245 1244 4272 rx
1257 4236 1351 4290 voto

1446 2831 1600 2870 nullam
1628 2832 1683 2871 ibi
1702 2844 1838 2872 rerum
1859 2834 2012 2883 copiam
2029 2844 2137 2884 esse,
2168 2834 2260 2874 inde
2282 2834 2323 2873 in
2346 2835 2541 2874 coloniam
2571 2839 2739 2887 profecti

1445 2895 1620 2944 primum
1635 2895 1890 2935 incoluerunt
1906 2897 2119 2947 iapygiam,
2136 2899 2227 2948 post
2239 2898 2419 2938 Thraciae
2437 2899 2552 2938 istam
2565 2903 2738 2952 partem,

1430 2964 1536 3008 ‘quae
1555 2959 1816 2999 Bottiaeorum
1831 2959 1991 3010 dicitur,
2005 2961 2280 3011 obtinuerunt,
2298 2962 2507 3012 permixtis
2525 2965 2736 3004 Athenien-

1443 3022 1565 3062 sibus.
1594 3025 1767 3073 Apparet
1793 3024 1898 3063 enim
1925 3024 2215 3075 adolescentes,
2242 3026 2311 3075 qui
2331 3026 2471 3065 tributi
2503 3028 2663 3068 nomine
2687 3030 2737 3068 ab

1443 3086 1745 3126 Atheniensibus
1760 3088 2036 3137 mittebantur,
2053 3099 2076 3127 a
2097 3089 2229 3128 Minoe
2250 3100 2331 3128 non
2352 3090 2470 3129 fuisse
2492 3091 2735 3143 interfectos,

1441 3149 1511 3189 sed
1537 3161 1608 3200 pro
1627 3151 1750 3190 servis
1775 3150 1968 3190 detentos.
1999 3153 2151 3190 Horum
2170 3161 2262 3201 ergo
2287 3152 2409 3201 aliqui
2436 3153 2531 3192 sacti
2552 3156 2593 3193 et
2612 3155 2734 3194 habiti

1442 3216 1674 3263 Cretenses,
1701 3226 1782 3254 una
1809 3226 1901 3254 cum
1920 3215 2083 3265 reliquis
2111 3216 2286 3266 Delphos
2305 3216 2411 3255 missi
2441 3219 2568 3257 erant.
2595 3221 2735 3269 ltaque

1441 3279 1703 3319 Bottiaeorum
1720 3280 1813 3319 filiae
1824 3280 1950 3330 gentis
1972 3291 2055 3319 suae
2072 3282 2306 3320 memoriam
2327 3281 2594 3333 celebrantes,
2617 3285 2657 3323 in
2675 3286 2732 3324 se-

1439 3343 1680 3383 stivitatibus
1694 3343 1891 3383 canebant
1909 3359 1918 3382 :
1944 3346 2110 3384 Eamus
2126 3344 2325 3384 Athena-3.

1819 3434 2354 3499 [APHYTAEORUM.]

2003 3538 2143 3592 [iss]

1489 3626 1539 3677 [N
1542 3637 1620 3666 unc
1635 3627 1755 3667 etiam
1769 3631 1796 3667 A
1802 3628 2052 3678 phytaeorum
2068 3630 2152 3680 lege
2167 3630 2228 3670 uti
2243 3632 2284 3671 et
2303 3642 2423 3681 prava
2442 3631 2621 3671 instituta
2642 3644 2728 3671 ‹zor-

1437 3690 1562 3740 rigere
1579 3693 1736 3741 oportet
1756 3708 1765 3731 ε
1796 3694 1856 3732 est
1872 3693 1977 3732 enim
2000 3693 2052 3733 ad
2068 3693 2132 3744 id,
2156 3695 2265 3744 quod
2286 3695 2461 3745 agimus,
2479 3696 2598 3734 utilis.
2627 3700 2725 3736 Nam

1435 3767 1560 3805 quum
1585 3756 1643 3794 illi
1663 3758 1850 3806 angustos
1872 3757 1971 3797 fines
1990 3769 2063 3808 pro
2089 3759 2348 3798 multitudine
2370 3760 2576 3798 hominum
2600 3761 2724 3810 possi-

1434 3821 1576 3870 deant,
1604 3833 1742 3861 omnoe
1767 3823 1901 3862 tamen
1920 3825 2013 3863 sunt
2039 3824 2245 3875 agricolae3
2275 3836 2355 3863 non
2381 3825 2487 3863 enim
2514 3828 2724 3864 censentur

1433 3885 1654 3924 secundum
1666 3886 1770 3925 totas
1781 3886 2045 3936 possessiones
2054 3918 2066 3936 ,
2079 3888 2148 3927 sed
2156 3887 2303 3927 secund
2309 3899 2375 3925 um
2389 3889 2469 3926 tani
2483 3897 2623 3935 parvas
2635 3899 2721 3937 par·

1432 3949 1515 3998 tes,
1532 3951 1578 3988 ut
1593 3949 1743 3998 possint
1758 3950 1879 3989 etiam
1898 3961 2091 4000 pauperes
2105 3951 2287 3990 censibus
2314 3950 2354 3988 in
2370 3939 2466 3999 rep.
2496 3960 2693 3999 superare.
2708 3951 2724 4001 J

1564 4040 2111 4102 [CHALCIDENSIUM
2147 4043 2214 4089 IN
2249 4040 2579 4101 THRACIA.]

2006 4143 2144 4194 [159.]

1481 4234 1781 4286 [Androdamas
1814 4240 1950 4279 autem
1984 4238 2180 4287 Rheginos
2198 4236 2518 4278 Chalcidensibus
2541 4237 2716 4278 Thraciis
