3016 4628
246 294 269 331 4
283 292 338 330 35
1392 285 1835 334 MEGASTHENlS

1607 404 1732 445 men,
1749 389 2001 449 descriptio
2018 388 2210 433 alteram
2226 389 2373 449 magis
2383 388 2586 448 adjuvat.
2601 393 2742 451 Quod
2755 409 2899 454 qim-m
3003 384 3005 386 ῖ

1608 463 1674 506 ita
1697 462 1779 518 sit,
1810 477 1913 506 eam
1951 462 2227 505 sententiam
2256 462 2545 520 superiorem
2585 463 2720 511 facile
2749 468 2903 512 existi·

1606 535 1826 589 maveris,
1849 549 1951 592 quae
1976 533 2117 576 totius
2141 532 2494 592 descriptionis,
2521 550 2663 595 quam
2695 553 2798 597 quae
2819 554 2901 585 so·-
2940 533 2962 599 J.

1607 603 1695 649 lius
1730 606 1932 649 nominis
1962 613 2242 664 argumento
2265 606 2428 653 utitur.
2502 608 2595 653 Sed
2627 609 2670 654 ei
2687 607 2917 669 judicio,
2957 598 2964 609 ῖ

1608 677 1740 735 quod
1778 676 1988 721 defendit
2025 677 2305 734 Bohlenius,
2345 679 2637 738 ali-quantum
2672 683 2901 742 ponderis
2936 714 2951 734 2

1605 748 1759 807 affert,
1788 748 1920 807 quod
1957 757 2050 792 tam
2083 747 2272 794 definite
2294 751 2565 798 Brahmanis
2586 755 2904 816 Megasthenes
2946 761 2967 818 ᾗ,

1610 821 1850 865 Sarmanas
1891 821 2125 880 opposuit.
2204 823 2324 868 Nam
2363 825 2537 869 mirum
2582 841 2691 872 sane
2731 828 2896 888 fuerit,

1602 893 1871 936 Brahmanis
1917 902 2011 937 tam
2051 893 2268 940 distincte
2309 910 2390 940 eos
2434 899 2648 957 opponi,
2684 901 2767 960 qui
2810 901 2918 962 ἰΡω
3000 941 3011 967 Ξ

1601 965 1871 1010 Brahmanae
1894 974 2040 1012 erant.
2076 967 2135 1010 Et
2154 968 2348 1012 omnino
2361 984 2546 1028 ,quum
2564 980 2765 1030 constet,
2794 974 2899 1019 Me·
2935 967 2965 1014 s*
2999 969 3011 1036 ξ

1601 1037 1831 1096 gasthenis
1853 1046 2066 1097 tempore
2089 1040 2311 1084 exstitisse
2343 1041 2395 1084 in
2428 1042 2564 1087 India
2596 1043 2894 1091 Buddhaico·
2958 1043 2967 1103 Ξ
2998 1085 3009 1103 f

1599 1124 1707 1153 rum
1718 1120 1890 1155 sectam
1906 1111 2217 1157 aBrahmanis
2229 1112 2549 1172 dissidentem„
2561 1115 2732 1162 deinde
2748 1133 2894 1178 quum

1599 1182 1980 1228 animadverterit
1996 1184 2074 1228 ille
2095 1183 2352 1243 dissidium,-
2377 1187 2510 1246 quod
2532 1189 2655 1234 inter
2675 1190 2898 1237 Brahma-
2947 1238 2965 1250 ⁴,

1598 1270 1679 1299 nas
1716 1257 2003 1316 alter-amque
2037 1265 2209 1305 sectam
2241 1256 2407 1315 fuerit,
2446 1256 2710 1320 postremo,
2747 1277 2897 1323 quum
2937 1285 2945 1309 ·.
2996 1263 3005 1302 ἲ

1597 1327 1717 1372 hanc
1738 1329 1929 1374 alteram
1952 1329 2122 1374 eodem
2141 1330 2444 1390 appellaverit
2461 1333 2670 1390 nomine,
2693 1347 2790 1393 quo
2813 1349 2899 1380 so·
2931 1351 2941 1390 ,-’
2995 1385 3003 1392 ‚

1596 1400 1693 1444 lent
1710 1402 1971 1448 Buddhaici
1986 1404 2164 1460 vocari,
2186 1404 2262 1450 vix
2279 1404 2429 1449 ullum
2447 1409 2744 1452 verisimilius·
2757 1410 2895 1455 vide-
2932 1405 2959 1470 ’,ξ
2994 1449 3000 1469 2

1597 1482 1671 1517 ων
1690 1490 1827 1534 quam
1851 1477 2032 1520 eosdem
2051 1490 2148 1520 esse
2167 1476 2468 1522 Buddhaicos
2484 1478 2843 1541 Sarmanasque.
2931 1470 2934 1475 ῖ
2954 1469 2958 1490 ῖ
2993 1471 2999 1474 ‚

1664 1547 1801 1592 «Sed
1840 1548 2020 1593 accedit
2035 1549 2125 1593 alia
2160 1563 2295 1594 causa
2312 1559 2359 1594 et
2391 1552 2597 1611 gravior.
2637 1550 2756 1598 Nam
2791 1569 2893 1599 non
2934 1566 2940 1575 ·’
2992 1552 2997 1576 '²

1593 1620 1745 1664 solum
1779 1621 1946 1666 eodem
1974 1620 2122 1665 modo
2157 1631 2203 1666 et
2219 1637 2353 1681 paene
2385 1623 2553 1668 iisdem
2570 1625 2726 1670 verbis
2754 1626 2893 1682 etiam
2991 1615 2996 1636 ²

1593 1693 1856 1738 Samanaeos
1885 1702 2064 1739 veteres
2095 1695 2344 1755 scriptores
2365 1711 2609 1756 opponere
2623 1695 2910 1745 Brahmanis'

1591 1766 1755 1823 solent,
1778 1767 1860 1812 sed
1877 1768 2016 1812 etiam
2036 1768 2070 1811 ii
2096 1768 2189 1812 loci
2202 1802 2214 1824 ,
2237 1769 2407 1828 quibus
2428 1769 2711 1815 Bardesanes
2730 1771 2893 1818 Sama—

1589 1854 1716 1884 naeos
1748 1854 1784 1884 s.
1825 1838 2123 1884 Buddhaicos
2158 1839 2405 1899 describit,
2448 1857 2555 1887 cum
2594 1844 2892 1905 Megasthene
2947 1906 2949 1908 η

1588 1911 1706 1955 mire
1731 1919 2010 1971 congruunt.
2080 1913 2176 1957 Nec
2201 1921 2357 1958 tamen
2381 1913 2738 1975 affirmaverim,
2771 1916 2889 1964 Bai-2

1589 1983 1806 2029 dcsanem
1824 1984 1875 2028 in
1903 1984 1991 2028 hac
2014 1999 2066 2029 re
2084 1986 2398 2046 Megasthenis
2423 1987 2572 2032 solum
2598 1989 2788 2050 vestigia
2817 2005 2895 2036 se-

1590 2065 1750 2100 cutum
1766 2071 1860 2101 esse
1871 2092 1882 2113 ,
1899 2072 2055 2116 neque
2073 2057 2333 2117 quidquam
2352 2059 2584 2105 addidisse
2604 2059 2664 2105 de
2678 2074 2764 2106 suo
2778 2097 2792 2120 ,
2806 2062 2890 2108 sed

1589 2129 1682 2174 hoc
1725 2136 1852 2174 certe
1886 2131 2032 2174 ausim
2055 2129 2366 2188 contendere,
2396 2132 2713 2178 Bardesanem
2731 2136 2782 2178 in
2797 2135 2864 2181 Sa
2879 2161 2891 2170 ·
2923 2156 2929 2165 ·-
2983 2138 2986 2139 ⁷

1588 2207 1784 2247 manceis
1802 2203 2112 2252 describendis
2129 2193 2490 2262 Megas-cheriem
2506 2209 2761 2266 respexisse
2777 2217 2826 2252 et
2837 2211 2915 2253 ia
2915 2251 2933 2294 3

1585 2275 1789 2333 quadam
1820 2284 1974 2334 parte
2000 2290 2097 2319 esse
2128 2285 2346 2322 secutum.
2375 2277 2519 2334 Quod
2548 2287 2603 2323 ut
2639 2288 2899 2341 appareat,
2907 2279 2942 2394 ἐξ
2980 2326 2984 2327 ,

1581 2346 1854 2392 Bardesam's
1885 2355 1932 2392 et
1963 2347 2271 2409 Megasthenis
2293 2349 2380 2393 hos
2401 2350 2532 2395 locos
2562 2365 2890 2430 componunt
2935 2360 2937 2362 ’

247 399 335 444 tur,
364 391 423 433 ita
440 398 491 432 ut
510 390 750 434 Sarmanas
765 391 887 434 solus
903 390 1247 451 Megasthene-5,
1274 390 1532 434 Samanaeos

245 465 289 504 A
294 463 516 506 lexandcr
524 462 788 520 Polyhistor
798 471 843 507 et
857 465 1147 507 Bardesanes
1157 462 1529 506 memoraverint.

245 534 368 592 Quid
391 536 531 594 igitur
555 536 604 578 in
637 550 693 579 eo
717 544 784 579 est
816 536 1009 590 mirum,
1036 535 1167 594 quod
1192 534 1528 594 Megasthenes,

242 608 276 649 si
300 606 597 651 Buddhaicos
631 606 890 668 significare
915 609 1141 662 voluerit,
1176 607 1391 651 sanserita
1414 620 1531 649 voce

242 676 479 736 craman'cz
519 696 627 724 usus
670 689 735 724 cst
750 714 762 735 ,
810 690 970 740 postea
1015 695 1127 723 vero
1166 678 1444 722 Bardesanes
1486 686 1531 721 et

239 752 506 796 Alexander
530 753 793 812 Polyhistor
815 753 965 811 palica
995 766 1110 795 voce
1131 764 1400 804 sammana,
1428 763 1529 807 quae

241 840 346 867 cum
385 825 543 885 lingua
572 826 722 884 palica
745 835 904 884 postea
931 826 978 867 in
1001 839 1132 868 usum
1159 821 1379 866 venerat?
1403 819 1528 878 Quid

238 898 409 940 mirum
430 898 478 940 in
502 913 584 953 eo,
607 897 735 956 quod
757 899 1026 955 scriptores,
1048 895 1129 953 qui
1153 894 1241 936 illis
1261 891 1528 936 auctoribus

237 969 306 1010 usi
345 969 587 1012 Sarmanas
616 969 689 1012 vel
724 970 979 1013 Samanaeos
1013 973 1298 1020 memorant,
1335 978 1524 1008 nomina

237 1055 333 1082 non
359 1041 769 1098 permutaverunt?
792 1040 931 1097 Quod
957 1040 993 1082 si
1027 1038 1263 1092 fecissent,
1302 1051 1448 1094 quum
1476 1037 1526 1078 in

237 1127 288 1155 re
314 1122 406 1156 tam
427 1114 680 1172 longinqua
706 1121 750 1156 et
776 1112 1011 1171 incognita
1043 1109 1229 1153 nonnisi
1248 1107 1308 1152 ad
1326 1108 1524 1151 verbum

236 1185 341 1228 illos
378 1186 638 1229 exscribere
661 1194 869 1244 possent,
900 1184 1043 1243 magis
1072 1183 1243 1225 mirum
1263 1180 1413 1227 videri
1435 1196 1523 1240 po-

237 1266 365 1302 terat.

302 1360 317 1375 «
340 1338 545 1381 Alterum
569 1336 818 1380 Bohlenius
833 1341 1152 1394 argumentum
1174 1333 1326 1378 attulit
1343 1346 1520 1376 conve-

235 1411 452 1453 nientiam
479 1425 685 1462 morum,
727 1409 806 1466 qui
845 1408 893 1450 in
931 1407 1158 1450 Sarmanis
1193 1414 1239 1449 et
1272 1405 1517 1450 Samanaeis

233 1483 461 1524 simillime
518 1482 850 1525 describantur.
910 1479 1146 1523 Lassenius
1191 1486 1379 1533 contra,
1428 1478 1519 1523 hoc

234 1555 496 1612 exemplum
530 1555 826 1612 impugnans,
865 1551 1002 1595 docte
1038 1551 1279 1609 exposuit,
1317 1551 1518 1596 multum

231 1626 446 1668 interesse
484 1627 602 1668 inter
638 1626 960 1668 Sarmanarum
993 1623 1136 1666 vitam
1173 1631 1219 1666 et
1252 1623 1517 1669 samanaeo-

230 1713 351 1752 rum,
369 1699 513 1755 qualis
530 1707 723 1755 utraque
740 1711 765 1740 a
780 1696 1012 1740 veteribus
1026 1694 1331 1751 describatur,
1347 1711 1517 1756 easque

228 1783 321 1823 res,
351 1785 452 1829 quae
473 1771 679 1828 utrisque
714 1783 980 1812 communes
1011 1776 1349 1825 memorentur,
1379 1784 1515 1813 com-

227 1856 388 1885 munes
420 1858 511 1886 esse
545 1843 753 1886 omnium
783 1849 1008 1885 sectarum
1032 1840 1303 1887 Indicarum
1333 1844 1513 1890 ascetis.

225 1914 365 1970 Quod
389 1924 730 1974 argumentum,
764 1915 843 1957 etsi
870 1913 1187 1973 gravissimum
1211 1922 1301 1970 est,
1326 1929 1425 1960 non
1451 1916 1518 1961 ita

223 1987 358 2028 solvit
383 1988 704 2044 quaestionem,
732 1996 785 2030 ut
807 1986 864 2030 de
889 1986 976 2030 hac
994 2001 1046 2031 re
1070 1985 1275 2033 dubitari
1296 2002 1396 2034 non
1414 2001 1516 2032 amu

220 2059 341 2114 plius
367 2061 521 2117 possit.
590 2060 705 2103 Nam
737 2058 860 2102 haud
895 2057 1207 2105 omittendum
1242 2067 1332 2115 est,
1357 2075 1515 2119 neque·

219 2132 542 2175 Sarmanarum
580 2131 938 2191 descripti-onem
973 2145 1127 2190 neque
1165 2131 1510 2178 Samanaeorum

219 2205 443 2263 integram
472 2219 726 2264 superesse,
753 2212 967 2263 totasque
1002 2205 1160 2265 igitur,
1189 2219 1388 2263 quarum
1410 2207 1513 2250 sin-

218 2277 332 2335 gulae
354 2285 509 2335 partes
525 2293 648 2321 nunc
672 2278 792 2320 inter
814 2293 860 2321 se
884 2277 1149 2341 discrepare
1173 2277 1409 2334 videntur,
1441 2278 1505 2324 fa-

218 2350 385 2394 cillime
408 2353 607 2410 potuisse
632 2352 914 2400 consentire·->

283 2450 299 2467 «
324 2430 573 2474 Contendit
591 2430 760 2474 deinde
783 2432 1048 2494 Lassenius,
1065 2433 1171 2477 satis
1197 2446 1425 2492 apparere
1441 2448 1503 2479 -ex

217 2501 285 2546 his
306 2503 483 2559 verbis,
511 2520 611 2562 quae
636 2505 763 2564 apud
787 2505 1072 2551 Clementem
1095 2507 1132 2554 1.,
1163 2507 1201 2555 1.,
1226 2506 1466 2552 adduntur
1489 2526 1503 2557 ι,

1581 2474 1875 2527 Bardesamap.
1889 2475 2052 2518 niem.
2066 2475 2208 2520 AdJo·
2261 2477 2452 2528 Megasth.
2490 2488 2556 2529 ap.
2584 2478 2715 2521 strah.
2747 2478 2889 2534 (etap.
2900 2395 2935 2528 ῖῖ,

214 2573 295 2620 εἰσὶ
321 2573 364 2619 δὲ
388 2577 471 2620 τῶν
501 2574 646 2621 Ἰνδῶν
668 2577 706 2622 οἷ
727 2578 814 2630 τοῖς
838 2575 939 2623 Βού
952 2596 976 2623 τ
989 2596 1051 2623 τα
1065 2575 1308 2639 πειθόμενοι
1330 2596 1502 2642 παραγ,
1578 2534 1878 2643 Βέὶὲρέιῗφῑιέερ,
1896 2536 2200 2646 ἳέξρὶἕὲζὲῃῑο·
2253 2535 2683 2648 ufilssffsgssgssczww
2718 2600 2901 2639 ποιεῖται
2900 2565 2939 2674 i?

222 2645 431 2707 γέλμασιν
453 2658 541 2694 ete.
553 2683 566 2707 ,
586 2650 828 2695 Sarmanas
846 2651 958 2694 alios
974 2665 1068 2695 esse
1089 2659 1232 2710 atq-ue
1245 2651 1503 2699 Samanaeos
1628 2661 1750 2701 mus»
2299 2667 2348 2693 πε
2350 2654 2384 2705 Ρὶ
2403 2657 2480 2693 τῶν
2496 2654 2731 2707 φιλοσόφων,
2926 2664 2929 2666 ῖ

213 2736 248 2763 s.
275 2721 583 2767 Buddhaicos.
606 2724 843 2767 Lassenius
864 2724 1006 2783 igitur
1024 2725 1141 2768 sicut
1160 2724 1502 2772 Colebrookius
1578 2709 1626 2749 m
1634 2708 1718 2749 ἀπο
1731 2709 1809 2760 ‘1⁰9
1811 2713 1932 2778 mat?
1943 2709 2063 2809 amad.
2071 2713 2095 2751 Ῑ
2097 2710 2200 2779 ,ηιῗοε
2252 2711 2320 2752 δυο
2335 2712 2425 2764 γένη
2444 2711 2620 2763 φάσκωῆ

215 2797 294 2835 As.
318 2796 420 2840 Res.
445 2795 537 2850 IX,
549 2810 601 2853 p.
622 2811 733 2855 299,
751 2796 801 2839 in
814 2796 940 2843 hunc
955 2797 1151 2841 modum
1167 2798 1325 2842 locum
1339 2799 1498 2845 lauda·
1577 2769 2200 2878 ᾳηῗὲΐῶοὲῗῗςξῖῃιῗεαέἕῇἵί
2245 2826 2301 2867 ὧν
2343 2827 2431 2873 τοὺς
2475 2827 2543 2878 μὲν
2586 2829 2682 2880 139oe
2693 2832 2820 2880 χμᾶν
2830 2842 2883 2876 ²6

217 2876 310 2908 tum
328 2867 652 2924 interpretatus
661 2876 747 2911 est:
767 2869 882 2912 Sunt
902 2870 983 2927 qui
996 2870 1117 2914 inter
1129 2869 1274 2914 Indos
1290 2870 1499 2918 Buddhae
1627 2885 1695 2923 Br
1704 2894 1732 2923 a
1743 2896 1768 2935 9
1778 2895 1821 2924 m
1830 2895 1859 2925 a
1874 2895 1900 2925 n
1911 2896 1939 2926 a
1951 2895 1988 2930 s,
2300 2885 2432 2934 καλεῖ,

215 2947 442 2996 praecepta
465 2947 714 2996 sequantur
738 2956 772 2986 S.
809 2942 1023 2986 nonnulli
1046 2943 1176 2987 inter>
1192 2942 1391 2991 Indos...
1428 2960 1498 2990 se·
1574 2941 1762 2982 alterum
1777 2945 1892 2986 sam
1903 2954 1968 2984 an
1979 2934 2103 2986 &⁰⁸
2086 2957 2103 2992 ἱ
2242 2943 2330 2988 τοὺς
2347 2943 2390 2983 δὲ
2408 2942 2688 2995 Σαρμαναςῖν

1573 3002 1648 3051 qui
1659 3003 1795 3041 tantoe
1803 3003 2079 3042 continentiae
2088 3003 2194 3046 sint,

831 3014 840 3023 ⁴
1245 3015 1258 3032 ³
1290 3013 1301 3032 ἲ
1373 3017 1394 3034 0

216 3020 439 3069 quantur·
509 3012 668 3070 Neque
686 3028 844 3073 negan
865 3022 1042 3072 pOteSt'
1060 3016 1204 3060 verba
1224 3033 1328 3061 εῖσιν
1349 3034 1388 3062 m
1408 3035 1496 3064 Tm*
1571 3061 1623 3100 ‘ut
1630 3059 1699 3099 vel
1703 3062 1839 3110 poma-s
1848 3059 2191 3110 arborumjuxta
2244 3058 2332 3110 (καὶ
2349 3059 2877 3113 ἀκρόδρυασιτοῦνταιῦὶθηι.

214 3080 380 3141 ῡόμενοι
402 3085 461 3126 ita
476 3099 608 3141 posse
630 3086 863 3144 explicari,
885 3095 938 3131 ut
958 3103 1074 3143 eam,
1098 3104 1238 3148 quam
1258 3091 1502 3140 Lassemius

2339 3118 2366 3156 l.

212 3155 330 3209 vult,
358 3157 626 3199 sententiam
646 3157 869 3214 habeant,
898 3162 1103 3216 quamvis
1124 3177 1290 3208 vocem
1311 3159 1385 3207 καὶ
1413 3163 1496 3208 ad·
1571 3117 2049 3227 υθῗῶἶῖῖεᾟῖξῖῗοξῖἶῗιω
2069 3175 2190 3216 alan·
2246 3121 2357 3228 ὀρύέῃ
2378 3119 2458 3216 >mi
2493 3176 2662 3228 ἀλφίτοις
2698 3175 2876 3227 τρεφομέ·

213 3226 376 3280 ditam,
401 3235 445 3270 et
468 3242 603 3270 voces
624 3226 726 3272 εἰσὶν
744 3230 780 3274 οἳ
804 3246 901 3273 non
917 3231 1145 3289 sejunctas
1163 3249 1220 3277 ex
1243 3248 1330 3277 usu
1348 3234 1495 3280 Graeci
1623 3237 1697 3274 tur
1716 3235 1836 3280 cibo,·
2297 3249 2399 3280 vous·

1570 3295 1611 3333 et
1621 3304 1755 3344 quum
1770 3303 1849 3333 rex
1864 3292 1924 3333 ad
1938 3303 2003 3333 eos
2011 3294 2189 3338 venerit,
2245 3297 2325 3339 τοῖς
2344 3294 2384 3333 δὲ
2413 3294 2613 3346 βασιλεῦσι
2642 3295 2809 3332 συνεῖναι
2831 3284 2880 3330 δι’

1569 3351 1757 3392 adorare
1793 3352 1890 3392 illos
1930 3352 2084 3392 solitus
2119 3353 2189 3400 sit,
2292 3353 2464 3400 ἀγγέλων
2480 3349 2775 3401 πυνθανομένοις
2789 3349 2873 3400 περὶ

1564 3420 1800 3462 pacemque
1830 3420 1925 3450 suae
1956 3412 2193 3461 provinciae
2297 3414 2374 3450 τῶν
2391 3409 2540 3458 αἰτίων,
2561 3408 2627 3448 καὶ
2647 3407 2696 3447 δι’
2721 3405 2876 3448 ἐκείνων

1569 3471 1616 3508 in
1650 3469 1830 3510 illorum
1854 3467 2051 3519 precibus
2079 3468 2190 3508 arbi·
2295 3467 2543 3520 θεραπεύουσι
2558 3466 2624 3506 καὶ
2639 3464 2876 3522 λιτανεύουοι

1619 3529 1733 3567 irari
1755 3529 1908 3566 sitam.
2295 3526 2340 3566 τὸ
2364 3527 2475 3566 θεῖον.

1643 3586 1803 3625 Plenius
1818 3585 1921 3624 hanc
1937 3585 2088 3635 partem
2096 3586 2194 3624 'Por-

211 3300 438 3342 sermonis
455 3310 705 3358 exspectes„
773 3303 862 3347 Sed
883 3305 1055 3350 etiamsi
1074 3305 1170 3349 haec
1192 3307 1414 3364 omiseris,
1435 3308 1495 3353 ad

212 3371 622 3415 demonstrandum
660 3375 774 3417 nihil
821 3378 1012 3420 omnino
1058 3377 1136 3421 ille
1176 3379 1306 3423 locus
1345 3380 1490 3437 valet,

210 3459 351 3501 quern
384 3460 479 3487 non
517 3447 666 3490 minus
690 3448 797 3491 licet
830 3450 878 3491 in
900 3450 1019 3492 hanc
1047 3452 1321 3496 sententiam
1348 3453 1491 3497 inter-

209 3519 380 3573 pretari
426 3533 435 3559 :
463 3518 578 3561 Sunt
612 3534 721 3562 vero
751 3518 875 3578 (scil.
921 3523 1178 3578 Sarmanae,
1226 3523 1492 3583 dequibus

208 3589 352 3631 modo
378 3589 525 3646 dixit)
549 3591 576 3632 ii
608 3593 685 3648 qui
711 3593 916 3636 Buddhae
954 3604 1184 3654 praecepta
1215 3606 1487 3654 sequuntur.

207 3661 611 3718 Quemadmodum
634 3665 669 3706 si
694 3665 828 3708 istum
850 3667 1005 3710 locum
1030 3669 1350 3727 explicaveris,
1379 3686 1489 3721 con-

210 3736 402 3777 trarium
427 3750 480 3778 ex
526 3750 582 3778 eo
609 3751 831 3794 apparere
858 3739 1014 3794 vides,
1053 3755 1192 3798 quam
1217 3742 1348 3800 quod
1376 3745 1487 3788 Las-

207 3807 357 3849 senius
389 3806 530 3861 dixit,
564 3816 609 3850 et
633 3808 836 3864 ostendi,
861 3810 1154 3856 Buddhaicos
1184 3828 1276 3858 esse
1299 3815 1484 3860 Sarma-

207 3894 298 3924 nas.
372 3880 456 3923 vix
494 3889 646 3923 autem
684 3881 803 3924 ullus
835 3882 1117 3927 Clementem
1153 3900 1207 3929 ex
1239 3902 1318 3932 sua
1350 3889 1489 3948 ipsius

204 3951 392 3995 scientia
414 3951 555 3995 verba
580 3952 660 3995 ista
686 3951 914 3997 addidisse
937 3956 1257 4013 suspicabitur.

1615 3641 1780 3692 phyrius
1793 3640 1956 3681 tradidit
1975 3656 1986 3681 z

1552 3700 1750 3752 Ἀγὺναιοι
1770 3700 1802 3739 δ’
1822 3700 1896 3739 εἰσὶ
1916 3698 2055 3744 πάντες
2247 3697 2316 3752 (οὗ
2355 3696 2480 3748 γάμον
2507 3697 2594 3737 οὐδὲ
2629 3694 2877 3739 παιδοποιίαν

2301 3755 2446 3795 ἴσασιν.
2467 3755 2613 3806 Clem.)

1563 3817 1629 3855 καὶ
1639 3816 1849 3868 ἀκτήμονες
1856 3816 1920 3855 καὶ
1933 3817 2117 3854 τοσοῦτον
2130 3814 2192 3854 αὗ·

1613 3878 1690 3914 τῶν
1701 3887 1743 3914 τε
1757 3875 1823 3913 καὶ
1838 3878 1915 3913 τῶν
1933 3874 2187 3925 Βραχμανῶν·
2556 3915 2570 3920 “

1532 3970 1536 3981 ,
1564 3931 1679 3977 σέὸας
1706 3932 1862 3983 ἔχουσιν
1885 3932 1921 3970 οἱ
1941 3930 2062 3980 ἄλλοι,
2088 3930 2190 3968 ὥστε
2241 3933 2319 3975 τοῖς
2329 3929 2368 3969 δὲ
2386 3929 2585 3980 βασιλεῦσι
2599 3931 2781 3977 συνεῖναι,
2807 3956 2809 3958 -
2843 3943 2851 3958 ⁵

1613 3991 1679 4029 καὶ
1695 3990 1760 4039 stov
1775 3988 1937 4040 βασιλέα
1951 3988 2189 4038 ἀφικνεῖσθαι

1614 4047 1703 4099 παρ’
1726 4047 1877 4096 αὐτοὺς,
1906 4046 1973 4085 καὶ
2005 4045 2184 4085 ἱκετεύειν

1615 4104 1794 4150 εὔξασθαί
1820 4117 1854 4142 τι
1871 4131 1884 4152 ,
1912 4102 1979 4142 καὶ
2007 4103 2184 4150 δεηθῆναι

284 4030 367 4071 «8ὶ
405 4030 609 4073 breviter
627 4037 771 4074 totam
792 4032 1089 4089 quaestionem
1115 4036 1484 4095 complectimur,
1532 4040 1535 4060 ³

204 4053 377 4144 omissis
410 4101 519 4157 illis,
541 4118 670 4160 quae,
709 4117 853 4161 quum
888 4102 1028 4147 dubia
1052 4113 1098 4147 et
1130 4105 1343 4165 ambigua
1372 4110 1484 4165 sint,
1617 4165 1636 4203 b
1668 4164 1684 4201 ὲ
1914 4162 1936 4200 >
1965 4160 2087 4212 μὸανό
2109 4174 2185 4200 των

1639 4177 1665 4202 π
1687 4176 1707 4213 ρ
1722 4166 1798 4201 τῶν
1813 4174 1914 4201 κατα
1937 4175 1962 4200 α
2088 4175 2107 4199 ν

206 4174 353 4216 neutri
394 4175 514 4232 parti
552 4184 675 4218 certa
710 4183 979 4234 argumenta
1015 4190 1107 4221 esse
1143 4188 1354 4236 possunt,
1395 4197 1486 4226 una
1534 4199 1535 4202 ¹
1613 4215 1680 4260 τὴν
1721 4227 1753 4252 ω
1778 4226 1823 4252 αν
1858 4213 1883 4259 ἢ
1899 4212 2182 4263 συμὸουλεῦσαι

205 4245 386 4302 utrique
422 4247 629 4303 opinioni
660 4255 795 4291 restat
830 4263 959 4291 rausa
989 4262 997 4293 :
1033 4249 1218 4295 alteram
1254 4253 1374 4295 enirn
1401 4269 1487 4296 no-
1611 4272 1655 4311 τὸ
1676 4213 1872 4321 πξαετέζν
