3016 4628
303 273 360 318 78
1434 272 1798 324 CRATIPPUS.

354 402 448 451 Κᾶν
482 400 703 460 ἀληθεύειν
744 400 895 467 νομίζῃ
933 401 1189 466 Κράτιππος
1229 401 1383 466 αὐτόν]
1424 406 1583 463 Zopy—

291 494 392 522 rum
416 478 638 539 Cratippo
658 476 949 537 Thucydidis
968 478 1133 536 aequali
1150 478 1459 536 antiquiorem
1484 491 1582 519 non

287 552 525 607 novimus3
550 551 695 595 immo
729 551 968 595 hominem
1003 551 1189 594 serioris
1225 551 1366 594 aetatis
1388 550 1580 593 histori—

288 640 392 669 cum
416 624 490 668 vel
513 623 865 684 grammaticum
886 637 1003 678 esse,
1027 624 1266 667 Demetrio
1291 622 1514 666 Phalereo
1533 629 1578 664 et

289 697 572 742 Philochoro
591 694 852 755 juniorem,
879 711 935 741 ex
956 697 1010 740 iis
1033 711 1135 755 quae
1158 695 1450 740 Marcellinus
1472 708 1582 737 nar-

289 778 387 826 rat,
426 770 622 830 quisque
661 769 892 829 intelligit.
940 772 1034 814 Aut
1075 769 1218 828 igitur
1241 768 1488 826 Dionysius
1522 767 1580 811 de

289 852 419 888 aetate
458 842 664 902 Cratippi
698 843 892 896 erravit,
947 850 1026 885 aut
1067 841 1359 885 Marcellinus
1394 841 1576 900 ineptit.

291 918 394 961 Hoc
412 916 579 960 volunt
600 915 818 975 plurimi3
843 914 977 958 fuisse
1012 915 1060 958 in
1083 913 1285 973 Didymo
1307 912 1468 958 dicunt
1492 914 1580 957 tale

290 988 406 1049 quid
440 1004 454 1034 t
492 1003 754 1049 quanquam
781 987 1047 1047 Cratippum
1077 987 1282 1046 Zopyrus
1305 995 1457 1029 testem
1494 986 1576 1029 ad-

288 1062 434 1117 ducit,
491 1061 566 1106 vel
614 1076 873 1121 quanquam
919 1060 1078 1103 eadem
1121 1059 1275 1102 retulit
1317 1057 1574 1118 Cratippus.

290 1136 488 1179 Meierus
509 1133 592 1197 (De
612 1133 845 1178 Andocid.
869 1133 949 1178 Or.
971 1147 1013 1175 c.
1039 1131 1191 1175 Alcib.
1220 1129 1273 1186 6,
1302 1129 1447 1190 13,p.
1473 1129 1573 1189 62.)

291 1222 379 1267 pro
404 1204 659 1269 Κράτιππος
684 1206 824 1251 scribi
843 1205 943 1249 vult
964 1201 1235 1266 Ἕρμιππος.
1266 1204 1363 1263 Ego
1394 1217 1578 1247 memor

290 1296 477 1337 eorum,
498 1295 599 1339 quae
617 1295 754 1339 supra
771 1279 828 1323 de
852 1277 1057 1337 Cratippi
1076 1278 1262 1337 ingenio
1282 1276 1496 1332 vidimus,
1515 1292 1576 1321 ne

290 1355 535 1412 Dionysius
561 1352 619 1397 de
641 1351 927 1411 temporibus
950 1350 1159 1410 Cratippi
1200 1350 1398 1409 turpiter
1423 1349 1575 1409 lapsus

289 1426 346 1469 sit
369 1426 683 1484 maximopere
702 1439 882 1470 vereor.
903 1422 1112 1469 Offendit
1122 1437 1268 1482 porro
1294 1420 1426 1480 quod
1447 1423 1573 1466 Mar-

290 1498 481 1542 cellinus
517 1512 779 1556 quanquam
816 1512 870 1540 ex
901 1495 1166 1548 auctoribus
1198 1495 1371 1550 hausit,
1405 1494 1574 1554 quibus

289 1578 428 1613 notus
449 1578 546 1614 erat
568 1570 832 1628 Cratippus,
858 1576 1011 1611 tamen
1031 1566 1126 1625 ejus
1145 1582 1242 1610 non
1261 1566 1473 1610 meminit
1495 1566 1572 1610 in-'

290 1651 361 1686 ter
379 1658 458 1687 eos
473 1677 485 1697 ,
505 1643 584 1703 qui
607 1640 923 1701 Thucydideas
942 1641 1151 1685 historIas
1172 1640 1565 1684 continuaverint.

288 1715 450 1774 Neque
464 1716 706 1774 Dionysius
726 1715 992 1772 Cratippum
1008 1710 1062 1757 τὰ
1089 1708 1437 1776 παραλειφθέντα
1462 1711 1571 1759 Θου-

289 1788 458 1835 κυδίδου
485 1792 735 1848 συναγαγεῖν
772 1787 977 1840 dixisset,
1004 1787 1040 1829 si
1067 1785 1124 1830 ab
1146 1800 1201 1829 eo
1225 1786 1466 1830 historiam
1487 1802 1571 1831 us-

289 1878 381 1921 que
403 1863 461 1907 ad
486 1863 699 1922 proelium
722 1859 935 1904 Cnidium
961 1858 1208 1902 deductam
1232 1874 1326 1902 esse
1349 1859 1567 1903 novisset.

287 1934 413 1993 Quid
449 1936 586 1994 igitur
618 1931 879 1977 faciendum
916 1931 1021 1975 loco
1053 1930 1320 1975 Plutarchi?
1346 1931 1570 1990 Cratippo

288 2010 464 2053 auctori
491 2008 696 2051 tribuisse
715 2005 899 2050 videtur
919 2021 1020 2064 quae
1043 2014 1174 2049 erant
1193 2004 1401 2063 Cratippi
1419 2003 1569 2049 edito-

286 2082 348 2125 ris
366 2091 412 2125 et
430 2080 816 2125 commentatoris.
843 2080 1070 2123 Nimirum
1088 2079 1151 2122 ita
1163 2093 1262 2122 rem
1285 2093 1380 2122 sese
1395 2077 1570 2124 habere

285 2155 491 2213 suspicor
518 2169 528 2196 :
555 2153 713 2197 Edidit
734 2153 976 2211 Cratippus
1000 2166 1115 2210 opus
1136 2150 1412 2198 historicum
1437 2150 1570 2209 quod

286 2226 566 2285 Thucydidis
609 2226 819 2270 historias
852 2241 946 2269 una
985 2240 1092 2268 cum
1124 2223 1376 2268 Hellenicis
1408 2223 1568 2268 Theo-

284 2300 445 2358 pompi
470 2299 863 2357 complectebatur
895 2314 905 2341 :
944 2299 1008 2342 ita
1038 2307 1216 2353 tamen,
1248 2305 1302 2341 ut
1328 2304 1567 2356 postrema

283 2372 568 2431 Thucydidei
591 2373 743 2431 operis
761 2380 1030 2415 retractaret
1046 2371 1278 2430 simulque
1299 2385 1324 2414 e
1343 2386 1427 2414 suo
1439 2385 1569 2428 penu

284 2445 475 2490 adderet
497 2459 597 2503 quae
629 2444 845 2503 deinceps
872 2453 994 2504 gesta
1015 2452 1143 2499 sunt,
1165 2459 1312 2503 usque
1332 2442 1393 2487 ad
1425 2441 1569 2487 finem

283 2518 391 2563 belli
410 2517 802 2577 Peloponnesiaci.
829 2518 947 2562 Nam
977 2517 1075 2560 haec
1098 2516 1432 2575 Theopompus
1450 2529 1567 2574 per-

285 2589 484 2635 breviter
500 2605 595 2634 uno
616 2589 738 2633 libro
763 2587 1047 2645 absolverat,
1077 2597 1244 2634 contra
1273 2588 1569 2649 sequentium

1657 418 1889 447 annorum
1911 400 2129 445 undecim
2145 399 2389 443 historiam
2407 399 2603 446 totidem
2623 402 2755 448 libris
2777 388 2930 451 descri

1656 486 1811 535 pserat
1837 475 2116 535 plenissime.
2141 474 2208 517 Ac
2228 473 2396 516 scimus
2425 474 2684 520 secundum
2705 479 2927 524 nonnuli

1658 548 1906 592 Hellenicis
1929 546 2225 605 Theopompi
2248 546 2437 590 nonnisi
2453 546 2674 592 undecim
2703 549 2852 597 libros
2874 554 2954 599 tri
2979 553 2986 604 ἶ,

1656 620 1754 664 bui.
1781 646 1846 652 —
1875 621 1944 663 Ita
1967 619 2002 662 si
2029 617 2294 674 statuimus»,
2318 626 2365 662 et
2396 627 2524 664 recte
2544 635 2591 664 se
2613 618 2789 668 habent
2809 637 2916 670 ver
2939 627 2946 665 ,’

1655 693 1866 751 Dionysii
1886 691 1908 735 ὁ
1923 686 1978 735 τὰ
1997 707 2046 737 π.
2063 690 2123 738 Θ.
2148 687 2420 752 συναγαγών,
2439 699 2485 736 et
2502 691 2636 738 facile
2655 694 2934 758 intelligitur
2951 697 2955 745 s.
2982 693 2990 749 ἶ

1657 764 1899 824 quomodo
1920 761 2023 808 fieri
2040 764 2252 823 potuerit
2278 772 2333 808 ut
2354 779 2433 820 ea,
2457 779 2664 824 quorum
2682 768 2837 828 prima
2883 802 2888 810 «
2914 793 2921 810 ι
2950 783 2953 785 ’
2984 808 2987 814 .

1657 846 1755 881 tum
1777 851 1885 896 pars
1919 835 2154 895 Cratippi,
2181 837 2327 881 altera
2357 851 2473 882 vero
2498 838 2798 902 Theopompi
2824 845 2954 896 erat·
2984 846 2991 869 ¹

1656 911 1812 954 omnia
1832 910 1917 953 sub
1937 910 2075 953 unius
2097 909 2308 969 Cratippi
2325 911 2519 956 nomine
2539 926 2566 956 a
2584 913 2841 960 Plutarcho
2860 915 2939 968 mi
2985 892 2994 957 i

1654 997 1741 1026 nus
1760 990 1938 1025 attento
1961 980 2247 1026 afferrentur
2269 979 2308 1044 (*
2311 980 2344 1043 ).
2930 1030 2932 1033 ,

1722 1062 1815 1106 Cur
1830 1077 1945 1106 vero
1962 1062 2074 1106 belli
2087 1050 2351 1123 Peloponn.
2369 1063 2573 1110 historiae
2591 1066 2838 1128 Cratippus
2846 1065 2865 1128 j
2914 1050 2934 1109 ιΪ

1652 1135 1775 1179 xerit
1790 1135 2092 1194 sequentium
2109 1151 2184 1180 res
2206 1145 2477 1197 temporum
2490 1171 2502 1194 ,
2526 1137 2738 1186 divinare
2761 1139 2966 1194 fonasse
2991 1164 2997 1193 2

1652 1209 1761 1253 licet
1779 1224 1838 1252 ex
1863 1209 2109 1269 Dionysio.
2132 1212 2178 1255 Is
2199 1211 2325 1255 enim
2339 1209 2421 1272 (in
2443 1213 2534 1272 Ep.
2559 1211 2637 1258 ad.
2657 1215 2827 1276 Pomp.
2847 1231 2954 1277 cap.
2991 1243 2998 1268 ἒ

1654 1279 1699 1336 3,
1729 1285 1754 1334 4
1773 1277 1907 1344 sqq.)
1934 1283 2261 1343 Thucydidem
2285 1285 2350 1329 ait
2379 1283 2616 1346 ingratum
2643 1295 2858 1336 tractasse
2875 1304 2937 1339 ar,
2963 1281 2966 1283 Δ
2994 1325 3001 1339 -.

1650 1364 1948 1414 gumentum,
1974 1357 2230 1416 patriaeque
2249 1357 2412 1418 gloriae
2435 1357 2556 1403 male
2580 1358 2871 1407 consuluisse
2884 1361 2937 1407 ni

1648 1426 1716 1470 hil
1741 1437 2014 1473 narrantem
2029 1429 2118 1474 nisi
2139 1428 2195 1474 τὰ
2221 1425 2373 1493 οἰκτρὰ
2393 1447 2468 1475 και
2491 1427 2610 1476 δεινὰ
2626 1429 2764 1490 πάθη.
2793 1432 2955 1496 Κρεῗτ*

1648 1516 1718 1546 τον
1758 1500 1795 1546 δ’
1834 1503 1915 1562 ἠν,
1956 1503 2136 1562 pergit,
2177 1499 2446 1556 διεξελθόντα
2479 1499 2536 1548 τὰ
2566 1501 2713 1550 πάντα
2747 1503 2957 1563 τελευτὴν
2997 1501 3003 1565 ξ

1648 1571 1914 1631 ποιήσασθαι
1937 1578 2016 1632 τῆς
2046 1573 2237 1640 ἱστορίας
2255 1573 2335 1633 τὴν
2360 1575 2730 1639 θαυμασιωτάτην
2762 1577 2838 1626 καὶ
2859 1578 2931 1642 μα’
2962 1575 2964 1577 ’

1647 1645 1776 1693 λιστα
1792 1653 1879 1700 τοῖς
1903 1645 2108 1694 ἀκούουσι
2127 1646 2465 1712 κεχαρισμένην.
2489 1651 2645 1711 Atque
2661 1650 2802 1698 talem
2812 1639 2967 1700 finem

1647 1721 1743 1780 ipse
1760 1722 2014 1782 Dionysius
2047 1721 2312 1782 Thucydidi
2334 1723 2666 1783 propositurus
2697 1723 2854 1771 fiiisset
2875 1722 2967 1783 rhv
3000 1709 3002 1713 ,

1647 1790 1829 1839 κάθοδον
1854 1795 1940 1840 τῶν
1961 1791 2164 1858 φυγάδων
2183 1795 2268 1840 τῶν
2294 1793 2381 1840 ἀπὸ
2406 1793 2583 1853 Φύλης,
2610 1792 2681 1860 ἀφ’
2704 1785 2764 1842 ὧν
2784 1796 2813 1854 ἡ
2830 1794 2956 1850 πόλις
3002 1787 3003 1790 ¹

1648 1863 1870 1930 ἀρξαμένη
1897 1864 1976 1924 τὴν
2008 1865 2253 1932 ἐλευθερίαν
2288 1865 2541 1930 ἐκομίσατο.
2580 1868 2806 1915 Similiter
2838 1870 2972 1918 Cra-.

1646 1940 1804 1999 tippus
1820 1940 2127 1999 judicaverit,
2168 1942 2420 1996 terminum
2455 1942 2739 1988 narrationis
2771 1957 2957 2004 ponens

1646 2012 1853 2057 Cononis
1873 2014 2123 2070 victorias,
2159 2029 2295 2058 novae
2317 2014 2680 2060 Atheniensibus
2713 2024 2760 2060 et
2787 2010 2956 2079 ’111515ερ

1645 2094 1756 2129 ratae
1773 2095 1988 2132 auctores
2009 2088 2252 2147 potentiae.
2865 2083 2868 2087 ⁴

1695 2244 1748 2296 (*)
1776 2244 1933 2286 Suidas.
1954 2246 2115 2291 Σαὸἴνος
2131 2246 2343 2297 σοφιστὴς,
2360 2246 2528 2296 γεγονὼς
2546 2245 2606 2284 ἐπὶ
2629 2245 2820 2296 Ἀδριανοῦ
2846 2246 2950 2288 Καί-

1645 2315 1779 2355 σαρος·
1803 2303 2011 2355 ἔγραψεν..
2020 2305 2100 2349 ,εἷς
2118 2302 2358 2349 Θουκυδίδην
2374 2305 2441 2342 καὶ
2457 2301 2707 2343 Ἀκουσίλαον
2727 2304 2795 2343 καὶ
2809 2302 2947 2351 ἄλλους

1644 2363 1921 2413 ὑπομνήματα.
1936 2384 1990 2391 -
2004 2361 2295 2402 «Mirationem
2312 2361 2408 2401 facit
2422 2360 2592 2400 obsoleti
2603 2358 2809 2412 scriptum
2821 2360 2950 2414 (Aeu-

1643 2421 1753 2472 silai)
1777 2421 1971 2461 memoria
1982 2451 1994 2472 ,
2013 2430 2247 2488 quanquam
2272 2430 2392 2460 nemo
2407 2419 2542 2470 paullo
2558 2415 2806 2469 prudentior
2814 2421 2952 2463 inffe-

1643 2481 1712 2519 tur
1742 2480 1967 2530 Sturzium,
1991 2479 2062 2531 qui
2087 2480 2138 2519 de
2169 2480 2316 2529 Argivo
2337 2477 2633 2548 mythogmpho
2656 2479 2904 2530 affluent.
2927 2496 2951 2519 n

1645 2541 1743 2580 Haec
1762 2538 2038 2590 Bernhardy.
2053 2540 2162 2580 Num
2177 2537 2392 2589 legendum
2413 2538 2481 2577 καὶ
2500 2535 2762 2588 Κράτιππονὲ,
2856 2539 2858 2541 ’
2951 2582 2954 2583 ⁷

2906 2677 2950 2693 ,a
