3016 4628
253 365 808 421 HERACLEOTARUM
826 401 836 420 ,
873 353 1334 414 ABYDENORUM‚
1370 358 1882 406 AN'I'ANDRIORUM
1911 361 2047 407 ETC.
2090 362 2503 412 RESPUBLICAE.

248 511 270 520 ,
415 482 972 549 (ΑΔΡΑΜΥΤΤΗΝΩΝ.)

644 621 748 666 191.

1029 676 1050 696 O

121 728 280 789 steph.
306 729 412 787 Byz.
436 741 446 770 ι
474 719 823 787 Ἀδραμύτῖ-ειον,
843 718 964 772 πόλις
987 721 1062 775 τῆς
1085 715 1199 764 κατὰ
1228 714 1341 765 Κάϊ-

51 815 131 848 'stov
167 796 390 850 Μυσίας.
431 792 653 850 Κέκληται
692 790 777 838 ἀπὸ
812 789 1102 856 Ἀνδραμύτου
1134 791 1339 850 κτιστοῧ,

58 870 207 924 παιδὸς
225 868 301 932 μὲν
319 865 569 922 Ἀλυάττου,
585 862 770 927 Κροίσου
792 862 836 910 δὲ
855 863 1130 952 ἀδελφοῦ,ιῖ)ς
1149 860 1342 926 Ἀριστο-

16 967 19 969 >
58 941 183 999 τέλης
206 943 248 988 ἐν
272 938 515 991 Πολιτείαις
537 935 611 983 καὶ
633 935 780 998 ἄλλοι,
805 935 955 988 τινὲς
933 932 977 981 οὲ
1001 932 1086 980 ἀπὸ
1109 931 1359 998 (Ἐρμωνος

58 1032 132 1063 του
156 1013 307 1062 Λυδων
337 1008 570 1075 βασιλέως·
591 1007 662 1054 τὸν
687 1006 770 1073 γὰρ
789 1005 1006 1071 Ἵζρμωνα
1032 1005 1164 1054 Λυδοὶ
1185 1002 1342 1068 Ἄδρα-
1388 1043 1389 1046 ,

61 1104 142 1149 μυν
160 1085 338 1132 καλοῦσι
361 1079 596 1148 Φρυγιστί.
624 1082 694 1130 Cf.
722 1082 891 1128 Strabo
913 1081 1060 1135 XIII,
1085 1095 1136 1138 p.
1158 1078 1251 1123 623
1269 1094 1339 1138 sq.

58 1153 281 1222 Ἀδραμυν
322 1157 539 1201 Nicolaus
579 1153 626 1214 (e
658 1152 941 1214 Xantho)p
949 1151 1090 1204 .453
1120 1152 1221 1198 Val.
1258 1153 1343 1196 Sa—

60 1230 226 1290 dyattae
248 1229 447 1273 nothum
470 1227 598 1272 dicit.
623 1221 865 1288 ’ῌΑδραμυν
881 1225 903 1269 ὅ
925 1217 987 1271 F
967 1241 1110 1287 ρμων
1132 1224 1343 1283 Hesychq

60 1298 332 1365 ’Δδραμύτην
355 1303 394 1345 I
395 1300 598 1359 ydorum
619 1313 777 1359 regem
796 1296 931 1342 affeit
959 1298 1206 1341 Athenaeus
1227 1295 1342 1350 XII,

58 1389 108 1435 p.
137 1372 248 1430 615,
272 1375 326 1417 E.
355 1372 571 1420 Ceterum
591 1371 650 1415 de
669 1370 962 1429 Adramyttio
996 1369 1227 1426 variisque
1250 1381 1343 1410 no-

61 1447 197 1490 minis
219 1445 380 1489 formis
412 1445 548 1488 multi
575 1451 676 1488 sunt
712 1443 988 1501 interpretes
1018 1440 1079 1484 ad
1108 1439 1340 1483 Herodot.

62 1519 172 1571 VII,
226 1522 283 1569 42
300 1549 312 1571 ,
353 1515 562 1575 Thucyd.
601 1518 664 1570 V,
722 1530 762 1557 1.
806 1513 874 1558 Cf.
915 1514 1081 1571 Poppo
1126 1511 1343 1570 Prolegg.

60 1587 120 1633 ad
147 1589 289 1632 Thuc.
316 1597 430 1633 tom.
450 1589 518 1643 lI,
539 1603 591 1646 p.
623 1591 741 1642 441;
768 1585 955 1630 Eckhel.
981 1587 1041 1629 D.
1066 1585 1123 1626 N.
1155 1599 1202 1641 p.
1232 1581 1348 1638 4483

61 1660 272 1707 Creuzer.
301 1661 378 1704 Fr.
407 1660 523 1704 Hist.
546 1674 595 1717 p.
631 1656 739 1703 188.

551 1783 853 1831 ΚΥΜΑΙΩΝ.

654 1904 760 1948 192.

78 2041 81 2043 ,
131 2000 288 2046 Schol.
307 2000 418 2044 Eur.
446 1997 568 2043 Med.
598 2013 656 2058 19
682 2013 694 2044 :
723 1997 950 2058 Αἷσυμνᾶν
977 1994 1135 2043 ἔστιτὸ
1154 1998 1354 2059 ἡγεῖσθαι

22 2098 42 2129 g
65 2069 139 2119 καὶ
164 2069 331 2136 ἄρχειν·
360 2068 476 2123 ἰδίως
503 2067 548 2116 δὲ
570 2068 699 2134 φησὶν
718 2069 1013 2135 Ἀριστοτέλης
1038 2068 1122 2117 ὑπὸ
1140 2068 1352 2131 Κυμαίων

51 2141 336 2207 ἀἰσυμνήτην
360 2141 432 2191 τὸν
465 2141 654 2206 ἄρχοντα
690 2141 909 2206 λέγεσθαι.
951 2145 1106 2191 Verba
1140 2141 1258 2196 ἰδίως
1290 2169 1355 2178 -

65 2214 266 2280 λέγεσθαι
287 2217 427 2262 habet
446 2217 583 2262 etiam
605 2218 761 2277 Etym.
787 2219 851 2265 M.
879 2233 926 2276 p.
954 2217 1040 2277 39,
1072 2214 1146 2261 15.

55 2315 74 2324 ιι
135 2293 407 2350 Argument.
429 2288 651 2350 Sophocl.
672 2289 795 2335 OEd.
816 2291 926 2349 Tyr.
957 2304 969 2336 z
996 2286 1103 2335 “Ort
1125 2285 1170 2333 δὲ
1197 2285 1355 2334 νεώτε-

70 2376 140 2426 ρον
169 2358 220 2406 τὸ
238 2363 314 2407 τοῦ
335 2357 543 2425 τυράννου
569 2357 704 2421 ὄνομα
735 2359 879 2416 δῆλον·
908 2358 1005 2406 οὔτε
1033 2356 1117 2423 γὰρ
1152 2356 1356 2422 ’Όμηρος

68 2433 167 2480 οὔτε
191 2430 391 2485 Ἡσίοδος
415 2429 513 2479 οὔτε
538 2430 666 2486 ἄλλος
690 2431 826 2485 οὐδεὶς
848 2433 934 2478 τῶν
973 2432 1174 2477 παλαιῶν
1199 2430 1356 2495 τύραν-

67 2521 138 2552 νον
168 2505 212 2551 ἐν
245 2504 334 2558 τοῖς
357 2502 597 2566 ποιήμασιν
618 2501 835 2566 ὀνομάζει·
861 2505 883 2549 ὃ
911 2501 956 2549 δὲ
989 2501 1286 2569 Ἀριστοτέλης
1313 2505 1355 2550 ἓν

70 2574 285 2638 Κυμαίων
321 2573 518 2639 πολιτείᾳ
555 2572 653 2628 τοὺς
682 2573 910 2640 τυράννους
942 2573 1048 2639 φησὶ
1080 2573 1130 2622 τὸ
1152 2573 1356 2642 πρότερον

71 2650 191 2696 αἷσυ
202 2645 825 2713 μνήταςιπροσαγορεύεσθαι.
844 2645 1153 2710 Εὗφημότερόν
1171 2649 1212 2710 γ’
1225 2649 1359 2695 ἐκεῖνο

54 2718 276 2782 ’»τοῦνομα.
297 2721 364 2767 Cf.
387 2723 576 2766 Aristot.
598 2721 698 2768 Pol.
724 2722 811 2776 III,
831 2736 878 2780 9,
899 2719 1157 2779 53Diony5.
1184 2721 1283 2766 Hal.
1302 2724 1358 2769 A.

69 2796 129 2840 R.
150 2796 214 2850 V,
237 2810 260 2851 7
274 2828 287 2850 ,
308 2794 352 2851 3;
370 2794 529 2853 steph.
551 2793 682 2840 Thes.
698 2808 743 2841 v.
762 2789 1063 2854 Αἰσυμνήτης,
1083 2791 1357 2854 Αἷσυμνάω;

72 2868 329 2917 Hermann.
355 2867 552 2925 Antiqq.
579 2863 699 2925 §63.

361 3014 1030 3074 (ADRAMYTTENORUM.
1051 3014 1064 3077 )

666 3140 765 3180 191.

126 3239 421 3290 Adramyttium
435 3269 446 3289 ‚
463 3239 560 3279 urbs
575 3240 710 3289 Mysiae
723 3270 734 3288 ,
752 3250 844 3290 quoe
861 3240 981 3278 Caico
994 3240 1199 3289 proxima;
1218 3250 1362 3278 nomen

75 3299 196 3354 habet
220 3304 270 3344 ab
290 3303 504 3355 Adramyto
520 3304 744 3353 conditore,
763 3305 932 3355 Alyattae
948 3304 1053 3353 filio,
1079 3305 1200 3343 fratre
1221 3303 1361 3353 Croesi,

19 3370 21 3373 '
70 3368 124 3414 ht
140 3369 197 3408 ait
212 3368 461 3408 Aristoteles
450 3378 491 3406 in
508 3365 808 3418 Rebuspublicis
819 3370 859 3408 et
873 3368 964 3418 alii;
985 3368 1167 3407 nonnulli
1181 3379 1274 3406 vero
1295 3378 1362 3406 no-

71 3433 268 3489 minatam
286 3433 424 3472 dicunt
438 3433 488 3472 ab
511 3435 707 3473 Hermone
736 3433 938 3483 Lydorum
954 3444 1072 3483 rege:
1097 3433 1246 3472 scilicet
1268 3435 1363 3472 Her·

70 3499 236 3546 nonem
255 3497 354 3548 Lydi
374 3497 575 3548 Adramyn
600 3498 747 3538 vocant
766 3498 848 3548 ling
850 3509 901 3537 ua
920 3497 1103 3548 Phrygia

82 3579 134 3615 '³²²'
507 3608 936 3657 cuMANonuM.

657 3729 771 3770 ⁸192.

96 3820 328 3876 Αἷσυμνᾶν
354 3825 413 3865 est
433 3824 629 3876 impe-rare
643 3826 683 3865 et
698 3835 874 3875 regnare.
901 3823 1066 3874 Proprio
1090 3824 1226 3862 autem
1246 3821 1366 3862 modo

83 3887 252 3941 &mani
270 3889 505 3939 αἰσυμνήτην
533 3897 736 3928 summum
762 3888 1038 3939 magistratum
1067 3889 1236 3935 vocant,
1265 3888 1366 3925 teste

87 3950 302 4001 mtotele.

90 4013 391 4080 {Arismteles
381 4029 421 4058 ιιι
437 4021 705 4059 Cumanorum
732 4017 935 4068 republica
952 4016 1049 4055 dicit
1065 4017 1256 4066 tyrannos
1271 4014 1366 4052 olim

175 4081 319 4130 νήτας
333 4083 551 4133 appellatos
575 4093 683 4131 esse,
706 4082 896 4131 quoniam
919 4080 960 4119 id
986 4090 1131 4119 nomen
1149 4077 1364 4117 honestius.

677 4151 777 4191 193.

68 4275 258 4324 &umam
279 4283 378 4332 sito,
405 4282 519 4333 cujus
539 4281 717 4322 meminit
733 4282 851 4321 etiam
874 4279 1116 4322 Aristoteles.

1369 483 1381 562 l

2612 372 2699 414 163

2014 468 2119 526 193.

1481 548 1750 607 Apostolius
1770 547 1908 593 P10v.
1935 551 1999 604 V,
2020 548 2121 593 65:
2151 548 2357 601 Βλακὸς
2385 550 2705 614 ἀχρηστότε-

1418 619 1649 681 ρος...θῖ
1677 617 1719 664 δὲ
1746 616 1831 663 ἀπο
1851 636 1924 664 του
1949 618 2054 682 πρὸς
2071 622 2123 682 τῆ
2151 619 2284 680 Κύμη
2309 620 2468 682 χωρίου
2494 621 2705 676 Βλακείας

1419 689 1634 752 (Βλακίας
1657 691 1807 751 Etym.
1833 694 1895 738 M.
1913 689 1949 754 )‚
1975 695 2021 737 οὑ
2045 690 2261 752 μέμνηται
2291 710 2363 737 και
2395 691 2703 755 Ἀριστοτέλης.

1418 764 1594 808 Eadem
1611 766 1762 823 Etym.
1783 765 1845 809 M.
1869 779 1916 823 p.
1943 780 2058 824 199,
2085 780 2158 808 10.
2179 763 2249 809 Cf.
2269 765 2334 808 St.
2352 766 2481 809 '.shes
2502 781 2547 809 ν.
2576 765 2706 820 Βλάξ.

1420 838 1641 882 Attulerit
1673 838 1771 880 haee
1795 838 2065 881 Aristoteles
2100 836 2159 880 de
2195 837 2448 896 pinguibus
2472 853 2572 895 quae
2612 839 2708 884 Cu-

1417 911 1564 955 manis
1583 909 1957 954 attribuebantur
1982 910 2177 969 ingeniis
2199 910 2409 968 loquens,

1990 999 2142 1063 [194]

1497 1085 1936 1149 [Aristot.P01.11,
1965 1087 2011 1143 5,
2044 1085 2237 1134 12εἜν
2274 1084 2405 1149 Κύμῃ
2434 1085 2534 1151 περὶ
2555 1085 2609 1132 τὰ
2645 1106 2715 1150 φο-

1428 1157 1526 1205 νικὰ
1549 1157 1675 1220 νόμος
1697 1158 1830 1216 ἐστὶν,
1854 1157 1905 1205 ἂν
1935 1157 2097 1215 πληθός
2121 1177 2163 1204 τι
2184 1156 2470 1248 παράσχηται
2488 1157 2712 1235 μαρτύρων

1425 1233 1447 1277 ὃ
1469 1229 1634 1277 διώκων
1658 1230 1730 1278 τὸν
1754 1230 1877 1295 φόνον
1902 1233 1987 1277 τῶν
2018 1232 2149 1277 αυτοῦ
2175 1232 2407 1293 συγγενῶν,
2433 1228 2580 1294 ἔνοχον
2602 1236 2708 1277 εἰναι

1421 1322 1481 1368 τῳ
1501 1301 1615 1367 φόνῳ
1636 1302 1708 1349 τὸν
1728 1302 1953 1367 φεύγοντα.

1487 1351 1540 1434 V,
1566 1383 1610 1433 4,
1629 1376 1655 1421 3
1685 1392 1696 1423 ζ
1721 1374 1891 1434 Συνέὸη
1913 1375 1957 1422 δὲ
1974 1375 2129 1422 ταύτὸν
2153 1374 2227 1423 καὶ
2244 1394 2341 1441 περι
2366 1373 2524 1437 Κύμην
2547 1373 2618 1421 ἐπὶ
2641 1394 2717 1431 της

1424 1446 1732 1510 δημοκρατίας,
1749 1445 1802 1504 ἣν
1826 1445 2035 1494 κατέλυσε
2057 1446 2370 1511 Θρασύμαχος.
2390 1447 2407 1509 ]
2426 1447 2718 1493 Anteceden-

1425 1521 1488 1564 tia
1503 1535 1550 1567 v.
1581 1522 1630 1563 in
1645 1520 1766 1579 Rep.
1792 1522 1967 1581 Megar.
1996 1522 2054 1568 fr.
2080 1526 2186 1574 104.
2213 1522 2430 1566 Ceterum
2452 1520 2715 1564 dubitatum

1427 1601 1492 1636 est
1509 1607 1623 1635 num
1647 1592 1706 1635 ad
1731 1593 1846 1636 Asiae
1866 1608 1926 1636 an
1945 1594 2088 1636 Italiae
2115 1593 2282 1636 urbem
2307 1593 2399 1636 hoc
2430 1593 2677 1652 pertineat.

1855 1678 2281 1760 [Emortuom]

1990 1802 2124 1864 [195
2132 1798 2147 1865 l

1497 1905 1717 1968 [Aristot.
1750 1907 1852 1950 Pol.
1876 1908 1930 1962 V,
1955 1905 2006 1962 5,
2035 1911 2101 1958 4·
2134 1904 2218 1953 Καὶ
2249 1907 2292 1951 ἐν
2317 1904 2545 1969 Ἐρυθραῖς
2577 1901 2621 1949 δὲ
2648 1901 2718 1950 ἐπὶ

1428 1982 1504 2036 τ’ἧς
1516 1968 1611 2024 Ἔῶν
1634 1977 1874 2024 Βασιλιδων
1895 1979 1947 2029 6)
1936 1976 2148 2041 ιγαρχίας
2162 1979 2204 2025 ἐν
2221 1982 2308 2031 τοῖς
2325 1976 2520 2040 ἀρχαίοις
2539 1972 2719 2041 χρόνοις,

1430 2050 1589 2115 καίπερ
1601 2050 1743 2102 καλως
1759 2048 2109 2110 ἐπιμελουμένων
2128 2051 2212 2095 τῶν
2235 2051 2277 2096 ἐν
2296 2068 2349 2112 τῃ
2372 2047 2589 2112 πολιτεία,
2607 2066 2721 2109 ομως

1433 2120 1502 2169 διὰ
1525 2140 1573 2168 το
1601 2120 1680 2167 υπ’
1707 2119 1862 2182 ὀλίγων
1893 2119 2128 2185 ἄρχεσθαι,
2159 2123 2413 2183 ἀγανακτῶν
2441 2123 2463 2167 ὃ
2487 2122 2620 2181 δημος
2651 2137 2721 2180 με·

1430 2192 1586 2240 τέὸαλε
1608 2192 1684 2250 τὴν
1704 2191 1939 2239 πολιτείαν.
1964 2198 1978 2250 ]

1810 2299 2342 2361 [ΚΛΑΖΟΜΕΝΙΩΝ.]

1997 2404 2152 2466 [¹96]

1500 2505 1668 2568 [Idem
1697 2506 1762 2550 ib.
1807 2508 1864 2566 V,
1893 2522 1948 2566 2,
1981 2522 2035 2550 12
2074 2521 2085 2552 :
2119 2502 2408 2558 Στασιάζουσι
2440 2500 2484 2549 δὲ
2510 2502 2641 2549 ἐνίοτε
2679 2503 2722 2548 αἱ

1436 2575 1581 2630 πόλεις
1617 2575 1690 2623 καὶ
1726 2574 1796 2622 διὰ
1827 2575 1923 2624 τοὺς
1955 2575 2135 2634 τόπους,
2174 2574 2276 2622 ὅταν
2308 2573 2367 2637 μὴ
2390 2576 2552 2639 εὐφυῶς
2578 2572 2659 2638 ἔχῃ
2684 2579 2711 2631 ἡ

1437 2647 1561 2712 χώρα
1583 2648 1688 2714 πρὸς
1711 2647 1759 2694 τὸ
1779 2647 1880 2710 μίαν
1901 2641 2009 2694 εἶναι
2028 2647 2170 2706 πόλιν,
2186 2640 2272 2695 οἶον
2294 2649 2336 2693 ἐν
2359 2649 2660 2708 Κλαζομεναῖς
2686 2648 2724 2691 οἳ

1445 2720 1516 2768 ἐπὶ
1540 2720 1698 2786 Χύτρῳ
1733 2720 1883 2785 (Χύτῳ
1907 2719 2087 2781 Ephor.
2111 2722 2169 2766 fr.
2208 2720 2327 2776 1363
2353 2717 2540 2782 Χύτριον
2567 2719 2718 2765 strab.

1438 2811 1488 2855 p.
1515 2793 1636 2858 645)
1662 2793 1767 2858 πρὸς
1799 2791 1894 2845 τοὺς
1919 2794 1962 2839 ἓν
1983 2791 2100 2856 νήσῳ
2118 2827 2130 2849 ,
2151 2791 2226 2839 καὶ
2245 2789 2511 2856 Κολοφώνιοι
2531 2789 2605 2836 καὶ
2630 2792 2720 2839 Νο-

1439 2866 1594 2928 τιεῖς.]

1486 3074 1501 3126 [
1520 3077 1604 3115 Lex
1619 3076 1678 3115 est
1695 3075 1834 3116 cumis
1849 3075 1898 3114 de
1914 3074 2045 3124 caede,
2062 3075 2095 3114 si
2110 3074 2199 3124 quis
2227 3075 2436 3113 accusator
2464 3072 2637 3123 aliquem
2672 3072 2727 3111 te-

1434 3139 1556 3179 stium
1579 3151 1791 3180 numerum
1821 3139 2077 3190 produxerit,
2110 3138 2179 3188 qui
2211 3138 2284 3178 sibi
2304 3138 2461 3188 cognati
2494 3137 2592 3185 sint,
2614 3147 2725 3175 reum

1434 3203 1552 3243 caedis
1567 3214 1683 3254 poena
1693 3205 1832 3243 teneri.

1486 3267 1595 3306 Idem
1611 3270 1651 3307 et
1671 3267 1808 3307 Gumis
1823 3266 1990 3315 accidit,
2019 3277 2099 3316 qua
2118 3266 2158 3304 in
2175 3265 2274 3305 urbe
2292 3265 2575 3304 democratiam
2596 3264 2724 3303 Thra-

1435 3333 1647 3382 symachus
1668 3333 1844 3374 funditus
1865 3331 2053 3382 delevit]

1780 3433 2379 3508 [ERYTHRAEossuMq

2010 3551 2144 3606 {195.]

1488 3652 1694 3703 [Erythris
1733 3650 1910 3690 Basilidis
1946 3648 2200 3699 oligarchiam
2237 3645 2530 3692 obtinentibus,
2583 3643 2724 3693 priscis

1438 3717 1514 3756 inis
1531 3715 1797 3765 temporibus,
1814 3713 1994 3764 quamvis
2013 3711 2300 3762 rempublicam
2317 3711 2416 3749 bene
2437 3709 2695 3758 procurarent
2713 3734 2723 3751 ,

1439 3780 1596 3829 indigne
1631 3779 1759 3817 ferens
1791 3779 1926 3816 tamen
1955 3775 2146 3826 populus,
2177 3773 2286 3824 quod
2315 3782 2534 3822 paucorum
2563 3768 2723 3818 imperio

1439 3844 1639 3892 subjectus
1654 3845 1777 3890 esset,
1802 3842 2028 3891 reipublicae
2044 3842 2194 3880 statum
2215 3839 2399 3878 mutavit.
2416 3837 2429 3886 ]

1768 3934 1787 3995 ἶ
1806 3928 2398 3988 CLAZOMENIORUM.]

2012 4044 2125 4100 1196.
2132 4043 2143 4098 1

1493 4143 1741 4195 [seditiones
1768 4142 1951 4182 oriuntur
1980 4141 2180 4180 interdum
2200 4139 2239 4176 in
2261 4134 2487 4175 civitatibus
2518 4131 2635 4170 etiam
2672 4130 2721 4168 (le

103 4195 138 4235 Ἰ
143 4208 269 4270 Blace
288 4221 471 4271 ineptior
495 4219 572 4259 dici
587 4210 768 4258 nonnulli
783 4218 929 4268 putant
955 4227 978 4256 a
994 4217 1125 4265 Blace,
1143 4216 1232 4255 loco
1249 4224 1370 4265 prope
1443 4208 1613 4256 sedibus,
1623 4217 1749 4256 quum
1764 4206 1839 4245 loci
1856 4207 2000 4244 natura
2018 4214 2158 4253 parum
2175 4199 2298 4240 estad
2315 4198 2453 4236 urbem
2466 4196 2505 4233 et
2521 4194 2722 4232 cixitatcni

1405 4295 1411 4310 .
1446 4283 1567 4312 unam
1585 4270 1898 4311 constituendam
1915 4269 2083 4308 idonea:
2103 4269 2146 4306 ut
2165 4261 2408 4304 Clazomenis
2436 4259 2534 4297 intri
2567 4267 2721 4304 eosqui

2487 4333 2538 4362 11.
