3008 4542
162 279 256 321 618

788 403 830 431 2.

226 496 356 540 Idem
387 512 433 542 v,
466 496 612 560 Δῶρος
639 511 649 540 t
694 491 826 542 ’Έστι
851 501 926 541 καῖ
959 495 1126 559 Καρίας
1149 498 1296 559 Δῶρος
1319 494 1462 555 πόλις,

156 566 210 624 ἣν
243 565 558 630 συγκαταλέγει
584 572 678 620 ταῖς
702 564 855 613 πόλεσι
876 573 970 620 ταῖς
995 568 1209 632 Καρικαῒς
1240 567 1463 631 Κράτερος

157 641 201 685 ἐν
222 641 284 703 τῷ
315 639 425 703 Περὶ
455 637 750 704 ψηφισμάτων
773 638 835 702 γ’·
865 661 884 682 «
918 639 1109 704 Καρικὸς
1137 638 1276 704 φόρος·
1302 642 1463 704 Δῶρος,

157 713 461 760 Φασελῒται...
490 733 509 754 »
528 714 747 759 Craterus
770 713 961 759 fortasse
985 715 1126 758 urbes
1144 715 1325 759 Graecas
1348 716 1464 760 Asiae

155 787 373 843 minoris,
398 799 501 845 quae
517 787 748 830 tributum
767 788 915 831 Xerxi
933 786 1282 846 expeditionem
1302 797 1466 833 contra

155 859 459 903 Athenienses
494 860 710 904 molienti
744 861 993 915 solverint,
1033 860 1280 907 recensuit.
1311 860 1467 918 Objici

156 930 266 975 huic
290 934 526 977 sententiae
549 934 719 993 possit,
755 933 887 992 quod
919 933 1115 977 uberior
1150 931 1380 990 ejusmodi
1407 933 1466 978 de

157 1003 300 1048 rebus
323 1007 570 1050 Persarum
590 1007 820 1065 expositio
839 1006 989 1050 aliena
1012 1021 1107 1050 esse
1126 1005 1277 1049 videri
1298 1006 1467 1051 debeat

157 1077 217 1121 ab
243 1092 410 1137 opere,
435 1079 567 1138 quod
590 1080 639 1122 in
663 1079 1015 1123 Atheniensium
1033 1078 1228 1122 historia
1247 1093 1293 1122 se
1314 1079 1468 1122 conti—

157 1151 312 1195 nuisse
353 1161 715 1196 consentaneum
738 1153 813 1198 sit.
853 1152 1019 1196 Nescio
1044 1151 1187 1210 igitur
1208 1166 1266 1195 an
1295 1152 1468 1196 rectius

158 1222 417 1283 fragmenta
440 1225 549 1268 libri
574 1226 695 1268 tertii
717 1224 778 1269 ad
799 1225 1003 1270 Cimonis
1023 1233 1236 1284 tempora
1259 1224 1468 1269 referan-

158 1304 254 1341 tur.
276 1299 439 1342 Cimon
463 1315 609 1358 quum
625 1297 767 1342 urbes
787 1299 902 1343 Asiae
918 1299 1114 1341 minoris
1136 1298 1197 1342 ad
1217 1313 1348 1342 oram
1367 1313 1469 1345 ma-

157 1371 222 1414 ris
245 1371 387 1430 AEgaei
412 1372 517 1415 sitas
540 1387 566 1415 a
589 1371 738 1415 Persis
756 1372 805 1414 in
827 1387 929 1415 suas
951 1379 1105 1431 partes
1124 1371 1406 1428 traduxerit,
1422 1380 1468 1416 et

157 1443 282 1487 inter
301 1444 389 1492 alia
409 1459 434 1487 a
450 1444 687 1488 Phaselitis
710 1443 873 1488 decem
895 1445 1066 1488 talenta
1083 1445 1316 1503 acceperit
1335 1443 1469 1504 (Plu-

158 1516 304 1561 tarch.
345 1517 461 1564 Cim.
511 1514 593 1578 12)
612 1538 630 1573 ,·
668 1517 840 1561 deinde
874 1527 979 1577 post
1018 1517 1373 1562 celeberrimam
1408 1519 1469 1563 ad

158 1589 558 1649 Eurymedontem
588 1591 834 1635 victoriam
866 1592 1005 1635 etiam
1028 1590 1365 1635 Chersonesum
1389 1600 1468 1635 to-

160 1669 255 1704 tam
271 1663 631 1707 Atheniensibus
655 1663 905 1722 subjecerit
930 1679 940 1707 :
967 1665 1124 1708 omnia
1141 1679 1244 1723 quae
1266 1680 1323 1708 ex
1342 1664 1467 1708 libro

161 1734 302 1777 tertio
323 1735 501 1779 Crateri
518 1745 781 1796 supersunt,
805 1737 1142 1795 percommode
1160 1737 1219 1781 ad
1234 1738 1332 1781 haec
1350 1746 1471 1782 tem—

160 1821 303 1866 pora,
323 1816 368 1851 et
386 1807 447 1851 ad
461 1809 781 1852 recensionem
803 1811 1068 1866 civitatum,
1089 1826 1192 1868 quae
1213 1811 1470 1855 Athenien-

131 1920 135 1924 .
159 1879 286 1924 sibus
310 1889 408 1924 tum
434 1881 666 1925 tributum
687 1882 1025 1941 pependerint,
1052 1882 1222 1927 referri
1255 1893 1465 1943 possunt.

160 1953 339 2010 Quodsi
363 1955 454 1998 hoc
477 1955 771 2013 probavelis,
796 1954 1055 2015 siagmenta
1083 1953 1108 1998 5
1132 1965 1178 2000 et
1202 1956 1230 2000 6
1264 1957 1323 2000 de
1345 1957 1470 2002 'lhe—

159 2026 382 2069 mistoclis
414 2027 555 2070 exilio
591 2034 637 2069 et
665 2026 724 2070 de
753 2035 906 2071 morte
946 2028 1161 2072 Aristidis
1193 2029 1470 2074 collocanda

161 2106 268 2143 sunt
292 2107 398 2142 ante
420 2099 680 2158 fragmenta
703 2099 814 2143 libri
838 2108 908 2144 ter
912 2101 988 2156 tii,
1017 2101 1093 2145 cui
1117 2102 1203 2161 ipsi
1226 2102 1472 2148 vindican-

161 2171 277 2215 dum
297 2171 418 2216 foret
443 2133 575 2231 qunod
599 2172 657 2215 fr.
687 2189 710 2240 7
735 2172 794 2216 de
821 2188 937 2232 pace
969 2135 1193 2222 [limonea
1213 2176 1402 2237 legitur.

795 2283 843 2339 3?

229 2404 364 2449 Idem
405 2421 414 2448 :
463 2401 703 2466 Ηιῑ1υρ’διζοι,
743 2399 867 2455 πόλις
901 2399 1083 2467 Θράκης
1120 2398 1230 2460 μετὰ
1271 2401 1470 2466 Σέρριον.

168 2476 425 2529 Ἱ<λλάνικος
460 2475 503 2522 δὲ
532 2476 773 2540 Ἰυρόδιζαν
815 2474 950 2530 αὐτην
990 2493 1117 2540 φησιν
1159 2475 1203 2520 ἐν
1243 2477 1472 2540 Περσικῶν

165 2547 365 2612 δευτέρῳ.
389 2546 454 2595 Ιὸ
479 2547 639 2594 ἐθνικὸν
662 2549 723 2594 δεῖ
752 2547 1102 2612 Τυροδιζαῖος,
1080 2567 1137 2601 ως
1167 2547 1473 2602 1αζαῒος·νῧν

165 2620 209 2667 δὲ
237 2620 519 2684 Ἰυροδιζηνοι
545 2620 766 2684 λέγονται,
801 2623 857 2674 ὡς
886 2619 1103 2684 Κράτερος
1140 2621 1180 2666 ἐν
1206 2619 1337 2684 τρίτῳ
1363 2620 1473 2685 Περι

166 2693 478 2758 ψηφισμάτων.
515 2697 796 2756 Tyrodizam
828 2697 876 2739 in
903 2696 1251 2739 Perinthiorum
1290 2695 1474 2740 ditione

163 2771 324 2824 sitam,
363 2771 612 2814 Doriscum
646 2779 691 2813 et
718 2771 915 2813 Eionem
954 2769 1228 2814 Herodotus
1264 2767 1473 2826 V11,25

166 2851 324 2886 narrat
337 2858 390 2886 ea
409 2842 543 2886 fuisse
561 2843 766 2887 Thraciae
781 2845 901 2899 loca,
923 2860 1019 2903 quo
1039 2852 1327 2888 commeatus
1344 2859 1477 2888 exer-

167 2915 282 2962 citui
310 2913 545 2962 conferri
529 2916 713 2972 jusserit
735 2931 816 2959 rex
836 2917 1094 2960 Persarum.

534 3031 571 3074 E
608 3031 792 3075 Llssao
829 3032 1100 3088 QUARTo

804 3145 828 3191 l.
839 3176 848 3185 .

239 3250 616 3309 Halpocration:
646 3247 1005 3295 Ναυτοδίκαι·
1030 3246 1237 3301 Λυσίας
1219 3267 1260 3294 εν
1286 3250 1346 3294 τιΝι)
1377 3248 1480 3312 πρὸς

174 3319 467 3378 Ἀλκιὸιάδην,
491 3322 528 3366 εἰ
548 3319 719 3382 γνήσιος
751 3323 773 3366 ὃ
796 3318 938 3382 λόγος.
967 3318 1100 3385 Ἀρχή
1126 3339 1188 3373 τις
1217 3324 1269 3378 ἠν
1295 3321 1479 3379 Ἀθήνη-

175 3411 240 3439 σιν
262 3394 300 3439 οἱ
325 3391 602 3439 ναυτοδίκαι·
633 3391 849 3455 Κράτερος
875 3410 975 3453 γουν
1000 3394 1043 3439 ἓν
1069 3395 1129 3439 τῶ
1152 3392 1185 3439 δ
1211 3396 1295 3440 τῶν
1320 3396 1480 3459 Ψηφι-

175 3464 355 3526 σμάτων
378 3463 534 3530 φησίν·
559 3487 575 3507 ιι
600 3463 676 3512 ’ΞΓ
661 3483 711 3509 αν
738 3463 783 3510 δέ
808 3483 869 3518 τις
889 3465 974 3519 ἐξ
952 3472 1111 3529 αμφοῖν
1138 3463 1267 3521 ξένοιν
1294 3465 1480 3530 γεγονὼς

174 3537 412 3605 φρατρίζῃ,
437 3536 606 3585 διώκειν
636 3541 745 3583 εἰναι
765 3540 826 3584 τῶ
855 3538 1104 3603 βουλομένῳ
1138 3539 1388 3599 ΑΟηναίων,
1418 3544 1479 3593 οἷς

793 3682 836 3721 2.

231 3788 364 3825 Dorus
388 3787 509 3826 etiam
527 3786 656 3826 Cariae
673 3786 777 3825 urbs
787 3787 868 3835 cst,
894 3797 1014 3836 quain
1048 3787 1150 3825 inter
1177 3788 1337 3827 Caiicas
1368 3789 1485 3828 urbes

178 3852 356 3891 recenset
375 3851 676 3890 Crateruslibro
694 3850 811 3890 tertio
824 3853 882 3891 De
899 3850 991 3890 deci·
999 3851 1097 3891 ctis:
1121 3854 1234 3891 «Car
1238 3852 1342 3890 icum
1359 3856 1395 3891 tr
1399 3853 1483 3891 iliu-

179 3916 299 3957 turn:
327 3917 480 3964 Dorus,
501 3915 754 3955 l‘haselitae.›

809 4035 854 4075 3.

233 4143 444 4192 Tytwliza,
470 4144 650 4183 'lhraciae
675 4144 770 4183 urbs
802 4146 889 4194 post
925 4143 1100 4183 Serrium
1136 4144 1224 4184 sita.
1260 4144 1437 4183 Heliam(
1441 4156 1487 4183 ns

186 4208 331 4245 Rerum
353 4208 594 4246 Pei-sicarum
618 4208 716 4246 libro
742 4208 917 4247 sve-mdo
934 4219 1021 4247 eain
1038 4208 1272 4258 'lyrodizain
1291 4210 1482 4248 n‹nnin:.1t

185 4271 341 4314 cunule
365 4272 640 4324 'rw-odimus,
667 4273 846 4313 similiter
868 4284 916 4311 ac
936 4275 1103 4312 Gazarus
1118 4272 1287 4323 dicitur,
1306 4285 1387 4313 esse
1408 4274 1478 4314 ‹ic—

1157 277 1430 327 CRATERI
1469 276 1833 325 MACEDONIS

1543 384 1740 449 [ἔξεστιν,
1765 387 1809 432 ἐν
1829 392 1915 439 τοῖς
1945 385 2236 440 ναυτοδίκαις·
2262 379 2322 441 οἷς
2347 386 2422 452 δὲ]
2449 388 2566 436 δίκαι
2597 388 2680 436 εἰσὶ
2710 390 2853 453 [πρὸς
2866 373 2909 443 1,·

1542 457 1639 512 τοὺς
1660 457 1827 517 ξένους]
1852 458 2087 523 λαγχάνειν
2107 461 2161 523 τῇ
2181 457 2254 523 ἕνῃ
2272 459 2347 507 καὶ
2364 460 2442 526 νέα
2460 460 2564 526 πρὸς
2579 461 2676 516 τοὺς
2692 475 2845 510 ναυτο-
2886 470 2909 475 ”

1542 531 1680 586 δίκας.
1725 553 1744 574 »
1770 532 1813 580 'A
1848 532 2079 598 ιστοφάνης
2103 533 2418 580 Δαιταλεῦσιν·
2444 554 2464 576 κ
2497 533 2665 583 ’an-{xm
2703 534 2846 601 βάψας
2881 550 2904 576 a·

1542 603 1647 669 πρὸς
1665 606 1921 659 ναυτοδικας
1942 603 2062 663 ξένην
2084 605 2301 672 ἐξαίφνης.
2320 629 2339 649 »
2895 655 2914 662 ..

1610 683 1862 751 Κράτερος]
1881 685 2085 751 κάρτερος
2098 689 2147 732 in
2167 687 2356 733 duobus
2371 688 2514 735 codd.
2540 716 2597 724 -—
2625 685 2700 734 ἐὰν
2723 685 2770 734 δέ
2787 706 2848 743 τις
2956 747 2961 750 ⁶

1546 758 1579 805 Ξ.
1614 759 1658 807 ἀ.
1692 756 1864 822 ξένοιν]
1889 762 1953 805 sic
1986 762 2127 806 etiam
2148 761 2341 806 Photius
2379 763 2461 822 qui
2495 762 2659 808 eadem
2684 758 2894 811 haben-4
2956 810 2958 813 .

1542 832 1685 891 Apud
1706 835 1986 893 Harpocrat.
2015 849 2135 878 unus
2155 834 2307 879 codex
2326 839 2368 878 A
2388 835 2568 894 praebet
2591 851 2602 878 z
2623 831 2697 880 ἐὰν
2715 833 2761 880 δέ
2785 852 2858 887 τις»
2878 858 2883 872 -,
2956 823 2958 825 ¹

1544 903 1606 966 μὴ
1630 901 1674 958 ἐξ
1691 905 1735 952 ἇ.
1761 902 1798 958 ξ.
1828 906 1993 951 Suidas
2011 923 2049 953 s.
2072 923 2118 953 v,
2147 905 2413 954 Ναυτοδίκαι
2438 909 2532 953 ita:
2557 905 2631 953 ἐὰν
2652 905 2698 953 δέ
2723 925 2784 960 τις
2804 905 2848 962 ἐξ
2882 946 2892 962 ·.
2957 898 2962 914 ἓ

1544 976 1703 1041 ἀμφοῖν
1724 975 1862 1040 γένοιν
1877 975 2121 1024 -διώκειν
2141 969 2405 1040 εἷναι]ε’ἷναι
2423 981 2644 1027 οῐῐι.ὀο(1.
2670 984 2707 1025 Α
2721 998 2734 1036 ;
2750 978 2849 1040 διῴ-
2876 999 2877 1004 ’
2894 982 2922 1042 ’4.

1544 1067 1593 1094 κε
1599 1067 1634 1094 ιν
1672 1050 1738 1096 δεῖ
1767 1052 1948 1096 Suidas.
1987 1080 2044 1087 —
2073 1054 2185 1110 Quae
2210 1052 2382 1098 deinde
2401 1054 2533 1097 uncis
2555 1054 2850 1110 inclusimus,
2881 1101 2884 1106 ,
2963 1101 2966 1111 ,

1544 1125 1777 1182 supplevit
1791 1125 1994 1169 Meierus
2009 1127 2080 1169 De
2102 1125 2219 1170 bon.
2243 1124 2402 1169 damn.
2430 1141 2462 1184 p
2509 1124 2590 1185 95.
2621 1125 2854 1171 Codices:

1545 1197 1606 1247 οἷς
1627 1193 1742 1240 δίκαι
1762 1194 1843 1241 εἶσί
1856 1194 2130 1259 ,λαγγάνειν
2149 1193 2194 1241 δὲ
2210 1198 2264 1258 τῇ
2286 1193 2362 1257 ε’νῃ
2380 1197 2477 1244 κτλ.

1612 1275 1682 1322 Cf.
1713 1276 1773 1320 de
1794 1276 2060 1320 nautodicis
2082 1275 2249 1320 Pollux
2270 1275 2414 1332 VIII,
2448 1276 2572 1321 126·
2595 1276 2654 1323 Οἱ
2675 1273 2720 1322 δὲ
2750 1292 2859 1334 vau}
2876 1272 2886 1318 's

1545 1347 1713 1395 τοδίκαι
1735 1352 1847 1406 ἦσαν
1873 1350 1912 1395 οἱ
1940 1347 2017 1401 τὰς
2047 1367 2124 1404 της
2154 1346 2290 1403 ξενίας
2317 1346 2438 1402 δίκας
2469 1348 2727 1412 εἰσάγοντος.
2849 1374 2853 1376 -
2881 1343 2883 1345 ’

1547 1422 1616 1467 dit
1654 1439 1664 1465 .·
1701 1419 2000 1485 ὓὸριστοδίκαι
2031 1418 2078 1466 δὲ
2107 1421 2369 1483 ἐκαλοῦντο,
2405 1418 2444 1467 εἴ
2467 1439 2508 1466 τι
2530 1419 2617 1486 χρὴ
2646 1422 2815 1486 Κρατε

1547 1492 1763 1540 πιστεύειν
1786 1496 1847 1558 τῷ
1863 1493 1918 1539 τὰ
1935 1492 2198 1559 ψηφίσματα
2219 1491 2472 1555 συνάγοντι,
2495 1494 2534 1540 οἱ
2557 1492 2619 1555 μὴ
2642 1492 2784 1558 βουλόί
2800 1524 2821 1545 η

1545 1586 1608 1632 νοι
1635 1566 1711 1622 τὰς
1736 1566 1857 1620 δίκας
1883 1568 2154 1631 εἰσαγαγεῖν·
2179 1567 2422 1614 ἐπεπόλασε
2444 1564 2488 1614 δὲ
2517 1565 2567 1613 τὸ
2598 1571 2798 1614 τοιοῧτν·
2816 1570 2845 1607 3*

1549 1641 1750 1706 Σικελίᾳ.

1611 1716 1770 1762 Lexic.
1794 1716 1992 1761 Rhetor.
2017 1731 2067 1775 p.
2090 1714 2182 1760 283
2199 1749 2212 1772 ,
2242 1715 2268 1759 3
2295 1731 2305 1759 :
2358 1711 2628 1761 Ναυτοδίκαι
2652 1711 2860 1779 ἄρχοντές

1546 1806 1633 1834 τινε
1622 1786 1657 1841 ’ς
1681 1788 1764 1834 εἰσι
1788 1793 1875 1839 τοῖς
1898 1786 2155 1853 ναυκληροις
2189 1786 2431 1843 δικάζοντες
2453 1805 2527 1834 και
2554 1793 2643 1840 τοῖς
2675 1778 2775 1853 περὶ
2805 1786 2856 1836 τὸ

1547 1859 1753 1925 ἐμπόριον
1776 1859 1991 1925 ἐργάταις.
2004 1863 2183 1908 Eadem
2199 1863 2337 1907 etiam
2357 1854 2570 1908 Suidasl.
2582 1863 2615 1906 l.
2635 1864 2857 1923 -Hesy-

1550 1936 1715 1979 chius.
1744 1933 2014 1982 Ναυτοδίκαι
2033 1936 2071 1981 οι
2092 1953 2194 1999 περι
2217 1938 2294 1980 τοῦ
2313 1932 2524 1998 ἐμπορίου
2547 1933 2772 1992 δικασται,
2795 1933 2860 2000 ἐφ’
2900 1938 2938 1975 1⁴¹

1549 2012 1611 2055 ὧν
1635 2006 1711 2056 καὶ
1736 2010 1780 2054 αἱ
1809 2027 1884 2065 της
1917 2007 2053 2063 ξενίας
2077 2010 2294 2071 ἐκρίνοντο
2319 2007 2452 2055 δίκαι.
2484 2011 2613 2054 Inter
2646 2010 2861 2055 rhetores

1548 2082 1823 2145 nautodicas
1852 2098 1974 2126 unus
1995 2093 2227 2128 memorat
2240 2084 2408 2143 »Lysias
2427 2080 2587 2145 Περι
2562 2099 2722 2142 οημοσ.
2752 2081 2859 2127 ἀδι-
2903 2093 2938 2142 3'

1549 2174 1660 2216 κημ.
1696 2172 1747 2216 p.
1789 2154 1902 2216 595.
1946 2158 2104 2215 Atque
2131 2172 2187 2202 ex
2223 2157 2277 2201 iis
2315 2172 2418 2216 quae
2445 2151 2778 2201 Schoemannus
2815 2165 2861 2202 et
2912 2180 2913 2184 =

1549 2231 1751 2274 Meierus
1776 2230 1825 2272 in
1858 2229 2057 2276 Attis-elz.
2085 2231 2277 2274 Prozess
2302 2245 2352 2290 p.
2397 2228 2458 2282 84
2487 2245 2558 2289 sq.
2592 2239 2857 2288 exponunt,

1550 2312 1677 2347 recte
1691 2304 1929 2363 colligitur
1942 2303 2145 2363 Philippi
2161 2312 2205 2348 et
2222 2303 2549 2349 Demosthenis
2568 2303 2862 2387 temporibus
2903 2299 2910 2305 '⁵
2942 2295 2950 2338 ἓ

1550 2377 1740 2437 magistr
1743 2385 1872 2420 atum
1897 2376 2059 2420 hunc
2043 2392 2142 2435 Jam
2169 2378 2468 2436 antiquatum
2485 2384 2532 2420 et
2550 2390 2747 2420 munera
2764 2376 2864 2435 eius

1555 2449 1640 2514 (de
1674 2449 1846 2507 quibus
1879 2449 1939 2493 cf.
1982 2449 2238 2495 Fritschius
2258 2451 2330 2494 De
2354 2448 2653 2508 Aristophan.
2680 2449 2858 2494 Daedal.
2912 2502 2914 2506 y

1550 2538 1598 2582 p.
1625 2538 1643 2566 1
1659 2518 1741 2582 14)
1763 2522 2084 2567 thesmothetis
2108 2522 2389 2567 demandata
2412 2537 2526 2566 esse.
2555 2521 2694 2568 Cete1
2699 2537 2777 2566 um
2797 2523 2857 2567 ab
2904 2524 2915 2535 ²
2958 2574 2961 2584 Ι

1553 2596 1725 2639 Solone
1749 2595 2053 2646 nautodicas
2037 2611 2134 2653 Jam
2151 2597 2388 2640 institutos
2407 2610 2502 2639 esse
2519 2595 2690 2638 merito
2708 2595 2755 2638 in
2771 2595 2864 2640 du·-
2913 2620 2919 2657 j
2931 2610 2934 2611 ⁷

1550 2669 1684 2712 bium
1707 2677 1844 2713 vocat
1867 2669 2202 2714 Schoemannus
2232 2670 2265 2713 1.
2289 2670 2341 2724 1.,
2374 2683 2569 2713 monens
2593 2669 2641 2711 in
2670 2683 2723 2712 ea
2743 2677 2869 2720 teme
2918 2678 2962 2700 -’

1552 2757 1670 2801 pora
1687 2742 1919 2801 01iginem
1938 2757 2104 2786 eorum
2122 2742 2246 2787 refer
2250 2703 2419 2786 endam
2437 2756 2553 2797 esse,
2577 2742 2749 2801 quibus
2765 2753 2865 2784 em-
2932 2783 2934 2785 ,

1553 2816 1678 2874 porii
1715 2815 1857 2859 Attici
1882 2815 2166 2858 commercia
2194 2813 2349 2858 adeo
2332 2829 2426 2871 Jam
2460 2822 2784 2868 accreverant,
2809 2819 2864 2856 ut

1555 2887 1786 2946 ejusmodi
1822 2889 2118 2947 magistratus
2142 2887 2399 2931 desiderari
2426 2886 2637 2930 deberet
2667 2886 2725 2930 Id
2747 2900 2864 2930 vero

1555 2963 1603 3004 in
1627 2962 1810 3006 Solonis
1844 2969 2024 3005 aetatem
2058 2961 2249 3004 minime
2281 2959 2419 3005 cadit.
2458 2961 2528 3003 Ex
2561 2959 2718 3004 verbis
2750 2973 2863 3003 vero

1554 3034 1802 3094 fragmenti
1825 3035 1998 3090 nostri,
2021 3030 2094 3079 ἐὰν
2122 3031 2166 3078 δέ
2191 3050 2254 3083 τις
2272 3029 2358 3085 εξ’
2335 3035 2498 3096 αμφοῖν
2525 3028 2655 3084 ξένοιν
2675 3049 2725 3093 γε
2728 3047 2863 3093 (oven,-
2929 3044 2942 3094 ζ

1556 3104 1762 3169 φρατρίζῃ
1776 3141 1788 3163 ,
1812 3115 1942 3166 patet
1972 3106 2033 3151 ad
2054 3105 2362 3150 obtinendam
2385 3106 2620 3149 civitatem
2640 3113 2741 3148 tum
2759 3105 2865 3148 satis

1555 3179 1714 3234 fuisse,
1734 3181 1769 3223 si
1789 3181 1906 3224 alter
1924 3188 2171 3239 parentum
2200 3179 2490 3223 Atheniensis
2508 3178 2623 3234 fuit,
2644 3177 2864 3236 adeoque

1555 3252 1894 3296 institutionem
1919 3252 2279 3296 nautodicaiuni
2308 3252 2626 3311 antiquiorem
2644 3265 2740 3295 esse
2761 3250 2864 3310 lege

1555 3325 1758 3369 Periclea
1792 3341 1894 3384 quae
1923 3326 2056 3383 jussit
2093 3322 2246 3385 μόνους
2273 3322 2518 3381 Ἀθηναίους
2543 3327 2670 3369 εἰναι
2693 3320 2790 3386 τους
2814 3321 2864 3368 ἐκ

1556 3396 1671 3442 δυοῖν
1700 3395 1938 3454 Ἀθηναίων
1961 3397 2190 3462 γεγονότας
2213 3399 2478 3463 (Plutarch.
2505 3400 2611 3443 Per.
2639 3393 2737 3459 37).
2762 3398 2865 3442 Jam

1555 3486 1704 3529 quum
1728 3472 1851 3516 libro
1885 3474 2027 3516 tertio
2065 3472 2282 3520 Claterus
2314 3481 2418 3532 agat
2449 3479 2530 3516 aut
2550 3471 2609 3515 de
2624 3471 2738 3515 belli
2759 3471 2866 3514 Me-

1555 3543 1648 3587 dici
1665 3545 1958 3604 temporibus
1968 3554 2047 3589 aut
2063 3545 2122 3590 de
2137 3545 2342 3590 Cimonis
2354 3543 2652 3606 expeditione
2665 3542 2864 3599 Persica,

1556 3681 1701 3732 bebat;
1691 3682 1862 3722 -dicitur
1878 3684 2014 3723 tamen
2031 3683 2325 3734 Tyrodizenus‚
2339 3682 2399 3722 uti
2414 3681 2519 3732 apud
2537 3682 2747 3722 Craterum
2763 3679 2865 3727 libro

1555 3745 1674 3785 tertio
1697 3749 1755 3786 De
1775 3746 1953 3787 decretis

1609 3885 1845 3925 Nautodicae
1862 3885 2027 3925 Athenis
2043 3884 2296 3936 magistratus
2310 3883 2473 3934 quidam
2493 3883 2600 3932 erat,
2618 3882 2733 3933 cujus
2754 3891 2868 3923 men·
2928 3910 2931 3914 »

1558 3948 1707 3988 tionem
1727 3948 1830 3988 libro
1847 3950 1991 3998 quarto
2004 3951 2063 3988 De
2079 3948 2248 3988 decretis
2265 3947 2358 3986 facit
2374 3947 2563 3986 craterus
2578 3945 2636 3985 sic
2651 3945 2863 3996 ἱυςυὶθηει,

1569 4012 1651 4052 «si
1668 4012 1758 4063 quis
1774 4023 1870 4052 vero
1886 4013 2114 4063 peregrinus
2133 4023 2183 4052 ex
2215 4013 2387 4061 utroque
2409 4001 2573 4062 parente
2592 4021 2635 4049 se
2654 4020 2726 4060 pro
2746 4007 2864 4059 phra-
2932 4064 2935 4065 γ

1559 4079 1646 4118 tore
1661 4079 1795 4128 gerat,
1813 4088 1907 4116 eum
1924 4076 2092 4127 quilibet
2116 4075 2414 4116 Atheniensium
2429 4074 2580 4124 Judicio
2601 4072 2707 4124 apud
2723 4074 2864 4111 nauto·
2935 4099 2937 4102 <

1559 4141 1668 4180 duas
1705 4140 1887 4191 persequi
1927 4142 2068 4190 potest.
2101 4139 2140 4180 Si
2176 4139 2264 4190 quis
2292 4139 2427 4178 autem
2466 4138 2606 4176 contra
2643 4133 2864 4186 peregrinos
2911 4139 2942 4193 js

1561 4208 1639 4254 (nu
1645 4206 1831 4255 maiores)
1866 4204 2012 4254 litiget,
2049 4204 2246 4244 actionum
2281 4202 2461 4243 instituat
2495 4199 2600 4251 apud
2631 4197 2863 4238 nautodicas
2915 4203 2941 4262 ᾖ,

1561 4272 1701 4311 ultimo
1717 4271 1781 4311 dic
1797 4271 1952 4311 mensis.
1975 4289 1992 4304 »
