3016 4628
271 324 361 366 26⁴

304 438 441 473 υντες.

269 513 339 554 ην,
361 493 438 539 οὐκ
459 492 501 538 ἐν
525 494 578 551 τῇ
599 490 788 554 'Artax-33.
816 487 872 536 ‘O
896 506 997 551 γουν
1025 484 1205 542 ποιητής
1224 502 1348 549 φησι·

319 595 550 648 Μυρμιδόνες
572 596 612 635 δὲ
633 595 816 634 καλεῦντο
835 593 900 631 καὶ
923 591 1100 636 Ἕλληνες
1123 590 1187 628 καὶ
1210 587 1380 638 Ἀχαιοί,

271 683 551 745 Μυρμιδόνας
577 680 653 742 μὲν
673 679 808 741 λέγων
833 670 941 726 εἶναι
960 675 1056 727 τους
1078 675 1175 739 περὶ
1198 673 1276 731 τὴν
1255 676 1368 721 νεΘ
1353 670 1546 722 Ετταλίας

270 754 413 806 Φθίαν
433 757 735 807 κατοικοῦντας
749 789 762 813 ,
787 750 1009 807 ’Έλληνας
1042 747 1086 795 δὲ
1111 766 1207 799 τους
1228 747 1368 810 μικρῶ
1391 742 1543 806 πρότε·

273 846 343 892 ρον
361 825 589 891 ῥηθέντας,
610 823 804 888 Ἀχαιους
824 821 867 869 δὲ
891 840 986 874 τους
1015 819 1088 866 καὶ
1111 823 1182 864 νῦν
1208 817 1271 864 ἔτι
1299 818 1542 863 κατοικοῧν·

270 922 348 956 τας
371 900 611 950 Μελίταιοίν
643 917 689 945 τε
719 897 793 945 καὶ
824 895 1045 957 Λάρισσαν
1074 890 1150 948 τὴν
1182 886 1442 954 Κρεμαστὴν
1465 905 1542 932 κα-

270 972 481 1036 λουμένην
501 971 574 1019 καὶ
602 969 756 1027 Θήὸας
777 968 850 1021 τὰς
874 964 1076 1029 Ἀχαΐδας
1102 962 1304 1027 πρότερον
1329 957 1541 1015 Φυλακην

271 1044 558 1107 καλουμένην,
583 1042 674 1090 ὅθεν
710 1034 762 1099 ἦν
791 1040 862 1086 καὶ
907 1034 1204 1102 Πρωτεσίλαος
1229 1036 1250 1078 ὁ
1286 1029 1546 1095 στρατεύσας

273 1120 331 1172 εἰς
345 1113 494 1165 ’.Ιλιον
514 1110 665 1163 Ἔστιν
682 1133 751 1160 ουν
770 1115 798 1168 ἡ
820 1111 872 1159 ‘il
875 1111 1009 1162 λλιὶιςε
995 1107 1063 1170 υφ’
1083 1106 1143 1154 “il
1146 1108 1294 1162 λληνος
1311 1105 1545 1150 οἰκισθεῖσα

274 1188 398 1242 πόλις
419 1206 465 1235 τε
484 1205 558 1234 και
573 1184 713 1250 χώρα.
743 1186 793 1245 (a)
822 1182 1043 1244 Μαρτυρεῖ
1060 1176 1103 1224 δε
1122 1176 1194 1223 καὶ
1220 1173 1478 1240 Εὐριπίδης·

372 1301 511 1347 Ἕλλην
530 1301 625 1351 γὰρ,
642 1301 693 1343 ὡς
713 1299 865 1346 λέγουσι
882 1325 892 1344 ,
913 1295 1079 1343 γίγνεται
1098 1293 1184 1336 Διὸς
1199 1321 1211 1340 ,

377 1363 448 1398 τοῦ
470 1358 503 1398 δ’
520 1359 645 1401 Μολος
662 1361 749 1400 παῖς
762 1369 772 1378 ·
792 1355 930 1394 Αἰόλου
947 1354 986 1391 δὲ
1005 1353 1165 1400 Σίσυφος
1178 1379 1188 1397 ,

377 1417 538 1465 Ἀθάμας
554 1429 593 1453 τε
614 1415 777 1464 Κρηθεὺς
793 1414 824 1450 0’
843 1412 883 1455 ὅς
901 1412 934 1449 τ’
954 1410 1012 1449 ἐπ’
1029 1409 1194 1458 Ἀλφειοῦ
1214 1408 1318 1458 ῥοαῖς

374 1476 460 1512 θεοῦ
477 1474 603 1523 μανεὶς
622 1472 745 1522 ἔρριψε
762 1470 984 1535 Σαλμωνεὺς
1001 1469 1046 1518 φ)
1048 1467 1132 1516 όγα.

276 1578 329 1635 (ι)
352 1572 512 1628 Ελλὰς
532 1573 584 1634 μὲ
588 1593 608 1618 ν
636 1591 706 1619 ουν
725 1571 842 1628 ἐστὶ,
865 1570 1010 1634 ὥσπερ
1037 1570 1176 1633 μικρῶ
1201 1564 1401 1631 πρότερον
1429 1565 1544 1627 εἰρή-

274 1664 429 1706 καμεν,
454 1646 506 1702 ἣν
533 1649 555 1691 ὁ
578 1644 675 1698 Διὸς
702 1642 910 1701 ”Ελλην”
887 1660 1066 1698 εκτισεν,
1090 1640 1160 1705 ἀφ’
1181 1643 1228 1686 οὑ
1250 1638 1323 1686 καὶ
1350 1636 1398 1683 τὸ
1416 1637 1545 1691 ἑλλη-

274 1717 399 1772 νίζειν
430 1717 507 1774 τὴν
544 1715 830 1780 προσηγορίαν
866 1714 1063 1778 εἴληφεν·
1091 1710 1303 1774 ’Έλληνες
1330 1709 1368 1756 δ’
1401 1710 1439 1755 οἱ
1471 1708 1542 1772 ἀφ’

270 1786 498 1846 ”Ελληνος.
524 1781 655 1836 Ουτοι
682 1785 724 1833 δὲ
763 1787 867 1833 εἰσιν
893 1785 1045 1839 Αἴολος
1068 1804 1140 1831 και
1164 1782 1371 1849 Σίσυφος,
1400 1780 1463 1828 ἔτι
1499 1778 1543 1827 δὲ

274 1860 462 1922 Ἀθάμας
477 1879 550 1906 και
568 1858 827 1920 Σαλμωνεὺς
849 1877 923 1904 και
943 1859 980 1904 οἱ
1001 1855 1160 1903 τούτων
1186 1855 1334 1921 φύντες
1356 1853 1537 1916 ἔκγονοι.

275 1934 326 1994 (a)
353 1931 406 1980 ‘li
427 1931 469 1979 δὲ
486 1930 726 1992 καλουμένη
746 1950 817 1976 νυν
839 1928 995 1982 Ἑλλὰς
1015 1927 1183 1992 λέγεται
1204 1926 1306 1989 μὲν,
1323 1927 1369 1973 οὗ
1401 1925 1542 1988 μέντοι

273 2003 390 2050 ἐστί·
413 2002 462 2050 τὸ
483 2002 564 2067 γὰρ
583 2002 855 2061 ἑλληνίζειν’
835 2001 919 2065 εγὼ
938 1994 1045 2048 εἶναί
1065 2018 1174 2064 φημι
1198 2001 1273 2045 οὐκ
1301 2001 1343 2044 ἐν
1363 2017 1424 2062 τῳ
1448 1998 1541 2044 δια·

271 2074 465 2139 λέγεσθαι
504 2077 659 2140 ὀρθῶς,
695 2076 790 2121 ἀλλ’
824 2076 865 2120 ἐν
901 2076 961 2120 τῶ
996 2071 1105 2136 γένει
1137 2075 1212 2129 τῆς
1243 2074 1407 2136 φωνης·
1433 2067 1540 2127 αὕτη

270 2149 384 2194 ἐστὶν
409 2147 480 2212 ἀφ’
506 2145 739 2204 ”Ελληνος·
761 2149 786 2203 ἡ
810 2145 854 2193 δὲ
880 2121 1087 2199 Ἑλλὰς’
1068 2163 1111 2191 εν
1137 2142 1357 2207 Θετταλία
1387 2148 1540 2189 κεῖται.

271 2218 486 2271 Ἐκείνους
508 2222 579 2265 οὖν
601 2220 776 2281 ε’ρουμεν
794 2217 870 2275 τὴν
897 2217 1091 2266 Ἑλλάδα
1111 2217 1321 2264 κατοικεῖν
1347 2215 1421 2262 καὶ
1445 2217 1542 2267 ταῖς

270 2296 427 2353 φωναῖς
444 2289 745 2348 ἑλληνίζειν.6
711 2289 758 2354 (6)
783 2287 894 2338 Εἷδὲ
907 2290 980 2336 καὶ
999 2289 1112 2336 κατὰ
1126 2289 1173 2336 τὸ
1185 2288 1290 2336 ἴδιον
1309 2307 1443 2352 τουγε
1424 2287 1543 2340 ’νους

270 2365 344 2419 τῆς
360 2362 596 2415 Θετταλίας
613 2366 639 2419 ἡ
661 2361 820 2415 Ἑλλάς
837 2364 926 2408 ἐστι
940 2401 952 2421 ,
974 2362 1134 2408 δίκαιον
1158 2360 1233 2408 καὶ
1253 2358 1365 2407 κατὰ
1386 2359 1434 2406 τὸ
1450 2378 1539 2406 κοι·

270 2434 356 2491 νὸν,
386 2435 443 2486 ὡς
465 2438 537 2480 νῦν
563 2433 840 2495 ὀνομάζονται
869 2431 1105 2492 τΈλληνες,
1129 2436 1205 2491 τῆς
1233 2431 1446 2484 ”Ελλοίδος
1471 2434 1541 2478 αὖ·

268 2505 344 2562 τὴν
369 2498 489 2554 εἶναι.
522 2508 573 2569 (7)
596 2505 700 2554 ‘'O-ri
717 2505 760 2552 δὲ
781 2513 899 2552 πᾶσα
923 2506 975 2564 ἣν
999 2505 1356 2595 κατηριθμήμεθα
1383 2504 1544 2558 Ἑλλάς

270 2578 384 2635 ἐστι,
409 2585 614 2642 μαρτυρεῖ
640 2582 745 2640 ἡμῖν
769 2581 791 2625 ὃ
810 2599 892 2625 των
911 2579 1147 2647 κωμῳδιῶν
1169 2575 1349 2635 ποιητὴς
1379 2575 1542 2624 Ποσεί-

271 2649 444 2706 διππος,
470 2650 734 2715 μεμφόμενος
754 2650 1004 2710 Ἀθηναίοις,
1028 2650 1093 2698 ὅτι
1124 2650 1201 2710 τὴν
1233 2653 1372 2697 αὑτῶν
1399 2649 1542 2715 φωνὴν

272 2738 346 2766 και
364 2720 439 2777 τὴν
462 2721 582 2768 πόλιν
604 2722 706 2787 φασὶ
725 2742 799 2780 της
823 2722 875 2771 ‘E
877 2723 1030 2776 λλάδος
1051 2727 1185 2781 εἶναι,
1203 2721 1338 2783 λέγων
1355 2721 1508 2775 οὕτως·

349 2828 483 2873 Ἑλλὰς
503 2829 569 2878 μέν
589 2829 668 2868 ἐστι
690 2830 781 2879 μία,
801 2830 925 2875 πόλεις
946 2831 984 2870 δὲ
1002 2831 1184 2875 πλείονες.

353 2886 404 2924 Σὺ
425 2886 490 2935 μὲν
507 2886 700 2932 ἀττικίζεις
715 2917 725 2936 ,
749 2888 845 2934 ἡνίκ’
866 2890 911 2927 ἂν
931 2890 1056 2939 φωνὴν
1076 2889 1184 2939 λέγῃς

356 2944 473 2982 αὑτοῦ
491 2943 574 2981 τιν’·
591 2946 626 2982 οἱ
648 2944 681 2983 δ’
694 2946 870 2991 Ἕλληνες
887 2947 1134 2997 ἑλληνίζομεν.

349 3000 396 3040 Τί
412 3000 710 3050 προσδιατρίὸων
731 3003 934 3048 συλλαὸαἴς
950 3005 1014 3042 καὶ
1031 3004 1250 3054 γράμμασιν

350 3059 418 3103 τὴν
434 3058 678 3107 εὐτραπελίαν
698 3060 748 3104 εἰς
765 3059 898 3106 ἀηδίαν
914 3061 1038 3111 ἄγεις;

281 3142 333 3203 (6)
357 3139 470 3203 Πρός
495 3140 569 3202 μὲν
586 3141 681 3196 τους
706 3144 785 3208 οὐχ
803 3139 1239 3206 ὑπολαμὸάνοντας
1201 3151 1308 3193 εἶναι
1330 3145 1406 3204 τὴν
1431 3148 1544 3195 Θετ-

278 3210 429 3258 ταλίαν
461 3215 535 3269 τῆς
565 3211 767 3267 Ὕλλάδος
797 3216 891 3262 οὐδὲ
925 3235 1018 3270 τους
1051 3219 1117 3265 Θε
1100 3217 1296 3272 ετταλους
1333 3216 1548 3298 ”Ελληνος

282 3284 510 3346 ἀπογόνους
527 3284 649 3338 ὄντας
666 3287 739 3332 ἑλ)
739 3286 931 3343 ηνίζειν’
914 3307 982 3334 επι
1006 3294 1201 3336 τοσοῦτον
1226 3290 1425 3349 εἰρήσθω.
1424 3271 1548 3350 οΤὴν

282 3354 327 3402 δὲ
346 3354 538 3403 Ἐλλάδα
574 3356 847 3421 ἀφορίσαντες
867 3358 942 3412 ἕως
972 3363 1054 3406 τῶν
1072 3363 1302 3408 Θετταλῶν
1327 3362 1548 3424 στομίου”ι

280 3427 353 3475 καὶ
373 3432 447 3475 τοῦ
476 3429 718 3491 Μαγνήτων
746 3429 973 3492 Ὀμολίου,
998 3432 1074 3490 τὴν
1102 3432 1295 3497 διήγησιν
1316 3434 1549 3495 πεποιημέ·

279 3519 366 3558 νοι,
389 3500 692 3561 καταπαύομεν
712 3501 783 3547 τὸν
806 3504 945 3566 λόγον.

282 3636 450 3676 Fuhrius
476 3637 577 3677 inter
600 3637 676 3676 alia
702 3638 847 3688 ponit
840 3655 848 3664 ·
873 3647 1071 3691 ποταμοῠ,
1089 3644 1195 3693 quod
1213 3655 1235 3682 a
1255 3646 1410 3686 traditis
1428 3646 1552 3686 literis

281 3694 492 3743 remotius,
519 3704 544 3733 a
574 3697 705 3734 mente
735 3697 907 3737 auctoris
936 3699 1095 3739 tortasse
1128 3702 1306 3750 proxime
1325 3704 1455 3743 abest.
1486 3704 1547 3744 Cf.

280 3750 461 3802 ScylaxS
479 3756 555 3791 33ι
578 3752 743 3792 ἐντεῦθεν
769 3754 986 3804 άρχεταιή”
993 3758 1111 3802 Ena<
1139 3762 1299 3810 συνεχὴς
1322 3761 1417 3800 εἶναι
1439 3762 1550 3812 μέχρι

281 3811 445 3855 Πηνειοῦ
467 3813 642 3860 ποταμοῦ
655 3810 718 3850 καῖ
731 3811 911 3861 Ομολίου
932 3812 1090 3859 πόλεως.
1103 3816 1324 3868 -πόλις]
1346 3821 1395 3858 V.
1414 3820 1555 3858 strabo

282 3868 359 3915 ΙΧ,
374 3877 413 3917 p
429 3867 1555 3925 431,561ιο1.6(111.8,683;”Ελλάδα(λέγει)μίανπόλιν

283 3923 515 3969 Θεσσαλίας.
538 3924 743 3975 neuoth:

282 3982 384 4020 λ.ου
404 3979 418 4032 ]
445 3993 503 4021 ec.
520 3983 659 4033 πατήρ.
687 3984 788 4030 Qum
807 3994 933 4035 quum
953 3984 1088 4024 durior
1107 3987 1251 4038 ellipsis
1266 3990 1330 4039 sit,
1349 3992 1552 4030 Hemster-

284 4038 420 4078 husius
444 4038 494 4079 ad
524 4039 686 4080 Lucian.
718 4041 907 4092 llalcyon
934 4042 1052 4082 scribi
1079 4044 1207 4084 voluit
1225 4047 1337 4092 Διὸς,
1368 4048 1427 4088 uti
1454 4049 1555 4088 infra

284 4097 370 4141 Διὸς
383 4097 534 4144 Ἕλλην
557 4120 607 4130 -
628 4098 1428 4148 Μιλιταιέων]6ο(16κ.κ“ι11ιι·.Μελιταίων
1448 4107 1554 4157 vigo.

284 4156 392 4192 -οῑ
419 4154 491 4205 ἀφ
518 4155 562 4195 ¹1²:
575 4156 596 4194 λ
607 4156 643 4194 λ
659 4154 727 4209 ]οῑ
748 4156 879 4196 addidi
902 4157 1106 4198 sementim
1122 4170 1252 4200 causa.
1270 4163 1397 4212 Vulgo
1416 4164 1556 4213 legitur

286 4213 378 4250 εἰσιν
398 4214 432 4251 οἳ
465 4217 521 4263 τῷ
541 4214 662 4263 γένει,
694 4215 761 4255 ubi
793 4226 930 4256 vocem
964 4219 999 4256 οἳ
1035 4227 1113 4256 non
1143 4222 1318 4269 agnoscit
1340 4224 1477 4262 codex.
1506 4245 1557 4253 —

290 4274 323 4307 2.
345 4271 547 4317 θετταλίας
564 4274 621 4320 φθ.
639 4272 652 4323 ]
669 4274 876 4312 emmam
901 4275 958 4325 ρθ.
979 4275 1064 4314 cod.
1088 4295 1134 4302 -—
1152 4278 1387 4330 πρότερον
1415 4282 1557 4333 Φυλ]

569 4335 592 4361 ο

763 3926 917 3975 ’ὓῖλλὰω
933 3928 1040 3973 πόλις
1066 3929 1105 3968 ἐν
1133 3932 1342 3983 Θεσσαλίᾳ.
1369 3954 1422 3962 -
1448 3935 1501 3975 Αἰ
1519 3930 1558 3969 6·

1241 300 1600 352 DlCAEARCHl
1640 296 1928 348 MESSENII

481 437 490 442 ⁴
510 422 548 480 (2
549 420 562 482 )
583 416 639 467 ‘H
661 409 734 466 ουν
757 412 920 470 Ελλὰς
946 415 990 462 g„
1010 404 1276 477 ΘετταλζᾳὟ
1248 432 1319 469 ην
1341 411 1411 458 ὅτε
1435 408 1539 457 ποτὲ
1620 408 1798 446 utuntur
1810 405 1865 455 (2)
1875 403 2006 443 Hellas
2017 401 2137 451 igitur
2149 410 2222 439 suo
2233 399 2467 448 temporem
2485 396 2702 449 Thessalia,
2720 384 2799 440 non
2814 390 2908 440 vero

1621 478 1660 518 in
1678 477 1827 524 Attica,
1843 476 1928 515 erat
1964 476 2094 523 Atque
2107 472 2181 511 hac
2196 473 2330 510 mente
2345 473 2544 510 Homerus
2556 470 2625 519 (ll.
2645 475 2692 520 2,
2710 471 2802 523 684)
2821 472 2907 512 ait:

1665 572 1722 613 My
1728 568 1914 604 rmidones
1929 569 2050 602 autem
2065 564 2296 600 vocabantur
2311 565 2348 599 et
2365 563 2539 599 Hellenes
2554 566 2593 600 et
2604 563 2744 600 Achaei.

1621 670 1779 710 Scilicet
1808 667 2076 721 Myrmidones
2107 665 2279 715 appellat
2308 664 2378 715 qui
2422 665 2606 704 Phthiam
2638 666 2910 710 Thessalicam
3000 715 3004 724 ζ

1618 741 1828 789 tenebant,
1855 739 2037 779 Hellenes
2052 748 2149 776 vero
2176 748 2243 776 eos
2265 747 2366 786 quos
2385 736 2724 788 mododiximus,
2743 727 2919 791 Achaeoe
2933 743 2957 791 '.·

1620 814 1789 863 denique
1808 811 1984 861 eos,qui
2007 810 2126 851 etiam
2157 820 2265 849 nunc
2281 809 2465 849 habitant
2487 810 2701 851 Melitaeam
2723 814 2765 852 et
2784 813 2915 857 laris-
2951 796 2957 842 ,²
3000 796 3006 843 J-

1617 896 1701 925 sam
1735 885 1964 924 Cremasten
1989 893 2112 932 quam
2138 882 2301 930 vocant,
2329 882 2370 921 et
2399 882 2555 922 Thebas
2584 882 2799 935 Achaidas,
2816 896 2913 936 quae
2943 883 2946 887 ’
3000 926 3005 933 ι

1619 958 1714 996 urbs
1751 957 1858 1006 prius
1896 955 2064 1005 Phylace
2100 953 2406 1003 nominabatur,
2449 954 2557 995 unde
2590 957 2829 998 Protesilaus
2858 957 2911 1013 ad

1620 1028 1738 1067 ilium
1754 1029 1886 1077 copias
1900 1027 2030 1066 duxit.
2057 1027 2112 1075 (3)
2138 1026 2272 1066 Hellas
2287 1026 2407 1076 igitur
2425 1028 2484 1067 est
2507 1027 2558 1067 ab
2573 1029 2738 1070 Bellene
2751 1015 2915 1071 condit·
3000 1032 3008 1058 ὲ-

1620 1100 1714 1139 urbs
1730 1101 1893 1150 ejusque
1908 1099 2028 1149 regio.
2050 1098 2162 1139 Idem
2178 1098 2385 1149 Euripides
2400 1111 2561 1151 quoque
2580 1102 2750 1142 testatur
2767 1118 2781 1144 ε
2800 1138 2803 1140 ,
2960 1091 2961 1096 ¹
3003 1101 3005 1103 ’

1714 1296 1808 1328 Nam
1822 1293 1964 1331 Hellen,
1982 1293 2037 1328 uti
2053 1293 2169 1336 aiunt,
2188 1295 2281 1329 Jove
2299 1296 2399 1328 satus
2412 1297 2478 1338 est,

1705 1350 1814 1394 hujus
1833 1348 1928 1384 filius
1947 1350 2082 1392 AEolus‚
2099 1350 2193 1385 AEoli
2213 1359 2303 1385 vero
2315 1351 2506 1396 Sisyphus.

1705 1416 1748 1441 ac
1771 1406 1942 1442 Athamas
1956 1410 1994 1442 61
2008 1406 2187 1441 Cretheus
2203 1409 2240 1441 et
2261 1407 2323 1451 qui
2340 1406 2387 1442 ad
2403 1407 2536 1452 Alphei
2555 1407 2692 1446 fluenta

1708 1463 1812 1498 Jovis
1827 1461 1954 1507 fulgur
1969 1462 2157 1498 insaniens
2170 1463 2356 1506 jaculatus
2371 1466 2439 1503 est,
2456 1465 2692 1502 Salmoneus.

1621 1575 1676 1625 (4)
1699 1575 1831 1615 Hellas
1847 1574 1967 1626 igitur
1983 1577 2065 1624 est,
2083 1577 2131 1615 ut
2145 1577 2281 1627 paullo
2295 1578 2387 1617 ante
2409 1578 2645 1631 retulimus,
2666 1566 2790 1631 quam
2810 1583 2915 1624 Jove
2934 1568 2938 1572 ’
2959 1554 2962 1556 ¹
3000 1627 3002 1630 ,

1617 1649 1733 1687 natus
1749 1648 1888 1687 Hellen
1903 1647 2103 1699 condidit,
2116 1659 2142 1688 a
2158 1660 2239 1699 quo
2259 1650 2303 1689 τὸ
2320 1650 2522 1697 ἑλληνίζειν
2545 1651 2911 1699 denominationem
2957 1698 2959 1702 ,

1618 1721 1782 1771 accepit.
1804 1721 1989 1761 Hellenes
2013 1723 2150 1762 autem
2177 1723 2272 1763 sunt
2292 1723 2360 1773 qui
2387 1723 2438 1763 ab
2459 1724 2622 1764 Hellene
2639 1724 2796 1766 oriundi
2822 1742 2833 1766 :
2853 1719 2912 1767 illi
2958 1708 2963 1757 Ῑ

1617 1797 1712 1825 vero
1728 1788 1822 1826 sunt
1849 1787 1989 1827 AEolus
2006 1788 2046 1827 et
2067 1788 2260 1839 Sisyphus
2277 1790 2316 1829 et
2333 1790 2527 1839 praeterea
2542 1790 2735 1832 Athamas
2755 1793 2798 1832 et
2813 1794 2905 1833 Sal·

1617 1870 1782 1898 moneus
1794 1870 2012 1910 eorumque
2026 1861 2244 1911 progenies.
2265 1862 2320 1911 (5)
2338 1865 2438 1909 Quae
2449 1864 2586 1903 autem
2597 1874 2708 1903 nunc
2720 1865 2927 1920 appellari*
2958 1855 2960 1858 ’

1616 1931 1715 1971 60161
1730 1932 1865 1974 Η61166
1881 1933 1895 1981 (
1914 1933 2116 1984 Graecia),
2131 1935 2188 1974 sic
2203 1933 2348 1974 dicitur
2362 1935 2498 1986 potius
2510 1946 2631 1986 quam
2646 1938 2707 1976 est
2726 1951 2738 1993 ι
2755 1948 2850 1979 uam
2867 1939 2913 1979 τὸ

1617 2004 1815 2052 ἑλληνίζειν
1851 2016 1933 2044 non
1966 2005 2008 2044 in
2043 2007 2151 2048 recte
2179 2006 2379 2058 loquendo
2401 2008 2575 2058 positum
2605 2019 2691 2049 esse
2717 2009 2911 2062 dixerim,

1616 2077 1682 2116 sed
1700 2077 1741 2116 in
1756 2088 1896 2127 genere
1915 2078 2084 2128 loquelae
2104 2079 2218 2119 :hacc
2232 2090 2328 2119 vero
2347 2080 2399 2120 ab
2416 2081 2576 2121 Hellene
2593 2091 2742 2125 nomen
2760 2082 2882 2127 habet
2899 2100 2909 2124 ι

1617 2149 1749 2188 Η61166
1771 2151 1905 2189 autem
1928 2150 1970 2189 in
1992 2150 2192 2194 Thessalia
2211 2151 2286 2191 sita
2303 2153 2377 2191 est.
2402 2154 2480 2191 Eos
2506 2152 2626 2203 igitur
2653 2153 2915 2204 (Thessaliae

1617 2222 1807 2273 incolas)
1842 2222 2004 2265 Hellada
2037 2223 2211 2263 incolere
2241 2223 2412 2264 dicimus
2431 2226 2471 2264 et
2502 2225 2712 2266 Hellenico
2728 2237 2915 2268 semona

1616 2294 1688 2333 uti.
1710 2294 1765 2345 (6)
1788 2293 1828 2335 Si
1851 2306 1944 2346 ergo
1963 2295 2027 2335 vel
2043 2292 2261 2336 secundum
2285 2297 2436 2347 generis
2458 2298 2763 2350 proprietatem,
2779 2298 2913 2340 Thes·-

1615 2367 1723 2406 saliae
1745 2359 1875 2407 Hellas
1891 2368 1961 2416 sit,
1983 2369 2104 2412 etiam
2121 2369 2239 2419 juxta
2257 2370 2610 2422 communitatem,
2623 2373 2670 2411 ut
2689 2371 2930 2416 hodiernos-

1615 2442 1675 2478 est
1709 2440 1890 2480 Hellenes
1930 2441 2142 2491 appellari,
2177 2441 2330 2484 Helladi
2363 2453 2453 2482 eam
2480 2443 2622 2483 ascribi
2650 2427 2915 2495 justum-est:

1618 2512 1674 2563 (7)
1694 2511 1808 2559 Quod
1823 2514 1957 2552 autem
1989 2514 2095 2564 regio
2122 2515 2230 2563 tota,
2261 2525 2384 2564 quam
2413 2515 2750 2568 memoravimus,
2778 2518 2916 2560 Hellas
2959 2556 2962 2557 γ

1618 2584 1725 2634 (sive
1739 2585 1919 2636 Graecia)
1934 2585 2007 2636 sit,
2030 2586 2147 2628 testis
2159 2587 2271 2630 nobis
2290 2588 2350 2631 est
2367 2587 2622 2639 posidippus,
2645 2591 2764 2640 poeta
2785 2591 2915 2631 comi-

1617 2668 1686 2697 cus
1697 2688 1707 2706 ‚
1734 2658 1991 2699 Athenienses
2012 2659 2242 2712 increpans,
2260 2659 2370 2710 quod
2388 2660 2566 2710 linguam
2586 2673 2701 2702 suam
2717 2664 2759 2703 et
2772 2646 2915 2704 urbem

1617 2730 1818 2780 praecipue
1844 2730 2012 2770 Hellada
2031 2742 2116 2771 esse
2137 2731 2403 2782 contendant,
2424 2732 2481 2772 sic
2495 2732 2631 2774 dicens
2653 2750 2664 2774 :
2829 2722 2835 2727 ⁹

1705 2836 1829 2871 Hellas
1843 2836 1991 2880 quidem
2006 2845 2082 2872 una
2096 2838 2151 2871 est
2160 2862 2170 2877 ,
2188 2836 2302 2872 urbes
2312 2845 2405 2871 vero
2420 2836 2563 2881 plures.

1704 2896 1757 2927 Tu
1780 2892 1930 2937 quidem
1955 2892 2152 2936 atticissas,
2180 2892 2272 2928 dum
2298 2895 2360 2927 tua
2383 2893 2512 2936 lingua
2537 2893 2655 2931 utaris
2679 2906 2706 2933 a.

1706 2958 1775 2984 nos
1792 2957 1880 2984 vero
1899 2949 2166 2992 graecissamus‚
2185 2949 2247 2993 qui
2265 2948 2387 2984 Graeci
2403 2957 2546 2984 sumus.

1707 3004 1808 3048 Quid
1823 3005 2025 3040 immorans
2040 3005 2186 3047 syllabis
2201 3007 2239 3039 et
2255 3004 2379 3040 verbis

1705 3062 1955 3098 urbanitatem
1969 3061 2083 3096 vertis
2098 3061 2138 3095 in
2155 3061 2405 3102 morositatem
2415 3061 2432 3095 ?

1621 3155 1677 3206 (8)
1696 3156 1793 3194 Haec
1808 3153 1915 3209 dicta
1931 3152 2130 3192 sufficiant
2141 3151 2191 3191 ad
2209 3152 2298 3192 illos
2313 3152 2565 3204 refutandos,
2585 3153 2655 3205 qui
2671 3154 2917 3211 Thessaliam

1619 3226 1671 3266 ad
1686 3225 1851 3265 Hellada
1863 3236 1943 3264 non
1957 3225 2156 3275 pertinere
2169 3224 2350 3264 arbitrati
2363 3227 2474 3273 sunt,
2490 3237 2621 3276 neque
2637 3204 2916 3279 Thessalosab

1620 3299 1783 3339 Hellene
1817 3298 1927 3337 ortos
1945 3290 2212 3337 hellenissare.
2252 3299 2328 3338 Hic
2354 3298 2472 3348 igitur
2489 3298 2710 3339 orationem
2729 3298 2914 3353 fluimus,
2940 3345 2941 3350 ¹

1620 3370 1849 3411 narratione
1877 3369 2056 3409 confecta
2068 3399 2080 3420 ‚
2112 3380 2193 3420 qua
2217 3371 2414 3410 Graeciam
2437 3369 2690 3411 terminando
2725 3371 2849 3423 perdo
2857 3371 2916 3413 xi·
2935 3408 2944 3419 ,v

1621 3454 1711 3483 mus
1730 3453 1857 3494 usque
1891 3442 1943 3482 ad
1977 3442 2257 3482 Thessalorum
2278 3443 2327 3465 **
2349 3444 2390 3484 et
2416 3444 2646 3495 Magnetum
2665 3429 2913 3487 Homolium.
2932 3497 2934 3502 λ

1621 3646 1763 3685 Strabo
1780 3648 1836 3686 IX
1849 3674 1861 3695 ,
1877 3656 1915 3696 p.
1933 3649 2025 3694 435,
2049 3645 2243 3695 Phylacen
2259 3646 2300 3685 et
2318 3645 2475 3685 Thebas
2499 3644 2705 3696 distinguit
2723 3645 2916 3695 (Φυλάκῃ
2927 3655 2936 3692 ς

1622 3702 1732 3753 ἐγγὺς
1745 3704 1887 3750 Θηὸῶν
1901 3703 1998 3742 ἐστι.
2017 3702 2078 3742 cs.
2097 3713 2138 3753 p.
2157 3705 2232 3744 433
2244 3702 2270 3752 ).
2288 3702 2487 3754 Phylacen
2501 3705 2700 3743 Homerus
2708 3705 2918 3753 memorat,
2929 3700 2934 3707 ”

1623 3772 1703 3800 non
1728 3761 1824 3800 item
1841 3760 2021 3810 Thebas;
2044 3759 2083 3800 id
2111 3760 2221 3810 quod
2239 3760 2374 3800 Nostri
2401 3760 2610 3800 sententiae
2626 3760 2929 3811 patrocinatur

1623 3838 1674 3846 —-·
1692 3823 1729 3857 3.
1750 3817 1955 3869 Εὐριπίδης
1970 3816 1985 3868 ]
2009 3817 2050 3856 in
2067 3818 2181 3857 AEolo
2195 3846 2207 3867 ‚
2226 3818 2273 3857 ut
2288 3817 2463 3858 videtur.
2479 3819 2532 3859 V·
2549 3819 2744 3868 Wagner.
2758 3819 2891 3863 Frmm
2920 3814 2936 3838 ἕ

1623 3875 1758 3925 Eurip.
1772 3886 1810 3924 p.
1833 3881 1890 3914 15.
1901 3897 1954 3903 ——
1970 3878 2008 3915 4.
2022 3875 2085 3925 ἀφ’
2099 3875 2144 3914 οὗ
2157 3874 2240 3926 καὶ]
2253 3875 2363 3926 cod.;
2374 3876 2440 3915 καὶ
2456 3886 2536 3915 om.
2549 3874 2662 3915 editt.
2676 3895 2728 3904 --
2741 3879 2777 3916 5.
2791 3874 2863 3923 εἶν

1623 3933 1770 3983 φημι]
1787 3933 1895 3982 60(1.,
1884 3945 1894 3956 ·
1912 3933 2007 3972 εἶναι
2023 3943 2103 3972 om
2127 3932 2241 3973 editt.
2256 3958 2308 3968 —
2323 3937 2360 3976 7.
2377 3934 2528 3973 αὑτοῦ·
2541 3931 2934 3986 νι,·ιν’]8111111111111(’,>

1624 3991 1742 4029 αὐτοῦ
1761 4005 1856 4036 τινες
1873 3991 2053 4031 codex.
2073 3992 2285 4031 Thessalus
2306 3992 2472 4043 aliquis,
2489 3992 2535 4031 ut
2551 3994 2729 4042 apparet,
2751 3991 2794 4032 in
2812 3993 2853 4032 te
2881 3974 2929 4047 ’ζ”ῖ

1625 4049 1754 4088 Attica
1778 4050 1918 4088 natum
1946 4048 1986 4088 in
2009 4047 2071 4088 his
2090 4056 2169 4089 vss.
2193 4049 2425 4100 alloquitur,
2447 4049 2582 4100 aitque
2606 4049 2651 4087 ut
2669 4047 2800 4088 Attici
2811 4048 2859 4088 ‹lt-r

1625 4120 1662 4145 xv.
1654 4108 1739 4151 ’ζειν
1765 4106 1842 4145 dici
1875 4106 2048 4157 debent,
2069 4117 2195 4156 quum
2226 4117 2300 4146 sua
2331 4102 2465 4157 lingua
2485 4106 2666 4154 utantur,
2684 4105 2741 4154 sic
2762 4106 2878 4146 6616
2862 4124 2882 4163 3
2922 4132 2924 4134 v

1626 4167 1657 4201 (“
1664 4175 1786 4203 iaecos
1806 4164 2060 4209 ἑλληνίζειν.
2083 4164 2266 4205 Salmas.
2286 4164 2336 4204 ad
2356 4165 2481 4205 Solin.
2499 4174 2539 4215 p.
2564 4167 2653 4213 100,
2671 4164 2716 4203 F.
2736 4162 2799 4203 cf.
2819 4166 2854 4203 M
2863 4205 2869 4211 ,
2896 4174 2931 4215 ςέ-

1626 4221 1713 4259 ιιοῑι.
1735 4224 1847 4261 Com.
1874 4224 1949 4269 lV,
1970 4232 2008 4273 1).
2031 4224 2103 4262 524
2140 4242 2192 4251 —
2211 4225 2234 4263 8
2265 4225 2405 4262 τῶν...
2425 4219 2691 4273 στομίου]01“.
2708 4229 2842 4277 8111116..
2862 4241 2866 4243 ·
2906 4214 2928 4252 ἵζ’
