3002 4646
157 347 187 379 x
804 328 885 376 EK
922 328 1048 376 ΤΗΣ
1085 326 1384 376 ΙΣΤΟΡΙΑΣ
1419 327 1731 375 ΔΙΟΔΩΡΟΥ
1768 326 2173 380 ΣΙΚΕΛΙῼΤΟΥ.

148 431 234 475 λεῖν
250 431 304 491 (3)
328 426 405 490 μὲν
424 427 492 474 ’τὸν
511 427 814 493 πρεσὸύτερον,
841 428 1076 493 ἐγχειρίσαι
1099 426 1144 474 δὲ
1163 430 1224 492 τῷ
1247 425 1440 491 νεωτέρῳ

149 502 224 558 τὴν
241 500 482 565 βασιλείαν,
497 501 839 564 ἀπαγγελθείσης
852 501 896 548 δὲ
906 505 980 558 τῆς
999 504 1196 564 ταραχῆς
1208 502 1265 554 εἷς
1276 499 1353 557 τὴν
1373 502 1442 546 αὖ·

148 572 241 632 λὴν,
252 578 274 621 ὁ
290 572 489 638 βασιλεὺς
503 573 897 639 μεταπεμψάμενος
909 573 980 620 τὸν
996 572 1178 637 ἀδελφὸν
1193 574 1443 634 ἀπελογεῖτο

151 646 261 707 μετὰ
286 646 502 711 δακρύων,
531 645 591 708 μὴ
612 645 826 693 πιστεύειν
852 649 914 711 τῷ
938 645 1013 701 τὴν
1037 644 1260 708 βασιλείαν
1278 646 1441 708 ἐπιχει-

153 723 291 783 ροῦντι
313 719 660 784 σφετερίσασθαι,
689 719 762 766 καὶ
791 722 867 775 τῆς
893 717 1146 783 ἀμφοτέρων
1174 715 1344 774 ἡλικίας
1363 735 1442 762 κα-

148 791 505 857 ταπεφρονηκότι·
529 793 566 838 εἷ
588 791 622 838 δ’
648 791 710 838 ἔτι
734 791 941 846 διστάζων
969 794 1022 855 τῇ
1048 789 1213 853 διανοίᾳ
1238 788 1441 854 φοὸῆται,

150 864 509 929 παραλαμὸοίνειν
527 863 653 911 αὐτὸν
686 864 882 911 ἐκέλευσε
907 863 980 910 καὶ
996 863 1045 910 τὸ
1059 861 1248 921 διάδημα
1270 860 1344 908 καὶ
1363 860 1440 918 τὴν

151 937 306 1000 ἀρχήν.
330 935 459 1000 Ταχὺ
481 936 525 982 δὲ
544 940 618 983 τοῦ
637 935 860 1001 μειρακίου
885 935 954 982 τὸν
977 934 1156 999 ἀδελφὸν
1183 932 1442 986 ἀπολύοντος

149 1014 224 1067 τῆς
249 1010 448 1075 ὑποψίας,
469 1008 703 1073 ἀμφότεροι
725 1006 951 1071 βασιλικὰς
977 1005 1262 1059 ἀναλαὸόντες
1286 1006 1439 1058 στολὰς

149 1081 321 1139 ἐξῆλθον
354 1084 411 1135 εἰς
449 1081 496 1128 τὸ
520 1084 704 1143 πλῆθος,
741 1079 919 1144 φανερὸν
959 1083 1177 1131 ποιοῦντες
1204 1083 1356 1137 πᾶσιν,
1383 1079 1440 1129 ὡς

148 1158 413 1215 ὁμονοοῦσιν.
486 1154 539 1202 Ὁ
566 1153 609 1200 δὲ
633 1152 850 1206 Διονύσιος
882 1149 1113 1214 ἀποτυχὼν
1136 1153 1212 1206 τῆς
1236 1148 1440 1206 ε’πιὸολῆς

147 1227 339 1273 ἐκποδὼν
361 1226 509 1273 ἑαυτὸν
536 1225 728 1283 ἐποίησε.
780 1225 868 1272 Καὶ
892 1223 940 1270 τὸ
962 1223 1038 1286 μὲν
1059 1225 1226 1287 πρῶτον
1253 1223 1439 1284 διαπεμ-

147 1299 328 1361 πόμενος
359 1298 498 1345 ἔπειθε
522 1302 606 1345 τῶν
628 1300 900 1363 στρατιωτῶν
922 1289 1017 1350 τοὺς
1039 1295 1215 1348 οἰκείους
1250 1294 1439 1341 ἀποστά-

147 1391 253 1425 σεως
277 1378 490 1418 κοινωνεῖν
512 1374 596 1417 τῶν
615 1369 813 1417 ἐλπίδων·
837 1361 928 1415 εἶτα
946 1369 1003 1421 εἷς
1025 1366 1222 1414 Ἐλευσὶν
1254 1366 1308 1429 (4)
1329 1367 1436 1412 ἀνα-

145 1445 347 1509 χωρήσας
361 1443 644 1509 προσεδέχετο
659 1440 754 1495 τοὺς
777 1439 1033 1504 νεωτερίζειν
1053 1438 1434 1503 προαιρουμένους,

146 1517 218 1562 καὶ
242 1519 325 1563 τῶν
349 1517 616 1580 ταραχωδῶν
651 1515 923 1578 στρατιωτῶν
965 1509 1264 1576 ἀθροισθέντας
1297 1509 1351 1574 (5)
1380 1512 1437 1565 εἷς

144 1587 523 1653 τετρακισχιλίους.
546 1587 602 1634 ‘O
624 1585 668 1633 δὲ
694 1583 893 1650 βασιλεὺς
918 1586 985 1631 ἐπ’
1003 1582 1153 1636 αὐτοὺς
1171 1581 1437 1648 στρατεύσας

144 1661 217 1708 καὶ
237 1660 413 1718 νικήσας
432 1658 616 1713 καὶτοὺς
644 1657 719 1721 μὲν
740 1655 898 1705 ἀνελὼν
924 1655 1022 1709 τοὺς
1039 1653 1084 1702 δὲ
1107 1654 1277 1713 διώξας,
1301 1674 1432 1713 συνη·

143 1735 333 1796 νάγκασε
362 1733 432 1780 τὸν
467 1731 687 1781 Διονύσιον
715 1730 871 1795 γυμνὸν
897 1728 1175 1786 διανήξασθαι
1199 1727 1247 1776 τὸ
1273 1729 1434 1794 ῥεῖθρον

143 1810 215 1853 τοῦ
242 1809 456 1867 ποταμοῦ,
484 1804 557 1851 καὶ
582 1803 658 1861 τὴν
678 1800 951 1868 ἀναχώρησιν
977 1803 1034 1855 εἷς
1054 1800 1150 1856 τοὺς
1173 1800 1436 1864 Αἰγυπτίους

142 1878 434 1939 ποιησάμενον
470 1877 681 1924 ἀνασείειν
727 1876 781 1924 τὰ
831 1875 975 1933 πλήθη
1026 1873 1130 1939 πρὸς
1171 1873 1431 1923 ἀπόστασιν.

142 1950 378 2014 Δραστικὸς
398 1949 441 1996 δὲ
462 1948 521 1996 ὢν
545 1949 617 1997 καὶ
640 1949 830 2013 μεγάλης
847 1949 1065 2011 ἀποδοχῆς
1081 1945 1294 2012 τετευχὼς
1328 1949 1435 2011 παρ’

142 2023 282 2076 αὐτοῖς
303 2022 552 2084 Αἰγυπτίοις
571 2021 682 2086 ταχὺ
703 2019 884 2074 πολλοὺς
901 2019 1003 2085 ἔσχε
1019 2018 1114 2074 τοὺς
1133 2021 1432 2086 κοινοπραγεῖν

141 2095 436 2159 βουλομένους.

206 2171 289 2218 lX.
340 2167 445 2215 εΌτι
492 2166 708 2231 Ἀρταξίας
747 2171 768 2214 ὁ
810 2170 886 2223 τῆς
926 2165 1151 2231 Ἀρμενίας
1201 2163 1431 2230 βασιλεὺς,

139 2240 329 2292 ἀποστὰς
369 2238 601 2302 Ἀντιόχου,
633 2240 758 2285 πόλιν
800 2237 965 2285 ἔκτισεν
1001 2236 1225 2300 ἐπώνυμον
1261 2240 1430 2298 ἑαυτοῦ,

139 2311 211 2358 καὶ
231 2312 426 2372 δυνάμεις
442 2311 571 2375 ἁδρὰς
591 2310 845 2374 συνήγαγεν.
887 2309 942 2358 Ὁ
970 2307 1013 2356 δὲ
1036 2309 1247 2374 Ἀντίοχος
1271 2309 1431 2375 ἰσχύων

138 2387 234 2432 κατ’
260 2384 442 2438 ἐκείνους
465 2382 560 2438 τοὺς
585 2383 762 2448 χρόνους
787 2386 843 2437 ὡς
867 2382 1002 2436 οὐδεὶς
1024 2386 1108 2429 τῶν
1134 2383 1276 2442 ἄλλων
1304 2387 1432 2447 βασι-

135 2457 256 2516 λέων,
295 2455 570 2522 ἐστράτευσεν
610 2456 676 2503 ἐπ’
720 2455 865 2519 αὐτὸν,
891 2456 965 2503 καὶ
995 2455 1174 2514 νικήσας
1206 2455 1428 2521 ἠνάγκασε

134 2537 265 2576 ποιεῖν
280 2529 327 2576 τὸ
347 2528 732 2594 προσταττόμενον.

201 2605 259 2651 Χ.
283 2599 390 2650 ‘'Ox-t
406 2602 536 2649 πάλιν
563 2603 675 2660 ἄλλη
694 2601 858 2659 κίνησις
883 2600 1067 2660 συνέστη
1093 2600 1206 2649 κατὰ
1231 2600 1309 2660 τὴν
1330 2602 1428 2660 Θη-

137 2671 290 2737 Cuiam,
318 2674 586 2736 ἐμπεσούσης
610 2678 745 2740 ὁρμῆς
768 2675 854 2728 τοῖς
886 2673 1071 2732 πλήθεσι
1094 2673 1200 2738 πρὸς
1235 2672 1429 2720 ἀπόστα-

134 2767 218 2794 σιν.
289 2747 345 2795 ‘0
364 2747 406 2794 δὲ
435 2747 632 2811 βασιλεὺς
650 2750 920 2810 Πτολεμαῖος
938 2746 1169 2802 ἀναζεύξας
1190 2745 1255 2794 ἐπ’
1274 2745 1427 2800 αὐτοὺς

137 2818 247 2880 μετὰ
270 2821 430 2876 πολλῆς
456 2822 687 2883 δυνάμεως,
712 2820 766 2867 τὰ
792 2820 869 2883 μὲν
893 2820 1006 2867 ἄλλα
1025 2819 1136 2884 μέρη
1154 2823 1230 2877 τῆς
1250 2816 1428 2876 Θηὸαί-

134 2894 200 2944 δος
223 2890 374 2956 ῥαδίως
398 2891 706 2956 προσηγάγετο·
733 2897 810 2951 τῆς
833 2891 876 2940 δὲ
906 2892 957 2956 (1)
979 2891 1246 2953 καλουμένης
1268 2893 1429 2939 Πανῶν

133 2963 297 3017 πόλεως
323 2963 553 3027 βεὸηκυίας
581 2965 651 3011 ἐπί
674 2985 782 3020 τινος
809 2965 859 3028 (2)
888 2964 1070 3031 ἀρχαίου
1094 2964 1301 3028 χώματος
1317 3000 1330 3023 ,
1353 2963 1428 3010 καὶ

132 3028 340 3086 δοκούσης
385 3031 541 3094 ὀχυρᾶς
579 3023 685 3076 εἶναι
732 3033 779 3078 ἐκ
821 3030 1106 3096 δυσπροσίτου
1121 3066 1134 3089 ,
1156 3028 1423 3095 συνέδραμον

132 3103 190 3154 εἰς
214 3099 377 3158 ταύτην
398 3103 435 3160 οἱ
461 3100 808 3166 πρακτικώτατοι
834 3106 918 3151 τῶν
943 3101 1264 3168 ἀφεστηκότων.
1303 3104 1421 3151 Πτο-

1519 434 1624 483 giam
1655 434 1892 483 potestatem
1919 433 2167 473 molirentur.
2225 434 2350 484 Cujus
2383 436 2580 477 tumultus
2610 439 2752 478 nuntio
2784 441 2822 479 in

1518 513 1650 551 aulam
1673 512 1852 562 perlato,
1881 523 1953 552 rex
1969 514 2158 552 arcessito
2183 513 2297 553 fratri
2314 525 2357 554 se
2375 517 2580 566 purgavit,
2602 518 2738 558 multis
2762 521 2821 559 la-

1518 591 1651 630 crimis
1673 602 1838 641 precans
1867 602 1918 631 ne
1940 591 2061 631 tidem
2084 591 2249 633 haberet
2277 593 2407 635 verbis
2428 594 2534 646 ejus,
2555 597 2625 647 qui
2641 597 2825 649 doepecta

1519 670 1674 720 utriusq
1681 671 1969 722 uejnventute,
1983 672 2058 712 sibi
2076 672 2278 713 vindicare
2293 684 2457 725 regnum
2469 676 2659 717 studeret.
2676 679 2825 726 Quodsi

1518 761 1612 789 vero
1631 752 1762 791 metus
1781 751 1914 791 adhuc
1928 753 1968 792 et
1984 752 2179 794 dubitatio
2197 753 2330 806 aliqua
2347 756 2472 796 menti
2492 757 2723 807 inhaereret,
2745 759 2825 800 dia·

1517 835 1634 874 <lema
1653 834 1784 885 ipsum
1811 846 2098 889 summumque
2114 838 2325 890 imperium
2344 850 2546 881 assumere
2564 840 2694 891 jussit.
2748 842 2826 883 Sed

1516 915 1651 954 statim
1680 916 1848 966 puerulo
1878 927 1902 956 a
1931 918 2166 969 suspicionis
2196 920 2360 961 crimine
2388 901 2552 962 fratrem
2565 923 2795 965 absolvente
2812 956 2825 976 ,

1516 992 1635 1031 ambo
1666 994 1776 1033 veste
1806 995 1910 1045 regia
1929 995 2057 1036 induti
2077 997 2116 1038 in
2147 999 2291 1051 vulgus
2309 1002 2524 1052 prodeunt,
2548 1014 2676 1056 eoque
2694 1005 2827 1055 palam

1515 1071 1668 1112 faciunt
1693 1074 1880 1115 omnibus
1912 1086 1955 1116 se
1989 1078 2208 1119 concordes
2238 1091 2335 1122 esse.
2392 1082 2457 1122 Sic
2480 1083 2692 1134 Dionysius
2721 1086 2828 1127 ausis

1514 1152 1596 1193 suis
1615 1154 1803 1195 excidens
1818 1166 1840 1194 e
1852 1159 2066 1207 conspectu
2082 1169 2125 1199 se
2144 1160 2344 1203 subducit.
2399 1167 2457 1203 Ac
2473 1164 2648 1214 primum
2664 1165 2826 1216 quidem

1515 1232 1664 1274 milites
1683 1246 1786 1286 quos
1799 1236 1850 1276 ad
1867 1248 1952 1277 rem
1969 1238 2132 1279 idoneos
2144 1251 2229 1280 esse
2248 1222 2421 1293 putaret,
2437 1245 2678 1297 arcessebat,
2700 1246 2843 1298 iisque.

1513 1317 1800 1369 persuadebat,
1843 1321 1889 1359 ut
1934 1331 2168 1363 communes
2213 1323 2405 1365 haberent
2449 1337 2538 1376 spes
2574 1326 2824 1368 defectionis.

1514 1394 1664 1436 Deinde
1681 1397 1839 1436 Eleusin
1855 1408 1897 1436 se
1920 1398 2113 1450 recipiens
2125 1399 2366 1451 adjungebat
2381 1402 2456 1443 sibi
2476 1403 2673 1445 studiosos
2693 1417 2827 1446 rerum

1513 1482 1709 1512 novarum
1726 1474 1847 1524 atque
1869 1475 2012 1515 milites
2031 1475 2251 1527 seditiosos,
2269 1490 2440 1529 quorum
2457 1480 2508 1519 ad
2531 1483 2723 1531 quattuor
2737 1484 2827 1523 mil-

1512 1551 1565 1591 lia
1591 1553 1814 1604 congregati
1830 1555 1937 1594 sunt.
1993 1557 2079 1595 Rex
2097 1557 2233 1596 autem
2249 1556 2394 1596 educto
2406 1559 2545 1598 contra
2560 1570 2629 1600 eos
2647 1561 2825 1602 exercitu

1511 1631 1732 1683 proelioque
1751 1632 1896 1684 victor,
1916 1634 2031 1675 hoste
2047 1636 2193 1686 partim
2208 1636 2340 1677 occiso
2355 1637 2499 1688 partim
2519 1637 2562 1677 in
2576 1639 2710 1689 fugam
2726 1652 2824 1680 con-

1510 1721 1627 1751 verso
1638 1741 1651 1761 ,
1663 1711 1795 1763 ipsum
1810 1713 1931 1753 etiam
1942 1713 2177 1765 Dionysium
2192 1725 2239 1755 eo
2257 1715 2428 1767 redegit,
2447 1717 2491 1755 ut
2509 1717 2642 1757 Nilum
2655 1718 2825 1760 fluvium

1511 1788 1644 1830 nudus
1657 1789 1834 1831 natando
1849 1791 2054 1843 trajiceret
2072 1795 2113 1834 et
2128 1793 2169 1833 in
2181 1794 2386 1844 superiora
2397 1795 2554 1845 AEgypti
2566 1796 2823 1848 sereciperet.

1511 1868 1587 1907 Hic
1602 1878 1764 1918 quoque
1783 1868 1834 1908 ad
1855 1869 2119 1910 defectionem
2136 1871 2346 1922 Dionysius
2365 1853 2732 1923 plebem'excitavit
2746 1906 2758 1925 ‚
2784 1878 2825 1916 et

1510 1945 1700 1996 quoniam
1717 1946 1779 1986 vir
1794 1948 1880 1987 erat
1902 1949 2088 1988 strenuus
2103 1959 2328 2000 magnaque
2340 1950 2395 2005 ‘ab
2417 1950 2511 2001 ipsis
2541 1953 2733 2002 AEgyptiis
2756 1954 2824 1994 be-

1509 2022 1735 2063 nevolentia
1746 2009 2035 2075 excipiebatur,
2049 2021 2158 2065 brevi
2170 2026 2320 2066 multos
2335 2027 2408 2067 sibi
2424 2028 2682 2068 consiliorum
2695 2030 2826 2070 socios

1510 2103 1771 2152 comparavit.

1560 2176 1630 2213 lX.
1661 2174 1843 2214 Artaxias
1872 2175 1940 2225 qui
1969 2187 2097 2226 quum
2134 2175 2185 2214 ab
2199 2176 2394 2216 Antiocho
2418 2179 2472 2217 M.
2506 2178 2727 2230 defecisset,
2752 2192 2826 2222 rex

1508 2248 1707 2286 Armeniae
1738 2248 1864 2288 factus
1897 2250 1955 2288 est
1967 2280 1979 2298 ,
2016 2248 2155 2288 urbem
2185 2249 2257 2288 sibi
2296 2251 2572 2299 cognominem
2619 2252 2821 2303 condidit,

1507 2320 1737 2371 multasque
1750 2321 1882 2370 copias
1894 2321 2062 2371 collegit.
2077 2321 2297 2361 Antiochus
2315 2322 2583 2374 (Epiphanes)
2599 2336 2710 2375 vero,
2723 2327 2821 2366 tunc

1514 2390 1704 2440 temporis
1719 2390 1896 2441 potentia
1917 2391 2082 2441 reliquis
2101 2391 2258 2442 regibus
2273 2393 2461 2433 omnibus
2475 2395 2671 2444 superior,
2695 2406 2820 2448 expe-

1507 2463 1700 2503 ditionem
1722 2464 1863 2503 contra
1892 2474 1984 2503 eum
2015 2465 2189 2516 suscepit
2216 2465 2449 2516 victumque
2466 2467 2595 2507 facere
2625 2468 2820 2520 imperata

1508 2536 1649 2587 coegit.

1559 2612 1612 2650 X.
1640 2612 1792 2650 Rursus
1807 2610 1884 2650 alia
1903 2609 2044 2651 seditio
2061 2610 2231 2652 conflata
2250 2614 2310 2652 est
2330 2614 2370 2653 in
2386 2613 2606 2660 Thebaide,
2628 2615 2819 2657 defectio·

1505 2697 1567 2736 nis
1585 2696 1737 2749 impetu
1752 2696 2053 2736 multitudinem
2068 2697 2320 2748 corripiente.
2376 2699 2503 2749 Cujus
2518 2703 2819 2752 compescendae

1505 2794 1644 2824 caussa
1656 2783 1793 2823 multis
1809 2793 1903 2822 cum
1919 2783 2042 2834 copiis
2052 2784 2254 2834 profectus
2278 2785 2520 2826 Ptolemaeus
2533 2787 2708 2838 reliquas
2723 2788 2815 2838 qui-

1505 2867 1597 2908 dem
1608 2868 1740 2918 partes
1755 2867 1966 2909 Thebaidis
1983 2867 2086 2907 facili
2099 2868 2256 2918 negotio
2274 2868 2323 2908 ad
2344 2869 2611 2910 obedientiam
2631 2871 2791 2912 reduxit
2801 2885 2819 2922 ·,

1508 2946 1719 2997 Panopolis
1734 2947 1884 2996 autem,
1901 2945 1997 2986 urbs
2012 2945 2054 2985 in
2069 2957 2208 2996 aggere
2219 2947 2394 2997 quodam
2407 2948 2572 3000 antiquo
2585 2949 2674 3001 sita,
2688 2961 2820 3000 quum

1514 3029 1676 3079 propter
1691 3027 1823 3067 aditus
1838 3026 2117 3077 difficultatem
2136 3027 2237 3067 bene
2253 3028 2406 3068 munita
2426 3039 2510 3069 esse
2536 3029 2755 3080 videretur,
2774 3031 2816 3070 in

1503 3109 1608 3148 hanc
1623 3107 1883 3148 strenuissimi
1895 3108 2044 3159 quique
2057 3107 2306 3149 defectorum
2325 3119 2410 3149 sese
2424 3111 2673 3160 receperunt.
2728 3112 2814 3150 Pto-

131 3253 153 3277 σ
165 3252 185 3277 ο
196 3242 247 3275 ῢτ
259 3237 323 3287 ον]
336 3239 529 3276 τοσούτων
543 3239 628 3278 cod.
647 3257 694 3266 —
709 3245 745 3280 3.
762 3242 813 3280 ἀν
823 3255 840 3280 ε
852 3244 873 3281 λ
883 3245 952 3281 εῖν
966 3241 980 3292 ]
993 3242 1117 3281 ἀνελεῖ
1136 3241 1226 3281 cod.
1241 3262 1294 3270 -
1305 3244 1343 3280 4.
1366 3242 1434 3286 εἷς
1454 3241 1496 3280 'E
1507 3241 1555 3280 λε
1565 3240 1672 3279 υσὶν
1684 3239 1700 3291 ]
1713 3240 1912 3285 εἰςελεῦσιν
1928 3239 2019 3279 cod.
2037 3239 2190 3280 Eleusis
2207 3242 2267 3281 est
2280 3241 2497 3293 κωμύδριον
2517 3242 2812 3294 Ἀλεξανδρείας,

132 3298 173 3333 ut
196 3295 336 3333 Suidas
353 3295 407 3334 ait
425 3307 459 3333 v.
480 3297 739 3348 Καλλίμαχος.
770 3300 949 3339 Meminit
966 3300 1042 3338 loci
1060 3301 1178 3339 etiam
1198 3299 1331 3339 Livius
1349 3301 1470 3349 XLV,
1492 3303 1538 3338 12
1559 3314 1568 3338 :
1593 3297 1658 3338 Ad
1670 3299 1920 3339 Eleusinem
1939 3301 2207 3348 transyresso
2226 3299 2449 3347 (Antiocho
2467 3300 2688 3351 Epiphani)
2700 3331 2714 3352 ,
2736 3303 2812 3353 qui

110 3345 112 3347 ’
132 3354 246 3391 locas
262 3356 468 3403 quattuor
483 3355 625 3394 millia
642 3356 695 3395 ab
713 3357 980 3396 Alexandria
996 3358 1136 3406 abest,
1157 3358 1288 3408 leqacz'
1307 3359 1490 3398 Romam
1506 3360 1755 3398 occurrunt.
1785 3376 1838 3386 -—-
1860 3362 1898 3397 5.
1919 3356 2208 3408 ἀθροισθέντας]
2226 3357 2503 3408 ἁθροισθέντων
2521 3359 2611 3399 cod.

182 3412 246 3448 lx.
274 3412 360 3450 Fac.
389 3416 480 3461 180,
508 3416 648 3451 17-21
675 3424 713 3452 υ.
733 3436 783 3441 -
799 3414 835 3453 Ἀ
850 3429 899 3466 ρτ
913 3415 983 3460 αξί
997 3415 1074 3466 ας]
1093 3415 1180 3454 cod.
1200 3415 1388 3467 Ἀρτάξης,
1406 3416 1517 3466 quod
1537 3415 1749 3455 defendere
1776 3414 1901 3465 possis
1916 3415 2005 3454 loco
2024 3414 2225 3454 Plutarchi
2245 3415 2285 3453 in
2307 3415 2462 3454 Lucull.
2485 3426 2522 3455 c.
2546 3420 2610 3466 31,
2631 3415 2700 3455 ubi
2728 3415 2807 3468 Ἀρ-

129 3469 243 3517 τάξα,
271 3468 460 3519 Ἀρτάξαν.
483 3473 630 3510 Verum
656 3472 839 3522 Ἀρταξίας
859 3475 918 3512 est
942 3475 1048 3523 apud
1070 3475 1253 3514 strabon.
1280 3478 1356 3524 Xl,
1385 3486 1422 3525 p.
1449 3478 1545 3523 528,
1570 3473 1734 3523 Appian.
1754 3477 1841 3523 Syr.
1864 3476 1926 3512 45.
1948 3479 2014 3522 66,
2037 3474 2077 3512 et
2099 3473 2308 3539 Polybium
2335 3475 2463 3512 XXVI
2482 3502 2493 3522 ,
2523 3480 2570 3523 6,
2603 3479 2647 3514 12
2679 3480 2720 3514 et
2742 3486 2807 3540 ap.

129 3526 255 3574 ipsum
274 3527 491 3566 Diodorum
507 3530 642 3577 fragm.
663 3533 768 3569 XlV.
788 3532 991 3581 Artaxias,⁴
1005 3534 1186 3572 Antiochi
1206 3534 1335 3583 Magni
1351 3534 1392 3572 in
1407 3533 1592 3573 Armenia
1611 3531 1841 3581 praefectus,
1861 3542 1949 3580 rege
1968 3541 1992 3570 a
2011 3531 2198 3570 Romanis
2215 3534 2321 3570 victo
2341 3533 2353 3577 (
2374 3535 2444 3571 190
2466 3542 2503 3570 a.
2521 3531 2598 3598 C..)
2611 3562 2622 3581 ,
2639 3531 2807 3598 defecit,

127 3588 165 3622 et
188 3585 440 3634 Hannibalis,
463 3586 520 3625 uti
539 3587 699 3635 dicunt,
721 3588 883 3627 consilio
901 3591 1090 3630 Artaxata
1114 3592 1253 3630 urben]
1270 3592 1320 3631 ad
1341 3595 1513 3632 Araxam
1533 3590 1710 3630 condidit
1730 3589 1899 3639 (Strabo
1916 3591 1956 3628 et
1978 3588 2226 3654 Plutarch-l.
2250 3589 2323 3640 L).
2347 3591 2489 3656 Regem
2511 3601 2579 3639 qui
2601 3592 2807 3660 Artaxiam

128 3640 319 3691 imperata
338 3644 466 3682 facere
482 3647 632 3693 coegit,
650 3645 821 3694 intellige
838 3647 1077 3687 Antiochum
1096 3650 1339 3698 Epiphauem
1353 3681 1363 3699 ‚
1379 3649 1428 3690 de
1443 3661 1524 3699 quo
1542 3649 1707 3699 Appian.
1725 3651 1813 3698 Syr.
1834 3650 1898 3696 45,
1919 3658 1957 3697 p.
1981 3651 2050 3687 197
2069 3647 2134 3687 ed.
2155 3646 2286 3686 Dulot.
2310 3663 2319 3686 :
2342 3647 2594 3713 Ἐστρατευσε
2607 3649 2646 3688 δε
2663 3663 2728 3688 και
2745 3651 2805 3688 επὶ

127 3700 159 3738 Ἀ
169 3699 318 3748 ρταξίαν
339 3701 405 3740 τὸν
425 3701 626 3752 Ἀρμενίων
645 3704 831 3753 βασιλέα,
850 3707 914 3743 καὶ
932 3707 1045 3745 αὐτὸν
1068 3708 1163 3745 ἑλὼν
1186 3708 1441 3754 ἐτελεύτησεν.
1462 3706 1706 3748 01.ἰάοωί1).
1725 3718 1760 3745 c.
1781 3711 1845 3745 66.
1864 3707 2051 3745 Ceterum
2067 3704 2116 3745 de
2137 3707 2260 3755 capto
2271 3707 2441 3770 *Artaxia
2458 3705 2567 3771 apud
2587 3706 2804 3746 Diodorum

126 3757 246 3805 nihil,
268 3757 335 3796 sed
356 3758 405 3797 de
427 3762 641 3809 imperata
650 3761 802 3810 facere
819 3766 976 3803 coac-lc.
1000 3764 1151 3809 Quodsi
1178 3764 1297 3813 igitur
1315 3777 1407 3805 vere
1434 3767 1573 3815 captus
1593 3766 1652 3804 est
1667 3794 1678 3814 ,
1696 3764 1788 3803 dein
1807 3763 1992 3803 dimissus
2007 3773 2092 3802 esse
2107 3762 2158 3801 ab
2187 3763 2385 3802 Antiocho
2411 3766 2544 3813 putari
2569 3763 2701 3804 debet.
2725 3765 2802 3830 Sed

125 3816 328 3864 complura
349 3816 389 3855 in
410 3818 579 3866 Syriacis
599 3818 763 3867 Appiani
786 3830 926 3868 [iarum
944 3823 1128 3863 accurate
1146 3822 1246 3860 tradi
1264 3823 1337 3861 viri
1356 3823 1462 3862 docti
1482 3826 1719 3873 queruntur.
1739 3824 1920 3863 Mortuus
1935 3823 1994 3862 est
2013 3821 2232 3861 Antiochus
2257 3832 2362 3860 anno
2395 3825 2466 3862 149
2484 3833 2579 3862 acrae
2602 3823 2799 3863 Seleucid.

126 3875 321 3919 (Maccah.
344 3878 386 3924 l,
409 3882 456 3924 6,
479 3880 539 3916 16.
558 3877 718 3926 loseph.
740 3882 781 3916 A.
803 3881 840 3917 ,1.
864 3881 960 3927 Xll,
978 3882 1027 3928 9,
1057 3880 1130 3929 2),
1150 3882 1233 3919 sive
1258 3882 1319 3920 Ol.
1352 3885 1445 3930 164,
1474 3888 1509 3922 1.
1537 3885 1606 3922 164
1630 3894 1666 3921 a.
1686 3884 1731 3922 G.
1756 3882 1887 3932 (anno
1915 3880 2127 3930 exeunte).
2162 3880 2461 3930 Expeditionem
2487 3882 2581 3932 πρὸς
2607 3881 2695 3926 τοὺς
2719 3882 2802 3920 ἀνω

124 3932 322 3984 σατράπας
344 3935 515 3983 suscepit
534 3946 597 3973 an.
623 3938 690 3974 147
711 3947 802 3974 aera:
829 3937 905 3975 Sel.
928 3936 1132 3986 (Maccah.
1155 3940 1192 3985 l,
1212 3945 1232 3978 3
1255 3942 1316 3979 37.
1335 3940 1496 3990 Joseph.
1516 3943 1588 3981 ΧΠ
1608 3972 1619 3990 ,
1642 3945 1685 3990 7,
1707 3940 1773 3990 2).
1794 3941 2072 3990 Fragmentum
2096 3938 2342 3990 assignamus
2360 3951 2427 3979 an.
2457 3944 2544 3980 165.
2563 3939 2623 3979 Ad
2650 3950 2801 3979 anuum

129 3994 196 4028 164
217 3991 587 4041 ncdeseendanuis,
606 3993 824 4042 impediunt
843 3995 976 4044 fragm.
995 3996 1210 4044 sequentia.
1239 3997 1495 4037 luserendum
1513 4000 1601 4048 post
1616 3998 1684 4038 lib.
1705 4001 1834 4038 XXXI
1850 4009 1938 4048 cap.
1963 4000 2024 4037 17.

174 4051 221 4087 Χ.
245 4050 332 4088 Fol.
363 4055 456 4099 180,
490 4057 532 4090 21
559 4062 660 4090 v.-
686 4056 748 4090 181
768 4082 778 4100 ,
805 4056 813 4089 1
843 4063 879 4092 r.
911 4073 962 4079 —
984 4058 1016 4091 1.
1038 4057 1120 4099 τῆς
1145 4053 1310 4103 δὲ]καί
1338 4061 1403 4103 τῆς
1423 4058 1511 4095 καλ.
1542 4056 1684 4095 codex.
1702 4062 1805 4096 —2.
1828 4054 2233 4106 lloevffiv...·tivoc‚]
2267 4054 2408 4097 Πάνων
2437 4054 2584 4100 πόλεως
2612 4055 2798 4106 βεὸηκίαν

120 4108 240 4146 σίτινο
253 4107 379 4147 codex
392 4140 402 4158 ‚
421 4110 533 4159 quus
553 4110 591 4147 in
611 4109 786 4157 margine
803 4122 901 4149 crux
916 4111 1182 4160 ‹:‹u·1·111›tclaiu
1201 4115 1352 4152 notans.
1371 4117 1510 4154 Πανῶν
1530 4116 1637 4161 πόλις
1655 4116 1842 4156 scribitur
1858 4116 1976 4156 etiam
1995 4114 2096 4165 apud
2115 4115 2298 4155 strabon.
2319 4127 2358 4165 p.
2377 4120 2453 4156 813
2473 4128 2483 4154 :
2508 4117 2648 4155 Πανῶν
2664 4116 2772 4161 πόλις
2787 4145 2798 4164 ,

120 4168 324 4217 λινουργῶν
349 4171 412 4207 καὶ
435 4171 641 4218 λιθουργών
666 4169 845 4207 κατοικία
865 4170 1023 4208 παλαιά.
1047 4171 1157 4217 Apud
1188 4171 1345 4210 Diodor.
1370 4176 1412 4221 l,
1435 4179 1479 4212 18
1499 4175 1539 4213 ct
1563 4175 1806 4224 Stephanum
1835 4177 1930 4224 Byz.
1959 4174 2100 4227 legitur
2130 4174 2255 4219 Πανὸς
2282 4173 2414 4222 πόλις;
2443 4184 2508 4223 ap.
2535 4174 2796 4213 Ptolemaeum

122 4225 348 4269 Πανόπολις.
374 4229 524 4265 Nomen
553 4226 661 4264 urhis
682 4226 1028 4276 A⁴3g51›tiuin,see.
1055 4227 1212 4267 Dimlor.
1236 4230 1260 4267 l.
1283 4231 1307 4267 l.
1331 4233 1499 4280 Χεμμώ,
1536 4233 1595 4270 vel
1619 4235 1661 4270 ut
1677 4232 1731 4272 ait
1750 4232 1973 4272 Herodotus
1992 4234 2049 4282 ll,
2072 4237 2144 4280 91,
2173 4224 2347 4282 Χέιῖμις,
2366 4243 2472 4271 nunc
2489 4231 2693 4282 All-leenyn
2714 4232 2798 4271 sive

121 4280 322 4321 Afflmu‘m.
346 4285 401 4321 Dc
417 4283 491 4321 situ
510 4283 593 4330 ejus
610 4285 646 4322 et
665 4284 785 4323 ruinis
802 4284 891 4323 vide
906 4296 1006 4333 quos
1026 4285 1181 4324 laudant
1207 4287 1330 4325 llerhr.
1354 4289 1399 4327 ad
1429 4290 1673 4330 Herodotum
1691 4292 1715 4331 l.
1735 4291 1779 4337 l.;
1803 4291 1999 4342 For-biger.
2016 4291 2099 4332 Alc.
2125 4293 2267 4340 Gcoqr.
2288 4293 2340 4339 11,
2359 4301 2396 4340 p.
2418 4294 2507 4330 789.
2527 4290 2681 4338 Quibus
2693 4290 2794 4330 addc
