3008 4542
1277 198 1687 246 FRAGMENTA.

82 319 110 370 3.
164 306 292 355 πάλιν
310 302 483 369 ὕστερον
504 302 758 355 ἐκπεσόντας
777 301 854 358 τὴν
875 305 946 348 νῦν
961 301 1173 349 Ἰουδαίαν
1193 306 1443 368 κατασχεῖν,

147 378 238 438 ,καὶ
260 375 480 429 κτίσαντες
498 372 781 439 Ἱεροσόλυμα
804 372 875 420 τὸν
895 370 1000 419 νεὼν
1021 374 1443 434 κατασκευάσασθαι,

86 449 117 507 33,
164 448 294 513 μέχρι
317 446 395 509 μὲν
410 445 570 494 τούτων
585 443 848 503 ἠκολούθησε
867 444 959 497 ταῖς
982 445 1272 509 ἀναγραφαῖς,
1296 445 1443 493 ἔπειτα

99 553 106 563 ,
164 518 210 567 δὲ
235 517 330 573 δοὺς
351 516 542 573 ἐξουσίαν
565 518 707 581 αὑτῷ,
734 515 804 562 διὰ
827 519 900 562 τοῦ
927 514 1057 580 φάναι
1079 517 1256 581 γράψειν
1279 517 1334 563 τὰ
1360 537 1444 578 μυ-

97 605 112 647 ':
164 589 370 652 θευόμενα
405 588 478 636 καὶ
512 586 725 650 λεγόμενα
761 586 860 651 περὶ
898 589 983 633 τῶν
1027 585 1266 648 Ἰουδαίων,
1300 588 1448 652 λόγους

48 663 67 702 s
111 679 114 681 ·
165 659 395 715 ἀπιθάνους
415 659 704 724 παρενέὸαλεν
732 658 784 721 (*)
801 695 815 720 ,
842 656 1046 718 ἀναμῖξαι
1071 659 1321 722 βουλόμενος
1343 663 1446 720 ἡμῖν

84 750 99 781 .;;-
166 732 413 798 Αἰγυπτίων
425 734 592 790 ,πλῆθος
616 732 784 795 λεπρῶν
809 729 882 777 καὶ
908 729 981 776 ἐπὶ
1001 729 1144 784 ἄλλοις
1161 731 1447 795 ἀρρωστήμα-

48 815 49 819 ’
78 796 110 869 '2⁷
159 813 249 866 σιν,
265 804 323 860 ὥς
342 823 468 871 φησι,
483 803 627 870 φυγεῖν
645 804 693 850 ἐκ
711 806 788 860 τῆς
813 801 1031 863 Αἰγύπτου
1050 802 1446 865 καταγνωσθέντων.

71 895 117 943 ‚
166 877 401 942 Ἀμένωφιν
417 875 496 941 γὰρ
515 873 696 939 βασιλέα
710 872 924 939 προσθεὶς,
943 871 1091 938 ψευδὲς
1112 873 1246 935 ὄνομα
1267 874 1360 937 (**),
1377 874 1450 921 καὶ

63 975 86 1017 3·
109 959 111 962 ⁴
167 949 237 999 διὰ
259 954 383 998 τοῦτο
401 948 550 1014 χρόνον
568 949 697 994 αὐτοῦ
714 949 790 1003 τῆς
811 944 1031 1008 βασιλείας
1049 944 1190 1008 ὁρίσαι
1211 944 1271 1007 μὴ
1289 945 1452 1008 τολμή-

47 1018 127 1084 ςζᾈ
168 1041 269 1081 σας,
297 1021 436 1069 καίτοι
470 1039 518 1084 γε
544 1019 616 1067 ἐπὶ
650 1021 733 1066 τῶν
769 1017 910 1064 ἄλλων
949 1015 1158 1079 βασιλέων
1187 1018 1373 1083 ἀκριὸῶς
1398 1018 1452 1065 τὰ

169 1093 243 1152 ἔτη
273 1092 537 1158 προστιθεὶς,
579 1089 717 1154 τούτῳ
745 1088 989 1153 προσάπτει
1024 1088 1140 1143 τινὰς
1177 1089 1452 1153 μυθολογίας,

169 1165 471 1228 ἐπιλαθόμενος
503 1162 658 1228 σχεδὸν
678 1161 743 1208 ὅτι
766 1159 1063 1214 πεντακοσίοις
1083 1159 1195 1208 ἔτεσι
1214 1162 1288 1208 καὶ
1311 1163 1453 1208 ὀκτω-

169 1236 348 1284 καίδεκα
367 1234 568 1301 πρότερον
589 1234 788 1299 ἱστόρηκε
815 1233 1008 1297 γενέσθαι
1031 1232 1110 1291 τὴν
1131 1236 1217 1280 τῶν
1239 1233 1452 1296 ποιμένων

170 1307 308 1364 ἔξοδον
327 1310 385 1363 εἷς
407 1301 708 1373 Ἱεροσόλυμα·
732 1304 1063 1369 Τέθμωσιςλγὰρ
1086 1299 1137 1363 ἦν
1162 1305 1362 1369 βασιλεὺς
1384 1305 1454 1352 ὅτε

170 1379 364 1445 ἐξῄεσαν.
435 1379 539 1428 Ἀπὸ
563 1377 608 1426 δὲ
636 1376 786 1426 τούτου
820 1379 905 1424 τῶν
931 1376 1090 1439 μεταξὺ
1125 1375 1334 1441 βασιλέων
1359 1379 1454 1425 κατ’

147 1450 298 1500 ἀὐτόν
327 1453 418 1506 ἐστι
438 1449 664 1518 τριακόσια
690 1449 943 1506 ἐνενήκοντα
963 1449 1060 1513 τρία
1081 1448 1156 1508 ἔτη
1178 1485 1192 1511 ,
1215 1450 1343 1513 μέχρι
1368 1452 1453 1496 τῶν

171 1522 246 1572 δύο
274 1525 466 1590 ἀδελφῶν
493 1523 614 1572 Σέθω
647 1521 721 1569 καὶ
754 1521 990 1586 Ἑρμαίου,
1012 1514 1070 1568 ῶν
1101 1521 1172 1568 τὸν
1209 1521 1284 1583 μὲν
1313 1520 1456 1569 Σέθων

170 1595 408 1659 Αἴγυπτον,
451 1595 522 1644 τὸν
557 1594 602 1642 δὲ
628 1593 847 1658 ’Έρμαιον
883 1592 1051 1642 Δαναὸν
1089 1592 1458 1656 μετονομασθῆναί

171 1687 316 1734 φησιν.
340 1667 423 1717 ὁΟν
444 1664 639 1727 ἐκὸαλὼγ
659 1668 682 1713 ὃ
702 1665 846 1719 Σέθως
870 1664 1144 1712 ἐδασίλευσεν
1171 1664 1244 1722 ἔτη
1268 1666 1328 1711 νθ’
1347 1684 1357 1695 ·
1385 1664 1458 1712 καὶ

171 1738 265 1803 μετ’
299 1739 426 1787 αὐτὸν
457 1741 479 1786 ὁ
509 1736 796 1803 πρεσὸύτερος
831 1739 915 1785 τῶν
951 1739 1054 1784 υἱῶν
1091 1739 1218 1784 αὐτοῦ
1258 1735 1459 1801 Ῥάμψης

172 1809 252 1868 ξς’.
278 1811 505 1866 Τοσούτοις
531 1803 601 1858 οὖν
617 1810 820 1875 πρότερον
850 1809 986 1857 ἔτεσιν
1013 1811 1214 1857 ἀπελθεῖν
1241 1808 1282 1864 ἐξ
1319 1807 1454 1871 Αἰγύ-

170 1902 278 1933 πτου
290 1883 387 1938 τοὺς
405 1883 591 1948 πατέρας
611 1885 733 1945 ἡμῶν
751 1881 1064 1945 ὡμολογηκὼς,
1079 1875 1170 1929 εἶτα
1190 1880 1262 1928 τὸν
1282 1880 1458 1942 Ἀμένω-

172 1973 242 2021 φιν
263 1957 512 2012 εἷσποιήσας
535 1954 769 2017 ἐμὸόλιμον
797 1953 1003 2018 βασιλέα,
1028 1953 1133 2028 φησὶ
1155 1958 1303 2001 τοῦτον
1321 1954 1460 1999 ἐπιθυ·

176 2030 315 2091 μῆσαι
334 2030 439 2075 θεῶν
455 2026 652 2090 γενέσθαι
669 2025 839 2085 θεατὴν,
865 2025 1011 2091 ὥσπερ
1039 2027 1172 2091 Ὠρος
1195 2017 1253 2079 εἶς
1269 2027 1352 2072 τῶν
1377 2022 1460 2088 πρὸ

226 2181 278 2232 (*)
305 2180 591 2232 Παρενέὸαλεν]
609 2179 817 2221 Boeckhius
832 2190 870 2230 p.
895 2185 967 2220 302
984 2180 1206 2229 suspicatur
1222 2179 1325 2218 hanc
1344 2178 1463 2218 histo-

175 2239 274 2279 riam
292 2250 373 2279 non
392 2239 443 2278 ab
461 2239 544 2289 ipso
560 2238 816 2287 Manethone,
834 2237 902 2277 sed
921 2237 971 2276 ab
989 2238 1064 2276 alio
1084 2236 1255 2287 quodam
1271 2266 1283 2286 ,
1301 2239 1325 2276 J
1329 2236 1463 2275 udaeo-

174 2310 264 2338 rum
291 2298 534 2346 adversario,
553 2297 825 2348 interpositam
848 2307 946 2336 esse.

230 2356 306 2407 (**)
331 2356 481 2400 Ψευδὲς
508 2354 656 2406 ὄνομα]
684 2355 862 2395 Minime.
893 2356 963 2394 Est
993 2364 1065 2394 rex
1081 2353 1222 2393 tertius
1237 2353 1330 2404 dyn.
1350 2356 1463 2403 xlx,

179 2412 485 2463 Amenophthis
505 2411 700 2461 Africani,
721 2410 1020 2462 Amenephtlais
1034 2409 1098 2449 vel
1110 2410 1359 2460 Amenoplzis
1379 2414 1461 2450 Eu-

50 2460 60 2476 ”’
111 2518 116 2523 ι
175 2470 288 2508 sebii.

1501 2506 1510 2511 ,
1543 2455 1850 2519 ὥρκομότησαν
1859 2495 1868 2504 .

2701 214 2791 255 579

1519 307 1646 352 αὐτοῦ
1686 306 2072 370 βεὸασιλευκότων·
2104 309 2337 372 ἀνενεγκεῖν
2375 311 2418 356 δὲ
2457 308 2534 366 τὴν
2568 311 2793 373 ἐπιθυμίαν

1519 375 1734 440 ὁμωνύμῳ
1775 377 1851 438 μὲν
1873 380 1988 442 αὐτῷ
2022 378 2282 445 Ἀμενώφει,
2313 379 2473 445 πατρὸς
2511 380 2555 427 δὲ
2595 382 2795 434 Παάπιος

1519 448 1630 504 ὄντι,
1656 447 1767 501 θείας
1799 446 1841 494 δὲ
1865 450 2055 497 δοκοῦντι
2090 452 2397 516 μετεσχηκέναι
2431 451 2593 517 φύσεως
2615 454 2726 500 κατά
2750 473 2795 500 τε

1521 517 1671 581 σοφίαν
1690 518 1763 565 καὶ
1788 518 2026 583 πρόγνωσιν
2047 524 2130 568 τῶν
2149 524 2375 583 ἐσομένων.
2421 527 2570 573 Εἷπεῖν
2590 518 2660 572 οὖν
2681 527 2796 588 αὐτῷ

1520 593 1666 635 τοῦτον
1684 589 1755 636 τὸν
1776 589 1999 652 ὁμώνυμον
2019 590 2082 638 ὅτι
2099 593 2323 650 δυνήσεται
2340 594 2452 649 θεοὺς
2472 597 2592 655 ἰδεῖν,
2607 598 2647 645 ,εἰ
2665 599 2797 642 καθα-

1524 658 1600 724 ρὰν
1629 661 1716 708 ἀπό
1740 680 1785 707 τε
1810 663 1976 725 λεπρῶν
2002 662 2074 709 καὶ
2102 666 2185 710 τῶν
2211 665 2351 711 ἄλλων
2377 670 2540 732 μιαρῶν
2562 666 2796 730 ἀνθρώπιον

1522 730 1599 788 τὴν
1624 731 1771 796 χώραν
1793 731 1966 780 ἅπασαν
1986 734 2216 792 ποιήσειεν.
2243 735 2453 784 ἹΙσθέντα
2474 738 2519 785 δὲ
2530 738 2601 785 τὸν
2620 738 2800 800 βασιλέα

1522 803 1686 858 πάντας
1700 804 1795 858 τοὺς
1811 804 1863 851 τὰ
1884 804 2064 866 σώματα
2082 807 2403 870 λελωὸημένους
2420 811 2467 856 ἐκ
2485 813 2560 866 τῆς
2579 810 2802 871 Αἰγύπτου

1525 883 1779 938 συναγαγεῖν
1805 878 2021 939 (γενέσθαι
2045 880 2087 925 δὲ
2111 883 2184 925 τοῦ
2206 880 2390 936 πλήθους
2416 880 2624 945 μυριάδας
2645 881 2803 943 ὀκτώ),

1525 946 1598 993 καὶ
1616 946 1786 1002 τούτους
1810 950 1867 1001 εἷς
1883 947 1956 1002 τὰς
1976 950 2216 1012 λιθοτομίας
2234 949 2310 1003 τὰς
2327 952 2368 996 ἐν
2390 954 2451 1015 τῷ
2471 951 2574 1015 πρὸς
2594 952 2802 1008 ἀνατολὴν

1527 1016 1646 1083 μέρει
1666 1022 1741 1064 τοῦ
1761 1019 1916 1067 Νείλου
1937 1020 2140 1082 ἐμὸαλεῒν
2167 1021 2311 1079 αὐτὸν,
2336 1018 2450 1078 ὅπως
2470 1022 2710 1085 ἐργάζοιντο
2732 1022 2806 1069 καὶ

1526 1092 1612 1135 τῶν
1641 1088 1782 1136 ἄλλων
1809 1091 2057 1153 Αἰγυπτίων
2089 1095 2128 1139 οἱ
2153 1093 2527 1156 ἐγκεχωρισμένοι.
2602 1085 2726 1141 Εἶναι
2762 1094 2806 1139 δέ

1528 1180 1643 1214 τινας
1660 1163 1703 1207 ἓν
1721 1163 1860 1215 αὐτοῖς
1880 1164 1953 1208 καὶ
1972 1166 2055 1209 τῶν
2079 1164 2233 1226 λογίων
2253 1163 2398 1228 ἱερέων
2423 1165 2527 1228 φησὶ
2545 1164 2683 1229 λέπρα
2708 1184 2805 1227 συγ-

1529 1232 1797 1297 κεχυμένους.
1883 1234 1971 1281 Τὸν
2006 1234 2049 1281 δὲ
2087 1235 2319 1300 Ἀμένωφιν
2359 1237 2533 1295 ἐκεῖνον,
2568 1236 2638 1282 τὸν
2681 1237 2806 1301 σοφὸν

1530 1305 1603 1351 καὶ
1630 1304 1833 1364 μαντικὸν
1856 1305 2017 1369 ἄνδρα,
2055 1307 2275 1353 ὑποδεῖσαι
2305 1306 2408 1370 πρὸς
2432 1306 2558 1354 αὑτόν
2581 1326 2626 1353 τε
2649 1308 2717 1354 καὶ
2739 1306 2809 1353 τὸν

1534 1375 1712 1439 βασιλέα
1736 1377 1882 1440 χόλον”
1900 1381 1984 1423 τῶν
2020 1381 2143 1438 θεῶν,
2187 1380 2223 1424 εἷ
2264 1379 2503 1442 βιασθέντες
2530 1379 2808 1443 ὅφθήσονται·

1531 1447 1604 1494 καὶ
1638 1448 1922 1512 προσθέμενον
1958 1450 2089 1496 εἰπεῖν
2125 1448 2190 1495 ὅτι
2219 1449 2554 1513 συμμαχήσουσί
2593 1469 2700 1504 τινες
2725 1456 2808 1504 τοῖς

1534 1521 1701 1584 μιαροῖς
1723 1519 1886 1576 καὶτῆς
1913 1519 2129 1582 Αἰγύπτου
2147 1521 2431 1584 κρατήσουσιν
2453 1522 2517 1568 ἐπ’
2535 1521 2608 1580 ἔτη
2626 1522 2812 1588 τρισκαί-

1534 1591 1653 1639 δεκα.
1724 1589 1799 1648 Μὴ
1824 1592 2038 1652 τολμῆσαι
2063 1590 2140 1653 μὲν
2169 1591 2295 1638 αὐτὸν
2321 1593 2451 1639 εἰπεῖν
2484 1597 2620 1639 ταῦτα
2643 1596 2704 1658 τῷ
2734 1597 2816 1657 βα*

1535 1664 1665 1721 σιλεῖ,
1705 1662 1873 1728 γραφὴν
1907 1662 1951 1710 δὲ
1991 1663 2284 1710 καταλιπόντα
2327 1664 2425 1727 περὶ
2462 1663 2632 1711 πάντων
2665 1666 2811 1712 ἑαυτὸν

1536 1737 1714 1784 ἀνελεῖν.
1788 1735 1864 1783 Ἐν
1891 1735 2050 1800 ἀθυμίᾳ
2071 1735 2114 1782 δὲ
2136 1728 2243 1782 εἶναι
2259 1735 2328 1782 τὸν
2349 1735 2545 1800 βασιλέα.
2617 1737 2812 1785 Κᾶπειτα

1534 1806 1648 1854 κατὰ
1669 1806 1780 1861 λέξιν
1804 1806 1914 1854 οὕτω
1944 1806 2152 1873 γέγραφεν
2169 1827 2178 1837 ·
2216 1831 2236 1850 α
2259 1810 2358 1855 Τῶν
2395 1808 2438 1855 δὲ
2476 1810 2568 1862 ταῖς
2594 1810 2816 1870 λατομίαις

1535 1882 1592 1933 ὡς
1623 1878 1771 1943 χρόνος
1804 1879 1948 1933 ἱκανὸς
1975 1881 2141 1938 διῆλθεν
2186 1879 2585 1944 ταλαιπωρούντων,
2629 1880 2815 1935 ἀξιωθεὶς

1536 1953 1559 1997 ὁ
1585 1949 1784 2014 βασιλεὺς
1799 1949 1869 1997 ἵνα
1890 1950 1993 2015 πρὸς
2009 1951 2243 1998 κατάλυσιν
2270 1952 2411 2005 αὐτοῖς
2427 1952 2498 1998 καὶ
2519 1951 2681 2010 σκέπην
2705 1954 2813 1998 ἀπο-

1538 2021 1690 2086 μερίσῃ
1725 2022 1803 2080 τὴν
1834 2022 1928 2070 τότε
1966 2026 2050 2070 τῶν
2088 2023 2301 2084 ποιμένων
2340 2025 2631 2088 ἐρημωθεῖσαν
2672 2024 2813 2083 πόλιν,

1540 2093 1703 2158 Αὔαριν
1727 2093 2043 2160 συνεχώρησεν.
2112 2093 2240 2144 Ἔστι
2264 2096 2301 2141 δ’
2324 2099 2351 2152 ἡ
2368 2095 2489 2149 πόλις
2505 2096 2615 2143 κατὰ
2631 2095 2707 2153 τὴν
2729 2101 2823 2142 θεον

1538 2165 1684 2229 λογίαν
1704 2165 1861 2214 ἄνωθεν
1887 2170 1928 2215 Τ
1931 2166 2125 2233 υφώνιος.
2198 2169 2254 2215 Οἱ
2275 2166 2319 2214 δὲ
2341 2169 2397 2220 εἷς
2420 2167 2578 2224 ταύτην
2604 2167 2812 2214 εἰσελθόν-

1539 2257 1605 2292 τες
1625 2238 1785 2286 καὶτὸν
1803 2238 1931 2287 τόπον
1953 2244 2100 2287 τοῦτον
2117 2243 2175 2293 εἷς
2192 2239 2427 2286 ἀπόστασιν
2444 2238 2612 2304 ἔχοντες
2628 2240 2818 2301 ἡγεμόνα

1543 2313 1680 2358 αὑτῶν
1692 2310 1917 2375 λεγόμενόν
1934 2330 2027 2359 τινα
2051 2315 2135 2358 τῶν
2157 2311 2467 2359 Ἡλιοπολιτῶν
2491 2310 2633 2376 ἱερέων
2656 2311 2817 2375 Ὁσάρ-

1544 2402 1665 2448 σιφον
1694 2384 1952 2442 ἐστήσαντο·
1977 2383 2051 2430 καὶ
2088 2384 2224 2448 τούτῳ
2242 2383 2599 2449 πειθαρχῆσοντες
2623 2386 2663 2430 ἐν
2685 2392 2816 2431 πᾶσιν

1940 2455 1996 2504 ‘O
2022 2455 2066 2503 δὲ
2093 2459 2258 2520 πρῶτον
2293 2454 2368 2518 μὲν
2393 2457 2533 2508 αὐτοῖς
2557 2455 2681 2515 νόμον
2706 2457 2820 2502 ἔθετο

177 2595 306 2644 quuto
324 2593 391 2634 illa
409 2594 576 2644 regione'
589 2594 807 2635 exciderint
833 2597 873 2635 et
891 2595 1074 2636 Judaeam
1094 2607 1201 2636 nunc
1222 2597 1371 2636 dictam
1397 2608 1465 2637 oc·

183 2659 364 2708 cuparint
375 2689 386 2708 ‚
407 2660 528 2708 atque
549 2659 827 2710 Hierosolymis
842 2659 1048 2700 aedificatis
1060 2662 1254 2711 templum
1269 2663 1469 2702 exstruxe-

182 2723 284 2774 rint,
300 2734 476 2774 eousque
506 2723 687 2764 historias
702 2725 862 2775 quidem
882 2725 1066 2775 antiquas
1081 2728 1275 2776 sequutus
1292 2729 1351 2767 est
1371 2743 1380 2767 :
1398 2738 1469 2778 po-

179 2789 265 2827 stca
280 2798 374 2826 vero
391 2789 548 2837 sumpta
563 2788 637 2827 sibi
652 2788 810 2828 licentia
821 2819 832 2838 ‚
855 2790 900 2828 ut
919 2789 1121 2829 videretur
1135 2791 1334 2840 scripsisse
1349 2791 1472 2830 relata

182 2850 346 2892 etdicta
371 2850 421 2890 de
447 2851 622 2899 Judaeis‚
639 2851 885 2891 incredibilia
910 2852 1095 2902 quaedam
1117 2853 1309 2904 inseruit,
1339 2855 1474 2894 volens

186 2916 420 2966 permiscere
438 2917 552 2956 nobis
569 2917 867 2956 multitudinem
883 2917 1156 2967 AEgyptiorum
1171 2918 1417 2969 leprosorum
1434 2919 1475 2958 et

187 2981 284 3021 alios
298 2982 350 3021 ob
362 2981 523 3021 morbos
536 3010 548 3031 ,
566 2983 612 3021 ut
628 2981 746 3031 dicit,
763 2994 814 3022 ex
829 2985 998 3033 AEgypto
1015 2983 1148 3033 fugere
1163 2985 1473 3034 compulsorum.

188 3045 434 3095 Amenophin
450 3045 556 3084 enim
571 3055 715 3095 regem,
729 3045 871 3085 falsum
884 3057 1042 3097 nomen,
1059 3047 1261 3097 adjiciens,
1276 3047 1476 3087 etidcirco

187 3110 344 3158 tempus
359 3108 480 3158 ipsius
494 3109 602 3158 regni
621 3108 786 3148 definire
800 3120 880 3148 non
896 3120 1016 3150 ausus
1026 3140 1037 3159 ,
1059 3110 1240 3161 quamvis
1259 3110 1399 3151 ceteris
1412 3122 1476 3151 re-

186 3172 301 3223 gibus
330 3172 515 3210 accurate
543 3182 667 3211 annos
693 3174 933 3222 apponeret,
962 3173 1057 3212 huic
1083 3174 1259 3214 annectit
1285 3175 1477 3224 quasdam

187 3236 362 3284 fabulas,
374 3234 520 3274 oblitus
531 3235 654 3275 ferme
669 3236 874 3276 tradidisse
894 3247 951 3286 se,
967 3237 1192 3287 quingentis
1203 3240 1242 3278 et
1255 3239 1475 3278 octodecim

190 3300 304 3338 annis
317 3298 427 3349 prius
439 3299 613 3338 evenisse
629 3301 839 3339 Pastorum
855 3300 1008 3340 exitum
1024 3301 1075 3340 ad
1097 3303 1367 3352 Hierosolyma
1385 3319 1394 3342 ε
1411 3314 1477 3343 rex

189 3363 296 3402 enim
307 3391 319 3411 ,
341 3361 502 3412 quando
519 3362 574 3400 illi
593 3362 778 3402 exierunt
789 3393 801 3412 ,
818 3363 892 3403 fuit
907 3365 1141 3404 Tethmosis.
1161 3366 1212 3404 Et
1226 3365 1276 3404 ab
1291 3366 1366 3405 hoc
1380 3368 1480 3406 tem-

194 3435 291 3475 pore
309 3436 446 3476 regum
466 3425 535 3475 qui
553 3427 688 3475 postea
710 3426 838 3475 suere,
855 3426 949 3466 anni
973 3428 1066 3466 sunt
1083 3427 1250 3466 trecenti
1272 3429 1482 3478 nonaginta

192 3493 287 3540 tres,
301 3501 426 3541 usque
440 3490 490 3530 ad
508 3490 648 3530 fratres
662 3491 874 3530 sethonem
892 3491 932 3531 et
948 3493 1175 3531 Hermaeum
1191 3491 1454 3544 (Armaeum)
1469 3507 1481 3544 ;

201 3564 372 3604 quorum
384 3553 597 3594 Set-honem
616 3553 776 3603 quidem
799 3555 1011 3604 AEgyptum
1024 3583 1036 3603 ,
1053 3557 1279 3594 Hermaeum
1296 3565 1389 3594 vero
1408 3558 1480 3595 Da-

197 3627 318 3656 naum
325 3616 621 3657 denominatum
630 3617 740 3657 dicit.
757 3619 885 3663 Quem
894 3629 1018 3668 quum
1031 3619 1173 3658 Sethos
1186 3618 1414 3668 expulisset,
1423 3629 1482 3658 re-

196 3681 332 3732 gnavit
351 3682 463 3722 annis
479 3683 762 3734 quinquaginta
777 3685 817 3723 et
828 3694 974 3724 novem
985 3713 997 3733 ,
1008 3685 1049 3723 et
1074 3686 1162 3734 post
1178 3683 1292 3723 illum
1310 3684 1483 3723 filiorum

197 3746 295 3783 natu
307 3744 433 3794 major
449 3747 638 3796 Rampses
651 3747 764 3785 annis
778 3758 886 3786 cxvi.
901 3748 1003 3787 Ante
1017 3748 1078 3787 tot
1088 3746 1206 3797 igitur
1221 3757 1345 3786 annos
1356 3748 1486 3797 patres

200 3809 355 3849 nostros
361 3820 412 3849 ex
424 3812 593 3861 AEgypto
604 3822 777 3862 egressos
785 3813 998 3862 consessus,
1008 3812 1099 3852 dein
1107 3823 1232 3863 quum
1242 3811 1486 3862 Amenophin

201 3883 333 3923 regem
347 3874 636 3925 supposuisset,
661 3876 767 3916 hunc
785 3879 842 3917 ait
857 3877 1130 3928 concupivisse
1146 3878 1312 3917 deorum
1333 3878 1484 3927 specta-

202 3939 331 3976 torem
358 3947 442 3976 esse
453 3967 466 3987 ,
494 3938 598 3978 sicut
619 3941 659 3980 et
688 3943 816 3980 orum
837 3941 1036 3992 quendam
1062 3941 1239 3992 priorum
1267 3951 1404 3990 regum
1416 3970 1426 3990 ‚
1447 3941 1488 3980 et

205 4000 281 4039 hoc
310 4010 429 4039 suum
457 4000 695 4043 desiderium
722 4005 1036 4045 communicasse
1061 4015 1154 4044 cum
1177 4005 1258 4044 filio
1283 4004 1487 4054 cujusdam

206 4062 371 4114 Paapios
382 4093 394 4112 ,
411 4065 475 4104 cui
490 4064 595 4106 idem
615 4077 709 4106 cum
724 4079 772 4107 eo
786 4079 932 4109 nomen
947 4070 1032 4109 erat
1063 4068 1299 4119 Amenophis
1309 4098 1320 4118 ,
1341 4068 1488 4118 quique

210 4126 260 4166 de
278 4126 410 4167 divina
436 4129 540 4169 visus
562 4132 620 4170 est
642 4131 877 4182 participare
905 4135 1049 4173 natura
1071 4135 1230 4185 propter
1256 4133 1485 4184 sapientiam

546 4220 562 4237 Ι

1541 2598 1913 2648 praescientiamque
1939 2598 2178 2637 futurorum.
2207 2598 2345 2646 ltaque
2364 2596 2442 2646 regi
2469 2595 2612 2635 dixisse
2630 2594 2736 2634 hunc
2758 2605 2825 2633 cu-

1542 2661 1768 2712 gnominem
1781 2691 1793 2711 ,
1816 2661 1922 2711 quod
1942 2662 2071 2711 posset
2092 2661 2225 2700 videre
2248 2660 2363 2709 deos,
2381 2660 2414 2699 si
2440 2659 2636 2708 regionem
2662 2658 2826 2696 univer-

1545 2736 1629 2766 sam
1645 2725 1694 2764 de
1712 2725 1874 2774 leprosis
1885 2724 2111 2763 hominibus
2127 2726 2166 2764 et
2182 2722 2395 2762 immundis
2414 2732 2578 2772 purgare
2600 2721 2730 2760 vellet.
2754 2722 2824 2760 Re·

1545 2799 1632 2839 gem
1648 2787 1791 2838 gaudio
1805 2788 2006 2838 perfusum
2021 2798 2158 2827 omnes
2170 2786 2345 2836 corporis
2361 2785 2493 2835 aliqua
2510 2785 2651 2835 injuria
2663 2784 2829 2837 affectos

1546 2864 1596 2892 ex
1614 2854 1781 2902 AEgypto
1799 2862 2051 2901 congregasse
2069 2851 2185 2899 dicit3
2210 2852 2250 2890 et
2276 2848 2573 2889 multitudinem
2596 2847 2762 2890 crevisse
2777 2850 2828 2885 ad

1547 2928 1759 2957 numerum
1774 2918 1865 2956 octo
1885 2916 2130 2966 myriadum3
2156 2925 2303 2965 eosque
2321 2914 2372 2953 ad
2390 2913 2581 2953 sectiones
2597 2911 2769 2962 lapidum
2789 2912 2827 2950 in

1548 2983 1700 3033 partem
1727 2981 1806 3021 Nili
1824 2981 2057 3020 orientalem
2084 2980 2257 3028 misisse,
2288 2980 2334 3018 ut
2360 2978 2401 3017 in
2421 2988 2539 3028 opere
2556 2978 2830 3016 exercerentur

1549 3047 1695 3098 pariter
1712 3058 1759 3086 ac
1773 3046 1839 3086 alii
1862 3046 2032 3097 AEgyptii
2049 3056 2095 3085 eo
2114 3044 2310 3085 destinati.
2333 3044 2466 3083 Fuisse
2485 3043 2616 3081 autem
2639 3040 2829 3091 quosdam

1550 3112 1653 3151 inter
1674 3122 1741 3151 eos
1759 3110 1877 3151 etiam
1893 3110 2144 3150 eruditorum
2157 3108 2409 3151 sacerdotum
2434 3108 2542 3157 lepra
2566 3106 2739 3156 perfusos
2758 3106 2826 3144 ait.

1551 3174 1797 3224 Amenophin
1813 3185 1906 3213 vero
1926 3174 2036 3213 illum
2058 3173 2272 3223 sapientem
2299 3171 2556 3220 divinumque
2579 3168 2707 3207 virum
2727 3167 2828 3206 sub-

1553 3238 1724 3277 veritum
1743 3248 1825 3276 esse
1837 3267 1848 3286 ,
1866 3247 1916 3276 ne
1939 3237 1981 3275 in
2006 3247 2048 3276 se
2063 3245 2275 3285 regemque
2289 3234 2454 3273 deorum
2475 3233 2572 3271 iram
2592 3230 2831 3276 concitaret,

1553 3301 1586 3340 si
1602 3301 1675 3340 illis
1690 3301 1751 3340 vis
1765 3300 2039 3348 adhibe-retum
2057 3301 2324 3349 praetereaque
2335 3296 2484 3335 *dixisse
2499 3294 2708 3334 nonnullos
2727 3292 2833 3331 auxi·

1552 3364 1606 3403 lio
1621 3366 1811 3403 venturos
1831 3362 2011 3412 pollutis,
2030 3364 2070 3401 et
2090 3363 2255 3411 AEgypto
2270 3360 2542 3399 dominaturos
2559 3357 2743 3397 tredecim
2758 3366 2831 3394 an·

1554 3428 1628 3467 nis.
1661 3430 1711 3467 Et
1736 3428 1863 3478 ipsum
1896 3426 2056 3477 quidem
2083 3426 2156 3465 ista
2186 3424 2265 3475 regi
2297 3424 2427 3464 dicere
2453 3435 2532 3463 non
2563 3433 2699 3461 ausum
2726 3431 2832 3466 esse,

1555 3493 1688 3531 omnia
1702 3503 1797 3531 vero
1815 3490 1960 3542 scripta
1977 3491 2180 3541 reliquisse
2198 3493 2238 3530 et
2253 3490 2378 3529 semet
2405 3487 2659 3527 interemisse.
2680 3488 2769 3531 Qua
2783 3484 2832 3522 de

1557 3566 1676 3594 causa
1711 3565 1842 3605 regem
1872 3555 2071 3594 anxietate
2097 3554 2304 3593 laborasse.
2339 3550 2487 3591 Deinde
2509 3549 2558 3588 ad
2588 3548 2750 3587 verbum
2778 3546 2831 3586 ita

1557 3620 1740 3670 scripsit:
1763 3635 1782 3653 «
1807 3622 1942 3666 Quum
1963 3621 2096 3659 autem
2115 3619 2172 3658 illi
2199 3617 2292 3658 satis
2308 3618 2423 3666 longo
2450 3618 2624 3663 tempore
2649 3612 2687 3651 in
2703 3611 2832 3661 lapici-

1559 3684 1661 3724 dinis
1676 3685 1845 3735 graviter
1859 3684 2124 3733 laborassent,
2142 3694 2212 3722 rex
2231 3681 2458 3731 imploratus
2474 3680 2518 3717 ut
2537 3677 2586 3716 ad
2603 3676 2776 3726 requiem
2795 3677 2836 3713 et

1559 3749 1741 3788 tutamen
1770 3759 1910 3788 eorum
1939 3748 2159 3787 secerneret
2189 3745 2386 3784 civitatem
2403 3772 2413 3790 ,
2444 3740 2582 3779 urbem
2609 3737 2745 3777 incolis
2764 3748 2833 3775 ex-

1560 3811 1767 3860 haustam,
1787 3822 1879 3861 quae
1901 3811 2027 3850 suerat
2044 3812 2250 3850 Pastorum
2263 3837 2274 3856 ‚
2292 3805 2446 3846 nomine
2474 3802 2619 3843 Auarin
2632 3831 2643 3849 ‚
2667 3800 2722 3839 ais
2738 3810 2833 3837 mn·

1563 3875 1693 3915 cessit.
1714 3875 1784 3914 Est
1807 3876 1940 3914 autem
1969 3874 2056 3914 haec
2074 3873 2188 3922 urbS,
2217 3871 2327 3921 iuxta
2349 3866 2587 3916 theologiam
2609 3865 2834 3913 antiquam.

1561 3940 1774 3991 Typhonis.
1793 3942 1914 3979 Porro
1934 3939 1990 3979 illi
2003 3939 2046 3978 in
2065 3949 2151 3978 eam
2169 3934 2353 3986 ingressi,
2375 3933 2493 3981 atque
2514 3932 2618 3969 hune
2638 3928 2767 3967 locum
2786 3927 2834 3965 ad

1562 4016 1625 4045 res
1653 4015 1776 4044 novas
1807 4003 2023 4044 moliendas
2051 4003 2315 4053 opportunum
2354 3996 2480 4044 nacti,
2509 3994 2649 4032 ducem
2683 3990 2834 4030 sibimet

1563 4068 1762 4120 quendam
1786 4067 2157 4117 Heliopolitanorum
2182 4063 2408 4114 pontificum
2430 4056 2678 4105 Osarsiphum
2698 4054 2837 4092 consti-

1562 4134 1696 4182 tuere,
1714 4133 1754 4171 et
1782 4131 1875 4170 huic
1895 4141 1935 4170 se
1960 4131 1997 4169 in
2025 4129 2207 4168 omnihus
2234 4124 2569 4172 obtemperaturos
2592 4118 2833 4165 juraverunt.

2619 4189 2679 4221 37.
