3016 4628
1250 304 1659 352 FRAGMENTA.

66 434 101 498 ’γ
117 436 196 472 τας
219 414 447 474 Ἀθηναίων
474 408 904 473 καταναυμαχήσας,
931 415 1045 472 τρεῖς
1070 427 1144 455 και
1175 408 1407 492 τριάκοντα

48 497 52 512 ¹
75 499 78 503 ·
125 487 226 536 ναῦς
245 479 374 528 ἔλαὸε
410 477 484 526 καὶ
508 477 585 534 τὴν
611 476 735 522 πόλιν
770 473 1098 538 ἐξεπολιόρκησε
1121 473 1196 520 καὶ
1219 472 1274 520 τὰ
1298 493 1410 537 χρυ-

120 553 215 603 σεῗα
246 553 301 599 τὰ
340 549 476 616 πέραν
513 545 745 605 Ἀθηναίοις
771 544 1100 607 προσεκτήσατο
1133 545 1207 592 καὶ
1231 544 1406 609 χώραν,

82 618 173 686 ῆς
195 627 386 690 ἐπῆρχον
410 622 593 680 Θάσιοι,
613 617 877 685 παρέλαὸεν.
900 619 950 681 (3)
974 618 1165 667 Ἐκεῖθεν
1186 618 1230 665 δὲ
1254 618 1408 685 ῥαδίως

114 698 320 757 ἕπόῆναι
344 692 612 747 Μακεδονίας
634 692 708 740 καὶ
741 690 905 750 πολλὴν
932 689 1227 753 ἀποτεμέσθαι
1259 710 1406 756 παρα-

75 770 254 837 ’,σχον,
284 771 341 822 ὥς
373 765 532 824 ἐδόκει,
559 763 620 827 μὴ
647 763 829 822 θελήσας
858 763 997 811 αἰτίαν
1024 763 1124 827 ἔσχε
1158 763 1342 828 δώροιςε
1327 763 1409 811 υπὸ

67 891 79 902 .
116 847 192 892 τοῦ
224 838 436 908 βασιλέως
473 835 750 927 Ἀλεξάνδρου
785 840 1132 899 συμπεπεῖσθαι,
1175 836 1250 884 καὶ
1286 836 1407 894 δίκην

58 907 60 909 .
118 910 264 983 ἔφυγε,
278 915 363 961 τῶν
380 913 543 976 ἐχθρῶν
560 909 807 957 συστάντων
821 910 889 956 ἐπ’
911 907 1057 957 αὐτόν.
1079 906 1128 972 (4)
1154 908 1409 972 Ἀπολογού-

79 1019 81 1022 .
115 1005 236 1053 μενος
255 982 300 1033 δὲ
323 983 428 1048 πρὸς
449 982 546 1037 τους
566 980 784 1040 δικαστὰς,
809 982 886 1029 οὐκ
910 980 1113 1029 Ἰώνων”
1089 1000 1167 1041 εφη
1189 980 1406 1047 προξενεῖν

53 1048 58 1069 ²
115 1058 209 1109 οὗδὲ
233 1058 499 1119 Θεσσαλῶν,
526 1053 792 1103 πλουσίων”
767 1073 925 1112 οντων,
944 1052 1091 1119 ωσπερ
1119 1053 1308 1118 ἑτέρους,
1338 1052 1408 1102 ι’να

55 1171 59 1174 «
115 1123 436 1198 θεραπεύωνται
462 1127 536 1176 καὶ
554 1126 867 1190 λαμὸάνωσιν,
893 1124 1007 1173 ἀλλὰ
1031 1127 1403 1190 Λακεδαιμονίων,

49 1252 51 1256 ,
115 1202 377 1268 μιμούμενος
396 1200 470 1250 καὶ
487 1203 667 1265 ἀγαπῶν
687 1198 766 1258 τὴν
790 1201 895 1264 παρ’
921 1199 1064 1253 αὐτοῖς
1084 1199 1301 1247 εὐτέλειαν
1332 1200 1407 1247 καὶ

113 1276 389 1343 σωφροσύνην
405 1311 417 1334 ,
439 1267 506 1332 ἧς
513 1271 662 1321 οὐδένα
682 1279 897 1338 προτιμᾶν
918 1273 1124 1328 πλουτον,
1144 1271 1256 1319 ἀλλὰ
1275 1274 1407 1320 πλου-

113 1347 238 1404 τίζων
276 1347 362 1396 ἀπο
391 1350 474 1395 τῶν
500 1344 721 1408 πολεμίων
763 1343 842 1403 τὴν
866 1343 991 1392 πόλιν
1031 1345 1314 1407 ἀγάλλεσθαι.
1352 1347 1404 1410 (5)

113 1420 330 1479 Μνησθεὶς
354 1418 398 1468 δὲ
423 1424 500 1479 τῆς
521 1418 701 1512 κρίσεως
725 1417 886 1475 ἐκείνης
910 1421 932 1465 6
954 1417 1287 1484 Στησίμὸροτός
1303 1438 1410 1483 φησι

112 1493 197 1553 τὴν
208 1493 506 1554 Ἐλπινίκην(
490 1491 596 1556 υπὲρ
614 1511 686 1540 του
711 1490 962 1554 Κίμωνος
937 1490 1144 1553 οεομένην
1175 1493 1351 1539 ελθεῖν’
1332 1492 1404 1540 επὶ

111 1568 187 1623 τὰς
203 1567 331 1634 θύρας
352 1588 426 1616 του
452 1570 518 1616 Πε
500 1565 718 1630 ερικλέους
745 1558 892 1629 (οὗτος
911 1564 994 1630 γὰρ
1019 1569 1071 1623 ἠν
1095 1568 1182 1613 τῶν
1212 1566 1409 1643 κατηγό-

114 1660 198 1707 ρων
226 1643 249 1687 6
268 1639 602 1730 σφοδρότατος),
621 1657 694 1685 τον
719 1637 764 1685 δὲ
791 1635 1103 1702 μειδιάσαντα,
1137 1660 1157 1680 «
1189 1641 1333 1702 Γραῦς
1351 1644 1405 1703 εἰ,

112 1711 266 1779 φάναι,
287 1717 444 1777 γραῦς,
476 1733 512 1760 ω
538 1711 796 1771 Ἐλπινίκη.
836 1714 894 1765 ὣς
930 1712 1173 1769 τηλικαῦτα
1197 1711 1409 1776 διαπράτ-

111 1789 259 1834 τεσθαι
280 1783 543 1852 πράγματα·
575 1807 596 1827 »
619 1782 735 1842 πλὴν
773 1782 817 1831 ἔν
852 1802 902 1846 γε
943 1803 998 1847 τῃ
1036 1782 1134 1848 δίκῃ
1163 1784 1407 1850 πραότατον

113 1855 307 1923 γενέσθαι
329 1861 391 1923 τῷ
426 1855 600 1920 Κίμωνι
633 1855 708 1903 καὶ
742 1855 850 1921 πρὸς
878 1854 956 1914 τὴν
994 1854 1257 1922 κατηγορίαν
1295 1856 1409 1913 ἅπαξ

116 1931 353 1987 ἀναστῆναι
375 1927 502 1989 μόνον
518 1965 531 1990 ,
554 1927 701 1993 ὥσπερ
728 1925 1058 1993 ἀφοσιούμενον.

177 2004 355 2057 Eadem
372 2037 385 2060 ,
437 2019 537 2047 non
569 2004 812 2056 nominato
855 2003 1189 2059 Stesimbroto,
1235 2004 1405 2047 iterum

113 2076 260 2136 tangit
271 2075 505 2120 Plutarch.
525 2076 575 2118 in
586 2075 766 2119 Pericle
786 2090 827 2118 c.
854 2090 911 2118 10
925 2109 937 2130 ,
959 2075 1044 2118 ubi
1067 2074 1257 2119 fortasse
1272 2077 1406 2120 etiam

113 2148 430 2193 antecedentia
454 2163 465 2192 ε
494 2143 596 2193 ἔνιοι
619 2145 666 2192 δέ
689 2163 874 2210 φασιν...
902 2143 1082 2207 δύναμιν
1106 2145 1317 2210 ὑπάρχειν
1355 2165 1411 2193 ex

113 2221 282 2266 eodem
298 2221 427 2265 fonte
444 2219 701 2267 fluxerunt.

735 2332 782 2382 5.

181 2451 306 2498 Plut.
334 2452 451 2497 Cim.
473 2453 556 2508 16,
582 2467 600 2496 1
630 2467 641 2495 ι
666 2441 757 2498 ἾΙν
783 2447 861 2511 μὲν
877 2441 950 2496 οὖν
972 2451 1048 2496 ἀπ’
1070 2451 1206 2515 ἀρχῆς
1223 2450 1403 2515 φιλολά-

100 2534 202 2572 ’κων
230 2524 275 2587 (6
298 2522 454 2586 Κίμων
479 2523 518 2587 )·
541 2522 616 2570 καὶ
635 2524 719 2570 τῶν
743 2541 792 2586 γε
815 2521 983 2569 παίδων
1007 2525 1092 2569 τῶν
1119 2521 1308 2586 διδύμων
1340 2523 1412 2572 τὸν

115 2595 260 2662 ἕτερον
277 2595 619 2659 Λακεδαιμόνιον
637 2594 863 2658 ὠνόμασε,
885 2593 956 2642 τὸν
983 2595 1019 2642 δ’
1043 2593 1186 2661 ἕτερον
1208 2595 1410 2660 Ἠλεῖον,

115 2672 165 2716 ἐκ
184 2667 384 2734 γυναικὸς
407 2669 526 2734 αὐτῷ
551 2667 806 2734 Κλειτορίας
828 2666 1100 2731 γενομένους,
1125 2671 1182 2722 ὡς
1214 2668 1414 2731 Στησίμ-

114 2821 299 2851 sonesum
329 2807 627 2850 Atheniensium
656 2807 815 2847 ditionis
845 2807 952 2847 fecit.
1024 2806 1080 2858 (2)
1103 2807 1201 2847 Inde
1223 2808 1387 2848 Thasios
1402 2839 1414 2858 ,

61 2924 64 2928 ἡ
114 2875 183 2926 qui
204 2875 255 2914 ab
272 2873 574 2914 Atheniensibus
589 2872 839 2922 defecerant,
857 2872 988 2911 navali
1004 2883 1136 2923 pugna
1153 2873 1268 2923 vicit,
1291 2874 1416 2924 captis

115 2939 243 2979 tribus
257 2939 297 2978 et
320 2938 480 2988 triginta
500 2936 677 2977 hostium
699 2937 869 2976 navibus
880 2967 891 2986 ‚
908 2936 1051 2976 urbem
1066 2937 1332 2987 expugnavit,
1349 2949 1417 2976 au-

116 3006 229 3056 rique
254 3003 436 3053 metalla,
461 3013 555 3054 quae
572 3002 601 3042 ii
621 3002 663 3042 in
691 3002 872 3053 opposita
891 3001 1118 3041 continente
1137 3002 1414 3054 possederant,

117 3068 420 3110 Atheniensibus
432 3067 593 3118 propria
604 3065 798 3115 reddidit,
813 3077 1046 3116 agrumque,
1064 3066 1127 3105 cui
1146 3066 1415 3117 imperabant,

117 3131 269 3173 Thasiis
291 3131 453 3171 ademit.
509 3130 563 3181 (3)
583 3129 682 3170 Inde
707 3141 836 3180 quum
854 3129 969 3169 facile
990 3129 1031 3169 in
1062 3129 1334 3169 Macedoniam
1360 3131 1416 3170 ir-

118 3205 324 3246 rumpere,
347 3205 568 3246 agrumque
597 3193 674 3234 sihi
691 3193 896 3234 vindicare
926 3194 1081 3244 posset,
1109 3195 1203 3244 qnia
1225 3194 1266 3233 id
1289 3195 1418 3235 facere

118 3259 300 3310 nolebat,
321 3258 506 3309 culpatus
530 3259 590 3299 est
618 3269 643 3297 a
665 3268 755 3309 rege
782 3258 1008 3298 Alexandro
1034 3258 1149 3298 donis
1167 3259 1341 3309 acceptis
1365 3260 1418 3299 ita

119 3323 263 3374 egisse,
280 3322 528 3373 coitioneque
543 3322 795 3362 inimicorum
811 3322 916 3362 facta
926 3352 938 3372 ,
955 3321 1079 3372 injus
1101 3323 1323 3372 pertractus
1341 3326 1414 3363 est.

120 3387 179 3437 (4)
198 3386 314 3438 Apud
326 3386 480 3437 judices
493 3396 654 3426 causam
670 3397 784 3426 suam
799 3397 918 3436 agens
937 3403 946 3426 z
964 3388 1053 3426 Non
1069 3387 1251 3438 Ionibus,
1274 3387 1417 3438 inquit,

120 3461 250 3504 neque
270 3451 468 3494 Thessalis
485 3451 674 3492 divitibus
693 3451 934 3502 patrocinor,
954 3451 996 3491 id
1019 3451 1127 3502 quod
1153 3452 1219 3491 alii
1242 3452 1393 3492 faciunt
1406 3483 1417 3502 ,

99 3510 102 3512 ’
121 3518 169 3558 ut
189 3516 240 3557 ab
257 3515 305 3557 iis
321 3515 504 3556 colantur
532 3516 843 3567 muneribusque
870 3515 1114 3566 afficiantur,
1141 3515 1210 3555 sed
1229 3516 1418 3556 Laccdae-

122 3580 287 3631 moniis,
310 3580 470 3621 imitans
487 3591 628 3620 eorum
650 3579 895 3631 diligensque
914 3580 1181 3631 frugalitatem
1201 3582 1241 3620 et
1266 3583 1418 3631 tempe-

122 3644 306 3695 rantiam,
327 3655 420 3695 quae
433 3654 506 3694 ego
521 3645 613 3684 ante
634 3654 774 3684 omnes
792 3643 950 3684 divitias
971 3655 1101 3695 pono;
1120 3645 1236 3684 laetor
1261 3646 1395 3684 tamen
1407 3675 1417 3695 ‚

123 3708 232 3760 quod
247 3707 457 3749 hostilibus
466 3708 586 3749 -bonis
601 3709 743 3748 urbem
765 3709 992 3750 ditaverim.
1065 3711 1119 3760 (5)
1138 3709 1422 3751 Stesimbrotus

125 3771 196 3813 ubi
219 3771 338 3823 huius
351 3771 490 3822 judicii
515 3772 719 3823 meminit,
743 3773 948 3823 Elpinicen
974 3773 1030 3812 ait
1059 3773 1317 3824 deprecatum
1348 3785 1421 3824 pro

125 3835 246 3876 habe
256 3835 308 3876 ad
324 3836 513 3878 Periclem
533 3836 592 3887 (is
607 3836 715 3876 enim
729 3838 815 3876 erat
829 3838 1110 3877 accusatorum
1127 3837 1421 3876 vehementissi-

125 3899 235 3950 mus)
248 3899 483 3941 accessisset
500 3910 674 3951 eumque
691 3899 963 3940 subridentem
978 3899 1223 3951 respondisse
1242 3916 1251 3939 :
1273 3901 1421 3940 Vetula

123 3960 206 4011 jam
224 3973 288 4013 es,
306 3973 333 4002 o
358 3962 560 4014 Elpinice,
579 3965 622 4003 et
646 3963 884 4012 provectiori
902 3964 1043 4013 oetate,
1064 3974 1187 4014 quam
1207 3963 1253 4002 ut
1280 3963 1420 4013 hujus-

125 4025 235 4066 modi
255 4037 320 4067 res
341 4022 539 4067 conficere
566 4027 703 4077 possis.
729 4027 1015 4066 Verumtamen
1035 4026 1243 4076 injudicio
1270 4027 1421 4066 eumin

95 4103 98 4105 “
123 4090 332 4130 emonem
358 4089 478 4130 fuisse
491 4090 840 4141 benignissimum,
860 4090 1064 4140 semelque
1082 4091 1239 4129 tantum
1252 4120 1263 4139 ‚
1291 4091 1337 4129 ut
1352 4101 1422 4129 ac*

130 4154 331 4195 mentione
342 4154 420 4194 sibi
440 4155 628 4195 mandata
645 4154 941 4205 defungeretur,
957 4154 1187 4194 surrexisse.

186 4289 273 4330 Fuit
285 4291 416 4330 autem
425 4290 505 4341 jam
517 4291 604 4331 inde
614 4291 663 4330 ab
676 4291 787 4330 initio
803 4290 1190 4345 Lacedzmioniorum
1205 4290 1416 4330 studiosus.

1452 3633 1459 3658 -
1448 2825 1457 3533 -,——-———...——
1441 692 1454 2724 —————-————————-——1.——-————.——-

2716 325 2774 364 55

1483 408 1630 472 ὅροτος
1668 411 1848 472 ἱστορεῖ
1884 411 1935 456 δι’
1976 411 1998 458 ὃ
2032 414 2240 467 πολλάκις
2271 435 2342 461 τον
2370 420 2556 482 ΙΙερικὶέ
2562 440 2585 464 α
2613 439 2660 466 το
2687 441 2774 482 μη-

1482 483 1618 545 τρῶον
1645 482 1786 534 αὐτοῖς
1810 500 1930 544 γενος
1959 483 2189 538 ὀνειδίζειν.

1552 553 1696 597 Aliter
1735 570 1834 598 iem
1876 566 2033 600 nauat
2067 558 2305 603 Diodoius
2352 564 2588 622 Pei‘icgeta
2636 582 2773 624 quem

1483 626 1590 670 vide
1614 643 1688 685 ap.
1714 628 1948 676 Plutarch.
1975 630 2004 675 l.
2030 630 2060 676 l.

2111 724 2154 769 5.

1550 830 1683 874 Idem
1704 830 1767 876 ib.
1791 847 1830 875 c.
1866 832 1948 887 16,
1976 830 2038 874 5.
2061 828 2301 878 Ἔπειτα
2279 832 2565 897 ουνατώτεροι
2591 835 2778 897 γενόμε-

1483 919 1547 946 νοι
1568 900 1641 947 καὶ
1651 894 1731 947 τὸν
1756 900 1939 963 Κίμωνα
1957 909 2043 956 τοῖς
2061 904 2360 968 Σπαρτιάταις
2380 907 2457 952 οὐκ
2479 906 2621 970 ἠρέμα
2644 927 2778 972 προσ-

1484 972 1680 1034 κείμενον
1707 975 1886 1038 δρῶντες
1917 974 2118 1039 ἤχθοντο.
2150 978 2240 1026 Καὶ
2276 976 2360 1042 γὰρ
2397 977 2522 1032 αὐτὸς
2559 979 2628 1026 ἐπὶ
2653 982 2781 1027 παντὶ

1484 1044 1735 1108 μεγαλύνων
1754 1045 1832 1101 τὴν
1850 1047 2159 1110 Λακεδαίμονα
2178 1050 2284 1115 πρὸς
2309 1049 2556 1109 Ἀθηναίους
2583 1052 2658 1098 καὶ
2687 1053 2773 1114 μά·

1482 1117 1610 1164 λιστα
1635 1115 1705 1165 ὅτε
1739 1117 1865 1182 τύχοι
1905 1120 2177 1186 μεμφόμενος
2202 1124 2345 1174 αὐτοῖς
2367 1121 2395 1179 ἢ
2423 1123 2698 1188 παροξύνων,
2723 1124 2780 1176 ὥς

1483 1207 1588 1254 φησι
1620 1190 1975 1257 Στησίμβροτος,
2000 1193 2140 1241 εἰώθει
2168 1194 2307 1258 λέγειν
2325 1233 2338 1258 ,
2366 1218 2385 1237 «
2411 1196 2528 1244 Ἀλλ’
2553 1198 2600 1243 06
2637 1200 2783 1245 Λακε-

1483 1261 1695 1324 δαιμόνιοί
1713 1282 1762 1326 γε
1785 1269 1987 1315 τοιοῦτοι.
2010 1287 2029 1308 ²>
2053 1266 2187 1316 “Ooev
2207 1267 2354 1332 φθόνον
2373 1270 2514 1333 ἑαυτῷ
2535 1272 2691 1330 συνῆγε
2709 1270 2781 1316 καὶ

1483 1335 1740 1397 δυσμένειάν
1764 1356 1860 1384 τινα
1885 1338 2006 1404 παρὰ
2030 1341 2114 1386 τῶν
2136 1341 2341 1390 πολιτῶν.

2113 1474 2137 1488 F

2119 1486 2156 1513 j-

1549 1561 1714 1606 Idem
1702 1579 1752 1606 ln
1768 1563 1948 1609 Pericle
1972 1581 2014 1611 c.
2041 1566 2126 1622 26,
2153 1582 2178 1610 2
2210 1583 2220 1610 :
2248 1564 2377 1613 Ἐπει
2402 1564 2445 1611 δὲ
2468 1564 2658 1627 μείζων
2645 1563 2709 1611 ε’τε
2717 1584 2785 1629 ρος

1485 1632 1634 1687 στόλος
1654 1625 1825 1690 ηλθεν
1807 1653 1855 1681 εκ
1885 1654 1970 1682 των
2003 1629 2187 1694 Ἀθηνῶν
2214 1655 2288 1682 και
2312 1637 2535 1689 παντελῶς
2560 1637 2720 1683 κατεκλ
2724 1637 2786 1683 εί-

1484 1710 1648 1764 σθησαν
1668 1708 1705 1754 οἱ
1728 1706 1919 1769 Σάμιοι,
1944 1707 2092 1756 λαὸὼν
2120 1711 2142 1756 6
2163 1711 2383 1776 Περικλῆς
2417 1708 2624 1767 εξήκοντα
2658 1729 2782 1774 τριη-

1485 1797 1568 1842 ρεις
1596 1777 1803 1826 ἔπλευσεν
1829 1781 1886 1834 εἷς
1913 1780 1986 1827 τὸν
2021 1781 2100 1836 ἔξω
2125 1781 2306 1844 πόντον,
2339 1784 2396 1835 ὡς
2422 1780 2497 1844 μὲν
2523 1785 2561 1829 οἱ
2590 1782 2785 1829 πλεῖστοι

1482 1848 1675 1913 λέγουσι,
1693 1853 1940 1899 Φοινισσῶν
1960 1857 2062 1900 νεῶν
2084 1853 2323 1919 ἐπικούρων
2339 1855 2424 1908 τοῖς
2442 1853 2628 1915 Σαμίοις
2646 1873 2783 1918 προσ-

1484 1921 1746 1986 φερομένων,
1771 1925 2020 1983 ἀπαντῆσαι
2050 1925 2122 1972 καὶ
2149 1925 2485 1990 διαγωνίσασθαι
2511 1925 2783 1990 πορρωτάτω

1487 1994 1763 2058 βου)όμενος,
1781 1998 1838 2050 ὡς
1865 1994 1909 2043 δὲ
1939 1996 2274 2088 Στησίμὸροτος
2282 2035 2294 2059 ,
2316 1997 2386 2045 ἐπι
2410 1996 2584 2063 Κύπρον
2605 1998 2780 2046 στελλό-

1486 2085 1628 2129 μενος·
1653 2067 1757 2143 όπερ
1793 2071 1840 2116 06
1882 2070 1998 2117 δοκεῖ
2032 2070 2209 2117 πιθανὸν
2234 2090 2356 2118 ειναι.
2382 2070 2659 2136 (Οποτέρῳ“
2637 2073 2674 2117 ο’
2711 2074 2783 2118 οὐν

1485 2138 1704 2205 ἐχρήσατο
1729 2144 1812 2188 τῶν
1837 2143 2105 2204 λογισμῶν
2084 2144 2290 2208 αμαρτεῒν
2316 2142 2450 2199 ἔδοξε.

1542 2214 1761 2259 Caunum
1795 2232 1954 2262 versus
1991 2219 2042 2261 in
2090 2209 2270 2263 Cariam
2306 2218 2550 2262 contendit
2583 2219 2783 2262 Pericles

1484 2302 1573 2333 see.
1595 2288 1806 2348 Thucyd.
1825 2290 1871 2345 Ι,
1902 2306 1919 2333 1
1935 2290 2016 2345 16,
2046 2290 2091 2334 3.
2117 2291 2281 2350 Neque
2303 2291 2544 2336 Diodorus
2559 2291 2676 2346 XII,
2697 2305 2778 2348 27,

1489 2357 1534 2415 5,
1558 2360 1701 2420 Cypri
1718 2363 2006 2408 mentionem
2030 2363 2156 2406 facit.

2109 2481 2154 2528 8.

1553 2602 1626 2646 Id.
1666 2603 1733 2647 ib.
1776 2621 1818 2650 c.
1853 2605 1913 2660 8,
1948 2622 1976 2665 9
2006 2622 2016 2649 ε
2043 2602 2098 2651 ‘O
2123 2601 2167 2650 δὲ
2195 2601 2521 2667 Στησίμὸροτος
2557 2602 2687 2667 φησὶν
2721 2601 2785 2648 ὅτι

1493 2671 1589 2726 τοὺς
1609 2674 1652 2719 ἓν
1678 2673 1821 2740 Σάμῳ
1853 2674 2112 2733 τεθνηκότας
2136 2674 2423 2740 ἐγκωμιάζων
2445 2674 2516 2721 ἐπὶ
2535 2679 2610 2722 τοῦ
2639 2674 2784 2738 βήμα-

1492 2811 1539 2850 Et
1554 2815 1689 2852 narrat
1705 2814 1990 2854 Stesimbrotus
2000 2845 2012 2864 ,
2030 2814 2187 2854 duobus
2202 2826 2293 2854 eum
2309 2814 2487 2865 gemellis
2505 2813 2579 2854 sibi
2596 2824 2649 2853 ex
2663 2813 2787 2854 Clito-

1489 2874 1547 2914 ria
1566 2887 1692 2916 uxore
1706 2878 1809 2917 natis
1819 2908 1831 2927 ,
1846 2878 1961 2918 alteri
1978 2878 2278 2918 Lacedaemonio
2291 2909 2302 2928 ,
2323 2879 2418 2918 Eleo
2433 2878 2548 2918 alteri
2562 2887 2706 2917 nomen
2722 2889 2788 2927 po·

1489 2939 1632 2990 suisse,
1654 2941 1824 2993 ideoque
1843 2943 1891 2983 iis
1909 2943 2098 2984 Periclem
2122 2954 2227 2994 saepe
2255 2945 2483 2983 maternum
2502 2953 2626 2994 genus
2645 2953 2787 2993 expro-

1490 3002 1678 3045 bravisse.

2108 3077 2152 3115 6.

1541 3154 1659 3194 Aucti
1680 3155 1764 3205 jam
1781 3155 1925 3205 opibus
1946 3155 2274 3204 (Athenienses),
2304 3166 2428 3204 quum
2450 3154 2657 3194 Cimonem
2683 3152 2789 3191 haud

1491 3218 1658 3259 obscure
1674 3221 1877 3270 Spartanis
1892 3221 2097 3260 addictum
2111 3223 2341 3270 cernerent,
2361 3220 2526 3259 moleste
2542 3218 2582 3258 id
2592 3218 2787 3258 tulerunt.

1492 3283 1643 3323 Passim
1656 3285 1761 3324 enim
1778 3287 2064 3335 Spartanorum
2079 3286 2216 3325 laudes
2228 3297 2363 3325 coram
2380 3283 2684 3325 Atheniensibus
2696 3293 2791 3333 prae-

1491 3346 1650 3388 dicabat
1665 3350 1706 3388 et
1719 3349 1919 3400 praecipue
1930 3379 1941 3398 ,
1963 3352 2008 3389 ut
2023 3350 2078 3390 ait
2095 3350 2378 3390 Stesimbrotus
2389 3379 2399 3399 ‚
2421 3348 2546 3388 sicubi
2563 3358 2630 3387 eos
2656 3358 2788 3397 repre-

1492 3410 1683 3452 henderet
1708 3414 1780 3453 aut
1801 3414 2092 3462 cohortaretur,
2116 3414 2246 3454 dicere
2265 3413 2417 3454 solebat
2437 3429 2446 3452 ε
2477 3415 2525 3452 At
2546 3422 2639 3450 vero
2666 3413 2788 3450 Lace-

1492 3475 1678 3515 daemonii
1701 3487 1782 3515 non
1801 3477 1901 3517 tales
1919 3488 2003 3518 sese
2022 3479 2176 3528 gerunt.
2201 3481 2255 3518 Ea
2271 3478 2367 3518 rein
2388 3477 2557 3516 offensas
2579 3475 2787 3514 invidiam-

1492 3550 1572 3590 que
1586 3540 1735 3579 civium
1751 3540 1932 3580 incurrit.

2116 3611 2157 3650 7.

1545 3688 1621 3728 Sed
1642 3690 1853 3738 postquam
1874 3690 1952 3728 alia
1972 3689 2107 3728 classis
2126 3690 2252 3737 major
2276 3688 2439 3727 Athenis
2462 3687 2567 3725 venit
2582 3716 2592 3734 ,
2615 3684 2789 3734 undique

1489 3756 1574 3805 iam
1593 3755 1713 3805 septis
1725 3754 1866 3795 Samiis
1877 3785 1888 3805 ,
1906 3766 1997 3794 cum
2014 3755 2242 3794 triremibus
2261 3753 2465 3803 sexaginta
2486 3761 2594 3790 mare
2614 3747 2788 3787 exterius

1494 3820 1627 3870 petiit,
1647 3821 1692 3858 ut
1708 3819 1942 3859 Phoenicum
1963 3820 2131 3858 navibus
2155 3819 2168 3868 (
2180 3819 2266 3858 haec
2289 3817 2393 3857 enim
2409 3818 2467 3855 est
2487 3814 2647 3863 majoris
2667 3811 2789 3862 partis

1494 3885 1704 3923 auctorum
1724 3883 1944 3932 sententia)
1962 3883 2109 3922 auxilio
2126 3881 2267 3921 Samiis
2282 3879 2530 3939 venientibus
2545 3877 2786 3922 occurreret,

1494 3960 1542 3987 ac
1560 3959 1683 3998 quam
1706 3947 1930 3997 longissime
1948 3948 1999 3988 ab
2018 3947 2147 3987 insula
2165 3947 2430 3997 depugnaret,
2453 3941 2730 3983 Stesimbrotus
2747 3939 2787 3977 in

1495 4016 1672 4063 Cyprum
1688 4023 1781 4052 eum
1798 4014 1982 4062 navigare
2002 4013 2171 4052 voluisse.
2195 4012 2273 4060 ait,
2291 4009 2397 4062 quod
2414 4019 2492 4048 non
2513 4006 2671 4045 videtur
2685 4004 2785 4043 veri-

1495 4077 1622 4116 simile
1641 4092 1649 4115 :
1672 4079 1920 4126 utracunque
1937 4075 2021 4125 ejus
2037 4075 2154 4115 fuerit
2170 4077 2291 4122 ratio,
2313 4073 2463 4112 constat
2487 4072 2522 4108 in
2544 4080 2590 4107 eo
2608 4079 2786 4117 peccasse

1496 4140 1641 4190 ipsum.

2115 4207 2157 4244 8.

1546 4287 1830 4327 Stesimbrotus
1844 4286 1958 4325 refert
1974 4296 2081 4333 eum,
2097 4294 2221 4332 quum
2238 4283 2273 4320 iu
2289 4286 2404 4319 samo
2420 4281 2594 4316 mortuos
2608 4288 2677 4326 pro
2695 4286 2783 4313 wn-
