3016 4628
270 364 329 404 5⁴

269 483 309 509 c.
333 467 430 511 Cat.
457 465 566 523 maj.
592 473 637 508 et
657 480 683 508 a
703 464 844 508 Critia
866 480 941 523 ap.
962 463 1131 513 AElian.
1157 465 1227 519 X,
1255 480 1306 521 17
1323 499 1335 519 ,
1360 480 1461 523 quae
1481 480 1562 510 ne-

266 553 356 596 que
383 554 490 581 cum
515 536 882 582 exheredatione
907 537 1196 580 conveniunt
1219 552 1304 580 nee
1329 553 1436 580 cum
1474 537 1561 581 ab-

265 611 522 666 dicatione,
564 609 796 668 siquidem
834 617 1195 653 consentaneum
1226 617 1291 652 est
1325 609 1563 653 abdicatos

263 683 499 726 bonorum
540 698 639 725 non
673 681 807 725 fuisse
841 682 1093 740 participes
1126 690 1447 740 paternorum.
1491 683 1559 729 Cf

262 756 396 798 Petit.
417 757 545 814 Legg
583 754 690 798 Ath.
714 755 787 808 ΙΙ,
814 759 863 810 4,
891 769 940 812 p.
975 753 1080 810 157.
1110 774 1130 792 υ
1150 754 1364 799 Simena„

887 876 930 907 2.

325 958 456 1011 Ideni
479 967 593 1010 ibid.
623 984 662 1010 c.
683 973 739 1019 24
756 1001 768 1021 ,
794 964 818 1009 5
849 983 859 1010 :
883 967 1212 1012 Themistocles
1228 967 1288 1011 ad
1306 967 1558 1011 Admetum

260 1055 413 1100 regem
443 1041 754 1084 Molossorum
779 1039 1003 1099 confugit.
1027 1038 1149 1085 Ἐκεῖ
1167 1039 1204 1084 δ’
1232 1039 1350 1102 αὐτῷ
1373 1036 1452 1096 τὴν
1475 1058 1557 1103 γυ-

256 1118 384 1157 ναῖκα
403 1110 476 1157 καὶ
506 1110 603 1164 τοὺς
622 1111 782 1163 παῖδας
802 1108 1014 1174 ἐκκλέψας
1034 1111 1083 1156 ἐκ
1102 1113 1187 1156 τῶν
1214 1109 1400 1168 Ἀθηνῶν
1427 1109 1554 1160 Ἐπι-

255 1183 456 1248 κράτηςὸ
477 1182 518 1230 Α
524 1202 707 1248 χαρνευς
743 1182 1016 1241 ἀπέστειλεν,
1055 1182 1139 1229 ὃν’
1121 1182 1191 1230 επὶ
1225 1181 1364 1248 τούτῳ
1400 1184 1555 1247 Κίμων

254 1253 429 1330 ὕστερον
450 1254 597 1320 κρίνας
623 1254 915 1313 ἐθανάτωσεν,
937 1257 995 1309 ὡς
1020 1257 1185 1321 ἱστορεῖ
1207 1255 1552 1322 Στησίμὸροτος.

254 1319 346 1375 Εἶτ’
369 1348 446 1375 ουκ
467 1321 547 1375 οἶδ’
566 1326 680 1382 ὅπως
698 1327 1003 1389 ἐπιλαθόμενος
1019 1327 1180 1375 τούτων
1198 1327 1226 1386 ἢ
1244 1327 1315 1375 τὸν
1337 1331 1556 1392 Θεμιστο-

252 1400 357 1446 κλέα
373 1420 538 1447 ποιωνε
523 1399 828 1461 ἐπιλαθόμενον
845 1400 1032 1447 πλευσαί
1045 1420 1173 1466 φησιν
1188 1404 1246 1455 εἷς
1262 1402 1465 1450 Σικελίαν
1480 1403 1553 1451 καὶ

251 1476 357 1537 παρ’
391 1472 584 1538 Ἱέρωνος
613 1474 745 1519 αἰτεῖν
766 1477 840 1519 τοῦ
875 1472 1080 1538 τυράννου
1101 1473 1179 1531 τὴν
1213 1474 1424 1541 θυγατέρα
1450 1475 1553 1541 πρὸς

254 1545 394 1608 γάμον
411 1582 424 1602 ,
463 1544 802 1610 ὑπισχνούμενον
832 1547 949 1611 αὐτῷ
978 1544 1074 1599 τοὺς
1097 1545 1319 1606 (Έλληνας
1341 1549 1555 1607 ὑπηκόους

252 1617 466 1679 ποιήσειν,
483 1617 871 1684 ἀποστρεψαμένου
891 1618 936 1665 δὲ
956 1623 1029 1666 τοῦ
1045 1618 1241 1686 Ἱέρωνος
1254 1619 1387 1676 οὕτως
1401 1624 1459 1676 εἷς
1475 1621 1552 1682 τὴν

250 1689 394 1736 Ἀσίαν
417 1691 599 1756 ἀπᾶραι.
620 1693 775 1738 Ταῦτα
798 1690 833 1736 δ’
857 1692 935 1737 οὐκ
949 1690 1060 1745 εἰκός
1077 1693 1190 1739 ἐστιν
1207 1691 1320 1740 οὕτω
1332 1692 1545 1758 γενέσθαι.

313 1765 497 1809 Fictum
522 1780 614 1809 esse
637 1766 726 1809 iter
753 1766 961 1810 Siculum
982 1776 1028 1810 et
1051 1767 1110 1811 ad
1134 1769 1304 1812 Persici
1332 1770 1551 1814 similitu-

248 1836 406 1883 dinem
427 1837 707 1882 adornatum
733 1840 889 1898 arguit
918 1839 1234 1898 probatorum
1268 1843 1551 1902 scriptorum

246 1911 500 1965 silentium„
526 1920 571 1954 ct
605 1911 920 1971 Thucydideae
959 1915 1245 1958 narrationis
1291 1914 1548 1964 diversitas.

247 1983 382 2042 (Quae
400 1984 582 2042 reliqua
599 1985 874 2028 Plutarchus
890 1984 1047 2045 (quem
1060 1986 1183 2047 vide)
1207 1989 1424 2046 opponit,
1444 1990 1550 2032 nul-

245 2054 337 2097 lam
357 2054 533 2098 habent
551 2056 688 2115 vim.)
727 2058 945 2100 Attamen
966 2072 1065 2100 non
1099 2058 1279 2102 invenit
1308 2075 1409 2103 rem
1438 2057 1584 2105 Ste-

243 2126 521 2182 simbrotus‚
558 2128 639 2171 sed
673 2129 1015 2172 Timocreontis
1043 2130 1246 2186 Rhodii,
1275 2132 1363 2176 nisi
1386 2132 1550 2178 fefellit

244 2199 535 2257 conjectura,
575 2211 842 2245 commento
879 2217 988 2247 usus
1029 2211 1110 2249 est.
1152 2204 1340 2249 Etenim
1382 2206 1547 2250 Timo-

244 2286 411 2327 creon,
444 2272 592 2316 Suida
623 2282 760 2329 teste,
789 2271 950 2338 ἔγραψε
982 2272 1216 2338 κωμῳδίαν
1243 2276 1284 2328 ἐς
1318 2277 1548 2338 Θεμιστο-

243 2340 349 2388 κλέα
385 2341 460 2388 καὶ
494 2342 775 2407 Σιμωνίδην;
798 2349 965 2391 scimus
995 2349 1353 2394 Themistoclem
1380 2361 1547 2412 utpote

243 2413 477 2475 μηδίζοντα
507 2427 552 2461 et
571 2421 772 2477 pecunia
797 2422 1037 2480 corrumpi
1053 2437 1099 2466 se
1121 2438 1306 2482 passum
1329 2439 1355 2468 a
1380 2426 1545 2472 Timo-

245 2498 435 2534 creonte
451 2492 704 2552 perstringi
725 2492 868 2553 (Plut.
889 2494 1052 2537 Them.
1079 2509 1104 2537 2
1117 2494 1182 2553 1);
1206 2496 1416 2541 similiter
1430 2514 1544 2557 pro-

1251 354 1671 425 STESIMBROTI
1709 357 1925 406 THASll

1640 474 1929 510 memoratur
1953 467 2011 511 ab
2036 477 2227 515 auctme
2246 472 2444 530 Epistol.
2467 474 2686 520 Themist.
2732 478 2835 539 lx,

1640 544 1797 580 tamen
1818 545 1871 580 ut
1902 539 2104 584 rationes
2137 541 2485 603 chronologicae
2509 546 2705 592 turbatae
2727 549 2836 594 sint.
2862 551 2955 596 De

1637 605 1709 651 his
1740 608 1882 654 fusius
1915 610 2012 655 dixi
2050 613 2101 656 in
2145 613 2407 660 comment.
2448 618 2520 661 De
2560 616 2761 680 AEschyli
2801 622 2928 683 Sept..
2947 599 2972 678 ,τ’

1640 695 1680 722 c.
1707 681 1855 726 Theb.
1879 679 2128 746 (Goetting.
2159 686 2320 748 1836),
2338 703 2385 748 p.
2413 703 2473 745 27
2495 705 2605 750 sqq.
2965 719 2969 729 ι

2247 803 2288 848 3.

1702 918 1835 963 Idem
1858 919 2041 963 Cimon.
2070 934 2112 963 c.
2142 924 2189 975 4,
2209 919 2278 964 6:
2305 919 2636 984 Στησίμὸροτος
2662 921 2711 972 δ’
2723 924 2746 969 ὁ
2767 921 2954 980 Θάσιος
2956 966 2958 970 ,

1635 989 1735 1055 περὶ
1758 989 1830 1036 τὸν
1848 988 1974 1037 αὐτὸν
1988 992 2095 1052 ὁμου
2119 1009 2161 1037 τι
2183 991 2336 1057 χρόνον
2361 995 2423 1056 τῷ
2445 992 2621 1057 Κίμωνι
2644 994 2828 1060 γεγονώς
2844 1005 2970 1065 <pn-⁴³}

1635 1081 1700 1109 σιν
1740 1062 1868 1110 αὐτὸν
1906 1061 2004 1109 οὔτε
2032 1063 2243 1124 μουσικὴν
2270 1062 2367 1111 οὔτε
2406 1064 2514 1113 ἄλλο
2546 1084 2588 1113 τι
2621 1066 2812 1131 μάθημα
2841 1071 2932 1117 τῶν
2959 1058 2967 1103 5

1633 1134 1882 1199 ἐλευθερίων
1914 1133 1989 1181 καὶ
2012 1141 2099 1189 τοῖς
2115 1133 2331 1195 ζἛλλησιν
2361 1138 2736 1203 ἐπιχωριαζόντων
2757 1141 2932 1190 {asise-⁴
2968 1147 2978 1187 '0

1632 1211 1813 1272 χθῆναι,
1834 1205 2070 1265 δεινότητός
2109 1226 2158 1255 τε
2194 1208 2270 1255 καὶ
2308 1210 2556 1272 στωμυλίας
2580 1210 2778 1272 Ἀττικῆς
2821 1212 2932 1272 ὅλως
2959 1209 2977 1230 ’ἶ

1635 1279 1939 1344 ἀπηλλάχθαι,
1966 1299 2041 1326 και
2060 1283 2122 1327 τῶ
2145 1280 2330 1347 τρόπῳ
2315 1282 2425 1329 πολυ
2449 1282 2498 1330 τὸ
2514 1287 2707 1346 γενναῖον
2737 1285 2811 1334 καὶ
2828 1288 2933 1349 ἄλῃ·
2948 1321 2974 1351 ,γ

1633 1349 1701 1407 θὲς
1745 1351 2002 1417 ἐνυπάρχειν
2027 1371 2103 1399 και
2145 1354 2312 1414 μᾶλλον
2347 1357 2456 1402 εἶναι
2497 1357 2844 1417 Πελοποννήσιον
2879 1359 2930 1408 τὸ
2955 1355 2973 1395 ’ἲ

1632 1445 1787 1491 σχημα
1810 1428 1887 1483 τῆς
1898 1428 2040 1491 Ιἆιυχης
2057 1443 2130 1472 του
2152 1424 2316 1491 ἀνδρὸς,
2966 1425 2972 1442 ”

1733 1551 1905 1602 Φαῦλον,
1925 1553 2120 1606 ἄκομψον,
2138 1554 2187 1593 τὰ
2207 1554 2358 1606 μέγιστ’
2377 1555 2539 1607 ἀγαθὸν,

1629 1659 1743 1707 κατὰ
1782 1659 1853 1707 τὸν
1887 1659 2160 1726 Εὐριπίδειον
2180 1660 2427 1727 (Ηρακλέω
2449 1667 2588 1713 ταῦτα
2607 1664 2692 1731 γὰρ
2723 1665 2816 1715 ἔστι
2841 1671 2929 1724 τοῖς
2954 1713 2962 1718 ,

1630 1732 1712 1779 ὑπὸ
1734 1736 1807 1780 τοῦ
1832 1733 2168 1799 Στησιμὸρότου
2191 1736 2507 1800 γεγραμμένοις
2525 1739 2737 1789 ἐπειπεῖν.

1694 1808 1826 1852 Idem
1849 1809 2075 1853 Stesimbi
2079 1819 2182 1854 otus
2197 1811 2382 1856 subesse
2395 1811 2583 1858 videtur
2597 1815 2924 1873 sequentibus:

1625 1878 1766 1926 Εἰσὶ
1743 1881 1780 1926 δ’
1807 1877 1848 1926 οἳ
1870 1879 1948 1937 τὴν
1974 1880 2231 1938 Ἐλπινίκην
2249 1882 2296 1929 οὗ
2322 1901 2465 1949 κρυφα
2483 1903 2546 1930 τω
2571 1883 2769 1974 Κίμωνι,
2794 1905 2927 1953 φανε-

1633 1971 1713 2016 ρως
1731 1951 1775 1999 δὲ
1788 1951 2046 2015 γημαμένην
2068 1972 2322 2012 συνοικησαι
2337 1954 2600 2019 λέγουσιν,’
2575 1955 2694 2013 αξίου
2715 1961 2791 2016 τῆς
2806 1961 2928 2023 eta-(ee

1623 2023 1738 2079 νείας
1756 2023 1940 2089 νυμφίου
1966 2023 2037 2072 διὰ
2060 2024 2138 2084 τὴν
2163 2026 2315 2074 πενίαν
2335 2029 2606 2094 ἀποροῦσαν·
2623 2029 2719 2078 ἐπεὶ
2737 2030 2782 2079 δὲ
2796 2033 2927 2081 Καλ-

1622 2096 1716 2152 λίας
1738 2101 1822 2145 τῶν
1844 2098 2037 2163 εὐπόρων
2061 2118 2123 2153 τις
2148 2098 2374 2158 Ἀθήνησιν
2399 2101 2593 2168 ἐρασθεις
2615 2107 2834 2169 προσῆλθε
2845 2105 2923 2165 τὴν
2970 2155 2971 2158 ,

1623 2170 1730 2236 υπὲρ
1753 2190 1827 2219 του
1849 2171 2012 2236 πατρὸς
2033 2171 2314 2233 καταδίκην’
2294 2173 2472 2222 εκτίνειν
2499 2173 2666 2239 ἕτοιμος
2682 2175 2741 2225 ὧν
2758 2178 2925 2244 πρὸςτὸ

1623 2243 1844 2305 δημόσιον,
1860 2243 1995 2302 αὐτήν
2009 2264 2056 2291 τε
2073 2249 2302 2304 πεισθηναι
2315 2246 2390 2294 καὶ
2410 2246 2482 2296 τὸν
2507 2247 2697 2312 Κίμωνα
2715 2253 2778 2317 τῷ
2798 2252 2924 2301 Καλ-

1622 2314 1695 2361 λία
1710 2315 1951 2363 συνοικίσαι
1967 2316 2045 2374 τ-ὴν
2071 2317 2350 2378 Ἐλπινίκην.

1621 2386 1717 2436 οὔτε
1743 2388 1991 2454 μουσικὴν]
2014 2392 2174 2453 Longe
2200 2395 2335 2439 aliter
2359 2396 2468 2442 Ion.
2495 2395 2550 2441 fr.
2572 2401 2617 2450 ί..

2247 2523 2292 2570 l..

238 2571 345 2620 pter
372 2571 681 2621 tyrannorum
704 2565 915 2609 studium
939 2567 1274 2626 sordidamque
1298 2571 1541 2616 avaritiam
1573 2568 1578 2575 ’

245 2635 506 2678 traducitur
526 2636 815 2693 Simonides,
844 2639 915 2682 uti
941 2647 1142 2696 constat3
1166 2641 1250 2684 ista
1272 2656 1388 2686 vero
1417 2644 1541 2690 lucri

240 2706 470 2764 cupiditas
492 2711 835 2766 quammaxime
875 2712 1094 2770 apparuit
1117 2712 1167 2754 in
1187 2722 1331 2771 poeta
1362 2715 1541 2771 aulico,

243 2779 463 2823 Hieronis
488 2781 770 2828 consiliario.
799 2783 949 2842 Igitur
975 2799 1121 2842 quum
1146 2785 1411 2830 Simonides
1432 2798 1543 2846 post

238 2861 441 2895 mortem
461 2854 693 2897 Pausaniae
719 2863 764 2897 et
802 2855 1255 2900 condemnationem‘
1283 2858 1540 2900 Themisto-

239 2925 320 2966 clis
347 2925 584 2983 Syracusis
605 2925 818 2985 degeret,
845 2942 1030 2971 scenam
1054 2929 1103 2971 in
1123 2944 1216 2987 qua
1249 2929 1540 2974 adversarios

237 3012 344 3040 suos
363 2995 617 3056 μηδίζοντας
634 3007 941 3057 componeret
954 3002 1235 3045 Timocreon
1252 3002 1406 3045 aulam
1427 3001 1534 3045 Hie-

237 3063 367 3107 ronis
393 3064 577 3121 tyranni
616 3065 850 3124 selegisse,
895 3075 1034 3124 atque
1071 3081 1178 3110 eum
1206 3067 1254 3110 in
1287 3065 1428 3110 finem
1453 3067 1541 3110 iter

237 3135 359 3179 istud
378 3137 660 3195 excogitasse
687 3136 886 3182 videtur.
907 3165 970 3171 —
990 3140 1217 3183 Praeterea
1231 3140 1319 3183 iter
1335 3140 1541 3210 Siculum

818 3285 823 3290 ·
853 3278 894 3316 2.

292 3352 443 3392 Eodem
467 3354 724 3394 Themistocli
750 3356 951 3405 Epicrates
972 3356 1234 3397 Acharnensis
1249 3368 1416 3396 uxorem
1441 3359 1476 3397 el
1496 3357 1539 3396 li-

237 3417 353 3455 beros
383 3416 468 3466 ejus
493 3418 621 3467 misit,
646 3430 748 3468 quos
764 3420 900 3459 furtim
923 3420 1085 3461 Athenis
1102 3420 1354 3461 adduxerat:
1374 3421 1538 3472 ejusque

238 3481 331 3519 facti
355 3491 474 3520 causa
493 3484 582 3531 post
602 3493 625 3520 a
645 3483 808 3522 Cimone
827 3483 865 3522 in
884 3484 1080 3534 iudicium
1107 3487 1350 3535 pertractum
1367 3486 1474 3525 hunc
1499 3487 1540 3526 et

237 3546 367 3584 morte
397 3545 608 3594 affectum,
628 3547 911 3587 Stesimbrotus
941 3548 1094 3588 scribit.
1130 3549 1264 3600 Idem,
1297 3550 1430 3589 nescio
1457 3560 1538 3601 quo

236 3611 353 3658 pacto
365 3639 375 3658 ,
394 3608 537 3647 horum
553 3609 700 3649 oblitus
711 3641 722 3660 ‚
744 3614 814 3650 aut
829 3612 1001 3652 oblitum
1021 3613 1142 3652 fuisse
1158 3613 1463 3653 Themistoclem
1476 3615 1539 3663 ju-

235 3673 372 3712 dicans
383 3703 396 3723 ,
414 3675 549 3723 postea
565 3674 726 3724 scribit,
743 3687 836 3715 eum
853 3676 944 3716 inde
959 3678 1000 3716 in
1019 3677 1194 3717 Siciliam
1212 3678 1415 3728 navigasse
1427 3709 1437 3728 ‚
1453 3679 1537 3730 pol-

237 3737 472 3787 licitumque
485 3738 643 3777 Hieroni
661 3740 830 3789 tyranno
842 3771 854 3790 ‚
875 3740 907 3779 si
927 3740 1050 3780 filiam
1065 3752 1178 3781 suam
1191 3742 1445 3782 matrimonio
1461 3743 1535 3782 sibi

232 3801 437 3851 jungeret,
467 3800 568 3841 velle
588 3813 629 3841 se
652 3805 812 3845 Graecos
831 3803 870 3842 in
887 3805 1125 3854 potestatem
1148 3805 1232 3854 ejus
1248 3805 1444 3856 redigere,
1471 3817 1536 3847 re·

236 3867 478 3915 cnsantequc
504 3865 696 3915 Hierone,
714 3866 753 3906 in
775 3867 906 3906 Asiam
928 3867 1080 3907 abiisse.
1106 3871 1199 3908 Haec
1217 3871 1269 3910 ita
1286 3873 1375 3909 acta
1396 3871 1536 3922 fuisse,

237 3939 315 3967 non
334 3930 392 3967 est
408 3929 632 3969 verisimile.

290 4075 574 4116 Stesimhrotus
585 4077 772 4127 Thasius,
789 4078 859 4128 qui
876 4078 1014 4118 iisdem
1031 4080 1111 4120 sere
1127 4081 1271 4131 quibus
1282 4084 1425 4123 cimon
1439 4085 1536 4123 tem·

238 4138 399 4189 poribus
418 4141 538 4190 vixit,
556 4151 685 4191 neque
701 4141 740 4180 in
768 4142 921 4181 musica
940 4154 1056 4193 eum,
1078 4155 1207 4194 neque
1228 4145 1311 4185 ulla
1335 4146 1412 4186 alia
1434 4146 1535 4187 libe-

240 4201 310 4240 rali
326 4202 530 4253 disciplina
543 4235 553 4253 ,
571 4215 662 4254 quoe
678 4207 766 4243 tum
783 4205 890 4255 apud
908 4208 1068 4246 Graecos
1088 4207 1231 4257 passim
1251 4209 1291 4248 in
1312 4221 1388 4248 usu
1407 4213 1534 4262 erant,

240 4266 463 4306 institutum
488 4268 606 4308 fuisse
627 4269 799 4309 affirmat
819 4286 827 4308 ι
850 4280 874 4310 a
891 4270 1073 4310 facundia
1096 4271 1215 4311 etiam
1238 4274 1365 4314 Attica
1381 4275 1534 4325 lepore—

241 4340 318 4378 quc
345 4331 496 4370 dicendi
527 4334 641 4382 plane
665 4333 778 4372 fnisse
803 4334 978 4372 alienum
1000 4350 1007 4373 :
1033 4334 1162 4374 indole
1187 4336 1302 4376 fuisse
1322 4337 1536 4378 admodum

1685 2631 1757 2676 ΙΙ).
1778 2646 1816 2675 c.
1842 2639 1896 2683 14
1916 2647 1926 2675 :
1945 2627 2072 2677 Ἐπεὶ
2095 2627 2140 2676 δὲ
2164 2631 2248 2676 τῶν
2270 2630 2454 2695 Περσῶν
2466 2649 2575 2686 τινες
2594 2633 2672 2680 οὔκ
2695 2630 2922 2682 ἐὸούλοντο

1614 2698 1694 2758 τὴν
1712 2699 1987 2763 Χερσόνησον
2003 2701 2213 2764 ἐκλιπεῖν,
2233 2702 2346 2749 ἀλλὰ
2363 2701 2439 2750 καὶ
2455 2701 2551 2758 τοὺς
2565 2705 2746 2770 Θρᾷκας
2761 2704 2920 2754 ἄνωθεν

1614 2775 1909 2820 ἐπεκαλοῦντο
1929 2778 2293 2840 καταφρονοῦντες
2314 2779 2390 2822 τοῦ
2416 2775 2617 2838 Κίμωνος
2638 2771 2732 2837 μετ’
2757 2778 2918 2840 ὀλίγων

1617 2844 1874 2892 παντάπασι
1897 2843 2084 2910 τριήρων
2127 2845 2354 2904 Ἀθήνηθεν
2380 2847 2746 2906 ἐκπεπλευκότος,
2775 2849 2916 2912 ὁρμή-

1616 2937 1694 2971 σας
1712 2916 1780 2964 ἐπ’
1812 2916 1966 2970 αὐτοὺς
1994 2915 2202 2982 τέσσαρσι
2227 2916 2306 2980 μὲν
2337 2917 2488 2976 ναυσὶ,
2520 2918 2800 2984 τρισκαίδεκα
2840 2918 2917 2974 ‘tite
2967 2984 2969 2986 -
3005 2916 3008 2958 ῗ

1615 2991 1787 3039 ἐκείνων
1813 2990 1984 3050 ἔλαὸεν,
2009 2989 2216 3047 ἐξελάσας
2240 2990 2284 3039 δὲ
2309 2989 2405 3046 τους
2440 2990 2615 3058 Πέρσας
2652 2991 2730 3040 καὶ
2753 3012 2916 3059 xpum·
3004 3002 3009 3009 “

1616 3082 1695 3118 σας
1729 3067 1814 3112 τῶν
1843 3066 2052 3131 Θρακῶν,
2091 3071 2236 3112 πᾶσαν
2276 3063 2526 3125 ὠκειώσατο
2567 3069 2623 3131 τῇ
2666 3065 2790 3113 πόλει
2830 3065 2910 3126 τὴν

1575 3137 1584 3176 ί
1611 3136 1905 3202 Χερσόνησον.
1942 3137 1978 3201 (2
1981 3137 1995 3200 )
2023 3136 2107 3185 Ἐκ
2137 3135 2183 3184 δὲ
2206 3139 2356 3185 τούτου
2378 3137 2570 3192 Θασίους
2593 3136 2672 3200 μὲν
2700 3138 2917 3187 ἀποστάν-

2616 3234 2744 3239 —-
2881 3234 2909 3242 1-

1572 3275 1580 3331 ἷ
1613 3283 1798 3323 generosa
1812 3275 1934 3324 atque
1953 3274 2110 3323 aperta,
2128 3273 2342 3325 animoque
2354 3273 2478 3324 magis
2494 3273 2779 3326 Peloponnesio
2793 3281 2915 3326 quam

1613 3337 1768 3388 Attico,
1790 3340 1830 3379 et
1846 3336 1956 3390 quod
1969 3337 2019 3377 de
2036 3337 2208 3377 Hercule
2227 3336 2437 3388 Euripides
2454 3336 2576 3387 dicit,

1722 3417 1910 3453 Incultum
1920 3442 1930 3460 ‚
1946 3415 2136 3463 ineptum,
2158 3416 2199 3451 in
2214 3415 2381 3452 maximis
2397 3416 2509 3453 rebus
2521 3416 2665 3454 bonum
2681 3429 2693 3451 ι

1613 3487 1689 3526 hoc
1704 3489 1810 3527 enim
1831 3487 1944 3527 nobis
1963 3487 2055 3528 licet
2077 3486 2221 3527 addere
2243 3486 2290 3526 iis
2312 3497 2404 3538 quoe
2434 3486 2719 3527 Stesimbrotus
2739 3487 2912 3539 saionis

1663 3555 1766 3593 Sunt
1782 3553 1850 3604 qui
1865 3564 1953 3592 nont
1966 3553 2105 3592 furtim
2121 3553 2342 3603 Elpinicam
2365 3563 2460 3592 cum
2479 3552 2667 3602 Cimone,
2686 3551 2757 3592 sed
2777 3553 2910 3604 palam
2939 3579 2943 3589 ·

1612 3618 1834 3658 contractis
1842 3618 1992 3669 nuptiis
2003 3617 2332 3659 consuetudinem
2347 3616 2532 3658 habuisse
2543 3616 2679 3656 dicant
2689 3647 2702 3667 ,
2716 3628 2844 3668 quum
2859 3619 2913 3660 ob
2936 3622 2949 3626 ’

1611 3684 1886 3732 paupertatem
1905 3682 2063 3722 nullum
2082 3692 2154 3722 sua
2168 3680 2376 3721 nobilitate
2390 3679 2557 3731 dignum
2574 3679 2770 3722 inveniret
2789 3683 2919 3734 mark,
2945 3714 2950 3720 .

1610 3749 1699 3785 tum
1719 3757 1869 3797 :quum
1886 3749 2022 3786 autem
2040 3746 2184 3787 Callias
2194 3775 2205 3796 ,
2223 3756 2326 3785 unus
2341 3755 2394 3785 ex
2410 3743 2679 3796 locupietibus
2694 3744 2910 3785 Athenien-

1610 3810 1738 3860 sibus,
1758 3821 1896 3851 amore
1913 3810 1999 3860 ejus
2016 3812 2157 3863 captus
2175 3810 2420 3860 scomma,
2435 3810 2598 3860 paratus
2615 3808 2808 3849 mulctam
2823 3808 2909 3852 un·
2946 3812 2949 3814 ’

1609 3874 1706 3913 tiadi
1725 3874 1939 3925 irrogatam
1962 3874 2102 3914 aerario
2119 3873 2278 3924 publico
2292 3872 2487 3923 pendere,
2498 3873 2544 3912 et
2557 3871 2683 3923 ipsam
2701 3872 2946 3915 assensisse

1611 3941 1651 3979 et
1665 3939 1875 3981 cimonem
1891 3949 1978 3979 eam
1999 3939 2136 3979 callim
2149 3939 2324 3990 nuptum
2338 3936 2506 3978 dedisse.
2931 3937 2934 3945 ¹

1664 4085 1799 4127 Quum
1823 4084 2034 4122 Persarum
2059 4080 2225 4132 quidam
2249 4081 2493 4122 Chersoneso
2515 4079 2708 4120 decedere
2731 4075 2947 4142 nollentm'¹
3000 4107 3001 4112 ,

1609 4145 1679 4186 sed
1698 4146 1871 4186 Thraces
1884 4155 2005 4197 supra
2019 4145 2243 4185 accolentes
2259 4144 2334 4184 sibi
2348 4144 2587 4185 asciscerent
2597 4174 2609 4194 ,
2625 4144 2758 4194 spreto
2776 4143 2905 4184 cimo-
2955 4191 2958 4194 ,
2997 4186 3000 4189 Δ

1610 4220 1659 4249 ne
1670 4240 1681 4260 ,
1699 4210 1766 4259 qui
1788 4220 1882 4248 cum
1894 4208 2098 4260 perpaucis
2111 4207 2340 4248 triremibus
2355 4207 2518 4248 Athenis
2531 4207 2727 4257 solverat,
2744 4207 2849 4246 sacto
2866 4204 2906 4249 in
2948 4206 2950 4211 ’

1609 4285 1676 4314 eos
1691 4274 1841 4325 impetu
1855 4304 1865 4323 ‚
1883 4275 2076 4324 quattuor
2095 4274 2179 4313 suis
2192 4273 2363 4313 navibus
2375 4272 2568 4313 tredecim
2586 4272 2763 4323 ipsorum
2782 4271 2918 4312 naves'
2936 4302 2950 4325 s
2998 4268 3002 4298 ἕ

1611 4339 1711 4389 cepit
1726 4369 1734 4387 ,
1754 4338 1968 4389 ejectisque
1986 4337 2110 4378 Persis
2124 4339 2164 4377 et
2176 4336 2370 4388 superatis
2383 4336 2618 4386 ThracibuS‚
2633 4337 2760 4377 totam
2777 4335 2900 4376 Cher·
