3008 4542
194 221 210 259 t

252 269 343 309 530

250 371 414 427 καλῶς,
437 370 493 421 ὡς
518 358 661 428 οἶμαι,
684 365 727 410 ἐν
752 365 889 428 τούτῳ
912 361 1151 429 μέμφεται,
1171 362 1325 426 λέγων,
1349 362 1420 427 ὅτι
1437 363 1543 422 ἠπό-

251 461 352 507 ρησε
375 439 659 488 διαλύσασθαι
679 435 756 495 τὴν
779 435 940 484 ἔννοιαν
961 439 1044 483 τῶν
1066 436 1362 501 συγγραφέων,
1386 436 1439 494 ἣν
1464 437 1540 482 αὖ·

247 515 316 568 τὸς
338 510 583 578 καινότερόν
607 530 647 556 τι
671 511 806 557 δοκῶν
834 513 1067 573 κατορθοῦν
1091 508 1228 571 λέγει·

313 602 351 636 4.
383 609 404 628 κ
435 582 617 641 Ἐπειδὴ
644 582 730 630 ἀπὸ
755 585 830 640 τῆς
850 586 922 629 τοῦ
947 581 1083 643 Ἀδὰμ
1103 580 1301 634 πλάσεως
1324 581 1443 645 [ἕως]
1468 585 1540 629 τοῦ

247 656 415 723 Ἑνώχ,
458 657 554 716 ἤτοι
594 660 668 703 τοῦ
710 656 938 703 καθολικοῦ
973 657 1184 716 κοσμικοῦ
1225 651 1392 718 ,ασπβζ
1443 652 1540 700 οὔτε

248 730 380 794 μηνὸς
413 728 508 777 οὔτε
534 730 726 776 ἐνιαυτοῦ
768 728 944 792 ἀριθμὸς
982 728 1156 789 ἡμερῶν
1188 724 1461 789 ἐγνωρίζετο,
1502 727 1540 772 οἱ

247 803 338 852 δὲ’
320 802 574 868 εγρήγοροι,
601 800 875 854 κατελθόντες
909 798 980 846 ἐπὶ
1004 802 1079 844 τοῦ
1115 799 1346 844 καθολικοῦ
1387 816 1539 860 κοσμι-

245 880 320 925 κοῦ
342 874 611 942 χιλιοστοῦ”
586 893 726 932 ετους,
752 869 1170 936 συναναστραφέντες
1191 876 1278 924 τοῖς
1303 869 1539 935 ἀνθρώποις

246 948 443 1005 ἐδίδαξαν
467 947 621 1001 αὐτους
643 945 740 1000 τους
766 945 946 997 κύκλους
971 962 1054 989 των
1081 941 1156 989 δύο
1186 941 1423 1007 φωστήρων
1450 943 1538 989 60)-

245 1020 526 1078 δεκαζωδίους
550 1025 659 1068 εἶναι
683 1021 732 1065 ἐκ
766 1019 926 1105 μοιρῶν
951 1014 1207 1080 τριακοσίων
1242 1013 1472 1073 ἑξήκοντα,
1499 1016 1538 1062 οἱ

244 1095 289 1144 δὲ
314 1094 638 1160 ἇποὸλέψαντες
659 1093 717 1146 εἷς
739 1110 809 1137 τον
834 1087 1160 1154 περιγειότερον,
1191 1088 1439 1152 μικρότερον
1463 1086 1539 1134 καὶ

243 1167 518 1234 εὖδηλότερον
540 1162 896 1230 τριακονθήμερον
920 1160 1172 1218 σεληνιακὸν
1192 1160 1348 1207 κύκλον
1368 1161 1539 1207 ἐθέσπι-

245 1261 323 1290 σαν
347 1243 404 1295 εἷς
431 1238 621 1287 ἐνιαυτον
642 1239 937 1302 ἀριθμεῖσθαι,
963 1233 1032 1281 διὰ
1056 1233 1104 1280 τὸ
1127 1233 1201 1280 καὶ
1225 1233 1297 1280 τὸν
1315 1237 1390 1280 τοῦ
1415 1232 1538 1290 ἡλίου

242 1313 400 1362 κύκλον
435 1314 478 1359 ἐν
502 1311 588 1363 τοῖς
626 1311 767 1361 αὐτοῖς
802 1307 969 1353 δώδεκα
994 1304 1159 1361 ζωδίοις
1191 1306 1461 1370 πληροῦσθαι
1493 1306 1536 1352 ἐν

242 1386 480 1451 ἰσαρίθμοις
497 1383 665 1447 μοίραις
685 1380 760 1436 τξᾝ
781 1376 916 1428 εὈθεν
932 1378 1089 1436 συνέὸη
1111 1378 1187 1431 τὰς
1210 1377 1431 1441 βασιλείας
1451 1397 1536 1424 των

241 1457 345 1524 παρ’
371 1458 513 1511 αὐτοῖς
539 1452 884 1520 βασιλευσάντων
917 1455 1044 1499 θεων
1068 1470 1269 1514 γενεων
1298 1449 1351 1505 ἒς
1387 1453 1436 1497 ἐν
1464 1452 1536 1497 δυ·

239 1529 467 1578 ναστεία
484 1549 524 1582 ις
549 1527 602 1582 ἓξ
627 1526 739 1574 κατὰ
763 1525 837 1584 ἔτη
863 1545 906 1572 εν
934 1525 1200 1582 σεληνιακοῖς
1225 1523 1537 1588 τριακονθημέ-

243 1622 328 1668 ροις
351 1602 523 1656 κύκλοις
549 1599 653 1666 παρ’
679 1601 821 1652 αὐτοῖς
857 1601 1158 1663 ἀριθμεῖσθαι·
1189 1595 1217 1642 ἃ
1247 1615 1321 1642 και
1352 1595 1537 1652 συνῆξαν

240 1676 418 1732 σελήνια
437 1674 479 1722 α’
502 1672 664 1739 owni—:¹
687 1671 761 1729 ἔτη
777 1710 788 1730 ,
804 1669 968 1729 ἡλιακὰ
992 1668 1122 1725 Ἰὒξθ’·
1144 1673 1281 1716 ταῦτα
1298 1667 1342 1715 δὲ
1362 1688 1539 1733 συναρι-

240 1750 460 1810 θμούμενα
480 1752 567 1800 τοῖς
582 1744 667 1810 πρὸ
690 1765 766 1803 της
785 1742 946 1791 τούτων
973 1740 1193 1807 βασιλείας
1216 1744 1412 1798 ἡλιακοῖς
1429 1739 1537 1806 ανη’

239 1820 354 1868 ἔτεσι
376 1818 630 1882 συνάγουσιν
655 1817 798 1880 ὃμάδα
823 1818 928 1863 ἐτῶν
951 1813 1074 1880 Ιβκζ’.
1098 1837 1118 1856 »
1142 1812 1334 1876 Ὁμοίως
1359 1812 1402 1860 δὲ
1420 1812 1535 1860 κατὰ

239 1892 316 1947 τὰς
357 1892 449 1940 δύο
472 1889 810 1943 δυναστείας
845 1892 951 1936 τῶν
990 1886 1142 1934 ἐννέα
1175 1886 1420 1948 ἡμιθέων
1453 1889 1536 1932 τῶν

242 1970 456 2035 μηδέποτε
487 1969 721 2035 γεγονότων
747 1971 805 2023 ὡς
828 1967 1064 2032 γεγονότων
1085 1966 1158 2023 ἔτη
1184 1965 1266 2012 σιδ’
1299 1963 1372 2012 καὶ
1400 1963 1536 2026 ἥμισυ

240 2043 469 2100 σπουδάζει
489 2050 691 2090 συνιστᾶν
709 2041 795 2088 ἀπὸ
814 2043 899 2087 τῶν
920 2040 1120 2105 ὠνιώρων
1144 2052 1152 2095 (
1172 2043 1205 2088 l.
1233 2037 1335 2096 ωνη’
1356 2037 1534 2102 ὥρων),

238 2119 331 2176 ἤτοι
350 2118 541 2208 τρόπων,
568 2120 625 2171 ὥς
642 2114 835 2180 γίνεσθαί
858 2133 963 2181 φησι
988 2113 1064 2161 σὺν
1088 2112 1216 2169 79ξθ’.
1247 2113 1381 2178 ,αρνγῗ
1414 2113 1428 2174 (
1443 2130 1532 2159 scr.

241 2211 371 2257 αρπγ
373 2191 415 2255 ¹)
453 2188 527 2238 καὶ
561 2188 697 2251 ἥμισυ
738 2187 833 2245 ἔτη,
873 2186 947 2234 καὶ
988 2185 1290 2247 συναπτόμενα
1323 2189 1411 2239 τοῖς
1451 2184 1536 2231 ἀπὸ

240 2263 382 2325 Ἀδαμ
404 2263 533 2328 μέχρι
553 2266 629 2319 τῆς
652 2280 735 2308 των
757 2264 862 2308 θεῶν
899 2258 1147 2324 βασιλείας
1157 2256 1252 2315 ανη’
1270 2255 1383 2304 ἔτεσι
1403 2255 1537 2303 συνοί-

237 2356 327 2400 γειν
350 2335 423 2395 ἔτη
450 2338 598 2422 ,Νβσμβ’
624 2333 702 2388 ε’ως
723 2338 795 2381 τοῦ
821 2334 1150 2392 κατακλυσμοῦ

305 2428 342 2458 5.
373 2408 462 2456 Καὶ
492 2412 628 2455 ταῦτα
655 2405 732 2468 μὲν
763 2408 786 2452 6
816 2403 1073 2468 Πανόδωρος
1097 2402 1173 2457 τὰς
1195 2401 1308 2449 κατὰ
1334 2405 1430 2450 θεοῦ
1456 2399 1532 2447 καὶ

290 2555 328 2588 4.
357 2563 381 2583 α
406 2547 564 2588 Scilicet
589 2547 641 2587 ab
667 2546 808 2586 Adami
835 2547 1095 2594 formatione,
1116 2545 1196 2593 ait,
1231 2555 1356 2594 usque
1375 2543 1425 2583 ad
1456 2546 1536 2583 Hc-

240 2613 358 2662 noch,
374 2611 458 2652 sive
473 2611 524 2651 ad
539 2622 792 2651 communem
803 2610 942 2650 mundi
957 2621 1107 2649 annum
1125 2613 1239 2658 1282,
1252 2619 1382 2659 neque
1395 2607 1540 2647 mensis

241 2689 371 2728 neque
392 2678 485 2717 anni
503 2687 716 2716 numerum
736 2675 892 2715 dierum
909 2675 1123 2723 noverant,
1143 2672 1284 2713 deinde
1303 2684 1398 2712 vero
1418 2675 1537 2722 Egre-

240 2742 323 2793 gori
339 2773 350 2792 ,
372 2752 496 2792 quum
512 2740 716 2780 communi
730 2739 869 2779 mundi
885 2750 988 2778 anno
1005 2738 1211 2778 millesimo
1235 2737 1275 2776 in
1301 2738 1447 2776 terram
1467 2736 1537 2775 de-

241 2806 442 2847 venissent
457 2808 497 2845 et
513 2816 606 2844 cum
621 2804 857 2845 mortalibus
873 2805 1215 2852 conversarentur,
1236 2802 1458 2842 docuerunt
1473 2813 1540 2841 eos

241 2870 416 2910 duorum
446 2871 643 2910 luminum
675 2871 844 2910 circulos
861 2870 1074 2910 duodecim
1107 2869 1226 2919 signis
1252 2868 1459 2907 distinctos
1492 2878 1540 2905 ex

246 2936 428 2985 partibus
441 2938 622 2975 constare
637 2936 824 2976 trecentis
846 2937 887 2975 et
903 2936 1119 2986 sexaginta.
1141 2935 1204 2974 Illi
1219 2945 1315 2973 vero
1336 2932 1536 2972 attenden-

244 3001 307 3040 tes
335 2999 386 3039 ad
420 3000 651 3039 viciniorem
683 3002 801 3039 terrae
838 3001 878 3039 et
919 2999 1112 3038 minorem
1152 2997 1540 3047 manifestioremque

247 3065 410 3115 triginta
435 3064 589 3103 dierum
618 3064 811 3103 circulum
828 3065 1007 3104 lunarem
1020 3093 1032 3113 ,
1051 3063 1159 3102 hunc
1184 3073 1256 3112 pro
1275 3073 1379 3101 anno
1397 3072 1539 3100 nume·

247 3128 417 3168 randum
453 3129 704 3176 statuerunt,
725 3127 914 3177 quoniam
941 3127 1079 3167 solaris
1099 3137 1258 3178 quoque
1277 3125 1448 3165 circulus
1472 3135 1542 3175 per

246 3193 386 3233 eadem
424 3191 636 3231 duodecim
676 3191 786 3241 signa
820 3191 1040 3241 aequalibus
1073 3191 1251 3242 partibus
1283 3190 1471 3230 trecentis
1503 3190 1543 3228 et

245 3256 448 3306 sexaginta
463 3256 742 3306 compleretur.
773 3255 876 3294 Hinc
891 3255 1041 3295 factum
1058 3258 1118 3295 est
1143 3257 1190 3294 ut
1218 3265 1333 3304 regna
1350 3253 1516 3293 deorum
1530 3284 1541 3303 ‚

247 3321 316 3372 qui
343 3319 447 3369 apud
465 3331 535 3359 eos
565 3321 780 3370 regnarunt
806 3331 876 3370 per
904 3331 976 3360 sex
999 3321 1268 3371 generationes
1297 3320 1543 3370 totidemque

246 3383 471 3435 dynastiae,
505 3383 726 3423 secundum
752 3394 877 3423 annos
900 3396 951 3423 ex
970 3385 1175 3424 lunaribus
1200 3384 1361 3434 triginta
1387 3385 1542 3423 dierum

247 3448 369 3497 cyclis
399 3448 637 3498 compositos
662 3449 938 3488 numerentur.
966 3447 1169 3498 Ejusmodi
1198 3459 1394 3487 annorum
1430 3460 1542 3488 men-

247 3514 449 3551 struorum
469 3522 666 3550 summam
687 3511 877 3560 colligunt
901 3517 1024 3552 11985
1040 3542 1051 3560 ,
1069 3512 1137 3562 qui
1155 3513 1302 3552 solares
1321 3523 1445 3551 annos
1461 3513 1544 3551 essi-

253 3576 363 3615 ciunt
376 3581 466 3617 969.
482 3578 563 3616 Hos
576 3586 671 3615 vero
684 3576 749 3614 ubi
767 3578 1086 3616 annumeraveris
1098 3577 1292 3616 solaribus
1304 3577 1416 3616 annis
1435 3582 1533 3618 1058

249 3639 346 3690 quid
363 3642 456 3680 ante
479 3639 635 3679 initium
653 3639 761 3688 regni
780 3640 1054 3690 AEgyptiorum
1070 3641 1189 3690 elapsi
1208 3643 1301 3680 sunt
1313 3671 1324 3690 ,
1345 3651 1544 3680 summam

251 3703 407 3743 obtines
425 3713 622 3743 annorum
646 3707 764 3743 2027.
821 3703 946 3742 Simili
975 3703 1094 3742 modo
1124 3705 1163 3743 in
1183 3704 1336 3744 duabus
1357 3705 1546 3754 dynastiis

246 3779 393 3808 novem
413 3767 679 3807 semideorum
693 3797 703 3814 ,
728 3766 912 3806 fictorum
930 3767 1112 3817 illorum,
1136 3769 1247 3818 quasi
1263 3780 1343 3808 non
1359 3769 1544 3808 fictorum

249 3843 375 3875 annos
392 3834 520 3882 2147,
545 3843 592 3872 ex
613 3832 722 3871 horis
738 3831 1068 3882 (trimeserz‘bus)
1088 3836 1163 3872 858
1186 3833 1369 3884 colligere
1387 3833 1543 3883 studet,

251 3895 351 3935 adeo
382 3898 427 3935 ut
456 3907 549 3935 cum
579 3895 692 3935 annis
723 3894 809 3934 istis
833 3899 908 3935 969
939 3906 1096 3934 summa
1128 3895 1319 3936 confletur
1350 3908 1545 3936 annorum

258 3961 410 4010 1183¹l3
423 3959 504 4008 ,qui
524 3959 595 4010 ipsi
609 3958 737 4008 juncti
758 3959 872 3998 annis
899 3963 994 3998 1058
1014 3959 1104 3998 inde
1119 3959 1169 3998 ab
1186 3959 1334 3999 Adamo
1355 3971 1482 4010 usque
1496 3960 1546 3999 ad

252 4025 420 4064 deorum
449 4035 612 4074 regnum
639 4024 804 4076 elapsis,
833 4025 1018 4075 expleant
1037 4026 1208 4074 spatium
1229 4036 1425 4065 annorum
1447 4029 1546 4066 2242

1162 257 1295 304 MAN
1307 255 1579 304 ETHONIS
1619 255 2015 304 SEBENNYTAE

1618 366 1702 410 τῶν
1757 362 2046 411 θεοπνεύστων
2101 364 2275 428 γραφῶν
2319 363 2620 426 Αἰγυπτιακὰς
2660 366 2906 431 συγγραφὰς

1619 443 1860 501 συμφωνεῖν
1900 436 2050 491 αὐταῖς
2085 436 2338 498 ἀγωνίζεται
2371 435 2604 496 δεικνύναι,
2641 438 2913 503 μεμφόμενος

1617 508 1688 554 τὸν
1715 506 1944 570 Εὐσέὸιον,
1969 506 2030 571 μὴ
2056 506 2176 562 εἰδὼς
2199 506 2263 555 ὅτι
2289 507 2383 554 καθ’
2414 510 2568 555 ἑαυτοῦ
2597 507 2671 556 καὶ
2693 512 2769 566 τῆς
2804 511 2914 567 ἀλη-

1618 579 1731 634 θείας
1764 579 2063 628 ἀποδέδεικται
2094 585 2233 627 ταῦτα
2273 582 2402 627 αὐτοῦ
2438 580 2492 627 τὰ
2533 580 2825 630 ἀναπόδεικτοί
2865 601 2912 629 τε

1616 651 1690 700 καὶ
1738 652 2056 712 ἀσυλλόγιστα,
2099 652 2138 700 εἴ
2178 672 2287 716 γε...
2330 651 2426 700 οὔτε
2467 651 2680 701 Βαὸυλὼν
2725 651 2754 711 ἢ
2790 655 2913 703 Χαλ-

1619 723 1747 783 δαικὴ
1771 724 1856 790 πρὸ
1880 729 1954 771 τοῦ
1977 726 2287 788 κατακλυσμοῦ
2311 723 2407 773 οὔτε
2432 728 2459 782 ἡ
2488 723 2707 789 Αἴγυπτος
2733 745 2817 792 προ
2839 731 2914 775 τοῦ

1617 797 1824 863 Μεστρὲμ
1847 796 2131 857 εὸασιλεύθη,
2153 790 2275 860 οἶμαι
2301 797 2337 845 δ’
2356 797 2421 846 ὅτι
2444 799 2532 846 οὐδ’
2550 796 2730 863 ᾠκίσθη.

2244 905 2288 953 3.

1681 1005 1918 1064 Syncellus
1938 1021 1987 1065 p.
2019 1005 2094 1064 18,
2120 1006 2155 1051 C
2176 1021 2187 1050 :

1694 1124 1943 1190 Περὶτῆς
1961 1128 2061 1173 τῶν
2084 1125 2397 1189 Αἰγυπτίων
2424 1126 2833 1190 ἀρχαιολογίας.

1682 1243 1867 1289 Μανεθῶ
1904 1243 1926 1287 6
1961 1239 2228 1296 Σεὸεννύτης
2263 1237 2486 1305 ἀρχιερεὺς
2518 1241 2603 1286 τῶν
2627 1240 2680 1285 ἐν’
2703 1238 2915 1306 Αἰγύπτῳ

1615 1317 1782 1379 μιαρῶν
1806 1315 1932 1378 ἱερῶν
1966 1312 2075 1375 μετὰ
2106 1311 2343 1376 Βήρωσσον
2379 1312 2602 1374 γενόμενος
2635 1310 2707 1358 ἐπὶ
2741 1314 2911 1362 Πτολε-

1620 1387 1748 1446 μαίου
1781 1391 1856 1434 τοῦ
1891 1385 2173 1451 Φιλαδέλφου
2208 1384 2363 1450 γράφει
2386 1386 2448 1449 τῷ
2489 1385 2607 1449 αὐτῷ
2631 1385 2914 1450 Πτολεμαίῳ,

1614 1461 1891 1527 ψευδηγορῶν
1908 1458 1981 1506 καὶ
2000 1458 2126 1512 αὖτος
2142 1478 2198 1511 ως
2216 1461 2239 1505 6
2259 1457 2515 1521 Βήρωσσος,
2536 1457 2635 1522 περὶ
2656 1459 2913 1505 δυναστειῶν

1583 1547 1586 1551 “
1615 1533 1656 1588 ς’
1661 1571 1674 1593 ,
1691 1533 1786 1591 ἤτοι
1808 1535 1884 1579 θε
1835 1552 1912 1579 εων
1931 1535 2018 1579 τῶν
2039 1529 2254 1595 μηδέποτε
2275 1529 2507 1622 γεγονότων
2531 1529 2564 1585 ζ’
2588 1531 2706 1594 (sei.
2733 1530 2775 1584 ς’
2792 1533 2829 1594 ),
2849 1529 2913 1590 οἳ,

1614 1606 1745 1672 φησὶ,
1761 1607 1845 1652 δια
1832 1604 2056 1669 γεγόνασιν
2071 1603 2141 1652 ἐπὶ
2161 1602 2235 1662 ἔτη
2257 1603 2296 1648 α’
2317 1602 2502 1668 αππεᾝ
2527 1595 2617 1652 ῗΩν
2637 1606 2805 1669 πρῶτος
2823 1602 2914 1657 θεὸς

1612 1678 1903 1744 “Ramnes''
1881 1698 1989 1742 ετη
1992 1682 2013 1724 θ
2040 1677 2309 1726 ἐὸασίλευσε.
2362 1673 2522 1725 Ταῦτα
2547 1676 2603 1724 τὰ
2625 1677 2707 1741 θ’
2684 1698 2760 1736 ετη
2783 1679 2914 1725 πάλιν

1613 1751 1722 1805 τινὲς
1740 1754 1824 1798 τῶν
1849 1754 1946 1797 καθ’
1973 1754 2089 1813 ἡμᾶς
2109 1746 2383 1812 ιστορικῶν’
2361 1769 2456 1796 αντι
2479 1753 2626 1811 μηνῶν
2648 1752 2912 1807 σεληνιακῶν

1612 1823 1889 1887 λογισάμενοι
1913 1822 1987 1870 καὶ
2013 1821 2262 1886 μερίσαντες
2278 1822 2326 1869 τὸ
2351 1824 2435 1868 τῶν
2452 1825 2631 1904 ἡμερῶν
2645 1825 2805 1885 πλῆθος
2827 1825 2913 1870 τῶν

1614 1892 1751 1937 αὐτῶν
1773 1894 1808 1956 0
1830 1888 2037 1947 σεληνίων
2055 1887 2175 1953 παρὰ
2195 1888 2272 1942 τὰς
2288 1888 2537 1952 τριακοσίας
2558 1886 2763 1945 ἑξήκοντα
2783 1886 2912 1935 πέντε

1614 1961 1778 2028 ἡμέρας
1800 1967 1875 2010 τοῦ
1894 1964 2088 2009 ἐνιαυτοῦ
2109 1959 2292 2018 συνῆξαν
2314 1959 2389 2017 ἔτη
2411 1958 2507 2016 ψκζ’
2521 1959 2594 2006 υδ’
2609 1958 2757 2021 ,ξένον
2778 1979 2820 2006 τι
2840 1960 2909 2006 δο-

1612 2039 1784 2088 κοῦντες
1803 2033 2159 2098 κατωρθωκέναι,
2185 2031 2362 2096 γελοίων
2388 2031 2432 2079 δὲ
2457 2033 2621 2095 μαλλον
2643 2033 2778 2078 εἰπεῖν
2799 2030 2913 2086 ἄξιον

1612 2108 1661 2154 τὸ
1684 2109 1836 2173 ψεῦδος
1859 2110 1912 2170 τῇ
1936 2106 2115 2169 ἀληθεία
2137 2103 2496 2167 συμδιὸάζοντεςζ

1678 2178 1926 2242 Αἰγυπτίων
1956 2178 1996 2225 α’
2023 2177 2297 2226 ἐὸασίλευσεν
2324 2176 2567 2242 ΕἨφαιστος
2598 2175 2674 2235 ἔτη
2703 2176 2800 2242 ψκζ’
2819 2177 2910 2227 υδ’.

1612 2252 1776 2318 Πρώτη
1799 2251 2045 2300 δυναστεία.

1682 2326 1719 2391 β’
1853 2326 2007 2380 εἬλιος
2028 2323 2269 2390 Ἡφαίστου
2294 2323 2368 2382 ἔτη
2384 2322 2450 2369 πί
2465 2322 2524 2380 ς’,

1705 2399 1715 2417 Ι

1658 2410 1703 2460 ’γ
1886 2396 2209 2460 Ἀγαθοδαίμων
2234 2395 2308 2454 ἔτη
2333 2394 2518 2459 νς·ὐιβ’.

1610 2541 1803 2581 annititur
1831 2540 2125 2589 demonstrare,
2154 2537 2390 2588 reprehenso
2418 2535 2613 2587 Eusebi03
2641 2536 2682 2574 at
2707 2545 2788 2575 non
2816 2531 2916 2573 vidit

1611 2617 1654 2645 se
1663 2605 1764 2654 haec,
1775 2616 1866 2655 quae
1874 2604 1983 2643 nulla
1991 2603 2293 2643 ratiocinatione
2303 2599 2564 2640 demonstrari
2574 2598 2724 2650 liquido
2732 2597 2912 2649 possunt,

1612 2671 1752 2709 contra
1775 2669 1899 2709 semet
1930 2668 2062 2718 ipsum
2086 2668 2125 2706 et
2148 2669 2286 2705 contra
2306 2665 2513 2704 veritatem
2529 2662 2800 2702 demonstrare
2823 2663 2913 2701 ten-

1612 2736 1731 2783 tasse,
1748 2732 2070 2784 quandoquidem
2082 2743 2213 2782 neque
2228 2731 2405 2781 Babylon
2418 2731 2459 2768 et
2474 2727 2687 2769 chaldaica
2701 2728 2808 2766 terra
2822 2727 2917 2767 ante

1613 2798 1832 2848 diluvium,
1850 2808 1980 2848 neque
2004 2797 2194 2846 AEgyptus
2216 2796 2308 2834 ante
2334 2794 2521 2834 Mestrem
2540 2802 2651 2841 reges
2666 2790 2827 2840 babuit,
2848 2801 2914 2832 ne·

1613 2874 1693 2914 que
1717 2863 1879 2902 omniuo
1891 2893 1902 2911 ,
1919 2863 2016 2912 puto
2031 2892 2043 2911 ‚
2065 2860 2202 2900 incolis
2217 2859 2309 2898 ante
2327 2857 2368 2896 id
2390 2858 2549 2907 tempus
2567 2856 2814 2905 frequentata
2839 2855 2913 2894 est.

2239 2936 2279 2975 3.

1714 3039 1792 3086 De
1827 3038 2248 3099 AEgyptiorum
2282 3031 2810 3094 Antiquitatibus

1669 3146 1853 3186 Manetho
1874 3144 2141 3194 Sebennytes,
2162 3143 2411 3192 impurorum
2445 3140 2487 3181 in
2513 3139 2681 3190 AEgypto
2708 3149 2912 3180 sacrorum

1619 3212 1808 3264 pontifeX‚
1822 3212 1891 3262 qui
1910 3214 2055 3252 Beroso
2065 3209 2198 3259 junior
2211 3207 2311 3247 vixit
2325 3207 2400 3246 sub
2413 3206 2626 3247 Ptolemaeo
2640 3204 2912 3255 Philadelpho,

1617 3279 1731 3318 sicuti
1751 3281 1919 3318 Berosus
1944 3274 2151 3316 mendacia
2175 3275 2391 3313 contexens
2411 3271 2463 3311 ad
2493 3271 2622 3322 ipsum
2644 3271 2754 3310 hunc
2779 3269 2911 3310 Ptole·

1617 3354 1767 3382 meeum
1787 3341 1924 3381 scribit
1946 3340 1995 3379 de
2011 3338 2201 3390 dynastiis
2227 3349 2298 3377 sex
2312 3367 2323 3386 ,
2344 3336 2427 3376 sive
2449 3335 2499 3375 de
2518 3335 2594 3374 diis
2613 3335 2684 3385 qui
2706 3345 2913 3385 nunquam

1622 3407 1883 3455 exstiterunt,
1912 3406 2064 3455 septem
2092 3402 2216 3452 (sex)
2229 3411 2363 3452 ,quos
2381 3410 2564 3450 regnasse
2590 3398 2686 3438 dicit
2704 3409 2774 3449 per
2789 3408 2914 3438 annos

1622 3475 1761 3511 11985.
1798 3469 1955 3510 Primus
1984 3478 2150 3516 eorum,
2175 3465 2412 3516 Hephaestus
2444 3463 2565 3510 deuS,
2597 3461 2775 3512 regnavit
2802 3463 2914 3504 annis

1618 3540 1735 3577 9000.
1760 3537 1888 3575 Hosce
1905 3543 1999 3572 vero
2022 3542 2147 3571 annos
2166 3535 2270 3570 9000
2295 3527 2472 3568 nonnulli
2500 3528 2728 3566 nostrorum
2753 3526 2912 3567 histori-

1619 3610 1759 3640 corum
1771 3598 1785 3648 (
1796 3601 1859 3638 Pa
1865 3596 2064 3645 noctorus,
2075 3593 2324 3640 Annianus)
2335 3603 2406 3642 pro
2414 3590 2580 3630 totidem
2590 3589 2791 3630 mensibus
2802 3590 2914 3630 luna-

1619 3666 1730 3705 ribus
1748 3663 2037 3713 computantes,
2053 3668 2346 3708 numerumque
2362 3656 2533 3703 dierum,
2550 3655 2618 3704 qui
2638 3654 2700 3693 his
2714 3654 2914 3694 mensibus

1619 3734 1722 3770 9000
1743 3727 1983 3774 continetur,
2005 3723 2224 3763 dividentes
2239 3730 2407 3760 numero
2423 3718 2578 3757 dierum
2603 3723 2678 3758 365
2694 3718 2786 3757 anni
2807 3719 2912 3758 sola-

1620 3795 1698 3844 ris,
1720 3795 1908 3833 eruerunt
1925 3800 2049 3830 annos
2068 3792 2139 3829 727
2152 3789 2219 3836 ·l.,
2243 3795 2368 3835 caque
2389 3783 2455 3822 via
2472 3793 2624 3822 novum
2640 3783 2757 3834 plane
2783 3782 2911 3833 quod·

1618 3857 1712 3897 dam
1727 3855 1917 3907 reperisse
1931 3853 2006 3894 sibi
2025 3851 2229 3899 videntur,
2246 3859 2371 3899 quum
2387 3847 2468 3886 risu
2484 3847 2616 3897 potius
2634 3846 2911 3898 excipiendum

1618 3920 1871 3962 mendacium
1886 3928 1979 3957 cum
1994 3916 2158 3956 veritate
2173 3922 2411 3963 componere
2427 3910 2679 3951 tentaverint.

1972 4003 1986 4053 (
2001 4006 2184 4044 Deorum
2214 3999 2428 4051 dynastia»
2445 3998 2562 4048 sex.)

246 4091 382 4140 'usque
400 4088 450 4128 ad
465 4089 674 4129 diluvium.
1703 4096 1737 4133 1.
1767 4090 2004 4142 Hephaestus
2011 4115 2536 4131 .............
2562 4097 2626 4126 an.
2683 4088 2756 4126 727
2784 4087 2834 4132 Ἰ.

307 4158 344 4193 5.
376 4156 458 4193 Hac
473 4153 592 4203 igitur
610 4153 759 4193 ratione
777 4152 1005 4193 Panodorus
1023 4153 1145 4193 libros
1164 4154 1386 4205 AEgyptios,
1406 4165 1430 4194 a
1444 4154 1549 4194 divi·
1700 4161 1736 4195 2.
1766 4156 1854 4202 Sol,
1876 4153 2073 4204 Hephaesti
2093 4153 2111 4193 s
2112 4178 2617 4195 .............
2699 4152 2748 4189 80
2779 4151 2826 4200 'l‘

254 4217 313 4256 nis
333 4216 474 4256 nostris
491 4217 689 4267 sacrisque
705 4217 971 4257 discordantes
985 4244 997 4264 ,
1013 4216 1276 4258 conciliandos
1296 4229 1389 4258 cum
1408 4218 1454 4258 iis
1469 4229 1552 4259 csse
1701 4225 1737 4264 3,
1768 4217 2077 4269 Agathodoemon
2083 4244 2627 4256 ..............
2707 4218 2755 4253 56
2788 4219 2830 4261 ’,1.
