3016 4628
874 166 1263 216 FRAGMENTA
1302 166 1545 216 CAlLlAE
1579 170 1985 221 SYRACUSANl.

52 215 105 341 ὶ-
186 281 1155 346 Spectanthaecadnarrationemdeitinere
1172 281 1398 339 Ophellae,
1480 279 1587 320 Mai.
1636 281 1703 322 Ex
1751 281 1842 323 alio
1890 282 2017 326 sonte
2064 285 2256 329 hausisse
2298 289 2477 333 ιίἀειιιι·
2521 295 2754 351 syncellus

72 364 87 404 ·’;
100 357 201 427 ,qui
251 357 440 415 Cyrenis
476 369 561 414 per
601 354 818 413 regiones
847 351 1068 395 deseitas
1111 366 1217 395 cum
1262 366 1402 394 manu

66 446 101 470 t
102 428 333 475 ‘auxiliari
362 425 664 486 Agathoclem
703 424 952 469 convenire
983 423 1252 482 properavit
1287 421 1398 483 (Ol.

76 483 108 554 ,Ὗ
106 498 233 563 318,
265 514 304 544 1.
331 496 469 558 307).
492 495 610 541 Vide
626 495 824 541 Diodor.
843 495 953 551 XX,
980 499 1058 548 42.
1083 496 1154 539 De
1171 493 1402 553 Psylliscf.

30 606 34 618 2
79 563 82 565 Δ
88 579 278 623 'Remus
297 567 522 616 N1cand11
537 582 613 627 ap
636 566 807 613 AElian.
834 567 867 610 l.
890 567 922 613 l.
941 575 987 610 et
1004 566 1252 626 fragment.
1274 567 1402 625 Aga-

19 656 24 674 2
99 626 175 706 {T
216 636 370 687 chidis
388 654 462 700 ap.
482 638 650 683 AElian.
670 638 805 700 XVI,
825 652 903 694 27,
925 637 1086 697 ibique
1107 638 1398 697 interpretes.

128 823 338 887 Sohol.
359 839 516 899 Apoll.
535 837 812 894 ¹,Rhod.111‚
839 843 933 890 41:
955 837 1055 884 Τῶν
1076 835 1235 884 Αἰόλου
1257 834 1419 892 νήσων

90 855 236 960 {fh-clv
273 913 301 968 ἡ
329 907 445 974 Ἱέρα
479 906 798 972 καλουμένη,’
779 927 822 956 εν
854 901 884 972 ᾗ
918 908 1023 974 φασὶ
1059 906 1130 955 τὸν
1161 906 1406 973 Ἥφαιστον

83 969 360 1057 μᾶσιλκεύειν.
373 978 557 1043 Ἱστορεῖ
581 978 776 1034 Καλλίας
795 981 838 1026 ἐν
853 978 1018 1044 δεκάτῳ
1034 981 1118 1026 τῶν
1134 979 1245 1052 Περὶ
1271 979 1316 1028 'A
1320 996 1403 1043 γα-

85 1050 301 1111 mea
325 1050 474 1144 λέγων
482 1042 591 1098 εἶναι
616 1050 736 1097 ml*
710 1068 862 1116 οροφον
882 1049 1063 1116 ὑψηλὸν,
1091 1052 1157 1116 ἐφ’
1176 1054 1225 1097 οὓ
1248 1053 1406 1116 κρατῆ-

129 1142 189 1179 ς
210 1122 292 1171 εἶσὶ
315 1121 415 1171 δύο·
441 1115 500 1170 ων
532 1125 555 1170 ὃ
584 1121 722 1188 ἕτερος
740 1122 830 1170 ἐστὶ
849 1121 934 1180 τὴν
954 1121 1207 1188 περίμετρον
1227 1121 1407 1187 τριστά-

87 1169 230 1255 ῗσιος,
244 1195 285 1251 ἐξ
305 1188 355 1242 οἷ
383 1194 493 1243 πολυ
514 1194 685 1262 φέρεται
709 1195 860 1261 φέγγος
874 1233 887 1257 ,
905 1193 1016 1242 ὥστε
1039 1194 1109 1242 ἐπὶ
1131 1193 1263 1242 πολὺν
1279 1194 1406 1241 τόπον

74 1283 99 1312 ’.
95 1266 282 1326 θιήκειν
303 1267 538 1333 φωτισμόν.
563 1263 792 1315 Ἔπειτα’
774 1287 822 1315 εκ
842 1271 916 1314 τοῦ
932 1265 1154 1332 χάσματος
1173 1266 1406 1332 ἀναφέρον-

80 1365 82 1367 ’
94 1347 198 1390 παι
239 1339 437 1406 διάπυροι
479 1339 588 1388 λίθοι
625 1338 1000 1403 ἄπλετομεγέθεις·
1040 1338 1114 1386 καὶ
1162 1341 1408 1396 τηλικοῦτος

90 1410 284 1477 βρόμος
318 1410 526 1504 γίνεταιζι
533 1404 630 1459 καθ’
660 1410 706 1458 ὃν
732 1410 879 1474 καιρὸν
905 1410 1132 1473 συμὸαίνει
1155 1409 1407 1475 ἐργάζεσθαι

119 1501 190 1530 τον
214 1482 474 1550 ’,Ηφαιστον
494 1482 605 1531 ὥστε
627 1480 698 1530 ἔπι
720 1481 982 1534 πεντακόσια
1003 1482 1157 1529 στάδια
1180 1481 1407 1529 ἀκούεσθαι

76 1552 191 1603 τὸν
216 1548 340 1619 ἦχον.
364 1557 422 1604 Oi
443 1553 532 1602 δὲ’
513 1575 561 1603 εκ
589 1559 662 1602 τοῦ
691 1553 992 1619 ἐκφυσήματος
1022 1551 1408 1644 ἀναρριπτούμενοι

86 1625 273 1692 *3968902
294 1626 364 1674 διὰ
383 1626 460 1684 τὴν
479 1626 720 1692 ἐκπύρωσιν
744 1626 928 1673 πάντοτε
952 1625 1088 1680 ἷώδεις
1114 1625 1196 1673 εἶσὶ
1219 1625 1294 1673 καὶ
1314 1626 1407 1672 δια-

32 1710 38 1751 ?
84 1696 372 1762 ,κεκαυμένοι
394 1697 472 1756 τὴν
492 1697 608 1772 ὄψιν,
627 1697 701 1744 καίΙ
725 1696 802 1755 τὴν
822 1696 1002 1759 δύναμιν
1021 1697 1117 1745 καθ’
1136 1696 1303 1755 ἥλιον”
1280 1715 1406 1762 εχου-

30 1808 34 1813 ,
88 1784 216 1825 ων.
243 1767 431 1833 Νύκτωρ
454 1767 531 1831 μὲν
553 1773 626 1816 οὖν
648 1768 790 1816 πάντα
806 1768 860 1816 τὰ
881 1768 982 1834 περὶ
1001 1769 1078 1826 τὴν
1104 1769 1306 1836 ἐργασίαν
1331 1774 1406 1817 τοῦ

80 1854 95 1863 ’
98 1842 222 1890 θεοῦ
239 1838 442 1903 γινόμενα
466 1841 609 1892 καλῶς
634 1841 863 1896 δηλοῦται’
888 1840 979 1902 μεθ’
1003 1839 1171 1905 ἡμέραν
1193 1839 1309 1888 δὲέκ
1329 1860 1405 1898 της

75 1955 78 1957 Α
96 1913 330 1978 ἷζορυφης,
353 1910 446 1958 ὅθεν
461 1916 489 1970 ἡ
509 1910 662 1976 φλοξ’
638 1909 822 1971 ανίησιν,
841 1910 988 1978 ὥσπερ
1012 1912 1133 1978 νέφος
1155 1911 1406 1977 υπερκείμε·

92 1994 160 2047 ²4,
229 1985 407 2048 δρᾶται.Λ
421 1987 568 2035 Paulo
602 1995 708 2031 ante
742 2001 815 2046 ap.
851 1987 1054 2032 eundem
1085 1987 1232 2034 schol.
1263 1988 1405 2047 vulgo

90 2066 186 2119 ’ζμ--
179 2059 293 2105 ‘tur
314 2056 511 2112 Καλλίας
531 2075 632 2120 pio
644 2057 945 2122 Καλλίμαχος.
1183 2071 1185 2073 ’

737 2152 782 2200 5.

33 2279 36 2287 ·
112 2250 377 2316 ιῐῗῧιοῐιγε.
405 2256 508 2302 Hal.
539 2257 597 2300 A.
620 2257 679 2300 R.
708 2257 754 2311 I,
786 2270 864 2312 72,
888 2271 938 2315 p.
970 2254 1058 2300 182
1084 2257 1143 2303 R.
1171 2272 1181 2299 :
1208 2254 1405 2307 Καλλίας

33 2332 36 2339 ’
143 2324 217 2406 ’ἑὸ
256 2323 341 2380 τὰς
369 2317 675 2390 Ἀγαθοκλέους
714 2325 887 2391 πράξεις
937 2325 1189 2391 ἀναγράψας
1227 2325 1405 2389 Ρώμην

181 2396 424 2464 Τρῳάδα
447 2399 532 2445 τῶν
554 2396 872 2464 ἀφικνουμένων
890 2397 983 2458 ἅμα
1006 2404 1093 2452 τοῖς
1115 2397 1258 2451 ἄλλοις
1276 2400 1404 2462 Τρω-

128 2426 203 2540 iz]
216 2471 276 2524 οἷς
302 2469 522 2529 Ἰταλίαν,
545 2469 768 2533 γήμασθαι
805 2469 980 2535 Λατίνῳ
1016 2472 1078 2534 τῷ
1115 2471 1284 2534 βασιλεῖ
1320 2473 1404 2517 τῶν

116 2528 410 2612 ἔοριγίνων,
448 2561 523 2590 και
564 2545 767 2606 γεννῆσαι
805 2541 880 2590 δύο
909 2543 1089 2600 παῖδας,
1127 2541 1298 2630 Ῥῶμον
1332 2541 1407 2589 καὶ

122 2631 225 2688 εἶ’-»ι
249 2613 369 2664 ύλον·
392 2614 636 2669 οἰκίσαντας
667 2615 710 2662 δὲ
737 2614 879 2678 πόλιν,
906 2614 994 2662 ἀπὸ
1017 2619 1093 2673 τῆς
1114 2614 1274 2680 μητρὸς
1298 2617 1406 2679 αὐτῇ

144 2690 154 2700 “
203 2686 489 2751 ιτοῦνομα.

126 2754 358 2807 'Eadem
386 2776 443 2807 ex
464 2761 692 2822 Dionysio
720 2763 888 2807 Euseb.
917 2762 1090 2808 Chron.
1118 2777 1168 2821 p.
1199 2760 1291 2805 205
1325 2761 1402 2808 ed.

746 2902 792 2942 4.

218 2971 350 3016 AEoli
367 2975 505 3016 insulis
520 2986 602 3015 una
618 2977 785 3016 vocatur
799 2978 942 3024 Hiera,
963 2986 1085 3026 quam
1102 2974 1266 3014 Vulcani
1282 2973 1409 3014 offici

205 3038 322 3102 [ease
347 3038 473 3081 aiunt.
527 3039 672 3079 Callias
686 3039 788 3079 libro
807 3039 960 3079 decimo
982 3038 1033 3079 de
1051 3038 1169 3079 rebus
1187 3038 1411 3088 Agathoclis

228 3113 559 3145 meamet-am
571 3106 728 3155 narrat,
750 3104 852 3144 dnos
869 3104 1083 3144 habentem
1098 3105 1289 3152 crater-ea,
1307 3114 1408 3153 quo-

198 3166 325 3254 ,Ιῶιι
336 3167 462 3208 trium
470 3168 688 3209 stadiorum
703 3168 755 3208 sit
773 3167 942 3208 ambita.
997 3168 1165 3208 Multam
1177 3167 1268 3207 inde
1280 3167 1410 3207 efferri

205 3241 254 3265 ·‹
341 3242 477 3282 ,quae
499 3232 541 3272 in
567 3223 792 3281 adjacentes
819 3231 928 3271 locos
953 3231 1177 3281 longissime
1203 3231 1409 3278 pelluceat.

197 3275 293 3341 Β
310 3293 423 3335 hiatu
441 3294 511 3335 illo
525 3294 713 3345 eJaculari
729 3294 878 3345 lapides
895 3295 1037 3345 ignitos
1059 3295 1241 3334 immanis
1259 3294 1409 3344 magni-

153 3342 290 3419 Ὕῇ.
313 3359 567 3409 ramusque,
583 3358 661 3408 ait,
677 3357 840 3408 quando
850 3358 960 3408 operi
974 3358 1178 3398 Vulcanus
1193 3357 1408 3407 incumbit,

246 3405 342 3472 ¹„fit
352 3421 399 3462 ut
417 3432 489 3475 per
503 3422 719 3473 quingenta
734 3421 859 3461 stadIa
881 3421 1032 3461 sonitus
1047 3420 1298 3460 exaudiatur.
1320 3419 1409 3469 Eje-

165 3490 308 3555 xero
325 3485 638 3527 eructationibus
650 3495 789 3525 massae
801 3495 870 3534 per
886 3483 1232 3524 inflammationem
1251 3494 1411 3534 prorsus

164 3559 284 3595 ww
305 3564 366 3583 ωτ-
399 3549 441 3590 et
465 3550 636 3600 perusta
653 3548 1253 3599 suntaspectu.Noctu1‹r=tur
1277 3547 1410 3587 omnia

197 3607 330 3670 him
353 3614 449 3654 aum
475 3613 583 3654 cirea
610 3613 673 3654 dei
701 3614 905 3665 opificium
929 3614 1031 3653 bene
1059 3613 1265 3652 manifesta
1293 3613 1408 3660 sunt,

127 3696 128 3699 =
185 3685 200 3702 ·-
236 3672 296 3715 ·“ιι
323 3685 420 3715 vero
445 3676 586 3716 vertici
613 3677 783 3725 montis,
810 3676 917 3717 unde
942 3675 1102 3715 flamma
1127 3675 1273 3726 surgit,
1298 3675 1411 3726 quasi

203 3737 447 3798 §adun
460 3739 692 3836 superjacet.

156 3846 163 3857 .
741 3813 786 3856 5.

310 3895 418 3947 :qui
426 3888 655 3947 Agathoclis
669 3907 733 3937 res
747 3897 874 3948 gestas
887 3896 1132 3947 conseripsit,
1150 3895 1222 3945 ait,
1242 3896 1409 3935 Romam

192 3907 313 4055 ,ἕλ’-ἴῃ
332 3969 484 4028 ,unam
505 3969 529 4000 e
547 3959 807 4010 Troianarum
832 3970 1022 4009 numero,
1046 3969 1138 4009 quae
1157 3969 1248 3998 cum
1271 3958 1410 3998 ceteris

149 4067 157 4074 ,
205 4051 208 4055 ⁴
294 4018 373 4065 ‘ln
389 4021 779 4073 manutenet-ant,
794 4022 937 4063 Latino
956 4021 1211 4072 Aboriginum
1235 4021 1314 4070 regi
1335 4031 1407 4060 nu·

215 4039 495 4134 ὀψοόιιοε
521 4084 624 4126 filios
651 4086 867 4137 peperisse,
895 4087 1063 4126 Remum
1089 4086 1130 4124 et
1158 4084 1403 4124 Romulum:

2654 193 2743 233 3⁸3

1479 363 1524 406 p.
1553 363 1637 406 197
1660 354 1733 393 A:
1757 347 1871 409 Πρὸς
1893 348 2052 403 τούτοις
2075 370 2147 397 και
2178 356 2211 399 K
2228 358 2291 401 αλ
2304 356 2351 401 λ’
2340 378 2461 411 ιας
2440 362 2461 404 ὁ
2487 361 2561 414 τὰς
2584 361 2753 425 πράξεις
2788 364 2789 367 ’

1481 417 1780 480 Ἀγαθοκλέους
1803 419 1976 484 γράφων
2011 423 2192 483 γυναῖκά
2231 445 2323 471 τινα
2357 428 2532 491 Ῥώμην
2566 432 2754 495 τοῦνομά

1482 507 1586 553 φησι
1602 489 1791 554 Τρωάδα
1812 490 1860 538 τὸ
1879 490 1995 552 γένος
2006 511 2082 539 συν
2093 501 2178 547 τοῖς
2187 498 2356 558 Τρωσιν
2381 502 2582 549 ἐλθοῦσαν
2596 508 2654 569 τῷ
2678 525 2753 563 τη-

1481 564 1662 608 νικαῦτα
1678 561 1943 625 βασιλεύοντι
1958 562 2131 630 Λατίνῳ
2143 569 2217 623 τῆς
2232 567 2418 623 Ἰταλίας
2439 572 2658 634 γήμασθαι
2682 581 2753 624 καὶ

1481 635 1617 680 τεκεῖν
1642 634 1758 699 αὐτῶ
1788 635 1944 689 παῖδας
1970 641 2100 700 τρεῖς,
2138 636 2307 699 Ῥῶμον
2343 641 2415 686 καὶ
2439 642 2658 703 Ῥωμύλον
2683 667 2755 694 και

1451 765 1455 769 .
1483 702 1744 767 Τηλέγονον,
1765 703 1810 752 ὃν
1830 707 2003 763 οἷκῆσαι
2023 709 2064 754 ἐν
2086 707 2230 762 ἄλλοις
2247 710 2417 774 χωρίοις
2437 713 2622 775 ἐλέγετο·
2647 717 2754 766 Ῥῶ·

1484 795 1562 839 μον
1580 774 1626 824 δὲ
1645 777 1719 825 καὶ
1751 776 1976 839 Ῥωμύλον
2008 779 2167 833 παῖδας
2190 780 2374 828 Λατίνου
2396 802 2468 829 και
2493 783 2667 872 Ῥώμης
2685 794 2758 845 τῖς

1483 849 1687 915 Τρῳάδος
1718 847 1795 907 τὴν
1828 849 1952 898 πόλιν
1993 851 2136 898 κτίσαι
2168 851 2240 899 καὶ
2281 851 2458 916 Ῥώμην
2492 857 2669 906 καλέσαι
2699 866 2759 907 τῶ

1485 919 1672 987 μητρῴῳ
1710 921 1917 986 ὀνόματι,
1954 921 2052 976 τούς
2097 942 2143 970 τε
2179 922 2266 971 ἀπὸ
2306 925 2490 973 Λατίνου
2528 929 2762 989 Λατίνους,

1483 990 1581 1046 τους
1613 993 1686 1039 καὶ
1711 993 1975 1059 Ἀὅορίγινας
1995 993 2198 1059 πρότερον
2228 996 2501 1059 λεγομένους,
2523 997 2762 1063 Ῥωμαίους

1483 1070 1843 1129 προσαγορεῦσαι.

1551 1139 1758 1185 Turbata
1786 1140 1844 1185 ab
1882 1150 2157 1200 excerptore
2181 1156 2275 1186 esse
2298 1143 2530 1200 videntur,
2570 1161 2670 1204 quae
2696 1150 2759 1192 le-

1483 1218 1657 1269 guntur
1680 1227 1754 1270 ap.
1782 1213 1967 1256 Festum
1989 1227 2036 1271 p.
2067 1212 2160 1272 269
2191 1213 2269 1260 ed.
2300 1213 2488 1260 Miiller.
2520 1229 2531 1261 :
2557 1218 2764 1263 Calte'uus

1487 1278 1503 1342 [
1523 1281 1704 1325 Callias
1719 1283 1884 1342 Scalig.
1901 1281 1940 1344 ],
1980 1283 2253 1341 Agathoclis
2270 1284 2417 1330 Siculi
2432 1291 2509 1346 qui
2531 1304 2600 1331 res
2612 1302 2764 1347 gestas

1483 1358 1772 1414 conscripsit,
1798 1355 2050 1398 arbitratur
2065 1370 2092 1399 e
2107 1371 2246 1399 manu
2270 1358 2564 1414 TroJ‘anorum
2576 1359 2762 1420 fugien-

1484 1431 1595 1471 tium
1634 1430 1728 1472 Ilio
1761 1437 1922 1488 capto,
1970 1430 2153 1472 cuidam
2175 1427 2331 1484 fuisse
2374 1447 2536 1476 nomen
2573 1435 2753 1486 Latino.

1483 1515 1672 1559 eumque
1705 1499 1918 1543 habuisse
1959 1505 2197 1558 conjugem
2224 1501 2471 1559 Rhomam,
2508 1521 2538 1548 a
2568 1522 2671 1565 quo,
2718 1520 2765 1552 ue

1483 1574 1632 1616 Italia
1652 1575 1710 1616 sit
1726 1577 1911 1631 potitus,
1936 1573 2089 1616 urbem
2107 1573 2374 1629 condiderit,
2395 1591 2530 1634 quam
2541 1577 2763 1623 Rhomam

1483 1647 1788 1704 appellavisse
1821 1642 1889 1705 [a
1915 1660 2051 1704 qua.
2063 1645 2286 1699 .-,urbem
2324 1662 2459 1705 quam
2485 1651 2754 1703 condiderit

1480 1716 1571 1762 Rlz.
1599 1718 1937 1776 appellaviswve
1964 1714 2145 1762 Miiller.
2165 1715 2200 1777 ].

1546 1788 1614 1835 Cf.
1639 1788 1866 1834 Niebuhr.
1892 1791 2039 1832 Roem.
2068 1788 2227 1832 Gesclz.
2263 1790 2308 1842 1,
2332 1804 2382 1848 p.
2417 1789 2523 1850 189.
2551 1773 2762 1835 Ceterum

1482 1860 1540 1904 de
1563 1861 1785 1904 Romanis
1801 1860 1962 1904 Callias
1974 1860 2212 1919 quaedam
2200 1863 2528 1920 interposuerit
2547 1877 2603 1907 eo
2627 1864 2762 1920 loco,

1481 1947 1576 1991 quo
1599 1932 1657 1976 de
1675 1933 1970 1992 Agathoclis
1958 1949 2008 1976 m
2023 1934 2153 1977 Italia
2170 1933 2308 1978 rebus
2322 1935 2456 1994 gestis
2477 1949 2627 1979 sermo
2648 1944 2759 1979 erat.

2084 2025 2130 2073 6.

1545 2119 1744 2164 Diodor.
1777 2121 1920 2177 XXI,
1949 2118 2026 2176 16,
2059 2118 2127 2163 5:
2156 2116 2413 2180 Ἀγαθοκλῆς
2437 2118 2513 2178 μὲν
2537 2117 2763 2172 πλείστους

1480 2187 1553 2234 καὶ
1593 2187 1927 2241 ποικιλωτάτους
1962 2187 2109 2273 φόνους
2146 2188 2495 2251 ἐπιτεὶεσάμενος
2536 2189 2649 2236 κατὰ
2683 2189 2762 2247 τὴν

1481 2253 1754 2312 δυναστείαν,
1777 2253 1850 2300 καὶ
1863 2273 1915 2317 τῃ
1930 2251 2043 2300 κατὰ
2061 2255 2145 2300 τῶν
2165 2252 2439 2319 ὁμοφύλων’
2416 2252 2609 2315 ωμότητι
2626 2273 2761 2318 προσ-

1480 2325 1563 2379 θεὶς
1585 2325 1656 2372 καὶ
1691 2329 1769 2383 τὴν
1803 2327 1862 2379 εἷς
1888 2324 2004 2380 θεους
2041 2327 2117 2372 ἇσε
2106 2324 2258 2384 'Getam
2299 2323 2548 2390 πρέπουσαν
2570 2326 2762 2390 παρέσχε

1479 2400 1531 2461 τῇ
1557 2397 1805 2462 παρανομίᾳ
1824 2397 1902 2456 τὴν
1926 2416 2000 2445 του
2023 2396 2116 2461 βίου
2138 2397 2453 2463 καταστροφὴν,
2473 2396 2759 2451 δυναστεύσας

1481 2467 1557 2531 μὲν
1571 2468 1643 2527 ἔτη
1664 2469 1736 2516 δύο
1747 2472 1831 2516 τῶν
1842 2469 2070 2534 τριάκοντα
2090 2468 2310 2532 λείποντα,
2325 2469 2484 2534 βιώσας
2499 2469 2542 2517 δὲ
2565 2471 2639 2517 δύο
2656 2470 2763 2534 πρὸς

1479 2542 1566 2596 τοῖς
1592 2541 1886 2605 ἑὸδομήκοντα
1920 2541 2017 2600 ἔτη,
2042 2540 2182 2596 καθὼς
2220 2541 2406 2603 Τίμαιος
2437 2545 2460 2589 ὁ
2500 2542 2763 2605 Συρακόσιος

1481 2615 1744 2680 συγγράφει,
1764 2614 1838 2662 καὶ
1862 2614 2054 2668 Καλλίας
2067 2614 2139 2662 καὶ
2159 2614 2282 2668 αὐτὸς
2299 2614 2609 2679 Συρακούσιος,
2629 2614 2762 2662 εἴκοσι

1482 2686 1556 2734 δύο
1580 2687 1748 2751 βίὸλους
1769 2687 2035 2752 συγγράψας,
2054 2680 2127 2734 καὶ
2142 2684 2396 2751 Ἄντανδρος
2409 2690 2432 2734 ὃ
2449 2686 2628 2752 ἀδελφὸς
2640 2686 2762 2749 Ἄγα-

1479 2759 1677 2814 θοκλέους
1699 2759 1773 2807 καὶ
1795 2759 1917 2814 αὐτὸς
1937 2757 2220 2823 συγγραφεύς.

1483 2908 1630 2948 eosque
1663 2897 1753 2937 urbi
1791 2898 1842 2937 ab
1877 2897 1971 2947 ipsis
2013 2896 2183 2936 conditae
2216 2896 2354 2935 matris
2391 2907 2536 2953 nomen
2574 2896 2759 2946 posuisse.

1534 2961 1595 3001 Ad
1622 2962 1710 3001 hacc
1731 2961 1896 3011 Callias,
1912 2971 2050 2999 rerum
2066 2960 2117 2999 ab
2137 2960 2348 3010 Agathocle
2360 2961 2559 3010 gestarum
2581 2960 2762 3009 scriptor,

1483 3025 1685 3065 mulierem
1712 3024 1938 3076 quampiam
1969 3024 2127 3063 nomine
2155 3026 2348 3071 Romam,
2377 3033 2516 3072 genere
2541 3022 2734 3062 Troadem
2750 3053 2762 3070 ,

1481 3103 1575 3131 cum
1603 3091 1781 3141 TroJanis
1796 3091 2011 3141 profectam
2027 3120 2040 3139 ,
2062 3089 2186 3129 ltaliae
2200 3090 2296 3128 tunc
2318 3089 2396 3138 regi
2413 3088 2553 3127 Latino
2582 3086 2762 3136 coniugio

1482 3158 1664 3205 locatam,
1683 3156 1884 3204 tiliostres,
1897 3157 2084 3204 Romum‚
2102 3154 2316 3193 Romulum
2328 3155 2367 3193 et
2383 3153 2761 3202 Telegonum,quem

1481 3221 1557 3260 alia
1572 3221 1658 3260 loca
1676 3221 1884 3259 incoluisse
1904 3219 2057 3266 serunt,
2081 3217 2275 3268 peperisse
2291 3218 2446 3264 narrat;
2465 3218 2634 3254 Romum
2667 3225 2761 3273 vero

1481 3286 1521 3324 et
1555 3282 1769 3324 Romulum
1795 3282 1933 3323 Latino
1959 3284 2160 3330 Romaque
2186 3279 2340 3320 Troade
2365 3279 2590 3330 procreatos
2625 3277 2760 3316 urbem

1481 3348 1703 3389 condidisse
1714 3378 1725 3396 ,
1742 3357 1863 3398 qnam
1883 3347 2064 3385 materno
2086 3347 2223 3384 Romae
2239 3343 2398 3383 nomine
2426 3342 2704 3393 appellassent,
2722 3343 2761 3379 et

1481 3414 1639 3453 Latinos
1657 3423 1681 3452 a
1699 3412 1837 3453 Latino
1852 3441 1864 3459 ,
1886 3410 2113 3459 Aborigines
2134 3409 2243 3460 prius
2265 3407 2413 3455 dictos,
2440 3415 2699 3456 nuncupasse.

2099 3514 2141 3554 6.

1531 3633 1787 3685 Agathoclea,
1826 3642 1950 3683 quum
1998 3629 2190 3681 plurimas
2236 3627 2592 3675 diversissimasque
2630 3621 2757 3661 caedes

1479 3698 1631 3750 imperii
1650 3697 1711 3737 sui
1730 3697 1910 3746 tempore
1933 3693 2142 3741 edidisset,
2171 3693 2213 3732 et
2231 3689 2451 3730 crudelitati
2471 3689 2510 3727 in
2529 3696 2610 3726 811oe
2631 3684 2756 3734 gentis

1480 3762 1659 3802 homines
1679 3760 1924 3811 impietatem
1948 3758 1990 3797 in
2012 3757 2108 3797 deos
2125 3755 2244 3795 etiam
2267 3751 2573 3797 accumulasset,
2594 3747 2754 3796 dignum

1479 3826 1689 3867 sceleribus
1713 3823 1866 3863 exitum
1890 3822 1982 3861 vitae
2003 3820 2209 3868 exhibuit,
2237 3818 2443 3868 postquam
2469 3809 2754 3859 duodetriginta

1479 3900 1603 3930 annos
1625 3890 1665 3928 in
1684 3888 1767 3927 vita
1787 3887 1993 3936 exegerat,
2010 3885 2056 3923 ut
2080 3884 2252 3923 'rimoeus
2270 3883 2533 3929 Syracusanus
2559 3872 2696 3919 resen,
2714 3873 2753 3908 et

1480 3953 1646 4002 callias,
1665 3951 1784 3993 etiam
1804 3951 1886 4000 ipsc
1905 3951 2196 3999 Syracusanus,
2213 3941 2350 3992 viginti
2373 3939 2540 3977 duorum
2564 3933 2751 3974 librorum

1480 4018 1634 4065 auctor,
1652 4013 1851 4056 Antander
1866 4013 2079 4063 praeterea,
2100 4005 2317 4057 Agathoclis
2329 4003 2460 4052 frater,
2477 3998 2543 4048 qui
2565 3997 2646 4045 ipse
2655 4005 2720 4044 qu«
2725 4008 2753 4031 ›-

1479 4092 1557 4131 que
1571 4079 1752 4119 historias
1771 4076 1938 4127 scripsit.

964 4252 969 4256 ·
1051 4237 1850 4268 ψ
