3016 4628
21 173 25 180 .
46 0 94 115 ’ἴλῃ

19 475 98 551 3l
145 499 197 535 ut
221 486 511 534 Heraclidem
529 497 698 547 praeter
715 503 834 547 opus
853 488 960 550 Περὶ
983 486 1085 550 βίων
1112 491 1205 533 sive
1233 491 1299 533 De
1317 494 1426 532 vita-

20 563 22 566 ’
131 575 240 620 'rum
257 556 498 619 ‘generibus
509 593 520 614 ,
537 560 667 618 quod
681 561 801 604 inter
811 560 999 619 physica
1014 562 1183 620 scripta
1200 563 1431 620 Diogenes

145 639 347 677 recenset
361 664 374 686 ‚
400 632 538 675 etiam
566 632 611 672 V
609 635 697 674 itas·
721 633 946 675 clarorum
982 637 1176 677 virorum
1201 634 1430 692 scripsisse

140 711 324 749 statuat.
348 702 487 761 Quod
504 711 557 746 ut
572 704 735 762 nequit
755 705 1026 764 pernegari,
1051 706 1115 749 sic
1133 706 1248 749 nihil
1265 715 1331 749 est
1347 719 1431 749 cur

143 773 262 820 hauc
294 774 564 818 sententiam
600 775 952 834 amplectamur.
988 776 1105 819 Nam
1140 786 1430 835 quantopere

144 847 311 906 scripta
323 845 576 892 Heraclidae
589 880 600 901 ‚
621 862 674 891 ea
685 848 883 891 maxime
897 862 999 906 quae
1015 848 1074 892 ad
1093 850 1319 892 moralem
1331 849 1431 907 phi·

145 918 399 978 Iosophiam
412 927 631 978 spectant,
650 919 789 963 rebus
805 919 1035 963 historicis
1059 920 1226 965 referta
1243 921 1429 976 suerint,

144 984 494 1034 luculentissima
515 990 687 1035 docent
703 992 928 1050 exempla.
954 993 1056 1051 Ipse
1082 993 1356 1037 Plutarchus
1383 994 1429 1037 in

143 1062 244 1107 Vita
266 1058 443 1107 Camilli
465 1062 523 1106 de
547 1064 695 1106 Roma
720 1079 746 1108 a
761 1064 903 1109 Gallis
923 1074 1056 1123 capta
1073 1065 1367 1110 Heraclidem
1386 1066 1429 1110 ἐν

142 1133 202 1196 τῷ
222 1130 331 1196 Περὶ
358 1133 498 1196 ψυχῆς
521 1137 690 1179 excitat
713 1134 794 1197 (ι).
820 1136 922 1180 Alia
941 1136 1000 1180 de
1022 1137 1124 1181 fatis
1143 1139 1429 1197 populorum

142 1204 294 1264 deque
316 1207 407 1249 vita
428 1208 639 1252 virorum
659 1209 906 1252 illustrium
926 1207 938 1268 (
958 1209 1078 1253 inter
1102 1226 1274 1269 eosque
1292 1212 1429 1255 etiam

32 1267 35 1273 ¹
72 1290 82 1296 ·
117 1275 354 1338 “Periclis)
380 1289 628 1324 narrantur
663 1295 717 1324 ex
740 1281 869 1326 libris
896 1279 1004 1342 Περὶ
1036 1279 1303 1338 δικαιοσύνης
1325 1282 1428 1344 ’(2),

106 1433 108 1435 v
140 1381 322 1432 πείγοντα
341 1388 416 1422 τῶν
434 1384 554 1435 ἔργων
578 1386 924 1437 προσκομιζόμενον
942 1387 1199 1438 ὀνομασθῆναι
1219 1389 1427 1439 Περιφόρη-

140 1452 219 1478 τον.
254 1443 378 1479 Τοῦτο
413 1442 479 1491 μὲν
511 1442 576 1481 οῦν
611 1444 864 1494 Ἡρακλείδης
896 1447 916 1490 ὁ
952 1447 1137 1491 Ποντικὸς
1171 1447 1318 1498 ἐλέγχει
1350 1453 1428 1493 τοῖς

139 1497 394 1548 Ἀνακρέοντος
413 1500 623 1550 ποιήμασιν
636 1529 647 1548 ,
672 1501 710 1538 ἐν
734 1502 789 1546 οἷς
810 1504 831 1541 ὁ
861 1503 1114 1553 Περιφόρητος
1135 1503 1319 1554 Ἀρτέμων
1339 1504 1426 1543 ὀνο-

141 1555 299 1604 μάζεται
320 1557 476 1601 πολλαῖς
493 1558 702 1608 ἔμπροσθεν
720 1560 884 1605 ἡλικίαις
910 1564 978 1598 τοῦ
998 1563 1079 1608 περὶ
1108 1561 1237 1611 Σάμον
1258 1563 1427 1611 πολέμου

141 1613 205 1650 καὶ
225 1617 302 1651 τῶν
318 1614 552 1664 πραγμάτων
569 1617 738 1655 ἐκείνων.
762 1620 836 1656 Τὸν
853 1619 886 1656 δ’
911 1618 1124 1668 Ἀρτέμωνά
1143 1633 1231 1669 φησι
1249 1620 1426 1670 τρυφερόν

139 1675 223 1700 τινα
243 1668 296 1713 τῷ
321 1665 392 1714 βίῳ
422 1667 487 1703 καὶ
507 1667 598 1715 πρὸς
618 1668 704 1712 τοὺς
725 1668 860 1718 φόὸους
886 1671 1058 1718 μαλακὸν
1089 1670 1180 1708 ὄντα
1214 1673 1280 1708 καὶ
1305 1685 1427 1709 κατα,

140 1721 269 1769 πλήγα
291 1722 340 1759 τὰ
359 1724 482 1761 πολλὰ
504 1724 570 1773 μὲν
593 1725 690 1763 οἶκοι
708 1726 930 1770 καθέζεσθαι
948 1728 1093 1777 χαλκῆν
1114 1728 1259 1766 ἀσπίδα
1283 1733 1345 1775 τῆς
1362 1743 1427 1767 κε-

139 1780 255 1825 φαλῆς
272 1779 387 1818 αὐτοῦ
403 1781 502 1819 δυεῖν
519 1782 676 1820 οἰκετῶν
696 1784 957 1834 ὑπερεχόντων
968 1814 979 1832 ,
998 1786 1099 1824 ὥστε
1117 1787 1231 1835 μηδὲν
1248 1787 1425 1836 ἐμπεσεῖν

139 1839 214 1874 τῶν
233 1837 398 1875 ἄνωθεν
418 1839 450 1876 εἰ
471 1838 510 1877 δὲ
538 1840 712 1890 βιασθείη
734 1843 926 1892 προελθεῖν
941 1873 950 1890 ,
970 1844 1008 1881 ἐν
1030 1844 1197 1894 κλινιδίῳ
1221 1849 1427 1896 κρεμαστῷ

138 1895 242 1949 παρὰ
267 1897 335 1942 τήν
361 1901 430 1944 γῆν
461 1897 577 1944 αὐτὴν
597 1900 884 1950 περιφερόμενον
903 1902 1123 1951 κομίζεσθαι
1141 1904 1206 1941 καὶ
1227 1903 1288 1941 διὰ
1314 1907 1427 1943 τοῦτο

139 1953 319 1998 κληθῆναι
349 1953 618 2004 Περιφόρητον,

10 1847 13 1881 ι

189 2008 298 2049 ldem
315 2009 368 2049 ib.
386 2021 423 2050 c.
443 2016 514 2060 35,
533 2017 554 2050 6
581 2028 590 2051 :
614 2012 782 2053 Pericles
801 2025 894 2052 cum
914 2015 1037 2055 classe
1054 2015 1093 2055 in
1113 2017 1427 2066 Peloponnesum

139 2066 281 2107 missus
306 2077 430 2117 quum
459 2069 563 2108 male
579 2080 639 2108 res
659 2071 859 2120 gessisset,
895 2076 1104 2114 accusatus
1123 2077 1237 2114 estet
1260 2075 1428 2125 pecunia

138 2125 352 2164 mulctatus
369 2141 378 2165 :
396 2126 586 2177 ἐπεγράφη
599 2128 638 2166 δὲ
651 2131 699 2178 τῇ
715 2128 802 2179 δίκῃ
818 2131 1027 2182 κατήγορος
1041 2161 1051 2178 ,
1068 2134 1119 2177 ὡς
1137 2135 1202 2182 μὲν
1222 2133 1427 2183 Ἰδομενεὺς

139 2182 265 2232 λέγει,
294 2184 449 2222 Κλέων·
469 2186 522 2228 ὡς
551 2185 591 2222 δὲ
622 2185 886 2235 Θεόφραστος,
918 2189 1100 2238 Σιμμίας·
1132 2191 1154 2227 6
1180 2191 1220 2229 δὲ
1245 2191 1427 2236 Ποντικὸς

102 2237 103 2241 ’
137 2239 386 2290 Ἡρακλείδης
402 2243 645 2292 Λακρατίδαν
662 2243 801 2293 εἴρηκε.

102 2344 106 2349 ,
191 2299 246 2347 (1)
276 2298 477 2338 Plutarch.
511 2300 668 2339 camin.
705 2306 774 2351 22,
807 2307 829 2340 2
860 2301 910 2340 de
937 2305 1064 2342 Roma
1106 2305 1203 2344 urbe
1245 2317 1268 2345 a
1305 2306 1428 2345 Gallis

52 2396 56 2403 ‚
139 2357 256 2406 rapta
289 2371 299 2394 ε
329 2357 408 2394 Τοῦ
428 2357 555 2402 μέντοι
582 2358 724 2403 πάθους
755 2360 872 2399 αὐτοῦ
902 2363 968 2399 καὶ
994 2366 1060 2408 τῆς
1092 2364 1273 2408 ἁλώσεως
1305 2364 1426 2402 ἔοικεν

139 2412 287 2463 ἀμυδρά
305 2426 360 2458 τις
376 2414 484 2459 εὐθὺς
501 2415 553 2459 εἰς
573 2416 642 2462 τήν
665 2417 831 2456 Ἑλλάδα
857 2419 962 2468 φήμη
983 2420 1153 2458 διελθεῖν.
1182 2421 1428 2472 Ἡρακλείδης

138 2471 211 2522 γάρ
242 2472 264 2509 ὁ
291 2473 476 2517 Ποντικὸς
500 2473 546 2511 οὐ
564 2474 661 2512 πολὺ
677 2478 753 2513 τῶν
779 2475 926 2526 χρόνων
946 2477 1101 2516 ἐκείνων
1128 2479 1428 2529 ἀπολειπόμενος

39 2525 65 2584 ,ᾗ
109 2561 114 2564 .
138 2529 178 2570 ἐν
194 2533 248 2579 τῷ
269 2531 303 2568 Π
315 2530 382 2580 ερὶ
401 2531 554 2581 ψυχῆς
573 2531 843 2583 συγγράμματί
872 2547 984 2584 φησιν
1004 2535 1082 2574 ἀπὸ
1099 2540 1165 2583 τῆς
1189 2538 1349 2588 ἑσπέρας
1368 2537 1428 2576 λό-

139 2599 206 2633 γον
225 2591 456 2638 κατασχεῖν,
477 2590 528 2633 ὡς
546 2591 705 2638 στρατὸς
725 2591 762 2636 ἐξ
777 2591 1036 2643 Ὑπερὸορέων
1056 2594 1175 2632 ἐλθὼν
1193 2595 1326 2639 ἔξωθεν
1341 2596 1429 2646 ᾑρή-

139 2658 200 2685 κοι
228 2644 337 2683 πόλιν
359 2646 559 2692 Ἑλληνίδα
579 2647 731 2697 Ῥώμην
758 2648 839 2687 ἐκεῖ
859 2663 934 2687 που
954 2652 1233 2702 κατῳκημένην
1253 2653 1339 2703 περὶ
1358 2654 1425 2700 τήν

139 2696 305 2754 μεγάλην
327 2702 536 2742 θάλασσαν.
559 2704 642 2742 Οὐκ
661 2706 707 2743 ἀν
724 2704 790 2744 οὖν
821 2707 1061 2757 θαυμάσαιμι
1080 2710 1235 2757 μυθώδη
1252 2711 1317 2748 καὶ
1334 2711 1429 2749 πλα-

78 2772 82 2779 *
138 2761 306 2810 σματίαν
334 2760 425 2799 ὄντα
440 2762 504 2800 τὸν
520 2761 769 2812 Ἡρακλείδην
786 2763 916 2809 ἀληθεῖ
941 2766 1043 2816 λόγῳ
1062 2770 1118 2817 τῷ
1137 2769 1220 2817 περὶ
1239 2772 1304 2815 τῆς
1325 2769 1428 2807 ἁλώ-

46 2831 47 2834 ’
137 2831 235 2862 σεως
252 2818 518 2868 ἐπικομπάσαι
534 2820 622 2863 τοὺς
649 2821 916 2873 Ὑπερὸορέους
933 2825 998 2862 καὶ
1025 2825 1092 2871 τὴν
1114 2826 1280 2875 μεγάλην
1297 2827 1428 2865 θάλατ-

70 2915 71 2918 ,
137 2889 221 2914 ταν.
237 2876 303 2914 Cl'.
328 2875 410 2914 cic.
441 2879 495 2915 De
517 2878 598 2915 nat.
626 2877 736 2917 deor.
770 2881 811 2927 1,
848 2884 892 2918 13
917 2892 926 2917 :
960 2883 1031 2919 Ex
1062 2882 1210 2921 eadem
1236 2884 1429 2922 Platonis

74 2931 77 2934 ⁴
139 2932 284 2972 schola
308 2935 508 2973 Ponticus
528 2935 780 2975 Heraclides
795 2937 1032 2986 puerilibus
1049 2939 1224 2987 fabulis
1253 2940 1430 2989 refersit

143 2989 288 3030 libros.

190 3049 253 3087 Ex
266 3047 368 3086 libro
384 3047 435 3087 de
452 3051 624 3088 Homero
642 3049 880 3091 Plutarchus
899 3053 1056 3103 petiisse
1082 3055 1241 3094 videtur
1257 3067 1350 3106 quae
1376 3057 1430 3096 le·

139 3106 286 3154 guntur
303 3104 345 3144 in
363 3106 444 3145 Vin
469 3106 680 3146 Alexandri
701 3118 737 3146 c.
757 3114 805 3148 26
830 3125 839 3148 :
861 3111 904 3149 Εἰ
921 3110 975 3157 δ’,
995 3112 1088 3162 ὅπερ
1107 3111 1351 3164 Ἀλεξανδρεῖς
1367 3114 1428 3152 λέ-

58 3160 118 3199 ‘4²⁶‘ss
140 3175 291 3215 γουσιν,
310 3163 537 3214 Ἡρακλείδῃ
569 3166 833 3215 πιστεύοντες,
858 3168 992 3215 ἀληθές
1029 3169 1155 3219 ἐστιν,
1186 3171 1325 3210 οὔκουν
1355 3173 1429 3225 οὐκ

138 3221 273 3272 ἀργὸς,
305 3222 382 3261 οὐδ’
404 3222 623 3273 ἀσύμῧολος
657 3224 762 3275 αὐτῷ
797 3227 1064 3277 συστρατεύειν
1096 3228 1218 3267 ἔοικεν
1239 3230 1425 3280 ’Όμηρος.

57 3273 98 3303 ‘⁸‘
132 3277 306 3328 ’Λέγουσι
328 3280 417 3329 γὰρ,
446 3280 503 3318 ὅτι
518 3309 529 3328 ,
549 3285 616 3327 τῆς
647 3281 842 3332 Αἰγύπτου
871 3285 1088 3334 κρατήσας,
1115 3286 1291 3325 έὸούλετο
1320 3287 1428 3326 πόλιν

59 3336 304 3393 {suanam
323 3339 388 3376 καὶ
414 3338 708 3390 πολυάνθρωπον
726 3341 926 3388 Ἑλληνίδα
954 3343 1200 3391 συνοικίσας,
1228 3345 1429 3395 ἐπώνυμον

50 3387 110 3442 523*
140 3394 277 3436 ἑαυτοῦ
292 3397 536 3435 καταλιπεῖν·
563 3397 630 3435 καί
645 3411 730 3436 τινα
748 3399 866 3438 τόπον
891 3401 1026 3451 γνώμῃ
1043 3405 1120 3440 τῶν
1151 3402 1429 3452 ἀρχιτεκτόνων

53 3440 118 3503 gif
125 3449 232 3491 '⁵3cov
244 3453 396 3493 οὐδέπω
413 3455 640 3506 διεμετρεῖτο
656 3457 721 3494 καὶ
738 3458 988 3506 περιέὸαλλεν.
1007 3459 1105 3498 Εἶτα
1121 3460 1270 3511 νύκτωρ
1285 3462 1430 3511 κοιμώ-

60 3510 270 3566 Jjgjfflpevog,
292 3511 380 3562 ὄψιν
399 3512 475 3568 εἶδε
493 3514 715 3564 θαυμαστήν
726 3524 736 3535 ·
756 3515 849 3566 ἀνὴρ
864 3517 994 3561 πολιὸς
1011 3516 1053 3556 εὗ
1076 3517 1180 3568 μάλα
1197 3519 1265 3565 τήν
1279 3519 1402 3570 κόμην
1416 3548 1429 3568 ,

67 3569 97 3623 f‘
139 3566 204 3606 ml
215 3566 369 3626 γεραρὸς
383 3570 427 3609 τὸ
439 3570 536 3616 εἶδος
545 3598 557 3620 ,
569 3571 690 3616 ἔδοξεν
707 3571 811 3623 αὐτῷ
824 3576 1022 3626 παραστὰς
1034 3576 1154 3626 λέγειν
1167 3577 1215 3615 τὰ
1229 3576 1301 3623 ἔπη
1314 3577 1403 3616 τάδε
1417 3587 1427 3596 ·

38 3679 39 3682 ,
73 3695 80 3697 λ
124 3695 126 3697 ‚
237 3646 367 3692 Νῆσος
383 3645 514 3687 ἔπειτά
529 3661 584 3692 τις
604 3649 685 3687 ἐστὶ
699 3650 956 3702 πολυκλύστῳ
973 3653 1026 3692 ἐνὶ
1039 3653 1169 3704 πόντῳ
1181 3681 1192 3701 ,

46 3699 111 3763 ἵ
242 3703 435 3747 Αἰγύπτου
456 3705 686 3757 προπάροιθε
702 3718 710 3726 ·
730 3707 859 3759 Φάρον
879 3709 919 3748 δέ
936 3712 954 3749 ἑ
970 3711 1259 3757 κικλήσκουσιν.

48 3766 91 3786 u·

54 3838 60 3842 ,
79 3787 93 3851 γ’
135 3793 262 3839 Ἐὐθὺς
281 3792 346 3833 οὗν
369 3795 576 3842 ἐξαναστὰς
595 3794 760 3844 ἐὸάδιζεν
776 3799 838 3838 ἐπὶ
854 3802 922 3848 τὴν
945 3801 1074 3852 Φάρον
1087 3832 1098 3851 ,
1122 3804 1147 3848 ἣ
1163 3802 1249 3841 τότε
1279 3803 1346 3852 μὲν
1374 3803 1428 3842 ἔτι

39 3863 74 3905 {31
92 3887 102 3899 ,,
141 3854 256 3896 νῆσος
272 3851 344 3902 ἦν,
359 3856 428 3891 τοῦ
453 3855 683 3895 Κανωὸικοῦ
707 3858 839 3909 μικρὸν
867 3859 1046 3910 ἀνωτέρω
1059 3860 1263 3910 ’στόματος
1275 3889 1288 3908 ,
1308 3864 1371 3899 νῦν
1387 3862 1428 3900 δὲ

53 3911 99 3965 «μᾷ-’,ἰ
138 3908 206 3948 &aa
219 3909 397 3960 χώματος
413 3911 634 3961 ἀνείληπται
653 3915 747 3965 πρὸς
762 3917 830 3962 τὴν
845 3917 1017 3968 ἤπειρον.
1045 3918 1112 3962 Ὡς
1135 3917 1201 3956 οὖν
1221 3918 1296 3956 εἶδε
1311 3917 1428 3957 τόπον

56 3963 102 4014 3
142 3965 276 4018 εὐφυΐᾳ
303 3969 549 4020 διαφέροντα,
578 3971 730 4020 (ταινία
755 3974 829 4024 γάρ
857 3975 958 4013 ἐστιν
990 3976 1115 4025 ἰσθμῷ
1136 3976 1276 4018 πλάτος
1303 3975 1427 4025 ἔχοντι

43 4030 97 4070 «ἦ
125 4023 354 4076 -Ᾰσύμμετρον
370 4027 544 4073 ἐπιεικῶς
556 4029 774 4080 διείργουσα
789 4032 922 4082 λίμνην
937 4046 978 4071 τε
996 4034 1137 4080 πολλὴν
1153 4034 1218 4071 καὶ
1232 4034 1427 4072 θάλασσαν

35 4103 50 4116 ,ι
79 4127 82 4135 2
144 4081 183 4119 &a
195 4082 316 4132 λιμένι
337 4084 489 4136 μεγάλῳ
507 4087 744 4127 τελευτῶσαν
757 4090 795 4138 ,)
817 4091 935 4129 εἰπὼν
957 4093 1008 4136 ὡς
1025 4091 1199 4142 ’Όμηρος
1224 4089 1272 4137 ἧν
1288 4091 1362 4142 ἄρα
1379 4092 1428 4131 τά

90 4161 101 4175 ÷
143 4138 178 4178 τ’
188 4138 288 4193 ἀλλα
301 4141 517 4191 θαυμαστὸς
529 4172 540 4191 ,
556 4146 621 4183 καὶ
639 4147 860 4196 σοφώτατος
882 4149 1115 4198 ἀρχιτέκτων
1127 4179 1138 4197 ,
1156 4149 1331 4188 ἐκέλευσε
1346 4150 1428 4189 δια·

43 4202 55 4217 '
68 4200 85 4244 j
146 4195 282 4247 γράψαι
298 4199 342 4238 τὸ
357 4204 492 4250 σχῆμα
506 4207 571 4248 τῆς
590 4202 737 4249 πόλεως
751 4208 807 4253 τῷ
823 4205 931 4254 τόπῳ
951 4206 1290 4256 συναρμόττοντας.

198 4253 252 4303 (2)
273 4256 482 4296 Alliena‘us
501 4262 568 4299 ΧΙΙ
582 4290 591 4308 ,
608 4272 643 4310 p.
667 4266 754 4309 523,
776 4265 802 4301 1³
826 4278 834 4300 τ
854 4264 1099 4314 Ἡρακλείδης
1115 4263 1145 4301 δ’
1159 4265 1179 4301 ὁ
1194 4265 1376 4309 Ποντικὸς
1391 4265 1426 4302 ἐν

42 4531 79 4628 τῆκε
35 4504 38 4509 ”
75 4462 78 4467 .

1142 313 1222 360 DE
1257 312 1455 360 REBUS
1491 313 1788 362 PUBLlC'lS.

146 418 206 464 ad
223 420 439 463 Nostrum
456 425 695 477 provocat.
721 419 831 475 Quae
852 432 925 462 res
943 420 1231 462 Deswertum
1253 420 1427 476 movit,
1507 416 1615 479 Περὶ
1640 418 1793 474 ἡδονῆς
1819 418 1835 480 (
1845 416 1904 481 1),
1940 420 2046 482 Περὶ
2072 422 2284 483 ἐρωτικῶν
2321 425 2401 485 (2).
2439 432 2505 472 Ac
2541 441 2787 477 consenta-

2661 322 2783 373 ἰον

1504 505 1643 534 neum
1664 500 1730 534 cst
1757 491 1923 534 codem
1948 493 2092 536 modo
2125 495 2418 541 historiarum
2449 504 2668 561 exemplis
2690 505 2790 547 col-

1505 624 1665 674 δευτέρῳ
1698 626 1809 674 Περὶ
1842 626 2155 671 δικαιοσύνης
2182 628 2318 676 φησίν·
2339 646 2356 662 «
2384 631 2431 670 ‘11
2458 634 2657 679 Μιλησίων
2683 637 2795 682 πόλις

1505 683 1790 733 περιπέπτωκεν
1810 682 1983 732 ἀτυχίαις
2000 683 2062 721 διὰ
2078 685 2217 733 τρυφὴν
2232 686 2317 734 βίου
2333 689 2397 726 καὶ
2414 691 2610 735 πολιτικας
2635 693 2790 743 ἔχθρας·

1506 741 1542 777 οἳ
1559 739 1602 778 τὸ
1621 739 1782 783 ἐπιεικὲς
1798 740 1869 778 οὑκ
1886 739 2108 789 ἀγαπῶντες
2120 768 2131 786 ,
2165 741 2208 782 ἐκ
2228 743 2338 792 ῥιζῶν
2355 745 2503 785 ἀνεῖλον
2519 749 2604 793 τοὺς
2621 749 2790 798 ἐχθρούς,

1506 796 1793 840 Στασιαζόντων
1808 797 1882 847 γὰρ
1900 802 1976 836 τῶν
1991 799 2059 842 τὰς
2081 798 2215 843 οὐσίας
2233 800 2397 850 ἐχόντων
2420 805 2484 842 καὶ
2502 809 2577 842 τῶν
2594 806 2767 854 δημοτῶν
2779 837 2794 855 ,

1505 854 1571 898 οὓς
1594 855 1729 893 ἐκεῖνοι
1750 856 1928 906 Γέργιθας
1949 856 2108 895 ἐκάλουν
2121 885 2132 904 ,
2155 861 2307 905 πρῶτον
2329 860 2395 908 μὲν
2411 863 2606 910 κρατήσας
2623 866 2643 901 6
2659 866 2791 915 δῆμος,

1505 912 1672 957 καὶτοὺς
1692 913 1900 958 πλουσίους
1920 914 2117 961 ἐκὸαλὼν,
2148 915 2213 952 καὶ
2239 918 2466 966 συναγαγὼν
2498 920 2545 957 τὰ
2575 921 2689 959 τέκνα
2718 927 2793 961 τῶν

1504 969 1700 1018 φυγόντων
1723 971 1776 1016 εἷς
1806 970 1991 1019 ἁλωνίας,
2026 972 2115 1021 βοῦς
2140 973 2420 1022 συναγαγόντες
2446 977 2701 1023 συνηλοίησαν
2729 982 2794 1019 καὶ

1504 1028 1821 1078 παρανομωτάτῳ
1837 1028 1990 1079 θανάτῳ
2010 1030 2230 1079 διέφθειραν.
2256 1031 2456 1082 Τοιγάρτοι
2479 1033 2590 1072 πάλιν
2617 1038 2653 1074 οἱ
2683 1037 2796 1075 πλού·

1505 1099 1582 1124 σιοι
1603 1087 1881 1135 κρατήσαντες,
1899 1087 2070 1131 ἅπαντας
2082 1116 2093 1135 ,
2113 1088 2166 1126 ὧν
2185 1088 2307 1138 κύριοι
2324 1091 2565 1136 κατέστησαν
2577 1121 2588 1140 ,
2607 1094 2700 1142 μετὰ
2719 1099 2795 1132 τῶν

1504 1144 1647 1182 τέκνων
1665 1145 1969 1183 κατεπίττωσαν.
1994 1144 2072 1183 Ὧν
2102 1147 2318 1195 καιομένων
2349 1150 2462 1197 φασὶν
2490 1149 2585 1188 ἀλλα
2611 1164 2650 1188 τε
2674 1153 2797 1190 πολλὰ

1505 1203 1679 1249 γενέσθαι
1695 1204 1859 1254 τέρατα,
1879 1205 1945 1242 καὶ
1964 1204 2092 1242 ἐλαίαν
2109 1204 2211 1254 ἱερὰν
2228 1204 2447 1255 αὐτομάτην
2465 1207 2694 1258 ἀναφθῆναι.
2713 1211 2796 1249 Διό-

1504 1272 1574 1310 περ
1591 1262 1612 1298 ό
1630 1262 1711 1305 θεὸς
1728 1262 1789 1300 ἐπὶ
1812 1262 1930 1299 πολὺν
1950 1261 2085 1312 χρόνον
2103 1261 2319 1309 ἀπήλαυνεν
2336 1264 2475 1307 αὐτοὺς
2496 1269 2564 1303 τοῦ
2594 1268 2771 1315 μαντείου
2783 1298 2795 1317 ,

1435 1350 1444 1352 -
1506 1319 1572 1356 καὶ
1590 1318 1895 1369 ἐπερωτώντων,
1919 1319 1982 1357 δια
2006 1320 2084 1357 τίνα
2099 1320 2224 1358 αἰτίαν
2243 1320 2538 1370 ἀπελαύνονται,
2555 1323 2635 1362 εἷπε
2652 1335 2661 1344 ·

1610 1404 1686 1442 Καί
1712 1417 1776 1453 μοι
1798 1404 1982 1455 Γεργίθων
2004 1418 2045 1443 τε
2061 1404 2171 1455 φόνος
2195 1406 2299 1453 μέλει
2317 1406 2607 1457 ἀπτολεμίστων
2621 1440 2630 1456 ,

1607 1463 1808 1512 πισσήρων
1824 1475 1865 1501 τε
1886 1463 2019 1513 μόρος,
2039 1465 2103 1502 καὶ
2124 1463 2291 1513 δένδρεον
2307 1465 2387 1503 αἰὲν
2412 1465 2581 1511 ἀθαλλές,
2601 1482 2618 1500 »

1554 1547 1662 1587 Idem
1679 1549 1750 1586 Xll
1763 1576 1772 1594 ,
1783 1559 1822 1597 p.
1843 1553 1931 1597 521,
1949 1551 1976 1586 E
1994 1561 2001 1585 :
2020 1549 2265 1599 Ἡρακλείδης
2278 1550 2312 1589 δ’
2325 1552 2347 1588 6
2365 1550 2548 1597 Ποντικὸς
2567 1553 2605 1591 ἐν
2617 1557 2671 1603 τῷ
2686 1556 2718 1593 Π
2731 1569 2746 1593 ε
2757 1559 2791 1605 pi

1503 1606 1524 1644 δ
1535 1619 1666 1644 ικαιο
1679 1606 1733 1644 σύ
1746 1622 1765 1645 ν
1776 1621 1800 1653 η
1811 1621 1826 1651 ς
1843 1607 1935 1656 φησί
1947 1617 1959 1626 ·
1976 1622 1994 1639 «
2017 1609 2223 1658 Συὸαρῖται
2239 1638 2248 1656 ,
2265 1610 2332 1656 τὴν
2348 1610 2494 1656 Τήλυος
2510 1613 2708 1660 τυραννίδα
2724 1627 2795 1651 κα-

1503 1663 1736 1709 ταλύσαντες
1754 1693 1765 1713 ,
1789 1664 1876 1708 τοὺς
1906 1665 2171 1715 μετασχόντας
2198 1671 2274 1704 τῶν
2298 1667 2534 1718 πραγμάτων
2562 1669 2797 1720 ἀναιροῦντες

1502 1779 1652 1824 τούτοις
1685 1779 1909 1830 ἀπεστράφη
1939 1780 2006 1830 μὲν
2029 1782 2074 1819 τὸ
2102 1785 2167 1827 τῆς
2184 1782 2305 1832 ’Ήρας
2334 1782 2514 1832 ἄγαλμα,
2535 1785 2578 1822 τὸ
2603 1785 2642 1823 δὲ
2663 1786 2796 1833 ἔδαφος

1503 1837 1620 1884 ἀνῆκε
1646 1839 1772 1887 πηγὴν
1804 1838 1983 1887 αἵματος,
2016 1839 2117 1877 ὥστε
2150 1840 2214 1878 τὸν
2256 1840 2437 1890 σύνεγγυς
2486 1841 2636 1880 ἅπαντα
2681 1843 2797 1881 τόπον

1506 1896 1817 1947 κατεχάλκωσαν
1851 1896 1998 1946 θυρίσι,
2021 1897 2245 1947 βουλόμενοι
2272 1903 2413 1945 στῆσαι
2440 1900 2508 1944 τήν
2537 1904 2605 1938 τοῦ
2639 1901 2797 1951 αἳματος

1507 1953 1714 2004 ἀναφοράν.
1735 1954 1876 2004 Διόπερ
1895 1954 2103 1993 ἀνάστατοι
2125 1956 2298 2002 ἐγένοντο
2318 1957 2383 1994 καὶ
2404 1957 2656 2007 διεφθάρησαν
2674 1959 2795 1996 ἅπαν-

1501 2025 1584 2061 τες,
1609 2015 1645 2051 οἱ
1675 2014 1741 2051 καὶ
1772 2014 1836 2051 τὸν
1866 2017 1943 2051 τῶν
1960 2013 2182 2062 Ὀλυμπίων
2207 2015 2272 2052 τὸν
2291 2014 2390 2052 πάνυ
2413 2016 2545 2064 ἀγῶνα
2568 2016 2795 2067 ἀμαυρῶσαι

1503 2069 1757 2117 ἐθελήσαντες.
1783 2070 1878 2109 Καθ’
1898 2071 1939 2109 ὃν
1952 2071 2024 2121 γὰρ
2041 2072 2172 2120 ἄγεται
2189 2073 2320 2122 καιρὸν
2338 2073 2632 2122 ἐπιτηρήσαντες
2645 2103 2655 2122 ,
2671 2075 2796 2114 ἄθλων

1502 2129 1691 2179 ὑπερὸολῇ
1710 2131 1761 2173 ὡς
1774 2130 1911 2173 αὑτοὺς
1930 2130 2056 2167 καλεῖν
2077 2130 2295 2181 ἐπεχείρουν
2314 2130 2401 2174 τοὺς
2422 2131 2597 2177 ἀθλητάς.
2622 2148 2640 2166 υ

1555 2187 1612 2236 (1)
1641 2187 1854 2225 Athenaeus
1878 2189 1974 2233 Xll,
1994 2198 2033 2236 p.
2055 2192 2151 2237 536,
2170 2189 2198 2226 F
2221 2203 2231 2224 :
2266 2188 2357 2238 Περὶ
2377 2188 2416 2226 δὲ
2441 2190 2604 2227 Καλλίου
2635 2190 2700 2227 καὶ
2721 2194 2797 2228 τῶν

1502 2243 1642 2281 τούτου
1658 2244 1835 2282 κολάκων
1847 2244 2034 2294 φθάνομεν
2048 2247 2112 2283 καὶ
2126 2245 2306 2295 πρότερον
2319 2245 2502 2290 εἰπόντες·
2517 2246 2598 2285 ἀλλ’
2612 2247 2695 2285 ἐπεὶ
2712 2261 2796 2286 και·

1502 2305 1576 2346 νῶς
1591 2301 1836 2352 Ἡρακλείδης
1849 2303 1870 2340 ὁ
1894 2303 2077 2347 Ποντικὸς
2097 2303 2134 2341 ἐν
2150 2306 2207 2352 τῷ
2226 2305 2260 2341 ΙΙ
2270 2315 2288 2341 ε
2297 2304 2338 2352 ρὶ
2356 2305 2380 2349 ἠ
2393 2304 2414 2341 δ
2423 2317 2443 2342 ο
2454 2319 2474 2341 ν
2484 2308 2507 2350 ἢ
2518 2318 2535 2348 ς
2552 2306 2699 2354 ἱστορεῖ
2712 2308 2795 2355 περὶ

1503 2360 1644 2408 αὐτοῦ,
1670 2361 1812 2399 ἄνωθεν
1834 2361 2035 2399 ἀναλαὸὼν
2056 2361 2305 2410 διηγήσομαι.
2363 2376 2382 2394 «ι
2406 2361 2500 2400 ’Ότε
2519 2363 2563 2400 τὸ
2577 2367 2728 2412 πρῶτον
2744 2366 2795 2408 εἰς

1503 2418 1670 2456 Εῢὸοιαν
1697 2418 1951 2467 ἐστράτευσαν
1978 2420 2015 2456 οἱ
2046 2419 2214 2468 Πέρσαι,
2233 2418 2343 2466 τότε,
2368 2419 2419 2463 ὥς
2445 2433 2572 2468 φασιν,
2590 2419 2795 2470 Ἐρετριεὺς

1503 2475 1595 2526 ἀνὴρ
1612 2475 1848 2526 Διόμνηστος
1865 2476 1991 2526 κύριος
2004 2477 2155 2526 ἐγένετο
2170 2481 2246 2515 τῶν
2259 2480 2327 2515 τοῦ
2341 2481 2556 2526 στρατηγοῦ
2572 2479 2793 2529 χρημάτων.

1501 2534 1644 2583 Ἔτυχε
1663 2535 1736 2583 γὰρ
1756 2534 1794 2572 ἐν
1814 2537 1869 2584 τῷ
1897 2534 2004 2585 ἀγρῷ
2025 2538 2081 2584 τῷ
2101 2534 2247 2573 ἐκείνου
2267 2538 2435 2583 σκηνῶν,
2461 2537 2526 2573 καὶ
2549 2537 2598 2573 τὰ
2617 2537 2795 2586 χρήματα

1503 2593 1554 2636 εἰς
1574 2592 1722 2641 οἴκημά
1744 2606 1779 2630 τι
1807 2592 1958 2640 θέμενος
1977 2597 2044 2639 τῆς
2071 2592 2209 2637 οἰκίας.
2233 2592 2550 2638 Τελευτησάντων
2566 2593 2606 2631 δὲ
2625 2594 2794 2642 πάντων,

1502 2650 1667 2688 διέλαθεν
1681 2649 1780 2699 ἔχων
1797 2651 1818 2687 ὁ
1834 2650 2072 2700 Διόμνηστος
2089 2651 2132 2688 τὸ
2146 2650 2318 2700 χρυσίον.
2374 2649 2482 2688 Ἐπεὶ
2499 2651 2539 2689 δὲ
2554 2651 2666 2688 πάλιν
2683 2653 2704 2689 ὁ
2719 2657 2794 2689 τῶν

1504 2709 1663 2756 ΙΙερσῶν
1696 2707 1874 2757 βασιλεὺς
1909 2707 2129 2746 ἀπέστειλεν
2156 2709 2208 2751 εἰς
2235 2709 2303 2753 τὴν
2333 2707 2527 2758 Ἐρέτριαν
2553 2708 2793 2760 στράτευμα,

1501 2765 1714 2814 προστάξας
1746 2765 1963 2804 ἀνάστατον
1982 2770 2143 2812 ποιῆσαι
2162 2766 2232 2812 τὴν
2251 2765 2376 2814 πόλιν,
2396 2765 2555 2810 εἰκότως
2575 2767 2794 2811 ὑπεξέθεντο

1502 2822 1587 2861 ὅσοι
1618 2822 1826 2873 χρημάτων
1854 2824 2060 2872 ηὐπόρουν.
2089 2825 2138 2862 Οἱ
2170 2822 2237 2861 οὖν
2256 2824 2594 2874 καταλελειμμένοι
2625 2828 2692 2870 τῆς
2719 2830 2788 2863 τοῦ

1502 2881 1742 2930 Διομνήστου
1757 2880 1880 2925 οἰκίας
1897 2880 1984 2931 παρ’
2001 2881 2217 2919 Ἱππόνικον
2233 2881 2298 2919 τὸν
2319 2881 2504 2930 Καλλίου,
2524 2882 2590 2920 τὸν
2610 2881 2647 2920 'A
2655 2896 2794 2931 μμωνα

1501 2938 1814 2988 ἐπικαλούμενον,
1845 2940 2063 2983 ὑπεξέθεντο
2082 2939 2131 2977 τά
2160 2939 2341 2989 χρήματα
2360 2940 2413 2983 εἰς
2433 2939 2501 2984 τὰς
2526 2939 2680 2986 Ἀθήνας
2695 2954 2703 2961 ·
2727 2942 2792 2979 καὶ

1502 2994 1863 3034 ἀνασκευασθέντων
1884 2996 1959 3034 ὑπὸ
1983 3000 2060 3034 τῶν
2087 2998 2247 3047 Περσῶν
2277 2995 2459 3035 ἁπάντων
2481 3000 2557 3034 τῶν
2577 2997 2793 3047 Ἐρετριέων

1502 3054 1693 3104 κατέσχον
1714 3053 1821 3091 οὗτοι
1841 3053 1889 3091 τὰ
1921 3054 2100 3103 χρήματα
2125 3054 2248 3092 πολλὰ
2267 3054 2373 3093 ὄντα.
2401 3055 2524 3092 “nme
2551 3054 2765 3098 Ἱππόνικος
2781 3084 2792 3102 ,

1501 3111 1523 3148 ὁ
1554 3110 1620 3149 ἀπ’
1653 3111 1800 3150 ἐκείνου
1830 3113 1996 3161 γεγονὼς
2028 3116 2097 3150 τοῦ
2124 3113 2192 3158 τήν
2227 3112 2552 3162 παρακαταθήκην
2589 3111 2768 3155 λαὸόντυς
2781 3141 2791 3159 ,

1502 3169 1644 3219 ᾔτησεν
1664 3169 1882 3215 Ἀθηναίους
1906 3170 2003 3208 ποτὲ
2028 3169 2066 3208 ἐν
2087 3170 2293 3221 ἀκροπόλει
2315 3171 2449 3218 τόπον,
2469 3170 2517 3208 ἵν’
2538 3170 2794 3218 οἰκοδομήση-

1501 3240 1564 3264 ται
1580 3230 1658 3271 τοῖς
1679 3228 1872 3278 χρήμασιν
1885 3227 1983 3266 ὅπου
1999 3227 2191 3276 κείσεται,
2208 3228 2329 3277 λέγων
2346 3231 2398 3272 ὡς
2411 3228 2483 3266 οὐκ
2498 3226 2662 3277 ἀσφαλὲς
2682 3227 2736 3272 ὃν,
2753 3227 2791 3264 ἐν

1502 3283 1676 3334 ἰδιωτικῇ
1697 3285 1802 3335 οἰκίᾳ
1831 3285 1955 3323 πολλὰ
1985 3286 2164 3335 χρήματα
2183 3285 2279 3324 εἶναι
2297 3298 2306 3307 ·
2334 3286 2401 3323 καὶ
2431 3285 2567 3323 ἔδοσαν
2595 3283 2791 3329 Ἀθηναῖοι.

1502 3343 1749 3388 Νουθετηθεὶς
1772 3343 1803 3381 δ’
1830 3343 1906 3382 ὑπὸ
1931 3347 2007 3381 τῶν
2037 3343 2169 3393 φίλων,
2205 3343 2424 3393 μετενόησε.
2455 3343 2612 3380 Τούτων
2631 3340 2697 3379 οὖν
2714 3345 2790 3379 τῶν

1501 3400 1712 3450 χρημάτων
1728 3399 1894 3445 Καλλίας
1915 3401 2042 3450 κύριος
2058 3401 2272 3450 γενόμενος,
2286 3401 2455 3451 καὶπρὸς
2471 3400 2608 3446 ἡδονὴν
2622 3399 2766 3449 βιώσας
2779 3411 2789 3420 ·

1501 3478 1553 3487 -
1573 3461 1677 3495 ποῖοι
1694 3457 1768 3507 γὰρ
1795 3458 1841 3495 οὐ
1858 3458 2019 3502 κόλακες
2047 3459 2070 3505 ἢ
2091 3458 2127 3496 τί
2149 3459 2289 3505 πλῆθος
2309 3458 2381 3508 οὐχ
2399 3457 2558 3507 ἑταίρων
2577 3457 2661 3506 περὶ
2678 3456 2790 3493 αὑτὸν

1501 3514 1626 3563 ἧσαν;
1652 3515 1764 3559 ποίας
1779 3515 1819 3553 δὲ
1836 3515 2006 3560 δαπάνας
2024 3517 2098 3566 οὺχ
2118 3517 2316 3566 ὑπερεώρα
2333 3516 2495 3562 ἐκεῖνος;
2519 3513 2600 3552 ἀλλ’
2618 3514 2720 3562 ὅμως
2739 3514 2789 3555 εἰς

1501 3576 1689 3610 τοσοῦτον
1714 3573 1830 3611 αὐτὸν
1861 3575 2110 3623 περιέστησεν
2130 3575 2151 3612 ὁ
2170 3575 2255 3624 περὶ
2286 3574 2424 3619 ἡδονὴν
2448 3571 2553 3622 βίος,
2571 3571 2672 3608 ὥστε
2694 3569 2789 3618 μετὰ

1501 3629 1674 3681 γραῑδίου
1696 3629 1889 3680 βαρὸάρου
1905 3631 2089 3669 διατελεῖν
2105 3632 2353 3681 ἠναγκάσθη,
2374 3631 2439 3668 καὶ
2466 3633 2543 3666 τῶν
2570 3626 2788 3675 ἀναγκαίων

1501 3690 1578 3724 τῶν
1598 3687 1683 3725 καθ’
1704 3687 1849 3736 ἡμέραν
1873 3687 1999 3734 ἐνδεὴς
2020 3688 2245 3738 γενόμενος,
2265 3689 2330 3726 τὸν
2356 3687 2438 3736 βίον
2459 3685 2689 3730 ἐτελεύτησε.
2714 3684 2787 3721 Τὸν

1501 3743 1541 3783 δὲ
1561 3744 1698 3786 Νικίου
1730 3745 1820 3789 φησὶ
1846 3748 1915 3783 τοῦ
1948 3747 2194 3796 Περγασῆθεν
2213 3747 2377 3784 πλοῦτον
2406 3745 2430 3790 ἢ
2461 3743 2525 3780 τὸν
2548 3740 2786 3790 Ἰσχομάχου

1500 3802 1596 3847 τίνες
1612 3802 1839 3849 ἀπώλεσαν;
1865 3804 1948 3842 Οὐκ
1969 3804 2180 3850 Αὐτοκλέης
2199 3804 2265 3842 καὶ
2284 3801 2505 3852 Ἐπικλέης,
2522 3801 2558 3836 οἱ
2580 3797 2659 3847 μετ’
2675 3798 2786 3842 ἀλλή-

1501 3861 1577 3899 λων
1607 3864 1672 3907 ζῆν
1700 3861 1946 3911 προελόμενοι
1974 3863 2038 3900 καὶ
2059 3861 2170 3900 πάντ’
2199 3861 2238 3898 ἐν
2267 3858 2438 3898 ἐλάττονι
2468 3855 2688 3919 ποιούμενοι
2712 3859 2783 3923 τῆς

1500 3921 1658 3968 ἡδονῆς;
1678 3917 1834 3966 Ἐπειδὴ
1854 3920 1894 3958 δὲ
1908 3920 2035 3958 πάντα
2050 3918 2346 3964 κατανάλωσαν,
2366 3916 2523 3953 κώνειον
2541 3923 2687 3955 πιοντες
2703 3924 2783 3960 αμα

1499 3977 1564 4015 τὸν
1585 3976 1670 4027 βίον
1689 3976 1950 4022 ἐτελεύτησαν.
1979 3992 1998 4010 υ
2771 4025 2778 4033 ,

1550 4034 1662 4074 {dem
1674 4037 1746 4073 ΧΙΙ
1757 4065 1767 4082 ,
1783 4045 1822 4083 p.
1842 4041 1930 4084 525,
1946 4038 1975 4074 F
1993 4051 2001 4073 :
2016 4033 2261 4084 Ἡρακλείδης
2273 4030 2306 4069 δ’
2320 4031 2341 4067 ὁ
2356 4026 2536 4070 Ποντικὸς
2548 4026 2587 4063 ἐν
2599 4028 2658 4092 tt}
2670 4025 2702 4061 Π
2713 4036 2781 4073 ερι

1499 4094 1524 4138 ἡ
1537 4093 1587 4130 δο
1598 4097 1650 4138 νῆ
1661 4106 1677 4136 ς
1699 4092 1862 4141 Σαμίους
1878 4094 1970 4142 φησὶ
1981 4122 1991 4139 ,
2007 4091 2092 4130 καθ’
2109 4089 2318 4139 ὑπερὸολήν
2333 4085 2590 4135 τρυφήσαντας
2600 4111 2617 4150 .'
2638 4082 2781 4145 Οῑαῖἢν

1499 4150 1592 4200 πρὸς
1627 4150 1810 4196 ἀλλήλους
1846 4150 2107 4200 μικρολογίαν,
2143 4148 2272 4194 ὥσπερ
2304 4141 2509 4191 Συόαρίτας
2525 4168 2535 4185 ,
2567 4151 2635 4183 την
2667 4138 2777 4175 πολιν

1500 4207 1700 4245 ἀπολέσαι.
2497 4253 2505 4261 ¹
2668 4252 2677 4263 α

1554 4265 1660 4304 idem
1676 4266 1760 4311 ΧΙΙ,
1776 4276 1813 4314 p.
1828 4269 1915 4312 533,
1927 4267 1956 4302 C
1973 4279 1980 4300 :
1997 4263 2178 4311 Περικλέα
2196 4261 2233 4298 δὲ
2251 4260 2312 4296 τὸν
2327 4255 2529 4303 Ὀλύμπιον
2546 4265 2655 4301 φησιν
2681 4253 2779 4301 nsa-
