3016 4628
12 940 33 976 {e

11 1099 29 1128 ¹„
48 1103 49 1106 ,

1198 314 1604 364 FRAGMENTA.

92 427 239 472 locari
265 420 474 480 πίνακας,
506 421 550 468 ἐν
585 411 645 474 οἷς
677 421 754 480 γῆς
777 416 963 482 περίοδοί
995 418 1116 466 εἰσιν.
1140 421 1251 476 Quae
1276 421 1375 478 opi-

93 499 174 543 nio
199 512 256 543 eo
285 497 462 552 nititur,
499 491 631 553 quod
665 490 1128 537 Pseudo-Dicaearchi
1170 487 1379 542 Ἑλλάδος

92 565 344 632 ἀναγραφὴν
394 566 710 625 Theophrasto
758 563 916 606 Eresio
967 561 1229 605 dedicatam
1285 575 1379 607 esse

95 640 354 686 censebant.
380 639 483 683 Hoc
502 635 636 681 nihili
658 648 752 682 esse
769 633 866 692 jam
885 633 989 677 satis
1012 633 1177 691 liquet.
1203 635 1271 677 Ac
1289 634 1378 677 Di*

92 711 350 756 caearchum
389 708 662 754 Messeniam
696 704 1012 750 adversarium
1044 705 1200 763 potius
1239 718 1379 764 quam

95 781 364 828 familiarem
386 778 692 839 Theophrasti
713 776 863 821 videri
885 776 1018 821 fuisse
1036 791 1174 835 supra
1196 777 1379 820 monui-

92 869 210 903 mus,
232 855 392 900 Cicero
416 851 604 911 quidem
628 848 704 895 Ad
726 849 863 893 Attic.
894 850 982 904 VI,
1016 864 1042 893 2
1068 848 1149 909 (fr.
1176 847 1257 909 74)
1279 863 1379 893 me·-

89 910 244 972 morat
276 926 457 986 tabulas
487 921 775 976 Dicoearchi,
819 921 901 966 sed
938 922 1026 978 ita,
1064 930 1118 966 ut
1150 936 1249 965 non
1287 930 1379 965 tam

36 1044 39 1060 ζ
90 995 152 1043 de
171 997 359 1052 tabulis,
395 1011 507 1055 quas
538 995 685 1039 oculis
719 991 943 1051 subjectas
965 992 1203 1048 habuerit,
1238 1007 1378 1051 quam

92 1067 152 1115 de
180 1068 488 1128 Peloponnesi
532 1066 689 1111 tabula
708 1099 720 1121 ,
766 1066 913 1124 qualis
951 1080 1009 1109 ex
1049 1065 1378 1124 Trophoniana

12 1136 19 1187 vL·
45 1153 70 1174 ⁸·
92 1138 326 1186 Chaeronis
353 1139 620 1183 narratione
661 1135 833 1198 (quam
865 1136 1023 1182 laudat
1060 1137 1221 1182 Cicero
1247 1137 1279 1180 1.
1315 1138 1376 1198 l.)

13 1215 66 1293 ’,ἐξ
83 1211 246 1259 ωιίωο
277 1209 565 1255 efformanda
607 1209 750 1273 foret,
799 1209 1100 1270 cogitandum
1135 1224 1227 1254 esse
1263 1210 1378 1253 mihi

0 1435 59 1531 5,

0 1561 37 1596 .

40 2299 93 2349 ἡ
155 2302 233 2347 Jo.
250 2299 408 2360 Lydus
428 2303 498 2346 De
522 2316 684 2345 menss.
712 2316 759 2360 p.
800 2301 888 2355 164
912 2301 988 2346 ed.
1012 2302 1167 2347 Roeth.

64 1281 316 1328 -videatun
342 1282 550 1327 Osannus
586 1282 617 1327 l.
655 1282 687 1325 l.
721 1296 770 1340 p.
807 1296 865 1338 72
898 1281 1097 1336 tabulas,
1125 1295 1225 1339 quae
1252 1281 1378 1325 orbis

17 1373 68 1430 ς
90 1361 320 1399 terrarum
332 1353 634 1398 delineatam
623 1368 712 1397 lma
720 1354 874 1413 ginem
885 1352 1193 1397 eXhlblllssent
1205 1361 1251 1396 et
1266 1366 1378 1412 quas

57 1424 240 1481 libro,
265 1426 348 1484 qui
372 1422 575 1488 Περίοδος
597 1425 676 1484 γῆς
695 1425 980 1479 inscribitur,
1003 1425 1269 1483 explicasset
1297 1425 1378 1468 Di-

89 1496 324 1541 caearchus
344 1496 472 1555 apud
504 1497 777 1542 Ciceronem
813 1496 1009 1555 intelligi
1045 1496 1159 1539 vult.
1200 1495 1377 1552 Quodsi

91 1568 236 1613 verba
273 1568 508 1614 Ciceronis
538 1569 603 1613 ita
641 1576 908 1627 comparata
945 1569 1056 1624 sint,
1099 1577 1152 1612 ut
1190 1568 1376 1611 nonnisi

99 1639 467 1700 Trophonianam
486 1642 614 1685 istam
632 1645 942 1684 narrationem
961 1649 1124 1683 auctor
1143 1648 1248 1684 ante
1269 1655 1376 1683 ocu-

91 1711 161 1755 los
184 1710 395 1756 habuisse
417 1711 644 1768 videatur,
681 1711 733 1755 id
754 1711 979 1756 brevitate
1003 1719 1048 1755 et
1069 1711 1347 1754 obscuritate
1361 1744 1373 1766 ‚

47 1836 50 1841 .
91 1795 184 1840 qua
206 1783 409 1840 epistolae
429 1782 489 1827 ad
510 1783 717 1826 Atticum
739 1783 921 1840 scriptae
943 1783 1112 1840 passim
1134 1782 1371 1837 laborant,

52 1854 381 1904 commissum
395 1869 489 1899 esse
512 1863 678 1898 censet.
704 1855 903 1899 Fuhrius
924 1869 1015 1913 pro
1042 1855 1208 1898 tabulis
1231 1855 1375 1898 corri-

35 1892 294 1992 “L-gendum
317 1941 410 1972 esse
438 1928 657 1986 opinatur
665 1924 868 1984 fabulis
895 1951 961 1960 —
986 1928 1056 1970 Ex
1079 1927 1377 1986 Agathemeri

24 1990 84 2072 ‘2²⁸'
23 1993 292 2058 denique
314 1998 468 2043 verbis
490 1996 571 2058 (fr.
609 1996 695 2060 54)
732 2014 831 2042 ιιοιι
866 2007 1026 2058 patere
1057 2000 1376 2056 Dicaearchum

24 2073 54 2129 ζ.
38 2069 267 2143 &tabulas
284 2071 614 2131 geographicas
634 2070 883 2116 delineasse
899 2086 1038 2116 nemo
1062 2086 1160 2115 non
1183 2071 1325 2115 videt.

696 2189 772 2236 52.

1203 2299 1376 2347 ἰἏλλὰ

38 2346 169 2439 ᾒιὶκαὶ
205 2369 468 2435 Δικαίαρχος
503 2372 545 2416 ἐν
574 2371 770 2435 Περιόδῳ
793 2390 871 2434 γης
899 2372 947 2417 ἐκ
984 2391 1061 2428 της
1095 2371 1374 2430 Ἀτλαντικης

43 2441 304 2500 ’,.θαλάττης
326 2443 396 2490 τὸν
432 2444 588 2494 Νεῖλον
624 2444 878 2508 ἀναχεῖσθαι
914 2442 1128 2507 βούλεται.
1163 2446 1233 2492 Cf.
1271 2448 1376 2492 Cal-

39 2530 90 2581 1³}ss
113 2516 122 2526 ”
146 2516 294 2561 thenis
310 2517 369 2564 fr.
394 2517 441 2562 6.

113 2586 118 2590 ’
153 2587 330 2633 Unicus
347 2589 424 2633 hic
448 2589 690 2643 locus-est,
723 2592 818 2648 quo
843 2589 1013 2634 diseita
1030 2589 1224 2634 Periodi
1246 2606 1375 2635 men·

41 2650 156 2711 ’·ἷ“ῑίο
193 2659 261 2707 fit.
294 2660 370 2705 Ad
397 2661 523 2705 idem
550 2676 668 2719 opus
698 2661 942 2705 referenda
974 2662 1177 2720 plurima
1215 2678 1379 2707 eorum

32 2740 36 2790 ζ
58 2738 192 2798 ¹*Ji-uae
216 2732 276 2777 ad
295 2741 522 2778 terrarum
543 2733 872 2792 descriptiones
890 2735 1142 2793 pertinent.

691 2851 766 2897 53.

40 2955 113 3032 ,³³⁵-
154 2975 329 3020 Plinius
343 2976 404 3022 H.
426 2976 483 3023 N.
508 2977 580 3035 11,
601 2991 642 3019 c.
668 2973 727 3019 65
750 2975 808 3020 de
825 2985 948 3020 terra
976 2992 985 3020 ε
1011 2978 1202 3021 Globum
1224 2988 1376 3022 tamen

37 3045 220 3115 [effici
249 3051 412 3092 mirum
448 3058 518 3092 est
531 3052 578 3092 in
622 3057 752 3092 tanta
767 3050 974 3108 planitie
1012 3054 1155 3093 maris
1190 3066 1373 3110 campo-

76 3127 119 3178 ρι’
146 3135 294 3180 mque.
352 3119 439 3164 Cui
477 3124 719 3164 sententioe
763 3121 897 3164 adest
943 3122 1265 3178 Dicaearchus,
1314 3127 1380 3167 vir

125 3220 128 3226 ·
158 3195 324 3252 primis
356 3193 570 3246 eruditus,
612 3206 770 3249 regum
809 3207 918 3235 cura
944 3207 1212 3252 permensus
1246 3206 1395 3238 mon-⁴

169 3296 180 3318 ,
213 3278 274 3308 ex
295 3264 455 3324 quibus
478 3265 752 3308 altissimum
776 3264 983 3323 prodidit
1011 3265 1174 3308 Pelion
1198 3266 1376 3310 MCCL

62 3343 114 3387 ,2-
136 3363 142 3371 ·
162 3350 303 3380 suum
354 3341 533 3380 ratione
574 3337 973 3396 perpendiculari,

1037 3337 1214 3380 nullam
1274 3350 1371 3380 esse

148 3427 158 3442 ¹
228 3413 481 3468 portionem
521 3412 741 3452 universoe
788 3410 1082 3452 rotunditatis
1132 3410 1370 3469 colligens.

62 3479 137 3534 maj
156 3476 222 3523 ilzi
238 3483 409 3525 incerta
426 3480 532 3524 lzoec
548 3482 723 3524 videtur
738 3484 1038 3538 conjectatio;
1063 3479 1224 3523 haud
1209 3497 1374 3539 ignaro

136 3535 310 3596 ιὀεάαιη
340 3554 526 3613 Alpium
569 3555 748 3596 certices
759 3585 774 3606 ‚
820 3554 954 3612 longo
989 3562 1134 3595 tractu
1167 3567 1250 3596 nec
1281 3553 1374 3596 bre-

76 3627 98 3670 >..

2643 328 2729 370 251

1454 425 1574 465 viote
1611 424 1946 479 quinquaginta
1991 423 2191 466 millibus
2221 439 2441 482 passuum
2482 442 2731 487 assurgere·

1518 493 1728 536 Martian.
1747 492 1858 550 Cap.
1877 493 1960 546 VI,
1982 493 2008 551 §
2027 492 2118 551 590
2138 494 2216 540 ed.
2237 496 2397 554 Kopp.
2429 497 2549 542 1836
2579 515 2588 542 :
2623 501 2732 544 Tum

1453 564 1537 606 illa
1555 560 1784 619 :sormam
1799 566 1932 606 totius
1954 572 2089 607 terroe
2104 579 2194 607 non
2207 567 2419 623 planam,
2446 578 2494 612 ut
2504 575 2738 616 oeseimant

1443 638 1665 694 positioni
1715 638 1795 692 qui
1837 649 1939 677 eam
1981 635 2095 677 disci
2145 633 2398 691 diffusioris
2442 644 2724 697 assimilant,

1453 721 1601 765 neque
1635 718 1879 750 concavam
1893 739 1904 761 ,
1939 715 1990 749 ut
2019 708 2104 750 alii
2139 711 2218 764 qui
2248 708 2519 754 descendere
2549 715 2735 758 imbrem

1453 778 1615 822 dixere
1637 778 1809 822 telluris
1828 780 1874 820 in
1900 782 2125 835 gremium
2143 793 2157 831 ;
2183 779 2268 820 sed
2283 781 2519 824 rotundam
2535 816 2546 834 ,
2578 785 2736 842 globo-

1452 864 1553 893 sam
1582 854 1743 903 etiam,
1775 853 1892 894 sicut
1922 851 2142 893 secundus
2166 850 2471 894 Dicoearclzus
2493 867 2733 902 asseverat.

1453 923 1668 981 Namque
1700 931 1825 967 ortus
1843 922 2077 980 obitusque
2107 922 2301 964 siderum
2326 937 2414 964 non
2441 924 2639 968 diversus
2652 942 2738 984 pro

1453 1004 1588 1038 terroe
1621 994 1970 1038 elevatione'vel
2001 994 2375 1037 inclinationibus
2405 993 2660 1050 haberetur,
2701 1004 2737 1040 si

1447 1081 1538 1125 per
1547 1068 1699 1126 plana
1716 1063 1907 1123 diffusis
1923 1066 2171 1108 mundauoe
2190 1068 2516 1109 constitutionis
2534 1066 2740 1126 operibus

1453 1155 1541 1183 uno
1577 1140 1823 1198 eodemque
1862 1148 2062 1197 tempore
2105 1153 2246 1196 supra
2284 1147 2428 1180 terras
2470 1148 2515 1182 et
2550 1155 2735 1198 oequora

1452 1215 1716 1266 nituissent,
1750 1221 1833 1256 aut
1855 1215 1962 1255 item
1988 1214 2028 1254 si
2050 1214 2214 1255 emersi
2236 1210 2344 1254 solis
2363 1221 2544 1255 exortus
2572 1227 2736 1256 conca-

1453 1288 1518 1328 vis
1531 1281 1833 1327 subductionis
1854 1293 1989 1327 terras·
2013 1283 2196 1326 latebris
2219 1279 2478 1328 abderetur.

1516 1358 1619 1401 Vox
1651 1356 1873 1399 secundus
1907 1356 1970 1399 ita
2004 1353 2279 1414 explicanda
2304 1354 2490 1398 videtur
2519 1357 2735 1414 Koppio,

1451 1436 1503 1470 ut
1521 1431 1700 1485 primus
1718 1427 1951 1471 sententiae
1966 1425 2103 1484 hujus
2119 1435 2282 1470 auctor
2298 1424 2438 1469 fuerit
2455 1427 2736 1473 AristoteleS.

1451 1498 1649 1542 Fuhrius
1662 1496 1860 1554 conjecit
1866 1496 2112 1555 fecundus.
2128 1499 2339 1543 Fortasse
2359 1496 2450 1543 fuit
2466 1512 2477 1545 ε
2496 1500 2736 1543 secundum

1451 1568 1775 1612 Dicaearchum
1792 1579 2067 1615 asseverant.
2085 1570 2155 1613 De
2171 1583 2222 1613 re
2236 1569 2295 1613 cf.
2315 1569 2554 1629 Forbiger.
2571 1571 2735 1628 Geogr.

1453 1642 1493 1695 I,
1536 1656 1585 1700 p.
1614 1639 1725 1700 539.

2058 1724 2134 1778 54.

1517 1841 1849 1901 Agathemerus
1867 1841 1970 1885 init.
1995 1857 2006 1885 ε
2026 1839 2083 1887 Οἱ
2105 1836 2182 1901 μὲν
2208 1826 2279 1886 οῧιν
2299 1840 2478 1886 παλαιοὶ
2501 1838 2578 1897 τὴν
2600 1841 2739 1887 οἰκου-

1455 1908 1589 1973 μένην
1615 1910 1798 1977 ἔγραφον
1825 1909 2147 1976 στρογγύλην...
2175 1914 2353 1976 Πρῶτος
2386 1910 2430 1958 δὲ
2453 1910 2737 1977 Δημόκριτος,

1451 1980 1708 2048 πολύπειρος
1755 1982 1864 2049 ἀνὴρ
1879 2019 1892 2042 ,
1925 1983 2111 2030 συνεῖδεν
2149 1981 2215 2030 ὅτι
2263 1982 2491 2048 προμήκης
2527 1983 2618 2030 ἐστὶ
2652 1987 2735 2047 γῆ,

1453 2054 1651 2117 ἡμιόλιον
1687 2054 1737 2102 τὸ
1778 2059 1913 2117 μῆκος
1953 2059 2029 2102 τοῦ
2064 2054 2252 2109 πλάτους
2298 2055 2474 2120 ἔχουσα.
2517 2055 2734 2118 Συνῄνεσε

1455 2126 1592 2193 τούτῳ
1613 2126 1687 2174 καὶ
1709 2126 1972 2193 Δικαίαρχος
1995 2129 2017 2174 ὃ
2040 2129 2394 2191 περιπατητικός.
2422 2126 2603 2182 Εὔδοξος
2624 2126 2668 2174 δὲ
2691 2129 2739 2175 τὸ

1457 2201 1592 2260 μῆκος
1614 2200 1789 2246 διπλοῦν
1808 2204 1881 2247 τοῦ
1913 2198 2124 2252 πλάτους·
2146 2202 2169 2246 ὃ
2194 2197 2240 2246 δὲ
2262 2196 2572 2263 Ἐρατοσθένης
2594 2200 2737 2247 πλεῖον

1452 2275 1526 2317 τοῦ
1548 2272 1712 2319 διπλοῦ.
1739 2294 1758 2312 «
1776 2274 1990 2319 Ceterum
2011 2289 2110 2317 non
2130 2272 2463 2333 negligendum
2486 2281 2552 2316 est
2566 2306 2579 2328 ‚
2608 2274 2738 2332 quod

1451 2343 1708 2391 Democriti
1733 2346 1959 2390 sententia
1983 2345 2044 2390 ad
2067 2345 2319 2390 habitatam
2355 2353 2534 2388 tantum
2565 2353 2737 2389 terram

1451 2417 1696 2462 referenda
1719 2427 1803 2478 est,
1824 2427 1870 2462 et
1890 2417 2020 2477 quod
2042 2417 2334 2461 Dicaearchus
2357 2418 2513 2476 igitur,
2538 2418 2618 2475 qui
2638 2432 2737 2460 eam

1456 2490 1694 2548 amplexus
1712 2500 1798 2546 est,
1813 2491 1899 2534 sibi
1922 2506 2019 2533 non
2035 2499 2262 2549 repugnat
2278 2523 2291 2549 ,
2315 2490 2349 2532 si
2366 2504 2470 2532 cum
2495 2490 2738 2533 Aristotele

1451 2563 1668 2621 magistro
1692 2559 1790 2622 (De
1814 2563 1933 2616 coelo
1963 2564 2008 2606 11
2018 2596 2031 2618 ‚
2061 2561 2142 2622 14)
2171 2577 2356 2606 omnem
2380 2571 2545 2606 terram
2572 2562 2739 2622 globo-

1451 2648 1546 2678 sam
1570 2650 1663 2680 esse
1683 2636 1856 2679 statuit.
1898 2655 1916 2675 υ
1941 2636 2096 2680 Fumi.

2062 2754 2138 2799 55.

1517 2866 1648 2910 Idem
1678 2868 1794 2913 ibid.
1833 2882 1845 2913 :
1883 2865 2148 2930 Δικαίαρχος
2183 2864 2227 2912 δὲ
2262 2865 2390 2930 ὁρίζει
2424 2864 2501 2922 τὴν
2535 2869 2615 2928 Υῆν
2651 2867 2733 2929 Οὐχ

1454 2933 1621 2994 ὕδασιν,
1657 2935 1770 2983 ἀλλὰ
1802 2940 1914 2998 τομῇ
1945 2938 2084 3002 εὖθείᾷ
2121 2936 2321 3002 ἀκράτῳ,
2350 2936 2435 2983 ἀπὸ
2465 2938 2633 2994 στηλῶν
2666 2936 2737 2982 διὰ

1452 3009 1646 3070 Σαρδοῦς
1659 3045 1671 3066 ,
1698 3009 1900 3062 Σικελίας
1915 3045 1929 3071 ,
1947 3008 2281 3066 Πελοποννήσου
2299 3046 2312 3071 ‚
2343 3008 2508 3073 Καρίας
2521 3046 2532 3066 ,
2553 3008 2738 3067 Λυκίας,

1452 3080 1744 3146 Παμφυλίας,
1783 3080 1984 3134 Κιλικίας
2016 3081 2092 3128 καὶ
2128 3082 2302 3146 Ταύρου
2342 3080 2436 3138 ἑξῆς
2477 3080 2554 3134 ἕως
2588 3080 2740 3142 Ἰμάου

1450 3149 1570 3215 ὅρους
1584 3171 1594 3181 ·
1617 3155 1700 3199 τῶν
1726 3153 1865 3199 τοίνυν
1883 3151 2028 3200 τόπων
2050 3153 2122 3200 τὸν
2141 3153 2216 3216 μὲν
2238 3153 2414 3218 βόρειον,
2439 3153 2510 3199 τὸν
2535 3153 2578 3199 δὲ
2600 3154 2734 3199 νότιον

1449 3224 1661 3283 ὀνομάζει.
1679 3227 1860 3272 Eodem
1884 3228 2029 3273 modo
2053 3229 2376 3273 Eratosthenes
2399 3242 2498 3272 rem
2521 3229 2731 3271 instituit.

1448 3301 1501 3345 V.
1523 3287 1688 3344 Strabo
1709 3301 1755 3344 II
1774 3336 1786 3358 ‚
1809 3316 1855 3360 p.
1879 3301 1957 3358 67.

2055 3383 2133 3431 56.

1514 3465 1682 3526 Strabo
1705 3484 1773 3538 ΙΙ,
1799 3498 1840 3528 e.
1869 3487 1912 3539 4,
1935 3498 1983 3542 p.
2009 3487 2094 3534 104
2119 3499 2173 3542 sq
2197 3496 2209 3528 ι
2237 3479 2451 3533 Πολύὸιος
2476 3479 2520 3526 δὲ
2545 3479 2621 3536 τὴν
2649 3480 2734 3526 Εὐ-

1455 3550 1602 3616 ρώπην
1631 3555 1925 3617 χωρογραφῶν
1943 3551 2040 3607 τοὺς
2059 3552 2136 3615 μὲν
2163 3552 2369 3617 ἀρχαίους
2394 3555 2467 3600 ἐᾶν
2488 3570 2617 3616 φησι,
2638 3549 2733 3602 τοὺς

74 3721 123 3756 5
256 3687 438 3737 ORBIS
469 3689 822 3737 TERRARUM
857 3688 1203 3737 cmcmrus

693 3769 720 3809 5

64 3790 123 3823 m
144 3833 395 3878 Dicaearchus
407 3847 567 3888 quoque
581 3837 623 3877 in
642 3770 765 3878 Οτὶιί23
783 3838 964 3878 Circuitu
981 3837 1117 3877 Nilum
1140 3803 1308 3876 fluvium
1325 3846 1376 3875 ex

64 3850 288 4050 v{tl-utico
305 3900 404 3940 mari
422 3899 588 3941 refluere
607 3901 704 3942 vult.

689 3977 760 4017 54.

56 4017 268 4106 -QPrisei
298 4043 446 4082 terram
463 4043 728 4083 habitabilem
756 4054 841 4084 esse
873 4043 1086 4084 rotundam
1124 4042 1371 4092 fingebant...

129 4147 133 4149 ι
208 4112 211 4113 ’
232 4115 252 4146 s
271 4108 544 4157 Democritus,
559 4109 621 4148 vir
636 4108 916 4159 peritissimus,
937 4102 1119 4158 cognovit
1141 4117 1227 4147 eam
1241 4106 1378 4146 oblon-

153 4230 158 4234 .
201 4179 307 4220 esse,
333 4172 391 4212 ita
410 4174 456 4212 ut
470 4173 634 4213 dimidia
663 4175 774 4223 parte
794 4173 946 4223 longior
972 4183 1094 4223 quam
1121 4172 1236 4211 latior
1260 4176 1372 4211 esset.

248 4233 322 4274 rito
339 4237 547 4276 assentitur
562 4237 817 4277 nieman-chus
832 4235 1127 4286 peripateticus.

1501 3765 1754 3805 Dicaearchus
1764 3767 1957 3806 terrarum
1978 3767 2098 3806 situm
2113 3778 2193 3806 non
2207 3766 2422 3806 secundum
2435 3764 2558 3804 maria
2577 3762 2728 3808 definit,

1449 3828 1518 3867 sed
1533 3828 1654 3868 ducta
1679 3829 1783 3869 linea
1805 3830 1977 3879 directa,
2001 3841 2092 3880 quae
2117 3829 2168 3869 ab
2193 3829 2371 3869 Herculis
2390 3827 2581 3867 columnis
2606 3824 2728 3863 currit

1449 3904 1519 3943 per
1538 3894 1758 3934 Sardiniam
1769 3925 1780 3945 ‚
1795 3895 1969 3935 Siciliam
1984 3925 1996 3945 ,
2015 3895 2344 3945 Peloponnesum,
2359 3893 2515 3932 cariam
2528 3919 2539 3938 ,
2551 3889 2729 3938 Lyciam,

1450 3958 1744 4008 Pamphyliam,
1764 3959 1942 3999 Ciliciam
1961 3960 2002 3998 et
2020 3961 2194 3999 Taurum
2206 3988 2217 4007 ,
2238 3966 2363 4006 usque
2379 3955 2426 3994 ad
2445 3957 2593 3993 Imaum
2617 3962 2728 3989 mon-

1449 4021 1545 4061 tem.
1563 4022 1686 4061 Terra
1707 4022 1825 4072 igitur
1847 4022 1955 4061 hunc
1985 4023 2026 4060 in
2056 4011 2221 4061 modum
2249 4021 2289 4059 in
2307 4019 2405 4058 duas
2424 4017 2547 4055 divisa
2569 4016 2699 4064 partes
2712 4043 2727 4060 ,

1454 4095 1591 4125 earum
1611 4086 1776 4126 alteram
1792 4087 1991 4126 borealem
2007 4116 2018 4135 ,
2039 4087 2202 4126 alteram
2219 4082 2509 4123 meridionalem
2529 4078 2726 4118 nominat.

2057 4166 2127 4205 56.

1500 4236 1590 4273 Jam
1623 4233 1807 4283 Polybius
1834 4236 2004 4283 Europa}
2031 4232 2204 4280 regiones
2230 4227 2474 4273 describens,
2501 4227 2651 4284 velet-cs
2681 4235 2724 4261 sc
