3016 4628
331 298 421 339 298

324 400 345 443 6
381 390 630 451 Φιλόξενος,
672 389 736 436 ὅτι
784 386 956 452 γράφων
1001 383 1076 441 τὴν
1125 382 1362 431 Γαλάτειαν
1409 374 1602 442 βούλοιτό

323 485 416 513 τινα
441 464 543 528 παρ’
576 462 737 518 ἐκείνης
761 463 845 506 τῶν
882 457 994 505 κατὰ
1028 456 1175 519 Νηρέα
1211 452 1436 500 πυθέσθαι·
1458 450 1535 504 τὴν
1559 446 1603 493 δὲ

323 534 605 602 ἠρωτημένην
623 531 953 596 ἀποκεκρίσθαι,
972 528 1075 576 διότι
1094 525 1276 590 νεωτέρα
1299 523 1420 581 ἁλοίη
1434 542 1443 551 ·
1462 521 1523 568 διὸ
1543 520 1603 580 μὴ

324 607 675 673 παρακολουθεῖν·
714 604 792 661 τὴν
834 602 877 650 δὲ
922 606 983 666 τῷ
1022 597 1229 663 Διονυσίῳ
1272 598 1600 660 παρατεθεῖσαν,

323 678 616 747 πρεσὸυτέραν
654 668 798 734 οὖσαν,
827 676 980 721 εἰδέναι
1011 672 1151 719 πάντα
1184 672 1328 734 σαφῶς
1353 667 1379 713 ἃ
1408 666 1603 725 βούλεται

325 756 490 815 μαθεῖν.
514 750 604 800 Τὸν
625 742 696 796 οὖν
716 747 931 797 Διονύσιον
953 744 1193 809 γελάσαντα
1215 740 1465 787 ἀποστεῖλαι
1487 737 1602 798 αὐτῷ

323 825 401 882 τὴν
420 824 596 888 τρίγλαν
619 821 695 879 τὴν
718 818 1035 884 παρακειμένην
1058 817 1188 877 αὐτῷ.
1215 809 1453 872 Συνεμέθυε
1477 807 1520 854 δὲ
1541 807 1602 871 τῷ

326 895 548 961 Φιλοξένῳ
571 895 706 951 ἡδέως
734 896 756 939 6
783 890 1015 940 Διονύσιος.
1045 885 1170 935 Ἐπεὶ
1205 883 1248 931 δὲ
1282 883 1359 939 τὴν
1384 878 1602 946 ἐρωμένην

326 967 566 1017 Γαλάτειαν
594 965 791 1031 ἐφωράθη
818 960 1083 1026 διαφθείρων,
1111 960 1167 1010 εἷς
1189 955 1263 1009 τὰς
1286 954 1492 1015 λατομίας
1516 953 1602 997 ἐνε-

325 1041 486 1099 ὂλήθη·
512 1042 555 1087 ἐν
578 1031 643 1092 αἶς
661 1040 791 1085 ποιῶν
819 1034 889 1081 τὸν
918 1032 1135 1081 Κύκλωπα
1161 1027 1362 1085 συνέθηκε
1381 1024 1451 1071 τὸν
1473 1025 1602 1083 μῦθον

325 1114 382 1166 εἷς
405 1112 454 1159 τὸ
479 1111 573 1174 περὶ
605 1109 729 1156 αὑτὸν
761 1106 979 1170 γενόμενον
1005 1102 1162 1161 πάθος,
1185 1100 1255 1147 τὸν
1282 1096 1357 1159 μὲν
1383 1093 1600 1145 Διονύσιον

327 1183 552 1232 Κύκλωπα
572 1180 930 1241 ὑποστησάμενος,
944 1175 1021 1233 τὴν
1039 1176 1074 1221 δ’
1091 1171 1325 1236 αὐλητρίδα
1343 1167 1600 1225 Γαλάτειαν,

327 1255 476 1302 ἑαυτὸν
498 1256 532 1301 δ’
558 1251 781 1300 Ὀδυσσέα.
811 1255 916 1297 Haee
934 1251 1069 1295 etiam
1093 1248 1152 1293 ad
1171 1248 1316 1291 libros
1333 1240 1440 1305 Περὶ
1469 1258 1600 1298 ποιη-

326 1330 410 1373 τῶν
435 1328 608 1373 referre
632 1328 751 1370 licet.

378 1464 419 1510 Τ
423 1461 712 1510 ΥΡΑΝΝΩΝ
746 1457 1083 1507 ΑΝΑΙΡΕΣΙΣ
1119 1456 1199 1502 ΕΚ
1235 1451 1556 1502 ΤΙΜΩΡΙΑΣ.

932 1594 1002 1640 14.

394 1716 522 1759 Idem
547 1717 639 1770 ΙΙΙ,
663 1730 712 1773 p.
742 1728 825 1772 90,
850 1714 887 1756 Ε
910 1725 920 1757 :
948 1706 1218 1764 Σωληνισταὶ
1250 1708 1287 1752 δ’
1310 1707 1540 1752 ἐκαλοῦντο
1563 1706 1601 1750 οἱ

327 1786 572 1847 συνάγοντες
605 1783 658 1830 τὰ
683 1782 835 1846 ὄστρεα
871 1786 1006 1827 ταῦτα
1029 1781 1100 1845 (sc.
1136 1779 1230 1833 τοὺς
1269 1779 1507 1841 σωλῆνας),
1545 1778 1602 1830 ὡς

326 1858 485 1921 ἱστορεῖ
506 1855 672 1908 Φανίας
707 1857 729 1901 6
764 1853 954 1918 Ἐρέσιος
985 1855 1026 1899 ἐν
1061 1855 1120 1916 τῷ
1156 1849 1483 1915 ἐπιγραφομένῳ
1510 1852 1599 1897 Τυ-

328 1928 487 1993 ράννων
514 1927 722 1991 ἀναίρεσις
755 1927 802 1972 ἐκ
825 1923 1053 1989 τιμωρίας,
1078 1923 1249 1988 γράφων
1275 1921 1429 1977 οὕτως·
1458 1946 1476 1965 «
1511 1925 1599 1969 Φι-

325 2000 505 2058 λόξενος,
526 2004 548 2047 6
571 1998 827 2060 καλούμενος
851 1995 1136 2056 σωληνιστὴς,
1163 1998 1210 2042 ἐκ
1235 1997 1494 2059 δημαγωγοῦ
1521 1994 1602 2042 τύ-

326 2091 471 2136 ραννος
494 2070 696 2135 ἀνεφάνη,
722 2073 801 2125 ζῶν
827 2068 874 2115 τὸ
902 2068 977 2130 μὲν
1010 2067 1051 2122 ἐξ
1078 2071 1212 2132 ἀρχῆς
1237 2068 1505 2131 ἁλιευόμενος
1527 2067 1602 2115 καὶ

326 2144 626 2207 σωληνοθήρας
649 2140 721 2202 ὢν,
747 2144 940 2206 ἀφορμῆς
965 2138 1007 2187 δὲ
1034 2140 1271 2203 λαὸόμενος
1294 2141 1368 2188 καὶ
1390 2145 1601 2206 ἐμπορευ-

324 2216 502 2278 σάμενος
528 2215 615 2279 βίον
642 2213 865 2271 ἐκτήσατο.
891 2236 910 2254 »

922 2329 994 2375 15.
1026 2385 1029 2388 ῃ

388 2447 516 2493 Idem
528 2450 591 2505 X,
607 2463 656 2507 p.
679 2446 787 2505 438,
803 2449 836 2492 C
856 2464 867 2491 ε
888 2445 1058 2499 Φανίας
1071 2445 1114 2492 δὲ
1129 2448 1150 2492 ὃ
1167 2444 1358 2510 Ἐρέσιος
1377 2447 1420 2492 ἐν
1436 2449 1497 2510 τῷ
1518 2447 1608 2492 ἐπι-

322 2519 573 2584 γραφομένῳ
604 2518 834 2582 Τυράννων
870 2517 1084 2584 ἀναίρεσις
1108 2521 1156 2565 ἐκ.
1179 2518 1387 2583 τιμωρίας
1426 2518 1605 2567 Σκόπαν

325 2657 673 2706 minusintelligere
688 2669 697 2695 ε
713 2657 823 2696 illum
837 2659 968 2697 autem
985 2658 1053 2708 qui
1068 2657 1255 2708 Dionysio
1267 2659 1469 2708 appositus
1481 2660 1603 2708 esset,
1675 2658 1750 2697 nisi
1769 2658 1810 2696 in
1836 2657 1935 2697 solio
1949 2657 2175 2707 sedentem,
2205 2655 2313 2706 quod
2339 2666 2364 2694 a
2388 2657 2580 2706 quattuor
2598 2652 2829 2697 homnibus
2855 2666 2942 2697 :³³¹³

328 2724 372 2759 ut
386 2720 627 2769 grandiorem
641 2751 651 2770 ,
668 2723 850 2760 accurate
869 2721 1003 2760 omnia
1019 2723 1118 2761 scire
1129 2752 1140 2772 ‚
1158 2733 1248 2772 quae
1264 2722 1346 2772 ipse
1370 2733 1606 2771 cognoscere

327 2784 459 2822 vellet.
487 2783 627 2823 Risisse
652 2785 700 2823 ad
723 2796 768 2823 ea
786 2787 873 2824 tum
905 2785 1154 2836 Dionysium,
1183 2785 1299 2835 eique
1322 2786 1519 2835 mullum,
1537 2785 1607 2836 qui

330 2858 448 2897 penoe
482 2849 606 2897 ipsum
634 2852 716 2888 erat
748 2850 915 2901 positus,
948 2851 1110 2891 misisse.
1139 2852 1323 2891 Libenter
1349 2854 1485 2891 autem
1513 2863 1606 2890 cum

330 2911 543 2950 Philoxeno
563 2913 669 2961 potui
697 2913 919 2962 indulgebat
941 2915 1158 2965 Dionysius.
1179 2918 1332 2955 Verum
1350 2917 1394 2954 ut
1409 2915 1461 2954 ab
1477 2926 1524 2954 eo
1546 2916 1606 2954 vi-

330 2975 466 3012 tiatam
493 2977 680 3024 comperit
706 2977 907 3016 Galateam
929 2980 1116 3018 amasiam
1145 2990 1282 3029 suam,
1302 2980 1346 3019 in
1375 2979 1608 3029 lapicidinas

331 3048 422 3075 eum
439 3037 603 3085 conjecit
621 3055 630 3077 :
649 3039 714 3078 ubi
735 3040 943 3090 Cyclopem
962 3043 1133 3082 fabulam
1150 3044 1324 3083 scribens
1345 3043 1604 3094 Ptfiloxenus‚

332 3099 381 3138 ad
400 3102 514 3138 suum
531 3112 664 3140 casum
679 3104 990 3144 accommodavit
1005 3109 1282 3156 argumentum
1294 3138 1306 3156 ,
1324 3107 1513 3157 Dionysio
1534 3109 1606 3157 Cy·

334 3165 455 3215 clopis
490 3166 665 3206 tribuens
696 3170 843 3218 partos,
873 3170 1041 3211 tibicinis
1061 3174 1191 3222 partes
1220 3174 1420 3224 Galateae,
1453 3173 1608 3223 sibique

334 3228 480 3277 L'lyssis
501 3239 657 3269 sumens
682 3241 901 3280 personam.

378 3318 823 3368 TYRANNORUM
862 3322 1078 3372 CAEDES
1114 3327 1195 3373 EX
1230 3327 1556 3376 VINDICTA.

385 3485 460 3531 Qui
482 3485 566 3524 liaec
587 3489 714 3526 ostrea
737 3489 911 3535 (solenes
925 3495 1007 3543 sc.)
1029 3495 1284 3547 colligebant,
1303 3498 1507 3538 Solenistae
1532 3509 1608 3537 vo-

334 3548 539 3596 cabantur,
568 3551 613 3587 ut
637 3551 801 3590 l'lnauias
822 3554 973 3594 Eresius
998 3556 1036 3595 in
1061 3559 1159 3598 libro
1179 3561 1244 3610 qui
1269 3561 1496 3602 inscribitur
1522 3564 1605 3612 Ty-

335 3623 545 3651 rannorunn
562 3613 687 3651 caedes
700 3626 749 3652 ex
765 3615 934 3655 vindicta
946 3648 956 3667 ,
975 3620 1041 3658 ubi
1054 3621 1108 3660 sic
1125 3624 1259 3663 scribit
1278 3641 1286 3664 z
1308 3640 1327 3659 «
1344 3626 1584 3667 Philoxenus
1596 3658 1607 3675 ,

334 3676 564 3724 cognomine
595 3677 805 3726 Selenista,
827 3691 877 3717 ex
910 3681 1121 3734 demagogo
1150 3688 1340 3736 tyrannus
1375 3690 1501 3729 sactus
1534 3693 1605 3732 est.

335 3741 371 3777 ls
404 3738 514 3777 initio
535 3740 716 3778 victitans
746 3742 891 3791 piscatu
923 3747 962 3784 et
992 3748 1168 3788 soleuum
1199 3753 1394 3802 praecipue
1417 3756 1607 3806 captura,

335 3806 541 3854 postquam
581 3805 758 3854 pecuniae
788 3809 962 3849 nonnihil
994 3817 1230 3865 corraserat,
1255 3819 1490 3860 mercaturae
1510 3820 1609 3861 dans

336 3879 496 3919 operam
517 3870 735 3910 luculentas
755 3872 929 3914 fortunas
945 3880 1198 3927 comparavit.
1224 3898 1242 3914 »

937 3944 1006 3984 15.

389 4004 556 4045 Phanias
581 4008 734 4047 Eresius
756 4008 793 4048 in
818 4010 916 4049 libro
940 4012 1002 4051 cui
1026 4013 1162 4055 titulus
1180 4018 1452 4066 Tyrannorum
1481 4023 1610 4064 credes

339 4080 389 4107 ex
419 4070 611 4121 vindicta,
640 4074 808 4123 Scopam
838 4075 916 4123 ait,
951 4079 1127 4118 Creontis
1160 4080 1306 4131 tilium,
1333 4087 1476 4126 vetusti
1507 4089 1611 4129 illius

336 4135 472 4181 Scopae
502 4136 712 4186 nepotem,
743 4139 867 4178 totam
898 4139 1020 4179 vitam
1049 4143 1221 4191 potando
1249 4147 1489 4199 traduxisse,
1520 4153 1560 4191 et
1590 4164 1612 4192 e

338 4200 692 4247 compotationibus
710 4202 811 4242 baud
831 4204 910 4244 sere
922 4205 1033 4246 aliter
1046 4206 1206 4247 domum
1226 4211 1348 4252 redire
1366 4217 1614 4257 consuevisse
1683 4218 1757 4259 sibi
1778 4218 1902 4259 tactas
1917 4215 2093 4258 incidens
2108 4217 2248 4267 captus
2266 4215 2415 4257 fuisset.
2444 4217 2578 4263 Quare
2592 4213 2754 4255 civitate
2777 4210 2819 4253 in
2851 4213 2878 4234 ⁸
2898 4218 2902 4222 ’

1405 270 1663 321 PHANIAE
1697 265 1898 315 ERESH

1679 371 1804 436 φησὶ,
1839 368 1910 415 τὸν
1950 364 2167 431 Κρέοντος
2183 362 2259 426 μὲν
2277 362 2404 423 ιυἰὸν,
2438 361 2592 411 Σκόπα
2617 361 2662 412 δὲ
2686 368 2759 412 τοῦ
2781 367 2981 413 παλαιοῦ

1679 444 1840 499 motha,
1878 439 2189 503 φιλοποτοῦντα
2228 433 2500 498 διατελέσαι,
2539 434 2614 483 καὶ
2652 433 2730 493 τὴν
2765 435 2946 483 ἐπάνοδο

1678 515 1754 570 τὴν
1787 511 1872 558 ἀπὸ
1899 512 1982 556 τῶν
2009 506 2257 569 συμποσίων
2285 510 2498 552 ποιεῖσθαι
2537 505 2611 553 ἐπὶ
2645 506 2792 572 θρόνου
2815 509 2970 571 καθή·
2998 506 3001 522 ²

1681 602 1824 646 μενον,
1853 581 1926 628 καὶ
1949 579 2032 627 ὑπὸ
2056 577 2273 642 τεσσάρων
2307 578 2642 642 βασταζόμενον,
2666 577 2801 633 οὕτως
2820 577 2947 627 nixae

1680 654 1868 702 ἀπιέναι.

2285 738 2359 781 16.

1745 856 2017 902 Parthenius
2031 855 2162 899 Erot.
2181 867 2220 899 c.
2239 867 2262 909 7
2288 868 2298 896 :
2318 850 2450 915 Περὶ
2471 849 2808 915 Ἱππαρίνου.
2827 849 2970 915 Ἱστου
3012 844 3014 846 ’

1680 929 1744 993 ρεῖ
1767 927 1936 978 Φανίας
1960 927 1981 971 ὁ
2001 921 2209 988 Ἐρέσιος.
2234 951 2297 958 -
2317 922 2393 971 Ἐν
2413 922 2459 971 δὲ
2481 926 2536 989 τῇ
2559 924 2708 988 Ἰταλῇ
2732 914 2971 991 Ἡρακλεία
3013 939 3016 944 ·

1676 999 1825 1052 παιδὸς
1850 995 2052 1062 διαφόρου
2073 995 2150 1053 τὴν
2173 994 2269 1062 ὄψιν
2286 1033 2300 1054 ,
2326 994 2577 1061 Ἱππαρῖνος
2595 988 2649 1055 ἧν
2666 998 2784 1062 αὐτῷ
2802 987 2956 1059 ὄνομαῘ

1676 1075 1760 1119 τῶν
1781 1069 1893 1118 πάνυ
1911 1067 2098 1131 δοκίμων
2110 1104 2123 1127 ,
2148 1067 2370 1116 Ἀντιλέων
2386 1067 2556 1132 ἠράσθη
2569 1086 2578 1098 ·
2601 1066 2646 1122 ὃς
2661 1064 2808 1132 πολλᾷ
2818 1068 2967 1137 μηχαξ

1676 1143 1862 1207 νώμενος
1887 1142 2057 1206 οὐδαμῇ
2098 1139 2274 1196 δυνατὸς
2303 1134 2361 1199 ἦνΙ
2381 1141 2508 1188 αὐτὸν
2543 1138 2843 1207 ἁρμόσασθαι,
2873 1157 2965 1209 πε

1677 1216 1721 1264 δὲ
1759 1213 1975 1279 γυμνάσια
2014 1213 2276 1279 διατρίὸοντι
2312 1211 2455 1260 πολλὰ
2488 1215 2554 1278 τῷ,
2585 1211 2709 1260 παιδὶ
2745 1228 2937 1280 προέτεινει

1676 1288 1755 1354 ἔφη
1776 1326 1788 1350 ,
1815 1292 2014 1335 τοσοῦτον
2051 1287 2180 1333 αὐτοῦ
2207 1284 2337 1334 πόθον
2370 1285 2507 1350 ἔχειν,
2539 1282 2651 1333 ὥστε
2681 1283 2826 1346 πάντα
2844 1282 2942 1333 πόν
3009 1284 3012 1294 ”

1677 1362 1936 1422 ἀνατλῆναι,
1962 1357 2037 1405 καὶ
2061 1357 2088 1405 6'
2115 1377 2156 1406 τι
2182 1357 2233 1406 ἂν
2266 1358 2436 1406 κελεύοι
2459 1356 2640 1421 μηδενὸς
2664 1355 2793 1404 αὒτὸν
2821 1355 2945 1420 ἆμαρ
3008 1366 3014 1383 ⁵

1675 1433 1897 1492 τήσεσθαιι
1939 1431 1994 1480 Ὁ
2037 1430 2082 1478 δὲ
2129 1430 2214 1497 ἄρα
2256 1430 2671 1496 κατειρωνευόμενος
2709 1426 2951 1495 προσέταξε

1677 1509 1816 1572 αὐτῷ,
1835 1505 1922 1552 ἀπό
1940 1523 2052 1558 τινος
2069 1506 2250 1570 ἐρυμνοῦ
2267 1503 2492 1569 χωρίου,ὃ
2512 1503 2706 1571 μάλιστα
2726 1503 2969 1568 ἐφρουρεῖτ’
3008 1505 3010 1508 ’

1676 1578 1758 1626 ὑπό
1778 1598 1852 1626 του
1869 1580 1954 1624 τῶν
1980 1577 2298 1643 Ἡρακλεωτῶν
2325 1576 2531 1640 τυράννου
2551 1613 2564 1634 ,
2586 1574 2667 1623 τὸν
2686 1572 2867 1623 κώδωνα
2882 1593 2941 1621 κα

1675 1650 1935 1714 τακομίσαι,
1981 1649 2230 1713 πειθόμενος
2270 1649 2331 1712 μὴ
2368 1643 2426 1696 ’ἄν
2470 1667 2573 1696 ποτε
2611 1645 2802 1709 τελέσειν
2841 1645 2947 1694 αὖτὸ

1675 1723 1794 1771 τόνδε
1818 1721 1890 1770 τὸν
1913 1715 2058 1770 ἆθλον.
2082 1721 2303 1770 Ἀντιλέων
2326 1721 2370 1769 δὲ
2387 1721 2529 1787 κρύφα
2547 1719 2596 1768 τὸ
2619 1719 2819 1788 φρούριον
2841 1721 2950 1777 ὖπελ

1677 1794 1760 1843 θὼν
1785 1795 1859 1843 καὶ
1878 1795 2075 1862 λοχήσας
2091 1794 2162 1842 τὸν
2180 1794 2354 1861 φύλακα
2378 1796 2452 1841 τοῦ
2478 1793 2677 1846 κώδωνος
2697 1789 2965 1857 κατακαίνει

1676 1868 1750 1916 καὶ
1777 1868 1923 1926 ἐπειδὴ
1945 1867 2250 1933 ἀφίκετοπρὸς
2266 1865 2315 1914 τὸ
2340 1866 2562 1929 μειράκιον
2577 1903 2590 1926 ,
2611 1858 2866 1917 ἐπιτελέσας
2893 1861 2946 1921 τὴ

1677 1940 1910 2006 ὑπόσχεσιν
1927 1977 1940 2002 ,
1980 1943 2022 1987 ἐν
2065 1941 2206 2004 πολλῇ
2245 1941 2367 2004 αὐτῷ
2403 1937 2547 2001 εὐνοίᾳ
2580 1934 2779 2002 ἐγένετο,
2814 1934 2897 1997 καὶ
2925 1936 2945 1982 ἐ

1677 2013 1798 2059 τοῦδε
1823 2011 2015 2074 μάλιστα
2041 2011 2253 2070 ἀλλήλους
2275 2011 2466 2077 ἐφίλουν,
2493 2009 2624 2058 Ἐπεὶ
2651 2008 2696 2056 δὲ
2719 2012 2742 2056 ὁ
2773 2007 2954 2073 τύραννο

1677 2089 1753 2143 τῆς
1772 2083 1886 2149 ὥρας
1906 2084 2100 2148 ἐγλίχετο
2123 2088 2196 2131 τοῦ
2218 2082 2371 2136 παιδὸς
2391 2083 2466 2131 καὶ
2490 2073 2575 2136 οἷός
2596 2100 2644 2128 τε
2670 2073 2722 2139 ἦν
2747 2081 2877 2128 αὔτὸν
2901 2078 2958 2146 βί

1678 2157 1879 2221 ἄγεσθαι,
1906 2155 2293 2221 δυσανασχετήσας
2314 2158 2336 2201 ὃ
2357 2153 2582 2202 Ἀντιλέων
2609 2149 2863 2219 ἐκείνῳμὲν
2886 2170 2950 2199 πα

1682 2230 1966 2295 ρεκελεύσατο
2006 2228 2067 2292 μὴ
2108 2229 2344 2292 ἀντιλέγειν
2373 2225 2818 2290 κινδυνεύειν,·αὖτὸς
2844 2223 2937 2273 δὲο

1681 2308 1801 2350 κοθεν
1824 2301 1987 2357 ἐξιόντα
2010 2301 2082 2348 τὸν
2122 2300 2327 2364 τύραννον
2355 2295 2648 2364 προσδραμὼν
2681 2297 2869 2344 ἀνεῖλεν·
2897 2314 2955 2350 κα

1679 2379 1806 2422 τοῦτο
1829 2373 1991 2440 δράσας
2015 2372 2161 2439 δρόμῳ
2184 2371 2273 2420 ἵετο
2291 2371 2367 2420 καὶ
2398 2370 2597 2435 διέφυγεν.
2619 2365 2694 2429 ἂν,
2718 2370 2756 2417 εἰ
2778 2366 2843 2432 μὴ
2862 2386 2916 2416 π

1682 2446 1828 2500 ὅάτοις
1867 2444 2188 2508 συνδεδεμένοις
2223 2442 2485 2509 ἀμφιπεσὼν
2521 2440 2748 2507 ἐχειρώθηὁ
2781 2438 2863 2490 Διὸ
2901 2442 2955 2499 τῇ

1681 2518 1846 2572 πόλεως
1867 2521 1924 2572 εἷς
1943 2520 2153 2582 τάρχαῖον
2173 2515 2567 2574 ἀποκαταστάσης,
2585 2513 2839 2580 ἀμφοτέροις
2853 2531 2903 2561 π·
2928 2543 2936 2552 „
2954 2541 2959 2547 ·

1677 2724 1798 2763 retur.

2290 2791 2309 2831 1
2317 2792 2344 2831 6
2351 2822 2361 2831 .

1731 2869 1789 2906 De
1806 2866 2021 2916 Hipparino
2037 2865 2212 2905 narratio
2230 2865 2390 2905 Phaniae
2406 2863 2545 2905 Eresii.
2563 2865 2612 2919 111
2626 2862 2820 2904 Heraclea
2835 2861 2923 2902 nali
2934 2876 2949 2896 v

1676 2930 1937 2970 excellentem
1960 2930 2086 2969 forma
2107 2939 2301 2979 puerum,
2330 2929 2592 2979 Hipparinum
2617 2926 2803 2976 nomine,
2822 2925 2935 2966 eeleb

1679 2995 1829 3036 familia
1855 2997 2012 3044 ortum,
2045 2995 2231 3035 Antileon
2261 2995 2444 3043 amabat,
2467 2993 2536 3043 qui
2569 2992 2697 3032 multa
2725 2990 2926 3031 machinat

1679 3062 1790 3101 nullo
1802 3061 1923 3101 modo
1939 3062 2093 3112 poterat
2108 3071 2201 3100 eum
2211 3060 2290 3113 ,sibi
2305 3059 2526 3100 conciliare.
2543 3058 2660 3098 circa
2673 3057 2877 3108 gymnasia
2899 3067 2922 3096 a

1678 3127 1761 3166 tem
1782 3126 1956 3166 versanti
1983 3126 2249 3177 utplurimum
2278 3136 2401 3176 puero
2428 3135 2470 3165 se
2495 3122 2826 3173 accommodans,
2861 3122 2948 3163 tan

1678 3190 1765 3240 ejus
1791 3190 1986 3230 desiderio
2005 3201 2048 3230 se
2077 3189 2207 3229 teneri
2232 3187 2472 3237 affirmavit,
2498 3190 2544 3228 ut
2562 3187 2650 3237 ejus
2663 3186 2788 3237 gratia
2812 3192 2946 3234 omnm

1678 3254 1855 3294 laborem
1882 3254 2015 3293 subire
2033 3254 2152 3304 velit,
2173 3255 2214 3293 et
2238 3253 2431 3304 quidquid
2449 3252 2616 3302 jubeat,
2641 3251 2681 3290 in
2704 3246 2819 3290 nulla
2833 3258 2880 3290 re
2909 3249 2934 3287 d

1679 3318 1873 3369 linquere.
1894 3321 1999 3358 Puer
2013 3329 2106 3369 ergo
2123 3329 2194 3368 per
2213 3317 2431 3357 ludibrium
2447 3308 2708 3356 mandavit'ei
2722 3344 2735 3364 ,
2756 3312 2803 3354 ut
2817 3324 2871 3354 ex
2887 3325 2925 3353 m

1678 3383 1763 3423 nito
1786 3383 1960 3434 quodam
1977 3384 2093 3431 loco,
2109 3383 2180 3434 qui
2200 3382 2341 3432 magna
2365 3381 2546 3422 custodia
2561 3381 2612 3421 ab
2638 3378 2834 3421 Archelao
2850 3380 2924 3419 fl·-

1679 3449 1898 3487 cleotarum
1932 3450 2102 3498 tyranno
2132 3447 2384 3503 serrabatur,
2415 3444 2689 3486 tintinnabula
2711 3442 2929 3485 ‹tam-har

1679 3511 1850 3552 conlisus
1864 3522 2070 3562 nunquam
2086 3511 2216 3562 ipsum
2230 3510 2309 3550 boc
2323 3510 2535 3550 oen-tamen
2551 3507 2839 3559 peffeefflmn.
2856 3509 2889 3548 λ
2903 3522 2909 3542 ι

1679 3575 1770 3616 leon
1789 3577 1924 3615 autem
1944 3575 2101 3615 occulte
2121 3572 2350 3626 'praesidium
2367 3582 2592 3624 aggroewS‚
2609 3582 2658 3611 ex
2675 3569 2829 3611 insidiis

1679 3641 1772 3681 dem
1794 3640 2052 3681 tintinnabuli
2082 3638 2252 3688 oceidit,
2283 3639 2407 3689 atque
2427 3637 2521 3677 inde
2546 3636 2598 3676 ad
2631 3635 2900 3676 adolescentul

1681 3707 1862 3746 consecto
1885 3715 2004 3755 opere
2026 3700 2268 3744 reversus‘in
2291 3710 2434 3754 magna
2449 3701 2556 3754 apud
2580 3711 2673 3742 eum
2693 3701 2853 3742 benev
2875 3716 2879 3722 ·

1679 3771 1771 3822 fuit,
1785 3772 1825 3810 et
1840 3770 1976 3810 abhoc
1990 3770 2170 3819 tempore
2182 3779 2295 3807 amor
2306 3766 2409 3807 inter
2420 3778 2488 3807 eos
2506 3767 2763 3807 vehementer
2777 3774 2875 3808 exer
2885 3781 2921 3821 ι»,

1680 3834 1832 3874 Accidit
1849 3835 1985 3874 autem
1999 3833 2047 3872 ut
2063 3831 2276 3882 aliquando
2291 3832 2486 3882 tyrannus
2502 3841 2671 3882 puerum
2683 3829 2736 3870 de
2747 3830 2844 3880 stup
2872 3835 2922 3878 ,Γ

1679 3899 1850 3938 licitaret
1867 3913 1876 3937 =
1891 3899 1961 3947 qui
1975 3905 2103 3947 quum
2118 3897 2260 3946 potens
2277 3897 2379 3935 esset
2391 3895 2453 3934 vel
2469 3894 2511 3934 vi
2526 3903 2666 3944 cogere
2676 3923 2688 3943 ,
2701 3891 2871 3934 meatl
2886 3878 2922 3955 ι’

1681 3973 1766 4002 rem
1784 3961 1877 4001 tulit
1891 3959 2098 4010 Antileon,
2119 3961 2240 4010 atque
2262 3958 2378 3998 illum
2397 3957 2559 4010 quidem
2580 3957 2739 4009 propter
2752 3956 2862 4008 pede
2879 3955 2888 4007 ‘j
2904 3958 2913 3994 ἴ

1680 4025 1888 4066 vitandum
1899 4023 2122 4071 admonuit,
2131 4024 2178 4063 ut
2190 4023 2289 4063 nihil
2301 4022 2606 4072 contradiceret3
2618 4021 2703 4072 ipse
2713 4028 2842 4061 vome
2864 4005 2920 4052 :³

1681 4087 1895 4130 exeuntem
1939 4090 2155 4137 tyrannum
2193 4086 2383 4127 invadens
2415 4085 2574 4126 occidit.
2609 4087 2700 4132 Quo
2724 4072 2910 4143 perp-fl„

1682 4163 1802 4193 cursu
1812 4151 1909 4192 abiit
1920 4163 1932 4200 ς
1945 4151 1985 4191 et
1999 4150 2213 4201 aufugisset
2227 4160 2342 4200 sane,
2357 4149 2431 4190 nisi
2442 4149 2590 4189 inovoe
2599 4147 2801 4196 colligatas
2813 4157 2838 4186 ο
