3016 4628
845 285 924 336 EX
968 288 1582 336 HISTosslxbloNst
1622 291 2314 345 HALmAnNASSENsls.J

218 397 294 452 τῆς
314 396 493 460 ἀγορᾶς»,
517 397 578 459 τῷ
603 392 646 441 δὲ
674 393 862 459 Μαλλίῳ
887 396 1052 451 πολλὴν
1079 395 1222 441 ἄδειαν
1255 394 1328 441 καὶ
1354 394 1503 460 ῥώμην

218 464 453 530 παρέσχενὶ
468 466 544 514 Ἐν
561 463 736 527 τοιαύτῃ
755 463 805 521 δὴ
820 464 1085 511 καταστάσει
1098 469 1172 521 τῆς
1189 465 1354 519 πόλεως
1367 469 1502 529 ὑπαρ-

215 535 397 600 χούσης,
418 539 440 583 ὃ
464 540 540 595 τῆς
565 541 722 601 ἀγορᾶς
742 536 1011 600 ἀποδειχθεὶς
1027 535 1239 600 ἔπαρχος,
1269 537 1503 599 ἀχθόμενος

214 609 292 667 μὲν
317 607 387 654 ἐπὶ
421 614 506 661 τοῖς
542 609 914 671 προπηλακισμοῖς
951 611 1036 661 τῶν
1063 607 1228 669 λόγων,
1279 601 1339 662 οἷς
1371 608 1498 655 αὐτὸν

212 674 392 742 ὗὸρίζων
412 682 434 726 ὁ
458 674 649 732 Μάλλιος
673 680 715 725 ἐν
735 686 827 732 ταῖς
851 679 1099 737 ἐκκλησίαις
1131 679 1331 742 διετέλει,
1366 680 1499 727 δεδοι·

211 749 296 804 κὼς
314 750 358 797 δὲ
387 750 457 797 τὸν
481 750 621 831 ἄνδρα
639 748 830 811 μάλιστα
854 754 934 798 τῶν
961 751 1119 810 ἄλλων,
1154 751 1194 799 εἴ
1214 772 1324 806 τινος
1348 753 1499 799 ἐπιλά-

155 848 160 853 ·
211 813 328 860 ὅοιτο
353 816 511 879 ἀρχῆς,
553 835 613 876 μη
655 815 860 880 πρότερον
896 820 972 873 τῆς
1010 817 1339 881 ἀριστοκρατίας
1371 817 1496 864 αὑτὸν

209 885 462 944 ποιήσηται,
483 886 510 944 ἢ
533 887 603 934 τὸν
625 888 761 949 δῆμον
782 887 1016 951 ἐξερεθίσας
1037 889 1141 952 πρὸς
1167 889 1292 935 αὐτὸν
1310 889 1498 947 ποιήση-

206 976 279 1003 ται
324 957 398 1020 (17)
436 957 506 1005 διὰ
546 957 619 1015 τὴν
662 961 710 1005 ἐκ
749 962 823 1015 τῆς
861 958 1071 1023 ἑταιρείας
1112 959 1349 1017 ἐπιὸουλήν
1397 979 1491 1007 τινα

209 1028 302 1075 κατ’
326 1030 454 1075 αὐτοῦ
480 1029 843 1093 μηχανησάμενος
858 1048 868 1059 ·
888 1033 1142 1093 ἀγανακτῶν
1164 1050 1210 1077 τε
1238 1033 1310 1093 (is)
1340 1029 1395 1078 δι”
1412 1033 1491 1094 ἀμ·

208 1098 364 1164 φότερα
388 1104 524 1147 ταῦτα
545 1099 617 1147 καὶ
640 1102 922 1165 ἀπηλλάχθαι
942 1101 1290 1164 προθυμούμενος
1314 1102 1493 1165 ἐκείνου,

206 1170 379 1232 μείζονα
404 1169 431 1228 ἢ
461 1175 556 1219 κατ’
582 1172 754 1231 ἰδιώτην
793 1175 917 1237 ἰσχὺν
943 1173 1135 1238 ἔχοντος,
1161 1175 1345 1236 ἐπιμελῆ
1367 1174 1493 1232 ζήτη·

137 1250 141 1251 ’
205 1261 270 1290 σιν
296 1245 478 1290 ἐποιεῖτο
498 1247 581 1291 τῶν
625 1245 696 1291 ὑπ’
722 1246 853 1292 αὐτοῦ
878 1246 1120 1309 λεγομένοιν
1141 1266 1186 1292 τε
1216 1245 1291 1293 καὶ
1318 1265 1497 1309 πραττο·

204 1314 359 1377 μένων.
389 1317 573 1363 Πολλῶν
597 1316 640 1363 δὲ
661 1316 810 1376 ὄντων,
840 1310 901 1372 οἷς
921 1321 943 1364 ὃ
964 1317 1071 1383 ἀνὴρ
1098 1325 1313 1384 συνεργοῖς
1339 1322 1496 1383 ἐχρῆτο

203 1389 288 1433 τῶν
321 1386 590 1451 ἀπορρήτων,
626 1388 698 1434 καὶ
724 1386 819 1435 οὔτε
840 1387 915 1442 τὰς
941 1389 1085 1450 φύσεις
1115 1390 1271 1452 ὁμοίων
1302 1389 1399 1436 οὔτε
1422 1389 1496 1443 τὰς

203 1457 376 1522 γνώμας
396 1461 732 1524 παραπλησίων,
762 1460 918 1522 ἔμελλέ
950 1480 1036 1520 τις,
1062 1461 1166 1526 ὅπερ
1193 1461 1325 1519 εἰκὸς,
1351 1463 1398 1509 οὐ
1423 1460 1494 1526 βέ-

204 1530 323 1583 tinio<
340 1532 454 1594 αὐτῷ
474 1533 547 1596 (ιο)
575 1531 746 1580 ἔσεσθαι
773 1533 915 1598 φίλος,
943 1532 972 1591 ἢ
998 1533 1066 1582 διὰ
1083 1534 1214 1601 φόὸον
1234 1537 1261 1592 ἢ
1302 1533 1374 1581 διὰ
1398 1534 1495 1600 κέρὸ

203 1603 270 1656 δος
283 1602 402 1662 ἴδιον,
427 1597 463 1670 ᾧ
488 1604 539 1650 τὰ
566 1603 700 1651 πιστὰ
740 1604 835 1659 δοὺς
859 1609 880 1652 ὁ
917 1606 1146 1661 Μινούκιος
1175 1607 1284 1672 ὑπὲρ
1308 1611 1385 1654 τοῦ
1407 1626 1493 1668 μη·

200 1674 284 1722 δενὶ
303 1675 479 1739 φράσειν
504 1669 620 1732 ὅστις
645 1669 712 1735 ἦν,
739 1671 915 1724 ἕίπασαν
956 1677 1065 1741 ἔγνω
1091 1677 1170 1736 τήν
1212 1697 1257 1725 τε
1292 1677 1482 1725 διάνοιαν

198 1745 274 1794 τοῗὶ
294 1742 494 1795 Μαλλίου
518 1747 591 1795 καὶ
610 1746 686 1806 τὴν
706 1750 1002 1815 παρασκευήν.
1073 1750 1154 1805 Ὡς
1178 1749 1221 1798 δὲ
1241 1751 1314 1798 καὶ
1330 1750 1495 1813 τεκμή-

201 1834 288 1886 ριον
328 1814 480 1868 ἔλαὸεν
518 1822 839 1888 ἀναμφίλεκτον
876 1824 949 1888 (20)
966 1861 979 1886 ,
1023 1824 1097 1871 καὶ
1144 1823 1220 1881 τὴν
1258 1823 1410 1888 πρᾶξιν
1450 1825 1494 1870 ἐν

198 1891 345 1956 χερσὶν
366 1884 495 1939 οὖσαν
529 1891 636 1957 ἔγνω
652 1930 663 1952 ,
690 1895 809 1956 λέγει
827 1894 931 1959 πρὸς
954 1894 1050 1949 τοὺς
1075 1895 1277 1949 ὑπάτους.
1308 1895 1494 1944 Ἐκεῖνοι
1519 1918 1524 1924 ·

199 1963 243 2011 δὲ
268 1966 343 2012 οὐκ
369 1963 580 2020 ἀξιοῦντες
602 1967 666 2031 ἐφ’
691 1969 856 2021 ἑαυτοῖς
884 1971 1063 2025 ποιῆσαι
1095 1968 1235 2028 μόνοις
1269 1967 1491 2032 ἐπιχειρή-

203 2055 309 2091 σεως
325 2037 587 2096 τηλικαύτης
608 2038 813 2099 ἐξέτασιν,
832 2041 889 2093 εἰς
904 2040 981 2098 τὴν
1006 2039 1162 2105 βουλὴν
1182 2039 1316 2105 ᾤοντο
1337 2035 1422 2087 δεῖν
1446 2040 1494 2087 τὸ

194 2116 376 2173 πρᾶγμα
415 2108 621 2175 εἰσφέρειν
653 2113 745 2175 (21).
820 2112 910 2160 Καὶ
935 2112 1191 2159 συνεκάλουν
1209 2111 1257 2159 τὸ
1279 2111 1492 2176 συνέδριον

194 2180 312 2236 εὐθὺς
331 2218 343 2243 ,
370 2184 426 2235 ὡς
442 2181 539 2248 περὶ
556 2182 746 2244 πολέμου
773 2182 824 2241 δή
846 2203 955 2238 τινος
977 2183 1200 2249 ὑπερορίου
1226 2183 1486 2248 βουλευόμε-

195 2271 274 2302 νοι.
351 2253 656 2318 Πληρωθέντος
675 2253 719 2301 δὲ
734 2261 807 2302 τοῦ
828 2256 1044 2321 συνεδρίου
1070 2255 1310 2320 διαταχέων
1333 2257 1490 2320 παρελ·

195 2323 280 2371 θὼν
307 2325 453 2389 ἅτερος
480 2328 619 2373 αὐτῶν
649 2326 784 2382 ἔλεξεν
806 2327 870 2375 ὅτι
904 2328 1055 2394 πρᾶξις
1079 2331 1220 2379 αὐτοῖς
1246 2328 1492 2391 μεμήνυται

193 2397 538 2461 συσκευαζομένη
578 2398 692 2446 κατὰ
725 2403 802 2457 τ’ἥς
842 2400 1007 2454 πόλεως
1023 2437 1035 2460 ,
1076 2402 1235 2458 πολλῆς
1272 2400 1386 2448 πάνυ
1417 2401 1492 2448 καὶ

194 2469 371 2532 ταχείας
401 2471 596 2534 φυλακῆς
618 2470 796 2533 δεομένη
822 2471 891 2518 διὰ
914 2471 962 2519 τὸ
981 2477 1056 2519 τοῦ
1081 2473 1273 2520 κινδύνου
1296 2473 1486 2536 μέγεθος.

193 2541 368 2600 Ταύτης
399 2543 457 2600 δ’,
490 2542 568 2606 ἔφη
588 2581 601 2602 ,
631 2543 823 2606 μηνυτὴν
856 2546 902 2592 οὖ
941 2548 1026 2592 τῶν
1057 2546 1345 2610 ἐπιτυχόντων
1381 2538 1491 2594 εἶναί

192 2632 286 2659 τινα
307 2615 491 2661 πολιτῶν
506 2652 518 2673 ,
543 2617 636 2662 ἀλλ’
653 2615 698 2663 ὃν
717 2615 838 2663 αὐτοὶ
857 2617 908 2663 δι’
921 2616 1074 2681 ἀρετὴν
1096 2617 1167 2664 ἐπὶ
1183 2623 1258 2676 τῆς
1282 2618 1486 2680 μεγίστης

191 2703 237 2731 τε
266 2684 338 2731 καὶ
358 2686 689 2748 ἀναγκειοτάτης
709 2690 769 2752 τῷ
786 2690 913 2753 κοινῷ
937 2688 1085 2753 χρείας
1110 2689 1260 2743 ἔταξαν
1275 2725 1286 2746 ,
1311 2689 1487 2750 δοκιμά-

191 2776 340 2811 σαντες
361 2759 489 2805 αὖτοῦ
510 2759 587 2816 τήν
606 2779 653 2807 τε
666 2759 808 2808 πίστιν
827 2760 901 2807 καὶ
925 2761 1001 2819 τὴν
1016 2761 1120 2826 πρὸς
1135 2762 1189 2808 τὰ
1213 2760 1332 2808 κοινὰ
1358 2762 1484 2813 φιλο-

195 2828 340 2891 τιμίαν
376 2831 425 2877 ἐκ
447 2834 546 2897 τῶν
563 2830 684 2896 παρὰ
719 2832 862 2879 πάντα
883 2832 955 2879 τὸν
979 2833 1068 2898 βίον
1094 2833 1479 2894 ἐπιτηδευομένων.

194 2901 426 2967 Μετεώρου
455 2904 528 2967 (22)
555 2903 598 2951 δὲ
619 2908 694 2962 τῆς
716 2906 871 2969 βουλῆς
888 2906 957 2952 ἐπὶ
972 2910 1024 2971 τῇ
1046 2905 1282 2971 προσδοκίᾳ
1306 2904 1483 2966 γενομέ·

189 2993 282 3033 νης,
320 2975 463 3023 ἐκάλει
476 2976 546 3024 τὸν
572 2976 825 3026 Μινούκιον.
857 2979 1061 3032 Κάκεῖνος
1080 2976 1233 3032 ἔλεξεν
1311 2976 1482 3035 Ζήτει

190 3047 240 3093 ἐν
268 3049 336 3112 τῷ
361 3047 501 3113 Περὶ
523 3049 888 3113 δημηγοριῶν
916 3051 1006 3111 (23).

254 3115 330 3173 Ὡς
344 3119 386 3167 δὲ
409 3120 597 3183 ἐμηνύθη
618 3125 670 3186 τῇ
698 3123 846 3187 βουλῇ,
871 3122 1101 3187 δικτάτορα
1121 3121 1482 3188 προχειρίζονται·

2685 312 2877 352 xxxin..

1575 403 1795 444 securitatis
1815 407 1945 445 Maelio
1966 409 2006 446 et
2025 407 2176 446 roboris
2192 410 2431 449 conciliavit.
2485 411 2617 454 Quum
2647 412 2700 449 ita
2717 422 2777 451 res
2796 411 2862 450 lia·

1575 489 1714 528 herent
1729 518 1739 538 ‚
1757 491 1967 539 praefectus
1985 502 2152 530 annonae
2174 492 2186 540 (
2209 495 2249 532 L.
2272 493 2491 542 Minucius)
2510 505 2612 542 aegre
2628 495 2787 543 quidem
2810 496 2866 533 to·-

1577 577 1666 606 rens
1690 569 1903 607 verborum
1931 569 2212 616 contumelias,
2237 569 2382 618 quibus
2410 569 2618 609 insolenter
2646 572 2798 610 Maelius
2826 573 2866 610 in

1575 649 1831 688 concionibus
1850 650 1976 699 ipsum
2001 649 2181 689 insectari
2204 652 2487 698 consueverat,
2515 651 2630 689 simul
2657 664 2750 691 vero
2779 665 2865 692 me·

1575 730 1690 768 tuens
1711 728 1838 767 virum
1855 740 1975 778 quam
2006 729 2200 779 maxime,
2230 740 2279 769 ne
2305 729 2476 777 scilicet,
2502 729 2569 768 ubi
2594 732 2865 779 magistratum

1573 806 1745 856 aliquem
1770 810 1909 847 nactus
1929 807 2070 853 suerit,
2099 818 2216 858 supra
2253 807 2461 856 optimates
2498 820 2538 847 se
2572 810 2764 848 extollens
2797 810 2865 848 im·

1574 882 1726 931 perium
1747 894 1885 922 eorum
1903 886 2112 933 everteret,
2133 886 2202 923 aut
2221 884 2476 924 multitudine
2494 888 2630 924 contra
2650 887 2863 926 Minucium

1572 960 1744 998 excitata
1765 971 1833 1009 per
1862 959 2040 999 factionis
2059 971 2142 998 suae
2163 961 2495 1000 machinationem
2520 962 2558 1000 in
2584 962 2695 1000 illmn
2715 964 2863 1013 aliquid

1572 1037 1792 1087 moliretur;
1815 1039 1854 1076 et
1875 1038 2016 1076 borum
2044 1038 2097 1077 ol)
2121 1041 2338 1088 utrumque
2354 1032 2576 1088 indignatus
2599 1050 2646 1078 ac
2666 1051 2867 1079 removere

1562 1116 1733 1155 studens
1748 1116 1877 1155 virum
1893 1116 2031 1166 majori
2047 1128 2170 1166 quam
2187 1127 2258 1166 pro
2275 1118 2427 1166 privato
2444 1118 2653 1167 pollentem
2673 1120 2865 1168 potentia,

1571 1194 1693 1233 verba
1712 1194 1797 1244 ejus
1815 1194 1997 1244 factaque
2021 1195 2227 1244 diligenter
2250 1194 2459 1234 observare
2491 1197 2531 1234 et
2563 1197 2769 1245 explorare
2791 1210 2867 1236 ca·-

1571 1272 1642 1321 pit.
1668 1276 1724 1311 Ac
1743 1283 1867 1321 quum
1890 1272 2098 1321 permultis
2118 1272 2270 1310 Maelius
2287 1274 2465 1310 uteretur
2488 1273 2743 1312 consiliorum
2761 1276 2876 1326 elan-b

1572 1350 1816 1391 destinorum
1837 1351 1974 1399 sociis,
1995 1351 2141 1402 quibus
2168 1363 2247 1390 non
2266 1352 2404 1391 eadem
2431 1353 2615 1392 omnibus
2634 1357 2732 1393 esset
2756 1366 2867 1394 mens

1570 1425 1610 1463 et
1628 1423 1794 1471 indoles,
1826 1423 1986 1472 accidit,
2006 1423 2113 1473 quod
2137 1426 2225 1463 erat
2248 1425 2581 1472 consentaneum,
2606 1427 2651 1463 ut
2676 1426 2866 1465 existeret

1568 1499 1671 1539 inter
1691 1510 1760 1539 eos
1785 1500 1939 1539 amicus
1966 1510 2105 1550 parum
2137 1499 2239 1538 lidus
2271 1499 2354 1539 sive
2381 1501 2489 1538 metu
2522 1501 2605 1540 sive
2633 1502 2775 1551 privati
2799 1513 2866 1552 spe

1568 1577 1691 1618 lucri.
1737 1578 1841 1617 Huic
1851 1577 1970 1627 igitur
1982 1577 2074 1616 data
2090 1575 2166 1615 tide
2181 1576 2284 1616 baud
2298 1588 2340 1616 se
2355 1588 2499 1617 nomen
2515 1577 2600 1627 ejus
2614 1578 2864 1628 proditurum

1512 1677 1518 1683 ·
1569 1657 1779 1708 spondens,
1797 1668 1887 1707 quae
1911 1657 2044 1695 animo
2065 1655 2220 1696 Maelius
2238 1656 2417 1695 volveret
2436 1658 2477 1696 et
2494 1656 2576 1705 jam
2601 1662 2861 1708 praepararet,

1570 1737 1713 1776 cuncta
1731 1734 1900 1775 rescivit.
1955 1735 2147 1775 Nuntiata
2166 1746 2291 1786 quum
2310 1735 2559 1774 documentis
2577 1735 2862 1777 dubitationem

1568 1815 1921 1872 praescindentihus
1942 1816 2234 1868 confirmasset,
2258 1829 2305 1858 ac
2324 1818 2464 1868 jamin
2480 1818 2664 1858 manibus
2679 1830 2762 1858 rem
2781 1831 2864 1860 esse

1568 1905 1836 1956 cognovisset,
1854 1904 1974 1944 refert
1988 1915 2077 1944 eam
2095 1903 2145 1943 ad
2162 1905 2356 1944 consules.
2413 1904 2462 1944 Hi
2485 1915 2578 1943 vero
2594 1904 2862 1944 existimantes

1568 1998 1647 2026 non
1669 1997 1755 2027 esse
1777 1998 1896 2038 penes
1914 1998 1955 2026 se
1971 2017 1981 2036 ,
1999 1988 2044 2026 ut
2065 1987 2136 2036 ipsi
2157 1986 2230 2026 soli
2253 1986 2293 2025 in
2316 1967 2429 2026 tanta
2448 1987 2654 2026 molimina
2682 1989 2860 2038 inquere·

1568 2073 1670 2120 rent,
1689 2070 1739 2110 ad
1754 2072 1935 2111 senatum
1952 2081 2035 2110 rem
2052 2069 2303 2109 deserendam
2319 2080 2402 2109 esse
2418 2072 2669 2109 censuerunt.
2725 2073 2862 2121 ltaque

1568 2152 1778 2192 confestim
1801 2152 1952 2191 curiam
1972 2153 2215 2200 convocant,
2240 2151 2351 2200 quasi
2370 2150 2420 2190 de
2441 2151 2545 2190 bello
2568 2151 2702 2202 aliquo
2726 2154 2864 2191 extero

1566 2229 1831 2269 deliberaturi.
1885 2229 2059 2275 Simulac
2076 2229 2215 2278 plenus
2233 2230 2318 2268 erat
2348 2231 2527 2276 senatus,
2551 2229 2734 2279 prodiens
2761 2230 2860 2270 alter

1568 2311 1776 2350 consulum
1793 2309 1965 2349 delatam
1978 2309 2050 2348 sibi
2063 2308 2159 2347 dicit
2172 2319 2254 2347 rem
2268 2310 2405 2347 contra
2417 2308 2618 2348 civitatem
2636 2313 2860 2359 susceptam

1566 2393 1745 2441 tantique
1771 2389 1961 2440 periculi,
1996 2391 2042 2428 ut
2075 2399 2233 2428 summa
2266 2388 2464 2437 diligentia
2499 2389 2780 2439 celeritateque
2811 2392 2862 2430 sit

1566 2473 1885 2524 praecavendum.
1940 2472 2166 2511 Delatorem
2194 2482 2288 2510 vero
2315 2482 2393 2509 non
2414 2481 2464 2509 ex
2488 2471 2615 2510 obviis
2641 2472 2861 2525 quibusque

1565 2555 1717 2595 civibus
1735 2565 1842 2600 esse,
1868 2553 1935 2593 sed
1959 2565 2076 2604 quem
2105 2552 2176 2603 ipsi
2194 2554 2353 2603 propter
2369 2553 2567 2595 ,virtutem
2596 2554 2749 2592 muneri
2772 2564 2861 2603 gra·

1564 2635 1726 2675 vissimo
1748 2623 2046 2684 commodisque
2065 2634 2292 2684 reipublicae
2306 2645 2432 2684 quam
2454 2633 2627 2673 maxime
2642 2635 2862 2673 necessario

1567 2717 1854 2768 praefecissent,
1882 2716 1995 2765 cujus
2014 2715 2132 2755 fidem
2157 2718 2197 2755 et
2219 2726 2310 2765 erga
2327 2715 2527 2756 civitatem
2547 2715 2862 2755 benevolentiam

1563 2812 1613 2841 ex
1633 2801 1826 2840 anteactae
1848 2799 1943 2839 vitoe
1962 2786 2102 2838 studiis
2121 2798 2312 2837 baberent
2338 2797 2651 2847 comprobatam.
2709 2797 2862 2842 Quibus

1564 2884 1680 2924 (lictis
1695 2915 1706 2934 ‚
1723 2884 1765 2924 in
1785 2884 1967 2924 senatum
1986 2882 2278 2933 exspectatione
2294 2892 2530 2930 suspensum
2548 2881 2706 2923 invocat
2728 2881 2858 2920 Minu-

1564 2969 1694 3016 cium,
1716 2968 1785 3017 qui
1805 2967 1911 3005 hunc
1927 2965 1967 3004 in
1984 2964 2148 3003 modum
2166 2963 2325 3002 locutus
2342 2964 2412 3002 est.
2443 2961 2540 3002 Vide
2560 2965 2603 3001 in
2632 2965 2855 3012 Excerptis

1563 3052 1624 3089 De
1639 3047 1919 3089 concionibus.

1610 3122 1799 3171 Exposita
1835 3120 2057 3168 delatione,
2092 3121 2252 3158 senatus
2287 3117 2522 3156 dictatorem
2570 3117 2742 3164 creavit,
2781 3110 2851 3166 qui

2739 3232 2839 3241 'Qa-

1904 3236 1990 3245 ιη...-
1994 3236 2156 3245 ,nn-a.-

200 3294 204 3297 ’
268 3283 302 3319 7,
325 3282 439 3327 ποιή
450 3295 506 3327 ση
521 3281 612 3332 ται]
633 3283 800 3322 verbum
819 3283 1027 3330 ποιήσηται
1044 3284 1182 3333 procul
1202 3283 1325 3322 dubio
1340 3295 1391 3322 ex
1408 3285 1558 3322 antece.
1576 3283 1679 3320 male
1692 3281 1900 3331 repetitum
1916 3294 1926 3329 ;
1944 3292 2023 3331 quo
2034 3280 2257 3328 commisso,
2275 3279 2417 3329 aliquis
2432 3278 2599 3317 verbum
2615 3277 2767 3316 finitum
2785 3290 2858 3325 μη-

189 3336 401 3385 χανήσηται
413 3338 580 3376 mutavit
591 3339 630 3377 in
646 3339 979 3389 μηχανησάμενος.
995 3365 1042 3372 -
1066 3345 1125 3380 18.
1141 3341 1198 3387 ἀγ
1211 3355 1235 3379 α
1247 3355 1266 3379 ν
1279 3354 1305 3379 α
1317 3354 1371 3379 κτ
1383 3345 1443 3379 ῶν
1457 3353 1479 3377 τ
1491 3353 1508 3378 ε
1522 3337 1537 3389 J
1550 3340 1837 3389 ἀγανακτῶντες
1851 3340 1988 3379 codex.
2005 3362 2056 3368 —-
2077 3344 2133 3379 19.
2149 3341 2255 3389 αὐτῷ
2273 3339 2333 3378 vel
2350 3352 2375 3376 α
2385 3338 2465 3377 ὐτο
2475 3339 2514 3389 ὓ]
2533 3338 2646 3376 αὐτὸν
2656 3336 2794 3375 codex.
2807 3356 2857 3364 ·-

191 3397 257 3432 20.
279 3394 482 3446 ἀναμφ.]
500 3395 610 3445 ἀναφ.
633 3396 722 3436 cod.
740 3421 791 3430 -
813 3402 875 3437 21.
893 3397 1150 3448 εἰσφέρειν]
1169 3399 1308 3449 ἐφερεῖν
1325 3398 1414 3438 cod.
1431 3421 1481 3430 -
1498 3403 1545 3437 22
1581 3397 1836 3450 μετεώρου]
1857 3399 2045 3450 μετέωρον
2060 3398 2146 3437 cod.
2165 3419 2217 3428 —
2234 3403 2296 3437 23.
2316 3399 2580 3445 interruptam
2592 3394 2856 3434 narrationem

189 3460 211 3490 e
226 3450 334 3490 Livio
352 3453 420 3500 lv,
449 3458 493 3492 13
510 3455 690 3503 supplere
705 3454 999 3504 quodammodo
1011 3456 1104 3495 licet
1124 3472 1132 3494 ι
1153 3458 1234 3494 Hic
1254 3458 1469 3496 Minucius
1493 3457 1672 3495 eandem
1688 3457 1854 3506 publice
1867 3459 2131 3495 curationem
2145 3465 2289 3503 aqens,
2310 3464 2440 3505 quam
2462 3454 2633 3492 Moetius
2648 3453 2856 3501 privatim

187 3507 398 3558 aoendam
411 3514 671 3561 susceperat,
688 3522 821 3563 quum
837 3514 882 3550 in
900 3515 1088 3563 utraque
1104 3512 1224 3552 domo
1240 3513 1350 3552 idem
1365 3524 1495 3562 oenus
1510 3513 1728 3554 hominum
1744 3516 2003 3559 versaretur,
2024 3523 2112 3554 rem
2131 3515 2391 3562 compertam
2407 3511 2467 3551 ad
2481 3513 2678 3550 senatum
2694 3509 2829 3557 refert
2841 3520 2854 3544 .-

191 3565 276 3604 teta
301 3567 347 3605 in
368 3566 539 3607 domum
555 3570 691 3609 Mcetii
711 3570 899 3616 conferri
914 3581 1095 3622 eumque
1111 3573 1328 3609 conciones
1348 3569 1465 3609 ‘domi
1484 3571 1638 3611 habere
1655 3583 1667 3610 .·
1688 3582 1739 3610 ac
1759 3581 1839 3611 non
1860 3571 1994 3610 dubia
2011 3571 2133 3620 reqni
2155 3570 2336 3610 consilia
2355 3579 2455 3609 esse.
2482 3571 2655 3617 Tempus
2679 3564 2855 3615 aqendoe

189 3623 251 3660 rei
270 3623 454 3662 nondum
470 3627 590 3665 stare
599 3638 614 3671 ;
628 3629 768 3666 cetera
777 3628 875 3677 jam
887 3631 1128 3668 convenisse
1138 3643 1154 3677 ;
1171 3631 1212 3667 et
1228 3629 1418 3667 tribunos
1432 3628 1620 3668 mercede
1631 3630 1790 3678 emptos
1809 3627 1870 3666 ad
1881 3627 2148 3677 prodendam
2165 3627 2419 3674 libertatem,
2439 3628 2480 3666 et
2495 3627 2665 3676 partita
2675 3622 2853 3662 ducibus

188 3678 485 3722 multitudinis
502 3685 744 3723 ministeria
759 3695 860 3724 esse.
880 3689 1027 3726 Serius
1044 3697 1086 3724 se
1101 3697 1225 3736 poene
1242 3697 1374 3736 quam
1397 3688 1705 3737 tutum-suerit,
1717 3695 1767 3724 ne
1783 3685 1904 3734 cujus
1921 3688 2073 3724 incerti
2089 3688 2278 3736 vanique
2294 3687 2447 3724 auctor
2462 3685 2582 3730 esset,
2600 3693 2651 3721 ea
2668 3680 2850 3729 deferre.

193 3737 294 3780 Quae
314 3739 541 3789 postquam
562 3742 666 3779 sunt
689 3741 844 3781 audita
860 3773 872 3791 ,
890 3745 932 3782 et
952 3742 1141 3794 undique
1159 3746 1366 3793 primores
1384 3747 1562 3794 patrum
1577 3745 1618 3782 et
1639 3744 1800 3791 prioris
1821 3744 1928 3780 anni
1950 3743 2143 3782 consules
2165 3743 2465 3790 increparent,
2489 3738 2604 3790 quod
2623 3747 2694 3776 eas
2717 3737 2851 3784 tarqi-

193 3794 324 3833 tiones
343 3798 558 3847 coetusque
575 3798 716 3848 plebis
739 3802 784 3838 in
800 3802 980 3850 privata
999 3800 1119 3839 domo
1129 3804 1251 3852 passi
1268 3805 1406 3841 essent
1417 3802 1518 3853 fieri
1531 3829 1543 3849 ,
1561 3803 1602 3839 et
1623 3810 1747 3839 novos
1760 3799 1948 3838 consules
1962 3828 1972 3846 ,
1992 3799 2106 3849 quod
2121 3801 2452 3848 exspectassent.
2468 3797 2597 3837 donec
2610 3807 2635 3835 a
2650 3793 2851 3844 prceseClO

152 3899 158 3903 ι
192 3859 374 3892 annonae
393 3854 518 3893 tanta
539 3865 606 3894 res
627 3855 688 3895 ad
702 3861 903 3898 senatum
927 3858 1188 3908 deferret-ur,
1216 3870 1314 3907 quoe
1334 3860 1551 3900 consulem
1571 3866 1653 3897 non
1674 3858 1890 3895 auctorem
1906 3857 2043 3896 solum
2061 3855 2352 3900 desideraret,
2372 3854 2448 3894 sed
2462 3856 2593 3893 etiam
2611 3851 2819 3891 vindicem
2838 3862 2847 3887 2

195 3910 284 3948 tum
305 3912 350 3950 T.
370 3914 618 3962 Quinctius,
640 3917 832 3978 consules
857 3919 1070 3957 immerito
1100 3921 1320 3968 increpari
1348 3922 1437 3962 ait,
1459 3919 1534 3967 qui
1550 3915 1774 3954 constricti
1799 3913 1958 3962 lembus
1976 3912 2026 3951 de
2037 3915 2339 3962 provocatione
2363 3911 2423 3950 ad
2441 3907 2752 3948 dissolvendum
2776 3910 2848 3946 im·

189 3969 355 4016 perium
375 3970 492 4019 latis,
511 3980 787 4023 nequaquam
809 3976 983 4013 tantum
998 3977 1158 4014 virium
1177 3977 1220 4014 in
1231 3976 1494 4024 maqistratu
1504 3971 1564 4012 ad
1576 3981 1670 4011 eam
1684 3981 1773 4009 rem
1785 3981 1863 4019 pro
1874 3972 2103 4009 atrocitate
2123 3968 2447 4014 vindicandam,
2466 3968 2678 4016 quantum
2694 3967 2844 4007 animi,

193 4022 411 4066 haberent.
449 4031 563 4078 Opus
583 4041 671 4069 esse
695 4031 905 4080 nonforti
935 4034 1076 4072 solum
1104 4035 1215 4082 viro,
1247 4033 1320 4072 sed
1339 4035 1473 4072 etiam
1495 4030 1626 4070 libero
1646 4028 1923 4078 exsolutoque
1956 4028 2095 4076 lenum
2117 4027 2317 4066 vinculis.
2343 4027 2492 4073 Itaque
2525 4033 2567 4060 se
2592 4022 2845 4060 dictatorem

195 4082 240 4120 L.
265 4084 506 4128 Quinctium
523 4086 742 4127 dicturum
757 4099 770 4124 .·
783 4089 843 4128 ibi
852 4092 1046 4129 animum
1055 4100 1207 4139 parem
1218 4093 1355 4130 tantce
1366 4091 1570 4141 potestati
1583 4097 1682 4126 esse.
1695 4085 2037 4135 Approbantibus
2047 4086 2226 4129 cunctis,
2238 4085 2379 4133 primo
2394 4082 2615 4127 Quinctius
2633 4078 2841 4120 abnuere,

194 4140 256 4186 ct,
273 4140 380 4189 quid
397 4142 476 4181 sibi
493 4144 652 4184 veilent
664 4174 675 4192 ,
697 4148 907 4194 rooitare,
925 4149 1055 4198 quise
1070 4150 1198 4187 aetate
1214 4151 1367 4187 exacta
1385 4151 1523 4188 tantoe
1538 4145 1804 4186 dimicationi
1823 4143 2066 4191 objicerent.
2088 4144 2193 4181 Dein
2206 4167 2217 4185 ,
2240 4150 2372 4191 quum
2389 4138 2579 4187 undique
2594 4137 2692 4185 ptus
2713 4138 2757 4174 in
2774 4135 2847 4174 ilto

170 4197 320 4236 ⁴‘senili
338 4201 482 4239 animo
503 4212 583 4241 non
601 4202 770 4241 consilii
791 4203 932 4251 modo,
956 4203 1032 4243 sed
1055 4207 1187 4244 etiam
1205 4208 1378 4245 virtutis
1398 4216 1482 4245 esse
1499 4213 1631 4255 quani
1649 4204 1692 4240 in
1711 4199 1903 4239 omnibus
1917 4199 2016 4237 aliis
2037 4198 2240 4241 dicerent,
2263 4196 2547 4245 laudibusque
2561 4193 2682 4232 liaucl
2700 4195 2846 4231 inune·

197 4253 310 4291 ritis·
325 4260 572 4306 onerarent,
595 4260 636 4297 et
654 4259 803 4298 consul
825 4259 938 4298 nihil
971 4262 1209 4301 remitteret
1233 4276 1240 4299 :
1259 4264 1464 4311 precatus
1495 4259 1667 4300 tandem
1686 4258 1780 4297 cleos
1803 4256 2063 4295 immortates
2091 4256 2396 4301 Cincinnatus,
2420 4263 2469 4291 ne
2493 4253 2681 4289 senectus
2698 4260 2776 4289 sua
2799 4254 2844 4288 in

349 4335 579 4364 rnxciiexu
606 4337 754 4366 msron.
784 4339 848 4366 cn.
874 4350 915 4356 —
934 4338 1020 4367 vot..
1048 4339 1088 4367 ιι.
2224 4329 2235 4337 '
2654 4333 2674 4357 ι’
