3016 4628
262 262 353 301 474

258 363 529 407 Athenaeum
567 354 764 405 obscure
799 358 1098 421 significatur,
1121 375 1321 420 puerum
1344 361 1475 404 illum
1502 376 1557 405 ex

182 446 185 448 ’
258 436 406 489 13550,
452 432 582 491 cujus
615 433 754 477 situm
777 431 997 477 describit
1024 432 1190 491 Polyb.
1226 433 1352 486 XVI,
1386 448 1467 487 12,
1507 448 1556 488 1,

257 506 543 566 Babylonem
568 503 702 550 fuisse
725 505 784 550 ab
801 504 1068 550 Alexandro
1095 506 1359 548 arcessitum
1383 505 1553 564 praefe-

256 588 476 638 ctumque
493 578 560 622 ibi
583 579 787 638 Neptuni
807 578 1067 623 sacerdotio
1094 597 1112 616 υ
1137 579 1415 621 Horreum.

870 699 943 743 18.

324 810 558 857 Plutarch.
582 810 715 855 Alex.
749 825 789 853 c.
833 808 942 861 46:
968 805 1180 852 Ἐνταῦθα
1216 800 1260 846 δὲ
1285 798 1389 864 πρὸς
1428 797 1554 845 αὐτὸν

261 879 586 946 ἀφικέσθαιτὴν
607 878 819 941 Ἀμαζόνα
838 881 875 925 οι
901 875 1052 924 πολλοὶ
1082 873 1338 936 λέγουσιν..
1366 869 1555 934 Αριστό-

259 953 408 1006 60u)0·;
428 951 512 1002 δὲ..
522 951 635 1001 ,καὶ
655 956 806 1014 Δοῦρις
837 953 858 997 ὃ
885 948 1051 1018 Σάμιος
1077 945 1261 1005 πλάσμα
1297 942 1401 1006 φησὶ
1426 961 1555 1005 γεγο-

253 1045 369 1073 νεναι
387 1044 530 1074 τουτο
551 1027 620 1072 Cf.
645 1027 826 1071 Arrian.
844 1026 943 1079 VII,
968 1022 1039 1078 13,
1057 1022 1103 1079 6,
1128 1020 1288 1077 ibique
1311 1019 1552 1076 interpre—

254 1111 344 1157 tes;
368 1100 611 1146 Onesicriti
628 1099 684 1143 fr.
715 1105 759 1144 5.

553 1238 626 1282 19·
650 1219 753 1284 (Ol.
780 1219 887 1276 113,
919 1233 958 1262 1.
981 1231 1020 1261 a.
1045 1215 1093 1260 C.
1115 1208 1254 1273 328.)

319 1354 475 1399 501101.
502 1351 659 1411 Apoll.
693 1349 871 1403 Rh.11‚
910 1350 1080 1405 1249:
1110 1344 1295 1398 Δεθηναι
1328 1351 1399 1386 τον
1427 1341 1549 1404 Προ-

257 1424 366 1486 μηθέ
371 1443 397 1469 α
433 1422 559 1487 φησὶν
594 1419 810 1476 Ἡσίοδος,
848 1415 921 1463 καὶ
951 1414 1022 1461 τὸν
1062 1412 1184 1461 ἀετὸν
1228 1414 1550 1477 ἐπιπεμφθῆναι

256 1499 373 1543 αὐτω
393 1495 463 1542 διὰ
486 1493 563 1551 τὴν
597 1512 669 1541 του
699 1489 829 1555 πυρὸς
867 1486 1047 1545 κλοπήν.
1075 1489 1229 1551 Δοῦρις
1251 1484 1295 1532 δέ
1317 1503 1448 1550 φησι,
1474 1482 1545 1531 διὰ

254 1569 302 1616 τὸ
319 1573 393 1626 της
413 1569 588 1626 Ἀθηνᾶς
616 1567 864 1631 ἐρασθῆναι·
884 1560 976 1607 όθεν
998 1579 1093 1613 τους
1115 1556 1275 1624 περὶτο
1296 1556 1545 1605 Καυκάσιον

253 1645 470 1694 οἰκοῦντας
489 1639 604 1702 μόνῳ
631 1636 700 1685 Διὶ
725 1655 798 1683 και
822 1635 976 1698 Ἀθηνᾷ
1002 1631 1063 1695 μὴ
1089 1632 1220 1693 θύειν,
1246 1630 1315 1677 διὰ
1336 1630 1385 1678 τὸ
1411 1630 1544 1678 κολά-

253 1733 358 1767 σεως
381 1712 537 1766 αἰτίους
576 1709 799 1776 Προμηθεῖ
827 1726 919 1770 γενε
903 1706 1047 1753 εσθαι·
1085 1704 1180 1752 καθ’
1211 1702 1523 1767 ὓπερὸολὴνδ
1501 1702 1544 1751 δὲ

254 1786 352 1833 σε’ὅε
357 1806 392 1832 ιν
411 1783 662 1849 Ἡρακλέα,
683 1786 757 1838 τ’ῆς
777 1785 849 1827 τοῦ
879 1781 1001 1825 ἀετου
1027 1776 1190 1833 τοξείας
1209 1775 1355 1841 χάριν.

318 1861 385 1907 Cf.
407 1861 592 1905 Amian.
611 1859 666 1914 V,
691 1856 894 1914 3ibique
917 1853 1144 1899 laudatos.

503 1996 559 2040 19
588 1996 629 2024 a.
663 1978 757 2038 (Ol.
794 1975 901 2036 113,
925 1991 969 2019 2.
998 1990 1040 2019 a.
1061 1975 1113 2020 C.
1146 1973 1287 2034 327.)

314 2104 484 2148 Plinius
500 2104 561 2147 H.
586 2102 643 2145 N.
669 2100 771 2154 VII,
797 2097 821 2142 3
846 2112 856 2143 :
885 2099 1036 2151 Daris,
1068 2096 1288 2140 Indorum
1321 2095 1541 2154 quosdam

245 2194 346 2222 cum
358 2175 483 2234 feris
497 2178 616 2218 coire
626 2208 638 2229 ,
666 2168 918 2231 mioetosque
935 2180 983 2214 et
995 2167 1232 2227 semiferos
1254 2168 1539 2228 essepartzis.

253 2254 307 2294 In
342 2249 577 2307 CalIngiS,
598 2247 800 2304 ejusdem
834 2244 993 2288 Indice
1030 2253 1185 2303 gente,
1229 2246 1543 2302 quinquennes

244 2326 481 2381 concipere
502 2317 710 2376 feminas
729 2353 739 2373 ,
767 2327 972 2362 octavum
996 2320 1112 2360 vitoe
1148 2331 1319 2359 annum
1340 2329 1430 2357 non
1461 2330 1543 2358 ex-

243 2398 415 2441 cedere.
436 2395 478 2438 E
481 2403 498 2438 t
511 2394 629 2438 alibi
647 2392 797 2436 cauda
818 2392 991 2435 vz'llosa
1011 2389 1218 2434 homines
1234 2392 1364 2433 nasci
1378 2392 1543 2448 perni-

241 2470 388 2511 citatis
399 2469 597 2519 eximiae,
617 2466 733 2509 alios
747 2464 934 2508 auribus
956 2473 1069 2507 totos
1082 2466 1282 2521 contegi.

309 2539 379 2585 Cf.
401 2538 703 2606 Megasthenis
721 2537 884 2598 fragm.
915 2536 975 2581 30
995 2551 1098 2596 sqq.
1124 2535 1284 2596 ibique
1304 2541 1539 2580 annotata.

853 2668 930 2700 20.

312 2769 556 2813 Athenaeus
575 2770 622 2828 Ι,
643 2784 692 2828 p.
721 2784 737 2812 1
751 2785 796 2829 7,
820 2769 856 2814 F
882 2785 892 2812 :
920 2766 1187 2822 Καθέζονται
1209 2766 1246 2813 δ’
1273 2769 1315 2814 ἐν
1336 2768 1422 2821 τοῖς
1440 2785 1537 2814 συν·

246 2837 427 2891 δείπνοις
471 2840 509 2884 οἱ
548 2838 704 2903 ἥρωες,
730 2841 776 2885 οὗ
802 2838 1155 2887 κατακέκλινται.
1197 2840 1339 2892 Τοῦτο
1380 2838 1424 2885 δὲ
1460 2838 1538 2885 καὶ
1598 2884 1604 2890 ,

248 2910 351 2973 παρ’
383 2908 641 2994 ᾈλεξάνδρω
665 2914 727 2975 τῷ
754 2913 924 2976 βασιλεῖ
947 2910 1080 2958 ἐνίοτε
1101 2904 1171 2970 ἦν,
1210 2910 1268 2965 ὥς
1291 2930 1397 2977 φησι
1419 2913 1535 2958 Δοῦ-

248 2998 327 3043 ρις.
398 2979 581 3029 Ἑστιῶν
614 2987 712 3043 γοῦν
737 3002 840 3030 ποτε
880 2983 1093 3046 ἡγεμόνας
1131 2985 1189 3038 εἷς
1228 2983 1539 3048 ἑξακισχιλίους

247 3055 440 3099 ἐκάθισεν
480 3052 547 3100 ἐπὶ
575 3054 728 3121 δίφρων
755 3058 949 3120 ἀργυρῶν
989 3055 1063 3103 καὶ
1088 3056 1347 3155 κλιντήρων,
1380 3057 1539 3121 ἁλουρ-

247 3127 334 3187 γοῖς
354 3137 452 3190 περι
455 3123 648 3189 στρώσας
663 3128 862 3188 ιματίοις.

314 3198 461 3244 Codd.
492 3200 552 3246 U.
580 3202 619 3244 L
639 3200 953 3264 (Dindorfii)·
944 3237 953 3246 .
974 3204 1126 3266 Δουρις
1144 3200 1444 3267 τετρακοσίους
1467 3204 1539 3246 οὖν

860 3344 926 3384 18.

302 3424 400 3468 Quae
416 3421 465 3461 de
482 3425 679 3462 Amazone
696 3424 962 3464 Alexandrum
979 3430 1237 3468 conveniente
1262 3427 1369 3478 apud
1394 3428 1541 3467 multos

252 3489 477 3536 narrantur,
501 3487 730 3537 figmentum
758 3501 841 3529 esse
856 3492 1034 3531 statuunt
1050 3494 1344 3534 Aristobulus...
1364 3494 1404 3532 et
1421 3493 1540 3532 Duris

252 3552 422 3591 samius.

836 3650 845 3666 ι,
866 3628 933 3667 19.

306 3701 494 3739 Vinctum
514 3710 596 3739 esse
621 3701 896 3740 Prometheum
924 3703 1042 3752 atque
1065 3706 1237 3754 aquilam
1260 3707 1293 3744 ei
1327 3706 1541 3745 immissam

256 3763 455 3803 Hesiodus
489 3763 544 3802 ait
574 3765 733 3814 propter
768 3763 899 3812 ignem
934 3766 1038 3804 sui-to
1073 3767 1272 3817 ablatum,
1306 3770 1424 3809 Duris
1449 3780 1544 3808 vero

253 3828 349 3868 «licit
375 3828 580 3878 propterea
609 3826 717 3878 quod
733 3828 920 3866 Minervae
951 3839 1084 3869 amore
1110 3834 1250 3882 captus
1276 3834 1389 3873 esset.
1415 3834 1544 3883 Atque

255 3896 346 3933 hinc
366 3894 517 3933 sactum
545 3903 654 3942 esse,
687 3894 732 3931 ut
750 3892 914 3932 Caucasi
948 3895 1091 3933 montis
1117 3897 1262 3936 accoloe
1289 3898 1380 3937 Jovi
1401 3900 1441 3938 et
1473 3899 1542 3938 Mi-

256 3969 388 3997 nervae
404 3969 514 3998 sacra
533 3968 612 3997 non
632 3957 797 4006 saciant,
822 3958 959 4008 utpote
974 3958 1043 4008 qui
1066 3961 1297 4000 Prometheo
1330 3973 1457 4012 poenae
1480 3974 1545 4002 au·

256 4025 385 4061 atores
400 4021 570 4070 suerint;
591 4022 730 4061 contra
745 4031 996 4070 summopere
1013 4022 1062 4061 ab
1086 4022 1131 4061 iis
1150 4024 1223 4063 coli
1243 4026 1467 4074 Herculem,
1487 4027 1543 4066 ut-

258 4087 348 4136 pote
363 4085 432 4136 qui
451 4085 591 4135 sagitta
607 4084 781 4136 aquilam
799 4083 1020 4124 confixerit.

868 4153 939 4194 20.

310 4219 485 4259 Assident
517 4220 660 4260 mensis
690 4220 828 4260 heroes
860 4221 897 4258 in
929 4219 1139 4269 conviviis,
1177 4232 1254 4260 non
1285 4224 1539 4264 accumbunt.

1366 250 1628 301 DURIDIS
1667 250 1845 298 SAMll

1593 382 1601 397 ι
1634 357 1738 406 ποτὲ
1759 358 1974 420 ἡγεμόνας
2008 354 2157 405 ἔστιῶν
2183 357 2395 407 ἐκάθισεν.
2429 361 2644 408 Nostram
2663 343 2943 413 'lectionem
2977 366 2979 397 3

1612 2777 1714 2837 jud.
1738 2793 1777 2824 c.
1799 2782 1846 2833 4,
1870 2779 1966 2822 vol.
1989 2781 2055 2835 V,
2074 2794 2124 2837 p.
2155 2776 2246 2839 592
2267 2777 2467 2838 Reisk.).
2495 2796 2515 2818 »
2542 2778 2855 2823 Humum.
2899 2835 2901 2838 Α

1634 434 1812 492 praebet
1839 435 1901 488 C,
1928 447 2125 491 eamque
2156 433 2216 477 ab
2246 434 2488 479 Eustathio
2522 437 2680 482 nescio
2703 453 2799 496 quo
2833 440 2923 498 ej·

1634 508 1740 550 loco
1754 504 2023 550 confirmari
2045 506 2109 549 ait
2127 505 2528 552 Casaubonus.1n
2558 507 2688 554 libris
2706 510 2742 554 Β
2768 513 2811 556 D
2839 527 2923 558 nu
2970 542 2973 544 -

1634 592 1789 621 merus
1822 578 1958 635 plane
1993 577 2185 622 omissus
2217 587 2305 636 est,
2342 599 2362 618 «
2408 578 2541 637 cnjus
2567 588 2728 625 notam
2758 583 2907 654 quip(
2972 578 2975 579 ⁷

1634 650 1724 693 libi
1727 665 1778 693 31
1781 665 1849 692 1115
1869 648 2131 694 discerncre
2146 665 2246 694 non
2269 651 2520 696 valuerat>
2532 653 2636 698 W
2633 656 2848 714 esselmg

1633 723 1847 766 Ceterum
1886 722 2077 767 Duridis
2123 725 2328 768 narratio
2370 724 2616 770 referenda
2652 727 2921 774 Hulleman
2971 718 2975 769 ,Ϊ

1632 794 1817 839 videtur
1842 794 1902 839 ad
1922 796 2276 841 comessationes
2292 812 2406 856 quas
2431 799 2483 841 in
2501 798 2743 844 Carmania
2758 815 2847 860 per
2861 798 2866 803 ”
2919 817 2922 819 ·

1630 875 1758 926 ptem
1783 866 1880 911 dies
1897 868 2163 913 Alexander
2174 870 2417 915 instituisse
2437 869 2600 915 fertur.
2624 873 2679 918 V.
2697 873 2931 921 Plutarch.
2973 880 2979 918 ’τ

1631 940 1765 986 Alex.
1787 940 1871 997 623
1893 941 2077 986 curtius
2095 941 2190 998 lx,
2210 957 2293 998 ω,
2318 942 2379 987 26
2395 960 2408 1000 ;
2426 943 2628 989 Diodor.
2646 945 2807 1002 XVII,
2839 948 2929 995 106
2974 929 2979 955 '³

1631 1019 1677 1054 et
1699 1011 1887 1058 Arrian.
1913 1013 2001 1071 VI,
2030 1012 2090 1056 28
2104 1047 2117 1069 ,
2145 1015 2228 1072 qui
2249 1023 2400 1060 tacere
2425 1015 2484 1060 de
2502 1015 2575 1060 his
2598 1015 2799 1061 affirmat
2816 1018 2933 1077 Arissg
2975 1004 2979 1061 ἶ

1629 1083 1870 1128 stobulum
1906 1093 1952 1128 et
1988 1086 2290 1130 Ptolemaeum
2330 1096 2375 1132 et
2413 1088 2646 1147 optimum
2692 1082 2939 1150 quemqu]
2975 1088 2978 1121 ἶ

1629 1165 1883 1200 auctorem.
1907 1158 2000 1201 Pro
2024 1155 2156 1203 ἐνίοτε
2178 1161 2279 1204 Van
2297 1158 2418 1204 Gent
2444 1159 2558 1221 (Ep.
2582 1161 2684 1208 crit.
2701 1155 2717 1223 )
2733 1161 2909 1220 conjec‘
2938 1186 2941 1194 ·

1629 1226 1671 1270 ἐν
1705 1224 1814 1289 ἔθει,
1837 1238 2008 1288 praeter
2023 1231 2355 1278 necessitatem.
2922 1241 2925 1247 '

1877 1373 1953 1405 21.
1993 1359 2064 1421 (c.
2086 1359 2158 1404 Ol.
2186 1359 2303 1415 113,
2329 1364 2373 1413 Ι..
2394 1375 2436 1404 3.
2460 1361 2510 1406 C.
2538 1358 2681 1424 325.)

2002 1481 2042 1527 E
2075 1483 2261 1528 LIBRO
2303 1481 2558 1531 DECIMO.

1687 1610 1888 1657 Suidas:
1914 1600 1975 1678 Ἑ’ῼ
2007 1608 2055 1656 τὸ
2088 1608 2200 1675 ἱερὸν
2231 1629 2317 1674 πυρ
2338 1612 2416 1658 οὐκ
2441 1610 2579 1666 ἔξεστι
2606 1629 2817 1678 φυσησαι.
2841 1610 2927 1663 Τι’.-

1622 1700 1748 1745 μαιος
1771 1684 1813 1729 ἐν
1836 1681 1908 1740 λη’
1935 1682 2184 1759 Ἱστοριῶν,
2207 1685 2264 1737 ὡς
2287 1686 2325 1731 οἱ
2356 1683 2455 1749 περὶ
2486 1683 2786 1747 Δημοκλείδην
2811 1683 2924 1746 κατὰ

1619 1750 1908 1820 Δημοχάρους
1931 1760 2068 1815 εἶπον,
2092 1753 2157 1802 ὅτι
2181 1754 2299 1822 μόνῳ
2334 1758 2452 1823 αὐτῷ
2485 1755 2658 1804 πάντων
2689 1756 2923 1816 Ἀθηναίων

1619 1830 1697 1875 οὐκ
1724 1827 1861 1882 ἔξεστι
1884 1827 1932 1875 τὸ
1955 1828 2067 1893 ἱερὸν
2086 1833 2175 1894 πῦρ
2214 1833 2436 1895 φυσῆσαι,
2475 1833 2533 1885 ὡς
2559 1829 2621 1894 μὴ
2648 1829 2926 1896 καθαρεύοντι

1619 1901 1705 1954 τοῖς
1723 1899 1811 1946 ἄνω
1837 1898 2025 1992 μέρεσιν.
2048 1905 2223 1993 Δουμρις
2222 1902 2310 1948 δὲ’
2291 1922 2334 1950 εν
2359 1905 2412 1967 τῇ
2439 1902 2464 1949 ι’
2490 1900 2664 1952 Πυθέαν
2690 1901 2807 1950 κατὰ
2835 1906 2928 1967 Δηο

1618 1970 1850 2034 μοσθένους
1869 1973 1917 2020 τὸ
1940 1971 2086 2037 ομοιον
2111 1975 2262 2028 εἰπεῖν.
2303 1981 2305 1983 ’
2933 1987 2935 1990 ⁴

1685 2044 2007 2109 Δημοκλείδην]
2030 2068 2046 2088 α
2060 2046 2624 2108 Τιμοκλείδηνν31051115111
2639 2031 2934 2110 Harpocrat3‘

1619 2135 1669 2179 p.
1691 2119 1803 2176 245,
1823 2137 1899 2165 0111
1916 2123 2407 2182 repugnatRuhnken
2420 2123 2470 2167 in
2481 2123 2631 2170 Rutil.
2646 2125 2771 2182 Lup.
2790 2138 2841 2184 p.
2849 2121 2937 2193 8.11

1619 2193 1916 2251 Bernhardy.
1940 2220 2006 2227 -—
2039 2214 2060 2233 «ι
2080 2194 2267 2239 Referri
2295 2194 2394 2240 haec
2419 2196 2598 2255 possint
2625 2195 2687 2257 ad
2715 2205 2865 2241 mutu
2891 2183 2937 2251 ῥ’,

1619 2266 1746 2310 illam
1775 2263 1992 2327 λοιδορίαν
2014 2267 2201 2327 Pytheae
2220 2276 2266 2312 et
2283 2268 2644 2313 Demosthenis
2631 2284 2683 2313 m
2704 2269 2876 2316 Arca*
2838 2289 2849 2310 ο
2876 2252 2945 2331 ..ζ

1619 2348 1809 2384 mortuo
1853 2340 1982 2386 haud
2014 2341 2080 2386 ita
2112 2341 2300 2401 pridem
2331 2340 2601 2387 Alexandro
2645 2341 2792 2401 (Plut.
2829 2342 2893 2389 D
2892 2329 2947 2400 33

1619 2413 1787 2458 mosth.
1823 2428 1901 2470 27,
1933 2414 2042 2461 coll.
2081 2413 2286 2462 Diodor.
2319 2414 2471 2471 XVII,
2498 2413 2604 2476 10),
2635 2413 2717 2459 sed
2738 2430 2881 2475 Ρ130.ι
2870 2403 2947 2468 ι’ῗχ]

1619 2491 1791 2543 tamen,
1810 2486 1897 2532 nisi
1915 2485 2071 2549 fanr,
2095 2486 2174 2531 hic
2208 2487 2414 2548 cogitare
2431 2487 2557 2531 litem
2594 2466 2949 2554 Harpalicamf‘

1618 2568 1671 2603 ut
1690 2559 1976 2621 significetur
2007 2563 2035 2617 ἡ
2070 2557 2376 2621 Δημοσθένους
2408 2553 2676 2622 κατηγορία,
2700 2575 2792 2620 qua
2922 2605 2954 2629 ‹

1619 2632 1746 2676 theas
1765 2630 1972 2694 πονηρίαν
2003 2633 2065 2677 τῶ
2093 2630 2359 2694 Δημοσθένει
2393 2629 2467 2678 καὶ
2491 2629 2646 2676 κακίαν
2671 2627 2747 2687 τὴν
2773 2627 2838 2688 ἐξ
2849 2630 2904 2678 ἃ
2902 2646 2951 2694 44³,

1622 2700 1804 2768 θρώπων
1828 2710 1975 2750 πᾶσαν
2010 2705 2186 2751 ἐνοικεῖν
2229 2705 2350 2749 dixit
2382 2704 2596 2764 (Dionys.
2617 2704 2723 2748 Hal
2753 2705 2824 2749 De
2853 2703 2936 2750 Ῑ5.’

2195 2901 2287 2936 ,22

1681 2987 1914 3032 Plutarch
1933 2986 2078 3030 Phoc.
2099 3002 2138 3031 c.
2158 2991 2210 3038 [μ
2228 2981 2447 3031 Φωκίωνα
2462 2981 2544 3046 γὰρ
2562 2979 2659 3028 οὔτε
2673 2978 2942 3051 ysidoamig

1615 3075 1677 3110 τις
1694 3055 1791 3103 οὔτε
1809 3049 2059 3103 κλαύσαντα
2079 3055 2234 3121 ῥαδίως
2257 3053 2490 3112 Αθηναίων
2519 3044 2646 3116 εἶδεν,
2664 3053 2751 3099 οὐδ’
2773 3053 2816 3098 ἐν
2839 3051 2941 3118 βα-ὶ.

1614 3127 1820 3193 λανείῳ
1797 3125 2093 3190 οημοσιεύοντι
2119 3125 2447 3188 λουσάμενον,
2424 3144 2482 3178 ως
2512 3122 2714 3189 ἱστόρηκε
2735 3126 2939 3211 Δουρις,

1619 3199 1706 3246 ουδ’
1725 3199 1844 3253 ἕκτος
1863 3198 2019 3264 ἔχοντα
2046 3197 2125 3266 τὴν
2155 3201 2283 3262 χεῖρα
2310 3217 2386 3254 της
2423 3195 2677 3261 περιὸολης,
2700 3193 2771 3243 ὅτε
2793 3194 2939 3260 τύχω.ῚῚ

1618 3343 1751 3387 Quem
1766 3351 1921 3380 morem
1937 3339 2058 3380 etiam
2069 3348 2358 3390 nonnunquam
2370 3336 2478 3388 apud
2497 3313 2767 3376 Alexandrum
2785 3340 2914 3385 regem

1615 3406 1816 3444 servatum
1838 3416 1922 3445 esse
1943 3404 2061 3446 Duris
2075 3403 2226 3443 scribit.
2246 3406 2284 3443 15
2299 3403 2406 3442 enim
2431 3399 2645 3452 aliquando
2662 3398 2790 3441 sexies

1617 3469 1738 3508 duces
1749 3468 1918 3519 hospitio
1937 3467 2159 3518 excipiens,
2173 3468 2216 3506 in
2237 3467 2342 3507 sellis
2363 3464 2558 3516 argenteis
2573 3457 2914 3531 recubitor-iiam

1617 3533 1787 3582 locavit,
1812 3533 1920 3572 veste
1935 3541 2132 3583 purpurea
2151 3531 2297 3571 stratis.

2224 3612 2299 3653 21.

1673 3697 1748 3735 Cui
1766 3705 1865 3734 saci
1867 3705 1940 3735 um
1958 3697 2096 3744 iqnem
2112 3691 2297 3742 sufflare
2308 3701 2391 3732 non
2405 3691 2516 3730 licet.
2537 3689 2712 3730 Timoeus
2722 3684 2842 3729 libro

1617 3758 1763 3808 gesimo
1779 3759 1926 3797 octavo
1942 3757 2208 3797 Historiarum
2226 3753 2350 3794 tradit
2378 3752 2650 3793 Democlidem
2676 3754 2823 3792 Dem·

1618 3822 1896 3872 exprobrasse,
1917 3821 1991 3871 ipsi
2009 3820 2083 3860 soli
2102 3818 2283 3860 omnium
2299 3817 2601 3858 Atheniensium
2616 3826 2698 3856 non
2714 3814 2865 3855 licere

1618 3896 1731 3925 crum
1754 3886 1883 3935 ignem
1902 3883 2059 3924 sufflare
2073 3913 2085 3934 ,
2117 3881 2227 3933 quod
2259 3880 2480 3932 superiores
2498 3881 2631 3931 partes
2655 3876 2875 3930 corporis

1618 3950 1834 4001 polluisset.
1853 3950 1970 3990 Duris
1987 3948 2201 4001 verodibro
2218 3946 2374 3987 decimo
2400 3945 2498 3986 dicit
2518 3945 2711 3995 Pytheam
2728 3943 2834 3984 iden

1616 4016 1753 4067 jecisse
1768 4013 2038 4056 Demostheni.

1671 4161 1788 4199 Duris
1817 4159 1936 4199 refert
1972 4157 2210 4198 Phocionem
2245 4154 2438 4195 ridentem
2470 4163 2543 4193 nec
2564 4152 2722 4192 flentem
2752 4149 2804 4190 ab
2826 4158 2851 4188 11

1620 4222 1912 4265 Atheniensium
1925 4222 2072 4262 temere
2094 4219 2349 4270 conspectum
2366 4216 2500 4266 fuisse,
2517 4225 2589 4256 nec
2609 4215 2650 4256 in
2668 4213 2812 4256 balneo
2841 4231 2875 4286 ι,ν
