3016 4628
265 281 359 320 306

866 384 939 431 if..

717 494 1075 542 ΣΩΚΡΑΤΗΣ.

326 610 597 655 Plutarchus
610 608 798 654 Aristid.
820 625 862 656 c.
889 626 906 654 1
935 626 945 654 ε
967 606 1262 672 Ἀριστείδηςὸ
1287 606 1543 669 Λυσιμάχου

260 680 393 744 φυλῆς
417 677 494 739 μὲν
515 671 566 736 ἧν
585 677 837 741 Ἀντιοχίδος
853 714 865 736 ,
886 681 971 725 τῶν
996 677 1039 724 δὲ
1065 678 1212 740 δημων
1230 677 1541 733 Ἀλωπεκῆθεν.

265 749 376 814 Περι
397 750 435 797 8
453 750 599 803 οὐσίας
624 750 754 797 αὐτου
778 749 897 813 λόγοι
923 750 1113 813 διάφοροι
1134 749 1370 813 γεγόνασιν,
1393 750 1430 795 οἱ
1449 746 1543 810 μὲν,

262 824 320 877 ὡς
361 824 404 870 ἐν
443 821 570 887 πενίᾳ
609 820 794 887 συντόνῳ
834 821 1181 875 καταδιώσαντος
1214 822 1288 868 καὶ
1323 819 1433 882 μετὰ
1452 818 1544 877 τὴν

259 894 460 953 τελευτὴν
508 893 791 948 ἀπολιπόντος
832 893 1063 958 θυγατέρας
1103 892 1177 940 δύο
1219 892 1350 940 πολὺν
1392 891 1544 956 χρόνον

260 965 508 1020 ἀνεκδότους
528 964 580 1013 δι’
600 965 781 1030 ἀπορίαν
805 964 1112 1029 γεγενημένας·
1134 963 1313 1029 (2),πρὸς
1330 961 1374 1009 δὲ
1398 967 1544 1009 τοῦτον

257 1037 331 1085 τὸν
381 1036 505 1101 λόγον
561 1037 643 1085 ὑπὸ
689 1039 858 1084 πολλῶν
912 1036 1132 1101 εἰρημένον
1186 1035 1543 1096 ἀντιτασσόμενος

259 1113 282 1156 ὁ
317 1109 551 1174 Φαληρευς
593 1109 838 1173 Δημήτριος
877 1110 920 1154 ἐν
951 1110 1012 1153 τῶ
1049 1107 1273 1172 Σωκράτει
1306 1106 1462 1171 χωρίον
1498 1126 1543 1153 τε

258 1182 464 1245 Φαληροῖ
498 1181 601 1246 φησὶ
637 1179 857 1243 γινώσκειν
902 1178 1157 1243 Ἀριστείδου
1198 1178 1446 1241 λεγόμενον,
1498 1181 1540 1225 ἐν

254 1246 295 1317 ᾧ
314 1253 551 1314 τέθαπται,
576 1252 648 1299 καὶ
671 1252 881 1315 τεκμήρια
899 1271 974 1307 της
995 1250 1092 1315 περὶ
1117 1250 1187 1296 τὸν
1206 1254 1320 1296 οἰκον
1332 1248 1544 1336 εὐπορίας

263 1323 307 1370 ἓν
329 1343 381 1384 με
385 1344 404 1369 ν
422 1325 589 1387 ἡγεῖται
610 1322 687 1380 τὴν
707 1322 926 1384 ἐπώνυμον
941 1321 1096 1387 ἀρχὴν,
1117 1322 1168 1379 ἢν
1186 1315 1286 1387 ἠρξε
1302 1342 1363 1368 τω
1387 1320 1541 1384 κυάμῳ

255 1395 404 1459 λαχὼν
432 1397 480 1442 ἐκ
509 1398 591 1442 τῶν
622 1398 751 1456 γενῶν
777 1398 858 1441 τῶν
881 1394 935 1440 τὰ
984 1392 1166 1456 μέγιστα
1210 1411 1438 1455 τιμηματα
1469 1411 1540 1438 κε-

261 1467 502 1529 κτημένων,
516 1466 584 1520 ους
600 1465 1088 1528 Πεντακοσιομεδίμνους
1102 1464 1430 1529 προσηγόρευον,
1451 1463 1538 1510 ἕτε

260 1558 331 1603 ρον
371 1539 414 1586 δὲ
449 1539 519 1586 τὸν
549 1538 899 1603 ἐξοστρακισμόν·
936 1537 1069 1585 οὐδενὶ
1096 1538 1179 1602 γὰρ
1211 1541 1293 1584 τῶν
1331 1535 1540 1595 πενήτων,

256 1611 368 1657 ἀλλὰ
399 1613 486 1665 τοῖς
509 1610 550 1665 ἐξ
585 1610 708 1657 οἴκων
738 1610 934 1672 μεγάλων
963 1610 1036 1656 καὶ
1069 1611 1121 1656 δι’
1146 1609 1271 1673 ὄγκον
1297 1610 1536 1674 ἐπιφθόνων

252 1684 462 1748 ὄστρακον
494 1682 787 1747 ἐπιφέρεσθαι·
821 1685 872 1745 (3)
907 1682 1046 1747 τρίτον
1079 1682 1123 1729 δὲ
1162 1681 1236 1729 καὶ
1269 1683 1534 1742 τελευταῖον,

255 1753 320 1800 ὅτι
345 1753 462 1811 νίκης
486 1754 742 1815 ἀναθήματα
768 1753 1020 1818 χορηγικοὺς
1040 1753 1242 1818 τρίποδας
1262 1755 1304 1800 ἐν
1328 1753 1537 1801 Διονύσου

257 1825 503 1887 κατέλιπεν,
526 1826 567 1873 οἳ
590 1828 662 1874 καὶ
686 1827 777 1873 καθ’
802 1831 917 1888 ἡμᾶς
950 1825 1186 1873 ἐδείκνυντο
1211 1826 1413 1884 τοιαύτην
1444 1828 1536 1873 ἐπι-

253 1897 420 1987 γραφὴν
462 1899 748 1958 διασώζοντες,
785 1897 1041 1962 «Ἀντιοχὶς
1084 1898 1202 1946 ἐνίκα
1218 1936 1230 1957 ,
1275 1898 1537 1974 Ἀριστείδης

254 1969 473 2033 ἐχορήγει,
498 1969 803 2035 Ἀρχέστρατος
827 1970 1086 2019 ἐδίδασκε.»
1113 1970 1164 2036 (4)
1187 1971 1321 2020 Τουτὶ
1349 1971 1426 2035 μὲν
1447 1975 1535 2030 οὖν,

250 2041 408 2104 καίπερ
438 2045 544 2087 εἶναι
565 2044 711 2089 δοκουν
738 2042 953 2106 μέγιστον,
979 2043 1286 2091 ἀσθενέστατόν
1314 2046 1419 2091 ἐστι.
1443 2044 1534 2092 Καὶ

251 2112 333 2201 γὰρ
355 2112 726 2175 Ἐπαμεινώνδας,
759 2114 804 2162 ὃν
823 2115 978 2169 πάντες
1007 2115 1221 2181 ἅνθρωποι
1251 2115 1532 2180 γινώσκουσιν

251 2186 294 2230 ἐν
321 2184 443 2248 πενίᾳ
461 2184 534 2231 καὶ
552 2186 763 2250 τραφέντα
785 2188 923 2252 πολλῇ
942 2207 1015 2234 και
1039 2187 1257 2252 βιώσαντα
1273 2226 1286 2252 ,
1313 2208 1388 2236 και
1410 2189 1533 2237 Πλά·

249 2276 332 2303 των
354 2260 375 2303 ὃ
399 2257 622 2322 φιλόσοφος
638 2260 714 2305 οὐκ
734 2259 1010 2321 ἀφιλοτίμους
1035 2260 1281 2316 ἀνεδέξαντο
1301 2261 1535 2327 χορηγίας,

249 2333 271 2375 ὁ
295 2329 370 2390 μὲν
397 2330 599 2387 αὐληταῖς
620 2330 835 2394 ἀνδράσιν,
867 2335 889 2378 ὃ
914 2331 957 2379 δὲ
979 2332 1104 2380 παισὶ
1130 2333 1319 2387 κυκλίοις
1337 2333 1534 2398 χορηγή-

248 2421 348 2459 σας,
371 2400 507 2466 τούτῳ
537 2401 611 2464 μὲν
636 2402 794 2457 Δίωνος
820 2408 896 2450 τοῦ
928 2405 1198 2470 Συρακοσίου
1233 2405 1312 2463 τὴν
1337 2407 1533 2464 δαπάνην

247 2473 523 2537 παρέχοντος,
559 2474 892 2541 Ἐπαμεινώνδᾳ
927 2475 971 2524 δὲ
1005 2480 1088 2524 τῶν
1122 2476 1222 2542 περὶ
1262 2477 1528 2525 Πελοπίδαν.

850 2625 920 2660 14.

299 2690 484 2730 Aristides
511 2692 732 2742 Lysimachi
763 2693 889 2744 tilius,
914 2695 964 2735 de
991 2695 1098 2735 tribu
1133 2696 1391 2747 Antiochide‚
1423 2698 1534 2737 curia

250 2753 494 2803 Alopecensis
515 2755 601 2795 suit.
637 2760 696 2797 De
730 2758 980 2799 facultatibus
1010 2759 1094 2809 ejus
1116 2760 1270 2801 diversa
1302 2761 1531 2802 traduntur.

250 2817 419 2862 Quidam
435 2830 589 2859 summa
604 2820 645 2859 in
661 2825 886 2872 paupertate
897 2824 1019 2863 vitam
1037 2825 1209 2874 exegisse
1220 2854 1231 2874 ,
1249 2826 1427 2876 duasque
1441 2837 1531 2865 mo-

251 2880 414 2918 rientem
430 2881 528 2920 filias
548 2883 746 2933 reliquisse
761 2886 962 2936 scribunt,
983 2898 1073 2937 quae
1089 2887 1156 2927 diu
1175 2888 1227 2927 ob
1248 2888 1423 2939 inopiam
1445 2900 1532 2928 ma-

251 2942 281 2982 ri
288 2947 346 2983 tos
359 2955 434 2984 non
444 2945 671 2987 invenerint.
688 2950 741 2999 (2)
752 2951 851 2989 Huic
860 2952 1074 2991 multorum
1084 2954 1297 2993 narrationi
1308 2954 1533 2994 Demetrius

253 3008 461 3056 Phalereus
476 3010 515 3048 in
531 3013 690 3051 Socrate
718 3025 956 3065 repugnans,
979 3017 1179 3067 cognitum
1199 3018 1271 3057 sibi
1291 3018 1333 3058 in
1362 3019 1530 3059 Phalero

251 3073 439 3131 praedium
470 3075 524 3114 ait
553 3077 751 3128 Aristidis,
768 3078 808 3118 in
824 3091 904 3130 quo
920 3081 952 3120 is
966 3083 1141 3132 sepultus
1159 3084 1223 3124 sit.
1245 3087 1333 3125 Non
1363 3084 1532 3124 defuisse

250 3139 381 3175 autem
403 3149 484 3177 rem
501 3139 534 3178 ei
553 3140 782 3181 familiarem
797 3173 807 3192 ,
830 3144 1003 3193 primum
1029 3157 1076 3186 cx
1096 3158 1142 3187 eo
1170 3148 1342 3199 colligit,
1363 3149 1472 3199 quod
1499 3149 1533 3189 is

242 3200 354 3241 'sorte
379 3203 556 3242 fabarum
577 3205 702 3245 lectus
726 3208 1023 3259 magistratum,
1054 3213 1123 3262 qui
1148 3216 1378 3264 Eponymus
1399 3214 1533 3264 appel-

251 3264 368 3313 latur,
382 3268 559 3317 gesserit,
577 3269 643 3318 qui
662 3269 705 3309 iis
718 3271 833 3310 modo
846 3274 1155 3315 committeretur
1159 3289 1355 3328 ,quorum
1373 3278 1532 3318 familie

250 3328 468 3369 maximum
487 3340 643 3370 censum
668 3335 888 3385 explerent,
906 3338 1087 3379 videlicet
1112 3341 1418 3391 quingentorum
1445 3353 1530 3382 me·

249 3389 498 3442 dimnorum,
526 3394 629 3434 unde
644 3401 1042 3452 πεντακοσιομέδιμνοι
1069 3403 1339 3445 dicebantur:
1366 3405 1530 3456 deinde,

249 3454 354 3503 quod
373 3458 601 3496 ostracismo
634 3461 673 3498 in
693 3462 853 3501 exilium
880 3464 930 3504 sit
954 3468 1109 3517 pulsus;
1135 3468 1174 3507 id
1201 3477 1295 3508 vero
1322 3481 1402 3509 non
1433 3481 1530 3520 pau·

250 3519 429 3568 peribus,
446 3521 513 3559 sed
527 3522 663 3562 illustri
676 3535 812 3573 genere
826 3530 925 3569 natis
939 3532 1058 3581 atque
1074 3533 1231 3573 invidiae
1246 3535 1297 3574 ob
1314 3536 1530 3584 potentiam

248 3582 451 3633 obnoxiis,
482 3584 637 3624 decerni
667 3588 841 3629 solitum.
875 3593 929 3642 (3)
961 3596 1182 3644 Postremo,
1215 3598 1321 3648 quod
1355 3598 1531 3640 victoriae

248 3646 408 3686 donaria
429 3648 600 3699 tripodes
613 3654 844 3701 spectaculis
854 3667 984 3697 sacros
997 3660 1220 3710 reliquerit
1211 3674 1249 3701 ιιι
1265 3663 1354 3702 sano
1372 3664 1529 3714 Bacchi,

247 3711 314 3759 qui
330 3714 462 3751 nostro
474 3724 631 3763 quoque
646 3717 949 3759 ostendebantur
962 3723 1150 3773 tempore,
1165 3725 1238 3764 hac
1254 3726 1528 3778 inscriptione:

249 3773 394 3813 «Vicit
418 3775 557 3815 Antio«
559 3776 642 3825 lus
673 3779 857 3820 Aristides
887 3786 1085 3834 sumptum
1116 3787 1226 3838 fecit,
1260 3790 1532 3831 Archestratus

248 3837 423 3877 docuit.»
415 3841 505 3889 »(4)
525 3843 768 3882 Postremum
781 3844 854 3883 hoc
868 3850 1157 3899 argumentum,
1171 3863 1295 3902 quum
1309 3855 1528 3895 maximum

248 3901 443 3952 videatur,
473 3905 652 3945 omnium
685 3907 846 3948 minime
871 3911 989 3950 valet.
1019 3915 1116 3953 Nam
1149 3918 1188 3955 et
1216 3919 1527 3970 Epaminondas,

247 3976 363 4014 (piem
387 3969 591 4007 extrema
584 3980 621 4007 ιιι
639 3973 867 4021 paupertate
886 3976 926 4013 et
941 3974 1154 4016 educatum
1176 3979 1294 4020 fuisse
1318 3984 1358 4021 et
1385 3982 1529 4024 vixisse

248 4030 384 4068 notum
400 4032 458 4069 est
474 4031 680 4082 omnibus,
697 4035 737 4073 et
765 4035 874 4075 Plato
901 4037 1174 4089 philosophus,
1195 4041 1301 4082 baud
1322 4044 1530 4086 illiberales

246 4093 413 4138 uterque
431 4096 633 4144 sumptus,
651 4095 689 4135 in
707 4096 886 4138 tibicines
899 4100 1012 4150 alter,
1031 4102 1156 4141 alter
1148 4115 1185 4142 m
1202 4106 1371 4154 cyclicos
1387 4119 1529 4158 pueros

250 4153 382 4193 recu.
419 4157 693 4206 suppeditante
725 4160 818 4200 huic
848 4162 1007 4212 quidem
1028 4164 1152 4205 Dione
1180 4168 1448 4221 Syrmusano,
1474 4173 1526 4212 illi

248 4218 380 4256 autem
406 4219 598 4269 Pelopida.
622 4222 678 4272 (5)
701 4226 835 4275 Neque
859 4226 963 4266 enim
988 4228 1082 4267 viris
1108 4228 1219 4270 bonis
1247 4233 1324 4272 tale
1342 4234 1527 4276 adversus

1270 271 1571 320 DEMETRH
1613 272 1926 322 PHALEREI

1628 381 1664 443 (5
1667 382 1679 442 )
1703 383 1770 430 Οὐ
1795 381 1877 446 γὰρ
1901 381 1992 427 ἔστι
2029 382 2112 434 τοῖς
2138 383 2310 442 ἀγαθοῖς
2342 379 2578 444 ἀκηρυκτος
2602 381 2676 428 και
2701 363 2951 438 ἄσπονδος

1623 453 1727 514 πρὸς
1746 452 1820 505 τὰς
1844 451 1964 526 παρὰ
1988 471 2072 498 των
2107 451 2240 516 φίλων
2269 450 2429 515 δωρεὰς
2463 445 2677 514 πόλεμος,
2701 452 2814 502 ἀλλὰ
2836 453 2970 511 τὰς

1623 526 1682 577 εἷς
1721 523 1920 570 ἀπόθεσιν
1959 522 2033 570 καὶ
2068 522 2314 577 πλεονεξίαν
2352 524 2542 585 ἀγεννεῖς
2578 524 2808 589 ἡγούμενοι
2838 521 2963 587 καὶξξ

1621 596 1843 653 ταπεινὰς,
1868 594 1966 641 ὅσαι
2001 594 2248 659 φιλοτιμίας
2275 594 2386 649 τινὸς
2409 597 2614 661 ἀκερδους
2641 596 2815 662 ἔχονται

1621 668 1946 732 λαμπρότητος,
1986 667 2063 714 οὐκ
2095 669 2384 716 ἀπωθοῦνται.
2420 670 2470 732 (6)
2498 669 2734 726 Παναίτιος
2764 658 2978 735 pffvfflfssf

1621 758 1719 803 περι
1742 758 1816 785 του
1839 738 2037 803 τρίποδος
2066 736 2295 802 ἀποφαίνει
2319 739 2390 785 τὸν
2411 739 2663 805 Δημήτριον
2684 736 2949 811 ὁμωνυμίᾳ»
2972 739 2973 747 ’
3014 742 3015 746 ’

2946 394 2979 555 ξ

1574 816 1577 818 ’
1621 809 1946 874 διεψευσμένον·
1967 808 2053 856 ἀπὸ
2069 808 2152 874 γὰρ
2173 811 2257 856 τῶν
2285 812 2514 874 Περσικῶν
2533 814 2591 867 εἷς
2607 812 2684 870 τὴν
2707 812 2971 887 τελευτὴν-’,ζῖ
3012 822 3015 824 ’

1619 886 1691 930 τοῦ
1718 885 2128 940 Πελοποννησιακου
2157 880 2349 944 πολέμου
2374 881 2448 931 δύο
2469 882 2623 943 μόνους
2651 875 2970 959 'Aptatessnfssg

1618 973 1832 1019 χορηγους
1862 953 2186 1043 ἀναγράφεσθαι
2219 956 2448 1013 νικῶντας,
2479 959 2538 1002 ὧν
2563 955 2783 1022 οὐδέτερον
2805 939 2970 1008 sivest

1619 1029 1680 1090 τῷ
1715 1025 1976 1090 Λυσιμάχου
2012 1045 2085 1072 τον
2126 1024 2269 1085 αὐτον,
2295 1026 2409 1075 ἀλλὰ
2444 1027 2517 1075 τὸν
2554 1027 2632 1091 μὲν
2673 1028 2970 1098 Ξενοφίλου

1618 1097 1805 1163 πατρὸς,
1827 1098 1898 1145 τὸν
1925 1097 1969 1145 δὲ
1994 1098 2136 1163 χρόνω
2159 1099 2309 1146 πολλῶ
2332 1097 2562 1167 νεώτερον,
2584 1103 2641 1155 ὡς
2667 1099 2838 1166 ἐλέγχει
2858 1102 2969 1151 τὶ

1618 1170 1860 1235 γράμματα
1881 1191 1959 1229 της
1983 1170 2076 1233 μετ’
2104 1170 2346 1228 Εὐκλείδην
2373 1170 2478 1218 ὄντα
2506 1177 2818 1241 γραμματικης
2839 1171 2941 1225 aelf

1616 1242 2027 1332 προσγεγραμμένος
2051 1245 2073 1290 ὃ
2093 1242 2408 1308 Ἀρχέστρατος
2424 1278 2439 1306 ,
2461 1242 2551 1291 ὃν’
2533 1262 2576 1290 εν
2593 1252 2682 1300 τοῖς
2704 1247 2964 1308 Μηδικοῖς

1618 1314 1777 1373 οὐδεὶς,
1803 1317 1845 1362 ἐν
1871 1316 1914 1362 δὲ
1947 1316 2032 1367 τοῖς
2056 1316 2504 1392 Πελοποννησιακοῖς
2512 1316 2662 1381 συχνοὶ
2685 1321 2830 1383 χορῶν
2848 1319 2923 1368 &a
2946 1339 2962 1373 ι

1617 1386 1831 1435 δάσκαλον
1872 1388 2180 1454 ἀναγράφουσι.
2231 1387 2297 1436 Τὸ
2333 1387 2410 1450 μὲν
2453 1393 2526 1436 οὖν
2560 1393 2634 1437 τοῦ
2676 1389 2961 1442 Παναιτίου

1619 1458 1822 1523 βέλτιον’
1803 1459 2082 1507 επισκεπτέον
2102 1458 2261 1514 ὅπως”
2237 1477 2344 1524 εχει.
2388 1461 2424 1523 (7
2425 1460 2440 1524 )
2464 1462 2542 1525 Τῷ
2563 1460 2598 1508 δ’
2615 1461 2816 1554 ὀστράκου
2830 1468 2957 1520 πᾶς

1615 1535 1638 1578 ὁ
1662 1531 1732 1579 διὰ
1749 1531 1922 1588 δόξανῆΤ
1898 1553 1926 1590 η
1943 1532 2062 1596 γε’νος
2087 1531 2116 1590 ἢ
2133 1531 2261 1596 λόγου
2292 1532 2474 1595 δύναμιν
2494 1532 2602 1599 ὑπὲρ
2618 1532 2716 1589 τους
2729 1534 2916 1591 πολλοὺς

1614 1604 1924 1671 νομιζόμενος
1909 1624 1989 1652 υπε
1978 1604 2176 1652 ’·πιπτεν
2207 1603 2312 1652 ὅπου
2331 1604 2405 1652 και
2422 1605 2587 1667 Δάμων
2610 1608 2633 1654 ὁ
2653 1606 2936 1695 Περικλέους

1615 1676 1899 1736 διδάσκαλος,
1932 1675 1998 1725 ὅτι
2028 1676 2076 1724 τὸ
2101 1677 2267 1741 φρονεῖν
2297 1676 2433 1725 ἐδόκει
2459 1695 2523 1731 τις
2553 1681 2663 1724 εῖναι
2690 1677 2909 1743 περιττὸς,

1615 1748 1951 1815 ἐξωστρακίσθη.
2029 1752 2066 1814 (s
2067 1751 2081 1814 )
2111 1749 2200 1799 Και
2226 1749 2313 1813 μὴν
2337 1749 2468 1816 ἄρξαι
2489 1768 2538 1815 γε
2561 1748 2633 1798 τὸν
2649 1750 2913 1816 Ἀριστείδην

1614 1822 1903 1886 ὂἸδομενευς
1933 1826 1981 1871 οὐ
2013 1822 2274 1886 κυαμευτὸν,
2302 1824 2399 1870 ἀλλ’
2434 1820 2652 1889 ἑλομένων
2677 1821 2931 1882 Ἀθηναίων

1613 1894 1796 1960 φησίν.
1837 1897 1893 1944 Εἰ
1917 1894 1962 1943 δὲ
1982 1896 2057 1944 καὶ
2078 1895 2188 1956 μετὰ
2212 1895 2336 1953 τὴν
2317 1915 2360 1945 εν
2390 1897 2635 1950 Πλαταιαῖς
2658 1894 2808 1960 μάχην
2832 1887 2942 1962 ἦρ-

1612 1967 1739 2027 ξεν,ε
1716 1988 1774 2022 ως
1798 1969 1923 2023 αὐτὸς
1943 1971 1966 2016 ὃ
1989 1967 2240 2034 Δημήτριος
2263 1967 2478 2034 γέγραφε,
2501 1967 2576 2015 καὶ
2595 1967 2709 2016 πάνυ
2734 1965 2936 2032 πιθανάιῆ

1613 2043 1727 2088 ἐστιν
1752 2041 1823 2089 ἐπι
1849 2041 1948 2105 δόξῃ
1984 2041 2174 2116 τοσαύτῃ
2206 2041 2282 2088 καὶ
2310 2039 2622 2106 κατορθώμασι
2643 2039 2926 2100 τηλικούτοις

1613 2113 1842 2171 ἀξιωθῆναι
1863 2114 1916 2160 δι’
1935 2111 2092 2179 ἀρετὴν
2119 2118 2170 2171 ἧς
2191 2111 2260 2160 διὰ
2277 2111 2460 2161 πλοῦτον
2485 2112 2723 2178 ἐτύγχανον
2743 2115 2785 2162 οἱ
2803 2114 2930 2180 knew

1609 2187 1824 2251 χάνοντες.
1873 2186 1928 2249 (9)
1965 2185 2096 2234 Ἀλλὰ
2128 2184 2213 2251 γὰρ
2242 2188 2266 2232 ὁ
2303 2185 2383 2248 μὲν
2418 2185 2668 2250 Δημήτριος
2699 2187 2747 2234 οὗ
2783 2186 2943 2253 mg,

1611 2260 1778 2324 ἐΑριστ
1782 2258 1895 2322 ίδην,
1915 2258 2028 2306 ἀλλὰ
2050 2277 2126 2306 και
2146 2257 2388 2323 Σωκράτην
2409 2257 2547 2316 δηλός
2559 2261 2653 2306 ἐστι
2668 2261 2745 2318 τῆς
2763 2276 2843 2307 πεν
2894 2258 2941 2316 '³5

1611 2331 1827 2389 ἐξελέσθαι
1856 2329 2256 2397 φιλοτιμού,ιι.ενοςε
2233 2350 2292 2386 ως
2311 2329 2505 2395 μεγάλου
2526 2350 2692 2380 κακου·
2715 2330 2792 2379 καὶ
2818 2350 2847 2396 γ

1611 2407 1760 2470 ἐκείνῳ
1779 2403 1911 2469 φησιν
1934 2405 1982 2451 οὗ
2016 2403 2143 2467 μόνον
2177 2402 2255 2462 τὴν
2276 2403 2416 2452 οἰκίαν
2445 2403 2672 2469 ὑπάρχειν,
2692 2398 2808 2454 ἄλλα
2826 2395 2941 2474 κὰμ

1612 2485 1720 2541 μνᾶς
1748 2476 2043 2541 ἑὸδομηκοντα
2059 2475 2338 2540 τοκιζομένας
2356 2476 2441 2524 ὑπὸ
2461 2476 2694 2543 Κρίτωνος.

1609 2625 1742 2664 omnia
1761 2625 1982 2664 amicorum
1999 2634 2165 2663 munera
2186 2622 2337 2663 bellum
2351 2623 2583 2674 suscipitur,
2597 2622 2704 2674 quod
2724 2619 2939 2675 comptu}

1608 2688 1719 2728 nulla
1730 2699 1828 2739 pace
1838 2689 1908 2727 aut
1921 2687 2149 2727 conditione
2160 2687 2283 2738 possit
2295 2700 2308 2737 ;
2325 2687 2394 2727 sed
2407 2698 2453 2728 ea
2464 2698 2557 2739 quae
2572 2687 2623 2727 ad
2637 2685 2908 2738 reponendum

1609 2754 1651 2792 et
1667 2751 1831 2791 divitias
1853 2752 2048 2802 parandas
2064 2752 2268 2802 spectant,
2280 2750 2490 2791 illiberalia
2507 2752 2548 2791 et
2563 2750 2658 2791 vilia
2668 2749 2895 2802 iudicantes

1607 2828 1687 2859 non
1720 2819 1855 2856 tamen
1875 2827 1922 2856 ea
1944 2815 2174 2867 repudiant,
2206 2826 2298 2866 quae
2316 2814 2541 2855 liberalitati
2569 2815 2726 2857 nullum
2748 2815 2907 2855 lucrum

1606 2881 1833 2920 admittenti
1848 2881 1889 2920 et
1906 2879 2106 2930 splendori
2125 2879 2318 2919 serviunt.
2342 2879 2398 2929 (6)
2419 2877 2618 2918 Panaetius
2642 2876 2807 2930 quidem
2824 2879 2906 2919 De-

1607 2945 1794 2986 metrium
1822 2946 1864 2984 in
1897 2944 2052 2996 tripode
2082 2944 2150 2983 illo
2181 2943 2352 2983 nominis
2382 2943 2668 2983 communitate
2694 2941 2904 2994 deceptum

1605 3010 1743 3050 asserit
1777 3026 1786 3050 :
1813 3020 1906 3049 nam
1941 3006 1964 3048 a
2000 3008 2157 3049 Persico
2187 3007 2238 3047 ad
2269 3006 2389 3047 tinem
2425 3017 2552 3058 usque
2584 3006 2905 3058 Peloponnesiaci

1605 3075 1725 3125 belli,
1739 3074 1839 3115 duos
1853 3076 2010 3114 tantum
2029 3073 2221 3114 recenseri
2237 3071 2449 3122 Aristidas,
2466 3072 2534 3124 qui
2547 3072 2668 3112 choro
2683 3070 2907 3123 sumptibus

1605 3139 1862 3190 suppeditatis
1888 3137 2079 3188 vicerint,
2106 3138 2297 3177 neutrum
2325 3144 2423 3177 vero
2450 3146 2546 3176 cum
2577 3135 2805 3187 Lysimachi
2822 3134 2905 3180 fllb

1605 3205 1776 3246 eundem
1797 3205 1934 3254 fuisse,
1956 3204 2025 3244 sed
2043 3214 2169 3243 unum
2185 3202 2398 3253 Xenophili
2414 3201 2567 3253 filium
2583 3202 2757 3242 alterum
2774 3189 2904 3244 nitho

1606 3272 1693 3320 post
1719 3272 1898 3321 tempore
1927 3270 2092 3318 natum;
2113 3267 2224 3319 quod
2256 3270 2298 3308 et
2324 3268 2450 3308 literae
2469 3268 2564 3318 ips‘ae
2593 3266 2904 3317 montianum

1605 3336 1726 3376 modo
1748 3336 1928 3387 scriptae,
1953 3335 2023 3387 qui
2042 3336 2131 3386 post
2157 3334 2366 3376 Euclidem
2383 3333 2529 3385 coepit,
2556 3333 2598 3374 et
2627 3332 2838 3374 Archestn
2887 3348 2901 3367 e

1604 3403 1818 3455 ascriptus,
1835 3413 1956 3453 quem
1971 3401 2126 3441 fabulas
2146 3399 2302 3441 Medico
2316 3400 2422 3440 bello
2438 3398 2621 3440 docuisse
2631 3409 2773 3449 nemo,
2786 3404 2881 3472 mu·

1606 3467 1938 3519 Peloponnesiaco
1968 3467 2162 3508 scribunt
2183 3469 2242 3507 De
2270 3466 2348 3506 hoc
2377 3465 2543 3516 Panaetii
2570 3468 2751 3505 sermone
2785 3480 2791 3498 ι
2850 3463 2852 3466 ’

1604 3534 1677 3584 sit,
1698 3534 1867 3586 amplius
1882 3535 2053 3585 cogitare
2068 3532 2240 3584 expedit.
2271 3532 2327 3581 (7)
2356 3529 2601 3572 Ostracismo
2630 3527 2795 3580 quidem
2811 3527 2879 3581 qui

1604 3609 1776 3649 cumque
1793 3598 1916 3649 gloria
1929 3627 1942 3648 ,
1959 3607 2100 3648 genere
2119 3597 2191 3636 aut
2208 3594 2438 3646 eloquentia
2453 3590 2754 3633 multitudinem
2767 3591 2878 3632 excel

1605 3662 1686 3702 lere
1715 3661 2050 3710 existimarentur,
2067 3661 2180 3700 erant
2210 3657 2373 3699 obnoxii
2393 3673 2403 3698 ε
2423 3656 2584 3709 quando
2605 3658 2763 3701 Damon
2782 3660 2783 3663 ’
2871 3679 2873 3687 ·

1607 3726 1766 3766 Periclis
1783 3724 2098 3777 magister,quod
2115 3723 2283 3764 nimium
2291 3719 2858 3774 sapeoeputaretur,teetulm

1604 3790 1854 3841 suffr-agiisin
1870 3789 2034 3829 exilium
2063 3787 2207 3828 missus
2230 3788 2304 3828 est.
2328 3787 2386 3837 (8)
2415 3789 2518 3827 Sane
2550 3784 2809 3826 Idomeneus.
2860 3832 2862 3834 q

1603 3855 1710 3894 sorte
1726 3854 1908 3893 fabarum
1927 3851 2117 3900 ductum,
2137 3850 2206 3891 sed
2221 3850 2396 3891 electum
2418 3849 2470 3891 ab
2489 3846 2795 3906 Atheniensibus

1606 3917 1748 3957 stidem
1764 3916 1813 3957 ad
1831 3915 2047 3967 gerendum
2063 3925 2156 3955 eum
2171 3914 2446 3965 magistratum
2468 3911 2605 3953 scribit
2623 3927 2633 3952 ε
2655 3909 2764 3962 qiiod
2781 3909 2815 3952 si

1603 3980 1722 4031 cidit,
1745 3982 1792 4020 ut
1811 3980 1894 4031 ipse
1907 3978 2071 4031 tradidit
2085 3977 2325 4028 Demetrius,
2341 3978 2430 4028 post
2448 3976 2703 4016 Platoeensem
2711 3983 2817 4024 pugn
2837 3978 2841 3989 ”

1603 4045 1787 4095 equidem
1804 4043 2006 4096 probabile
2025 4043 2243 4083 admodum
2258 4044 2340 4093 est,
2353 4041 2485 4082 virum
2498 4042 2611 4081 tanta
2624 4049 2758 4080 rerum

1603 4120 1692 4148 rum
1705 4108 1828 4160 gloria
1843 4107 2034 4158 insignem
2054 4107 2101 4147 iis
2115 4107 2279 4157 dignum
2297 4105 2522 4156 Judicatum
2537 4102 2778 4152 honoribus,
2819 4152 2823 4155 Ι

1602 4174 1665 4213 alii
1683 4173 1912 4213 divitiarum
1927 4173 2086 4213 nomine
2097 4172 2420 4224 adipiscerentur.
2432 4170 2488 4220 (9)
2503 4172 2654 4210 Verum
2669 4169 2793 4208 Derne

1604 4249 1681 4277 non
1701 4237 1907 4278 Aristidem
1925 4236 2060 4287 modo,
2074 4235 2142 4276 sed
2155 4237 2194 4276 et
2206 4235 2410 4275 Socratem
2423 4245 2446 4273 a
2459 4233 2689 4284 paupertate
2703 4232 2797 4280 tanq
2815 4228 2819 4229 ⁷
2832 4228 2853 4244 ‘
2868 4282 2870 4286 Ι

3004 4581 3006 4586 ”
3002 4420 3016 4510 *ab
3011 4403 3016 4415 -,
3004 4350 3016 4382 ιιᾶ
