3008 4542
113 257 131 301 ὃ
175 232 267 273 598
1090 213 1504 266 MANETHONIS
1539 214 1927 264 S'EBENNYTAE

218 331 259 378 α’
282 323 441 395 Ὦχος
458 330 636 391 εἰκοστῷ
657 327 741 374 ἔτει
756 330 834 385 τ’ἥς
851 329 1003 374 ἑαυτοῦ
1024 325 1246 391 βασιλείας
1267 326 1447 390 Περσῶν

153 401 428 449 {emmenum
449 398 671 462 Αἰγύπτου
690 398 765 456 ἔτη
787 400 844 463 β’.
1095 418 1098 420 ’

1532 322 1534 324 ’
1594 327 1826 370 Numerus
1841 324 1918 387 ,αν’
1943 334 2102 386 aperte
2121 333 2369 385 corruptus
2387 333 2456 370 est
2478 339 2534 370 ex
2555 323 2639 387 ,ων’
2671 323 2831 387 (850);

1537 394 1578 440 is
1587 412 1702 442 vero
1727 398 1888 458 paullo
1908 397 2161 443 rotundior
2182 413 2272 459 pro
2292 396 2403 444 853.

221 472 260 538 β’
286 473 469 537 Ἀρσῆς
489 471 565 530 ἔτη
588 472 645 533 γ’.
1631 472 1757 530 Dyn.
1797 486 1858 514 2ο
1893 486 2002 517 ann.
2033 480 2052 517 ί
2096 505 2534 518 .........
2614 469 2703 515 135
2763 531 2769 536 ἱ

219 545 507 609 γ’Δαρεῒος
534 543 608 601 ἔτη
630 543 682 592 δ’.
1801 559 1859 588 21
1938 576 2372 592 .........
2389 576 2428 590 -.
2473 580 2482 589 .
2528 579 2539 590 .
2617 549 2703 595 nl.

220 618 360 681 Ὁμοῦ
386 617 460 676 ἔτη
488 617 632 682 τρίτου
651 615 785 679 τόμου
808 616 886 682 ‘ow'
915 617 1027 672 (scr.
1052 613 1163 681 ων’).
1803 631 1862 660 22
1938 648 2546 663 ............
2623 630 2715 660 120

222 697 367 764 Μέχρι
387 698 519 744 τῶνδε
538 699 727 746 Menoe-663
755 698 894 759 (libri
915 697 1123 748 Μανεθῶς
1138 696 1173 756 ).
1801 687 1861 734 23
1937 721 2545 736 ............
2651 686 2714 750 89

1802 767 1863 816 24
1935 796 2542 809 ............
2680 760 2711 805 6

569 877 693 924 sec,
730 878 1060 924 EUSEBIUM.
1802 834 1867 952 {Z
1938 868 2545 882 ············
2630 838 2722 951 Ῑίὲζ

227 1018 361 1064 Idem
373 1034 422 1079 p.
445 1034 523 1076 77,
545 1020 623 1063 D:
646 1013 897 1080 Τριακοστὴ
915 1014 1066 1080 πρώτη
1084 1013 1313 1063 δυναστεία
1330 1015 1375 1064 Π
1387 1034 1405 1061 ε
1420 1034 1466 1080 ρ·
1806 997 1865 1038 ²7
1940 1013 2553 1028 ''''''''''''
2632 977 2722 1024 ¹²5

165 1092 266 1137 σῶν
294 1088 510 1164 βασιλέων
532 1092 680 1154 τριῶν.
1809 1053 1870 1098 28
1948 1086 2558 1101 ''''''''''''
2695 1051 2725 1096 6

234 1160 292 1211 α’.
317 1153 485 1227 Ὠχος
507 1163 689 1227 εἷκοστῶ
707 1160 792 1208 ἔτει
805 1164 885 1218 τῆς
899 1163 1026 1208 αυτοῦ
1046 1163 1227 1223 Περσων
1245 1158 1471 1224 βασιλείας
1811 1140 1879 1242 39·
1949 1157 2558 1173 '''''''''''
2665 1140 2730 1241 {g

168 1241 319 1300 κρατεῖ
341 1238 416 1293 τῆς
438 1233 708 1296 Αἷγύπτου”
685 1253 760 1292 ετη
784 1234 843 1287 ς’.
1816 1214 1874 1315 30
1950 1230 2555 1246 “““““““““““

241 1306 432 1373 β’.Μεθ’
449 1305 702 1370 ὃνἈρσῆς
723 1305 1041 1371 Ὤχουέτηδ’.
1852 1287 1887 1316 ¹⁴
1946 1303 2550 1319 ''''''''''''
2577 1285 2728 1357 .—9

239 1380 298 1444 γ’.
326 1378 434 1428 Μεθ’
451 1378 496 1426 ὃν
514 1382 736 1444 Δαρεῖος
756 1377 831 1436 ἔτη
848 1376 905 1434 ἕξ·
927 1377 972 1426 ὃν
987 1377 1261 1444 Ἀλέξανδρος
1280 1381 1302 1425 ὃ
1326 1380 1476 1427 Μακε·
2617 1369 2728 1428 ,853

176 1453 261 1503 δὼν
280 1454 465 1501 καθεῖλε.

243 1530 399 1577 Ταῦτα
422 1529 497 1573 τοῦ
514 1524 659 1591 τρίτου
678 1527 882 1574 Μανεθῶ.

246 1599 393 1664 Μέχρι
417 1599 550 1645 τῶνδε
575 1599 779 1646 Μανεθῶ.

248 1673 417 1719 Euseb.
444 1672 624 1720 Chron.
644 1688 694 1733 p.
727 1687 852 1730 107.
842 1687 853 1699 ·
883 1674 1134 1734 Trigesima
1149 1677 1313 1733 prima
1335 1674 1485 1731 dyna-

183 1752 273 1793 stia
287 1749 550 1793 Persarum.

1622 1463 1772 1522 Igitur
1786 1475 1933 1518 usque
1956 1460 2016 1504 ad
2039 1459 2182 1505 finem
2202 1460 2422 1519 dynastiae
2435 1458 2579 1504 XXX
2594 1491 2606 1514 ‚
2644 1472 2747 1518 quae
2767 1474 2859 1518 po-

1557 1546 1722 1582 strema
1749 1542 1815 1577 est
1834 1530 2158 1593 AEgyptiorum
2172 1568 2186 1593 ,
2205 1540 2312 1577 sunt
2327 1532 2434 1576 anni
2461 1530 2575 1585 844.
2595 1532 2688 1590 Qui
2704 1529 2856 1575 additi

1559 1609 1690 1654 annis
1724 1604 1852 1650 2300
1877 1614 1923 1649 et
1954 1619 2079 1648 2222
2106 1605 2224 1648 tomi
2260 1604 2402 1663 primi
2429 1612 2476 1648 et
2511 1601 2704 1648 secundi
2727 1617 2859 1647 sum-

1560 1697 1684 1725 mam
1705 1677 1913 1724 efficiunt
1931 1692 2162 1722 annorum
2189 1675 2332 1721 5366.

1629 1751 1771 1812 Apud
1821 1750 2074 1795 Eusebium
2107 1750 2158 1793 in
2199 1749 2390 1796 Canone
2414 1756 2716 1792 recensentur
2755 1745 2867 1792 anni

253 1819 406 1866 Ochus
449 1825 666 1879 vigesimo
694 1826 803 1878 jam
849 1836 975 1865 anno
1021 1821 1177 1864 Persis
1219 1823 1489 1880 imperitans
1567 1825 1688 1882 8523
1710 1826 1762 1868 in
1783 1821 2020 1868 laterculis
2037 1821 2410 1866 Manethonianis
2441 1834 2557 1865 vero
2575 1819 2686 1864 anni
2706 1816 2802 1879 839
2821 1826 2870 1863 et

185 1897 444 1953 AE'gyptum
466 1897 702 1953 occupavit
721 1897 952 1952 tenuitque
967 1897 1101 1936 almis
1124 1894 1213 1936 VI.
1565 1913 1743 1945 menses
1764 1894 1818 1955 8,
1842 1895 1936 1940 hoc
1955 1893 2140 1941 modo:

252 1967 421 2012 Postea
442 1965 580 2010 Arses
606 1965 724 2010 Oche·
747 1970 882 2010 ‘mnis
895 1968 929 2010 Ῑ
931 1967 988 2012 V·
1646 1994 1694 2028 20
1721 1987 1816 2038 dyn.
1846 1986 1888 2025 in
1914 1986 2068 2024 Canon.
2108 1986 2180 2023 178
2207 1983 2250 2023 in
2276 1982 2448 2024 Maneth.
2481 1982 2552 2021 lat.
2584 1983 2659 2021 178
2677 1990 2743 2022 an.
2761 1996 2782 2016 ν
2810 1991 2866 2020 m.

263 2041 376 2083 Tum
391 2040 564 2082 Darius
581 2042 715 2082 annis
734 2040 833 2092 VI,
852 2053 983 2098 quem
1002 2039 1202 2082 Macedo
1225 2039 1498 2083 Alexander
1648 2053 1691 2087 21
2112 2046 2185 2081 130
2593 2042 2662 2078 131

193 2111 432 2171 interfecit.
483 2111 635 2172 Atque
682 2111 787 2155 lzoec
827 2127 853 2155 e
893 2109 1197 2156 Manethonis
1234 2115 1368 2156 tertio
1412 2108 1495 2175 (ite
1648 2112 1696 2146 22
1876 2125 1928 2131 -·
2133 2104 2184 2141 49
2359 2119 2411 2128 ““
2616 2098 2669 2136 4⁹

193 2199 389 2246 margot,
411 2194 563 2229 textus
583 2182 802 2245 secundo)
823 2182 958 2231 libro.
1651 2168 1701 2262 ἔξ
1881 2182 1933 2248 Ξ
2137 2161 2188 2256 ‘22
2359 2178 2413 2247 ἶ
2615 2156 2668 2253 ’ἑὲ

262 2260 447 2304 Summa
477 2273 710 2302 annorum
733 2257 862 2318 apud
893 2256 1166 2303 Africanum
1197 2259 1398 2318 Syncelli
1419 2273 1499 2303 ex·
1652 2285 1702 2321 25
1881 2299 1933 2307 -,
2138 2277 2189 2315 44
2212 2279 2215 2284 ·
2360 2296 2412 2305 -.
2617 2272 2667 2311 44

197 2332 329 2378 cidit.
367 2330 534 2378 Canon
564 2331 901 2377 astronomicus
937 2340 1154 2375 numerat
1177 2346 1324 2376 annos
1358 2341 1496 2387 octo,
1653 2337 1702 2371 26
1882 2353 1933 2362 —
2117 2330 2187 2367 167
2252 2327 2255 2329 ’
2361 2345 2415 2353 ··-
2607 2324 2680 2363 ¹⁶⁷

198 2405 304 2450 Arsi
339 2403 548 2448 tribuens
592 2419 739 2448 annos
777 2402 910 2450 duOS.
947 2402 1164 2447 Totidem
1198 2404 1336 2448 etiam
1374 2404 1502 2464 apud
1655 2393 1702 2430 2⁷
1884 2411 1936 2419 ““·
2122 2387 2192 2424 ¹¹²
2365 2403 2417 2411 ““““
2611 2384 2686 2420 ¹2⁰
2782 2382 2821 2446 4.

203 2476 475 2524 Africanum
498 2477 603 2521 Arsi
638 2476 839 2521 adscribi
861 2477 962 2520 vult
984 2478 1181 2521 Bunsen.
1207 2478 1279 2522 III
1307 2492 1359 2537 p.
1395 2475 1501 2523 150.
1654 2451 1706 2546 {g
1883 2469 1937 2533 Ξ
2141 2447 2191 2541 28
2363 2463 2417 2528 Ξ
2628 2442 2678 2534 2‘13
2781 2498 2804 2534 4

203 2550 451 2600 Boeckhius
468 2563 658 2609 quoque
679 2550 742 2593 ita
765 2549 814 2592 in
833 2549 1019 2594 Canone
1038 2558 1300 2609 computat,
1326 2558 1381 2594 ut
1399 2558 1502 2594 octo
1657 2569 1706 2604 30
1883 2584 1936 2591 .-
2140 2562 2191 2600 38
2363 2579 2415 2586 —
2632 2558 2681 2593 20

206 2635 386 2677 tanturn
405 2625 496 2671 sint
520 2622 629 2671 anni
657 2620 877 2679 dynastiae
901 2630 1149 2682 postremae
1183 2621 1273 2686 (V.
1311 2621 1502 2668 Boeckh.
1657 2626 1702 2661 31
1883 2642 1934 2648 -
2141 2620 2192 2656 20
2362 2637 2414 2645 ···
2637 2617 2684 2651 ¹⁶

206 2716 256 2761 p.
287 2698 509 2759 132.sq.).
2117 2681 2235 2739 'ffi''
2621 2695 2873 2734 839an.8m.
