3016 4628
206 159 222 198 l

249 288 307 327 3⁸

307 392 601 438 Constantia
628 391 804 451 Porph.
827 393 898 436 De
923 390 1046 435 adm.
1073 392 1191 450 Imp.
1217 406 1258 434 c.
1289 389 1383 433 23.
1413 384 1534 442 ’·Ι6η

245 459 334 524 ρίαι
365 461 461 520 δύο,
485 464 513 519 ἡ
541 460 593 524 μὲ
575 480 618 508 ν
642 460 750 536 πρὸς
779 462 876 516 ταῖς
903 459 1184 524 Ἡρακλείαις
1211 459 1417 517 στηλαις,
1452 456 1538 504 ἀπὸ
1610 455 1681 501 τὸν
1705 457 1882 503 Σκυθῶν
1909 454 2092 520 βασιλέα
2116 456 2246 518 φησὶ,
2269 476 2343 505 και
2368 457 2428 520 μὴ
2450 445 2684 520 δυνάμενον
2702 459 2907 524 παρέχειν

242 528 415 597 Ἴ6ηρος
427 551 652 597 ποταμου,
673 538 720 581 οὗ
740 532 959 596 μέμνηται
976 533 1328 599 Ἀπολλόδωρος’
1311 552 1354 579 εν
1367 535 1421 596 τῇ
1439 548 1537 594 περι
1610 527 1697 581 τοῖς
1713 529 1918 586 ὑπηκόοις
1941 526 1996 575 τὰ
2018 528 2263 589 ἐπιτήδεια,
2281 529 2351 576 διὰ
2371 529 2420 577 τὸ
2439 530 2512 576 τὸν
2537 530 2800 593 καλούμενον
2819 532 2908 581 ’As-

241 610 319 670 γῆς
346 605 555 670 ss'(f1··1
571 608 709 669 11)..
735 605 908 665 Ταύτης
929 606 971 654 δὲ
995 605 1138 653 πολλά
1155 625 1282 670 φασιν
1300 603 1396 660 ἔθνη
1424 604 1536 649 διαι-

240 698 288 744 ρε
270 682 422 738 ῒσθαι,
433 679 631 742 καθάπερ
645 678 919 745 Ἡρόδωρος’
900 700 942 727 εν
957 683 1009 742 τῇ
1027 678 1187 741 δεκάτῃ
1200 680 1284 724 τῶν
1298 675 1392 723 καθ’
1407 674 1538 738 Ἦρα-

241 751 350 799 κλέα
369 751 580 819 γέγραφεν
601 751 794 843 ἱστορίᾳ,
818 751 964 806 ούτως·
989 751 1098 800 «Τὸ
1120 748 1163 797 83
1188 747 1405 811 Ἰ6ηρικὸν
1422 745 1540 809 (ένος

241 829 386 888 τοῦτο,
407 824 512 916 ἕπερ
539 824 652 890 φημὶ
669 826 797 872 οἰκεῖν
818 825 872 872 τὰ
891 774 1085 890 παράλια
1102 827 1174 870 τοῦ
1205 822 1411 879 διάπλου,
1439 817 1538 866 διώ-

241 917 387 964 ρισται
403 897 608 961 ὀνόμασιν
630 896 673 944 ἓν
692 897 847 960 γένος’
830 897 896 944 εὸν
923 895 1035 944 κατὰ
1053 898 1179 962 φυλα.
1202 897 1383 959 Πρῶτον
1402 890 1478 955 μὲν
1500 894 1539 939 οι

211 995 215 1002 ·
241 971 313 1018 ἐπὶ
325 973 410 1025 τοῖς
424 970 621 1035 ἐσχάτοις
634 972 844 1022 οἰκοῦντες
855 968 909 1015 τὰ
921 967 1026 1034 πρὸς
1039 965 1233 1030 δυσμέων
1252 963 1474 1023 Κύνητες’
1454 982 1541 1011 ονο-

244 1043 474 1105 μάζονται,
493 1042 569 1090 ἀπ’
588 1042 758 1090 ἐκείνων
772 1041 816 1089 83
834 1042 916 1100 ἤδη
938 1042 1044 1105 πρὸς
1065 1040 1242 1104 βορέαν’
1231 1038 1334 1085 ιόντι
1352 1040 1388 1086 l
1391 1039 1539 1096 λητες,

243 1115 355 1178 μετὰ
376 1117 420 1163 δὲ
446 1116 708 1181 Ταρτήσιοι,
729 1112 839 1178 μετὰ
860 1111 903 1160 83
929 1112 1215 1170 Ἐλ6υσίνιοι,
1237 1109 1346 1173 μετὰ
1367 1109 1411 1158 83
1437 1113 1541 1158 Μα-

242 1189 422 1247 στιηνοί,
437 1188 547 1250 μετὰ
564 1187 608 1236 δὲ
625 1184 887 1245 Καλπιανοί,
905 1184 1053 1232 ἔπειτα
1069 1183 1114 1232 δὲ
1129 1185 1255 1243 ἤδηὸ
1274 1181 1493 1236 Ῥοδανός.
1520 1206 1539 1225 »

309 1261 553 1327 Ἡρόδωρος
571 1263 832 1308 Bandurius
855 1276 944 1321 pro
970 1258 1216 1322 Ἡρόδοτος.
1242 1287 1300 1294 -
1333 1255 1539 1304 Ἐλευσί-

240 1355 356 1385 νιοι..
395 1334 651 1398 μαστινοὶ...
685 1332 901 1380 κελκιανοὶ
915 1369 927 1389 ,
967 1330 1117 1379 ἔπειτα
1150 1330 1193 1378 δὲ
1227 1334 1255 1389 ἡ
1301 1329 1541 1396 διορόδανος

242 1410 348 1453 libri
356 1427 367 1465 ;
385 1408 780 1454 correxitBerkel.
802 1406 862 1450 ad
874 1404 1037 1466 steph.
1052 1407 1160 1465 Byz.
1175 1421 1221 1450 v.
1241 1401 1428 1468 Ἰ6ηρίαι
1441 1400 1535 1464 δύο,

241 1482 324 1531 ubi
341 1482 504 1526 eadem
515 1482 733 1541 leguntur
753 1481 908 1525 omnia
921 1513 932 1535 ,
950 1495 1051 1539 quae
1073 1479 1291 1539 deinceps
1308 1478 1538 1537 discerpta

241 1570 298 1598 ex
317 1564 450 1615 parte
474 1556 643 1598 iterum
658 1553 919 1598 afferuntur
948 1568 958 1596 t

307 1627 373 1674 St.
399 1629 506 1686 Byz.
531 1642 542 1669 τ
569 1622 826 1682 Κυνητικὸν,
842 1622 1033 1688 Ἰ6ηρίας
1052 1623 1181 1677 τόπος
1203 1621 1386 1679 πλησίον
1407 1622 1542 1667 ὠκεα-

240 1701 333 1745 νοῦ.
362 1697 604 1762 Ἡρόδωρος
626 1697 792 1759 δεκάτῳ
816 1699 899 1743 τῶν
921 1695 1016 1742 καθ’
1039 1694 1274 1760 Ἡρακλέα.

306 1771 438 1816 Idem
459 1788 469 1815 ε
487 1771 675 1831 Γλῆτες,
700 1767 812 1822 ἔθνος
836 1767 1050 1832 ’16ηρικὸν
1077 1768 1186 1831 μετὰ
1205 1765 1300 1821 τοὺς
1322 1765 1538 1824 Κύνητας.

240 1840 340 1907 Ἤρ.
366 1842 550 1908 δεκάτῳ.

306 1920 377 1962 De
397 1933 447 1961 re
471 1934 517 1961 v.
539 1918 706 1963 Ukert.
734 1915 904 1976 Geogr.
933 1917 1002 1972 ΙΙ,
1033 1931 1077 1971 2,
1100 1931 1147 1975 p.
1178 1913 1455 1969 245—2‘51.

855 2025 932 2054 21.

306 2098 510 2142 Rediens
533 2099 756 2142 Hercules
782 2098 963 2141 Italiam
993 2097 1275 2157 peragravit.
1303 2099 1359 2142 V.
1391 2099 1540 2157 Apol—

242 2169 397 2214 lodor.
424 2172 495 2226 ΙΙ,
526 2169 551 2215 5
566 2204 577 2226 ‚
601 2187 682 2226 10,
717 2186 792 2226 10,
813 2170 895 2213 ubi
919 2170 1230 2229 geographica
1250 2170 1465 2228 quaedam
1485 2186 1542 2214 ex

239 2257 372 2286 more
387 2241 666 2286 Herodoreo
683 2243 971 2285 intexuntur.
986 2242 1220 2300 Expressis
1228 2243 1383 2287 verbis
1395 2245 1542 2287 Hero-

241 2315 413 2358 dorum
437 2314 597 2358 laudat
614 2315 886 2373 Stephanus.

307 2388 528 2447 Stephan.
550 2388 696 2446 Byz.:
723 2384 967 2441 Πευκέτιοι,
987 2384 1102 2439 ἔθνος
1117 2385 1280 2450 περὶτὸ
1298 2385 1446 2434 Ἰόνιον
1468 2387 1541 2434 πέ-

240 2448 312 2504 λα
299 2476 385 2518 (ος.
413 2457 477 2506 Τὸ
503 2456 663 2504 ἐθνικὸν
691 2457 926 2505 Πευκετιεύ
932 2455 1233 2524 ς.Ἡρο’δωρος
1255 2458 1298 2506 83
1323 2479 1397 2506 και
1422 2462 1540 2508 Πευ-

240 2531 373 2584 κετεῖς
392 2529 544 2584 αὐτους
567 2531 707 2576 καλεῖ.

834 2596 958 2659 [22]

306 2694 415 2737 Post
429 2693 523 2736 haec
540 2691 601 2736 ad
620 2693 931 2758 Hesperidum
943 2708 1080 2752 poma
1097 2695 1387 2754 apportanda
1405 2698 1542 2740 emis-

242 2780 316 2809 sus
338 2765 596 2823 permeavit
619 2765 816 2823 Libyam
841 2762 1149 2823 (Apollodor.
1173 2767 1220 2809 II
1234 2800 1245 2821 ,
1279 2765 1305 2810 5
1320 2801 1331 2822 ,
1363 2783 1380 2810 1
1397 2784 1434 2822 1,
1462 2774 1486 2821 4
1507 2766 1536 2830 ).

308 2837 461 2896 Steph.
474 2838 580 2896 Byz.
603 2852 613 2879 x
634 2830 1022 2897 Καλαμένθη,ἥ’τις
1035 2834 1108 2881 καὶ
1126 2836 1404 2900 Καλαμίνθη,
1419 2838 1542 2892 πόλις

177 2933 183 2938 ·
243 2907 425 2965 Λι6ύης.
445 2906 679 2960 Ἑκαταῖος
695 2906 961 2971 Περιηγησει
982 2907 1054 2973 (fr.
1084 2909 1217 2970 312).
1237 2911 1444 2974 Κρεῒττον
1466 2931 1539 2959 ουν

242 2983 298 3034 ὡς
322 2979 552 3045 Ἡρόδοτος
579 2979 596 3042 [
605 2977 845 3044 Ἡρόδωρος
856 2980 892 3043 Ρ]
916 2979 987 3026 διὰ
1002 2984 1075 3027 τοῦ
1100 2999 1137 3039 ι,
1163 2980 1285 3036 πόλις
1309 2983 1541 3030 Φοινίκων.

852 3060 931 3104 23.

311 3146 468 3200 Schul.
497 3148 654 3208 Apoll.
692 3148 1060 3204 Rh.11‚1248
1091 3165 1101 3193 :
1138 3147 1382 3213 εΗρόδωρος
1419 3149 1541 3205 ξένως

275 3242 2891 3271 ---·---——-—-—--——-————-—-————-—-——----——.—.-—.-—

1153 277 1487 327 HERODORI
1527 275 2004 324 RERACLEENSIS

245 3284 359 3325 lbere
372 3282 534 3323 flumine
556 3282 613 3323 sic
635 3282 741 3323 dicta
754 3313 765 3333 ,
784 3282 898 3334 cujus
910 3285 1093 3324 meminit
1114 3286 1379 3336 Apollodorus
1397 3288 1466 3327 lib.
1485 3292 1538 3328 ll.
1575 3299 1580 3311 ·

244 3347 525 3398 Descriptionis
539 3348 704 3387 terrae...
722 3350 834 3388 Hanc
855 3347 896 3387 in
912 3349 1059 3389 multas
1071 3352 1206 3399 gentes
1221 3349 1343 3390 dividi
1359 3352 1541 3402 perhibet

245 3412 474 3453 Herodorus
496 3412 599 3457 libro
622 3412 776 3452 decimo
805 3413 987 3454 Historiae
1014 3425 1137 3465 quam
1167 3415 1216 3455 de
1241 3417 1411 3456 Hercule
1445 3429 1542 3456 con-

245 3477 455 3529 scripsit-a
435 3479 579 3518 ‹Gens
595 3477 682 3517 haec
696 3477 870 3528 iberica,
888 3479 968 3528 ait,
987 3491 1109 3530 quam
1129 3479 1219 3520 dico
1235 3481 1433 3521 maritima
1454 3484 1537 3522 tra-

243 3543 339 3593 jecti
366 3542 569 3592 habitare,
601 3543 785 3594 quamvis
803 3554 882 3583 una
910 3555 1004 3594 gens
1031 3545 1103 3595 sit,
1132 3545 1298 3585 diversis
1319 3548 1454 3587 tamen
1473 3559 1541 3587 no-

250 3608 425 3654 minibus
450 3608 670 3649 secundum
705 3609 834 3649 tribus
862 3609 1049 3650 distincta
1072 3611 1145 3651 est.
1170 3614 1227 3651 Ac
1254 3612 1427 3663 primum
1452 3613 1542 3663 qui·

246 3674 338 3713 dem
361 3673 427 3724 qui
451 3671 582 3714 ultimi
608 3682 747 3712 versus
763 3683 952 3712 occasum
976 3673 1180 3725 habitant,
1203 3677 1374 3725 Cynetes
1408 3677 1542 3727 appel-

246 3739 404 3786 lantur;
429 3736 480 3776 ab
491 3735 552 3776 his
566 3746 705 3776 versus
720 3736 948 3787 aquilonem
966 3737 1145 3777 tendenti
1164 3741 1382 3779 occurrunt
1393 3741 1541 3791 Gletes,

245 3803 389 3846 deinde
402 3800 765 3851 Tartessii,deinde
791 3801 981 3852 Elbysinii
996 3832 1007 3852 ‚
1025 3803 1112 3842 tum
1139 3804 1339 3856 Caspiani,
1357 3807 1446 3856 post
1470 3806 1542 3845 hos

245 3871 307 3909 est
322 3867 548 3909 Rhodanus.
574 3882 594 3902 ι»
857 3921 909 3961 21
978 3928 983 3934 ι

301 3990 494 4040 Peucetii,
520 3990 688 4040 populus
714 3990 819 4028 eirca
847 4001 957 4029 mare
990 3990 1158 4030 lonium.
1196 3993 1360 4034 Gentile
1396 3996 1538 4034 Πευκε-

245 4056 373 4104 τιεύ;;
395 4054 624 4095 Herodorus
639 4065 735 4093 vero
754 4055 955 4149 Πέυκὲτὶεῐς
974 4065 1041 4094 eos
1062 4056 1253 4096 nominat.

893 4111 903 4126 6

301 4175 573 4224 calamenthe,
587 4175 684 4227 urbs
704 4174 850 4225 Libyae,
867 4175 933 4227 sed
953 4176 1097 4214 rectius
1113 4176 1217 4225 apud
1234 4177 1480 4217 Her‹).lorum
1495 4179 1542 4228 (ζ’)

250 4251 347 4290 pert
371 4240 571 4289 scribitur,
595 4239 842 4279 calaminum
862 4256 871 4278 :
890 4228 984 4278 urbs
1007 4239 1252 4280 i‘hwnimun.

1576 1692 1579 1694 -
1613 1635 1839 1697 γενόμενον
1874 1637 2036 1700 ἱστορεῖ
2057 1634 2178 1702 παρὰ
2211 1634 2442 1691 Ἄτλαντος
2477 1641 2549 1685 τοῦ
2581 1638 2803 1704 βαρὸάρου
2838 1645 2913 1689 τοῦ

2130 231 2154 251 ἢ

1608 401 1708 447 περι
1727 385 1812 430 τῶν
1834 383 2004 445 δεσμων
2029 402 2102 431 του
2128 385 2391 448 Προμηθέως
2410 388 2562 431 ταῦτα·
2585 376 2692 432 εἶναι
2720 385 2803 452 γὰρ
2827 387 2908 435 αὖ-

1610 599 1682 647 τὸν
1712 599 1910 663 ποταμὸν
1949 601 2188 658 ἐπικλύζειν
2226 602 2281 650 τὰ
2315 602 2470 661 πεδία,
2505 603 2677 660 δεθῆναι
2709 604 2793 651 ὑπὸ
2824 623 2910 652 των
2950 601 2954 603 ⁴

1613 675 1852 721 Σκυθῶν·’
1832 674 2094 740 επιφανέντα
2131 673 2175 722 δὲ
2211 674 2461 741 Ἡρακλέα,
2486 673 2560 721 τὸν
2597 674 2676 738 μὲν
2714 677 2910 740 ποταμὸν

1613 744 1881 811 ἀποστρέψαι
1906 749 1964 800 εἷς
1985 745 2065 806 τὴν
2086 747 2323 795 θάλασσαν·
2356 747 2431 794 καὶ
2452 747 2523 794 διὰ
2544 751 2671 795 τοῦτο
2691 752 2911 811 μεμυθεῦ-
2962 788 2970 799 .

1614 821 1713 865 σθαι
1731 817 1993 884 ἀνῃρηκέναι
2007 818 2079 866 τὸν
2101 819 2224 867 ἀετὸν
2243 818 2489 886 Ἡρακλέα·
2509 819 2581 867 τὸν
2607 819 2651 867 δὲ
2673 820 2912 887 Προμηθέα
2955 866 2965 883 ,

1613 890 1742 936 λῦσαι
1764 891 1849 937 τῶν
1869 890 2054 951 δεσμῶν.
2927 895 2931 900 ’

1678 966 1789 1014 Haec
1821 979 2011 1024 quoque
2042 966 2294 1011 Her-odoro
2321 967 2557 1011 inventori
2581 967 2912 1027 accepta’refe·

1613 1036 1761 1080 renda
1802 1046 1964 1092 erunt3
2004 1038 2169 1082 eadem
2206 1039 2256 1082 in
2293 1054 2402 1083 usus
2437 1054 2543 1083 suos
2580 1048 2914 1086 converterunt
2955 1027 2970 1063 ’ἶ

1613 1109 1828 1168 Agroctas
1850 1109 1900 1151 in
1931 1109 2156 1168 Scythicis
2177 1125 2252 1169 ap.
2285 1111 2431 1154 schol.
2463 1112 2554 1169 Ap.
2579 1111 2674 1155 Rh.·
2710 1112 2744 1155 l.
2780 1113 2839 1168 l.‚
2866 1115 2913 1158 et·

1615 1189 1779 1225 auctor
1801 1181 2004 1225 Diodori
2024 1184 2046 1226 I
2059 1216 2071 1238 ‚
2105 1198 2161 1242 19
2174 1216 2186 1237 ‚
2205 1184 2291 1239 ni'si
2316 1181 2448 1242 quod
2467 1184 2577 1228 huic
2595 1180 2736 1236 Ἀετὸς
2753 1194 2818 1229 est
2832 1185 2912 1230 Ni·
2952 1190 2978 1231 ’-

1613 1253 1684 1297 lus
1717 1251 1910 1309 fluvius,
1952 1262 1998 1297 et
2041 1255 2348 1299 Prometheus
2382 1254 2626 1316 praefectus
2657 1258 2912 1316 provinciae
2945 1271 2956 1297 1

1614 1325 1819 1386 AEgypti.
2970 1319 2975 1328 ²

2205 1405 2323 1466 (24.)

1680 1493 1822 1538 Clem.
1840 1494 1973 1537 Alex.
1991 1494 2166 1540 Strom.
2180 1495 2220 1549 Ι,
2238 1509 2277 1540 e.
2307 1493 2381 1538 15.
2397 1510 2446 1554 p.
2464 1494 2559 1539 360
2572 1496 2697 1539 Pott.
2713 1529 2725 1551 ‚
2765 1497 2870 1554 132,
2883 1514 2915 1559 9
2955 1499 2970 1544 .'

1614 1565 1743 1624 Sylh.
1767 1581 1777 1609 τ
1803 1562 2047 1629 Ἡρόδωρος
2068 1562 2112 1610 83
2132 1562 2203 1611 τὸν
2224 1563 2446 1629 Ἡρακλέα
2474 1565 2626 1628 μάντιν
2647 1565 2722 1613 καὶ
2737 1569 2914 1632 φυσικὸν

1618 1707 1792 1774 Φρυγὸς
1821 1708 2094 1773 διαδέχεσθαι
2118 1708 2214 1762 τοὺς
2236 1713 2310 1756 τοῦ
2337 1709 2502 1772 κόσμου
2525 1710 2691 1770 κίονας,
2723 1715 2914 1761 αἰνιττο-

1615 1779 1744 1841 μένου
1766 1800 1840 1827 του
1866 1781 1999 1842 μύθου
2020 1780 2098 1839 τὴν
2119 1785 2202 1828 τῶν
2225 1781 2432 1847 οὐρανίων
2457 1783 2701 1847 ἐπιστήμην
2724 1785 2912 1847 μαθήσει

1614 1851 1905 1916 διαδέχεσθαι.
1943 1860 1949 1865 ’

1682 1927 1862 1971 Eodem
1895 1927 2040 1972 modo
2075 1936 2282 1972 statuunt
2325 1931 2599 1991 Xenagoras
2646 1947 2723 1992 ap.
2765 1933 2912 1982 schol.

1613 2001 1994 2059 Aristoph.Nub.
2020 2001 2305 2060 397‚etsch.
2331 2005 2628 2066 Ap.Rh.1V‚
2653 2005 2765 2062 264,
2790 2008 2914 2052 Dio-

1615 2071 1719 2116 dor.
1748 2074 1844 2129 111,
1873 2071 1954 2133 59,
1980 2074 2076 2120 Cic.
2103 2075 2234 2119 Tusc.
2259 2077 2315 2132 V,
2344 2075 2389 2132 3,
2415 2077 2535 2122 Plin.
2562 2078 2620 2122 H.
2644 2078 2704 2124 N.
2732 2080 2804 2134 II,
2833 2079 2879 2126 6.

1679 2146 1830 2190 Cram.
1846 2146 2025 2190 Anecd.
2042 2147 2187 2191 Paris.
2204 2149 2266 2203 ΙΙ,
2280 2164 2328 2207 p.
2354 2148 2442 2193 381
2465 2165 2475 2192 ε
2495 2146 2727 2210 Ἔγέννησε
2747 2148 2790 2196 δὲ
2803 2149 2916 2204 ’Ζεὺς
2959 2156 2964 2160 ”

1613 2214 1688 2261 καὶ
1713 2213 1856 2280 ἕτερον
1890 2215 1979 2263 υιὸν
2010 2215 2191 2280 ὀνόματι
2215 2217 2416 2284 “Ηρακλη
2439 2219 2550 2282 μετὰ
2574 2220 2816 2283 Ἀλκμηνης
2839 2242 2916 2281 της

1614 2287 1834 2346 Θη6αίας,
1859 2289 1903 2342 ὃς
1935 2288 2095 2348 ἐκλήθη
2120 2290 2383 2357 τριέσπερος,
2404 2303 2508 2352 εἰσ,
2533 2303 2613 2354 etc
2637 2293 2683 2340 ὃν
2703 2294 2915 2361 γράφουσι
2956 2286 2965 2291 ’

1615 2359 1744 2424 δορὰν
1763 2359 1930 2415 λέοντος
1954 2380 2170 2452 φρρουντα
2185 2382 2260 2410 και
2280 2363 2466 2429 ῥόπαλον
2487 2364 2694 2430 φέροντα,
2710 2367 2808 2432 τρία
2830 2372 2915 2430 μῆ*
2952 2386 2969 2426 ᾖ

1613 2434 1670 2479 λα
1688 2450 1944 2497 κρατουντα·
1971 2433 2080 2499 ἅπερ
2101 2435 2200 2500 τρία
2221 2439 2340 2524 μηλα
2363 2438 2595 2502 ἀφελέσθαι
2613 2437 2740 2486 αὐτὸν
2762 2442 2913 2503 {tr-uec>
2952 2430 2961 2439 ν’

1615 2504 1822 2569 λόγησαν,
1839 2525 1902 2553 τω
1920 2507 2096 2573 ῥοπάλῳ
2110 2508 2376 2572 φονεύσαντα
2390 2510 2461 2557 τὸν
2476 2509 2704 2575 δράκοντα·
2718 2487 2914 2563 τούτέστι
2952 2547 2967 2575 4

1614 2576 1852 2634 νικήσαντα
1876 2577 1947 2625 τὸν
1973 2580 2279 2631 πολυποίκιλον
2310 2601 2399 2639 της
2407 2590 2562 2647 πικρᾶς
2590 2583 2817 2646 ἐπιθυμίας
2838 2586 2914 2633 λο-

1613 2649 1770 2712 γισμὸν
1797 2649 1866 2696 διὰ
1891 2670 1966 2698 του
1995 2653 2184 2717 ῥοπάλου
2214 2673 2292 2711 της
2316 2653 2634 2744 otkooocpiotc„’'
2610 2673 2765 2720 εχοντα
2787 2676 2916 2723 περι-

1617 2721 1789 2769 6όλαιον
1814 2721 2013 2788 φρόνημα
2032 2727 2088 2779 ὡς
2112 2725 2242 2790 δορὰν
2265 2724 2445 2779 λέοντος·
2466 2726 2540 2773 καὶ
2564 2725 2697 2780 οὕτως
2717 2728 2917 2793 ἀφείλετο

1616 2792 1669 2838 τὰ
1695 2795 1888 2855 μηλα,“
1871 2793 1976 2860 ὅπερ
2007 2795 2097 2842 ἐστὶ
2130 2799 2243 2861 τρεῖς
2274 2795 2447 2861 ἀρετὰς,
2478 2798 2526 2844 τὸ
2551 2796 2612 2857 μὴ
2647 2800 2915 2863 ὀργίζεσθαι,

1617 2863 1666 2910 τὸ
1693 2864 1753 2926 μὴ
1776 2867 2031 2931 φιλαργυρε
2017 2886 2069 2926 ιν,
2092 2866 2141 2914 τὸ
2163 2867 2223 2930 μὴ
2243 2869 2498 2933 φιληδονεῗψ
2521 2869 2591 2916 διὰ
2609 2869 2693 2933 γὰρ
2709 2871 2757 2918 τὸ
2779 2871 2914 2938 ρόπα

1616 2938 1688 2983 λον
1709 2940 1782 2994 τ’ἧς
1801 2943 2056 3003 καρτερικῆς
2075 2941 2239 3005 ψυχῆς,
2259 2940 2333 2987 και
2356 2945 2432 2998 τῆς
2460 2943 2583 3007 δορᾶς
2601 2947 2676 2989 τοῦ
2695 2946 2913 3007 θρασυτά-

1614 3029 1689 3057 του
1725 3009 1938 3076 σώφρονος
1971 3014 2200 3075 λογισμοῦ,
2232 3013 2401 3073 ἐνίκησε
2431 3014 2502 3061 τὸν
2530 3014 2619 3061 υἱὸν
2645 3019 2718 3074 τῆς
2750 3018 2915 3081 φαύλης

1615 3083 1854 3144 ἐπιθυμίας·
1874 3084 2167 3150 φιλοσοφήσας
2189 3085 2317 3151 μέχρι
2338 3086 2544 3146 θανάτου,
2567 3086 2709 3142 καθὼς
2728 3087 2916 3154 Ἡρόδο-

1613 3174 1683 3208 τος
1711 3156 1723 3219 (
1742 3155 1986 3222 Ἡρόδωρος
2009 3161 2216 3205 Lobeck.
2238 3162 2342 3221 Agl.
2365 3177 2415 3221 p.
2447 3162 2598 3223 1310)
2625 3163 2648 3208 8
2668 3161 2915 3228 σοφώτατος

1666 3363 1894 3404 Herodorus
1909 3375 2014 3404 novo
2035 3366 2152 3416 plane
2178 3367 2295 3406 modo
2315 3367 2562 3408 devineulis
2583 3370 2806 3411 Promethei
2821 3383 2916 3413 nar-

1616 3430 1678 3467 rat
1694 3429 1781 3469 haec
1803 3445 1813 3469 ι
1841 3431 1960 3470 fuisse
1978 3433 2258 3472 Prometheum
2279 3427 2410 3483 regem
2429 3434 2668 3483 Scytharum
2683 3448 2695 3484 ;
2712 3445 2888 3488 eumque
2902 3469 2914 3488 ,
2946 3451 2952 3454 ·

1616 3503 1743 3542 quum
1777 3496 1941 3545 propter
1975 3496 2175 3546 regionem
2209 3497 2365 3547 Aquilae
2394 3497 2507 3537 fluvii
2529 3498 2642 3549 aquis
2667 3499 2914 3543 submersam

1615 3557 1784 3599 subditis
1799 3559 1850 3599 ad
1864 3560 1987 3600 vitam
2003 3561 2221 3611 necessaria
2234 3562 2412 3612 praebere
2430 3573 2511 3602 non
2527 3563 2740 3616 potuisset,
2760 3567 2802 3607 in
2823 3568 2914 3609 vin·
2943 3565 2945 3570 ⁴

1618 3622 1708 3661 cula
1723 3633 1746 3662 a
1762 3624 1919 3674 Scythis
1934 3624 2161 3674 conjectum
2177 3636 2276 3666 esse.
2301 3625 2515 3666 Advenisse
2537 3626 2680 3668 deinde
2703 3629 2916 3673 Herculem
2936 3622 2942 3678 [

1619 3686 1658 3724 et
1684 3697 1826 3727 averso
1858 3688 1898 3727 in
1923 3699 2033 3728 mare
2057 3688 2181 3728 fluvio
2210 3688 2343 3739 (unde
2369 3689 2501 3728 sabula
2532 3692 2619 3730 orta
2637 3691 2688 3732 de
2706 3694 2839 3745 aquila
2863 3697 2916 3738 ab
2947 3694 2949 3697 ’

1619 3751 1790 3791 Hercule
1808 3751 2063 3802 interfecta),
2085 3751 2253 3793 vinculis
2271 3752 2553 3793 Prometheum
2569 3753 2769 3798 liberasse.

1670 3884 1897 3925 Herodorus
1918 3887 2052 3926 narrat
2071 3887 2283 3926 Herculem
2299 3916 2310 3937 ,
2333 3885 2572 3928 vaticinandi
2599 3891 2687 3930 arte
2713 3893 2754 3931 et
2780 3899 2941 3942 rerum-⁵

1621 3949 1860 3989 naturalium
1886 3949 2051 3990 scientia
2080 3950 2306 4000 imbutum,
2338 3949 2446 4000 apud
2471 3951 2672 3992 Atlantem
2699 3949 2944 3999 barban-un?

1622 4012 1835 4063 Phrygium
1857 4013 1996 4053 mundi
2014 4013 2219 4053 columnas
2238 4013 2439 4064 excepisse
2467 4014 2559 4064 dici,
2588 4016 2832 4066 significante
2860 4021 2894 4066 ἰ,

1622 4076 1754 4116 sabula
1781 4079 1984 4127 acceptam
2002 4077 2170 4117 Atlantis
2187 4076 2390 4128 disciplina
2405 4077 2628 4119 coelestium
2643 4080 2861 4123 scientiam.
2919 4070 2926 4114 7
