3008 4542
182 206 330 266 5578

235 383 293 432 εἰς
314 379 390 438 τὴν
418 379 610 430 Ἑλλάδα
636 384 904 445 ἀφικνεῖται,
932 381 1154 446 κρατήσας
1177 400 1223 428 τε
1253 386 1327 429 τοῦ
1351 381 1530 447 Ἄργους

236 450 453 514 βασιλεύει
473 455 556 498 τῶν
578 451 797 516 Ἀργείων.

301 524 354 587 ιγ’
383 523 396 540 ²
409 529 443 571 P
458 545 482 571 α
498 522 594 585 μεσ
607 543 632 572 σ
645 528 673 583 ’ἧ
687 545 706 578 ς
743 526 833 589 (sic
847 543 904 572 ex
921 527 1090 572 Euseb.
1116 529 1246 571 Arm.
1272 527 1526 583 Dindorf.;

231 599 340 645 libri
365 597 604 660 Ἀμμεσῆς)
628 600 650 644 ὃ
673 597 747 645 καὶ
772 586 1015 662 Αἴγυπτος,
1037 597 1111 655 ἔτη
1137 593 1217 654 ξηΊ.

300 667 351 716 ιδ’
377 669 424 717 ’A
442 668 717 734 μμένωφις
744 669 819 728 ἔτη
846 669 910 732 μ’.

296 739 437 803 Ὁμοῦ
463 740 538 799 ἔτη
559 740 680 802 τμη’.
884 804 889 807 .

243 807 246 809 Δ
298 814 573 879 Προσέθηκεν
594 813 698 880 ὑπὲρ
722 815 793 862 τὸν
823 811 1075 879 Ἀφρικανὸν
1104 811 1178 870 ἔτη
1219 811 1287 858 ‘trs'
1319 810 1528 866 Εὐσέὸιος

230 886 343 934 κατὰ
375 880 468 944 ‘viv
516 888 572 946 ιη’
614 886 882 936 δυναστείαν.
917 888 1092 933 Eadem
1130 887 1368 947 Syncellus
1409 887 1529 932 dixit

227 977 278 1022 p.
309 961 388 1023 62,
416 963 451 1007 C
479 977 491 1009 t
521 959 727 1013 Εὗσέὸιος
748 958 822 1015 δύο
845 959 1036 1023 βασιλεῖς
1058 955 1357 1023 περιέκρυψεν,
1384 956 1464 1021 ἔτη,
1483 956 1527 1005 δὲ

230 1032 469 1095 προσέθηκε
483 1032 569 1092 πε’,
593 1033 695 1096 τμη’
705 1032 911 1096 παραθεὶς
932 1031 1024 1078 ἀντὶ
1051 1030 1141 1094 σξγ’
1164 1033 1247 1077 τῶν
1265 1029 1368 1096 παρ’
1382 1030 1526 1095 Ἀφρι-

229 1107 361 1168 κανῷ.
393 1107 505 1165 Quae
537 1116 795 1166 sequuntur
814 1107 963 1166 legas,
990 1106 1026 1149 si
1050 1104 1195 1161 lubet,
1219 1103 1527 1164 apud'ipsum

228 1178 510 1238 syncellum.

295 1251 466 1297 Euseb.
500 1250 678 1301 Chron.
698 1266 748 1311 p.
781 1265 842 1310 99
868 1266 879 1293 ;
912 1251 1104 1294 Decima
1128 1258 1288 1294 octava
1307 1249 1526 1307 dynastia

228 1323 589 1383 Diospolitarum
612 1324 742 1368 XIV
760 1337 916 1382 regum
932 1357 942 1376 ,
971 1337 1157 1382 quorum
1172 1326 1351 1382 primas

293 1401 483 1441 Amoses
521 1401 655 1440 annis
675 1396 831 1440 XXV
867 1393 970 1455 (an.
1003 1395 1175 1439 Abrah.
1215 1380 1522 1453 294—318).

297 1469 510 1515 Chebron
549 1473 686 1513 annis
709 1469 853 1513 XIII
880 1466 942 1528 (a.
964 1466 1081 1513 Abr.
1112 1464 1413 1526 319—331).

228 1574 230 1576 ψ
293 1542 523 1603 Amophis
546 1546 685 1586 annis
700 1543 840 1586 XXI
892 1539 958 1601 (a.
986 1541 1102 1587 Abr.
1131 1537 1441 1600 332—353).

294 1615 563 1675 Memphres
593 1619 730 1659 annis
752 1615 870 1659 XII
905 1618 971 1674 (a.
996 1614 1112 1659 Abr.
1144 1611 1455 1672 354—365).

294 1686 734 1747 Mespharmuthosn
763 1690 901 1730 annis
924 1686 1110 1731 XXVI
1136 1683 1199 1747 (a.
1217 1684 1338 1732 Abr.
1366 1683 1521 1730 366-

231 1761 370 1821 391).

295 1834 552 1878 Tutlimosis
578 1838 715 1877 annis
733 1835 821 1878 IX
842 1831 911 1894 (a.
940 1833 1054 1878 Abr.
1092 1830 1392 1893 392—400).

293 1905 574 1966 AmenoplziS
592 1909 726 1949 annis
745 1907 938 1949 XXXI
957 1903 1023 1968 (a.
1052 1905 1168 1952 Abr.
1209 1903 1462 1957 401—431
1485 1904 1518 1966 ).

228 1979 317 2023 Hic
336 1988 407 2022 est
420 1982 497 2038 qui
514 1980 734 2022 Memnon
748 1979 1019 2038 putabatur,
1036 1987 1174 2039 petra
1192 1980 1391 2037 loquens,

296 2051 413 2095 Orus
435 2055 569 2094 annis
597 2051 852 2094 XXVIII.
890 2047 993 2110 (gr.
1017 2046 1107 2104 λη’.
1144 2050 1202 2092 In
1249 2064 1352 2093 can.
1387 2050 1520 2092 Arm.

229 2122 308 2180 37,
332 2123 389 2167 ab
418 2138 460 2166 a.
488 2124 605 2168 Abr.
632 2121 931 2182 432—463).

291 2195 613 2240 Achencheres
635 2199 773 2239 annis
795 2196 929 2239 XVI
961 2193 1033 2253 (in
1054 2193 1167 2241 Can.
1195 2194 1310 2254 XII,
1338 2208 1382 2239 a.
1406 2193 1521 2237 Abr.

228 2267 534 2328 469—480).
562 2271 712 2325 Hujus
729 2277 869 2312 oetate
892 2268 1051 2311 Moses
1075 2267 1235 2309 ducem
1258 2281 1306 2308 se
1313 2266 1529 2325 proebuit

226 2342 438 2385 Hebraeis
475 2342 536 2385 ab
556 2344 758 2402 AEgypto
780 2339 1120 2384 excedentibus,
1152 2337 1452 2400 [Sequuntur
1477 2339 1526 2381 in

232 2415 422 2459 Canone
443 2430 453 2457 :
482 2413 666 2460 Athoris
683 2428 759 2457 an.
788 2428 818 2472 9
840 2410 1148 2473 (481—489)
1176 2419 1222 2455 et
1241 2409 1526 2456 Chencheres

226 2502 302 2532 an.
338 2486 394 2531 16
423 2484 596 2547 (490-
616 2483 789 2546 505)].

294 2558 532 2602 Ancheres
557 2562 695 2602 annis
722 2557 856 2601 VIII
899 2555 964 2617 (a.
993 2557 1109 2602 Abr.
1141 2553 1446 2616 506—513).

293 2631 464 2676 Cheres
485 2634 620 2674 almis
642 2631 744 2674 XV
766 2629 834 2689 (a.
863 2629 979 2676 Abr.
1007 2626 1312 2691 514—528).

292 2708 481 2748 Armais
504 2707 583 2763 qui
603 2713 652 2748 et
671 2705 865 2747 Danaus
888 2706 1025 2745 annis
1048 2703 1094 2743 V
1117 2701 1188 2762 (a.
1215 2702 1332 2748 Abr.
1363 2699 1525 2761 529-—

227 2775 320 2820 533
337 2774 375 2838 );
397 2778 562 2835 quibus
569 2779 789 2836 peractis,
823 2777 1140 2833 AEgyptiorum
1164 2778 1349 2833 regione
1367 2776 1527 2833 puLms

224 2852 566 2909 AEgyptumque
569 2846 775 2905 fratrem
796 2845 1142 2905 suumfugiem‘,
1158 2850 1303 2890 evasit
1326 2850 1373 2889 in
1394 2847 1524 2891 Groe-

223 2928 346 2966 ciam
363 2956 375 2978 ‚
405 2925 632 2981 Argisque
658 2924 826 2980 eapti5‚
862 2924 1105 2979 imperavit
1125 2921 1324 2979 Argivis.

289 2997 554 3047 Ramesses,
598 2998 679 3052 qui
727 3002 775 3036 et
806 2995 1050 3052 AEgyptus‚
1116 2994 1251 3035 annis
1295 2992 1530 3035 LXVIII

224 3067 296 3129 (a.
321 3067 436 3111 Abr.
465 3063 764 3124 534—601).

290 3136 575 3197 Amenophis
599 3135 897 3195 (MenophiS,
923 3134 1197 3194 Μεηορῆεε,
1226 3132 1364 3178 series
1387 3147 1517 3194 regg.

225 3209 408 3270 Arm.),
426 3214 562 3253 annis
586 3210 678 3252 XL
701 3206 762 3268 (a.
787 3208 904 3253 Abr.
931 3205 1235 3266 602—641).

290 3284 481 3327 Summa
499 3283 826 3326 dominacionis
849 3282 928 3326 CC
934 3280 1213 3324 CXLVIII.

294 3355 364 3400 Cf.
385 3357 525 3400 Vetus
546 3354 722 3399 Chron.
745 3368 755 3396 :
778 3350 832 3409 ιη’
852 3350 1076 3398 δυναστεία
1095 3351 1352 3415 Μεμφιτῶν,
1365 3349 1520 3412 γενεῶν

228 3425 300 3488 ιδ’,
323 3427 428 3471 ἐτῶν
457 3423 559 3486 τμη’
587 3424 753 3486 (348).

291 3502 345 3543 In
369 3509 573 3558 utroque
615 3497 721 3544 cod.
763 3496 965 3556 Syncelli
995 3498 1203 3557 dynastia
1249 3496 1346 3540 haec
1385 3495 1522 3539 fuisse

226 3571 399 3616 dicitur
421 3567 633 3634 βασιλέων
660 3568 729 3614 ιδ’.
767 3570 1007 3617 Consentit
1041 3571 1192 3633 versio
1228 3570 1518 3614 Armeniaca.

224 3645 420 3690 Accedit
457 3644 660 3703 denique
679 3677 689 3700 ‚
712 3642 843 3702 quod
882 3643 1061 3687 disertis
1089 3642 1246 3687 verbis
1282 3642 1520 3701 Syncellus

225 3732 275 3775 p.
309 3717 387 3772 62,
413 3717 447 3762 C
490 3715 605 3760 dicit
630 3729 641 3762 :
663 3710 871 3765 Εὐσέὸιος
893 3711 967 3759 δύο
1006 3713 1195 3777 βασιλεῖς
1219 3711 1517 3777 περιέκρυψεν.

226 3792 396 3835 Verum
413 3789 462 3832 in
481 3790 669 3835 Canone
690 3787 912 3832 Eusebius
927 3796 1134 3832 recenset
1149 3803 1278 3847 reges
1297 3786 1513 3832 sedecim.

225 3865 379 3919 Atque
405 3861 515 3904 hinc
540 3861 590 3904 in
610 3859 872 3919 Syncellum
893 3858 1000 3903 cod.
1026 3861 1066 3903 A
1090 3858 1170 3917 qui
1196 3859 1520 3903 desiderantur

836 4000 910 4039 52.

1124 199 1430 248 MANETHO
1442 203 1475 248 N
1487 201 1538 248 [S
1573 202 1966 252 SEBENNYTAE

237 307 459 371 Αἰγύπτου
483 307 676 355 ἐκπεσὼν
701 307 776 356 καὶ
799 307 966 375 φεύγων
985 307 1056 356 τὶν
1095 308 1276 374 ἀδελφὸν
1302 305 1524 372 Αἴγυπτον
1607 329 1736 374 reges
1778 315 1897 360 duos
1934 319 2101 377 aliquis
2143 318 2312 364 intulit.
2349 319 2406 362 Et
2452 327 2576 364 recte
2601 319 2820 380 quidem,
2843 331 2897 368 ut
2979 302 3001 378 3?

1605 386 1812 447 videtur,
1829 403 1974 447 quum
1991 390 2083 434 hoc
2105 389 2295 434 demum
2317 389 2463 434 modo
2488 393 2599 436 anni
2629 391 2749 450 348,
2778 410 2898 454 quos
2979 382 3003 436 <³

1604 458 1749 503 inesse
1771 460 1879 504 huic
1904 461 2122 521 dynastiae
2152 470 2317 506 auctor
2351 463 2529 519 voluit,
2572 466 2675 508 erui
2702 468 2896 525 possint.

1606 531 1843 589 Syncellus
1857 549 1942 579 nec
1952 551 2051 579 non
2061 535 2309 580 Armenius
2327 536 2575 581 translator
2588 538 2752 582 vitiato
2763 539 2897 584 Ense·

1604 602 1685 646 bio
1695 605 1765 648 usi
1780 614 1901 650 sunt.
1917 605 2068 664 Quam
2080 606 2214 652 facile
2232 621 2344 650 vero
2358 606 2509 651 scriba
2520 622 2547 652 a
2557 609 2747 654 nomine
2763 606 2899 656 Ἀκεν-
2979 607 3003 661 ’ξ’

2979 667 2994 688 ἡ

1604 671 1735 738 χέρης
1745 676 1804 720 ad
1813 678 2010 722 alterum
2019 679 2303 722 simillimum
2312 678 2546 735 aberrare,
2564 679 2768 739 ideoque
2781 681 2900 727 duos

1604 762 1734 808 reges
1754 751 1966 796 omittere
1981 751 2191 810 potuerit
2204 785 2217 807 ,
2243 750 2637 797 demonstratione
2663 767 2764 798 non
2778 762 2897 816 eget.
2942 748 2950 761 s

1607 843 1667 852 —
1686 822 1712 864 J
1715 836 1789 865 am
1811 822 1952 882 igitur
1967 824 2005 867 si
2018 825 2150 868 Horo
2166 824 2266 883 regi
2283 831 2448 868 octavo
2473 816 2651 870 tribuas
2667 840 2814 871 annos
2836 825 2906 871 38·
2979 880 2981 882 q
3001 851 3008 876 3

1608 890 1721 952 (λς’,
1745 893 1787 938 ἓν
1804 891 1924 957 ἄλλῳ
1945 893 2073 955 λη’),
2100 896 2268 940 Athori
2286 904 2439 941 autem
2465 912 2565 941 non
2586 894 2668 955 λθ’,
2702 907 2756 943 ut
2784 899 2895 946 cod.
2975 942 2983 951 ,

1604 966 1665 1011 Α.
1703 966 1934 1024 Syncelli‚
1969 967 2051 1011 sed
2084 963 2137 1024 θ’,
2162 968 2232 1011 uti
2269 967 2432 1012 Canon
2464 970 2682 1027 Eusebii,
2721 986 2901 1016 summa
2968 968 2983 1019 ,Ϊ

1605 1038 1786 1081 eruitur
1809 1053 2042 1082 annorum
2067 1038 2178 1092 348.
2215 1064 2281 1072 -
2311 1040 2528 1085 Ceterum
2563 1042 2767 1086 tabulam
2786 1043 2893 1088 sub·
2974 1034 3008 1099 J}

1597 1107 1838 1169 jungimus
1887 1125 1980 1169 qua
2031 1112 2216 1155 numeri
2262 1112 2511 1156 Eusebiani
2553 1113 2743 1159 diversis
2781 1116 2897 1160 locis
2975 1123 3008 1181 3

1602 1182 1817 1226 recensiti
1850 1192 2216 1243 componuntur.
2241 1182 2476 1244 Corrupta
2497 1186 2761 1242 notavimus
2783 1196 2900 1232 aste·

1602 1260 1742 1307 riSCO.

2221 1455 2339 1485 Canon
2581 1456 2693 1488 series
2765 1460 2875 1492 series

1800 1490 1900 1525 Sync.
1926 1489 2007 1520 cod.
2045 1489 2166 1521 Euseb.
2218 1510 2356 1540 Hieron.
2404 1491 2535 1523 Canon.
2578 1517 2696 1549 regum
2758 1521 2876 1553 regum

1891 1546 1930 1576 A·
2059 1546 2152 1575 Arm.
2216 1564 2356 1595 vallars.
2398 1547 2535 1577 ‘umen‘
2772 1570 2863 1600 Mm-

2082 1715 2130 1751 25
2260 1715 2309 1750 25
2445 1709 2488 1732 **
2614 1717 2664 1758 25
2791 1722 2840 1758 25

2085 1790 2131 1827 13
2263 1790 2307 1826 13
2445 1786 2488 1808 **
2616 1793 2662 1829 13
2793 1799 2839 1834 13

2082 1869 2128 1903 21
2260 1867 2303 1902 21
2438 1867 2483 1903 21
2615 1869 2660 1905 21
2791 1876 2837 1911 21

2085 1944 2131 1980 12
2262 1944 2308 1979 12
2437 1944 2485 1979 12
2616 1923 2662 1981 12
2795 1951 2839 1988 12

2082 2022 2132 2057 26
2260 2022 2310 2056 26
2437 2021 2486 2056 26
2615 2023 2664 2059 26
2790 2029 2840 2064 25

2286 2100 2310 2135 9
2462 2096 2504 2132 9,
2639 2099 2664 2136 9
2815 2107 2840 2142 9

2083 2176 2128 2212 31
2261 2174 2306 2210 31
2438 2173 2482 2212 31
2613 2175 2660 2212 31
2790 2183 2835 2218 31

2259 2249 2308 2287 38
2411 2244 2489 2286 *37
2616 2254 2664 2290 38
2789 2259 2839 2296 38

2440 2326 2487 2363 12
2617 2331 2663 2366 12
2793 2335 2839 2372 12

2462 2401 2487 2438 9
2618 2409 2664 2460 ,9
2813 2412 2852 2449 9.

2439 2479 2486 2514 16
2615 2483 2663 2520 16
2792 2486 2838 2522 16

2462 2555 2486 2591 8
2639 2560 2662 2597 8

2439 2633 2485 2669 15
2615 2637 2662 2675 15

2462 2712 2485 2747 5
2638 2715 2662 2750 5

2434 2787 2484 2824 68
2609 2791 2660 2827 68

2433 2862 2484 2899 40
2610 2865 2661 2902 40

1659 1506 1740 1537 Rex.

1705 1713 1722 1747 1

1703 1790 1725 1827 2

1703 1865 1726 1902 3

1702 1942 1726 1979 4

1704 2020 1727 2055 5

1702 2098 1726 2132 6

1702 2173 1723 2210 7

1703 2251 1726 2287 8

1679 2406 1696 2596 ι-ιι-ιι-ιι

1702 2327 1726 2597 tua-⁸0&

2762 2632 2836 2675 *12

1674 2637 1695 2904 t-ni-st-*t—

1699 2638 1725 2905 Φωῶω

1854 3191 2165 3236 DYNASTIA
2205 3190 2442 3236 DECIMA
2473 3191 2659 3238 NONA.

2203 3306 2229 3351 5
2237 3321 2263 3350 2
2273 3339 2285 3352 .

1663 3426 1688 3469 J
1695 3424 1893 3483 osephus
1913 3423 1965 3469 C.
1990 3423 2166 3482 Apion.
2191 3420 2231 3479 I,
2258 3422 2319 3467 26
2347 3438 2358 3466 :
2386 3419 2489 3486 Ἐφ’
2515 3422 2605 3473 ἑνὸς
2643 3418 2696 3478 δὴ
2719 3419 2891 3484 πρώτου

1599 3494 1746 3552 στήσω
1771 3494 1843 3540 τὸν
1861 3492 1986 3556 λόγον
2007 3484 2043 3558 ᾧ
2078 3491 2152 3539 καὶ
2173 3491 2356 3558 μάρτυρι
2376 3491 2534 3557 μικρὸν,
2551 3491 2791 3556 ἔμπροσθεν
2814 3495 2890 3550 τῆς

1598 3565 1881 3631 ἀρχαιότητος
1897 3564 2168 3628 ἐχρησάμην.
2187 3563 2244 3612 Ὁ
2268 3563 2351 3629 γὰρ
2377 3563 2588 3612 Μανεθὼν
2611 3557 2745 3623 οἶτος,
2767 3568 2790 3612 ὁ
2810 3565 2888 3623 τὴν

1597 3636 1898 3702 Αἰγυπτιακὴν
1913 3636 2104 3702 ἱστορίαν
2121 3639 2170 3684 ἐκ
2196 3639 2281 3684 τῶν
2301 3639 2425 3702 ἱερῶν
2446 3635 2713 3701 γραμμάτων
2743 3642 2892 3699 μεθερ·

1597 3709 1794 3774 μηνεύειν
1812 3707 2125 3774 ὑπεσχημένος,
2138 3707 2355 3774 προειπὼν
2369 3707 2465 3762 τοὺς
2475 3707 2711 3773 ἡμετέρους
2729 3708 2890 3774 προγό-

1596 3802 1688 3837 νους
1727 3782 1908 3836 πολλαῖς
1949 3780 2150 3846 μυριάσιν
2186 3779 2257 3826 ἐπὶ
2301 3777 2381 3838 τὴν
2421 3778 2643 3844 Αἴγυπτον
2690 3780 2890 3836 ἐλθόντας

1595 3857 1812 3919 κρατῆσαι
1827 3856 1919 3900 ’τῶν
1944 3852 2232 3911 ἐνοικούντων,
2256 3843 2334 3899 εἶτ’
2356 3850 2483 3906 αὐτὸς
2507 3853 2728 3916 ὁμολογῶν
2747 3851 2890 3919 χρόνῳ

1596 3992 1782 4032 Manetho
1796 4022 1807 4042 ,
1824 3989 1893 4041 qui
1918 3989 2121 4029 historiam
2142 3989 2413 4040 AEgyptiacam
2440 4001 2462 4030 e
2482 3991 2603 4031 sacris
2622 3990 2745 4031 literis
2760 3991 2885 4031 inter·
2955 4031 2958 4038 ,

1597 4055 1741 4106 pretari
1766 4053 1966 4103 pollicitus
1994 4054 2079 4102 est,
2106 4053 2296 4102 praefatus
2316 4054 2475 4094 nostros
2501 4054 2768 4105 progenitores
2791 4065 2884 4094 cum
2958 4047 2959 4050 ’

280 4114 338 4154 Ad
365 4126 488 4154 unum
506 4115 640 4165 itaque
669 4115 915 4166 praecipuum
935 4114 1158 4154 orationem
1182 4115 1348 4154 reseram
1364 4145 1374 4164 ‚
1400 4126 1522 4166 quem
1598 4118 1733 4158 multis
1752 4115 1996 4168 myriadibus
2009 4116 2050 4154 in
2074 4116 2287 4166 AEgyptum
2309 4116 2535 4168 advenisse,
2558 4118 2723 4168 eJusque
2741 4116 2888 4158 incolas

229 4180 362 4233 paullo
387 4187 478 4222 ante
509 4179 755 4232 antiquitatis
786 4181 931 4220 nostrae
958 4181 1099 4219 testem
1118 4179 1293 4219 adhibui.
1325 4180 1399 4220 Hic
1418 4181 1523 4221 enim
1597 4181 1844 4231 subjugasse,
1861 4178 2003 4219 deinde
2021 4179 2099 4230 ipse
2116 4190 2332 4231 agnoscens
2351 4179 2458 4230 quod
2476 4182 2662 4231 tempore
2678 4184 2809 4233 postea
2827 4193 2886 4222 se·
2958 4216 2959 4219 ,
