3008 4542
1274 233 1689 280 FRAGMENTA.

115 365 118 367 ·
139 366 144 373 -
173 346 338 407 plicari
372 344 504 393 facile
526 350 691 403 potest.
714 341 898 386 Scilicet
918 355 1062 399 quum
1088 343 1276 400 Asychis
1309 355 1453 400 pyra·
1530 342 1858 387 Eratosthenis.
1882 343 2095 386 Ceterum
2117 346 2325 389 conferre
2336 346 2463 402 juvat
2484 361 2493 391 ε
2517 326 2812 408 1'1·iAEgyptiis

112 436 117 459 .’
175 417 348 463 midem
371 418 397 461 e
423 416 643 463 lateribus
667 414 983 468 exstruxisset,
1010 414 1146 471 eique
1174 415 1314 459 incisa
1344 420 1456 458 esset
1522 412 1525 413 ⁷

115 501 118 505 '
173 489 412 548 inscriptio
425 521 438 542 ,
465 501 556 545 qua
574 487 726 533 haecce
746 485 954 544 pyramis
971 484 1171 542 reliquas
1194 500 1353 528 omnes
1380 499 1456 527 su·-

173 575 338 622 perat-e
355 558 712 620 praedicabatur,
733 554 999 600 Herodotus
1021 570 1174 599 saxeas
1193 557 1295 614 istas
1318 571 1456 614 pyra-

112 634 118 670 ἑ
174 632 320 679 mides
332 665 346 688 ,
364 639 537 691 quartae
557 629 774 688 dynastiae
792 643 959 687 opera,
979 643 1086 671 cum
1102 629 1305 672 latericia
1328 644 1458 672 com-

95 719 107 767 g
173 705 331 766 parari
352 711 520 764 putans
541 702 760 760 Sasyehin
778 701 1016 759 Myoerino
1038 701 1346 759 posteriorem
1365 715 1458 744 esse

107 815 109 817 ,
175 775 379 820 statuisse
390 773 591 819 videtur.
603 772 895 816 —Ceterum
913 772 1115 830 pyramis
1135 772 1320 829 Sasychi
1339 772 1458 830 regis

105 873 111 887 -.
173 848 260 892 sita
278 855 344 891 est
358 860 508 905 prope
523 846 707 902 Bassum·
726 842 857 905 (vidx
871 845 1067 887 Bunsen.
1085 859 1114 901 9
1126 859 1141 885 1
1164 859 1263 902 sqq.
1282 852 1326 887 et
1343 844 1455 889 Tab.

102 921 108 946 ⁴
174 920 236 964 IV
253 926 298 962 et
314 917 354 964 V
372 918 402 977 ).
423 920 479 962 In
499 931 552 960 ea
569 909 774 975 lapidem
791 916 1054 974 Perringius
1071 916 1246 959 invenit
1264 931 1368 958 cum
1387 930 1459 958 re·

173 991 239 1051 gii
266 990 466 1034 nominis
489 989 793 1047 inscriptione.
830 988 1006 1031 mutila.
1042 989 1153 1045 Quae
1177 988 1268 1047 legi
1307 987 1457 1031 adhuc

174 1070 326 1122 potest
347 1061 548 1105 nominis
574 1075 682 1119 pars
701 1067 935 1118 postrema
962 1066 1027 1102 est
1050 1059 1201 1102 haecce
1222 1074 1232 1101 z
1261 1060 1306 1102 K
1323 1059 1376 1102 E.
1399 1057 1456 1100 U.

174 1135 482 1192 Bunseniusp.
504 1137 583 1191 94,
608 1132 715 1177 coll.
730 1146 779 1190 p.
806 1146 896 1190 109
916 1131 1126 1190 supplet:
1150 1129 1339 1191 (Sason)
1358 1130 1457 1173 ΚΕ.

66 3634 99 3671 ’..,ῗ

51 3690 56 3697 ²
87 3683 95 3692 r

46 3758 54 3785 ε
69 3751 102 3790 kt:

50 3800 55 3817 ε
62 3791 97 3817 ,τ’-’.7

33 1234 36 1239 ·
87 1197 106 1263 s
173 1206 218 1252 U
236 1232 300 1239 —-
314 1207 423 1250 RA.
454 1206 680 1253 Praeterea
708 1218 940 1262 superesse
963 1204 1145 1262 signum
1166 1202 1300 1258 dicit,
1329 1200 1459 1260 quod

96 1286 98 1289 '
175 1293 253 1322 ma
266 1275 522 1337 significare
535 1310 546 1332 ,
566 1276 768 1334 ideoque
790 1289 1051 1335 cognomen
1065 1275 1186 1334 regis
1204 1276 1360 1317 Mares
1379 1289 1458 1317 ex-

94 1391 106 1410 ,μ
173 1350 384 1411 pressisse
406 1348 635 1393 videatur.
665 1350 818 1406 Atque
835 1347 932 1390 haec
955 1346 1265 1404 inscriptionis
1287 1345 1459 1389 indicia

174 1421 456 1466 Bunsenium
490 1428 762 1474 moverunt,
801 1428 854 1462 ut
883 1419 1102 1476 Sasychin
1124 1418 1455 1476 legislatorem,

175 1492 237 1539 ad
253 1492 560 1537 Sesorcheren
579 1492 625 1535 II
637 1525 649 1546 ,
671 1505 769 1534 non
783 1505 896 1534 vero
912 1489 972 1534 ad
991 1498 1323 1532 antecessorem
1344 1489 1455 1548 ejus,

98 1550 101 1584 Ῑ
175 1579 316 1624 quem
346 1579 403 1608 ex
424 1563 704 1607 Manethone
726 1570 962 1620 tamquam
988 1561 1295 1620 legislatorem
1319 1562 1452 1604 novi-

176 1651 300 1691 mus,
317 1634 615 1679 referendum
630 1648 723 1678 esse
741 1640 962 1677 censeret.
985 1633 1090 1689 Quo
1109 1632 1303 1688 accedit,
1327 1633 1458 1691 quod

91 1715 105 1753 s
152 1696 264 1752 *alia
291 1714 498 1767 spectant
520 1707 642 1766 leges
673 1706 934 1760 Sesortasis,
960 1705 1048 1748 alia
1071 1704 1194 1762 leges
1224 1704 1455 1762 Sasychis‚

46 1788 48 1794 '
83 1775 106 1832 'sſs
175 1778 294 1825 adeo
316 1787 371 1823 ut
392 1779 508 1822 alter
530 1777 721 1822 fortasse
745 1777 999 1835 expleverit
1018 1790 1121 1834 quae
1151 1776 1266 1819 alter
1288 1776 1459 1820 intacta

80 1848 87 1908 f
99 1847 120 1895 ⁴³.
174 1851 441 1910 reliquerat.

238 1923 295 1968 V.
333 1923 530 1981 Quintus
551 1936 634 1965 rex
658 1922 952 1966 Eratostheni
979 1928 1047 1965 est
1071 1919 1330 1979 Anoyphis,
1354 1921 1386 1966 i.
1415 1936 1456 1964 e.

55 1993 59 1995 “
152 1992 430 2055 γκωμαστής,
466 2002 761 2048 comessator;
786 1993 1056 2038 Manethoni
1086 1991 1300 2051 Soyplzis.
1330 1992 1459 2037 Idem

51 2066 65 2126 J*
92 2086 104 2118 f
173 2081 348 2111 nomen
369 2067 427 2112 ab
457 2074 660 2125 utroque
683 2065 903 2119 indicari,
925 2065 1000 2108 vel
1025 2049 1135 2107 in⁸de
1154 2071 1304 2123 patet,
1330 2065 1462 2123 quod

99 2126 119 2190 ζ’
163 2138 498 2183 ‘Eratosthenes
509 2153 673 2198 ,regem
691 2138 780 2182 XV
792 2136 1004 2195 Saoplze'n
1021 2137 1352 2195 interpretatur
1366 2134 1459 2181 ἐπί·

48 2214 55 2219 ‘
177 2225 339 2270 κωμον,
371 2209 504 2268 quod
525 2209 652 2253 idem
682 2208 778 2253 fere
803 2206 1027 2268 significat
1049 2216 1187 2265 atque
1206 2206 1458 2268 κωμαστής.

82 2279 106 2339 'J
177 2277 370 2339 Ἅνουφις
389 2283 545 2342 itaque
563 2290 722 2325 ortum
745 2280 883 2324 fuerit
902 2294 958 2324 ex
981 2274 1056 2324 Ἂν
1079 2278 1249 2341 Σωῧφις
1257 2296 1270 2335 3
1295 2281 1459 2324 vocula

80 2343 98 2382 V*
176 2350 230 2399 ἂν
254 2353 382 2398 aliud
401 2353 607 2411 ejusdem
638 2353 760 2413 regis
781 2367 952 2396 nomen
983 2351 1222 2396 continere
1255 2352 1458 2409 videtur,

85 2459 94 2477 .,
176 2435 230 2471 ut
252 2428 308 2471 sit
330 2443 342 2471 ε
366 2420 444 2473 Ἂν
468 2424 496 2482 ἢ
522 2427 711 2489 Σωῦφις.
730 2427 847 2470 Nam
868 2426 990 2485 regis
1009 2440 1182 2468 nomen
1200 2427 1304 2471 AN
1324 2428 1462 2485 quin-

178 2507 279 2544 tum
301 2507 367 2544 est
388 2501 439 2543 in
457 2501 574 2544 serie
600 2499 901 2554 Carnaciana,
927 2506 1107 2542 sextum
1139 2513 1252 2542 vero
1276 2507 1342 2543 est
1369 2499 1462 2543 Sa-

91 2574 105 2635 :¹
179 2571 315 2627 hura,
348 2571 480 2630 quod
510 2571 763 2631 respondet
797 2571 1007 2630 sequenti
1029 2571 1129 2631 regi
1150 2572 1463 2616 Eratosthenis

56 2662 65 2669 ··
98 2699 103 2702 Ι
177 2643 316 2688 Sirio.
338 2644 433 2688 AN
441 2658 614 2687 nomen
626 2644 764 2687 etiam
780 2642 838 2687 ad
853 2642 1115 2702 pyramides
1134 2642 1463 2688 Gizehianasin

178 2706 588 2775 sepulcrisreperit
606 2716 819 2774 Lepsius,
842 2730 927 2758 nec
950 2730 1047 2758 non
1071 2716 1123 2758 in
1157 2724 1460 2759 monumento

99 2783 107 2793 '
180 2796 324 2832 exstat
355 2787 484 2846 quod
518 2789 616 2847 ipse
642 2788 895 2831 Bunsenius
917 2787 1133 2846 possidet.
1171 2787 1240 2832 Cf.
1276 2796 1375 2833 not.
1404 2788 1463 2832 ad

114 2874 119 2883 ·
179 2875 278 2921 reg.
301 2861 562 2919 septimum.

244 2931 443 2993 Soyplzis
458 2933 658 2977 nominis
670 2931 819 2977 forma
835 2932 1054 2992 AEgyptia
1070 2939 1134 2975 est
1148 2947 1318 2988 cuum,
1335 2934 1464 2991 quod

181 3005 342 3063 saepius
374 3019 617 3049 recurrere
649 3004 909 3048 videbimus
950 3005 999 3047 in
1037 3003 1242 3062 dynastia
1285 3015 1461 3064 quarta.

48 3102 52 3108 ·
182 3077 335 3136 Quare
354 3076 542 3122 difficile
565 3077 695 3122 dictu
707 3086 796 3131 est,
817 3093 929 3121 num
944 3091 1036 3120 una
1049 3078 1122 3120 vel
1142 3078 1285 3122 altera
1299 3080 1464 3123 inscri—

181 3151 283 3210 ptio
309 3150 369 3195 ad
383 3158 594 3194 nostrum
607 3150 895 3209 potissimum
915 3164 1073 3209 regem
1086 3151 1330 3208 pertineat.
1349 3153 1465 3195 Bun-

183 3223 334 3267 senius
361 3222 453 3265 huc
483 3223 717 3282 pertinere
742 3222 999 3282 suspicatur
1015 3236 1188 3265 nomen
1206 3223 1387 3282 regium
1417 3225 1465 3267 in

183 3295 397 3354 sepulcro
412 3309 561 3354 prope
572 3293 876 3337 Benihassam
890 3301 1145 3351 repertum,
1165 3294 1295 3352 quod
1312 3293 1466 3351 Chufu

185 3364 434 3426 legendum
455 3365 658 3420 videtur,
681 3366 763 3409 etsi
784 3364 909 3409 idem
929 3380 1100 3408 nomen
1122 3366 1171 3408 in
1192 3366 1290 3410 aliis
1308 3367 1465 3410 inscri-

58 3454 62 3458 ·
183 3438 423 3497 ptionibus
445 3438 543 3482 aliis
566 3439 704 3497 signis
724 3437 1084 3497 hieroglyphicis
1108 3438 1306 3496 exprimi
1330 3439 1462 3485 solet.

249 3511 329 3555 VI.
377 3511 539 3554 Sextus
575 3524 659 3554 rex
702 3525 778 3568 ap.
814 3509 1164 3553 Eratosthenem
1194 3517 1260 3553 est
1298 3511 1460 3564 Sirius,

185 3596 220 3627 ³.
245 3578 333 3632 υἱὸς
359 3579 508 3645 κόρης,
532 3582 588 3634 ὥς
612 3578 656 3626 δὲ
681 3578 814 3644 ἕτεροι
847 3578 1134 3637 ἀὸάσκαντος,
1160 3601 1176 3620 «
1203 3581 1251 3627 h.
1281 3596 1306 3626 e
1331 3582 1468 3640 filius

182 3655 351 3714 pupilli
381 3646 545 3716 [se-³ir1'
565 3655 640 3699 vel
656 3652 814 3715 si-iri]
834 3654 909 3698 vel
935 3653 1106 3698 fascino
1128 3669 1223 3696 non
1247 3658 1415 3710 tactus,
1442 3671 1467 3701 a

188 3727 310 3774 malo
327 3727 465 3771 oculo
485 3727 622 3773 liber.
647 3727 810 3770 Oculus
828 3727 951 3770 enim
967 3726 1192 3786 AEgyptiis
1210 3727 1465 3783 veteribus,

186 3795 237 3862 *id
258 3797 387 3856 quod
410 3798 679 3843 Plutarchus
699 3798 883 3852 docuit,
904 3798 1096 3856 Lepsius
1120 3812 1175 3841 ex
1192 3812 1468 3842 monumen-

51 3861 100 3954 Ξ
144 3888 168 3911 ο
188 3868 245 3912 tis
268 3870 613 3928 comprobavit,
633 3875 702 3924 iri,
727 3886 824 3914 non
845 3870 933 3924 bal,
963 3877 1016 3912 ut
1037 3885 1162 3914 nunc
1183 3869 1366 3929 Coptis‚
1383 3878 1464 3916 est.

188 3940 253 3984 Iri
283 3942 478 4000 proprie
513 3942 716 4002 pupilla,
749 3942 917 4000 quibus
950 3941 1145 3986 fascinus
1182 3941 1468 3988 circumferri

189 4008 430 4057 dicebatur
453 4012 580 4073 (Cic.
608 4029 684 4073 ap.
715 4015 832 4058 Plin.
861 4014 919 4058 H.
952 4014 1009 4059 N.
1035 4015 1168 4063 VIII,
1207 4029 1233 4056 2
1252 4014 1294 4072 );
1326 4028 1468 4071 quare

191 4088 384 4143 utraque
404 4085 717 4130 Eratosthenis
738 4085 1120 4143 interpretatione
1143 4086 1280 4130 lectio
1300 4083 1467 4128 confir·

187 4161 356 4200 matur.
395 4155 469 4199 Sic
504 4155 621 4199 infra
645 4157 845 4211 Mel—iri,
880 4153 996 4218 φίλος
1020 4153 1147 4218 κόρης
1185 4172 1237 4199 ex
1275 4158 1466 4215 interpr.

751 4243 772 4250 „a

2715 249 2799 288 5⁴7

1535 412 1731 470 pupilla3
1745 401 1830 472 ἶρις
1846 412 2011 456 Graecis
2027 428 2077 457 ea
2095 415 2215 457 oculi
2227 430 2332 473 pars
2348 417 2581 461 coloribus
2599 418 2812 463 distincta

1533 483 1650 526 circa
1676 483 1925 541 pupillam,
1953 498 2052 541 quae
2076 485 2268 529 medicis
2290 491 2363 529 iris
2383 487 2552 532 dicitur
2577 505 2586 532 ε
2615 498 2659 533 et
2679 491 2809 534 Lati-

1533 569 1701 598 norum
1711 556 1902 613 pupilla
1924 570 1948 598 a
1966 570 2115 613 pupa,
2142 564 2194 599 ut
2215 558 2479 602 Graecorum
2507 558 2626 621 κόρη.
2657 581 2674 600 υ
2705 564 2810 606 Haec

1532 627 1783 669 Bunsenius
1799 627 1869 669 111
1881 660 1893 680 ,
1914 641 1964 684 p.
1988 626 2065 670 63.
2087 628 2141 670 In
2156 628 2310 671 tabula
2327 630 2812 691 Carnaciana'respon-

1534 695 1612 739 det
1647 711 1819 740 nomen
1850 704 2051 751 sextum,
2095 711 2283 741 sAuunA.
2311 700 2378 742 Ita
2402 702 2546 755 enim,
2578 718 2673 746 non
2698 719 2809 749 vero

1533 767 1784 821 Amelzura,
1818 767 2065 827 legendum
2103 783 2195 812 esse
2221 768 2548 815 demonstravit
2583 775 2805 819 Birchius.

1532 839 1683 884 Suhor
1703 841 1883 898 coptice
1912 838 2135 899 significat
2167 855 2176 882 :
2189 840 2319 901 fidus
2350 846 2497 895 canis,
2522 849 2671 890 sirius.
2698 848 2808 903 Quae

1534 913 1765 956 cohaerere
1805 927 1912 955 cum
1948 911 2068 956 Sirio
2101 912 2414 956 Eratosthenis
2439 915 2681 972 probabile
2715 927 2798 962 est.

1528 983 1649 1042 vVide
1665 985 1866 1029 Bunsen.
1878 985 1941 1038 ΙΙ,
1958 984 2135 1042 praefat.
2154 999 2198 1043 p.
2211 984 2325 1030 XII.
2347 986 2525 1029 Nomen
2543 987 2727 1031 Sabura
2744 1005 2814 1033 re-

1534 1064 1718 1114 pertum
1731 1056 1868 1099 etiam
1891 1055 1951 1099 ad
1973 1055 2239 1101 Gizehianas
2259 1057 2538 1115 pyramides,
2562 1060 2813 1119 saepiusque

1535 1129 1739 1171 occurrit
1772 1129 1822 1171 in
1846 1128 1990 1171 muris
2018 1128 2404 1188 septemtrionalis
2427 1129 2486 1173 ad
2507 1129 2678 1174 Abusir
2699 1133 2810 1177 sitae.

1534 1200 1697 1257 Itaque
1711 1200 1912 1258 pyramis
1931 1199 2025 1243 haec
2045 1194 2307 1259 sepulcrum
2323 1200 2442 1259 regis
2462 1199 2594 1243 fuisse
2614 1201 2812 1247 videtur.

1599 1270 1816 1316 Ceterum
1844 1271 1988 1314 Sirius
2020 1286 2076 1315 ex
2108 1272 2326 1315 Bunsenii
2367 1273 2588 1315 sententia
2622 1288 2717 1316 non
2752 1283 2815 1318 est

1533 1356 1706 1384 nomen
1728 1343 1871 1401 regis,
1892 1342 1973 1386 sed
1998 1357 2281 1402 cognomen3
2304 1357 2475 1385 nomen
2499 1343 2684 1387 exhibet
2714 1346 2814 1388 Ma—

1533 1412 1840 1456 nethonianus
1867 1413 2136 1466 Tosertosis‚
2164 1413 2295 1471 quod
2321 1413 2647 1472 corrigendum
2664 1415 2711 1458 in
2727 1417 2813 1459 So-

1534 1484 1725 1526 sertasis.
1754 1484 1900 1543 Igitur
1923 1491 2074 1527 sextus
2092 1498 2173 1527 rex
2202 1491 2265 1527 est
2284 1512 2296 1532 ,

1733 1599 2115 1642 Si1·1·s-.S'e501·tasis
2132 1595 2316 1658 (Sese-R
2324 1598 2497 1642 TeSeN
2511 1597 2522 1659 )
2548 1602 2619 1643 II.

1534 1716 1603 1758 Dc
1628 1715 1758 1773 regni
1796 1722 2010 1772 tempore
2044 1714 2260 1756 Manetho
2288 1729 2382 1756 uno
2409 1722 2581 1757 tantum
2612 1731 2731 1758 anno
2757 1716 2814 1760 ab

1535 1786 1836 1830 Eratosthene
1863 1785 2030 1830 differt.

1603 1860 1706 1904 VII.
1732 1858 1961 1917 Septimus
1976 1858 2288 1902 Eratosthenis
2308 1874 2317 1900 :
2342 1857 2554 1902 Chnubus
2579 1861 2647 1902 vel
2667 1861 2815 1905 Gneu-

1534 1946 1607 1974 ros
1630 1929 1686 1993 (i.
1713 1945 1753 1975 e.
1781 1945 1942 1972 aurum
1973 1931 2056 1973 vel
2090 1927 2303 1989 aureus),
2344 1927 2462 1973 filius
2490 1930 2813 1978 antecedentis.

1535 2003 1617 2046 His
1655 2016 1843 2060 quoque
1884 2016 2144 2060 cognomen
2190 2001 2312 2059 regis
2356 2002 2630 2044 continetur.
2677 2003 2814 2062 Apud

1534 2074 1861 2118 Manethonem
1883 2074 2077 2131 septimo
2105 2073 2209 2116 loco
2241 2073 2434 2130 ponitur
2458 2072 2618 2116 Aches.
2654 2072 2805 2127 Idem,

1535 2153 1586 2191 ut
1617 2144 1818 2199 videtur,
1852 2159 2024 2187 nomen
2054 2144 2234 2202 regium
2265 2151 2330 2186 est
2365 2145 2651 2197 A—A-KEU,
2687 2145 2817 2203 quod

1534 2218 1724 2276 Lepsius
1757 2218 1932 2275 reperit
1961 2217 2010 2258 in
2043 2215 2256 2274 sepulcro
2293 2214 2353 2258 ad
2387 2215 2649 2274 pyramides
2677 2216 2816 2262 Gizeli

1539 2291 1550 2347 (
1568 2289 1705 2334 Buns.
1721 2304 1769 2347 p.
1792 2303 1879 2344 107
1895 2287 1930 2348 )
1952 2286 2167 2333 conferri
2183 2294 2334 2345 potest
2355 2288 2490 2330 etiam
2509 2302 2680 2331 nomen
2694 2301 2813 2341 ASES,

1537 2359 1666 2418 quod
1682 2367 1898 2418 quartum
1913 2366 1978 2401 est
1991 2358 2038 2399 in
2050 2358 2164 2401 serie
2179 2356 2484 2413 Carnaciana3
2501 2372 2651 2415 neque
2666 2366 2817 2403 tamen

1536 2431 1596 2475 ad
1619 2440 1828 2475 nostrum
1838 2445 1992 2489 regem
2013 2429 2186 2473 referre
2204 2430 2323 2473 licet.
2342 2430 2630 2488 Quamquam
2646 2431 2813 2475 Bunse-

1536 2503 1638 2546 nius
1656 2505 1776 2546 Asen
1791 2503 1926 2545 istum
1946 2501 2004 2545 ad
2018 2502 2167 2560 prima
2186 2500 2400 2559 dynastiae
2417 2509 2583 2544 nostrae
2607 2510 2817 2560 tempora

1537 2575 1699 2618 referri
1711 2575 1900 2629 mavult,
1917 2573 2140 2632 ambiguis
2153 2581 2305 2616 tamen
2325 2588 2430 2616 usus
2446 2574 2737 2631 argumentis.
2754 2600 2817 2608 --

1538 2649 1563 2691 J
1568 2662 1643 2691 am
1658 2647 2007 2690 Eratosthenem
2031 2654 2076 2688 et
2092 2645 2417 2688 Manethonem
2441 2646 2577 2688 etiam
2594 2645 2685 2688 hoc
2711 2646 2816 2690 loeo

1539 2721 1599 2763 ita
1623 2718 1973 2778 conjungendos
1995 2718 2251 2777 putaveris,
2271 2726 2322 2760 ut
2341 2732 2422 2760 rex
2444 2718 2661 2776 septimus
2683 2717 2819 2774 suerit

1538 2791 1688 2834 Aches
1711 2791 1988 2851 cognomine
2012 2790 2233 2837 Chnubos
2256 2791 2348 2833 sive
2372 2790 2596 2834 Gneuros.
2619 2789 2675 2835 Id
2706 2806 2818 2841 vero

1538 2864 1627 2907 hoc
1660 2865 1764 2906 loco
1789 2878 1887 2906 non
1922 2862 2028 2906 fecit
2065 2863 2340 2915 Bunsenius,
2376 2863 2454 2919 qui
2498 2876 2669 2903 nomen
2702 2865 2820 2923 regis

1538 2935 1872 2978 Eratosthenici
1892 2933 2024 2978 fuisse
2044 2934 2143 2976 vult
2162 2949 2172 2975 :

1604 3007 1858 3050 Sesertesen
1891 3006 1983 3049 sive
2007 3005 2254 3048 Sesortasis
2276 3007 2384 3057 III,
2430 3010 2693 3063 cognomine
2716 3006 2820 3048 Nub

1544 3079 1734 3138 (aureus
1749 3078 1785 3137 );
1806 3085 1968 3120 contra
1987 3076 2146 3120 Aclzen
2169 3078 2292 3120 Man.
2319 3092 2409 3119 esse
2431 3091 2608 3136 regem,
2629 3076 2708 3132 qui
2729 3091 2817 3120 una

1542 3168 1647 3196 cum
1678 3151 1896 3196 Sesortasi
1924 3150 2194 3210 regnaverit.
2221 3150 2293 3193 Sic
2324 3150 2443 3192 enim
2470 3148 2710 3207 explicari,
2737 3162 2818 3191 cur

1539 3223 1757 3268 Manetho
1793 3237 1875 3265 suo
1900 3223 1998 3281 regi
2029 3222 2202 3264 tribuat
2229 3236 2372 3265 annos
2403 3226 2458 3272 42
2475 3254 2485 3274 ,
2513 3220 2624 3262 dum
2657 3220 2819 3262 Erato—

1541 3296 1720 3340 sthenes
1742 3295 1925 3338 nonnisi
1948 3309 2002 3337 21
2034 3301 2245 3337 numeret
2266 3309 2276 3335 :
2299 3292 2473 3336 scilicet
2498 3292 2817 3335 Manethonem

1542 3368 1781 3425 utriusque
1821 3366 1942 3426 regis
1979 3381 2123 3409 annos
2163 3364 2221 3408 ad
2245 3380 2389 3408 unum
2427 3364 2630 3409 retulisse
2662 3363 2817 3406 Achen

1545 3438 1664 3500 (v.p.
1686 3454 1741 3495 77
1755 3441 1785 3499 ).
1799 3438 1910 3496 Quae
1928 3437 2375 3497 quidemleviuscula
2389 3436 2719 3496 argumentatio
2739 3442 2816 3481 est.

1606 3511 1732 3556 VIII.
1763 3512 1957 3567 Ragosis
1983 3509 2294 3553 Eratosthenis
2320 3509 2576 3567 explicatur
2599 3521 2712 3549 voce
2741 3505 2817 3565 ἀρ-

1541 3580 1775 3644 χικράτωρ.
1795 3581 1935 3643 Quod
1950 3582 2410 3640 interpretamentum
2427 3580 2561 3622 docet
2573 3592 2660 3638 pro
2684 3576 2818 3623 PAT-

1544 3654 1694 3702 ΩΣΙΣ
1728 3654 1949 3702 levissima
1982 3647 2236 3697 mutatione
2271 3650 2564 3696 scribendum
2599 3663 2688 3692 esse
2715 3648 2813 3693 PA-

1547 3725 1753 3783 ΕΩΣΙΣ,
1776 3723 2007 3774 Ῥάσωσις.
2034 3727 2091 3769 In
2124 3725 2432 3770 monumentis
2458 3721 2669 3766 scribitur
2699 3720 2815 3770 RA-

1543 3799 1733 3843 SESUR
1774 3796 1880 3860 (ra,
1907 3799 1996 3850 sol,
2043 3801 2241 3858 omnium
2267 3810 2411 3841 rerum
2441 3796 2610 3835 initium
2621 3805 2635 3843 ‚·
2674 3804 2812 3840 sesur,

1542 3872 1793 3915 dominatio
1809 3867 1843 3932 ).
1869 3895 1934 3929 ·-.‘
1952 3868 2093 3928 Apud
2107 3866 2435 3930 ,Manethonem
2456 3871 2639 3906 octavus
2655 3875 2736 3905 rex
2754 3869 2818 3908 est

1542 3942 1774 4006 Sephuris.
1814 3942 1901 3986 Hic
1938 3947 2050 3985 vero
2085 3941 2214 3998 sicuti
2239 3952 2387 3982 nonus
2417 3949 2495 3977 rex
2529 3933 2676 3976 alieno
2712 3930 2815 3980 loco

1542 4015 1717 4074 positus
1739 4022 1819 4060 est.
1842 4015 2056 4075 Uterque
2076 4012 2134 4055 ad
2162 4011 2339 4054 initium
2367 4006 2565 4065 pertinet
2602 4002 2815 4060 dynastiae

1545 4093 1733 4144 quartae.
1770 4084 1943 4132 Contra
1976 4084 2066 4127 huc
2107 4077 2406 4125 transferendi
2430 4084 2532 4119 sunt
2568 4088 2621 4116 ex
2655 4079 2815 4130 quarta

1546 4157 1751 4215 'dynastia
1784 4171 1912 4215 reges
1936 4156 2121 4213 quintus
2155 4160 2198 4195 et
2222 4158 2392 4201 sextus,
2422 4150 2622 4189 staron-es
2650 4152 2694 4186 et
2732 4143 2813 4185 Bi—

2556 4231 2613 4261 35-
