3016 4628
128 406 219 450 ρον·
248 378 317 433 οἶα
353 385 404 433 τὰ
435 389 520 433 τῶν
550 383 840 450 χρυσωρύχων
873 383 1125 448 μυρμήκων,
1157 384 1230 430 καὶ
1265 384 1406 430 ἄλλων

127 458 284 522 θηρίων
297 477 342 505 τε
361 458 434 505 καὶ
450 456 683 522 ἀνθρώπων
700 455 974 519 ἶδιομόρφων,
993 454 1065 501 καὶ
1083 454 1288 516 δυνάμεσί
1300 474 1407 502 τισιν

127 527 475 591 ἐξηλλαγμένων·
499 531 556 581 ὥς
577 526 673 580 τοὺς
693 529 838 590 Σῆρας
863 525 1121 590 μακροὸίους
1145 525 1272 590 φασὶ,
1299 526 1408 590 πέρα

127 601 200 646 καὶ
238 599 463 646 διακοσίων
498 600 602 645 ἐτῶν
633 597 984 661 παρατείνοντας.
1026 595 1213 659 Λέγουσι
1251 597 1295 643 δὲ
1337 597 1410 644 καὶ

126 670 480 735 ἀριστοκρατικήν
503 690 597 718 τινα
621 669 814 726 σύνταξιν
838 670 1055 723 πολιτείας
1075 671 1219 716 αὐτόθι
1239 672 1285 717 ἐκ
1307 689 1409 716 πεν-

74 771 82 776 ‚
125 741 403 806 τακισχιλίων
429 743 667 805 βουλευτῶν
684 744 968 798 συνεστῶσαν,
985 734 1042 788 ὧν
1070 740 1248 789 ἕκαστον
1270 741 1404 806 παρέ-

18 813 58 859 ἶῐ-;’
126 817 275 879 χεσθαι
301 815 360 878 τῷ
383 815 510 878 κοινῷ
532 812 983 878 ἐλέφανταβεφιίωι·
1028 815 1085 858 fr.
1122 830 1195 860 10.

729 922 801 966 26.

19 615 47 631 ἑ
11 434 57 603 ,tv-pff·
13 411 45 421 Ῐ
19 363 51 386 j„
25 319 32 327 ·

59 499 62 502 ⁴
55 448 69 456 *t

141 1051 145 1054 -
190 1024 373 1068 Arrian.
402 1022 507 1067 Ind.
535 1038 578 1068 c.
604 1037 659 1066 10
680 1037 691 1066 ι
714 1019 896 1083 Λέγεται
913 1019 957 1068 δὲ
977 1020 1050 1067 καὶ
1068 1019 1194 1082 τάδε,
1214 1020 1410 1083 μνημήια

124 1091 189 1140 ὅτι
209 1091 336 1140 Ἰνδοὶ
353 1092 439 1144 τοῖς
456 1089 761 1148 τελευτήσασιν
779 1094 824 1138 οὐ
842 1091 1069 1150 ποιέουσιν,
1090 1090 1200 1138 ἀλλὰ
1221 1090 1297 1144 τὰς
1317 1093 1411 1155 ἀρε-

23 1168 28 1179 “
123 1163 200 1218 τὰς
217 1163 300 1229 γὰρ
330 1166 414 1210 τῶν
437 1164 599 1228 ἀνδρῶν
631 1163 777 1220 ἱκανὰς
802 1169 841 1218 ἐς
869 1163 1043 1225 μνήμην
1065 1163 1247 1210 τίθενται
1277 1169 1411 1210 τοῖσιν

95 1229 99 1233 ’
125 1239 400 1294 ἀποθανοῦσι,
416 1234 486 1283 καὶ
505 1235 580 1289 τὰς
594 1234 708 1300 ᾠδὰς
724 1235 770 1284 αἳ
786 1238 971 1284 αὐτοῖσιν
985 1234 1229 1301 ἐπᾴδονται.
1253 1237 1306 1299 (⁴2)
1327 1238 1413 1283 llo-

124 1307 227 1356 λίων
257 1307 301 1355 δὲ
335 1307 510 1371 ἀριθμὸν
545 1310 622 1355 οὐκ
647 1299 753 1355 εἶναι
781 1307 832 1355 ἂν
861 1308 1034 1373 ἀτρεκὲς
1053 1307 1300 1372 ἀναγράψαι
1325 1311 1408 1354 τῶν

66 1391 69 1395 “
127 1379 314 1429 Ἰνδικῶν
332 1383 414 1427 ὑπὸ
428 1378 608 1437 πλήθεος
622 1398 631 1408 ·
653 1379 765 1426 ἀλλὰ
781 1379 863 1445 γὰρ
880 1380 977 1427 ὅσαι
990 1378 1321 1443 παραποτάμιαι
1341 1382 1410 1427 αὖ·

125 1450 277 1510 τέωνῆ
298 1452 675 1516 παραθαλάσσιαι,
701 1450 858 1504 ταύτας
881 1450 957 1513 μὲν
987 1450 1151 1506 ξυλίνας
1176 1449 1409 1498 ποιέεσθαι·

127 1527 177 1586 (3)
211 1525 258 1570 οὗ
293 1522 375 1588 γὰρ
406 1515 512 1570 εἶναι
540 1527 588 1571 ἐκ
610 1522 785 1571 πλίνθου
814 1522 1063 1585 ποιεομένας
1090 1521 1314 1585 διαρκέσαι
1339 1522 1410 1569 ἐπὶ

24 1588 43 1658 τ’
81 1633 90 1639 .
125 1594 277 1660 χρόνον
296 1599 367 1643 τοῦ
397 1615 443 1642 τε
463 1594 613 1650 ὕδατος
636 1594 759 1642 ἕνεκα
783 1600 856 1642 τοῦ
885 1594 927 1649 ἐξ
957 1597 1163 1658 οὐρανοῦ,
1185 1593 1258 1641 καὶ
1281 1593 1346 1641 ὅτι
1373 1595 1412 1642 οἱ

37 1667 43 1675 “
124 1666 312 1728 ποταμοὶ
333 1667 520 1714 αὐτοῖσιν
547 1665 884 1730 ὓπερὸάλλοντες
903 1664 1010 1730 ὑπὲρ
1030 1665 1105 1720 τὰς
1128 1665 1258 1730 ὄχθας
1282 1668 1412 1726 ἐμπι-·

30 1747 54 1778 ἢ
83 1783 86 1784 ⁷
125 1739 259 1784 πλᾶσι
282 1741 355 1784 τοῦ
380 1736 530 1792 ὕδατος
551 1737 606 1783 τὰ
636 1737 781 1784 πεδία.
856 1737 904 1801 (4)
930 1734 1066 1784 “Οσαι
1099 1737 1143 1784 δὲ
1171 1740 1214 1784 ἐν
1238 1740 1413 1803 ὑπερδε-

125 1808 246 1865 ξίοισί
262 1809 390 1856 τεκαὶ
409 1809 660 1873 μετεώροισι
672 1810 839 1857 τόποισι
852 1808 925 1858 καὶ
938 1809 1146 1857 τούτοισιν
1168 1812 1410 1874 ὑψηλοῖσιν,

39 1875 62 1894 ”
123 1879 360 1948 ᾠκισμέναι
394 1881 497 1940 εἶσὶ,
533 1881 694 1936 ταύτας
723 1881 768 1928 δὲ
799 1884 848 1929 ἐκ
878 1881 1054 1930 πλίνθου
1086 1902 1132 1930 τε
1169 1882 1242 1930 καὶ
1273 1885 1412 1942 πηλοῦ

87 1975 90 1978 ·
125 1952 356 2000 ποιέεσθαι·
375 1953 426 2018 (5)
439 1953 644 2016 μεγίστην
655 1953 699 2001 δὲ
709 1954 832 2001 πόλιν
842 1958 885 2002 ἐν
897 1953 1094 2003 Ἰνδοῖσιν
1112 1946 1220 2003 εἶναι
1235 1955 1411 2017 Παλίμ·

30 2019 40 2090 ξ
68 2065 77 2077 ,
128 2024 263 2090 δοθρα
284 2024 565 2087 καλεομένην,
595 2027 638 2072 ἐν
657 2030 711 2092 τῇ
732 2025 936 2092 Πρασίων
962 2031 1034 2093 γῇ,
1049 2025 1119 2074 ἵνα
1136 2029 1179 2074 αἱ
1199 2027 1416 2091 συμὸολαί

89 2111 100 2121 ·
125 2098 208 2144 εἶσι
225 2099 300 2144 τοῦ
325 2115 373 2165 τε
394 2095 660 2164 Ἐραννοὸόα
693 2102 890 2159 ποταμοῦ
910 2098 985 2146 καὶ
1008 2104 1082 2147 τοῦ
1107 2098 1313 2163 Γάγγεω·
1340 2105 1415 2148 τοῦ

106 2199 113 2214 f
128 2167 206 2232 μὲν
229 2169 432 2234 Γάγγεω,
455 2175 528 2218 τοῦ
550 2170 751 2235 μεγίστου
775 2175 1003 2234 ποταμῶν·
1020 2176 1043 2220 ὁ
1063 2171 1107 2219 δὲ
1125 2171 1414 2237 Ἐραννοὸόας

125 2241 261 2308 τρίτος
279 2241 357 2305 μὲν
383 2241 433 2289 ἂν
460 2241 525 2301 εἴη
554 2247 640 2291 τῶν
674 2243 822 2292 Ἰνδῶν
847 2247 1072 2305 ποταμῶν,
1099 2244 1237 2306 μέζων
1260 2244 1303 2292 δὲ
1327 2248 1414 2292 τῶν

74 2315 91 2387 ζ.-
127 2313 237 2379 ἄλλῃ
257 2313 332 2362 καὶ
349 2307 491 2370 οἶτος·
512 2315 624 2362 ἀλλὰ
642 2315 870 2381 ξυγχωρεέι
887 2316 1010 2370 αὐτὸς
1028 2319 1090 2382 τῷ
1107 2318 1257 2381 Γάγγῃ
1270 2353 1282 2374 ,
1303 2318 1417 2364 ἐπει-

86 2399 88 2402 ·
126 2385 203 2433 δὰν
227 2385 422 2450 ἐμὸάλλῃ
445 2389 485 2441 ἐς
514 2386 643 2451 αὐτὸν
661 2387 710 2434 τὸ
731 2387 861 2453 ὕδωρ.
934 2388 985 2453 (6)
1013 2388 1099 2437 Καὶ
1121 2389 1236 2451 λέγει
1261 2391 1417 2453 Μεγαυ

100 2457 293 2518 νσθένης,
325 2463 460 2521 μῆκος
495 2459 570 2522 μὲν
611 2459 780 2525 ἐπέχειν
809 2460 886 2519 τὴν
919 2460 1042 2507 πόλιν
1073 2461 1171 2508 κατ’
1209 2460 1415 2526 ἑκατέρην

47 2548 49 2550 ·
95 2578 98 2579 ⁷
119 2521 204 2581 ’τὴν
222 2524 423 2589 ’πλευρὴν
447 2524 601 2590 ἵναπερ
627 2525 876 2591 μακροτάτη
910 2526 1018 2583 αὐτὴ
1042 2528 1202 2584 ἑωυτῆς
1234 2526 1414 2590 ᾤκισται

16 2596 19 2607 ’
129 2596 170 2649 ἐς
188 2595 447 2660 ὀγδοήκοντα
468 2597 664 2651 σταδίους
694 2598 742 2644 τὸ
766 2597 810 2644 δὲ
839 2598 999 2651 πλάτος
1030 2600 1070 2652 ἐς
1089 2598 1414 2646 πεντεκαίδεκα·

20 2781 21 2786 ξ
44 2766 47 2767 ⁷
89 2743 94 2783 j
134 2737 214 2786 tur,
235 2735 303 2775 sed
323 2738 482 2786 propter
497 2737 755 2787 ignorantiam
782 2739 822 2777 et
837 2737 1162 2788 longinquitatem
1190 2739 1362 2778 inflatius
1377 2742 1416 2778 et

61 2804 95 2856 st}
126 2799 390 2851 portentosius
407 2802 540 2840 omnia
562 2803 801 2840 narrantur:
835 2804 878 2841 ut
908 2813 999 2852 quae
1015 2802 1064 2842 de
1091 2803 1263 2842 formicis
1289 2803 1414 2852 perbi-

62 2860 94 2923 «ξς,
127 2861 272 2921 bentur
291 2874 433 2903 aurum
450 2864 728 2913 effodientibus
753 2865 859 2905 etde
874 2866 1010 2905 bestiis
1028 2868 1113 2907 aliis
1128 2870 1168 2906 et
1182 2867 1232 2906 dc
1245 2866 1414 2905 homini·

60 2920 69 2956 '.
128 2925 229 2978 lius,
248 2927 316 2978 qui
332 2927 551 2978 peculiares
570 2928 762 2978 quasdam
776 2929 922 2969 formas
933 2932 974 2969 et
992 2931 1209 2981 singulares
1225 2931 1328 2969 vires
1345 2930 1416 2969 ha·

70 2991 91 3009 ³
129 2984 278 3048 beant:
302 3002 396 3031 nam
426 2995 539 3032 Seres
559 2994 645 3032 tam
667 2993 893 3043 longinquae
919 2994 1107 3034 (licuntur
1126 2996 1242 3042 vitae,
1273 2996 1316 3033 ut
1342 2994 1416 3033 du-

18 3073 22 3083 ‚
130 3054 387 3095 centesimum
406 3066 555 3095 annum
571 3056 778 3097 excedant.
794 3060 943 3097 Ferunt
958 3059 1078 3099 etiam
1099 3059 1298 3110 quendam
1313 3060 1417 3109 opti-

133 3118 299 3163 matium
330 3118 510 3167 ordinem
532 3120 820 3170 rempublicam
843 3121 1062 3171 gubernare
1081 3134 1103 3162 e
1126 3123 1303 3173 quinque
1324 3122 1416 3161 mil-

54 3180 105 3238 ‘'zs
127 3174 235 3235 >libus
249 3181 561 3222 consiliariorum
576 3185 821 3223 constantem
832 3213 843 3232 ,
860 3195 1032 3235 quorum
1056 3186 1222 3235 quisque
1237 3185 1417 3235 elephan-

19 3255 21 3259 ·
51 3235 71 3305 'J'
89 3268 114 3278 -
130 3245 220 3305 tum
242 3245 468 3296 reipublicae
483 3245 673 3298 praebeat.

185 3382 383 3422 Feruntur
411 3381 530 3422 etiam
556 3382 644 3422 haec
666 3398 675 3422 ε
699 3385 788 3423 Non
815 3383 985 3424 condere
1015 3384 1132 3423 indos
1166 3386 1421 3423 monumenta

50 3431 121 3488 ff
135 3445 318 3495 mortuis
332 3446 500 3486 virtutes
514 3446 618 3486 enim
636 3446 813 3486 virorum
830 3446 880 3486 ad
896 3447 1202 3497 perpetuandam
1218 3449 1306 3496 post
1318 3458 1420 3486 mor·

50 3501 111 3566 17¹²
135 3495 220 3548 sem
237 3509 473 3549 memoriam
481 3509 664 3549 sufficere
675 3509 917 3560 existimant,
934 3511 974 3549 et
985 3510 1158 3549 carmina
1172 3512 1293 3560 atque
1308 3509 1420 3559 odas,

61 3627 64 3628 7
138 3580 229 3622 ηοω
246 3571 435 3613 incorum
457 3573 646 3613 bonorem
674 3563 886 3614 canuntur;
943 3574 999 3623 (2')
1019 3574 1184 3613 Urbium
1202 3584 1294 3613 vero
1311 3572 1421 3613 Indi-

35 3689 36 3692 ᾖ
67 3670 74 3677 ,.
139 3644 276 3695 carium
289 3647 594 3688 numerumprae
606 3632 861 3678 multitudine
873 3641 1120 3688 compertum
1141 3649 1219 3678 non
1239 3648 1343 3678 esse:
1358 3649 1424 3678 eas

35 3726 37 3734 ι
123 3708 234 3750 ‘veto
247 3712 339 3752 quae
352 3701 471 3752 juxta
483 3697 650 3743 tlumina
663 3705 735 3743 aut
754 3714 862 3743 mare
877 3703 963 3743 sitoe
992 3703 1095 3753 sint,
1115 3714 1166 3743 ex
1192 3703 1318 3753 lignea
1337 3713 1422 3742 ma·

139 3763 602 3823 teriaconstructasesse
614 3780 626 3816 ;
649 3767 704 3817 (3)
721 3767 965 3817 nequeenim
981 3795 992 3815 ,
1020 3767 1053 3806 si
1077 3777 1128 3806 ex
1149 3766 1271 3806 latere
1287 3767 1422 3806 conife-

54 3867 56 3871 ,
99 3842 103 3877 j
128 3827 220 3869 ota
233 3829 386 3880 essent,
401 3829 518 3880 longo
539 3831 716 3881 tempore
731 3830 1062 3878 duraturas,tum
1082 3831 1242 3880 propter
1257 3829 1422 3879 imbroe,

141 3890 231 3945 ²9¹¹!
240 3890 350 3942 quod
374 3903 510 3933 amnes
530 3893 724 3944 superatis
739 3893 832 3944 ripis
855 3893 974 3943 plana
991 3893 1079 3932 loca
1109 3903 1213 3942 aqua
1235 3882 1422 3942 repleant.

144 3949 312 4004 (ItiQuae
325 3956 469 3996 veroin
493 3957 760 4008 superioribus
773 3959 814 3998 et
832 3957 1126 3997 sublimioribus
1152 3956 1427 4007 praecipueque

64 4014 114 4074 [ἐξ
127 4017 237 4075 saltis
250 4019 346 4065 locis
360 4019 497 4070 positae
511 4020 612 4071 sint,
634 4031 686 4061 ex
704 4021 894 4060 lateribus
915 4022 955 4061 et
973 4022 1166 4061 caemento
1187 4020 1310 4059 factas
1328 4030 1423 4059 esse.

86 4103 90 4108 ·
107 4118 129 4130 ,
141 4077 205 4129 ’(5)
216 4080 430 4121 Maximam
441 4083 575 4122 autem
590 4083 698 4134 apud
713 4082 833 4123 Indos
848 4082 1005 4125 urbem„
1011 4093 1096 4123 esse
1111 4081 1377 4122 Palimbothra
1388 4081 1428 4121 in

146 4134 371 4183 basiorum
393 4143 551 4195 finibus,
567 4145 619 4186 ad
637 4146 880 4186 Erannoboae
895 4147 935 4186 et
947 4146 1092 4196 Gangis
1107 4144 1315 4184 fluminum
1332 4155 1428 4184 con-

56 4200 132 4264 [ᾖξ’.
148 4205 349 4252 fluentem.
367 4219 418 4248 ac
437 4211 593 4259 Ganges
611 4210 773 4260 quidem
789 4211 985 4250 maximus
1003 4210 1179 4250 omnium
1199 4209 1426 4257 tluminu1n;

76 4273 129 4294 ¹
151 4265 404 4312 Erannoboas
428 4274 562 4312 autem
578 4274 719 4314 tertius
734 4274 897 4314 sortasse
913 4274 1029 4314 suerit
1054 4273 1176 4313 ludi-te
1193 4272 1398 4311 fluminum
1416 4303 1426 4320 ‚

1261 280 1669 347 FRAGMENJA.

2656 300 2756 337 ⁴21*

1482 386 1532 444 (7)
1563 384 1721 448 τάφρον
1743 383 1786 431 δὲ
1807 384 2142 447 περιὸεὸλῆσθαι
2169 391 2221 450 τῇ
2245 375 2343 434 πόλι
2370 390 2416 437 τὸ
2439 383 2553 453 εἶρος
2575 392 2751 445 ίξάπλε·

1482 457 1594 519 θρον,
1615 454 1662 500 τὸ
1687 454 1730 501 δὲ
1753 454 1876 517 βάθος
1894 454 2118 518 τριήκοντα
2145 457 2340 519 πήχεων·
2362 460 2540 524 πύργους
2564 462 2607 509 δὲ
2633 463 2754 510 {6⁴30-

1484 525 1678 582 μήκοντα
1702 525 1775 571 καὶ
1794 524 2093 589 πεντακοσίους
2114 527 2278 590 ἐπέχειν
2301 530 2347 576 τὸ
2365 535 2500 594 τεῖχος
2525 534 2595 579 καὶ
2618 534 2755 586 πύλας

1483 595 1692 662 τέσσαρας
1717 596 1789 642 καὶ
1820 596 2037 653 ἑξήκοντα.
2109 598 2162 659 (a)
2199 592 2321 646 Εἶναι
2352 600 2394 646 δὲ
2421 603 2492 648 καὶ
2525 603 2616 650 τόδε
2644 606 2753 665 μέγα

1485 668 1526 712 ἐν
1549 670 1604 731 τῇ
1630 667 1771 715 Ἰνδῶν
1790 670 1869 731 γῇ,
1892 667 2055 720 πάντας
2081 668 2233 722 Ἰνδοὺς
2254 662 2357 715 εἶναι
2382 674 2614 736 ἐλευθέρους
2631 712 2644 734 ,
2662 677 2755 722 οὐδέ

1484 756 1575 784 τινα
1602 739 1750 785 δοῦλον
1779 731 1885 785 εἶναι
1913 738 2040 786 Ἰνδόν
2059 758 2068 767 ·
2100 743 2222 786 τοῦτο
2254 741 2328 799 μὲν
2366 746 2756 805 Λακεδαιμονίοισιν

1485 810 1525 878 εἷς
1553 809 1683 857 ταύτὸ
1703 810 1927 871 συμὸαίνει
1951 810 2025 856 καὶ
2046 809 2230 858 Ἰνδοῖσι.
2302 814 2350 872 (9)
2388 816 2754 876 Λακεδαιμονίοισι

1485 880 1562 943 μέν
1579 900 1626 942 γε
1645 884 1682 928 οἱ
1704 881 1873 936 εἵλωτες
1894 882 2036 929 δοῦλοί
2057 883 2137 930 εἶσι
2153 883 2227 929 καὶ
2250 882 2302 929 τὰ
2319 884 2474 930 δούλων
2500 887 2756 947 ἐργάζονται·

1485 952 1654 1001 Ἰνδοῖσι
1681 953 1723 1000 δὲ
1749 953 1844 1000 οὐδὲ
1866 952 1991 1006 ἄλλος
2017 952 2163 1007 δοῦλός
2190 955 2279 1000 ἐστι
2313 954 2415 1015 μήτι
2444 974 2490 1016 γε
2521 956 2661 1003 Ἰνδῶν
2686 978 2760 1010 τις.

2091 1072 2167 1112 27.

1549 1153 1714 1197 Strabo
1739 1154 1839 1207 XV,
1862 1170 1908 1212 p.
1938 1167 2194 1212 709—710
2224 1167 2233 1198 :
2268 1139 2462 1204 Εὖτελεῖς
2486 1150 2529 1198 δὲ
2553 1154 2661 1198 κατὰ
2688 1154 2763 1209 τὴν

1486 1221 1650 1269 δίαιταν
1670 1223 1708 1269 οῖ
1729 1222 1852 1270 Ἰνδοὶ
1872 1221 2053 1279 πάντες,
2080 1224 2243 1285 μᾶλλον
2267 1222 2303 1269 δ’
2326 1224 2370 1269 ἐν
2392 1224 2483 1276 ταῖς
2504 1226 2762 1286 στρατείαις·

1487 1295 1571 1342 οὐδ’
1593 1292 1711 1358 ὅΛλῳ
1727 1296 1913 1359 περιττῷ
1933 1293 2157 1358 χαίρουσι·
2178 1295 2324 1358 διόπερ
2345 1294 2615 1355 εὐκοσμοῦσι.
2644 1298 2766 1344 Πλεί-

1486 1385 1564 1423 στη
1590 1366 1628 1412 δ’
1653 1364 1868 1429 ἐπιχειρία
1887 1364 1984 1429 περὶ
2005 1366 2081 1419 τὰς
2103 1365 2278 1419 κλοπάς.
2306 1365 2558 1426 Γενομένους
2577 1367 2764 1428 (γενόμε-

1485 1453 1551 1489 νος
1591 1438 1716 1495 conj.
1759 1438 1877 1498 Cas.)
1910 1436 1947 1482 δ’
1972 1428 2053 1483 ὀῦν
2086 1437 2129 1482 ἐν
2157 1438 2219 1501 τῷ
2245 1435 2562 1500 Σανδροκόττου
2592 1456 2767 1500 utputo-

1484 1508 1601 1572 πέδῳ
1621 1508 1749 1572 φησὶν
1771 1510 1794 1554 ὃ
1819 1510 1865 1556 Μ
1880 1512 2042 1572 εγασθ
2056 1507 2199 1566 ένης,
2221 1507 2531 1573 τετταράκοντα
2554 1509 2765 1573 μυριάδων

1485 1578 1670 1635 πλήθους
1693 1579 1941 1644 ἱδρυμένου,
1959 1580 2174 1643 μηδεμίαν
2195 1579 2358 1644 ἡμέραν
2380 1582 2478 1627 ἰδεῖν
2505 1582 2767 1643 ἀνηνεγμένα

1486 1649 1718 1712 κλέμματα
1737 1651 1942 1698 πλειόνων
1966 1650 1993 1708 ἢ
2017 1650 2242 1698 διακοσίων
2268 1653 2472 1717 δραχμῶν
2496 1651 2613 1709 ἄξια,
2638 1655 2765 1717 ἀγρά-

1490 1740 1580 1787 φοις
1603 1721 1678 1769 καὶ
1698 1726 1834 1769 ταῦτα
1850 1721 1994 1784 νόμοις
2015 1723 2267 1787 χρωμένοις.
2300 1725 2354 1785 (2)
2383 1723 2496 1772 Οὐδὲ
2520 1723 2601 1788 γὰρ
2622 1726 2766 1788 γράμ-

1490 1789 1607 1855 ματα
1630 1793 1784 1841 εἰδέναι
1808 1793 1978 1853 αὐτοὺς,
2003 1796 2098 1842 ἀλλ’
2121 1794 2207 1841 ἀπὸ
2226 1793 2396 1857 μνήμης
2415 1793 2575 1841 ἕκαστα
2596 1795 2762 1842 διοικεῖ-

1489 1870 1586 1926 σθαι
1615 1867 1669 1930 (*)
1686 1885 1697 1896 ·
1723 1858 1769 1914 εὖ
1806 1866 2007 1931 πράττειν
2045 1867 2082 1914 δ’
2111 1866 2225 1928 ὅμως
2250 1865 2319 1914 διὰ
2345 1866 2420 1923 τὴν
2448 1866 2669 1922 ἁπλότητα
2694 1868 2765 1913 καὶ

1540 1982 1590 2032 (*)
1627 1981 1959 2023 Schwanbeckius
1986 1982 2013 2022 l.
2037 1982 2064 2022 l.
2090 1994 2127 2033 p.
2153 1987 2194 2022 51
2223 1994 2233 2021 τ
2257 1998 2276 2016 «
2297 1985 2433 2032 Neque
2450 1983 2516 2032 qui
2540 1992 2617 2020 non
2653 1982 2762 2030 iguo-

1493 2041 1556 2079 rat
1574 2039 1850 2090 antiquitatem
1877 2039 2077 2089 lndiram,
2105 2040 2203 2090 quin
2229 2050 2297 2089 per
2324 2050 2495 2079 errorem
2515 2039 2658 2078 dixerit
2685 2039 2768 2088 itte,

1488 2097 1595 2148 apud
1611 2098 1729 2138 Indos
1746 2098 2019 2148 scriptasleges
2035 2109 2115 2138 non
2135 2098 2278 2146 valere,
2293 2098 2403 2138 facile
2416 2097 2624 2137 dubitabit.
2647 2098 2769 2146 Cujus

1490 2154 1634 2193 erroris
1653 2165 1770 2194 causa
1789 2156 1919 2205 potest
1935 2155 2081 2205 duplex
2110 2155 2228 2194 fuisse
2246 2171 2257 2194 2
2283 2166 2374 2194 nam
2400 2165 2478 2194 non
2504 2153 2622 2193 modo
2640 2153 2770 2194 adhuc

1491 2211 1771 2262 peregrinatori
1794 2223 1898 2263 aegre
1922 2212 2081 2252 obvenit
2102 2212 2255 2251 occasio
2285 2214 2447 2262 scriptas
2467 2212 2568 2261 leges
2586 2210 2740 2250 videndi
2757 2239 2768 2258 ,

1490 2280 1615 2320 quum
1633 2271 1864 2310 Brahmanae
1889 2270 1928 2309 in
1948 2270 2139 2310 memoria
2165 2270 2335 2309 babeant
2353 2270 2480 2319 legum
2499 2268 2672 2307 codicem
2698 2280 2768 2307 ne·

1489 2338 1567 2377 que
1585 2327 1625 2366 in
1644 2327 1836 2377 iudicium
1854 2330 2082 2378 apportent,
2102 2327 2172 2367 sed
2194 2328 2312 2367 etiam
2339 2327 2422 2366 ludi
2452 2337 2544 2365 cum
2566 2326 2771 2365 manifesta

1489 2385 1660 2434 quadam
1677 2396 1794 2425 causa
1810 2386 1932 2435 legem
1948 2386 2145 2436 appellant
2162 2387 2319 2425 smirna·
2338 2385 2390 2433 (i.
2408 2395 2441 2424 e.
2458 2386 2585 2433 μνήμη
2597 2414 2607 2431 ,
2626 2394 2769 2423 memo·

1490 2442 1598 2492 ria);
1620 2443 1754 2492 itaque
1768 2444 1834 2492 qui
1852 2443 1971 2492 liuJus
1985 2443 2039 2482 rei
2057 2443 2214 2492 ignarus
2231 2445 2337 2488 erat,
2362 2441 2575 2480 necessario
2604 2442 2641 2479 iu
2666 2441 2771 2479 hunc

1492 2499 1654 2539 modum
1689 2500 1943 2540 ratiocinatus
1964 2502 2044 2545 est.
2064 2500 2228 2549 scriptas
2258 2510 2335 2537 non
2363 2502 2516 2538 exstare
2549 2498 2672 2547 teges,
2703 2499 2774 2537 ubi

1492 2557 1713 2606 iudicentur
1729 2569 1778 2597 ex
1795 2557 1983 2597 memoria
1997 2557 2144 2597 omnia.
2202 2558 2337 2606 ltaque
2352 2556 2468 2595 etiam
2487 2556 2687 2595 Nearchus
2701 2566 2767 2604 ap.

1495 2615 1624 2655 strab.
1645 2626 1683 2665 p.
1700 2618 1774 2655 716
1791 2615 2007 2664 contendit,
2017 2615 2101 2659 τοὺς
2112 2614 2249 2664 νόμους
2268 2613 2454 2664 ἀγράφους
2470 2614 2586 2661 εἶναι,
2606 2616 2646 2652 et
2666 2612 2775 2662 quod

1488 2742 1528 2779 et
1548 2741 1674 2789 major
1695 2741 1762 2779 liic
1781 2751 1940 2790 quoque
1966 2740 2131 2779 aliarum
2147 2741 2342 2778 terrarum
2361 2738 2511 2786 tluviis,
2542 2737 2609 2777 sed
2644 2735 2778 2787 Gangi

1490 2803 1618 2852 cedit,
1636 2815 1760 2854 quum
1777 2804 1815 2842 in
1835 2815 1926 2843 eum
1950 2814 2095 2853 aquam
2111 2813 2223 2842 suam
2239 2802 2442 2841 immittat.
2495 2804 2551 2850 (6)
2579 2801 2638 2840 Ait
2656 2811 2773 2850 porro

1488 2867 1758 2918 Megasthenes
1784 2866 2068 2917 longitudinem
2104 2866 2213 2905 urbis
2237 2876 2321 2905 esse
2348 2865 2399 2904 ab
2428 2867 2596 2914 utroque
2629 2864 2772 2910 latere,

1492 2942 1571 2982 qua
1586 2932 1807 2982 longissime
1823 2931 2037 2979 habitatur,
2054 2930 2269 2970 stadiorum
2286 2940 2406 2978 cxxx,
2425 2928 2670 2969 latitudinem
2688 2939 2770 2978 xv3

1492 2998 1547 3046 (7)
1563 2998 1785 3048 fossamque
1812 2996 1899 3036 urbi
1923 2995 2250 3043 circumductam,
2268 2993 2474 3033 latitudine
2490 3003 2558 3032 sex
2571 2993 2768 3042 jugerum,

1491 3060 1698 3100 altitudine
1725 3060 1951 3099 cubitorum
1986 3071 2090 3109 ΧΠ,
2118 3069 2275 3098 murum
2307 3060 2436 3096 turres
2462 3056 2606 3095 habere
2641 3066 2742 3094 ccxx
2759 3086 2769 3101 ‚

1492 3126 1624 3174 portas
1639 3133 1749 3163 ωιιν.
1774 3123 1828 3173 (8)
1843 3125 1928 3172 Hoc
1943 3122 2061 3162 etiam
2077 3132 2160 3162 esse
2176 3120 2430 3160 memorabile
2447 3123 2486 3158 in
2504 3118 2625 3168 ludia,
2639 3130 2775 3157 omnes

1493 3187 1610 3227 Indos
1619 3187 1762 3227 liberos
1770 3198 1852 3227 esse
1863 3217 1874 3237 ‚
1890 3198 2018 3236 neque
2029 3186 2153 3226 ullum
2165 3186 2325 3224 omuino
2342 3183 2482 3224 indum
2499 3194 2657 3222 servum
2670 3193 2767 3221 esse.

1495 3254 1584 3298 Qua
1604 3250 1811 3301 quidemin
1828 3262 1869 3289 re
1891 3251 1998 3290 ludis
2010 3261 2100 3288 eum
2118 3247 2419 3297 Lacedaemoniis
2436 3246 2693 3293 conventum)
2706 3249 2770 3285 La·

1493 3315 1742 3355 cedaemoniis
1757 3317 1888 3354 tamen
1924 3315 2081 3354 llelotes
2100 3314 2200 3353 servi
2240 3315 2354 3361 sunt,
2384 3311 2615 3360 servitiaque
2642 3310 2771 3349 munia

1492 3378 1639 3418 obeunt
1658 3395 1667 3417 ε
1689 3378 1794 3418 ludis
1811 3389 1906 3417 vero
1930 3388 2056 3428 neque
2071 3377 2171 3416 alius
2185 3387 2321 3416 servus
2337 3377 2414 3423 est,
2433 3374 2575 3413 nedum
2589 3373 2788 3421 indorum.

1495 3441 1717 3491 quisquam.

2096 3510 2167 3549 27.

1546 3577 1629 3616 lndi
1647 3577 1685 3615 in
1704 3577 1811 3616 victu
1840 3576 2007 3626 frugales
2022 3577 2137 3626 sunt,
2159 3576 2373 3626 praesertim
2393 3575 2430 3614 in
2451 3574 2607 3621 castris,
2627 3575 2665 3611 et
2678 3573 2788 3621 qma,

1495 3640 1794 3690 supervacaneis
1821 3650 1900 3678 non
1932 3639 2195 3688 delectentur,
2227 3639 2369 3678 ornatu
2396 3636 2560 3686 eleganti
2593 3637 2765 3673 utantur.

1496 3707 1618 3746 Furta
1633 3705 1736 3755 apud
1759 3715 1827 3744 eos
1849 3714 2022 3754 perrara.
2055 3706 2193 3754 ltaque
2218 3715 2284 3743 eos
2305 3703 2372 3753 qui
2390 3703 2428 3741 in
2444 3699 2768 3741 castrissandra·

1497 3769 1591 3809 cotti
1625 3768 1791 3816 suerint,
1831 3777 2072 3817 quamquam
2106 3767 2157 3806 ibi
2196 3766 2571 3817 quadringentorum
2599 3761 2785 3802 millium.

1498 3833 1690 3872 collocata
1711 3829 1924 3870 multitudo
1935 3831 2037 3868 esset
2051 3860 2063 3878 ‚
2083 3830 2231 3869 nullam
2247 3834 2377 3868 tamen
2394 3826 2495 3864 diem
2512 3823 2671 3869 vidisse.
2692 3833 2783 3871 qu.»

1499 3895 1603 3935 ultra
1620 3893 1880 3933 ducentarum
1895 3892 2172 3932 drachmarum
2185 3892 2355 3942 pretium
2365 3889 2467 3928 surio
2483 3888 2606 3926 essent
2622 3884 2768 3931 ablata;

1498 3958 1616 4008 idque
1647 3955 1751 4007 apud
1779 3955 1896 3996 ludos
1932 3955 2014 3995 tieri
2048 3957 2215 4012 quinon
2245 3952 2396 4002 scriptis
2424 3951 2585 3991 utantur
2607 3946 2763 3996 legibus.

1500 4023 1556 4069 (2)
1582 4024 1717 4071 Neque
1727 4021 1831 4059 enim
1851 4020 1982 4060 literas
2000 4031 2066 4059 eos
2082 4029 2192 4058 nosse
2208 4048 2218 4065 ,
2238 4016 2304 4055 sed
2317 4013 2540 4053 memoriter
2556 4010 2684 4051 omnia
2697 4009 2766 4048 ml-

1500 4083 1719 4123 ministrare
1733 4113 1745 4133 ,
1769 4086 1808 4123 et
1837 4083 2090 4122 nihilominus
2110 4092 2168 4119 res
2184 4080 2231 4118 iis
2258 4086 2436 4128 prospere
2453 4073 2658 4112 succedere
2676 4083 2766 4121 pm·

1498 4149 1586 4197 pter
1596 4147 1884 4197 simplicitatem
1899 4150 1938 4186 et
1956 4146 2045 4184 vitae
2061 4143 2431 4192 frugalitatemmam
2449 4139 2578 4175 sinum
2594 4147 2660 4173 eos
2677 4147 2786 4200 ηοιι-1

1499 4210 1571 4249 nisi
1592 4210 1630 4248 in
1643 4210 1840 4249 sacrificiis
1852 4210 1996 4255 hibere,
2012 4207 2140 4245 bibere
2162 4216 2251 4243 vero
2263 4215 2306 4241 ex
2321 4213 2435 4251 oryza
2452 4201 2668 4238 consectum
2684 4199 2767 4235 Ιοιό

1501 4254 1648 4312 uorltei.
1671 4273 1813 4312 Cibum
1834 4282 1990 4321 quoquc
2006 4280 2142 4317 magna
2164 4279 2208 4305 cx
2229 4269 2335 4315 patto
2350 4276 2506 4313 orp‘raui
2529 4274 2611 4301 esse
2637 4261 2760 4299 sorbi-

2782 3995 2807 4021 ἱ·
