3016 4628
79 51 102 90 f*-

33 0 83 116 εἱ.-

44 120 56 133 3=

43 111 78 168 ·3
91 133 94 135 ’

53 170 78 186 9·’

979 283 1241 334 ANDRON
1277 285 1902 342 HALICARNASSENSlS.

31 380 58 520 33
97 392 302 442 πίνουσοίν
319 411 364 441 τε
381 392 579 440 πλεῖστον
599 383 731 452 οἶνον,
745 397 1136 457 προσαγορευθῆναι
1158 393 1376 451 Σινώπην·

99 465 365 531 μεταφράσει
389 463 435 512 δὲ
453 468 578 512 τοῦτο
601 462 801 526 σημαίνει
824 463 902 522 τὴν
926 466 1068 512 πολλὰ
1098 466 1323 514 πίνουσαν.

162 539 303 600 Apud
327 539 471 584 schol.
494 538 652 598 Apoll.
681 538 713 582 l.
735 538 765 583 1.
794 537 930 596 Tejus
955 538 1177 594 Andron,
1199 540 1279 598 qui
1298 540 1381 584 Pe-

34 607 43 618 ⁵
97 612 270 671 riplum
304 611 504 670 scripsit,
547 610 803 670 opponitur
829 609 1045 654 Androni
1079 626 1175 654 non
1209 610 1382 655 dicitur

99 683 191 728 cui.
226 685 338 728 Tam
373 683 491 727 male
527 681 762 726 enuntiata
799 681 1034 740 oppositio
1074 683 1383 741 suspicionem

95 762 277 816 movet,
315 754 508 798 alterum
539 752 810 799 Andronem
846 753 893 798 h.
936 754 966 796 l.
1013 752 1177 798 deberi
1216 769 1380 798 corru-

94 826 247 885 ptelae.
269 822 558 870 Emendandi
582 825 812 869 rationem
839 825 936 884 ipse
960 825 1226 884 suppeditat
1245 826 1383 871 scho-

48 911 51 915 ’
94 898 236 954 liasta,
249 911 276 942 a
287 911 382 956 quo
397 895 456 941 ad
469 897 529 951 ΙΙ,
556 912 572 938 1
583 911 611 940 o
621 911 638 939 1
649 894 675 940 5
692 896 907 941 laudatur
921 894 962 942 Ἀ
976 894 1039 958 γ-οί
1049 899 1070 942 θ
1080 915 1115 942 ω
1126 915 1147 941 ν
1166 898 1208 943 ἐν
1226 898 1286 960 τῷ
1306 900 1381 943 τοῦ
1443 907 1447 911 ’

93 964 258 1015 Πόντου
276 963 470 1030 περίπλῳ
490 965 561 1026 (v.
591 968 822 1028 Agathou.
844 968 901 1012 fr.
928 968 952 1013 3
967 966 998 1030 ).
1019 969 1238 1027 Ejusdem
1258 973 1380 1030 Aga—

30 1067 32 1071 .
91 1040 243 1084 thonis
263 1039 360 1094 vel,
386 1039 516 1098 quod
550 1040 730 1096 malim,
758 1040 994 1086 Andronis
1022 1040 1164 1102 (Teji)
1203 1056 1379 1086 nornen

90 1111 140 1155 in
172 1108 454 1158 AKAPIQN
490 1111 651 1156 abiisse
677 1121 791 1172 puto
828 1128 903 1173 ap.
938 1114 1083 1160 schol.
1113 1113 1270 1173 Apoll.
1299 1115 1376 1172 ΙΙ,

31 1175 40 1231 ⁴,
94 1179 207 1238 168,
230 1182 312 1226 ub1
330 1181 456 1227 haec
481 1179 707 1244 Νύμφαιος
731 1180 841 1244 (scr.
861 1180 1054 1247 Νύμφις,
1080 1185 1210 1243 cujus
1232 1201 1275 1231 V.
1296 1184 1374 1247 fr.)

28 1248 168 1318 ¹415&
192 1242 262 1298 ουν
287 1251 413 1317 φησὶν
435 1253 618 1316 ἱστορεῖν
639 1252 903 1318 Ἀκαρίωνα,
927 1255 991 1301 ὅτι
1017 1254 1190 1319 Φρύγες
1211 1254 1258 1302 τὸ
1283 1274 1372 1302 πα-

66 1321 209 1390 '‘23:303ae
229 1322 503 1386 βουληθέντες
521 1325 780 1388 διαπερᾶσαι
797 1325 867 1373 τὸν
882 1327 1099 1417 πορθμὸν,
1120 1326 1379 1375 κατεσκεύα·

29 1397 61 1470 ἶς’ξς
61 1412 168 1449 -σαν
196 1399 300 1441 ναῦν
324 1394 482 1460 ταύρου
504 1396 636 1443 τύπον
661 1396 731 1444 ἐπὶ
760 1401 836 1455 τῆς
870 1398 1046 1464 πρῴρας
1067 1398 1249 1463 ἔχουσαν
1281 1399 1376 1459 καὶ,

43 1463 143 1542 ᾗῶς
175 1467 337 1526 εἰπεῖν,
376 1467 767 1558 ταυροπρόσωπον,
795 1470 884 1517 καὶ
899 1469 1035 1535 ταύτῃ
1061 1470 1188 1536 φησὶν
1225 1469 1377 1525 αὐτους

27 1507 374 1603 διαπερασαι
401 1559 475 1587 και
498 1539 570 1587 τὸν
594 1541 783 1604 πορθμὸν
810 1542 895 1589 ἀπὸ
918 1562 994 1600 της
1013 1542 1115 1597 νεὼς
1151 1542 1372 1608 Βόσπορον

31 1600 76 1642 3
59 1610 324 1675 αληθηναι,
343 1610 462 1659 ὅσπε
467 1611 578 1676 ρκαὶ
601 1611 760 1676 Φρίξον
780 1612 908 1678 φασὶν
927 1613 997 1660 ἐπὶ
1015 1613 1117 1667 νεὼς
1138 1632 1374 1679 κριοπροσ-

36 1669 77 1715 v'
82 1678 202 1729 ὦπου
235 1684 294 1735 εἷς
316 1682 395 1740 τὴν
420 1683 609 1733 Σκυθίαν
638 1685 839 1735 πλεῦσαι.
865 1683 1049 1751 Ἔφορος
1070 1685 1114 1734 δέ
1137 1705 1264 1751 φησιν
1283 1697 1370 1733 etc.

27 1751 166 1815 (V
189 1756 580 1818 Eph011f179).

275 1929 529 1974 ANDRON
566 1931 1166 1980 HALICARNASSENSIS.

27 1998 69 2100 3
325 2061 328 2064 ι
527 2037 922 2086 ΣΥΓΓΕΝΕΙΑΙ.

28 2112 73 2231 33.
101 2211 110 2226 ,,
539 2143 906 2210 (ἹΣΤΟΡΙΑΙ.)
930 2192 932 2194 ,

32 2230 77 2268 ,με

694 2257 736 2284 1.

146 2333 328 2376 Tzetzes
351 2331 463 2390 Ly.c
492 2331 637 2396 894:
666 2327 902 2395 Ἄνδρων
880 2331 924 2378 οὲ
956 2334 978 2378 ὅ
1013 2331 1371 2397 Ἁλικαρνασσευς

188 2545 333 2595 Ἀσίαν
373 2549 445 2593 καὶ
424 2472 676 2606 ’'Ata-qv,
723 2547 902 2613 θατέρας
941 2547 984 2596 δὲ
1030 2516 1250 2638 Ευρώπην
1289 2552 1362 2598 καὶ

132 2617 287 2685 ἄκην,
310 2618 383 2680 ἀφ’
397 2624 465 2666 ὧν
491 2619 607 2683 λέγει
627 2620 700 2667 καὶ
723 2622 931 2678 κληθηναι
957 2621 1032 2675 τὰς
1057 2621 1214 2686 χώρας.

30 2734 82 2743 ,
91 2693 477 2740 EademTzetz.
496 2695 556 2739 ad
579 2696 690 2754 Lyc
722 2694 1158 2756 1283,inExeg.11.
1180 2713 1227 2756 p.
1254 2696 1362 2758 135,

112 2762 236 2812 sed.
261 2767 438 2810 Herm.-
430 2767 610 2823 ,.schol
642 2768 844 2826 AEschyl.
874 2769 996 2812 Pers.
1030 2767 1137 2829 1853
1166 2769 1369 2813 Fudocia

117 2837 267 2899 ..4-39

0 2963 5 3023 3
0 2903 94 3030 ἑξ
86 2974 318 3026 Nymphis
333 2975 430 3015 dicit
455 2987 618 3016 narrare
636 2978 872 3018 Acarionem
897 2977 1206 3028 (Andronem)‚
1239 2980 1368 3029 Phry·

0 3015 47 3079 3
174 3039 318 3081 fretum
342 3042 524 3092 trajicere
555 3043 734 3083 volentes
759 3053 901 3083 navem
934 3044 1200 3084 construxisse
1219 3045 1371 3095 quaein

0 3114 4 3146 3
134 3120 139 3138 ν
168 3104 374 3146 ahabebat
395 3108 528 3147 tauri
517 3109 746 3160 imaginem,
764 3111 849 3150 sive
862 3122 1006 3151 navem
1026 3112 1367 3163 ταυροπρόσωπον.

0 3165 39 3244 3
111 3223 114 3226 Ι
134 3166 163 3208 i
180 3167 299 3219 igitur
330 3181 432 3212 nave
450 3183 576 3223 quum
591 3173 838 3223 trajecissent
854 3205 864 3224 ,
882 3175 932 3214 ab
953 3186 998 3215 ea
1016 3176 1164 3216 fretum
1180 3177 1365 3216 nomina-

0 3225 4 3290 ζ
29 3235 76 3269 ΰ-’ᾱ-
93 3241 162 3298 3¹¹³
175 3243 260 3274 esse
274 3235 505 3286 Bosporum.
537 3237 725 3278 Similiter
744 3239 863 3279 etiam
881 3230 1132 3280 Phrixum'in
1146 3251 1246 3281 nave
1261 3255 1366 3292 κριο·

102 3294 272 3354 χσώπῳ
305 3298 466 3347 (arietis
495 3300 710 3351 imaginem
740 3302 948 3352 praelixam
980 3304 1176 3353 habente)
1202 3304 1243 3343 in
1272 3307 1368 3355 Scy·

25 3377 32 3395 3
107 3373 110 3388 ι
144 3369 198 3400 m
217 3361 433 3412 navigasse.
1182 3381 1185 3384 '

491 3441 859 3491 COGNATION
866 3443 954 3493 Es.

575 3543 883 3594 (uisromAE.)

703 3621 743 3660 1.

128 3695 290 3739 Andron
320 3699 674 3741 Halicarnassensis
690 3701 921 3751 {oceanum
951 3701 1048 3740 dicit
1082 3701 1182 3741 duas
1210 3701 1367 3742 duxisse

26 3721 249 3818 {uxores
264 3761 560 3815 pompholygen
579 3765 619 3803 et
632 3765 923 3815 Parthenopen
938 3774 988 3803 ex
1011 3763 1157 3815 quibus
1178 3767 1367 3814 quattuor

22 3822 265 3931 &saepit
280 3825 401 3878 filias,
422 3839 474 3868 ex
493 3828 618 3869 altera
634 3830 769 3870 Asiam
790 3831 829 3870 et
848 3830 1038 3880 Libyam,
1064 3842 1115 3869 ex
1143 3830 1266 3869 altera
1289 3833 1367 3869 Eu-

123 3897 200 3946 pen
220 3891 262 3930 et
275 3891 476 3943 Thracen,
506 3904 529 3932 a
555 3894 700 3944 quibus
715 3896 831 3935 terrae
848 3895 1100 3945 cognomines
1134 3895 1211 3934 sint
1235 3895 1365 3934 nomi-

35 3996 73 4067 ἐξ·
685 4027 728 4066 2.

24 4045 93 4162 ξ
129 4085 360 4138 Parnassus,
377 4099 491 4129 mons
509 4091 772 4142 Delphorum,
797 4104 820 4131 a
837 4095 1026 4133 Parnasso
1043 4092 1162 4133 heroe
1183 4092 1364 4142 indigena

41 4138 219 4203 ἤιοωοο
233 4149 366 4192 habet.
386 4152 546 4194 Andron
562 4165 657 4194 vero
673 4155 769 4195 dicit
783 4155 875 4196 inde
891 4167 975 4197 esse
993 4156 1240 4196 nominatum
1257 4155 1363 4205 quod

24 4209 249 4263 λάρναξ,
237 4223 266 4254 1.
289 4226 326 4255 e.
354 4227 471 4269 arca,
489 4217 740 4261 Deucalionis
760 4220 814 4262 ibi
830 4221 1049 4273 appulerim
1078 4231 1171 4260 nam
1188 4220 1362 4270 primum

55 4331 76 4365 a>

22 4374 85 4431 :⁴3⁶

2646 310 2741 352 349

2081 422 2124 452 2.

1526 498 1674 555 Etym.
1702 499 1763 543 M.
1787 512 1835 556 p.
1860 497 1978 553 655,
2071 499 2364 561 τΠαρνασὸς,
2395 502 2486 565 ὄρος
2508 506 2597 551 ἐστὶ
2628 508 2742 554 Δελ-

1461 568 1575 628 φῶν,
1595 564 1679 611 ἀπὸ
1700 568 1934 630 Παρνασοῦ
1961 497 2168 631 ἐγχςωρίου
2189 567 2342 628 ἥρωος.
2363 570 2604 658 ΞΑνδρων“
2582 576 2627 622 σέ
2627 595 2741 641 φη-

1460 656 1547 695 σιν,
1569 636 1715 694 ἐπειδὴ
1741 637 2043 702 προσώρμισεν
2074 642 2100 696 ἡ
2122 639 2283 703 λάρναξ
2316 660 2389 688 του
2424 632 2737 702 Δευκαλίωνος·

1459 709 1533 756 καὶ
1565 709 1612 757 τὸ
1649 709 1726 772 μὲν
1750 709 1953 776 πρότερον
1979 710 2230 775 Λαρνησσὸς
2255 713 2447 761 ἐκαλεῖτο
2459 716 2666 783 ,ὕστερον
2695 720 2740 766 δὲ

1460 785 1555 829 κατ
1579 781 1816 845 ἐναλλαγὴν
1842 787 1915 829 τοῦ
1939 784 1965 829 λ
1982 785 2039 836 εἷς
2058 802 2115 841 π,
2143 785 2415 848 Παρνασσός.

1525 856 1681 900 Schol.
1708 857 1864 916 Apoll.
1887 856 1979 900 Rh.
2007 858 2076 912 ΙΙ,
2111 855 2241 944 7,ο5;
2270 853 2568 918 Ὠνομάσθη
2547 859 2588 906 οὲ
2613 863 2740 924 Παρ-

1458 924 1614 979 νασσὸς
1636 925 1720 973 ἀπὸ
1747 929 2009 991 Παρνησσοῢ
2029 945 2101 972 του
2132 926 2341 990 ἐγχωρίου
2367 928 2504 993 ἥρωος
2522 966 2535 991 ,
2558 934 2614 985 ὥς
2636 931 2742 981 Ἑλ-

1457 997 1645 1052 λάνικος.
1677 995 1863 1063 Ἄνδρων
1886 997 1930 1046 δὲ
1945 1035 1956 1056 ,
1979 999 2071 1046 ἐπεὶ
2099 1000 2407 1064 προσωρμίσθη
2434 1005 2460 1059 ἡ
2484 1001 2645 1068 λάρναξ
2670 1010 2741 1050 τοῦ

1457 1069 1775 1124 Δευκαλίωνος·
1828 1070 1902 1117 καὶ
1943 1070 2200 1136 τοπρότερον
2236 1072 2492 1136 Λαρνασσὸς
2526 1074 2742 1133 ἐκαλεῖτο,

1457 1139 1630 1207 ὕστερον
1656 1141 1699 1189 δὲ
1719 1142 1832 1190 κατὰ
1849 1140 2006 1207 φθορὰν
2026 1146 2102 1190 τοῦ
2121 1143 2333 1211 στοιχείου
2351 1143 2624 1209 Παρνασσός.

2078 1238 2124 1286 3.

1521 1332 1679 1391 steph.
1705 1334 1809 1390 Byz.
1837 1329 1996 1394 Δώρων
2024 1348 2034 1379 :
2068 1330 2157 1379 Καὶ
2183 1332 2220 1378 οἱ
2244 1333 2410 1396 Κρῆτες
2435 1332 2610 1396 Δωριεῖς
2637 1334 2742 1380 ἐκα-

1454 1403 1603 1449 λοῦντο
1618 1422 1627 1431 ·

1557 1490 1718 1539 Δωριέες
1739 1502 1779 1528 τε
1802 1490 2013 1540 τριχάϊκες,
2031 1490 2104 1528 δῖοί
2121 1503 2161 1528 τε
2179 1490 2373 1541 Πελασγοί
2392 1490 2489 1539 (Od.
2510 1493 2615 1540 XIX,
2637 1492 2738 1537 177).

1455 1567 1565 1632 Περὶ
1585 1560 1643 1614 ῶν
1671 1569 1836 1632 ἱστορεῖ
1853 1564 2064 1633 Ἄνδρων,
2089 1568 2257 1633 Κρητὸς
2295 1571 2339 1616 ἐν
2370 1571 2425 1633 τῇ
2460 1568 2578 1635 νήσῳ
2615 1573 2739 1633 βασι-

1451 1639 1667 1697 λεύοντος,
1690 1642 1731 1689 Τ
1734 1639 1918 1706 έκταφον
1945 1639 2016 1687 τὸν
2041 1639 2191 1706 Δώρου
2217 1646 2289 1688 τοῦ
2323 1638 2567 1701 ’Έλληνος,
2598 1644 2741 1708 ὁρμή-

1455 1731 1591 1759 σαντα
1617 1714 1666 1759 ἐκ
1689 1716 1765 1770 τῆς
1786 1714 1826 1759 ἐν
1862 1712 2083 1777 Θετταλίᾳ
2116 1712 2210 1760 τότε
2243 1713 2320 1775 μὲν
2357 1713 2548 1779 Δωρίδος
2563 1750 2575 1774 ,
2599 1719 2672 1762 νῦν
2696 1713 2740 1763 δὲ

1453 1784 1759 1839 Ἱστιαιώτιδος
1783 1785 2076 1848 καλουμένης,
2103 1785 2328 1850 ἀφικέσθαι
2352 1787 2409 1840 εἰς
2431 1785 2607 1851 Κρήτην
2631 1786 2741 1849 μετὰ

1452 1858 1649 1924 Δωριέων
1667 1877 1712 1905 τε
1737 1858 1809 1906 καὶ
1833 1858 2015 1922 Ἀχαιῶν
2040 1858 2113 1905 καὶ
2131 1860 2374 1922 Πελασγῶν
2389 1895 2401 1917 ,
2421 1862 2504 1906 τῶν
2528 1861 2604 1906 οὐκ
2625 1862 2740 1906 ἀπα-

1453 1930 1616 1996 ράντων
1635 1932 1693 1984 εἷς
1712 1931 1972 1996 Τυρρηνίαν.
1996 1933 2064 1978 Cf.
2094 1934 2306 1979 Characis
2329 1934 2510 1978 Hellen.
2537 1934 2594 1980 fr.
2625 1950 2669 1991 7.

1515 2123 1680 2167 Strabo
1706 2124 1773 2179 X,
1796 2139 1843 2182 p.
1880 2123 1971 2179 476
2003 2139 2012 2165 ε

1500 2209 1609 2254 Ἄλλη
1623 2208 1654 2246 δ’
1672 2208 1797 2247 ἄλλων
1815 2208 1976 2256 γλῶσσα
1990 2208 2200 2258 μεμιγμένη
2214 2217 2222 2226 ·
2237 2198 2364 2257 (φησὶν
2386 2208 2407 2246 ὁ
2424 2208 2596 2257 ποιητὴς)
2615 2208 2652 2246 ἐν
2669 2209 2735 2257 μὲν

1499 2268 1562 2306 Ἐν
1586 2267 1619 2305 δ’
1643 2266 1885 2318 Ἐτεόκρητες
1905 2267 2156 2317 μεγαλήτορες
2171 2296 2181 2316 ,
2201 2267 2239 2305 ἐν
2255 2267 2294 2305 δὲ
2312 2266 2507 2314 Κύδωνες,
2545 2265 2735 2317 [lxmam]

1500 2326 1659 2375 Δωριέες
1675 2338 1716 2362 τε
1735 2324 1927 2375 τριχάϊκες
1940 2354 1950 2373 ,
1970 2324 2043 2362 δῖοί
2059 2337 2099 2363 τε
2118 2324 2375 2373 Πελασγοί....

1447 2404 1560 2457 Τοὺς
1582 2403 1657 2465 μὲν
1678 2396 1749 2450 032
1777 2404 2067 2468 Ἐτεόκρητας
2091 2404 2162 2450 καὶ
2182 2403 2276 2457 τοὺς
2304 2403 2507 2456 Κύδωνας
2535 2403 2733 2468 αὖτόχθο·

1447 2496 1520 2530 νας
1550 2476 1760 2540 ὑπάρξαι,
1787 2476 1917 2529 εἰκός·
1944 2475 2042 2529 τοὺς
2066 2477 2109 2522 δὲ
2130 2475 2301 2529 λοιποὺς
2327 2477 2565 2534 ἐπήλυδας,
2593 2476 2662 2531 οὒς
2684 2477 2734 2523 ἐκ

1447 2549 1690 2603 Θετταλίας
1708 2550 1839 2597 ἐλθεῖν
1858 2550 1985 2613 φησὶν
2006 2549 2192 2613 Ἄνδρων
2221 2553 2295 2607 τῆς
2319 2548 2505 2613 Δωρίδος
2528 2549 2605 2610 μὲν
2622 2549 2732 2614 πρό-

1447 2641 1565 2687 τερον
1577 2659 1588 2681 ,
1606 2626 1677 2668 νῦν
1695 2622 1739 2668 δὲ
1757 2626 1832 2679 τῆς
1847 2621 2172 2673 Ἑστιαιώτιδος
2185 2620 2417 2683 λεγομένης
2431 2640 2440 2649 ·
2455 2620 2498 2675 ἐξ
2514 2614 2564 2678 ἧς
2579 2620 2735 2685 ὡρμή-

1448 2699 1611 2757 θησαν,
1651 2694 1707 2748 ὥς
1732 2713 1883 2759 φησιν,
1920 2696 1958 2741 οἱ
1983 2693 2081 2758 περὶ
2116 2694 2186 2740 τὸν
2228 2692 2460 2757 Παρνασὸν
2487 2693 2734 2750 οἰκήσαντες

1448 2771 1644 2832 Δωριεῖς·
1677 2768 1750 2813 καὶ
1775 2766 1947 2814 ἔκτισαν
1980 2766 2058 2822 τήν
2091 2785 2135 2812 τε
2176 2765 2364 2830 Ἐρινεὸν
2395 2766 2468 2812 καὶ
2501 2764 2624 2814 Βόϊον
2660 2765 2735 2813 καὶ

1402 2879 1418 2899 ,
1450 2840 1673 2898 Κυτίνιον,
1700 2839 1769 2905 ἀφ’
1806 2832 1853 2886 οὗ
1882 2839 1955 2886 καὶ
1990 2839 2225 2902 Τριχάϊκες
2251 2838 2335 2884 ὑπὸ
2358 2842 2431 2884 τοῦ
2459 2842 2637 2894 ποιητοῦ
2660 2837 2734 2884 λε’-

1445 2981 1622 3020 montem
1635 2982 1903 3019 „Lai-nassum
1916 2980 2103 3018 vocatum
2120 3008 2130 3026 ‚
2151 2977 2259 3028 quod
2271 2977 2413 3017 deinde
2424 2977 2627 3016 literarum
2644 2979 2675 3017 L
2687 2978 2728 3016 et

1448 3047 1476 3084 P
1496 3044 1784 3094 permutatione
1800 3043 1942 3083 abierit
1964 3044 2003 3081 in
2023 3045 2308 3082 Parnassum.

2066 3119 2107 3157 3.

1496 3208 1702 3245 Cretenses
1715 3216 1875 3256 quoque
1896 3208 2018 3244 Dores
2033 3204 2274 3243 vocabantur
2285 3234 2296 3251 ,
2311 3205 2354 3242 ut
2368 3202 2472 3252 apud
2490 3205 2703 3242 Homerum
2720 3214 2730 3240 ;

1531 3307 1717 3349 Doresque
1731 3301 1911 3339 trifariam
1931 3303 2037 3338 divisi
2058 3304 2094 3337 et
2109 3301 2224 3337 divini
2240 3301 2396 3345 Pelasgi.

1446 3389 1499 3425 De
1516 3386 1574 3425 liis
1599 3386 1759 3426 Andron
1775 3387 1931 3433 narrat,
1947 3388 2064 3426 crete
2084 3384 2121 3423 in
2139 3383 2265 3422 insula
2291 3383 2357 3422 illa
2375 3383 2558 3431 regnante
2569 3411 2580 3430 ,
2596 3382 2729 3420 Tecta-

1444 3450 1567 3499 phum
1580 3481 1590 3499 ,
1606 3450 1699 3490 Dori
1718 3449 1843 3488 lilium
1875 3449 2128 3498 Hellenisque
2155 3449 2338 3497 nepotem
2353 3476 2364 3494 ,
2387 3456 2437 3484 ex
2455 3444 2664 3485 Thessaliae
2683 3454 2728 3482 ea

1443 3517 1575 3565 parte,
1593 3526 1683 3565 quac
1703 3516 1790 3554 tum
1811 3514 1926 3553 Doris
1956 3512 2241 3563 appellabatur,
2276 3522 2382 3550 nunc
2406 3510 2624 3550 Hestiaiotis
2646 3511 2727 3556 est,

1442 3580 1665 3630 profectum
1683 3580 1835 3619 venisse
1866 3579 1907 3618 in
1926 3581 2088 3619 Cretam
2109 3578 2277 3617 insulam
2301 3587 2393 3616 cum
2421 3573 2672 3615 Doriensibus
2690 3575 2729 3612 et

1441 3643 1595 3683 Achaeis
1617 3645 1656 3682 et
1674 3642 1843 3692 Pelasgis
1858 3643 1924 3691 iis,
1945 3643 2012 3692 qui
2029 3653 2108 3681 non
2128 3642 2168 3680 in
2191 3639 2449 3691 Tyrrheniam
2470 3636 2663 3676 abierunt.

2055 3724 2096 3761 4.

1442 3792 1502 3833 Ait
1523 3794 1742 3832 Homerus:

1550 3885 1627 3920 Alia
1640 3887 1763 3920 autem
1776 3884 1934 3920 aliorum
1948 3885 2071 3928 lingua
2085 3883 2197 3918 mixta
2216 3894 2224 3914 ι
2244 3882 2371 3915 insunt
2383 3878 2528 3922 quidem
2555 3875 2676 3909 Achati
2687 3898 2698 3915 ,

1506 3943 1632 3978 insunt
1646 3944 1683 3977 et
1697 3941 1880 3985 indigcnae
1894 3943 2084 3977 Cretenses
2098 3937 2337 3983 magnanimi,
2357 3937 2525 3970 insumet
2543 3931 2720 3974 Cydonea,

1506 4003 1692 4045 Dor-esque
1712 3999 1890 4035 trifariam
1913 3998 2030 4038 divisi,
2049 3998 2236 4040 divinique
2254 3994 2448 4038 Pelasgi...

1439 4091 1645 4131 Probabile
1664 4092 1723 4131 est
1745 4091 1971 4130 Eteocrelas
1987 4090 2023 4127 et
2039 4087 2218 4136 Ομίοιιεε
2244 4084 2359 4123 fuisse
2387 4081 2610 4131 indigenas,
2630 4078 2716 4117 reli-

1438 4165 1539 4206 quos
1558 4153 1757 4203 advenas,
1794 4165 1894 4203 quos
1925 4151 2084 4192 Andron
2117 4149 2291 4188 scribite
2311 4143 2507 4185 Thessalia
2538 4141 2717 4188 venisse,

1438 4229 1531 4268 quae
1545 4218 1638 4258 olim
1662 4218 1789 4267 Doris,
1809 4227 1914 4255 nunc
1947 4213 2167 4255 Hestiaeotis
2150 4211 2343 4256 <divitum
2369 4219 2417 4247 cx
2442 4217 2548 4255 qua,
2564 4207 2606 4243 ut
2635 4205 2713 4251 ait,
