3008 4542
139 327 219 395 ’.ζμ
234 339 356 386 libro
381 352 508 382 nono
532 336 682 382 adhuc
710 337 758 381 in
782 337 1069 395 temporibus
1088 339 1197 383 belli
1214 341 1451 400 Pelopon-

133 423 156 441 ·”
161 415 334 474 mosiaci
354 423 577 470 versetur,
600 422 764 473 sponte
781 415 984 458 nascitur
1001 418 1200 474 suspicio
1222 418 1452 462 institutos

149 499 162 545 '5
167 488 436 539 nautodicas
453 487 588 532 fuisse
610 487 684 531 vel
705 487 865 544 paucis
881 487 1010 530 annis
1024 496 1129 545 post
1145 504 1348 548 pugnam
1366 491 1451 534 Sa·-

62 566 66 586 ²
131 582 168 631 52
153 560 423 615 hunniam,
445 559 520 605 vel
542 559 600 603 bi
602 559 675 602 evi
703 566 809 617 post
830 573 992 617 pacem
1025 560 1290 605 Cimoneam
1314 577 1452 619 quam

55 651 58 656 ·
145 635 154 639 ’
150 608 344 689 inlicunt,
363 639 501 690 atque
517 629 826 690 fragmentum
846 639 1056 674 nostrum
1075 647 1132 676 ex
1150 647 1205 676 eo
1224 633 1323 691 ipso
1342 635 1454 678 Cra-

125 705 258 756 deri
291 705 446 764 operis
468 704 574 747 loco
611 703 811 762 petitum
835 718 953 758 esse,
980 704 1064 746 ubi
1097 705 1355 763 psephisma
1394 706 1452 750 de

118 777 376 831 ἴθ’-ωεεηάἱε
397 776 658 823 nautodicis
676 774 845 822 attulit.

789 883 832 930 5.

51 1051 54 1055 ι
233 991 439 1037 Lexicon
454 989 650 1035 Rhetor.
670 989 729 1035 ad
742 990 853 1035 calc.
869 990 1022 1035 Photii
1037 1007 1086 1051 p.
1105 991 1315 1048 667,12:
1334 993 1392 1039 1]’
1382 1010 1452 1038 ισ-

56 1088 58 1090 ·
171 1059 422 1125 αγγελία·
458 1058 572 1107 κατὰ
601 1062 753 1106 κοινῶν
788 1060 861 1107 καὶ
896 1060 1100 1126 ἀγράφων
1144 1063 1451 1124 ἀδικημάτων·

47 1142 54 1197 ι’
95 1136 122 1143 ”
170 1131 278 1191 αὕτη
303 1130 381 1195 μὲν
405 1135 477 1179 οὖν
503 1135 530 1189 ἡ
557 1131 784 1180 Καικιλίου
811 1131 927 1187 δόξα.
957 1133 1233 1198 Θεόφραστος
1257 1134 1366 1181 δὲέν
1391 1137 1452 1181 τῶ

46 1221 47 1226 ’
169 1203 360 1270 τετάρτω
383 1202 494 1268 Περὶ
525 1202 666 1265 νόμων
693 1221 797 1264 φησι
828 1203 1047 1266 γενέσθαι,
1073 1204 1146 1250 ἐάν
1167 1224 1230 1258 τις
1253 1206 1449 1268 καταλύῃ

39 1306 42 1310 ·
154 1274 241 1342 “thr
269 1275 404 1337 δῆμον
430 1275 597 1338 ῥήτωρ,
634 1271 662 1330 ἢ
699 1273 760 1336 μὴ
784 1273 838 1320 τὰ
875 1274 1028 1338 ἄριστοι
1053 1275 1325 1341 συμόουλεύῃ
1359 1278 1454 1344 [τῷ

151 1342 326 1413 δήμῳ]
350 1346 559 1412 χρήματα
582 1345 834 1409 λαμὸάνων,
858 1345 886 1404 ἢ
923 1348 995 1394 ἐάν
1019 1367 1081 1402 τις
1104 1348 1325 1412 προδιδοὺς
1358 1369 1451 1413 χω-

36 1410 38 1417 .
87 1446 126 1487 j,
170 1419 258 1487 ρίον
279 1418 504 1484 (φρουρίον
528 1420 695 1482 Phot.)
719 1418 746 1477 ἢ
772 1423 872 1474 ναῦς
891 1418 918 1477 ἢ
939 1419 1070 1477 πεζὴν
1089 1419 1307 1485 στρατιὰν,
1330 1421 1357 1479 ἢ
1381 1422 1453 1469 ἐάν

168 1510 231 1547 τις
251 1493 310 1546 εἷς
334 1490 430 1545 τοὺς
450 1490 678 1550 πολεμίους
704 1492 934 1556 ἀφικνῆται
958 1491 1091 1555 [ἄνευ
1116 1497 1190 1539 τοῦ
1207 1497 1454 1559 πεμφθῆναι

168 1563 288 1630 παρὰ
305 1567 378 1612 τοῦ
404 1563 574 1626 δήμου]
600 1562 627 1620 ἢ
656 1566 890 1628 μισθοφορῇ
911 1566 1014 1628 παρ’
1035 1566 1177 1618 αὐτοῖς
1199 1561 1226 1621 ἢ
1249 1565 1454 1629 στρατεύ-

38 1635 44 1642 ²
169 1655 271 1696 ηται
288 1638 388 1699 ,μετ’
411 1637 564 1692 αὐτῶν,
583 1634 610 1692 ἢ
635 1637 750 1700 δῶρα
770 1635 973 1698 λαμὸοίνῃ
998 1636 1103 1698 [ἐπὶ
1122 1636 1265 1701 βλάὸῃ
1286 1642 1358 1684 τοῦ
1380 1637 1455 1694 δή-

171 1709 294 1774 pou}
323 1710 612 1770 Συνομολογεῖ
636 1706 681 1755 δὲ
705 1715 789 1761 τοῖς
809 1707 890 1754 ὑπὸ
913 1708 1190 1774 Θεοφράστου
1217 1709 1307 1774 (sc.
1332 1712 1454 1772 λεγο-

170 1779 364 1844 μένοις),
392 1779 455 1827 ὅτι
486 1778 792 1842 Θεμιστοκλέα
818 1776 1062 1843 εἰσήγγειλε
1085 1781 1198 1828 κατὰ
1234 1781 1454 1847 Κράτερον

168 1852 399 1908 Δεωὸότας
419 1852 708 1914 Ἀλκμαίωνος
730 1851 1030 1916 Ἀγραύληθεν.

233 1926 312 1982 Εἰς
347 1924 443 1979 τοὺς
469 1924 699 1986 πολεμίους
731 1925 851 1988 κτλ.]
893 1927 1048 1971 Codex
1084 1927 1144 1978 εἷς
1169 1944 1208 1973 τ.
1244 1924 1456 1986 πολέμους

34 2005 89 2058 λῇ.
170 1998 432 2064 ἀφικνεῖται,
455 1996 483 2055 ἢ
508 1997 645 2055 νικοίη
672 1996 777 2060 παρ’
801 1999 996 2050 αὐτοῖς...
1024 1995 1051 2054 ἢ
1081 1997 1195 2060 δῶρα
1224 1997 1425 2059 λαμὸοίνη
1443 2018 1452 2027 ·

39 2112 78 2126 Ἀ
169 2072 447 2132 συνομολογεῖ
463 2068 507 2117 δὲ
525 2089 566 2120 τ.
587 2072 626 2118 ὗ.
649 2070 931 2133 Θεοφράστου
951 2070 1034 2116 εἴτε
1052 2069 1352 2130 Θεμιστοκλέα
1373 2074 1455 2117 εἷσ-

28 2170 75 2214 ἓ
171 2142 319 2208 αγγέλ.
348 2141 377 2200 ἢ
405 2141 643 2206 εἰσήγγειλε
675 2141 878 2205 κρατερὸς
896 2140 1135 2207 ,Λεσὸώτης
1158 2143 1252 2191 κτλ.
1285 2146 1457 2189 Emen-

0 2241 1 2244 ¹
29 2212 83 2284 Ξ
170 2215 299 2264 davit
316 2224 364 2264 et
388 2218 621 2276 supplevit
639 2216 839 2260 Meierus
865 2215 925 2259 ad
948 2215 995 2262 h.
1026 2216 1059 2260 l.
1076 2249 1087 2269 ,
1115 2217 1194 2274 qui
1226 2235 1244 2254 «
1273 2218 1457 2261 Partem

31 2286 82 2345 ἐξ
169 2289 599 2350 supplementorum
613 2322 625 2343 ,
647 2289 821 2346 inquit,
846 2288 1026 2332 Polluci
1048 2289 1178 2344 VIII,
1199 2286 1258 2332 52
1285 2289 1452 2344 debeo,

31 2356 58 2401 ἶ
170 2362 252 2421 qui
271 2375 418 2420 quum
436 2362 573 2411 etiam
591 2360 692 2420 ipse
707 2374 788 2403 sua
803 2374 850 2402 se
867 2359 925 2402 ab
938 2356 1256 2417 Theophrasto
1275 2368 1453 2405 mutua·

19 2480 22 2483 ,
170 2440 269 2477 tum
287 2448 382 2477 esse
397 2432 691 2494 profiteatur,
711 2433 825 2477 alter
839 2446 894 2475 ex
910 2432 1055 2476 altero
1068 2433 1368 2491 grammatico
1382 2447 1451 2478 re-

16 2496 22 2514 *
171 2504 426 2565 dintegrari
443 2514 607 2565 potest.
620 2504 763 2564 Apud
773 2505 1011 2548 Pollucem
1026 2505 1167 2563 igitur
1182 2504 1276 2548 haec
1294 2506 1458 2564 legun-

171 2585 248 2622 tur
275 2593 287 2621 :
315 2575 564 2638 Ἔγίγνοντο
589 2574 634 2622 δὲ
658 2574 923 2637 εἰσαγγελίαι
946 2572 1058 2620 κατὰ
1084 2574 1171 2639 (ita
1197 2577 1319 2620 enim
1343 2579 1454 2620 scri·

170 2648 380 2696 bendum
404 2657 496 2706 est,
521 2665 667 2709 quum
689 2651 738 2692 in
758 2649 889 2692 libris
911 2645 983 2693 καὶ
1003 2656 1081 2691 aut
1106 2657 1209 2692 ante
1234 2648 1450 2710 εἷσαγγελ.

170 2730 250 2766 aut
273 2730 377 2767 ante
401 2718 514 2767 κατὰ
553 2715 898 2782 interponatur)
938 2721 1023 2764 τῶν
1058 2718 1358 2765 καταλυόντων
1383 2719 1453 2766 τὸν

171 2793 305 2854 δῆμον
332 2791 519 2857 ῥητόρων
540 2790 568 2849 ἢ
597 2790 658 2853 μὴ
693 2791 748 2838 τὰ
773 2790 927 2854 ἄριστα
947 2793 1015 2854 τῷ
1038 2789 1188 2854 δήμῳ
1222 2790 1449 2853 λεγόντων7

170 2861 200 2922 ἢ
219 2863 324 2930 πρὸς
342 2863 438 2918 τοὺς
459 2865 688 2924 πολεμίους
714 2862 840 2910 ἄνευ
862 2867 953 2910 τοῦ
979 2882 1011 2908 π
1025 2881 1043 2908 3
1058 2882 1088 2924 μ
1102 2867 1229 2927 φθῆν
1243 2882 1292 2908 αι
1321 2865 1451 2909 ἀπελ-

171 2934 342 2994 θόντων,
363 2935 391 2994 ἢ
425 2935 668 2996 προδόντων
690 2934 886 3000 φρουρίον
912 2934 940 2992 ἢ
972 2934 1174 2998 στρατιὰν
1199 2932 1226 2991 ἢ
1259 2939 1378 2992 ναῦς,
1402 2938 1457 2988 ὡς

171 3007 448 3072 Θεόφραστος
470 3009 514 3055 ἐν
550 3010 613 3071 τῷ
650 3008 972 3069 (scribendum
1003 3017 1082 3051 aut
1106 3007 1149 3052 ἐν
1184 3009 1394 3062 τοῖς,ἐωῐ
1415 3008 1456 3052 ἐν

171 3081 232 3142 τῷ
251 3079 317 3140 δ’)
340 3079 449 3144 Περὶ
468 3078 628 3141 νόμων.
652 3082 853 3139 Reliqua
869 3082 1184 3139 supplementa
1203 3082 1458 3139 semetipsa

171 3152 452 3209 tuebuntur;
485 3153 551 3197 sic
575 3149 647 3197 ἐπὶ
685 3149 828 3214 βλάὸῃ
861 3154 934 3197 τοῦ
961 3150 1098 3212 δήμου
1129 3168 1185 3196 ex
1217 3154 1454 3198 Demosth.

171 3223 285 3270 Mid.
302 3240 353 3284 p.
378 3223 491 3283 551,
519 3239 578 3268 22
605 3224 863 3282 adjicienda
878 3226 1064 3282 putavi,
1087 3225 1238 3283 quod,
1258 3226 1340 3269 etsi
1360 3228 1457 3274 De·-

171 3298 432 3342 mosthenes
442 3299 511 3341 De
531 3296 629 3344 fals.
651 3297 797 3356 leg.p.
815 3296 961 3355 343,9
973 3305 1135 3341 auctor
1153 3306 1219 3340 est
1236 3298 1335 3356 lege
1357 3313 1459 3340 cau-

172 3377 272 3414 tum
296 3369 432 3414 fuisse
457 3366 606 3420 ἁπλῶς
624 3367 834 3428 μηδαμῶς
855 3369 969 3430 δῶρα
990 3366 1251 3428 λαμὸοἱνειν,
1275 3385 1333 3412 ne
1357 3370 1458 3427 quis

174 3441 363 3485 omnino
395 3441 516 3485 dona
545 3442 797 3499 acciperet,
827 3441 877 3485 id
901 3441 1056 3500 quod,
1093 3443 1127 3485 si
1154 3442 1343 3499 quidem
1365 3457 1459 3484 non

170 3514 308 3572 plane
333 3514 470 3558 falsus
492 3523 558 3558 est
587 3513 918 3558 Demosthenes
933 3547 946 3571 ,
968 3513 1028 3557 ad
1055 3523 1262 3558 oratores
1284 3522 1459 3557 tantum

1268 233 1683 281 FRAGMENTA.

2701 252 2793 292 oio

1526 349 1572 385 et
1609 343 1781 402 legatos
1815 345 2083 402 pertinuisse
2110 345 2290 390 videtur
2324 347 2406 402 (cf.
2439 350 2506 392 Dc
2542 349 2608 396 lit.
2654 351 2791 397 Attic.

1526 428 1574 471 p.
1611 412 1748 473 353),
1778 411 2021 475 εἰσαγγελία
2061 424 2209 459 tamen
2239 426 2533 476 acceptorum
2565 420 2796 467 donorum

1527 499 1659 529 causa
1683 487 1757 528 vix
1782 487 1914 530 aliter
1940 487 2108 530 institui
2134 498 2336 546 poterat,
2357 491 2439 534 nisi
2457 506 2509 535 ea
2532 472 2798 539 viderentur

1526 557 1573 598 in
1590 558 2115 616 perniciemleipublicae
2135 568 2318 619 accepta
2332 576 2440 608 esse.
2464 564 2572 607 Mox
2594 566 2797 610 scriben-

1527 628 1639 672 dum
1670 644 1762 674 esse
1791 629 2063 691 συνομολογεῖ
2089 629 2132 675 δὲ
2158 640 2243 678 etc.
2278 632 2341 690 (v,
2365 632 2521 696 supra)
2542 636 2636 693 jam
2659 639 2798 698 signi-

1526 698 1656 747 ficavi
1702 703 1749 744 in
1797 703 2181 746 commentatione
2235 705 2302 747 De
2345 708 2625 755 ostracismo
2670 729 2688 748 υ
2737 736 2799 743 -—

1527 772 1593 818 Cf.
1608 773 1842 819 Plutarch.
1860 774 2078 819 Themist.
2099 790 2139 817 c.
2158 774 2244 820 23:
2264 771 2376 820 ‘033
2391 776 2659 839 γραψάμενος
2674 779 2796 826 αὐτὸν

1529 841 1928 906 (Themistoclem)
1953 837 2221 902 Λεωὸότης
2194 864 2286 902 ην
2267 844 2545 906 Ἀλκμαίωνος
2562 848 2793 912 Ἀγραύλη-

1528 915 1612 960 θεν.
1652 917 1984 971 Alcmaeonem,
2025 932 2120 959 non
2163 918 2433 962 Alcmaeonis
2473 919 2637 977 filium,
2685 924 2801 968 inter

1529 996 1812 1033 accusatores
1861 990 2176 1033 Themistoclis
2224 992 2430 1034 nominat
2481 994 2711 1041 Plutarch.
2755 996 2799 1038 in

1528 1059 1719 1103 Aristid.
1743 1076 1783 1106 c.
1815 1060 1873 1104 25
1901 1070 1945 1106 et
1970 1063 2014 1110 in
2033 1062 2195 1105 Moral.
2216 1077 2264 1120 p.
2298 1061 2405 1118 805,
2426 1063 2475 1108 C.

2116 1174 2217 1222 5a.

1594 1290 1731 1348 Apud
1755 1292 2051 1349 Aristophan.
2079 1291 2253 1335 Eccles.
2281 1306 2329 1337 V.
2365 1290 2483 1350 1089
2515 1291 2696 1348 juvenis
2725 1295 2804 1351 qui
2835 1275 2842 1286 Ι

1529 1377 1554 1405 a
1580 1361 1758 1405 duabus
1793 1364 1925 1406 simul
1950 1362 2113 1406 vetulis
2147 1361 2206 1405 ad
2231 1364 2400 1405 coitum
2429 1364 2695 1407 sollicitatus
2717 1366 2808 1409 huc

1528 1433 1637 1476 illuc
1668 1434 1881 1487 trahitur,
1915 1435 1977 1476 ait
2003 1447 2014 1478 z
2039 1430 2171 1478 Τουτὶ
2199 1430 2247 1476 τὸ
2278 1438 2457 1494 πρᾶγμα
2486 1431 2596 1478 κατὰ
2617 1433 2664 1479 τὸ
2693 1436 2807 1480 Καν-

1533 1502 1666 1548 νώνου
1693 1505 1836 1566 σαφῶς
1861 1502 2087 1566 ψήφισμα,
2132 1505 2259 1565 βινεῖν
2286 1503 2349 1548 δεῖ
2379 1522 2431 1564 με
2453 1504 2802 1565 διαλελημμένον.

1530 1576 1781 1620 Scholiasta
1801 1576 1860 1620 ad
1892 1577 2036 1620 verba
2055 1572 2166 1620 κατὰ
2195 1573 2242 1619 τὸ
2269 1574 2495 1621 Καννωνου
2516 1586 2644 1621 notat
2672 1579 2765 1622 haec
2792 1594 2803 1624 τ

1529 1647 1756 1710 Ψήφισμα
1794 1646 1995 1710 γεγράφει
2034 1644 2319 1709 κατεχόμενον
2362 1646 2617 1711 ἑκατέρωθεν
2649 1650 2806 1695 ἀπολο·

1530 1721 1696 1780 γεῖσθαι
1734 1717 1805 1764 τὸν
1847 1718 1942 1764 κατ’
1977 1717 2246 1780 εἰσαγγελίαν
2282 1717 2549 1781 κρινόμενον·
2595 1718 2809 1782 Κράτερος

1535 1791 1768 1853 (Κρατῖνος
1811 1790 1944 1851 libri)
1981 1789 2025 1836 33.
2070 1787 2144 1835 καὶ
2179 1786 2282 1851 πρὸς
2317 1787 2555 1852 κλεψύδραν
2589 1790 2807 1835 κελεῦσαι·

1532 1863 1732 1927 Ξενοφῶν
1754 1860 1797 1908 33.
1824 1864 1880 1915 εἷς
1901 1862 1949 1908 τὸ
1969 1861 2179 1926 βάραθρον
2201 1859 2465 1922 ἐμὸληθέντα
2491 1864 2717 1907 ἀποθανεῖν
2738 1860 2809 1907 καὶ

1531 1931 1608 1990 τὴν
1636 1932 1782 1980 οὐσίαν
1806 1931 2096 1979 ἀπολέσαντα.

1597 2010 1687 2051 Pro
1715 2005 1786 2052 τὸν
1810 2004 2050 2068 κρινόμενον
2079 2007 2126 2048 in
2150 2006 2317 2050 Aldina
2342 2015 2409 2049 est
2432 2002 2501 2049 τὸν
2527 2002 2806 2067 ἀποκρινόμε-

1535 2096 1617 2124 νον.
1637 2082 1886 2136 Hucusque
1906 2079 2195 2121 scholiastam
2214 2078 2447 2135 exscripsit
2466 2077 2626 2120 Suidas
2643 2093 2685 2122 v,
2699 2076 2807 2121 Εἰσ-

1534 2148 1730 2211 αγγελία.
1751 2151 1861 2207 Quae
1885 2158 2142 2207 sequuntur
2162 2164 2237 2207 ap.
2260 2149 2406 2193 schol.
2429 2149 2634 2209 Κρατῖνος
2652 2144 2695 2192 δὲ
2712 2147 2806 2191 κτλ.

1530 2239 1624 2266 non
1643 2223 1780 2266 habet
1794 2222 1941 2265 codex
1955 2223 2256 2264 Ravennates.
2278 2217 2489 2281 Κράτερος
2507 2235 2592 2277 pro
2608 2219 2811 2280 Κρατῖνος

1531 2294 1850 2353 reponendum
1898 2308 1993 2336 esse
2030 2294 2288 2350 suspicatur
2331 2290 2612 2335 Dindorfius.
2666 2292 2812 2334 Recte

1531 2367 1699 2425 procul
1737 2365 1896 2408 dubio.
1937 2364 2010 2407 Sic
2048 2365 2184 2406 etiam
2231 2363 2356 2421 apud
2402 2363 2811 2421 Harpocrationem

1531 2455 1574 2482 v.
1602 2436 1638 2483 Ἀ
1649 2439 1848 2500 ρκτεῧσαι
1868 2436 2040 2479 Crateri
2061 2443 2105 2478 et
2123 2435 2292 2478 Cratini
2312 2434 2496 2476 nomina
2519 2433 2812 2476 confundun-

1533 2521 1623 2556 tur.
1652 2535 1715 2543 -
1736 2510 1847 2566 Quis
1870 2508 2009 2551 fuerit
2032 2507 2109 2549 ille
2130 2507 2372 2550 Cannonus
2392 2520 2486 2547 non
2509 2506 2669 2562 liquet.
2700 2504 2809 2549 Psc-

1532 2585 1710 2643 phisma
1730 2596 1874 2640 quum
1893 2580 1952 2623 ad
1970 2576 2234 2638 εἰσαγγελίας
2246 2578 2488 2635 pertineat,
2512 2592 2615 2619 cum
2638 2578 2689 2620 iis
2712 2593 2811 2635 quae

1531 2663 1750 2714 sequente
1787 2653 2045 2711 fragmento
2082 2651 2298 2709 leguntur
2329 2648 2700 2707 conjungendum
2726 2657 2808 2693 est.

1531 2731 1600 2772 De
1620 2742 1671 2770 re
1688 2728 1750 2770 ita
1773 2725 1911 2768 habet
1933 2723 2199 2781 Xenophon
2222 2723 2340 2766 Hell.
2358 2723 2379 2764 I
2397 2755 2408 2775 ,
2434 2737 2476 2776 7,
2499 2735 2559 2763 20
2582 2736 2592 2763 ε
2614 2716 2731 2764 Ἰστε
2754 2718 2812 2775 33,

1532 2790 1566 2843 ῶ
1592 2796 1737 2860 ἄνδρες
1760 2794 1998 2852 Ἀθηναῖοι,
2038 2792 2213 2848 πάντες,
2237 2791 2301 2838 ὅτι
2324 2791 2371 2836 τὸ
2396 2789 2595 2837 Κανώνου
2622 2790 2812 2854 (Καννώ-

1532 2881 1604 2914 νού
1619 2870 1727 2916 cod.
1747 2870 1888 2913 Paris.
1907 2865 1920 2929 )
1939 2863 2141 2929 ψήφισμά
2159 2865 2269 2909 ἐστιν
2287 2862 2580 2926 ἰσχυρότατον,
2597 2860 2619 2907 ὃ
2635 2861 2810 2917 κελεύει,

1534 2941 1604 2987 ἐάν
1647 2959 1708 2993 τις
1746 2938 1816 2985 τὸν
1846 2940 1931 2984 τῶν
1965 2934 2194 2993 Ἀθηναίων
2229 2936 2362 2995 δῆμον
2401 2935 2551 2995 ἀδικῇ,
2594 2933 2811 2994 δεδεμένον

1535 3012 1791 3058 ἀποδικεῒν’
1773 3029 1814 3056 εν
1838 3029 1899 3055 τω
1932 3007 2077 3071 δήμῳ·
2113 3006 2186 3052 καὶ
2226 3004 2297 3051 ἐὰν
2324 3008 2605 3067 καταγνωσθῇ
2629 3007 2807 3091 ἀδικεῖν,

1534 3081 1833 3129 ἀποθανόντα’
1816 3099 1855 3133 ες
1871 3079 1919 3126 τὸ
1938 3078 2149 3142 βάραθρον
2167 3078 2451 3139 ἐμὸληθῆναι·
2472 3076 2525 3123 τὰ
2542 3076 2583 3122 δὲ
2604 3076 2809 3150 χρήματα

1535 3157 1660 3201 αὐτου
1690 3154 1971 3214 δημευθῆναι,
2010 3149 2084 3197 καὶ
2110 3154 2185 3207 τῆς
2210 3154 2303 3195 θεοῦ
2327 3150 2375 3196 τὸ
2403 3148 2518 3194 ἔπιδε
2503 3167 2647 3193 -κατον
2683 3152 2805 3195 εἶναι.

1537 3229 1791 3287 Hesychius
1833 3226 2151 3284 Alistophanis
2186 3224 2326 3267 veiha
2361 3223 2652 3281 respiciens:
2687 3222 2805 3267 Καν-

1535 3297 1652 3344 νόνου
1678 3296 1784 3358 (sic)
1774 3296 2026 3382 )ψήφισμα.
2054 3293 2286 3355 Εἷσήνεγκε
2321 3292 2402 3356 γὰρ
2437 3296 2553 3344 οὗτος
2583 3291 2807 3355 ψήφισμα,

1534 3367 1644 3416 ὥστε
1665 3365 1987 3429 διειλημμένους
2010 3365 2104 3419 τοὺς
2128 3365 2436 3430 κρινομένουςε
2419 3367 2539 3409 ἑεκατ
2532 3364 2647 3425 ’ρωθε
2652 3381 2672 3405 ν
2705 3363 2810 3406 ἀπο-

1535 3441 1767 3502 λογεῖσθαι.
1795 3443 1902 3484 Haec
1938 3440 2268 3498 simplicissime
2305 3440 2462 3481 Morus
2486 3437 2812 3493 interpretatur

1536 3513 1691 3556 dicens
1734 3521 1919 3555 cautum
1960 3511 2120 3566 fuisse,
2167 3519 2218 3553 ut
2270 3525 2375 3553 reus
2413 3522 2590 3551 causam
2641 3506 2813 3549 diceret

794 3652 836 3692 5.

223 3719 519 3770 Theophrastus
552 3721 653 3760 libro
686 3721 830 3770 quarto
863 3723 922 3760 De
950 3719 1099 3770 legibus
1131 3720 1186 3759 ait
1222 3719 1460 3770 εἰσαγγελίαν

173 3781 326 3822 institui
343 3783 375 3823 si
391 3783 525 3823 rhetor
543 3783 684 3834 aliquis
713 3785 861 3824 statum
890 3783 985 3832 reip.
1015 3784 1246 3834 popularem
1281 3785 1460 3822 evertere

174 3844 334 3885 studeat
355 3857 436 3885 non
471 3847 621 3897 optima
646 3848 794 3897 populo
827 3844 1064 3896 persuadens
1097 3846 1204 3897 quod
1230 3847 1396 3896 pecunia
1421 3857 1462 3885 se

124 3944 135 3950 ,
175 3908 374 3958 corrumpi
389 3919 526 3958 passus
543 3909 615 3959 sit,
633 3911 697 3950 vel
715 3911 748 3950 si
775 3911 865 3960 quis
884 3910 1090 3950 castellum
1116 3910 1178 3948 vel
1209 3909 1372 3949 classem
1400 3910 1460 3948 vel

175 3971 395 4022 pedestrem
410 3972 627 4013 exercitum
644 3974 883 4024 prodiderit,
906 3974 967 4013 vel
987 3974 1035 4013 ad
1059 3975 1189 4014 hostes
1211 3985 1253 4013 se
1268 3974 1459 4022 conferat,

177 4035 322 4086 populo
334 4047 412 4076 non
426 4036 612 4088 jubente,
629 4039 691 4077 vel
703 4038 884 4078 mercede
894 4038 945 4076 ab
959 4038 1137 4077 hostibus
1152 4037 1370 4076 conductus
1386 4038 1459 4075 nii-

132 4138 136 4142 .
178 4100 301 4140 lit-'iam
320 4112 411 4140 cum
432 4102 477 4140 iis
497 4102 614 4141 saciat
627 4132 639 4151 ,
655 4104 716 4142 vel
734 4103 765 4142 si
782 4104 870 4153 quis
889 4103 992 4143 dona
1007 4104 1047 4142 in
1064 4115 1158 4152 reip.
1180 4103 1370 4141 damnum
1399 4114 1461 4141 re—

178 4164 308 4215 cipiat.
335 4166 540 4206 consentit
558 4177 649 4205 cum
673 4166 733 4206 his
754 4167 862 4217 quod
890 4167 930 4205 in
953 4167 1259 4207 Themistoclem
1284 4167 1459 4216 εἰσαγγε-

1535 3647 1616 3690 λίας
1638 3647 1831 3685 actionem
1851 3645 2041 3693 instituit,
2059 3646 2221 3684 Cratero
2239 3646 2358 3690 teste,
2377 3641 2565 3680 Leobatas
2581 3638 2812 3677 Alcmaeouis

1536 3709 1639 3748 iilius
1657 3720 1703 3748 ex
1725 3709 1894 3758 Agraulo
1917 3708 2048 3748 demo.

2129 3776 2155 3814 5
2184 3783 2224 3813 a.

1587 3847 1796 3884 Cannonus
1815 3843 2018 3882 decretum
2044 3840 2269 3890 scripserat,
2299 3839 2343 3876 ut
2373 3835 2572 3884 utrimque
2601 3834 2812 3883 prehensus

1537 3918 1578 3945 se
1589 3909 1771 3956 purgaret
1786 3906 1852 3956 qui
1872 3905 2107 3955 εἰσαγγελίας
2116 3902 2262 3952 judicio
2276 3901 2485 3939 teneretur.
2495 3899 2680 3937 craterus
2693 3897 2811 3935 etiam

1537 3970 1645 4008 addit
1660 3970 1929 4018 jussisseeum
1946 3970 1991 4006 ut
2016 3967 2210 4006 orationes
2227 3973 2382 4002 reorum
2404 3961 2453 4000 ad
2472 3959 2714 4009 clepsydram
2740 3958 2810 3996 tie·

1538 4034 1637 4072 rent.
1657 4032 1873 4082 Xenophon
1893 4032 2060 4080 denique
2075 4029 2169 4067 dicit
2185 4026 2461 4066 condemnatos
2479 4035 2527 4061 ex
2555 4023 2629 4061 hoc
2655 4022 2811 4061 decreto

1538 4097 1578 4135 in
1595 4096 1823 4135 barathrum
1839 4095 1949 4144 dejici
1971 4097 2009 4133 et
2025 4093 2125 4132 bona
2150 4101 2286 4130 corum
2311 4086 2507 4139 publicari.
