3002 4646
164 370 237 406 xx
641 344 643 346 ’
815 357 897 405 Et<
932 356 1061 405 ’1οΣ
1098 355 1399 405 1Σ10-ΡΙΑΣ
1435 354 1752 403 11001001
1789 315 2200 402 ΣΙΚΕΜΩΤΟΥ.

164 469 259 526 μεθ’
287 468 439 513 ἑαυτοῦ
481 463 558 522 τὴν
590 465 847 530 βασίλισσαν
880 466 1181 531 Κλεοπάτραν,
1211 465 1464 531 Δημητρίου
1542 482 1708 511 uxorem
1729 471 1862 510 autem
1899 466 2085 508 Demetrii
2116 466 2239 513 illius,
2273 475 2391 515 quem
2416 467 2579 503 Arsaces
2607 463 2742 502 vivum
2773 475 2842 504 ce-

162 539 204 586 δὲ
228 546 411 602 γυναῖκα
426 577 438 600 ,
466 545 541 586 τοῦ
567 540 853 605 ζωγρηθέντος
874 540 943 586 ὑπ’
962 540 1174 604 Ἀρσάκου
1204 538 1268 604 (5).
1542 546 1667 593 perat.

232 615 409 661 XXVl.
425 611 528 662 “On
553 613 816 661 συνετίθεντο
838 613 942 678 πρὸς
969 612 1180 670 ἀλλήλους
1202 614 1239 658 οἱ
1259 612 1398 658 δοῦλοι
1419 610 1468 674 (1)
1602 617 1742 654 XXVI.
1767 613 1878 653 Servi
1897 613 1938 651 in
1962 611 2225 651 defectionem
2242 611 2282 650 et
2302 610 2453 650 caedem
2473 610 2728 649 dominorum
2749 620 2847 651 con-

160 753 441 803 στρατιωτικὸν
459 754 574 792 αὐτὸν
593 757 731 803 μισοῦν
751 753 938 802 ἀφίστατο
955 752 1046 803 πρὸς
1069 750 1317 800 Κλεοπάτραν
1338 750 1405 794 τὴν
1427 746 1647 796 Δημητρίου
1663 749 1828 794 γυναῖκα
1843 744 1929 782 τότε
1944 745 1984 782 ἐν
2006 744 2209 794 Σελευκείᾳ
2225 743 2320 793 μετὰ
2335 747 2412 782 τῶν
2427 743 2571 781 τέκνων
2585 743 2849 792 ἐγκεκλεισμέ·

157 826 239 858 νην.
255 833 305 839 -
323 817 358 850 5.
372 811 404 850 'A
419 825 438 862 ρ
449 825 474 849 σ
485 811 510 849 ά
522 826 547 850 κ
557 826 576 849 ο
586 826 608 850 υ
621 811 634 862 ]
645 811 844 862 Ἀρσακίου
863 810 1002 848 codex.
1020 812 1040 847 J
1046 820 1110 846 am
1125 806 1233 857 quod
1250 810 1429 854 tempora
1443 806 1596 852 attinet,
1607 806 1718 854 patet
1733 803 1952 842 Diodorum
1969 804 2154 843 statuisse
2164 803 2403 842 Antiochum
2420 813 2444 840 a
2462 801 2630 841 Diodoto
2647 801 2731 841 sive
2746 804 2849 854 Try-

159 871 292 922 phone
314 870 488 909 occisum
514 882 598 909 esse
618 881 743 920 quum
767 868 989 908 Demetrius
1006 866 1259 915 Nicatorjam
1277 866 1415 913 captus
1431 864 1481 902 ab
1501 868 1645 903 Arsace
1662 863 1774 900 esset.
1797 861 1982 901 1131131330
2001 873 2095 902 vero
2110 873 2181 901 sua
2204 861 2400 900 Diodorus
2415 858 2614 911 putandus
2629 862 2689 900 est
2709 871 2762 902 ex
2777 865 2852 902 Po-
2918 864 2922 867 ’

158 929 333 976 sidonio,
352 939 402 968 ex
425 933 599 978 Apamea
617 929 714 967 urbe
727 959 736 976 ‚
756 928 869 967 sicuti
888 926 1095 972 Diodotus,
1118 922 1301 962 oriundo.
1325 923 1440 960 Hunc
1459 922 1564 959 enim
1586 922 1626 957 in
1650 917 1965 969 Postpolybianis
1985 919 2127 958 ducem
2145 918 2339 968 sequitur,
2361 918 2460 957 adeo
2481 920 2526 957 ut
2542 929 2635 958 eum
2650 919 2714 959 vel
2731 919 2772 959 in
2788 920 2851 971 Si-

159 988 248 1027 cula
263 987 422 1026 historia
432 988 483 1026 ad
495 987 616 1026 verbu
625 998 662 1025 111
680 987 760 1025 fere
775 983 1039 1034 exscripserit.
1060 983 1217 1027 Quanta
1234 990 1327 1019 vero
1344 979 1383 1017 in
1401 980 1522 1029 Syriis
1540 978 1712 1016 maxime
1730 978 1847 1016 rebus
1863 976 2058 1016 Posidonii
2076 977 2292 1016 auctoritas
2303 987 2386 1016 esse
2398 977 2556 1024 debeat,
2569 976 2708 1027 liquet.
2726 980 2853 1018 Pon-m

158 1057 250 1084 011111
283 1045 458 1084 Diodoro
487 1046 627 1095 reliqui
657 1046 868 1094 scriptores
898 1042 1048 1080 faciunt
1076 1050 1236 1086 01111103,
1259 1037 1435 1086 exceptis
1465 1037 1575 1076 libris
1608 1035 1950 1086 Maccahaeorum,
1982 1037 2130 1086 quibus
2158 1035 2340 1074 insistens
2367 1035 2578 1075 Cliutonus
2609 1038 2652 1077 F.
2682 1038 2735 1077 Η.
2764 1038 2849 1088 111,

158 1110 198 1154 p.
225 1109 297 1144 326
322 1115 408 1154 sqq.
433 1108 612 1154 tempora
634 1103 822 1143 Demetrii
842 1103 880 1140 et
907 1099 1062 1139 Diodoti
1081 1099 1186 1136 hunc
1206 1097 1245 1135 in
1263 1095 1429 1134 modum
1442 1095 1635 1146 disposuit
1656 1111 1665 1134 z

363 1210 400 1236 Α.
422 1206 488 1237 sel.
554 1208 589 1236 A.
612 1207 645 1235 Γ..

365 1254 454 1290 107.
556 1255 624 1290 tio
654 1252 751 1289 Nov.
803 1248 1024 1287 Demetrius
1043 1251 1206 1294 regnum
1223 1246 1407 1294 occupat.
1426 1246 1551 1284 Juxta
1574 1256 1668 1284 eum
1684 1245 1900 1284 Antiochus
1916 1247 1955 1283 et
1972 1244 2144 1294 Trypho,

367 1313 451 1349 170.
552 1313 620 1348 149.
652 1309 743 1347 131511.
791 1307 1008 1346 Antiochus
1024 1315 1047 1342 a
1071 1303 1280 1353 Tryphone
1299 1303 1530 1344 interfectus
1551 1305 1704 1354 (Mace.
1726 1307 1764 1347 l.
1788 1308 1848 1350 13,
1877 1306 1986 1342 31-41
2008 1305 2038 1353 ).

367 1373 454 1408 170.
555 1371 594 1406 14
603 1374 621 1405 ἱ),
792 1364 1016 1404 Demetrius
1035 1365 1057 1402 J
1063 1361 1186 1400 udaeis
1202 1362 1427 1401 libertatem
1445 1363 1627 1402 concedit
1646 1362 1719 1409 (id.
1742 1363 1856 1410 ibid.)

367 1431 453 1467 172.
552 1429 623 1464 140
796 1427 910 1463 Dein.
926 1421 1125 1472 expeditio
1145 1420 1327 1459 Parthica
1349 1421 1501 1469 (Mace.
1526 1423 1568 1470 Ι,
1594 1424 1663 1470 14,
1686 1425 1698 1459 1
1718 1423 1749 1471 ).

370 1489 454 1526 174.
555 1491 625 1524 139
657 1486 757 1523 Nov.
798 1482 957 1532 Trypho
976 1480 1208 1520 interfectus
1231 1480 1387 1528 (Maec.
1417 1482 1455 1529 1,
1482 1482 1570 1530 15).

370 1547 456 1583 175.
556 1549 626 1582 133
655 1545 753 1581 Nor.
805 1539 995 1580 Demetrii
1015 1538 1239 1589 captivitas.
1329 1543 1332 1547 ·

164 1642 324 1678 Annum
347 1650 427 1689 quo
448 1640 586 1688 raptus
606 1638 655 1675 sit
684 1635 906 1675 Demetrius
925 1646 1005 1673 non
1029 1633 1151 1673 tradit
1167 1632 1329 1683 quidem
1351 1635 1491 1673 auctor
1515 1636 1692 1675 Maccab.
1710 1649 1721 1685 ;
1739 1635 1806 1675 sed
1824 1636 1934 1685 patet
1949 1645 1971 1675 e
1993 1635 2154 1684 reliquis
2174 1635 2350 1674 numeris
2367 1645 2459 1675 eum
2477 1636 2640 1685 captum
2662 1645 2747 1676 esse
2763 1636 2858 1686 ‘post

162 1698 418 1737 interfectum
431 1697 684 1737 Antiochum.
705 1697 850 1735 Contra
867 1694 1063 1744 Josephus
1079 1695 1188 1740 Xlll‚
1209 1698 1246 1742 5,
1268 1697 1331 1732 11.
1351 1699 1389 1741 6,
1417 1697 1429 1732 1
1455 1709 1464 1732 :
1485 1694 1750 1746 (Δημήτριος)
1767 1696 1984 1745 ἐπολέμησε
2000 1695 2092 1745 πρὸς
2109 1695 2174 1733 τὸν
2192 1693 2377 1744 Ἀρσάκην
2395 1697 2460 1733 καὶ
2476 1695 2546 1742 τὴν
2562 1695 2744 1746 στρατιὰν
2758 1695 2855 1735 ἅπα-

162 1772 235 1796 σαν
258 1758 467 1796 ἀποὸαλὼν
485 1757 595 1801 αὐτὸς
613 1759 685 1800 ζῶν
706 1755 890 1802 ἐλήφθη...
910 1755 1068 1805 Τρύφων
1083 1754 1114 1792 δ’
1138 1754 1268 1799 ἐπειδὴ
1285 1753 1334 1791 τὰ
1354 1754 1438 1804 περὶ
1453 1754 1519 1793 τὸν
1536 1755 1752 1806 Δημήτριον
1772 1755 1872 1804 ἔγνω
1891 1757 2044 1793 τοιοῦτο
2064 1753 2230 1792 λαὸὁντα
2245 1754 2289 1792 τὸ
2309 1755 2430 1802 τέλος,
2449 1755 2521 1794 οὐκ
2539 1754 2590 1793 ἔτ’
2610 1754 2656 1803 ἦν
2676 1754 2859 1804 Ἀντιόχῳ

150 1816 332 1867 pesum,
352 1815 435 1854 ἄλλ’
455 1815 700 1854 ἐπεῧουλευεν
718 1813 810 1851 ὥστ’
829 1813 944 1852 αὐτὸν
963 1811 1191 1856 ἀποκτείνας
1207 1812 1275 1858 τὴν
1294 1811 1492 1862 βασιλείαν
1509 1813 1623 1858 αὐτὸς
1644 1817 1871 1863 κατασχεῖν.
1896 1812 2007 1851 ldem
2023 1814 2120 1852 Xlll
2134 1842 2145 1861 ,
2164 1814 2223 1860 7,1
2243 1827 2252 1850 :
2272 1813 2365 1851 Μετ’
2384 1813 2429 1851 οὐ
2444 1813 2542 1851 πολὺ
2559 1813 2599 1851 δὲ
2618 1817 2684 1859 τῆς
2710 1813 2858 1863 αἰχμα-

160 1875 304 1919 λωσίας
320 1879 387 1914 τοῦ
404 1874 623 1925 Δημητρίου
645 1874 709 1911 τὸν
725 1871 962 1922 Ἀλεξάνδρου
978 1872 1060 1910 υἱὸν
1078 1870 1267 1922 Ἀντίοχος
1281 1871 1515 1911 ἀπέκτεινεν.
1531 1871 1714 1911 Justinus
1733 1871 1898 1909 XXXVI
1915 1900 1926 1920 ‚
1955 1875 1966 1908 1
1993 1885 2002 1908 :
2024 1870 2086 1910 Ad
2102 1871 2368 1920 postremum
2399 1872 2539 1909 lamen
2558 1872 2736 1920 capitur
2754 1875 2765 1918 (
2781 1871 2858 1907 De·

159 1934 349 1982 metrius)
366 1964 375 1981 ,
404 1932 710 1981 traductusque
733 1941 809 1980 per
835 1941 914 1969 ora
938 1932 1192 1974 civitatum,
1216 1930 1412 1979 populis,
1438 1932 1512 1981 qui
1541 1929 1832 1974 desciverant,
1864 1932 1909 1968 in
1939 1926 2185 1969 ludibrium
2206 1927 2384 1976 favoris
2408 1928 2670 1968 ostenditur.
2699 1930 2857 1968 Missus

161 1992 314 2031 deinde
337 1992 379 2031 in
409 1993 696 2042 Hyrcaniam,
723 1989 926 2038 beniyne..
950 1988 1152 2028 habetur.
1179 1990 1294 2027 Dum
1314 1987 1406 2027 11ωο
1421 1991 1633 2038 ayuntur,
1652 1989 1828 2027 interim
1849 1989 1896 2026 in
1917 1989 2044 2037 Syria
2070 1989 2240 2040 Trypho
2264 1989 2339 2040 qui
2364 1998 2407 2027 se
2431 1989 2617 2028 tutorem
2634 1986 2855 2030 Antiocho,

161 2053 371 2090 Demetrii
397 2053 623 2100 priviyno‚
650 2047 853 2088 substitui
870 2058 897 2086 a
920 2047 1077 2097 populo
1097 2046 1407 2095 laboraverat,
1431 2050 1566 2087 occiso
1584 2047 1754 2098 pupillo
1770 2056 1952 2096 reynum
1973 2049 2110 2097 Syriae
2133 2049 2319 2088 invadit.
2343 2047 2493 2087 Eodem
2518 2047 2637 2087 modo
2658 2046 2861 2096 Appianus

160 2112 252 2158 Syr.
271 2112 335 2147 67.
363 2113 411 2147 68
434 2107 483 2146 de
500 2106 712 2156 'tryphone
727 2106 807 2154 agit
831 2106 920 2154 post
943 2105 1145 2143 narratam
1166 2104 1461 2154 expeditionem
1481 2106 1673 2146 Demetrii
1695 2106 1934 2145 Parthicam.
1956 2107 2094 2146 Livius
2107 2106 2148 2146 in
2165 2107 2271 2157 Epit.
2292 2112 2339 2146 52
2360 2108 2572 2157 postquam
2594 2117 2657 2146 res
2679 2104 2804 2156 Syria}
2820 2108 2862 2146 et

160 2165 303 2205 deinde
321 2177 382 2205 res
399 2165 556 2214 AEgypti
573 2164 621 2203 ad
643 2174 708 2203 30.
736 2166 806 2202 146
826 2163 1069 2212 pertinentes
1085 2165 1495 2213 commemoraverat,
1513 2163 1647 2202 denuo
1677 2162 1727 2202 ad
1744 2163 1899 2214 Syriam
1919 2163 2096 2213 rediens,
2114 2163 2284 2214 ideoque
2306 2163 2418 2202 haud
2433 2163 2554 2203 dubie
2583 2174 2644 2204 res
2667 2162 2768 2202 anni.
2785 2165 2859 2202 145

162 2225 344 2273 afferens,
368 2224 462 2262 dicit
482 2238 492 2263 z
521 2224 756 2262 Demetrius
771 2221 820 2260 ob
834 2221 1145 2261 crudelitatem
1157 2252 1167 2271 ,
1186 2231 1317 2273 quam
1330 2231 1412 2270 per
1431 2224 1647 2261 tormenta
1670 2223 1717 2260 in
1736 2232 1834 2261 suos
1855 2222 2094 2271 exercebat,
2113 2234 2142 2262 a
2163 2222 2333 2262 Diodoto
2350 2222 2565 2274 quodam,
2585 2232 2673 2261 uno
2689 2232 2743 2261 ex
2760 2222 2860 2261 snb-

152 2285 279 2333 jeetis
293 2312 305 2329 ‚
328 2286 402 2334 qui
427 2281 673 2323 Aleoeandro
687 2280 786 2330 filio
808 2291 949 2318 11111000
966 2280 1199 2320 admodum
1227 2290 1409 2329 reynum
1428 2279 1668 2326 asserebat,
1687 2280 1795 2319 bello
1815 2280 2049 2329 superatus
2067 2282 2305 2321 Seleuciam
2332 2280 2537 2330 consuyit.
2563 2283 2608 2320 L.
2625 2282 2859 2333 Mummius

162 2341 213 2380 de
232 2342 397 2381 Achoeis
420 2340 706 2391 triumphavit
727 2339 741 2388 <
760 2342 830 2378 145
848 2350 885 2378 3.
904 2339 986 2387 0.).
1007 2339 1116 2378 111010
1135 2338 1239 2389 Epit.
1262 2344 1310 2377 55
1338 2337 1378 2376 in
1399 2337 1520 2377 rebus
1535 2338 1628 2377 anni
1651 2342 1718 2379 137
1741 2339 1754 2388 (
1771 2338 1937 2378 Hostilio
1954 2340 2137 2379 Mancino
2153 2339 2290 2391 cons.)
2312 2349 2321 2373 ε
2344 2338 2587 2379 Alexandri
2599 2337 2729 2388 filius
2743 2367 2755 2387 ,
2779 2349 2861 2379 rex

160 2403 322 2449 syrice,
344 2411 472 2440 11003111
491 2410 618 2439 annos
636 2408 831 2437 ,1111101100
850 2397 1027 2446 bahem,
1045 2408 1074 2437 a
1097 2396 1279 2437 Diodoto
1292 2399 1367 2447 qui
1391 2396 1586 2446 Tryphon
1603 2398 2004 2447 coynominabatur‚
2025 2401 2166 2438 tutore
2181 2409 2271 2446 suo,
2288 2398 2589 2448 perfraudem
2604 2400 2764 2437 occisus
2780 2402 2860 2448 est,

162 2462 375 2510 corruptis
399 2460 572 2499 medicis
588 2489 598 2508 ‚
619 2461 693 2510 qui
718 2468 816 2498 eum
836 2457 997 2497 calculi
1019 2457 1163 2498 dolore
1182 2458 1373 2496 consumi
1391 2455 1451 2494 ad
1466 2454 1674 2505 populum
1699 2458 1898 2506 mentiti,
1924 2457 2030 2496 dum
2050 2460 2219 2505 secant,
2237 2456 2501 2497 occiderunt.
2525 2459 2570 2495 ln
2587 2456 2648 2495 his
2669 2457 2855 2496 Dukerus

161 2519 203 2555 et
220 2518 374 2557 Delrius
393 2518 513 2557 verba
535 2517 743 2556 bimulum
761 2514 998 2555 admodum
1018 2515 1059 2554 in
1076 2525 1262 2565 puerum
1274 2512 1511 2553 admodum
1523 2514 1671 2553 mutari
1689 2515 1845 2564 volunt,
1860 2516 2073 2556 Clintonus
2087 2527 2184 2556 vero
2203 2516 2373 2555 alterum
2388 2515 2518 2566 potius
2538 2531 2546 2554 ι
2567 2515 2708 2555 decem
2725 2526 2863 2556 annos

162 2575 418 2620 admodum,
443 2578 676 2626 corruptum
697 2585 781 2614 esse
800 2575 941 2624 putat,
959 2574 1150 2623 quoniam
1170 2582 1250 2612 300.
1272 2571 1395 2611 libros
1410 2571 1590 2611 Maccab.
1615 2572 1927 2623 Antiochusjam
1947 2586 2014 2614 an.
2037 2579 2108 2616 142
2126 2575 2357 2614 interfectus
2375 2575 2438 2614 sit.
2457 2575 2580 2622 Quasi
2593 2574 2760 2614 Liviana
2773 2574 2860 2614 exi-

163 2634 290 2682 genda
313 2636 443 2674 essent
467 2634 516 2673 ad
538 2633 808 2673 narrationem
833 2632 1166 2671 Maccahaeorum.
1192 2630 1349 2671 Deinde
1376 2641 1458 2670 1100
1477 2629 1727 2670 attendentes
1749 2643 1830 2681 qno
1847 2633 1935 2672 loco
1957 2633 2043 2673 haec
2063 2634 2200 2674 Livius
2219 2635 2367 2684 ponat,
2395 2643 2476 2672 non
2501 2631 2687 2672 viderunt
2709 2631 2860 2682 optime

163 2693 297 2732 omnia
316 2693 539 2733 concinere.
558 2694 658 2732 Nam
683 2691 751 2742 qui
771 2692 958 2731 bimulus
981 2692 1068 2731 erat
1087 2702 1192 2730 anno
1209 2693 1288 2730 «145
1301 2719 1313 2738 ,
1334 2690 1367 2729 13
1395 2689 1537 2729 decem
1559 2698 1697 2728 annos
1717 2692 1836 2729 natus
1856 2693 1942 2730 erat
1957 2703 2063 2731 anno
2085 2696 2153 2733 137
2175 2703 2213 2731 3.
2231 2694 2277 2731 C.
2302 2691 2484 2731 Eundem
2503 2691 2860 2740 computum-Dio-

164 2750 249 2789 dori
271 2752 388 2790 fuisse
403 2751 571 2790 dubium
590 2762 668 2790 1100
689 2752 771 2799 est,
794 2761 922 2800 quum
935 2749 1020 2789 aliis
1037 2750 1135 2789 locis
1155 2748 1438 2799 comprobetur
1469 2744 1610 2786 eodem
1628 2758 1726 2787 usus
1745 2759 1828 2788 esse
1845 2750 1966 2790 fonte.
1992 2750 2190 2790 Clintonis
2206 2751 2381 2790 calculos
2399 2750 2463 2789 ve'l
2481 2749 2601 2788 series
2621 2750 2862 2798 fragmento-

167 2820 258 2848 rum
274 2809 313 2848 in
333 2809 504 2848 Diodoro
525 2821 603 2848 non
620 2809 811 2850 admittit.
830 2809 1176 2849 Consentit‘etiam
1198 2808 1393 2848 Eusebius
1406 2818 1444 2857 p.
1465 2810 1562 2855 188,
1582 2805 1652 2854 qui
1669 2807 1859 2845 Demetrii
1875 2807 2170 2857 expeditionem
2194 2808 2421 2847 Parthicam
2444 2806 2615 2857 assignat
2631 2807 2694 2846 Ol.
2723 2812 2810 2856 160,
2827 2813 2862 2846 2.

171 2873 269 2916 139;
288 2867 430 2907 deinde
450 2868 499 2907 ad
518 2869 586 2908 Ol.
615 2871 743 2916 160,4.
769 2870 840 2909 137
857 2867 898 2906 10
914 2870 1076 2908 Canone
1093 2869 1257 2908 annotat
1277 2883 1286 2906 ε
1314 2865 1514 2916 Tryphon
1534 2873 1669 2924 quum
1685 2874 1730 2902 se
1751 2867 1887 2914 Syrioe
1903 2865 2124 2905 dominum
2135 2865 2329 2915 fecisset,
2346 2865 2601 2905 Antiochum
2620 2865 2863 2904 Alexandri

165 2927 308 2974 filium
325 2926 376 2966 de
399 2926 536 2966 medio
561 2928 752 2966 sustulit.
790 2929 896 2966 Tum
920 2929 964 2966 et
989 2929 1078 2977 ipse
1095 2928 1229 2965 ociter
1247 2927 1394 2975 periit.
1421 2924 1587 2963 Periisse
1603 2933 1699 2962 vero
1722 2922 1841 2964 debet
1857 2924 1996 2965 eodem
2019 2936 2124 2964 anno
2151 2929 2221 2965 -137
2242 2927 2305 2965 vel
2324 2925 2438 2964 initio
2462 2924 2555 2963 anni
2575 2929 2671 2971 136,
2694 2924 2758 2962 cui
2780 2924 2863 2974 pri-

167 2995 279 3023 mum
301 2995 451 3023 annum
469 2985 652 3024 Antiochi
669 2985 814 3025 Sidetae
838 2985 1034 3024 Eusebius
1056 2984 1243 3035 assignat.
1262 2987 1397 3034 Regno
1418 2983 1570 3033 potitus
1587 2982 1802 3032 Tryphon,
1823 2984 1870 3022 ut
1889 2985 2052 3023 senatus
2075 2984 2396 3024 benevolentiam
2421 2983 2618 3032 captaret,
2643 2982 2863 3021 Victoriam

167 3053 328 3081 auream
344 3044 490 3092 populo
513 3046 689 3082 Romano
710 3043 955 3093 misit‚teste
970 3043 1145 3084 Diodoro
1166 3043 1207 3082 in
1222 3046 1321 3083 Exc.
1346 3045 1480 3092 Legat.
1502 3052 1542 3091 p.
1565 3045 1655 3081 629.
1682 3043 1800 3080 Hunc
1816 3042 1950 3080 locum
1963 3072 1973 3091 ‚
1999 3042 2065 3081 cui
2081 3044 2224 3082 Nostra
2239 3042 2476 3092 praefigenda
2496 3043 2612 3091 sunt,
2632 3041 2673 3080 111
2691 3041 2865 3081 editione

168 3100 344 3139 Parisina
361 3102 472 3149 posui
495 3101 562 3140 lib.
585 3104 775 3151 xxxin,
803 3106 862 3152 17,
884 3103 1001 3142 extra
1021 3102 1204 3141 ordinem
1225 3102 1566 3151 chronologicum.
1589 3101 1744 3140 Etenim
1764 3102 1944 3151 sequitur
1963 3101 2005 3140 in
2022 3101 2163 3141 iisdem
2182 3102 2390 3152 Excerptis
2401 3101 2672 3151 fragmentum
2689 3100 2739 3138 de
2759 3099 2864 3138 cele·

167 3158 342 3197 heri-ima
358 3158 426 3197 illa*
440 3158 631 3208 Scipionis
647 3159 694 3198 ad
717 3161 1006 3200 Alexandrinos
1018 3162 1095 3200 etc.
1109 3160 1319 3211 legatione.
1339 3161 1451 3199 Hanc
1463 3171 1558 3199 vero
1575 3160 1800 3211 Scipionem
1816 3173 1896 3200 non
1915 3162 2058 3202 obiisse
2070 3163 2162 3212 post
2175 3173 2325 3200 annum
2345 3164 2416 3201 143
2430 3171 2466 3199 a.
2481 3163 2525 3200 C.
2542 3160 2751 3200 Clintonus
2761 3161 2863 3199 cete-

168 3218 283 3267 rique
296 3217 526 3267 chronologi
542 3220 736 3257 statuunt.
751 3222 853 3259 Nam
867 3220 1006 3259 Cicero
1023 3219 1145 3260 Acad.
1166 3222 1219 3269 11,
1235 3225 1318 3268 2‚5,
1334 3221 1386 3259 P.
1401 3219 1601 3270 Africani
1614 3219 1822 3265 historice,
1843 3220 1912 3270 ait,
1931 3220 2169 3271 loquuntur
2185 3222 2232 3259 in
2250 3220 2460 3268 leyatione
2478 3219 2560 3258 illa
2578 3218 2710 3258 nobili
2728 3227 2866 3270 quam

172 3287 275 3315 mre
296 3286 505 3314 censu-esu
525 3277 616 3324 (an.
640 3280 709 3315 142
730 3287 766 3315 3.
787 3279 834 3317 C.
854 3278 959 3317 Fasti
980 3278 1150 3328 Capitol.
1166 3277 1180 3327 )
1196 3278 1323 3322 obiit,
1352 3280 1603 3318 Panaetium
1625 3289 1765 3318 unum
1780 3281 1951 3318 omnino
1967 3280 2162 3318 comitem
2171 3277 2329 3324 fuisse.
2349 3277 2465 3324 Quod
2485 3277 2583 3326 quin
2600 3278 2707 3317 recte
2727 3287 2769 3317 se
2791 3277 2865 3316 lia-

38 3367 49 3375 ,
113 3353 116 3356 ’
172 3335 267 3373 beat
283 3345 530 3384 quamquam
551 3335 589 3373 in
609 3336 789 3384 Epitome
803 3336 964 3376 Diodori
980 3337 1175 3385 dubitavi,
1189 3338 1326 3376 tamen
1341 3336 1425 3375 sola
1447 3335 1756 3387 fragmentorum
1778 3337 2072 3377 Diodereorum
2085 3337 2186 3376 serie
2205 3336 2330 3376 refelli
2351 3347 2430 3375 000
2446 3338 2626 3386 poterat,
2646 3335 2865 3386 praesertim
2987 3380 2989 3382 ,

169 3405 298 3443 quum
320 3393 463 3443 sai-pius
484 3394 642 3434 Siculus
658 3397 790 3435 noster
805 3395 984 3435 ordinem
1002 3396 1326 3446 chronologicum
1348 3397 1571 3447 relinquat,
1591 3395 1764 3446 ideoque
1783 3395 1833 3435 de
1861 3395 2020 3435 Diodoti
2042 3395 2181 3445 primis
2198 3394 2407 3434 conatibus
2425 3394 2476 3433 ad
2495 3405 2560 3434 an.
2597 3398 2670 3434 145
2699 3394 2866 3444 loquens
2937 3411 2940 3415 ·

175 3452 379 3491 historiam
401 3451 485 3500 ejus
502 3453 729 3492 universam
751 3456 981 3503 persecutus
997 3456 1082 3495 esse
1097 3455 1287 3505 potuerit.
1307 3457 1423 3494 Nunc
1441 3467 1538 3495 vero
1557 3454 1700 3506 quovis
1719 3454 1883 3504 pignore
1899 3453 2137 3493 contendam
2160 3453 2419 3493 Ciceroniana
2435 3452 2502 3491 illa
2519 3454 2708 3503 corrupta
2727 3463 2811 3492 esse
2824 3455 2864 3492 et

175 3522 245 3560 pro
262 3513 363 3550 ante
379 3521 607 3550 censuram
620 3512 873 3551 scribendum
890 3524 974 3552 esse
990 3516 1092 3554 ante
1108 3514 1410 3563 consulatum(
1429 3517 1498 3553 134
1510 3525 1548 3554 3.
1568 3512 1634 3564 C.)
1650 3513 1711 3552 vel
1728 3511 1862 3563 (quod
1879 3511 2091 3551 Diibnerus
2103 3521 2215 3551 meus
2230 3509 2431 3561 proponit)
2446 3521 2474 3549 a
2488 3521 2687 3559 censura,
2706 3509 2806 3548 adeo
2820 3513 2865 3549 ut

171 3569 318 3619 legatio
339 3569 486 3608 incidat
505 3569 545 3607 in
562 3580 711 3608 annum
739 3575 809 3610 136
828 3572 889 3610 vel
912 3578 997 3612 135.
1015 3575 1114 3612 Nam
1132 3573 1306 3622 primum
1329 3571 1412 3622 ipse
1432 3572 1572 3612 Cicero
1594 3575 1654 3612 De
1673 3571 1839 3621 Republ.
1857 3573 1934 3620 VI,¹
1955 3575 1997 3610 11
2021 3570 2098 3619 (2)
2115 3569 2167 3608 ita
2187 3569 2305 3607 habet
2325 3585 2333 3607 :
2356 3571 2493 3615 Quum
2510 3571 2656 3607 antem
2679 3568 2862 3607 Cartha-

176 3630 318 3676 yinem
331 3626 560 3672 deleveris,
579 3629 848 3678 triumphum
865 3633 1021 3679 cyeris,
1043 3641 1274 3681 censorque
1281 3629 1427 3679 fueris
1442 3633 1484 3671 et
1501 3632 1657 3671 obieris
1671 3631 1839 3680 leyatus
1852 3632 2106 3679 AEyyptum‚
2124 3630 2307 3679 Syriam,
2327 3629 2486 3672 Asiam,
2513 3628 2736 3671 Grceciam,
2755 3627 2864 3667 dcli-

176 3696 272 3735 ycre
293 3688 453 3726 iterum
478 3687 627 3726 consul
643 3686 816 3732 absens,
838 3687 1080 3739 bellumque
1103 3692 1346 3728 maximum
1367 3689 1580 3740 conficies,
1603 3690 1888 3730 Numantiam
1904 3687 2142 3727 exscindes.
2169 3689 2215 3726 ln
2233 3686 2293 3725 his
2311 3686 2454 3735 legatio
2474 3685 2576 3724 inter
2590 3676 2801 3724 ‘censuram
2824 3688 2864 3726 et

178 3744 429 3783 consulatum
446 3745 607 3794 ponitur
619 3744 760 3784 media.
779 3745 956 3784 Alterum
971 3749 1251 3796 argumentum
1269 3748 1362 3796 peto
1375 3759 1427 3787 ex
1444 3748 1627 3788 Historiis
1643 3746 1856 3796 Posidonii,
1875 3746 1943 3796 qui
1960 3746 2070 3784 Laelii
2084 3744 2301 3794 discipulus
2317 3743 2518 3783 uberrime
2531 3743 2765 3793 legationem
2779 3755 2865 3794 per·

177 3805 338 3842 secutus
353 3804 412 3842 est
430 3802 529 3841 libro
546 3805 723 3852 septimo
743 3804 808 3852 (v.
830 3803 1040 3843 Athenaeus
1058 3807 1145 3855 ΧΗ,
1164 3816 1203 3855 p.
1225 3807 1318 3855 549,
1340 3809 1398 3855 l);
1419 3806 1547 3846 Posid.
1569 3807 1614 3845 tr.
1634 3810 1674 3845 11
1692 3806 1721 3854 ὶ.
1745 3807 1802 3844 113
1816 3806 1950 3844 autem
1970 3803 2200 3843 Posidonius
2215 3803 2255 3841 in
2272 3802 2453 3841 Historiis
2469 3801 2564 3851 agit,
2582 3803 2627 3841 ut
2642 3802 2804 3853 singulis
2819 3803 2866 3842 li·

180 3861 260 3900 bris
275 3860 393 3900 unius
414 3860 495 3900 fere
511 3861 602 3899 anni
628 3871 689 3898 res
705 3863 934 3910 pertractet.
952 3864 1043 3901 Jam
1063 3874 1159 3902 vero
1176 3874 1268 3913 quoe
1288 3874 1309 3901 e
1330 3864 1430 3903 libro
1448 3869 1598 3916 quinto
1613 3866 1835 3905 afferuntur
1860 3864 2056 3915 pertinent
2076 3862 2125 3902 ad
2150 3874 2212 3902 res
2226 3861 2318 3901 anni
2342 3865 2435 3912 138,
2457 3873 2538 3912 quo
2554 3863 2694 3912 captus
2709 3866 2768 3902 est
2789 3866 2861 3902 De·

182 3920 426 3968 metriusyet
445 3930 537 3969 quac
561 3928 583 3957 0
604 3918 871 3958 11111ον001000
898 3919 946 3958 (10
964 3921 1097 3960 Siculo
1117 3932 1325 3961 servorum
1345 3922 1451 3963 bello
1478 3924 1679 3974 leguntur,
1699 3922 1903 3962 referenda
1918 3920 2076 3967 suntad
2092 3930 2240 3959 annum
2262 3921 2348 3959 134.
2373 3919 2496 3968 igitur
2513 3930 2562 3958 ex
2580 3919 2640 3958 his
2656 3919 2856 3969 colligitur
2903 3929 2908 3934 ·

183 3977 417 4026 legationem
434 3976 630 4028 pertinere
647 3976 694 4015 ad
712 3987 859 4015 annum
883 3982 951 4016 136
967 3979 1052 4027 νο1,
1070 3979 1177 4029 qnod
1194 3979 1348 4028 malim,
1369 3980 1419 4020 ad
1439 3992 1506 4021 an.
1529 3987 1613 4021 135.
1641 3981 1788 4021 Eodem
1814 3979 1926 4020 ducit
1941 3979 2061 4020 series
2076 3979 2388 4028 fragmentorum
2414 3976 2591 4016 Diodori.
2615 3979 2755 4028 ltaque
2780 3979 2863 4016 Ex-

182 4037 316 4085 cerpta
333 4038 425 4083 Leg.
440 4034 490 4074 de
503 4034 713 4084 Tryphone
727 4034 828 4073 etde
841 4036 1022 4084 Scipione
1036 4037 1081 4085 (X
1090 4040 1235 4086 xxlll,
1254 4049 1291 4077 c.
1318 4042 1361 4078 17
1385 4040 1425 4078 et
1450 4039 1522 4088 18)
1539 4039 1838 4090 transponenda
1857 4038 2012 4079 suntad
2034 4037 2155 4077 finem
2172 4036 2261 4075 libri
2276 4036 2447 4075 xxxin
2466 4034 2606 4085 (cujus
2618 4038 2862 4085 postremum

182 4094 450 4141 fragmentum
471 4094 642 4143 pertinet
657 4093 785 4133 adan.
815 4097 883 4133 137
902 4094 914 4141 )
935 4094 998 4133 vel
1018 4094 1069 4133 ad
1088 4095 1245 4135 initium
1267 4098 1356 4137 libri
1370 4099 1560 4147 xxxiv>
1580 4098 1693 4147 cujus
1713 4098 1888 4148 primum
1904 4097 1954 4136 fr.
1972 4099 2031 4136 est
2049 4092 2143 4135 an'ni
2166 4096 2235 4134 134
2255 4094 2286 4144 ).

243 4154 385 4190 xxvi.
423 4152 513 4192 Fol.
543 4154 638 4202 184,
677 4156 719 4191 13
751 4162 789 4190 v.
812 4169 863 4178 —
895 4155 986 4201 185,
1021 4158 1042 4191 2
1080 4164 1118 4191 r.
1153 4154 1300 4193 Eadem
1333 4157 1371 4194 111
1403 4156 1586 4205 brevius,
1612 4156 1667 4195 uti
1692 4157 1814 4206 solet,
1834 4155 2071 4195 contrahens
2102 4152 2266 4193 Photius
2297 4153 2337 4191 in
2360 4154 2458 4192 Exc.
2492 4151 2655 4191 Diodor.
2681 4153 2862 4199 XXXiV,

187 4216 234 4258 2,
261 4217 303 4248 10
335 4226 343 4248 :
365 4211 608 4249 ...συνέθεντο
631 4211 720 4262 πρὸς
743 4211 926 4258 ἀλλήλους
946 4213 1040 4263 ὑπὲρ
1058 4213 1312 4258 ἀποστάσεως
1328 4217 1393 4253 καὶ
1415 4215 1530 4266 φόνου
1550 4219 1626 4254 τῶν
1643 4215 1800 4266 κυρίων.
1822 4215 1897 4255 Καὶ
1913 4214 2006 4264 πρὸς
2025 4213 2090 4252 τὸν
2119 4211 2265 4250 Εὔνουν
2285 4210 2452 4255 ἐλθόντες
2472 4210 2632 4260 ἠρώτων
2652 4210 2684 4248 εἰ
2705 4222 2863 4260 συγχω-

184 4272 306 4317 ρεῖται
323 4270 428 4319 παρὰ
447 4273 523 4307 τῶν
545 4270 639 4307 θεῶν
658 4270 785 4314 αὐτοῖς
802 4271 845 4308 τὸ
861 4269 1170 4319 βεῧουλευμενον.
1194 4272 1240 4309 Ὁ
1257 4273 1295 4310 δὲ
1319 4273 1412 4322 μετὰ
1426 4275 1620 4325 τερατείας
1633 4304 1643 4323 ,
1662 4277 1713 4319 ὡς
1729 4275 1854 4313 εἰώθει
1866 4302 1876 4321 ,
1895 4272 2155 4321 συντιθεμενος
2172 4269 2229 4308 ’ότι
2247 4271 2509 4320 συγχωροῦσι,
2527 4271 2764 4318 παραχρῆμα
2776 4267 2863 4306 πεί-

183 4327 245 4362 aaz
267 4326 421 4377 ἔχεσθαι
441 4329 505 4371 τῆς
534 4326 800 4377 ἐγχειρήσεως.
831 4327 948 4371 Εὐθὺς
969 4326 1034 4365 οὖν
1058 4329 1328 4377 τετρακοσίους
1348 4335 1423 4369 τῶν
1442 4334 1662 4382 ὁμοδούλων
1679 4333 1948 4383 συνήθροισαν,
1967 4330 2031 4369 κὀιὶ
2061 4330 2111 4374 ὡς
2128 4330 2174 4368 ἂν
2196 4329 2217 4367 ὁ
2233 4329 2363 4380 καιρὸς
2385 4326 2531 4376 ἐδίδου,
2548 4325 2862 4370 καθοπλισθέντες
