3008 4542
60 4274 85 4533 ..-„-···.-—·-<-,<-f
74 4237 82 4248 ⁸
63 4163 65 4169 <
70 4087 75 4115 2„

94 1523 110 1588 ἶ
161 1532 430 1576 ΕυΕοΗουε.
476 1563 487 1574 .
529 1564 542 1577 .
579 1563 590 1578 .

105 1597 110 1601 ’
160 1599 514 1647 CnoMAsssEsz.
541 1634 550 1645 .
584 1635 594 1645 .

88 1676 95 1733 f
161 1673 223 1726 84
259 1674 335 1717 alii
351 1688 497 1733 reges.
528 1705 538 1716 .
577 1705 589 1716 .

41 1768 44 1770 ·
100 1769 105 1782 =
161 1751 191 1796 8
227 1752 409 1811 tyranni
432 1750 557 1794 Medi
564 1782 994 1796 .........
1021 1752 1113 1800 224
1148 1747 1235 1791 vel.

95 1834 112 1902 ζ’
162 1822 298 1887 (Sec.
327 1823 528 1880 Syncell.
576 1824 818 1866 Zoroaster
857 1831 906 1866 et
940 1831 1111 1882 septem
1150 1825 1247 1876 eJus

100 2011 102 2014 ,
129 2002 132 2006 .
162 1979 215 2010 11
254 1980 385 2027 reges
392 1998 712 2013 .......
745 1964 851 2027 (sec,
871 1981 1020 2026 marg.
1042 1981 1121 2010 an.
1147 1964 1230 2026 48)

60 4176 94 4220 55²

1283 204 1686 253 FRAGMENTA.

112 324 116 326 ’
154 313 392 377 ,Αἰγύπτιοι
405 348 418 371 ,
439 309 551 358 ἀλλὰ
568 313 653 375 πῦρ
673 328 718 357 τε
737 310 816 357 ’καὶ
835 309 946 374 ὕδωρ
963 345 976 371 ,
995 311 1051 362 ὡς
1071 308 1304 374 φιλόσοφοι.
1325 308 1449 357 Μετὰ

93 379 139 445 {⁸
161 382 323 438 πολλὰς
360 382 504 446 μέντοι
549 380 724 446 ὕστερον
762 382 982 443 περιόδους
1018 382 1125 429 ἐτῶν
1160 382 1448 444 ἀνθρωποειδῆ

100 444 112 506 ,γ
162 455 395 519 ἀγάλματα
426 452 567 500 σε’ὅειν
593 451 747 505 αὐτοὺς
775 451 1007 516 Βήρωσσος
1030 453 1075 498 ἐν
1101 451 1223 516 τρίτῃ
1255 452 1448 500 Χαλδαϊ-

95 579 101 582 ,
132 566 134 568 ψ
161 520 249 576 κῶν
276 525 534 590 παρίστησι,
572 529 696 572 τοῦτο
734 522 1011 588 Ἀρταξέρξου
1046 527 1120 569 τοῦ
1163 522 1344 589 Δαρείου
1375 527 1448 569 τοῦ

97 591 125 627 ·”
161 597 308 663 Ὤχου
324 594 668 660 εἰσηγησαμένου
683 632 696 654 ,
715 593 759 648 ὃς
778 597 943 658 πρῶτος
963 597 1037 647 τῆς
1053 593 1301 658 Ἀφροδίτης
1317 588 1451 640 Ἀναί-

157 669 272 723 ’τιδος
294 667 342 715 τὸ
364 667 541 731 ἄγαλμα
580 665 824 723 ἀναστήσας
842 667 884 712 ἐν
909 664 1140 714 Βαὸυλῶνι
1171 665 1244 712 καὶ
1269 664 1448 718 Σούσοις

115 756 129 808 s
161 739 236 789 καὶ
257 738 563 798 Ἐκὸατάνοις,
592 737 782 802 Πέρσαις
801 736 875 784 καὶ
898 737 1108 801 Βάκτροις
1131 737 1205 784 καὶ
1224 739 1448 802 Δαμασκῷ

161 811 234 860 καὶ
255 810 467 876 Σάρδεσιν
490 808 681 865 ὑπέδειξε
703 807 860 858 σε’ὅειν.

737 897 793 941 16
829 912 872 943 a·

226 985 423 1044 Hesych.
453 981 763 1047 εΣαραχήρω,
800 979 919 1046 παρὰ
942 983 1179 1055 -Βηρωσσῷ
1221 985 1248 1039 ἡ
1290 981 1450 1044 κοσμή-

161 1069 257 1119 τρια
281 1058 355 1110 τῆς
375 1053 534 1120 Ἥρας.

211 1251 413 1292 TABULA
441 1252 623 1291 REGUM
652 1252 744 1296 QUI
769 1252 823 1288 IN
852 1252 1175 1292 FRAGMENTIS
1207 1253 1393 1292 BEROSI

607 1313 995 1351 MEMORANTUR.

102 1368 110 1391 ³
165 1402 222 1432 10
255 1397 385 1447 reges
404 1395 509 1430 ante
525 1385 774 1441 diluvium,
795 1385 852 1429 ab
870 1385 1014 1429 Aloro
1033 1386 1091 1430 ad
1109 1388 1189 1444 Xi-

328 1458 536 1502 suthrum
543 1489 1076 1505 ...........

632 1545 707 1575 an.
744 1533 888 1580 2400.

631 1615 707 1648 an.
748 1613 891 1655 2700.

626 1688 701 1717 an.
742 1669 921 1730 28980.

1158 1474 1230 1503 an.
1263 1459 1450 1511 432000

936 1623 955 1738 5
974 1610 1033 1654 86
1087 1624 1238 1670 reges,
1294 1608 1451 1662 34080

1360 1745 1450 1799 234

338 1900 627 1942 successores,
665 1910 739 1941 an.
785 1892 908 1954 190)

47 2034 49 2089 J
162 2041 224 2099 119
257 2053 388 2099 reges
406 2038 605 2084 Chardaei
614 2073 1173 2086 ...........
1229 2072 1238 2082 .
1362 2034 1454 2088 458

98 2146 101 2153 2
195 2124 226 2170 9
259 2111 642 2172 regesArabeS..
687 2147 697 2158 .
744 2147 752 2155 .
798 2147 808 2158 .
853 2147 863 2158 .
899 2147 910 2158 .
955 2147 966 2158 .
1005 2145 1017 2157 .
1059 2146 1070 2157 .
1115 2145 1125 2157 .
1169 2145 1233 2157 ..
1361 2107 1453 2161 245

94 2202 96 2205 ’
162 2182 222 2236 45
259 2194 389 2243 reges
412 2181 650 2246 (Assyrii).
690 2218 701 2228 .
735 2246 738 2249 Ι
744 2215 1235 2231 ..........
1361 2179 1453 2224 526

48 2253 49 2257 ’
158 2255 367 2300 Pnums.

99 2336 106 2343 ·
155 2326 508 2371 SENEcuAlmms
512 2359 1234 2374 ..............
1393 2323 1448 2368 81

211 2417 332 2456 frater
352 2417 603 2458 Senecharibi

150 2483 157 2489 ·
212 2475 373 2525 Hagisas
388 2485 456 2524 per
475 2475 636 2525 triginta
657 2475 812 2515 circiter
833 2438 945 2564 dies)
962 2492 1173 2543 Babylonis

211 2532 424 2598 Marodach
454 2533 691 2584 Baladanus,
714 2539 737 2573 6
762 2543 917 2574 menses
986 2543 1162 2596 praefecti

207 2590 341 2630 Ehhas
367 2588 534 2638 2¹l22an.
929 2565 948 2696 j

212 2647 437 2689 Asordanus
451 2677 462 2697 ,
488 2646 744 2691 Senecharibi
765 2648 868 2688 filius
963 2600 1003 2637 et
1018 2598 1189 2646 tyranm,

88 2775 93 2790 „
158 2717 444 2784 Asoanmus
459 2752 471 2792 3
489 2736 683 2782 Senech.
702 2734 769 2780 fil.
792 2735 846 2799 (i.
866 2751 915 2796 q.
931 2730 1271 2792 Asarhaddon)
1427 2728 1454 2773 8

163 2809 481 2855 Sammuomzsf
517 2838 1270 2855 ..............
1395 2816 1451 2848 21

55 2890 91 2939 ,“
158 2882 548 2941 ΒΑΙΨΑΝΑΡΑηυε
581 2897 617 2926 s.
656 2881 870 2936 SarasuS‚
904 2879 1194 2939 Sammughis

86 3008 90 3011 μ
326 2952 468 2997 frater
497 2953 671 3012 (ultim.
699 2967 783 2996 rex
802 2950 990 3010 Assyr.)
997 2982 1272 2997 ......
1397 2962 1451 2989 21

50 3047 67 3092 1ss
96 3043 107 3067 ι
161 3027 576 3083 ΝΔΒοιιΑιᾼεεΑιιυε
580 3056 1062 3072 ..........
1089 3033 1113 3068 ’.
1155 3056 1167 3068 .
1207 3056 1218 3066 .
1259 3055 1271 3067 .
1396 3034 1456 3062 2ο

58 3099 61 3107 “
119 3152 129 3162 δ
159 3099 578 3154 NAchonRosson,
601 3096 954 3157 Nabopalassari
973 3094 1037 3141 fil.
1061 3131 1071 3141 .
1105 3129 1114 3141 .
1155 3105 1167 3140 ’.
1210 3130 1219 3140 .
1264 3127 1275 3138 .
1397 3090 1456 3144 43

84 3174 109 3226 ᾗ
162 3160 612 3218 ΑΜὼΑΒυῡοοΗυε
620 3200 1272 3216 .............

94 3286 97 3291 ,
161 3245 506 3288 szousnns
513 3275 728 3288 .....
757 3284 763 3290 .
772 3274 1272 3287 ..........
1432 3242 1457 3289 4

103 3349 106 3355 -
162 3319 672 3363 Lnonosoncnonns.
715 3347 1007 3359 ......
1047 3311 1280 3356 mensibus
1430 3325 1460 3368 9

93 3411 99 3423 s
161 3390 459 3434 NABONEDUS.
499 3423 511 3433 .
554 3420 565 3431 .
609 3386 631 3432 .“
660 3419 1113 3433 .........
1153 3384 1283 3427 annis
1404 3397 1457 3437 17

91 3463 111 3522 5'
163 3461 332 3505 emus.
369 3452 383 3507 .
423 3491 1206 3506 ...............
1258 3491 1270 3500 .
1431 3469 1460 3512 9
1502 3459 1504 3464 ’

70 3555 74 3558 -
164 3525 402 3571 Cmmrsns
409 3553 1278 3571 .................
1432 3517 1459 3561 8

170 3596 354 3643 Duuus
361 3628 1185 3644 ................
1200 3627 1235 3655 .·
1274 3624 1285 3634 .
1404 3589 1462 3633 36

78 3722 106 3766 ῑῇ
165 3729 295 3780 ignem
319 3733 361 3771 et·
384 3742 531 3795 aquanp
553 3743 640 3772 esse
661 3732 826 3773 deorum
856 3731 1070 3772 simulacra
1094 3729 1298 3780 putarunt.
1355 3728 1462 3772 Quin

102 3805 110 3814 ⁴.
166 3794 207 3833 et
232 3794 323 3844 post
347 3795 501 3846 aliquot
522 3797 669 3851 saecula
694 3796 837 3836 deinde
863 3807 930 3836 eos
957 3795 1124 3834 coluisse
1147 3793 1359 3833 simulacra
1389 3791 1461 3828 hu-

106 3891 114 3919 3
165 3868 284 3898 mana
298 3860 426 3910 specie
453 3861 618 3911 praedita
633 3890 644 3910 ,
660 3861 835 3902 ostendit
849 3861 889 3900 in
910 3861 1028 3901 tertio
1052 3859 1355 3899 Chaldaieorum
1384 3859 1460 3897 Be-

112 3943 114 3947 ·
166 3934 304 3976 rosus,
321 3936 495 3976 eumque
515 3937 669 3966 morem
684 3927 735 3967 ab
751 3930 971 3968 Artaxerxe
991 3926 1095 3966 Darii
1114 3926 1193 3964 filio
1207 3955 1219 3975 ,
1240 3924 1341 3964 Ochi
1366 3933 1460 3962 vero

79 4000 81 4002 ·
116 3991 117 3994 ’
166 3989 300 4038 patre,
317 3989 588 4029 introductum
605 3990 749 4030 fuisse:
776 3992 920 4031 etenim
945 3990 1095 4040 primus
1111 3990 1284 4028 statuam
1301 3986 1464 4026 Veneris

108 4074 111 4078 >
168 4052 384 4104 Anaitidis,
410 4065 534 4104 quam
560 4055 783 4106 Babylone,
812 4055 922 4096 Susis
947 4059 988 4095 et
1012 4054 1223 4095 Ecbatanis
1250 4052 1457 4104 posuisset,

169 4116 299 4156 Persis
312 4118 352 4156 et
376 4117 526 4156 Bactris
541 4118 582 4157 et
608 4119 802 4158 Damasco
825 4120 867 4159 et
891 4117 1025 4159 Sardis
1050 4117 1239 4168 exemplo
1256 4126 1328 4156 suo
1356 4125 1460 4166 proe·

114 4181 123 4222 ².
182 4179 414 4220 monstravit
429 4190 512 4222 esse
529 4180 748 4222 colendam.

790 4262 823 4289 N

1495 3195 1502 3291 ἰ

2699 216 2792 261 509

1521 340 1889 386 FRAGMENTA
1945 339 2090 399 QUAE
2124 346 2206 388 AD
2262 344 2695 396 ASTRONOMIAM
2729 349 2802 421 I}T

1749 425 2181 472 ASTROLOGIAM
2232 431 2544 480 SPECTANT.

2132 528 2149 555 1
2162 529 2186 569 7
2196 547 2206 556 .

1587 597 1822 642 Vitruvius
1841 599 1935 652 IX,
1970 613 1988 641 1
2015 595 2074 660 (4)
2105 614 2115 642 :
2144 601 2356 655 Berosus,
2382 607 2472 660 qui,
2505 619 2535 646 a
2555 605 2803 650 Chaldoeo-

1524 683 1623 712 rum
1655 673 1832 713 civitate
1854 673 1944 712 sive
1961 675 2146 714 natione
2156 687 2434 730 progressus,
2465 678 2509 717 in
2533 679 2647 720 Asia
2669 683 2805 722 etiam

1521 742 1809 801 disciplinam
1821 739 2055 801 patefecit,
2086 746 2150 786 ita
2163 742 2479 803 estprofessuS,
2505 746 2712 809 (lunam)
2732 755 2808 809 pi-

1525 816 1617 858 lam
1649 830 1744 858 esse
1762 830 1823 857 ex
1840 815 2034 858 dimidia
2049 826 2187 874 parte
2203 818 2491 871 candentem,
2522 822 2698 878 reliqua
2721 822 2807 865 ha·

1523 886 1627 929 bere
1651 888 1848 930 coeruleo
1866 887 2027 931 colore.
2101 888 2248 944 Quum
2266 898 2416 931 autem
2440 904 2613 933 cursum
2638 896 2811 937 itineris

1521 962 1592 1002 sui
1600 973 1836 1017 peragens
1856 958 2024 1002 subiret
2048 957 2201 1003 orbem
2238 962 2368 1016 solis,
2408 970 2511 1003 tunc
2534 976 2636 1004 eam
2672 966 2811 1007 radiis

1523 1039 1570 1073 et
1602 1034 1771 1088 impetu
1801 1031 1968 1074 caloris
2001 1035 2188 1091 corripi,
2232 1034 2512 1089 convertique
2544 1035 2809 1078 candentem

1519 1112 1707 1161 propter
1727 1106 1824 1158 ejus
1835 1106 2145 1162 propietatem
2172 1104 2355 1145 luminis
2377 1104 2444 1145 ad
2464 1105 2631 1151 lumen.
2665 1107 2810 1162 Quum

1522 1184 1673 1218 autem
1698 1189 1756 1217 ea
1784 1184 1966 1217 evocata
1990 1177 2057 1218 ad
2075 1177 2183 1219 solis
2204 1175 2332 1219 orbes
2352 1179 2588 1235 superiora
2617 1188 2808 1235 spectet,

1524 1256 1629 1289 tunc
1660 1243 1920 1302 inferiorem
1944 1253 2132 1305 partem
2165 1251 2283 1304 ejus,
2327 1247 2450 1306 quod
2483 1249 2683 1290 candens
2719 1265 2809 1292 non

1522 1324 1600 1376 sit,
1636 1331 1830 1381 propter
1851 1326 1969 1365 aeris
2005 1321 2341 1364 similitudinem
2379 1320 2612 1363 obscuram
2650 1323 2812 1367 videri.

1528 1394 1674 1450 Quum
1699 1395 1767 1439 ad
1776 1393 2153 1452 perpendiculum
2177 1396 2340 1444 exstet,
2374 1391 2441 1433 ad
2459 1395 2556 1447 ejus
2577 1392 2726 1435 radios
2749 1403 2815 1437 to-

1527 1475 1618 1508 tum
1645 1467 1797 1509 lumen
1830 1467 1897 1508 ad
1914 1468 2188 1524 superiorem
2215 1467 2411 1522 speciem
2435 1467 2623 1506 retineri
2644 1474 2689 1507 et
2712 1474 2814 1507 tunc

1525 1551 1628 1580 eam
1649 1541 1807 1583 vocari
1824 1541 2046 1596 primam.
2122 1535 2269 1592 Quum
2297 1537 2567 1593 proeteriens
2593 1535 2730 1579 vadit
2754 1538 2820 1579 acl

1525 1613 1710 1652 orientis
1732 1610 1840 1652 coeli
1852 1619 2034 1668 partes,
2065 1609 2275 1651 relaxari
2298 1606 2358 1649 ab
2384 1610 2552 1664 impetu
2569 1608 2700 1662 solis,
2726 1623 2815 1651 ex—

1529 1689 1812 1739 tremamque
1845 1684 1945 1737 ejus
1963 1688 2150 1739 partem
2178 1678 2442 1720 candentiae
2474 1679 2643 1736 oppido
2678 1695 2815 1737 quam

1529 1757 1654 1796 tenui
1695 1754 1820 1797 linea
1848 1754 1915 1796 ad
1947 1762 2113 1796 terram
2149 1755 2323 1794 mittere
2349 1750 2655 1808 splendorem,
2686 1755 2817 1794 etita

1528 1841 1588 1869 ex
1617 1840 1670 1869 eo
1707 1841 1810 1869 eam
1836 1826 2083 1869 secundam
2112 1827 2290 1868 vocari.
2365 1823 2643 1878 Quotidiana
2666 1834 2816 1867 autem

1527 1902 1797 1942 versationis
1816 1901 2076 1941 remissione
2100 1900 2294 1949 tertiam,
2327 1904 2538 1954 quartam
2562 1898 2608 1937 in
2629 1896 2726 1938 (lies
2740 1912 2818 1939 nu·

1529 1974 1709 2016 merari.
1777 1971 1979 2030 Septimo
1998 1970 2075 2012 die
2095 1969 2169 2012 sol
2190 1983 2325 2027 quum
2347 1970 2408 2009 sit
2427 1967 2494 2008 ad
2514 1968 2811 2020 occidentem,

1531 2044 1640 2085 luna
1664 2041 1814 2086 autem
1848 2046 1967 2086 inter
2001 2045 2220 2084 orientem
2260 2049 2305 2083 et
2330 2039 2606 2083 occidentem
2643 2039 2819 2081 medias

1530 2115 1635 2156 coeli
1654 2124 1808 2158 teneat
1821 2118 2050 2172 regione-5,
2080 2112 2203 2170 quod
2221 2111 2421 2154 dimidia
2442 2119 2578 2168 parte
2595 2112 2702 2152 coeli
2716 2126 2819 2169 spa-

1531 2190 1593 2229 tio
1615 2185 1751 2229 distet
1773 2202 1802 2229 a
1822 2187 1941 2239 sole,
1969 2189 2073 2228 item
2097 2183 2336 2226 dimidiam
2360 2182 2619 2223 candentioe
2641 2196 2818 2224 conver-

1529 2272 1628 2300 sam
1646 2255 1816 2302 habere
1832 2258 1898 2300 ad
1916 2267 2097 2302 terram.
2159 2258 2195 2299 J
2197 2265 2299 2297 nter
2313 2254 2452 2298 solem
2476 2268 2583 2296 vero
2603 2263 2651 2296 et
2665 2254 2818 2296 lunam

1532 2345 1666 2388 quum
1691 2331 1831 2373 distet
1851 2340 1987 2374 totum
2013 2329 2170 2371 mundi
2186 2330 2384 2386 spatium
2399 2359 2410 2380 ,
2437 2335 2484 2368 et
2506 2327 2614 2367 luna
2637 2326 2820 2369 orientis

1532 2403 1683 2446 orbem
1715 2404 1823 2446 solis
1845 2404 2154 2460 retrospiciens
2176 2415 2310 2458 quum
2337 2401 2505 2441 transit
2529 2397 2597 2439 ad
2616 2398 2817 2440 occiden-

1534 2484 1622 2518 tem
1637 2509 1649 2530 ‚
1674 2490 1777 2518 eam
1809 2476 1930 2534 quod
1955 2476 2134 2533 longius
2177 2472 2299 2515 absit
2326 2486 2357 2513 a
2383 2471 2523 2512 radiis
2554 2474 2788 2513 remissam
2803 2504 2816 2525 ,

1533 2556 1699 2605 quarta
1719 2547 1896 2590 decima
1932 2547 2006 2589 die
2034 2547 2179 2604 plena
2205 2554 2305 2587 rota
2337 2546 2471 2607 totius
2493 2542 2612 2584 orbis
2645 2546 2822 2585 mittere

1531 2619 1813 2678 splendorem
1830 2653 1844 2674 ,
1885 2619 2163 2676 reliquosque
2201 2615 2299 2659 dies
2333 2615 2639 2657 decrescentia
2679 2618 2821 2672 quoti-

1533 2692 1678 2734 diana
1703 2691 1770 2734 ad
1783 2686 2112 2750 perfectionem
2140 2689 2311 2731 lunaris
2336 2689 2523 2739 mensis,
2550 2689 2822 2728 versationi-

1534 2763 1615 2807 bus
1639 2773 1687 2807 et
1706 2778 1861 2818 cursu,
1901 2777 1931 2805 a
1959 2764 2054 2805 sole
2078 2759 2431 2804 revocationibus
2463 2755 2811 2809 subire'totam,

1532 2835 1775 2894 radiosque
1798 2838 1896 2892 ejus
1911 2838 2052 2878 etiam
2072 2841 2326 2876 menstruas
2339 2831 2512 2874 dierum
2537 2826 2722 2888 efficere
2744 2843 2819 2872 ra·

1533 2910 1691 2952 tiones.

2162 2985 2180 3013 1
2191 2968 2234 3015 8.

1602 3061 1808 3105 Stobaeus
1827 3060 1988 3120 Eclog.
2011 3059 2142 3119 phys,
2163 3074 2209 3117 p.
2238 3055 2328 3101 552
2351 3056 2427 3104 ed.
2440 3058 2580 3128 err.
2605 3069 2615 3100 ε
2641 3056 2825 3117 Βηρωσ-

1352 3175 1363 3181 ,
1430 3179 1456 3207 2
1494 3138 1501 3194 ξ
1535 3130 1606 3186 σὸς
1629 3129 1904 3195 ἡμιπύρωτον
1926 3132 2108 3193 σφαῖραν
2126 3125 2209 3184 ’τὴν
2233 3125 2413 3184 σελήνην
2440 3125 2571 3191 (εἷναί
2594 3128 2755 3190 φησιν).

1601 3206 1671 3250 Id.
1701 3205 1816 3252 ibid.
1840 3221 1887 3264 p.
1911 3201 2003 3248 556
2033 3219 2043 3247 :
2070 3198 2302 3264 Βηρωσσὸς
2333 3198 2436 3245 ἴδιον
2463 3196 2594 3255 αὐτὴν
2621 3195 2720 3260 (τὴν
2753 3214 2824 3242 σε·-

1536 3275 1696 3339 λήνην)
1720 3275 1832 3339 ἔχειν
1857 3277 1961 3340 φῶς.

2145 3361 2217 3405 19.

1601 3442 1835 3487 Plutarch.
1861 3443 1931 3485 De
1959 3439 2116 3499 placit.
2157 3438 2275 3498 phil.
2316 3439 2390 3494 ΙΙ,
2430 3452 2489 3496 29
2521 3451 2569 3495 p.
2609 3434 2719 3494 891,
2748 3436 2781 3478 E
2809 3450 2819 3477 :

1537 3511 1772 3578 Βηρωσσὸς
1797 3510 1908 3557 κατὰ
1939 3510 2016 3568 τὴν
2048 3508 2153 3573 πρὸς
2177 3512 2292 3571 ἡμᾶς
2321 3505 2578 3571 ἐπιστροφὴν
2608 3510 2679 3551 τοῦ
2715 3508 2818 3549 ἀπυ-

1541 3585 1675 3651 ρώτου
1719 3582 1872 3648 μέρους
1918 3583 2004 3645 (sc.
2046 3585 2203 3627 lunam
2239 3581 2437 3627 deficere
2474 3581 2583 3638 ait).
2652 3578 2823 3621 Eadem

1830 3667 2795 3689 ——--...-....---——-———-—-

2145 3743 2214 3782 18.

1589 3844 1756 3882 Berosus
1773 3841 1908 3879 lunam
1919 3850 2002 3879 esse
2014 3838 2237 3888 aitglobum
2256 3835 2414 3875 dimidia
2433 3843 2502 3872 sua
2518 3832 2628 3880 parte
2641 3829 2819 3877 ignitum.

1539 3937 1587 3943 —
1603 3900 1771 3955 Berosus
1786 3913 1925 3952 lunam
1943 3911 2141 3963 propriam
2158 3909 2232 3949 sibi
2248 3909 2378 3947 lucem
2398 3905 2540 3944 habere
2558 3903 2664 3941 dicit.

2135 4021 2204 4062 19.

1589 4115 1759 4153 Berosus
1777 4112 1940 4152 obversa
1959 4109 2071 4150 nobis
2087 4109 2195 4158 parte
2224 4104 2320 4155 ignis
2335 4101 2495 4152 experte
2511 4099 2614 4138 lunae
2633 4095 2715 4135 fieri
2733 4094 2821 4133 ecli-

1540 4177 1625 4230 psin
1640 4178 1707 4218 ait.
