3002 4646
799 289 1124 338 EXCERPTA
1163 288 1243 336 EX
1282 289 1583 340 HISTORIA
1620 294 1881 343 DIODORI
1919 295 2123 348 SICULI

1203 394 1439 460 Hapekfidv·
1480 405 1482 408 ’

94 390 101 395 ⁴
154 386 253 462 περὶ
280 397 556 452 ἀποστάσεως
577 396 648 444 καὶ
673 397 806 462 φόνων
839 398 922 442 τῶν
953 395 1126 459 κυρίων.

157 489 223 524 τες
245 470 288 516 δὲ
309 470 410 536 πρὸς
431 469 501 517 τὸν
528 468 706 526 Εὔνουν,
731 469 806 514 οὐκ
826 467 994 514 ἄπωθεν
1020 467 1306 531 διατρίὸοντα,
1325 469 1438 531 ἠρώ-

155 561 255 599 των,
288 545 323 589 εἰ
358 544 642 606 συγχωρεῖται
662 539 778 604 παρὰ
800 542 882 586 τῶν
908 542 1012 586 θεῶν
1039 541 1178 592 αὐτοῖς
1211 538 1258 585 τὸ
1288 539 1438 603 βεὸου-

155 612 376 674 λευμένον.
404 613 459 661 Ὁ
485 613 530 660 δὲ
554 613 878 675 τερατευόμενος
903 610 994 673 μετ’
1020 612 1343 672 ἐνθουσιασμοῦ,
1366 610 1439 658 καὶ

67 702 97 742 „²
152 684 250 748 περὶ
274 685 395 731 τίνων
427 684 579 742 ἥκουσι
603 683 842 748 [ἀκούσας]
871 682 1128 747 διεσάφησεν
1152 682 1216 728 ὅτι
1250 682 1438 729 διδόασιν

153 758 295 809 αὐτοῖς
318 759 355 802 οἱ
381 757 465 804 θεοὶ
483 756 559 814 τὴν
582 757 838 814 ἀπόστασιν,
862 755 935 802 ἐὰν
957 754 1172 817 μηδεμίαν
1195 755 1437 820 ὓπερὸολὴν

151 829 431 888 ποιησάμενοι
447 832 709 895 παραχρῆμα
728 833 740 890 (
760 826 861 890 μὲν)
883 827 1167 892 ἐγχειρήσωσι
1181 834 1272 879 ταῖς
1292 828 1436 875 ἐπιδο-

151 900 264 954 λαῒς·
287 901 370 948 ὑπὸ
393 900 475 966 γὰρ
498 905 573 958 τῆς
606 898 890 964 πεπρωμένης
919 902 970 962 (2)
1007 901 1148 954 αὐτοῖς
1171 905 1438 965 κεκυρῶσθαι

151 972 229 1031 τὴν
263 973 448 1036 πατρίδα
482 972 558 1030 τὴν
586 970 764 1029 Ἔνναν,
805 967 933 1018 οὖσαν
971 971 1203 1035 ἀκρόπολιν
1233 973 1334 1030 ὅλης
1358 978 1435 1032 τῆς

151 1043 296 1102 νήσου.
343 1044 557 1094 Τοιούτων
590 1044 726 1106 λόγων
761 1042 1016 1098 ἀκούσαντες
1053 1043 1127 1091 καὶ
1162 1045 1437 1099 διαλαὸόντες

115 1106 124 1114 ’
152 1115 215 1163 ὅτι
240 1116 289 1164 τὸ
314 1117 530 1178 δαιμόνιον
563 1117 694 1173 αὐτῆς
718 1116 1144 1177 συνεπιλαμὸάνεται
1181 1121 1255 1175 τῆς
1282 1138 1432 1181 προαι-

150 1192 324 1248 ρέσεως,
345 1187 476 1243 οὕτως
501 1188 776 1254 παρέστησαν
799 1194 890 1240 ταῖς
913 1191 1072 1253 ψυχαῖς
1091 1188 1196 1254 πρὸς
1219 1190 1295 1246 τὴν
1322 1190 1432 1236 ἀπό-

149 1279 316 1318 στασιν,
358 1259 469 1307 ὥστε
516 1261 734 1322 μηδεμίαν
782 1259 1000 1318 ἀναὸολὴν
1039 1263 1124 1307 τῶν
1170 1260 1433 1325 δεδογμένων

147 1337 374 1380 ποιεῖσθαι.
407 1332 541 1386 Εὐθὺς
561 1325 631 1379 οῦν
654 1330 751 1386 τοὺς
781 1331 858 1394 μὲν
895 1332 1142 1395 δεδεμένους
1173 1332 1314 1391 ἔλυον,
1349 1337 1432 1380 τῶν

147 1405 189 1452 δὲ
215 1405 356 1452 ἄλλων
383 1404 476 1458 τοὺς
499 1403 681 1462 πλησίον
713 1403 1006 1468 διατρίὸοντας
1037 1405 1090 1467 (3)
1119 1404 1433 1466 συλλαὲόμενοι

146 1477 244 1540 περὶ
272 1477 307 1524 υ’
331 1477 611 1541 συνηθροισαν
636 1475 707 1522 ἐπί
728 1495 838 1530 τινος
865 1478 994 1541 ἀγροῦ
1014 1476 1196 1534 πλησίον
1221 1475 1334 1530 ὄντος
1358 1481 1434 1535 τῆς

145 1550 323 1607 ’Έννηᾳ
351 1549 607 1611 Συνθέμενοι
634 1547 677 1594 δὲ
708 1547 812 1612 πρὸς
838 1548 1048 1604 ἀλλήλους
1080 1549 1153 1595 καὶ
1177 1548 1340 1602 πίστεις
1364 1549 1432 1595 ἐπὶ

143 1622 338 1686 σφαγίων
364 1621 557 1686 ἐνόρκους
578 1620 725 1674 νυκτὸς
744 1620 1031 1679 ποιησάμενοι
1048 1620 1430 1680 καθωπλίσθησαν,

143 1692 201 1747 ὥς
225 1698 318 1740 ποτ’
343 1693 394 1740 ἂν
418 1697 440 1740 ὁ
470 1692 615 1758 καιρὸς
646 1693 899 1757 συνεχώρει·
927 1692 1080 1747 πάντες
1125 1692 1170 1739 δὲ
1204 1692 1253 1740 τὸ
1276 1693 1430 1757 κράτι-

144 1785 241 1812 στον
261 1769 344 1813 τῶν
360 1763 520 1822 ὅπλων,
542 1764 612 1812 τὸν
637 1766 784 1827 θυμὸν,
818 1764 1118 1828 ἀνελάμὸανον
1140 1764 1190 1830 (4)
1218 1765 1330 1812 κατὰ
1355 1771 1432 1825 τῆς

143 1838 358 1891 ἀπωλείας
395 1841 479 1885 τῶν
505 1837 789 1902 ὑπερηφάνων
821 1837 993 1902 κυρίων,
1023 1838 1096 1884 καὶ
1127 1838 1287 1885 τούτων
1320 1841 1428 1903 ἀφη-

142 1913 256 1974 γεῖτο
284 1908 452 1964 Εὔνους.
475 1908 563 1958 Καὶ
582 1911 931 1974 παρακαλοῦντες
947 1910 1159 1968 ἀλλήλους
1180 1910 1278 1975 περὶ
1297 1910 1431 1973 μέσας

79 2028 89 2038 s
139 1980 294 2035 νύκτας
313 1982 532 2029 εἰσέπεσον
557 1984 614 2036 εἷς
630 1982 707 2036 τὴν
732 1982 854 2028 πόλιν
879 1981 952 2029 καὶ
977 1983 1375 2048 τούτουςρἀνῄρουν.
1416 2046 1418 2049 ⁴

209 2054 407 2102 XXVII.
433 2052 538 2102 “Ort
557 2053 738 2107 πολλοὺς
760 2054 870 2117 ἔχων
889 2052 982 2107 τοὺς
1007 2053 1326 2118 συναγωνιστὰς
1350 2057 1424 2102 ἀν-

139 2125 361 2173 τετάττετο
378 2130 399 2172 ὃ
417 2127 627 2191 Γράκχος,
637 2126 710 2173 καὶ
726 2126 791 2173 ἀεὶ
810 2125 883 2172 καὶ
902 2127 1066 2188 μᾶλλον
1083 2126 1428 2189 ταπεινούμενος,

142 2197 215 2245 καὶ
237 2197 356 2264 παρὰ
385 2197 644 2263 προσδοκίαν
669 2199 940 2258 ἀποπίπτων,
967 2201 1024 2252 εἰς
1048 2199 1205 2246 λύτταν
1235 2199 1330 2246 τινὰ
1354 2200 1428 2247 καὶ

139 2270 334 2331 μανιώδη
355 2272 540 2318 διάθεσιν
564 2270 779 2320 ἐνέπιπτε.
810 2270 1074 2336 Συναγαγὼν
1101 2271 1184 2336 γὰρ
1211 2272 1307 2326 τοὺς
1326 2291 1426 2319 συν-

139 2343 309 2405 ωμότας
345 2346 402 2397 εἷς
424 2343 500 2400 τὴν
532 2344 642 2390 ἰδίαν
673 2343 828 2401 οἰκίαν,
859 2343 933 2390 καὶ
965 2343 1075 2406 μετὰ
1106 2348 1180 2391 τοῦ
1217 2343 1427 2392 Φλάκκου

139 2415 415 2480 συνεδρεύσας
438 2415 575 2481 ἔκρινε
602 2419 688 2470 τοῖς
719 2415 863 2468 ὅπλοις
894 2417 980 2463 δεῖν
1005 2424 1176 2481 κρατεῖν
1199 2419 1284 2463 τῶν
1311 2420 1426 2464 ἀντι·

80 2535 83 2537 .
138 2487 409 2553 πραττόντων
451 2487 525 2535 καὶ
563 2487 639 2543 τὰς
679 2495 825 2552 χεῖρας
855 2489 942 2542 τοῖς
977 2507 1022 2534 τε
1058 2488 1238 2552 ἄρχουσι
1263 2488 1336 2536 καὶ
1372 2494 1424 2554 τῇ

135 2561 363 2625 συγκλήτῳ
384 2560 652 2626 προσφέρειν.
721 2559 799 2608 Διὸ
817 2560 1163 2624 παρεκελεύσατο
1185 2568 1315 2608 πᾶσιν
1342 2562 1425 2609 ὑπὸ

134 2639 229 2687 ταῖς
251 2628 476 2690 τηὸένναις
506 2633 555 2697 (ι)
578 2634 716 2700 φέρειν
744 2631 866 2698 ξίφη,
899 2633 972 2680 καὶ
1012 2635 1425 2689 συνακολουθοῦντας

133 2706 251 2771 αὐτῷ
269 2705 340 2752 τὸν
363 2710 458 2753 νοῦν
483 2706 708 2770 προσέχειν
733 2713 818 2759 τοῖς
836 2705 1272 2771 παραγγελλομένοις.
1297 2705 1422 2755 Ὀπι-

135 2777 232 2839 μίου
259 2777 302 2825 δὲ
339 2778 645 2843 βουλευομένου
675 2781 717 2826 ἓν
742 2781 803 2843 τῷ
840 2777 1106 2842 Καπιτωλίῳ
1145 2778 1194 2841 (2)
1229 2778 1326 2842 περὶ
1350 2785 1422 2827 τοῦ

133 2850 429 2916 συμφέροντος,
451 2849 651 2917 ὥρμησεν
669 2853 804 2898 ἐκεῖσε
829 2849 939 2914 μετᾶ
961 2854 1044 2897 τῶν
1070 2853 1309 2914 καχεκτῶν.
1336 2854 1419 2900 Εὗ-

134 2921 216 2988 ρὼν
238 2922 282 2970 δὲ
305 2922 375 2970 τὸν
400 2922 488 2970 νεὼΙ
505 2922 930 2989 προκατειλημμένον
952 2922 1026 2970 καὶ
1053 2924 1211 2980 πλῆθος
1231 2926 1316 2973 ,τῶν
1334 2923 1422 2990 ἀρί·

123 3003 241 3042 ’στων
258 2996 532 3060 ἠθροισμένον
547 3034 560 3057 ,
582 2997 865 3060 ἀπεχώρησεν
891 2998 947 3050 εἷς
972 2995 1048 3055 τὴν
1071 2996 1208 3043 ὀπίσω
1231 2999 1306 3043 τοῦ
1338 2996 1419 3043 νεὼ

129 3066 256 3115 στοὰν
277 3070 502 3130 ἀδημονῶν
523 3069 595 3116 καὶ
615 3068 1016 3131 ποινηλατούμενος.
1080 3068 1210 3117 Οὕτω
1232 3069 1268 3115 δ’
1289 3071 1418 3117 αὐτοῦ

128 3141 516 3205 παροιστρηκότος,
544 3141 722 3196 Κόϊντός
752 3142 802 3204 (3)
837 3161 898 3195 τις
923 3140 1148 3198 συνήθειαν
1175 3141 1287 3206 ἔχων
1313 3141 1419 3205 πρὸς

131 3213 281 3270 αὐτὸν,
317 3213 555 3277 προσέπεσε
579 3221 665 3268 τοῖς
695 3214 868 3278 γόνασιν
894 3215 1024 3260 αὐτοῦ
1059 3213 1254 3275 δεόμενος
1284 3213 1416 3276 μηδὲν

130 3284 298 3348 βίαιονὶ)
321 3285 553 3343 ἀνήκεστον
573 3286 732 3351 πρᾶξαι
756 3284 869 3334 κατὰ
890 3289 965 3344 τῆς
997 3286 1213 3350 πατρίδος.
1286 3286 1340 3335 Ὁ
1373 3286 1415 3333 δὲ

127 3361 383 3420 τυραννικῶς
407 3358 491 3417 ἤδη
524 3358 745 3422 διεξάγων,
780 3358 907 3406 αὐτὸν
941 3357 1017 3421 μὲν
1053 3358 1244 3423 προέωσε
1273 3362 1414 3423 πρηνῆ

128 3423 198 3470 ἐπὶ
227 3422 304 3480 τὴν
323 3427 423 3488 γ’ἧν,
459 3426 544 3478 τοῖς
569 3425 610 3472 δὲ
644 3427 920 3472 ἀκολουθοῦσι
945 3423 1178 3489 προσέταξε
1206 3425 1413 3489 διαχειρί-

126 3498 280 3543 σασθαι
315 3495 397 3548 καὶ,
423 3496 582 3555 ταύτην
620 3497 757 3561 ἀρχὴν
787 3496 1052 3553 ποιήσασθαι
1082 3500 1157 3554 τῆς
1187 3496 1298 3543 κατὰ
1330 3500 1413 3543 τῶν

127 3567 455 3628 ἐναντιουμένων
478 3568 701 3634 τιμωρίας.
771 3569 825 3618 Ὁ
861 3567 905 3616 δὲ
930 3568 1090 3622 ὕπατος
1121 3568 1414 3632 καταπλαγεὶς

125 3637 194 3684 τόν
214 3657 259 3685 τε
279 3639 403 3704 φόνον
425 3639 614 3698 ἐδήλωσε
636 3645 689 3706 τῇ
711 3641 940 3706 συγκλήτῳ
962 3642 1035 3688 καὶ
1055 3640 1131 3698 τὴν
1157 3641 1252 3688 κατ’
1273 3643 1412 3687 αὐτῶν

85 3746 89 3750 .
122 3708 321 3760 ἐπίθεσιν.
344 3711 482 3770 Ζήτε
499 3731 511 3758 ι
535 3714 589 3760 ἐν
611 3717 682 3777 τῷ
700 3713 822 3777 περὶ
847 3713 1096 3775 συμόολῆ
1112 3734 1130 3768 ς
1146 3714 1407 3775 πολέμων.

2707 315 2802 350 XXI

1515 406 1727 456 spirarunt.
1787 408 1907 457 Igitur
1928 412 2082 448 Eunum
2105 411 2210 449 baud
2227 415 2361 461 procul
2380 414 2469 454 inde
2485 415 2690 465 degentem
2709 426 2801 455 oon-

1515 492 1679 531 veniunt
1697 492 1942 532 sciscitantes
1958 505 2053 532 num
2070 495 2178 544 quod
2201 496 2371 535 consiliis
2388 498 2466 546 jam
2488 500 2634 549 agitent
2652 501 2705 540 dii
2719 513 2802 552 per·

1515 576 1688 618 mittant.
1721 581 1758 618 Is
1774 580 1983 629 postquam
2002 580 2210 620 audiverat
2225 582 2369 630 quibus
2391 583 2439 622 de
2457 585 2573 624 rebus
2589 588 2803 636 venissent,

1514 673 1605 700 cum
1633 662 1845 700 verborum
1873 663 2077 712 praestigiis
2118 664 2158 702 et
2200 664 2331 702 surore
2362 664 2605 713 lymphatico
2646 679 2803 717 respon·

1514 748 1579 786 det
1597 748 1825 797 permittere
1856 748 1950 788 deos
1984 748 2265 797 defectionem,
2302 749 2333 787 si
2356 750 2463 788 nulla
2485 761 2594 789 mora
2634 753 2806 803 interpo-

1512 832 1586 870 sita
1605 834 1738 871 statim
1759 833 1813 872 rei
1830 829 2092 882 exsequendae
2123 845 2284 872 manum
2305 835 2542 875 admoveant
2561 852 2570 875 :
2592 847 2613 874 a
2631 839 2718 877 satis
2735 850 2805 889 pa·

1512 916 1628 956 triam
1644 917 1734 967 ipsis
1750 928 1832 957 esse
1848 918 2084 956 destinatam
2107 921 2260 956 Ennam
2274 949 2284 966 ‚
2303 919 2426 958 totius
2439 920 2805 971 insulae-acropolin.

1511 1002 1665 1050 Quibus
1694 1001 1837 1041 auditis
1851 1032 1862 1052 ,
1905 1002 2176 1042 existimantes
2213 1003 2341 1053 ipsum
2377 1015 2523 1044 numen
2559 1006 2697 1055 coeptis
2729 1007 2809 1046 suis

1510 1086 1821 1136 opitulaturum,
1852 1088 1963 1126 tanto
1994 1087 2216 1126 animorum
2240 1087 2380 1127 ardore
2401 1099 2482 1127 rem
2507 1089 2671 1138 aggressi
2692 1092 2806 1138 sunt,

1511 1173 1554 1210 ut
1565 1171 1855 1222 promptissime
1864 1183 1955 1222 quae
1968 1173 2224 1213 decreverant
2240 1177 2565 1223 exsequerentur.
2585 1176 2807 1215 Confestim

1510 1256 1627 1306 igitur
1647 1256 1801 1295 vinctos
1820 1256 2097 1306 exsolverunt,
2120 1259 2160 1297 et
2180 1269 2231 1297 ex
2248 1257 2407 1308 reliquis
2423 1269 2490 1298 eos
2505 1259 2573 1308 qui
2591 1259 2630 1298 in
2647 1260 2809 1310 propin-

1509 1352 1589 1391 quo
1624 1341 1818 1391 degebant
1849 1343 2093 1382 assumentes
2124 1343 2230 1382 circa
2262 1342 2571 1392 quadringentos
2602 1346 2641 1383 in
2672 1356 2809 1395 agrum

1508 1426 1707 1476 quendam
1725 1438 1847 1477 prope
1863 1429 2014 1466 Ennam
2029 1427 2150 1466 situm
2160 1429 2459 1477 congregarunt.
2476 1427 2614 1478 Ibique
2630 1428 2679 1468 de
2693 1430 2809 1470 rebus

1507 1510 1668 1560 agendis
1683 1510 1946 1550 deliberantes
1958 1542 1968 1560 ,
1983 1513 2247 1560 mutuamque
2262 1510 2335 1550 sibi
2349 1510 2468 1550 tidem
2484 1515 2731 1552 sacramento
2744 1525 2809 1552 su-

1508 1607 1577 1646 per
1610 1595 1747 1635 hostiis
1775 1595 1882 1635 edito
1909 1596 2030 1634 noctu
2063 1594 2326 1646 spondentes,
2358 1596 2565 1634 armarunt
2604 1606 2646 1635 se
2675 1597 2806 1646 prouti

1507 1675 1675 1725 quisque
1693 1676 1791 1714 tunc
1811 1674 1989 1724 poterat;
2016 1684 2153 1712 omnes
2173 1674 2304 1712 autem
2327 1684 2530 1712 armorum
2560 1675 2807 1724 praestantis-

1506 1755 1630 1803 simo,
1652 1754 1773 1793 animi
1805 1753 1992 1803 audacia,
2021 1754 2073 1793 ad
2091 1753 2242 1792 caedem
2273 1753 2529 1793 dominorum
2551 1754 2804 1793 insolentium

1508 1836 1621 1874 erant
1642 1834 1840 1874 instructi.
1898 1838 2033 1874 Eunus
2051 1834 2098 1873 iis
2127 1834 2212 1873 dux
2227 1835 2325 1881 erat,
2348 1835 2397 1873 Et
2419 1834 2590 1873 invicem
2603 1844 2645 1872 se
2664 1834 2806 1872 exhor-

1505 1915 1637 1954 tantes
1650 1915 1754 1954 circa
1770 1912 1941 1952 mediam
1959 1913 2116 1952 noctem
2130 1912 2169 1951 in
2189 1912 2329 1952 urbem
2347 1913 2587 1964 irrumpunt,
2609 1914 2809 1955 dominos-

1505 2005 1582 2044 que
1597 1992 1799 2032 occidunt.

1555 2069 1720 2106 XXVII.
1736 2066 1932 2120 Quoniam
1946 2065 2095 2105 multos
2107 2064 2234 2104 socios
2247 2065 2432 2116 babebat,
2449 2067 2592 2105 restitit
2609 2069 2657 2107 C.
2677 2069 2802 2107 Grac-

1505 2147 1626 2196 chus3
1651 2147 1691 2184 et
1712 2146 1752 2184 in
1776 2145 1881 2184 diem
1902 2144 2025 2195 magis
2044 2144 2251 2194 depressus
2277 2145 2317 2183 et
2339 2154 2407 2194 spe
2430 2153 2503 2183 sua
2530 2144 2740 2184 frustratus
2759 2146 2801 2184 in

1506 2227 1676 2266 furorem
1694 2227 1734 2265 et
1748 2227 1859 2275 quasi
1880 2225 2031 2264 rabiem
2047 2225 2249 2275 quandam
2279 2224 2430 2264 incidit.
2451 2227 2551 2265 Nam
2572 2225 2798 2275 conjuratos

1503 2306 1543 2345 in
1563 2306 1728 2345 domum
1748 2316 1862 2345 suam
1878 2305 2135 2354 convocavit,
2157 2305 2198 2344 et
2225 2315 2316 2343 cum
2348 2305 2491 2345 Flacco
2514 2305 2798 2345 deliberatione

1504 2384 1651 2434 habita,
1676 2384 1796 2423 armis
1813 2383 2058 2423 adversarios
2078 2382 2292 2425 vincendos
2322 2394 2405 2422 esse
2427 2394 2474 2422 ac
2502 2384 2584 2422 vim
2604 2395 2798 2424 manuum

1504 2463 1732 2504 consulibus
1763 2465 1802 2503 et
1821 2463 1975 2503 senatui
1995 2462 2284 2502 admovendam
2306 2463 2496 2502 decrevit.
2528 2463 2653 2502 Jussit
2680 2463 2800 2513 igitur

1502 2547 1548 2584 ut
1566 2554 1704 2583 omnes
1733 2543 1806 2583 sub
1825 2545 1915 2593 toga
1937 2543 2085 2593 gladios
2107 2543 2302 2593 gestantes
2319 2543 2528 2592 ipsumque
2541 2542 2796 2592 comitantes,

1502 2621 1551 2660 ad
1565 2621 1753 2661 mandata
1768 2623 1897 2661 essent
1916 2621 2071 2661 intenti.
2127 2622 2179 2660 Et
2198 2632 2279 2670 quo
2294 2622 2473 2671 tempore
2490 2621 2670 2671 Opimius
2688 2621 2738 2660 de
2753 2621 2800 2660 iis

1501 2713 1592 2752 quae
1607 2713 1629 2741 e
1641 2703 1842 2753 republica
1863 2703 1991 2741 torent
2006 2702 2046 2741 in
2063 2701 2260 2752 Capitolio
2273 2700 2532 2751 deliberabat,
2554 2701 2733 2741 ascendit
2746 2714 2793 2742 eo

1501 2781 1707 2821 Gracchus
1737 2783 1895 2821 caterva
1922 2781 2089 2831 stipatus
2130 2780 2454 2831 conjuratorum3
2494 2781 2562 2820 sed
2599 2782 2793 2832 templum

1499 2863 1824 2912 praeoccupatum
1846 2862 1885 2901 et
1904 2861 2157 2911 optimatium
2181 2862 2399 2911 permultos
2422 2872 2468 2900 eo
2486 2862 2716 2901 convenisse
2733 2863 2794 2900 vi-

1498 2940 1595 2980 dens
1610 2971 1622 2990 ‚
1639 2941 1678 2979 in
1697 2927 1892 2990 porticum
1906 2967 1917 2986 ,
1947 2949 2038 2989 quae
2063 2949 2164 2988 pone
2185 2940 2379 2989 templum
2397 2942 2478 2989 est,
2495 2940 2683 2979 abscessit
2699 2951 2789 2979 con·

1496 3020 1659 3060 scientia
1667 3020 1749 3059 ausi
1760 3019 2226 3070 perturbatuspoenisque
2235 3019 2470 3069 exagitatus.
2486 3023 2591 3059 Dum
2610 3020 2665 3059 sic
2681 3022 2791 3070 quasi

1495 3100 1615 3139 oestro
1624 3099 1798 3139 immisso
1808 3099 2043 3147 concitatur,
2052 3099 2223 3145 Quintus
2233 3100 2315 3138 Ant
2319 3099 2364 3148 μί
2368 3099 2449 3143 lus,
2461 3110 2539 3149 quo
2550 3099 2794 3138 familiariter

1494 3179 1553 3219 uti
1569 3163 1734 3230 solebat,
1752 3179 1801 3218 ad
1814 3190 1940 3230 genua
1956 3179 2040 3229 ejus
2056 3179 2290 3228 provolutus
2311 3180 2508 3228 precatur,
2527 3190 2577 3218 ne
2592 3180 2687 3229 quid
2704 3181 2790 3219 vio-

1494 3259 1589 3298 lenti
1605 3260 1644 3298 et
1658 3259 1957 3298 immedicabilis
1972 3259 2012 3297 in
2029 3258 2199 3308 patriam
2211 3258 2307 3297 velit
2324 3258 2587 3298 committere.
2604 3259 2674 3298 llle
2694 3270 2790 3298 vero

1491 3339 1696 3389 tyrannice
1701 3339 1783 3389 jam
1794 3350 1834 3378 se
1842 3349 1993 3388 gerens,
2004 3349 2173 3388 pronum
2183 3338 2222 3377 in
2233 3338 2400 3377 humum
2414 3338 2612 3388 protrudit
2622 3340 2659 3378 et
2668 3343 2791 3378 comi-

1491 3419 1668 3458 tantibus
1698 3410 1886 3468 imperat,
1911 3419 1957 3457 ut
1976 3418 2176 3457 trucident
2197 3418 2400 3457 hominem
2419 3420 2459 3457 et
2487 3418 2563 3457 hoc
2582 3429 2788 3468 poenarum

1490 3497 1541 3535 ab
1563 3495 1797 3536 adversariis
1812 3495 2096 3551 sumendarum
2116 3496 2260 3534 saciant
2285 3495 2460 3534 initium.
2531 3496 2676 3535 Consul
2695 3507 2787 3535 vero

1489 3569 1720 3620 perterritus
1729 3568 1879 3608 caedem
1895 3568 1998 3607 hanc
2010 3569 2130 3618 atque
2146 3568 2304 3606 insidias
2311 3579 2402 3618 quae
2414 3567 2506 3617 ipsis
2522 3569 2781 3614 struerentur,

1488 3641 1639 3682 senatui
1660 3641 1915 3680 renuntiavit.
1940 3643 2089 3687 Quaere
2105 3642 2150 3679 in
2167 3642 2394 3691 Excerpci's
2418 3644 2478 3681 De
2496 3643 2784 3680 commissione

1491 3718 1712 3758 bellorum.

123 3849 174 3895 εἰς
191 3851 259 3897 τὴν
284 3851 418 3890 Ἔνναν
437 3854 505 3898 τὴν
532 3852 639 3892 πόλιν
667 3853 948 3901 εἰσπίπτουσιν,
973 3853 1238 3903 ἀφηγουμένου
1258 3854 1385 3892 αὐτῶν
1405 3853 1470 3891 καὶ
1489 3856 1558 3891 τοῦ
1576 3852 1692 3902 πυρὸς
1712 3852 1779 3896 τὰς
1803 3852 1942 3899 φλόγας
1963 3853 2259 3902 τερατευομένου
2279 3851 2423 3894 τούτοις
2443 3855 2510 3889 τοῦ
2531 3852 2666 3889 Εὔνου.
2688 3851 2778 3894 Ταῖς

123 3907 310 3958 δ’ὴοίκίαις
326 3908 599 3955 ἐπεισελθόντες
615 3912 792 3949 πλεῖστον
805 3910 918 3960 φόνον
938 3910 1164 3960 εἰργάσαντο
1176 3939 1187 3958 ,
1207 3911 1293 3960 μηδ’
1307 3910 1432 3948 αὐτῶν
1449 3914 1526 3948 τῶν
1542 3909 1767 3960 ὑπομαζίων
1784 3910 2011 3959 φειδόμενοι.
2034 3934 2081 3940 -
2108 3914 2139 3948 1.
2162 3910 2326 3948 δοῦλοι
2341 3908 2356 3959 ]
2371 3910 2505 3947 δούλου
2525 3908 2663 3946 codex.
2685 3911 2776 3946 Mox

124 3965 299 4014 supplevi
318 3966 508 4016 ἀκούσας;
525 3970 662 4007 contra
682 3969 749 4017 μὲν
770 3968 1003 4017 particulam
1023 3968 1136 4006 uncis
1155 3968 1309 4006 inclusi.
1326 3989 1378 3996 ·—
1402 3974 1439 4006 2.
1461 3981 1583 4018 πεπρ
1597 3967 1760 4015 ωμένη
1775 3966 1818 4016 ς]
1838 3969 2061 4018 πειρομένης
2078 3967 2231 4006 cod.—-
2250 3971 2288 4007 3.
2315 3964 2674 4015 διατρίὸοντας]
2695 3965 2775 4004 δια-

122 4022 326 4073 τρίὸωντας
342 4024 430 4063 cod.
454 4048 504 4056 -
519 4028 557 4064 4.
575 4025 600 4063 ἀ
612 4023 942 4075 νελάμὸανον]
967 4019 1222 4074 ἀνελάμὸανεν
1240 4024 1326 4063 cod.
1342 4039 1352 4071 ;
1373 4036 1467 4063 mox
1489 4025 1725 4076 ὑπεριφάνων
1745 4026 1833 4064 cod.

175 4082 335 4120 xxvn.
365 4082 460 4121 Fol.
483 4087 552 4122 185
567 4113 578 4130 ‚
597 4086 620 4121 3
642 4107 686 4115 -
710 4088 753 4121 21
780 4093 817 4122 r.
837 4083 900 4121 Cs.
932 4083 1133 4120 Plutarch.
1154 4085 1200 4120 C.
1220 4083 1387 4121 Gracch.
1415 4089 1460 4122 13
1482 4093 1540 4132 sq.
1559 4093 1599 4131 p.
1623 4087 1722 4122 '1002
1746 4083 1808 4122 ed.
1825 4081 1981 4131 Didot.,
2005 4082 2071 4121 ubi
2087 4083 2220 4121 tamen
2249 4082 2362 4120 aliter
2382 4091 2442 4118 res
2472 4079 2702 4128 exponitur,
2733 4081 2772 4119 et

121 4139 281 4178 omnino
296 4139 394 4178 alius
408 4141 467 4180 est
489 4142 599 4191 quasi
621 4142 729 4181 color
751 4143 791 4180 et
807 4140 1007 4190 ingenium
1023 4142 1268 4179 narrationis.
1297 4141 1354 4179 Ad
1375 4140 1588 4179 Diodorum
1607 4139 1786 4189 proxime
1802 4140 1952 4178 accedit
1971 4140 2170 4189 Appianus
2190 4140 2285 4178 Beli.
2306 4139 2390 4177 civ.
2409 4141 2446 4184 1,
2467 4140 2512 4175 24
2527 4167 2536 4184 ,
2557 4137 2660 4174 unde
2683 4137 2770 4175 Dio-

121 4193 240 4234 dorea
252 4196 288 4233 in
306 4196 505 4236 nonnullis
519 4199 698 4248 supplere
716 4198 807 4238 licet
826 4215 834 4237 z
853 4200 898 4237 Ὀ
912 4199 951 4237 δὲ
969 4199 1138 4250 Γράκχος
1155 4195 1219 4237 καὶ
1234 4201 1254 4237 ὁ
1267 4199 1454 4243 ‹bom-enoc
1471 4199 1551 4236 ἐπεὶ
1569 4199 1633 4236 καὶ
1651 4199 1760 4236 τοῦδε
1774 4198 1984 4243 ἐξέπιπτον,
2002 4198 2210 4247 μεμηνόσιν
2228 4195 2390 4238 ἐοικότες
2408 4195 2586 4242 ἐψεῦσθαι
2599 4195 2665 4240 τὴν
2684 4197 2768 4245 βου-

121 4253 188 4297 λὴν
204 4253 367 4303 ἔφασκον
382 4255 463 4301 κτλ.
482 4277 533 4284 —
548 4258 828 4308 Fragmentum
846 4255 1095 4297 inserendum
1112 4259 1204 4296 ante
1220 4259 1401 4306 xxxiv,
1421 4256 1500 4305 29(
1519 4260 1582 4295 121
1604 4266 1639 4293 a.
1662 4258 1704 4295 C.
1722 4256 1751 4305 ).
1773 4279 1823 4289 -
1845 4260 1875 4294 1.
1896 4269 1948 4302 τη
1961 4257 2100 4294 &ev-zo<
2113 4270 2127 4298 ς
2146 4254 2156 4303 l
2175 4255 2245 4291 τιὸ.
2265 4253 2350 4292 cod.
2370 4274 2420 4279 -
2436 4258 2469 4290 2.
2491 4253 2530 4290 ἐν
2548 4257 2602 4301 τῷ
2621 4256 2736 4294 Καπ.
2750 4254 2769 4306 J

123 4311 174 4354 εἰς
193 4311 235 4350 τὸ
252 4311 480 4351 καπιτώλιον
498 4313 583 4363 cod.
