3008 4542
35 1164 74 1199 «ῗ-
140 1162 314 1210 πλίνθου
321 1202 332 1212 .

139 1235 339 1287 πυλῶνας
370 1233 593 1295 κοσμήσας
613 1236 878 1299 ἱεροπρεπῶς
904 1233 1309 1297 προσκατεσκεύασε
1343 1240 1430 1282 τοῖς

40 1294 81 1355 ‘³²²2
140 1307 362 1371 πατρικοῖς
385 1305 614 1370 βασιλείοις
653 1304 778 1371 ἕτερα
807 1306 1006 1370 βασίλεια
1035 1307 1221 1371 ἐχόμενα
1263 1306 1427 1352 αὐτῶν·

1228 271 1645 319 FRAGMENTA.

141 381 240 438 τῶν,
271 378 495 443 κυριεύσας
518 375 752 441 ὁλοκλήρου
783 379 858 433 τῆς
883 380 1095 440 πατρικῆς
1131 379 1298 440 ἀρχῆς,
1330 383 1417 429 τοῖς

70 446 76 498 'J
141 450 219 514 μὲν
241 449 532 514 αἰχμαλώτοις
565 446 925 511 παραγενομένοις
959 446 1181 501 συνέταξεν
1222 447 1421 501 ἀποικίας

58 528 80 582 '3
140 524 184 569 ἐν
209 524 296 574 τοῖς
331 517 688 577 ἐπιτηδειοτάτοις
721 522 796 574 τ’ῆς
822 517 1103 572 Βαὸυλωνίας
1130 517 1275 572 τόποις
1307 522 1424 565 ἀπο·-

140 591 299 650 δεῖξαι,
328 590 453 644 αὐτὸς
484 590 520 637 δ’
545 589 631 636 ἀπὸ
654 593 739 636 τῶν
765 591 814 636 ἐκ
837 593 910 635 τοῦ
933 588 1124 650 πολέμου
1148 588 1348 653 λαφύρων
1375 589 1424 636 τό

66 702 82 721 u
138 682 184 710 τε
208 667 280 726 τοῦ
299 662 444 719 Βήλου
472 660 680 726 ἱερὸνκαὶ
699 661 752 707 τὰ
775 659 905 707 λοιπὰ
924 661 1149 718 κοσμήσας
1169 660 1423 725 φιλοτίμως,

139 729 220 791 τήν
255 751 300 780 τε
325 732 602 798 ὑπάρχουσαν
636 731 688 787 ’ἐξ
719 733 857 797 ἀρχῆς
890 732 1014 779 πόλιν
1049 731 1328 786 ἀνακαινίσας
1351 732 1424 779 καὶ

71 810 74 811 ⁷
139 805 287 870 ἑτέραν
310 803 713 869 καταχαρισάμενος
738 803 843 868 πρὸς
856 803 904 850 τὸ
928 803 1083 865 μηκέτι
1101 802 1308 850 δύνασθαι
1330 802 1426 856 τοὺς

68 918 77 926 ,γ
139 879 473 942 πολιορκοῦντας
511 875 584 922 τὸν
622 875 817 938 ποταμὸν
854 874 1195 940 ἀναστρέφοντας
1240 874 1310 922 ἐπὶ
1349 874 1425 931 τὴν

140 949 262 995 πόλιν
284 946 636 1005 κατασκευάζειν,
657 945 946 1011 ὑπερεὸάλετο
970 948 1081 1012 τρεῖς
1105 946 1182 1008 μὲν
1207 949 1282 1004 τ’ἧς
1310 944 1426 992 ἔνδον

139 1019 302 1072 πόλεως
320 1017 594 1082 περιὸόλους,
619 1024 730 1083 τρεῖς
743 1017 787 1064 δὲ
807 1021 881 1076 τῆς
902 1017 1004 1076 ἔξω,
1029 1023 1153 1066 τοῦτο
1168 1017 1211 1064 δὲ
1234 1015 1332 1071 τοὺς
1351 1015 1427 1078 μὲν

141 1090 183 1146 ἐξ
201 1093 334 1147 ὀπτῆς
352 1089 526 1137 πλίνθου
549 1089 623 1136 καὶ
653 1089 897 1156 ἀσφάλτου,
920 1089 1016 1144 τοὺς
1050 1090 1094 1137 δὲ
1126 1089 1169 1144 ἐξ
1195 1092 1328 1148 αὐτῆς
1352 1092 1427 1146 τ’ῆς

406 1161 494 1210 Καὶ
511 1161 702 1226 τειχίσας
736 1161 962 1226 ἀξιολόγως
981 1161 1057 1220 τὴν
1079 1161 1202 1209 πόλιν
1220 1161 1294 1208 καὶ
1335 1159 1431 1214 τοὺς

148 1370 176 1402 ’ξ’

138 1397 202 1426 ων
223 1377 272 1425 τὸ
299 1377 376 1441 μὲν
399 1377 630 1440 ἀνάστημα
654 1378 729 1426 καὶ
762 1377 840 1437 τὴν
869 1378 1021 1437 λοιπὴν
1045 1379 1322 1425 πολυτέλειαν
1348 1395 1431 1423 πε-

145 1450 287 1515 ρισσὸν
306 1449 410 1504 ἴσως
433 1450 484 1498 ἂν
503 1450 567 1507 εἴη
591 1450 749 1513 λέγειν,
773 1449 885 1508 πλὴν
906 1453 963 1505 ὡς
1001 1450 1105 1498 ὄντα
1146 1449 1319 1513 μεγάλα
1357 1448 1431 1495 καὶ

145 1522 402 1588 ὑπερήφανα
443 1522 720 1581 συνετελέσθη
741 1522 923 1588 ἡμέραις
956 1521 1282 1571 πεντεκαίδεκα.
1353 1520 1431 1569 Ἔν

144 1592 189 1641 δὲ
211 1595 297 1648 τοῖς
316 1595 544 1657 βασιλείοις
566 1595 730 1648 τούτοις
759 1594 1054 1657 ἀναλήμματα
1087 1594 1226 1642 λίθινα
1258 1596 1432 1640 ἀνοικο-

145 1664 339 1727 δομήσας
365 1666 438 1713 καὶ
459 1665 538 1722 τὴν
579 1664 677 1731 ὄψιν
707 1665 889 1719 ἀποδοὺς
910 1666 1165 1727 ὁμοιοτάτην
1204 1671 1289 1718 τοῖς
1314 1665 1430 1729 ὄρεσι

144 1737 468 1802 καταφυτεύσας
518 1736 707 1802 δένδρεσι
770 1739 1081 1797 παντοδαποῖς,
1132 1737 1432 1801 ἐξειργάσατο,

143 1809 218 1857 καὶ
260 1809 549 1857 κατεσκεύασε
589 1810 661 1857 τὸν
698 1810 962 1873 καλούμενον
1007 1811 1251 1874 κρεμαστὸν
1285 1810 1434 1874 παρά-

146 1881 303 1942 δεισον,
332 1879 402 1927 διὰ
428 1881 476 1928 τὸ
492 1880 568 1939 τὴν
591 1888 773 1944 γυναῖκα
796 1884 924 1930 αὐτοῦ
950 1883 1168 1945 ἐπιθυμεῖν
1189 1886 1263 1940 τῆς
1280 1881 1436 1935 οἰκείας

145 1951 410 2012 διαθέσεως,
443 1956 499 2008 ὣς
537 1953 836 2019 τεθραμμένην
874 1956 917 2002 ἐν
964 1958 1051 2009 τοῖς
1100 1953 1214 2002 κατὰ
1260 1953 1436 2012 Μηδίαν

149 2023 311 2078 τόποις.
342 2047 362 2066 ι»

217 2100 327 2143 Post
361 2100 459 2144 haec
489 2100 716 2159 Josephus
739 2101 791 2145 C.
816 2100 988 2160 Apion.
1016 2100 1063 2156 I,
1079 2115 1140 2144 20
1163 2101 1317 2160 pergit
1338 2100 1431 2145 ita:

210 2171 364 2217 Ταῦτα
395 2167 472 2231 μὲν
503 2162 625 2224 οὗτος
647 2169 849 2232 ἱστόρησε
882 2170 984 2234 περὶ
1021 2175 1094 2217 τοῦ
1118 2169 1431 2234 προειρημένου

150 2240 380 2306 βασιλέως,
412 2240 485 2287 καὶ
523 2240 664 2288 πολλὰ
702 2241 806 2304 πρὸς
830 2240 994 2295 τούτοις
1035 2243 1078 2288 ἐν
1111 2245 1165 2306 τῇ
1204 2240 1327 2305 τρίτῃ
1367 2240 1432 2305 βί-

150 2313 241 2379 ὅλῳ
259 2315 343 2359 τῶν
365 2314 643 2375 Χαλδαϊκῶν,
669 2315 709 2360 ἐν
735 2307 763 2377 ᾗ
803 2312 1020 2379 μέμφεται
1056 2320 1144 2367 τοῖς
1168 2313 1437 2371 Ἑλληνικοῖς

149 2389 462 2449 συγγραφεῦσιν
484 2389 539 2439 ὥς
565 2385 707 2447 μάτην
732 2386 939 2446 οἰομένοις
956 2385 1039 2433 ὑπὸ
1062 2386 1346 2448 Σεμιράμεως
1364 2389 1438 2442 τ’ῆς

82 2515 83 2518 ¹
146 2456 374 2522 Ἀσσυρίας
397 2461 622 2514 κτισθῆναι
649 2456 727 2515 τὴν
752 2457 1018 2516 Βαὸυλῶνα,
1038 2457 1113 2505 καὶ
1135 2457 1188 2504 τὰ
1220 2455 1438 2519 θαυμάσια

148 2595 279 2645 gravis
297 2596 510 2634 armaturae
530 2596 725 2636 militibus
749 2598 789 2635 et
813 2596 1106 2647 impedimentis
1125 2597 1165 2636 in
1185 2596 1441 2647 Babyloniam

148 2657 424 2708 deportarent,
455 2659 539 2708 ipse
568 2669 658 2698 cum
687 2660 823 2709 paucis
850 2660 989 2699 itinere
1018 2671 1087 2710 per
1113 2660 1312 2700 desertum
1337 2660 1440 2698 sacto

149 2721 390 2772 Babylonem
406 2733 447 2761 se
463 2722 701 2761 conferebat.
747 2723 901 2763 Potitus
917 2725 1050 2763 autem
1067 2735 1197 2778 rerum
1217 2734 1313 2774 quas
1330 2723 1441 2762 Chal-

150 2784 228 2824 daei
259 2783 654 2834 administraverant,
679 2787 866 2836 regnique
896 2787 968 2826 sibi
995 2787 1045 2825 ab
1072 2798 1210 2826 eorum
1237 2786 1441 2836 potissimo

150 2848 362 2896 asservati,
392 2849 524 2888 totum
561 2849 683 2898 patris
715 2849 823 2899 quod
853 2851 980 2890 fuerat
1010 2851 1221 2900 imperium
1248 2850 1440 2899 adeptus,

152 2910 318 2961 captivis
342 2911 504 2961 quidem
519 2941 530 2961 ,
553 2912 622 2951 ubi
643 2923 688 2951 eo
708 2915 900 2952 venerant
914 2944 924 2962 ,
955 2914 1127 2953 colonias
1148 2914 1191 2952 in
1215 2913 1442 2963 Babyloniae

55 2960 63 2974 ⁶
84 2993 89 3003 ff
153 2975 249 3015 locis
264 2975 438 3014 maxime
457 2976 690 3026 opportunis
716 2977 905 3026 assignari
918 2978 1055 3027 jussit,
1084 2978 1167 3028 ipse
1192 2989 1287 3018 vero
1303 3008 1314 3027 ‚
1333 2980 1443 3028 post·

153 3049 274 3088 quam
289 3038 340 3078 de
356 3038 451 3078 belli
476 3040 677 3079 manubiis
702 3041 785 3080 Beli
801 3042 994 3091 templum
1022 3042 1178 3091 aliaque
1194 3041 1352 3092 largiter
1378 3053 1444 3081 or-

154 3103 337 3152 naverat,
353 3101 572 3152 urbemque
592 3103 773 3152 quaejam
789 3105 875 3144 erat
894 3105 1185 3144 instauraverat
1202 3116 1306 3144 nova
1323 3106 1442 3145 etiam

33 3168 37 3183 ι

155 3166 279 3205 altera
306 3165 467 3216 addita,
496 3178 546 3206 ne
568 3170 727 3216 possent
754 3169 916 3218 posthac
935 3170 1001 3218 qui
1021 3169 1071 3208 ad
1098 3170 1238 3209 urbem
1264 3171 1446 3210 venirent

26 3279 29 3286 ι
90 3232 97 3239 ’
155 3229 411 3268 obsidendam
441 3230 584 3269 abacto
600 3230 776 3272 -ssumine
799 3243 884 3271 eam
914 3233 1092 3282 aggredi,
1121 3235 1256 3273 ternos
1283 3234 1445 3284 quidem

60 3415 93 3484 ἶ,-
158 3422 299 3471 partim
329 3432 423 3461 vero
443 3432 466 3460 e
491 3422 616 3462 latere
642 3423 739 3463 solo.

156 3287 332 3331 interiori
347 3292 450 3341 urbi,
470 3293 682 3343 ternosque
697 3295 842 3344 pariter
857 3296 1040 3335 exteriori
1055 3306 1260 3335 murorum
1276 3298 1447 3338 ambitus

157 3356 440 3405 circumdedit,
469 3358 615 3406 partim
635 3358 796 3408 quidem
816 3370 868 3399 ex
888 3361 1002 3399 cocto
1030 3360 1154 3400 latere
1169 3362 1209 3400 et
1229 3361 1446 3412 bitumine,

795 3427 1010 3474 Quumque
1030 3425 1167 3464 urbem
1194 3425 1294 3465 bene
1313 3426 1446 3464 muni-

159 3484 279 3524 visset
305 3486 345 3524 et
366 3486 501 3535 portas
522 3485 728 3535 magnifice
748 3486 977 3527 adornasset
992 3516 1003 3535 ‚
1022 3488 1198 3538 paternae
1225 3488 1341 3537 regiae
1357 3499 1448 3528 con-

159 3550 308 3598 tiguam
339 3550 457 3588 anam
488 3551 685 3590 exstruxit
719 3567 728 3590 ε
761 3551 874 3602 cujus
899 3552 949 3591 de
978 3552 1187 3591 altitudine
1212 3552 1448 3603 reliquoque

161 3612 370 3662 splendore
385 3613 516 3653 dicere
531 3613 628 3652 mihi
640 3615 771 3654 forsan
782 3626 1115 3665 supervacaneum
1134 3617 1246 3655 esset.
1298 3619 1448 3655 verum

161 3675 292 3726 ampla
318 3677 500 3726 quamvis
527 3678 644 3717 fuerit
659 3678 699 3717 et
712 3679 903 3730 superba,
921 3679 1060 3719 diebus
1073 3681 1207 3718 tamen
1221 3679 1448 3728 quindecim

162 3739 341 3778 confecta
355 3741 415 3779 est
449 3741 488 3779 et
512 3741 706 3781 absoluta.
759 3746 806 3782 Jn
834 3743 908 3782 hac
937 3743 1041 3793 regia
1073 3754 1125 3782 ex
1144 3742 1274 3793 lapide
1303 3743 1450 3782 excita-

100 3831 101 3834 *
165 3798 222 3841 'vit
260 3809 416 3863 aggeres
431 3803 577 3853 quibus
605 3804 776 3855 speciem
808 3805 916 3845 dedit
944 3806 1146 3845 montibus
1185 3806 1448 3857 persimilem,

95 3878 98 3879 ⁷
163 3876 307 3916 easque
321 3866 376 3906 ita
397 3867 603 3908 fabricavit
620 3871 667 3909 ut
685 3881 804 3909 omne
820 3882 941 3921 genus
965 3871 1171 3910 arboribus
1187 3871 1348 3910 consitae
1368 3872 1452 3911 fue-

163 3930 256 3970 rint.
307 3931 492 3982 Fecitque
517 3933 703 3983 pensilem
733 3936 981 3986 paradisum,
1009 3938 1054 3976 ut
1081 3937 1313 3986 vocabatur,
1342 3937 1450 3987 quod

69 4030 106 4069 ..ᾗ
166 4005 268 4034 uxor
295 3994 401 4044 ejus,
431 3998 569 4046 utpote
591 3997 632 4037 in
653 3998 793 4038 Mediae
815 4000 912 4040 locis
934 4000 1124 4049 educata,
1149 4011 1196 4039 ea
1221 4000 1452 4040 desiderarit

50 4113 51 4121 γ
68 4065 109 4094 “2
166 4067 258 4108 quoe
273 4057 441 4108 patriam
456 4059 657 4100 referrent.
678 4077 698 4095 υ

171 4182 180 4189 ·
220 4121 349 4170 Atque
379 4121 466 4161 haec
491 4123 650 4172 quidem
681 4126 848 4166 Berosus
873 4126 922 4165 de
954 4137 1043 4176 rege
1077 4127 1267 4177 praedicto
1295 4127 1451 4177 retulit,

158 4193 408 4234 insuperque
423 4186 549 4225 multa
565 4186 605 4225 in
621 4187 737 4227 tertio
755 4189 1057 4229 chaldaicorum
1076 4190 1178 4229 libro
1192 4220 1203 4239 ,
1221 4191 1260 4229 in
1287 4201 1368 4240 quo
1392 4202 1452 4231 re-

2673 283 2767 322 50?

1498 376 1900 434 κατασκευασθῆναι
1921 376 2020 441 περὶ
2043 377 2174 434 αὐτὴν
2211 381 2281 424 ὑπ’
2301 378 2461 436 ἐκείνης
2485 378 2588 443 ἔργα
2620 382 2788 445 ψευδῶς

1497 447 1751 511 γεγραφόσι.
1831 447 1919 495 Καὶ
1943 447 2056 495 κατὰ
2076 453 2211 495 ταῦτα
2246 451 2322 506 τὴν
2346 451 2423 511 μὲν
2447 454 2529 497 τῶν
2551 452 2785 500 Χαλδαίων

1496 517 1664 582 γραφὴν
1695 517 1936 571 ἀξιόπιστον
1953 519 2153 581 ἡγητέον,
2179 521 2225 566 οὐ
2248 520 2332 581 μὴν
2355 521 2464 567 ἀλλὰ
2493 524 2571 568 κάν
2597 523 2681 575 τοῖς
2702 525 2777 587 ἀρ-

1497 589 1627 653 χείοις
1646 593 1730 636 τῶν
1756 589 1972 637 Φοινίκων
1999 586 2209 655 σύμφωνα
2233 599 2318 644 τοῖς
2353 592 2434 639 ὑπὸ
2455 595 2688 657 Βηρωσσοῦ
2710 596 2783 640 λε-

1498 660 1691 724 γομένοις
1711 660 2032 725 ἀναγέγραπται
2061 662 2158 726 περὶ
2183 666 2255 709 τοῦ
2274 666 2357 709 τῶν
2385 664 2675 712 Βαὸυλωνίων
2699 668 2780 728 βα-

1501 732 1671 789 σιλέως,
1699 731 1763 778 ὅτι
1792 732 1865 778 καὶ
1899 731 1976 790 τὴν
2015 735 2221 792 Φοινίκην
2259 733 2432 782 ἅπασαν
2467 738 2621 789 ἐκεῖνος
2659 755 2785 782 κατε·

1501 803 1730 867 στρέψατο.
1756 803 1867 868 Περὶ
1896 805 2053 852 τούτων
2073 810 2172 866 γοῦν
2193 813 2411 871 συμφωνεῖ
2430 807 2504 853 καὶ
2531 807 2786 871 Φιλόστρα-

1501 894 1569 928 τος
1590 877 1631 922 ἐν
1654 882 1746 929 ταῖς
1769 875 2012 940 Ἱστορίαις,
2052 876 2320 939 μεμνημένος
2343 881 2418 934 τῆς
2447 877 2589 940 Τύρου
2617 880 2786 942 πολιορ·

1502 946 1621 1003 κίας,
1655 946 1729 993 καὶ
1767 947 2045 1009 Μεγασθένης
2082 950 2124 994 ἐν
2148 951 2200 1011 τῇ
2233 946 2413 1012 τετάρτῃ
2460 952 2544 994 τῶν
2578 949 2785 1010 Ἰνδικῶν,

1503 1011 1621 1076 δι’ἧς
1658 1018 1909 1082 ἀποφαίνειν
1938 1026 2140 1083 πειρᾶται
2173 1019 2243 1066 τὸν
2269 1019 2576 1083 προειρημένον
2608 1021 2786 1082 βασιλέα

1502 1092 1587 1137 τῶν
1606 1089 1894 1137 Βαὸυλωνίων
1913 1090 1971 1139 ‘H
1980 1090 2181 1154 ρακλέους
2197 1090 2371 1156 ἀνδρεία
2395 1091 2468 1137 καὶ
2487 1091 2653 1154 μεγέθει
2675 1092 2789 1156 πρά-

1505 1161 1607 1217 ξεων
1639 1161 1950 1227 διενηνοχέναι·
1996 1161 2377 1226 καταστρέψασθαι
2414 1161 2497 1227 γὰρ
2538 1163 2664 1209 αὐτόν
2686 1182 2789 1228 φησι

1505 1234 1579 1281 καὶ
1603 1233 1768 1292 Λιὸύης
1785 1233 1862 1291 τὴν
1893 1232 2057 1286 πολλὴν
2085 1234 2160 1281 καὶ
2184 1233 2399 1298 ’16ηρίαν.
2438 1235 2508 1282 Τὰ
2529 1235 2572 1281 δὲ
2598 1235 2694 1299 περὶ
2714 1242 2788 1283 τοῦ

1504 1310 1607 1353 ναοῦ
1631 1305 1920 1370 προειρημένα
1940 1310 2012 1352 τοῦ
2031 1307 2072 1352 ἐν
2090 1305 2416 1370 Ἱεροσολύμοις,
2434 1306 2498 1354 ὅτι
2515 1308 2790 1372 κατεπρήσθη

1508 1378 1585 1439 μὲν
1610 1377 1691 1423 ὑπὸ
1715 1380 1799 1424 τῶν
1831 1376 2121 1426 Βαέυλωνίων
2155 1378 2594 1442 ἐπιστρατευσάντων,
2633 1378 2791 1442 ἤρξατο

1507 1450 1551 1496 δὲ
1573 1448 1703 1495 πάλιν
1730 1451 2100 1510 ἀνοικοδομεῒσθαι
2127 1449 2270 1512 Κύρου
2296 1454 2370 1506 τῆς
2389 1450 2532 1504 Ἀσίας
2563 1450 2640 1507 τὴν
2666 1455 2790 1514 βασι-

1506 1520 1625 1568 λείαν
1650 1520 1990 1586 παρειληφότος,
2020 1523 2068 1568 ἐκ
2091 1524 2173 1568 τῶν
2199 1524 2434 1586 Βηρωσσοῦ
2462 1525 2606 1584 σαφῶς
2630 1523 2792 1569 ἐπιδει-

1505 1592 1715 1658 χθήσεται
1738 1593 2076 1658 παρατεθέντων.
2148 1592 2275 1656 Λέγει
2294 1592 2376 1658 γὰρ
2398 1593 2508 1641 οὕτω
2522 1593 2591 1639 διὰ
2604 1598 2678 1649 τῆς
2700 1594 2795 1658 τρί-

1506 1681 1606 1720 της·
1639 1687 1659 1709 α
1683 1663 2110 1730 Ναὸουχοδονόσορος
2142 1663 2217 1727 μὲν
2255 1657 2330 1713 οῦκ
2351 1663 2464 1726 μετὰ
2501 1665 2548 1712 τὸ
2588 1664 2794 1729 ἄρξασθαι

1509 1740 1581 1783 τοῦ
1617 1736 1927 1802 προειρημένου
1970 1736 2139 1800 τείχους
2195 1735 2394 1797 ἐμπεσὼν
2452 1738 2510 1790 εἷς
2554 1736 2795 1801 ἀρρωστίαν

1511 1807 1806 1869 μετηλλάξατο
1824 1808 1893 1855 τὸν
1921 1808 2030 1872 βίον,
2052 1808 2367 1872 βεὸασιλευκὼς
2383 1808 2456 1866 ἔτη
2478 1807 2795 1872 τεσσαράκοντα

1510 1880 1623 1942 τρία.
1694 1884 1786 1937 Τῆς
1811 1879 1855 1927 δὲ
1893 1880 2113 1944 βασιλείας
2136 1879 2277 1946 κύριος
2301 1879 2467 1943 ἐγένετο
2495 1883 2516 1926 ὃ
2547 1880 2634 1933 υἱὸς
2668 1882 2794 1927 αὐτοῦ

1511 1953 1935 2016 Εὗειλμαράδουχος.
2010 1945 2148 2005 Οἷτος
2183 1951 2373 2016 προστὰς
2407 1955 2489 1999 τῶν
2529 1953 2795 2017 πραγμάτων

1513 2023 1682 2086 ἀνόμως
1705 2024 1778 2071 καὶ
1799 2027 2014 2087 ἀσελγῶς,
2039 2023 2350 2077 ἐπιὸουλευθεὶς
2374 2024 2458 2070 ὑπὸ
2481 2028 2555 2070 τοῦ
2575 2024 2649 2079 τὴν
2671 2025 2796 2069 ἀδελ-

1513 2095 1595 2161 φὴν
1623 2096 1791 2159 ἔχοντος
1818 2097 1946 2142 αὐτοῦ
1965 2094 2331 2159 Νηριγλισσοόρου
2359 2094 2570 2158 ἀνῃρέθη,
2599 2093 2799 2158 βασιλεύ-

1514 2186 1592 2221 σας
1608 2167 1683 2225 ἔτη
1709 2167 1797 2214 δύο.
1836 2166 1966 2216 Μετὰ
1993 2166 2036 2213 δὲ
2060 2168 2108 2212 τὸ
2130 2169 2401 2229 ἀναιρεθῆναι
2429 2168 2575 2212 τοῦτον
2602 2164 2796 2219 διαδεξά-

1514 2258 1635 2301 μενος
1655 2239 1730 2297 τὴν
1767 2238 1904 2304 ἀρχὴν
1922 2242 1944 2285 ὁ
1967 2238 2273 2291 ἐπιδουλεύσας
2298 2239 2413 2302 αὐτῷ
2428 2236 2796 2299 Νηριγλισσόορος

1513 2312 1789 2359 ἐδασίλευσεν
1811 2312 1884 2369 ἔτη
1909 2313 2118 2375 τέσσαρα.
2187 2310 2350 2359 Τούτου
2375 2310 2460 2363 υἱὸς
2483 2309 2800 2373 Λαῧοροσοάρ-

1512 2387 1636 2449 χοδος
1658 2384 1875 2447 ἐκυρίευσε
1897 2383 1973 2446 μὲν
2009 2387 2084 2439 τῆς
2111 2382 2327 2447 βασιλείας
2354 2389 2454 2435 παῖς
2487 2380 2543 2428 ὢν
2572 2387 2707 2443 μῆνας
2742 2384 2801 2428 ἐν·

1514 2456 1607 2517 νέα,
1634 2455 1946 2509 ἐπιδουλευθεὶς
1960 2455 2018 2513 δὲ,
2034 2455 2103 2501 διὰ
2116 2454 2163 2501 τὸ
2187 2454 2326 2501 πολλὰ
2352 2453 2569 2518 ἐμφαίνειν
2592 2453 2800 2509 κακοήθη,

1513 2595 1719 2645 prehendit
1747 2594 1952 2634 historicos
1968 2596 2127 2633 Graecos
2141 2624 2153 2642 ,
2171 2595 2216 2632 ut
2231 2593 2299 2643 qui
2315 2603 2417 2631 vane
2434 2593 2673 2630 arbitrentur
2693 2602 2715 2629 a
2731 2593 2779 2629 Se
2792 2613 2802 2620 -

1514 2659 1664 2698 mirade
1683 2659 1838 2709 Assyria
1854 2659 2093 2708 Babylonem
2114 2657 2350 2697 aedificatam
2362 2686 2373 2705 ,
2391 2657 2566 2705 falsoque
2581 2654 2803 2704 scripserint

1514 2723 1694 2761 miranda
1716 2733 1836 2772 opera
1863 2722 1944 2760 illic
1970 2721 2021 2760 ab
2050 2722 2135 2772 ipsa
2161 2721 2278 2760 fuisse
2304 2721 2547 2759 constructa.
2604 2720 2734 2768 Atque
2761 2717 2802 2756 in

1516 2787 1598 2826 istis
1613 2786 1889 2825 Chaldaeorum
1906 2785 2064 2836 quidem
2086 2784 2246 2824 historia
2273 2783 2350 2823 tide
2373 2784 2488 2833 digna
2512 2782 2689 2822 habenda
2721 2782 2803 2830 est;

1515 2851 1687 2890 maxime
1712 2851 1820 2900 quod
1850 2850 1891 2889 in
1921 2850 2092 2889 archivis
2122 2849 2354 2889 Phoenicum
2384 2848 2528 2897 scripta
2557 2847 2803 2896 reperiantur

1515 2926 1607 2966 quae
1629 2925 1720 2953 cum
1743 2914 1790 2953 iis
1805 2914 2045 2953 conveniunt
2067 2925 2090 2952 a
2107 2915 2252 2952 Beroso
2269 2911 2436 2951 narratis
2455 2911 2504 2950 de
2526 2921 2613 2960 rege
2634 2910 2803 2959 Babylo-

1516 2982 1674 3019 niorum
1691 3010 1703 3029 ,
1724 2979 1876 3028 Syriam
1893 2979 2042 3019 scilicet
2061 2980 2100 3018 et
2117 2978 2339 3017 universam
2362 2977 2572 3016 Phoenieen
2589 2975 2700 3014 illum
2716 2974 2804 3013 sub-

1516 3041 1651 3093 egisse.
1720 3042 1790 3082 His
1820 3053 1913 3082 sane
1942 3042 2208 3092 adstipulatur
2240 3041 2499 3080 Philostratus
2531 3039 2571 3077 in
2603 3038 2803 3086 Historiis,

1517 3118 1598 3157 quo
1629 3107 1669 3145 in
1696 3107 1784 3145 loco
1812 3106 1906 3156 Tyri
1932 3105 2147 3145 obsidionis
2173 3104 2378 3153 meminit;
2410 3106 2448 3142 et
2475 3102 2740 3151 Megasthenes
2766 3101 2806 3139 in

1517 3171 1660 3220 quarto
1680 3169 1881 3208 volumine
1904 3180 2037 3209 rerum
2058 3168 2310 3217 Indicarum,
2334 3166 2402 3206 ubi
2423 3166 2628 3205 ostendere
2649 3166 2805 3203 conten·

1518 3234 1576 3274 dit
1596 3234 1834 3284 praedictum
1864 3234 2168 3284 Babyloniorum
2192 3244 2323 3282 regem
2347 3232 2576 3272 fortitudine
2597 3229 2804 3269 Herculem

1518 3301 1558 3339 et
1584 3299 1854 3349 magnitudine
1876 3299 2102 3350 praestitisse
2126 3314 2136 3338 z
2160 3299 2256 3338 dicit
2271 3298 2374 3337 enim
2394 3308 2485 3337 eum
2516 3296 2647 3345 Libyae
2663 3295 2804 3333 bonam

1518 3364 1672 3411 partem
1699 3367 1739 3402 et
1767 3362 1937 3402 Iberiam
1964 3362 2204 3412 subjugasse.
2259 3365 2359 3408 Quae
2386 3371 2479 3399 vero
2503 3359 2553 3399 de
2582 3357 2800 3406 Hierosoly-

1519 3437 1676 3464 morum
1696 3426 1845 3475 templo
1857 3425 1939 3474 jam
1956 3425 2060 3464 dicta
2079 3428 2196 3475 sunt,
2221 3426 2517 3464 concrematum
2539 3433 2620 3462 esse
2639 3433 2662 3460 a
2684 3421 2804 3469 Baby-

1519 3489 1715 3528 loniorum
1728 3489 1917 3538 exercitu,
1935 3491 1975 3528 et
1988 3490 2162 3538 coeptum
2178 3499 2314 3528 rursus
2325 3486 2525 3535 aedificari,
2539 3496 2661 3535 quum
2682 3487 2806 3533 Cyrus

1520 3554 1622 3593 Asiae
1641 3553 1851 3604 imperium
1870 3555 2110 3603 accepisset,
2128 3564 2179 3594 ex
2204 3553 2252 3592 iis
2274 3564 2365 3603 quae
2384 3554 2576 3601 pra-terea
2592 3550 2708 3588 refert
2729 3550 2803 3587 Be-

1521 3627 1634 3656 rosus
1652 3618 1756 3657 clare
1775 3617 2132 3657 manifestabimus.
2188 3617 2254 3656 Sic
2273 3616 2378 3657 enim
2398 3614 2438 3655 in
2465 3614 2562 3653 libro
2584 3612 2698 3651 tertio
2718 3610 2773 3649 ait
2793 3625 2802 3647 ε

1524 3697 1544 3716 «ι
1576 3683 1626 3721 Et
1657 3681 2069 3722 Nabuchodonosorus
2103 3680 2287 3730 quidem,
2325 3681 2577 3730 posteaquam
2607 3675 2804 3714 inchoavit

1521 3745 1754 3796 praedictum
1774 3756 1936 3784 murum
1950 3773 1962 3792 ‚
1980 3745 2120 3784 morbo
2138 3744 2370 3794 implicitus,
2392 3753 2487 3780 mox
2505 3751 2526 3779 e
2542 3739 2622 3778 vita
2640 3737 2804 3777 excessit

1522 3820 1646 3860 quum
1677 3809 1874 3859 regnasset
1904 3819 2029 3848 annos
2060 3810 2138 3848 tres
2170 3809 2210 3847 et
2245 3805 2514 3856 quadraginta.
2569 3805 2612 3841 ln
2640 3810 2803 3850 regnum

1522 3874 1656 3912 autem
1674 3872 1911 3912 succedebat
1931 3871 2033 3911 tilius
2052 3872 2138 3921 ejus
2164 3868 2523 3911 Evilmaraduchus.
2578 3866 2648 3904 Hic
2662 3894 2674 3913 ‚
2697 3864 2802 3914 quod

1522 3946 1678 3976 summa
1694 3946 1826 3975 rerum
1841 3935 1990 3975 nefarie
2006 3946 2052 3974 ac
2067 3935 2286 3985 petulanter
2301 3932 2542 3976 abuteretur,
2561 3939 2663 3966 anno
2683 3928 2805 3966 altero

1524 4010 1644 4050 quam
1669 4009 1832 4049 regnare
1851 4000 2045 4049 coeperat,
2070 3995 2335 4047 Neriglissoori
2355 3994 2497 4033 sororis
2519 4002 2600 4029 suae
2630 3990 2807 4039 conjugis

1523 4062 1672 4108 insidiis
1688 4062 1889 4102 occubuit.
1943 4061 2071 4111 Hujus
2088 4062 2219 4099 autem
2241 4059 2327 4108 post
2349 4066 2484 4095 necem
2505 4054 2606 4092 idem
2627 4054 2706 4102 ipse
2724 4056 2802 4092 Ne-

1524 4126 1766 4175 riglissoorus
1780 4155 1790 4174 ,
1815 4126 1882 4175 qui
1903 4126 1939 4164 ei
1959 4126 2103 4164 fecerat
2130 4122 2286 4161 insidias
2300 4151 2310 4168 ‚
2332 4119 2537 4168 imperium
2567 4116 2735 4165 suscepit
2764 4120 2804 4154 et

1526 4191 1637 4230 annis
1653 4190 1827 4240 regnavit
1854 4190 2057 4238 quattuor.
2112 4185 2239 4233 Hujus
2262 4183 2361 4222 lilius
2392 4179 2803 4227 Laborosoarchodus,
