3016 4628
778 200 1558 315 HECATAEUS
1627 200 2356 312 ABDERITA.

316 635 483 682 Strabo
503 635 638 690 xlv,
663 649 713 694 p.
742 633 831 687 644
861 649 872 679 :
898 631 994 697 Ἐφ’
1015 622 1063 678 οἷ
1094 632 1183 693 (sc.
1203 630 1526 694 Ἀνακρέοντος)

248 708 400 765 Ἰ’ήί”οι,
420 707 497 763 τὴν
519 705 643 752 πόλιν
675 704 939 762 ἐκλιπόντες,
961 706 1018 757 εἷς
1039 702 1232 766 Ἀὅδηρα
1259 702 1497 767 ἀπῴκησαν
1513 739 1526 760 ,

248 779 446 844 Θρᾳκίαν
483 778 630 835 πόλιν,
660 778 707 823 οὐ
742 776 935 842 φέροντες
957 775 1033 832 τὴν
1057 778 1142 821 τῶν
1172 777 1350 839 Περσῶν
1383 773 1526 838 ὕὸριν·

250 852 320 917 ἀφ’
354 844 403 898 οἷ
434 850 507 898 καὶ
544 851 659 897 τοῦτ’
695 848 886 913 εἴρηται,
916 871 935 890 ιι
969 845 1193 911 Ἀὅδηρα,
1229 846 1343 903 καλὴ
1381 845 1528 904 Τηίων

250 922 443 971 ἀποικία.
482 943 501 963 »
542 921 684 970 Πάλιν
724 921 758 966 δ’
796 918 1031 976 ἓπανῆλθόν
1063 936 1173 970 τινες
1213 919 1349 963 αὐτῶν
1385 916 1528 981 χρόνῳ

249 997 495 1060 ὕστερον....
518 993 671 1057 Γέγονε
697 993 740 1039 δὲ
765 991 838 1038 καὶ
884 988 1149 1054 συγγραφεὺς
1176 988 1409 1041 Ἑκαταῖος
1440 988 1526 1034 ἀπὸ

246 1072 321 1124 τῆς
338 1069 469 1124 αὐτῆς
483 1066 661 1118 πόλεως.

311 1144 541 1201 Diogenes
559 1143 611 1186 L.
651 1140 742 1193 IX,
777 1137 838 1196 69
878 1153 889 1180 :
930 1132 1142 1189 Διήκουσε
1178 1136 1251 1179 τοῦ
1294 1130 1527 1197 Πύρρωνος

248 1211 476 1263 Ἑκαταῖός
496 1230 540 1256 τε
562 1214 583 1256 ὁ
609 1207 858 1272 Ἀὃδῃρίτης
879 1205 952 1252 καὶ
973 1206 1126 1266 Τίμων
1151 1208 1172 1251 ὃ
1194 1205 1406 1258 Φλιάσιος
1429 1206 1523 1253 κτλ.

311 1287 501 1345 Joseph.
531 1286 579 1329 C.
611 1285 780 1342 Apion.
821 1283 870 1336 1,
894 1296 953 1324 22
977 1294 987 1326 ε
1015 1277 1247 1330 Ἑκαταῖος
1275 1280 1297 1322 ὃ
1323 1276 1524 1341 Ἀὸδηρί-

243 1376 345 1414 της,
386 1355 491 1417 ἀνὴρ
517 1353 738 1419 φιλόσοφος
764 1351 855 1412 ἅμα
880 1350 952 1397 καὶ
983 1348 1081 1413 περὶ
1120 1349 1197 1403 τὰς
1223 1348 1396 1413 πράξεις
1424 1351 1525 1396 ἱκα-

244 1428 454 1486 νώτατος,
500 1426 757 1489 Ἀλεξάνδρῳ
804 1426 864 1487 τῷ
916 1424 1086 1487 βασιλεῖ
1126 1421 1407 1484 συνακμάσας
1450 1421 1523 1468 καὶ

246 1500 507 1565 Πτολεμαίῳ
528 1502 588 1563 τῷ
609 1498 752 1560 Λάγου
778 1495 1079 1559 συγγενόμενος
1107 1495 1186 1557 (fr.
1219 1494 1322 1558 14).

307 1575 469 1619 Suidas
498 1591 508 1618 :
539 1571 787 1628 Ἑκαταῖος,
812 1566 1080 1632 Ἀὸδηρίτης,
1097 1565 1340 1632 φιλόσοφος·
1359 1564 1404 1619 ὃς
1424 1567 1524 1613 ἕπε-

241 1645 378 1701 κλήθη
415 1645 487 1691 καὶ
524 1643 707 1708 κριτικὸς
742 1639 1069 1706 γραμματικὸς,
1104 1630 1173 1686 οἷοι
1209 1638 1521 1702 γραμματικὴν

242 1718 351 1780 ἔχων
380 1715 671 1781 παρασκευήν.
700 1713 852 1775 Γέγονε
878 1712 920 1758 δὲ
943 1711 1014 1759 ἐπὶ
1051 1714 1134 1758 τῶν
1161 1710 1396 1774 διαδόχων.
1437 1714 1521 1759 Βι-

242 1791 342 1835 &Ma
372 1792 499 1836 αὐτοῦ
527 1793 684 1835 ταῦτα·
726 1786 835 1850 Περὶ
867 1788 941 1842 τῆς
975 1783 1188 1841 ποιήσεως
1218 1782 1418 1849 Ὁμήρου
1447 1784 1520 1831 καὶ

240 1860 456 1909 Ἡσιόδου.
481 1862 652 1906 Eadem
674 1861 896 1905 Eudocia.

303 1935 706 1993 Quemadmodum
724 1936 998 1993 Protagoras
1022 1932 1120 1975 aliis
1143 1931 1389 1988 Abderita,
1417 1932 1518 1976 aliis

238 2007 372 2064 Tejus
406 2007 647 2051 dicebatur
683 2005 758 2070 (V.
795 2005 972 2049 Eudoc.
1004 2020 1047 2047 v,
1068 2000 1429 2066 ,Πρωταγόρας),
1455 2005 1519 2048 sic

237 2081 371 2123 etiam
398 2081 651 2135 Hecataeus,
687 2094 824 2137 quem
847 2078 1015 2136 reliqui
1040 2091 1202 2120 omnes
1243 2077 1519 2122 Abderitam

235 2151 426 2206 habent,
452 2151 667 2194 Straboni
700 2159 764 2194 est
787 2149 945 2207 Tejus,
971 2151 1065 2194 sive
1097 2148 1229 2207 quod
1254 2148 1355 2207 Teji
1385 2158 1520 2194 natus

237 2221 420 2266 Abdera
454 2223 743 2282 migraverit,
769 2223 863 2266 sive
897 2222 1026 2280 quod
1054 2221 1252 2266 Abderis
1289 2221 1519 2267 oriundus

235 2293 281 2334 in
312 2293 468 2350 Tejum
489 2296 773 2353 metropolin
806 2310 832 2338 a
866 2296 1108 2338 Persarum
1127 2294 1242 2355 jugo
1274 2294 1518 2339 liberatam

233 2380 278 2407 se
308 2367 572 2410 contulerit.
607 2368 735 2410 Inter
769 2374 991 2426 cognatos
1013 2367 1171 2411 Nostri
1201 2366 1396 2412 fortasse
1432 2367 1550 2429 fuit,

236 2439 493 2493 Hecataeus,
530 2439 782 2482 Alexandri
810 2439 1047 2484 familiaris
1082 2439 1518 2499 Cardianorumque

233 2518 449 2567 tyrannus
468 2512 535 2571 (v,
555 2514 781 2571 Droysen.
803 2514 943 2556 Alex.
960 2528 1009 2571 p.
1032 2510 1090 2570 57
1106 2546 1118 2567 ‚
1139 2512 1199 2556 63
1216 2529 1229 2568 3
1246 2514 1515 2561 Hellenism.

233 2583 278 2635 I,
301 2597 350 2640 p.
377 2582 452 2638 78.
487 2599 590 2629 101.
614 2583 814 2628 Diodor.
839 2585 995 2642 XVII,
1019 2585 1071 2642 3,
1098 2583 1143 2629 5.
1165 2583 1223 2641 53
1253 2600 1307 2641 23
1333 2587 1514 2643 XVIII,

242 2659 318 2709 il„
348 2652 418 2715 4).
459 2658 526 2700 De
559 2655 771 2701 Hecataeo
796 2659 1057 2702 Eretriense
1082 2659 1357 2719 geographo
1374 2693 1386 2714 ‚
1415 2675 1517 2718 quae

235 2736 470 2785 comperta
502 2729 745 2784 habemus,
774 2730 907 2772 attuli
941 2731 991 2773 in
1031 2740 1133 2775 not.
1175 2730 1237 2775 ad
1270 2732 1515 2779 Onesicrit.

234 2797 290 2840 fr.
315 2797 339 2841 5
364 2796 429 2859 (¹⁶).
450 2801 625 2857 Quibus
638 2801 757 2845 adde
777 2809 878 2849 not.
902 2802 961 2846 ad
976 2802 1034 2851 fr.
1061 2819 1079 2848 1
1095 2819 1113 2847 1
1134 2804 1339 2848 Hecataei
1358 2804 1517 2850 Abde-

237 2878 349 2914 ritae.
551 2909 568 2927 0

300 2943 448 2987 AEtate
470 2946 702 3004 Hecataeus
724 2946 989 2992 Alexandro
1016 2948 1090 2992 vel
1119 2950 1307 3008 aequalis
1330 2949 1419 2993 fuit
1441 2951 1518 2995 vel

234 3029 420 3073 suppar.
448 3018 549 3059 Hoc
573 3016 760 3061 fortasse
787 3020 1027 3076 malueris,
1055 3023 1278 3080 quoniam
1299 3023 1518 3083 magister

234 3085 356 3142 ojus,
385 3089 564 3146 Pyrrho
603 3089 933 3149 philosophus,
961 3094 1287 3138 Anaxarchum
1319 3094 1517 3140 audiisse

233 3167 371 3216 atque
397 3159 518 3202 hunc
554 3161 802 3205 Alexandri
834 3165 1051 3208 comitem
1076 3167 1125 3209 in
1158 3168 1310 3211 Asiam
1334 3176 1519 3211 secutus

234 3245 325 3273 esse
358 3230 527 3274 dicitur
552 3230 645 3293 (μ).
662 3236 829 3278 Verum
854 3237 1032 3295 Pyrrho
1057 3245 1155 3281 tum
1180 3240 1400 3298 temporis
1418 3238 1515 3297 jam

234 3302 563 3363 quadraginta,
605 3306 734 3363 quod
775 3309 1017 3352 minimum
1063 3320 1153 3369 est,
1195 3327 1341 3356 annos
1378 3321 1515 3356 natus

234 3383 331 3417 erat
350 3374 418 3435 (v,
436 3376 636 3422 Clinton.
655 3379 706 3420 F.
729 3380 785 3422 11.
806 3381 895 3435 111,
917 3397 964 3439 p.
986 3380 1128 3444 376),
1151 3383 1267 3428 adeo
1285 3392 1336 3427 ut
1348 3384 1407 3428 de
1420 3384 1518 3442 ejus

284 3510 336 3559 (⁶)
357 3511 456 3555 Qum
474 3512 691 3551 Creuzerus
705 3512 756 3551 ad
771 3515 924 3564 Fragm.
955 3517 1131 3559 Hecataei
1143 3517 1286 3557 Milesii
1311 3529 1350 3569 p.
1371 3523 1418 3559 85
1438 3519 1516 3559 dis-

235 3567 389 3616 putavit
426 3567 475 3606 (le
502 3570 684 3609 Hecataeo
709 3572 928 3612 Eretriense
957 3575 1095 3624 utpote
1118 3586 1186 3625 per
1217 3586 1390 3615 errorem
1421 3579 1514 3617 nato

234 3635 362 3674 neque
380 3624 430 3663 ab
453 3624 639 3665 Abderita
661 3626 934 3677 distinguendo
949 3659 960 3678 ‚
978 3641 1024 3669 ea
1053 3633 1254 3671 revocavit
1274 3633 1313 3672 in
1330 3633 1432 3673 libro
1453 3638 1514 3674 De

232 3685 329 3721 arte
348 3682 547 3722 historica
563 3695 601 3733 p.
625 3688 697 3723 388
717 3684 810 3724 edit.
834 3686 1007 3726 alterius.

284 3740 358 3789 (ss)
388 3741 592 3780 ste-croix
614 3743 769 3781 Exam.
792 3754 831 3792 p.
866 3747 937 3783 558
959 3746 1190 3786 Hecataeum
1218 3748 1318 3787 inter
1349 3749 1515 3789 comites

232 3797 440 3838 Alexandri
463 3798 579 3837 fuisse
606 3799 693 3837 vult
723 3799 775 3838 ob
804 3799 1104 3851 descriptionem
1127 3805 1262 3854 templi
1285 3806 1511 3858 Hierosoly-

232 3854 383 3905 mitani,
411 3867 531 3907 quam
550 3855 644 3906 legis
662 3856 798 3906 fragm.
822 3861 878 3896 14.
907 3858 949 3897 ld
968 3863 1242 3909 argumentum
1268 3862 1377 3902 nihili
1398 3864 1513 3914 plane

230 3922 312 3950 csse
329 3914 449 3963 patet.
465 3913 580 3960 Quod
598 3915 788 3964 praeterea
804 3915 908 3965 apud
925 3917 1071 3957 multos
1087 3919 1214 3968 legere
1229 3922 1288 3959 est
1300 3949 1310 3967 ,
1328 3931 1374 3959 ac
1387 3932 1512 3972 nuper

233 3969 292 4008 vel
313 3972 532 4011 Creuzerus
556 3971 736 4021 repetivit
758 3974 943 4019 (Hister.
971 3975 1110 4014 Kunsc
1131 3986 1171 4025 p.
1203 3978 1325 4025 388),
1359 3977 1508 4018 scilicet

234 4030 460 4069 llereataeum
490 4040 568 4069 una
587 4040 678 4070 cum
700 4030 921 4071 Alexandro
938 4034 991 4071 M.
1017 4032 1231 4073 educatum
1249 4046 1354 4083 esse,
1372 4035 1512 4076 nititur

232 4085 328 4134 lioc,
345 4086 414 4125 nisi
437 4087 562 4134 fallor,
585 4089 715 4127 vetere
736 4088 911 4127 versione
927 4090 1091 4140 Joseplii
1110 4091 1184 4141 (tr.
1222 4095 1263 4130 14
1285 4092 1395 4142 init.)
1411 4125 1422 4143 ‚
1441 4095 1507 4134 ubi

233 4143 349 4181 verba
370 4145 589 4196 Ἀλεξάνδρῳ
609 4149 663 4195 τῷ
695 4147 846 4196 βασιλεῖ
861 4147 1106 4198 συνακμάσας
1141 4148 1358 4189 redduntur
1381 4167 1389 4190 ε
1422 4163 1511 4192 una

230 4210 325 4238 cum
348 4202 406 4241 Al.
427 4213 519 4250 reqe
539 4205 753 4243 enutritus
773 4206 846 4244 ese.

1607 640 1737 676 aetate
1750 632 1865 676 nihil
1879 632 2035 676 dirimi
2046 633 2204 691 possit.
2217 656 2284 666 —
2294 631 2682 692 Expeditionibus
2693 630 2901 694 Alexam}
2921 624 2927 633 Ε
2956 655 2957 659 ’

1609 705 1682 749 dri
1718 720 1831 748 num
1877 706 2116 748 Hecataeus
2167 703 2446 749 interfuerit
2476 720 2684 764 quaerere
2730 702 2926 757 inutiles¹
3004 695 3006 706 ἶ

1607 775 1766 843 est(*);·
1783 791 1891 820 nam
1917 776 2079 820 devita
2104 775 2200 834 ejus
2227 777 2420 820 omnino
2458 777 2576 821 nihil
2599 774 2935 839 compertum?
3003 812 3006 823 ι

1605 850 1857 905 habemus,
1898 849 1986 892 nisi
2021 849 2155 907 quod
2185 849 2312 908 apud
2334 850 2635 894 Ptolemaeum
2665 851 2903 913 Lagidaui'
2935 867 2939 873 ”

1605 931 1809 967 versatus
1826 923 1883 966 sit
1903 919 1920 982 (
1935 923 1962 965 J
1967 922 2121 977 oseph.
2137 922 2169 966 l.
2190 923 2223 966 l.
2244 920 2278 982 ),
2295 937 2352 967 eo
2367 931 2590 983 regnante
2606 924 2786 971 Thebas
2806 927 2918 973 ita·-

1603 996 1853 1054 susceperit
1879 993 2101 1055 (Diodor.
2131 1010 2178 1039 v.
2205 1000 2262 1041 fr.
2290 995 2395 1055 13),
2413 1010 2666 1056 regemque
2687 998 2738 1042 in
2759 1014 2902 1060 expe-
2924 1003 2925 1008 ’

1605 1068 1784 1113 ditione
1814 1069 2000 1127 Syriaca
2021 1069 2079 1112 sit
2111 1068 2356 1112 comitatus
2374 1067 2594 1129 (Joseph.
2619 1085 2664 1131 v.
2701 1071 2760 1116 fr.
2794 1057 2897 1136 14).

1603 1143 1812 1186 Fortasse
1834 1142 1971 1186 etiam
1994 1139 2055 1185 ad
2079 1140 2170 1184 alia
2193 1141 2383 1200 negotia
2403 1141 2680 1187 Ptolemaeus
2697 1144 2899 1193 Hecataei

1603 1229 1746 1273 opera
1763 1230 1869 1259 usus
1891 1224 1974 1258 est.
2013 1215 2132 1258 Nam
2155 1214 2181 1257 J
2185 1214 2360 1273 osepho
2388 1221 2502 1258 teste
2534 1229 2634 1259 non
2651 1215 2799 1262 modo
2818 1230 2896 1280 'qn-
2920 1275 2924 1277 ‚

1602 1285 1780 1351 λόσοερος
1807 1289 2048 1332 Hecataeus
2083 1295 2206 1343 erat,
2237 1286 2320 1331 sed
2346 1287 2483 1331 simul
2518 1288 2658 1332 etiam
2692 1286 2792 1351 περὶ
2821 1282 2929 1347 τὰς’
2999 1348 3001 1350 ¹

1602 1356 1774 1422 πράξεις
1793 1357 2068 1411 ἱκανώτατος.
2088 1361 2326 1417 Quatenus
2348 1355 2538 1422 κριτικὸν
2561 1350 2956 1427 ypoeuuuttxbrgf

1603 1449 1742 1492 quem
1762 1433 1927 1479 Suidas
1944 1433 2082 1493 dicit,
2102 1447 2150 1477 se
2168 1433 2432 1492 praestiterit
2445 1466 2458 1489 ‚
2481 1433 2772 1493 ignoramus3
2789 1449 2927 1498 nam¹

1601 1506 1734 1562 libri,
1758 1507 1839 1565 qui
1857 1507 1950 1550 huc
1969 1506 2208 1565 pertinere
2223 1505 2427 1562 videtur,
2447 1506 2520 1550 De
2536 1508 2729 1551 Homeri
2746 1516 2795 1551 et
2810 1507 2899 1552 He*

1598 1581 1721 1623 siocli
1737 1583 1879 1639 poesi,
1906 1593 1965 1623 ne
1986 1579 2267 1623 levissimum
2281 1578 2474 1637 quidem
2491 1579 2542 1623 in
2558 1587 2771 1624 veterum
2791 1580 2899 1625 scri-
2911 1571 2942 1618 3

1598 1653 1690 1711 ptis
1722 1653 1963 1712 vestigium
2000 1650 2388 1711 deprehenditur.
2434 1652 2749 1711 Reliquorum
2782 1667 2896 1712 ope-

1599 1713 1704 1770 rum
1719 1760 1732 1782 ,
1749 1741 1851 1785 quae
1871 1727 2112 1770 Hecataeus
2128 1725 2416 1784 composuit,
2431 1725 2554 1770 tituli
2572 1740 2599 1770 a
2615 1724 2762 1771 Suida
2777 1740 2894 1786 praeg
2928 1744 2937 1755 ν

1600 1799 1794 1843 termissi
1806 1807 1927 1842 sunt.
1943 1797 2217 1843 Laudantur
2227 1812 2343 1842 vero
2354 1797 2406 1840 hi
2433 1812 2444 1841 :
2924 1803 2930 1806 ”

1735 1910 1776 1941 1.
1815 1890 1945 1957 Περὶ
1969 1889 2364 1956 Ὑπερὸορέων,
2395 1891 2455 1938 fr.
2483 1891 2630 1939 1—6.

1731 1982 1778 2012 2.
1817 1962 2186 2029 Αἷγυπτιακά,
2215 1966 2274 2012 fr.
2302 1964 2478 2022 7,—13.

1829 2037 1942 2103 Περὶ
1962 2041 2038 2096 τῆς
2066 2036 2316 2101 Αἰγυπτίων
2340 2034 2621 2103 φιλοσοφίας,
2649 2037 2708 2084 fr.
2729 2052 2778 2097 7.
2909 2080 2911 2082 .

1761 2104 1924 2175 [Περὶ
1949 2109 2247 2168 Ἰουδαίων,
2270 2111 2330 2156 fr.
2364 2109 2588 2174 14-16]
2882 2111 2938 2174 '³3

1759 2183 1901 2250 [Περὶ
1922 2181 2164 2248 Ἀὸράμου,
2185 2184 2245 2229 fr.
2272 2182 2514 2246 17—18.]
2915 2177 2941 2272 §s

1659 2274 1845 2334 Religio
1880 2273 2154 2319 Graecorum
2188 2274 2390 2318 Hecataei
2423 2263 2716 2334 temporibus
2745 2271 2897 2333 vari&

1596 2346 1660 2391 ob
1685 2361 1839 2391 causas
1859 2345 1978 2391 adeo
1993 2345 2091 2405 jam
2114 2345 2204 2389 fuit
2223 2345 2444 2408 dissoluta
2457 2379 2470 2402 ‚
2495 2353 2550 2390 ut
2566 2360 2680 2390 mox
2700 2345 2938 2414 impune„;

1594 2419 1800 2464 scribere
1826 2427 1983 2479 posset
2022 2420 2301 2475 Euemerus,
2333 2414 2528 2480 μεγάλας
2552 2417 2627 2481 ,τῷ
2656 2413 2770 2482 ἀθέῳ
2856 2411 2903 2433 ‘¹’

1595 2489 1818 2544 κλισιάδας
1853 2489 2034 2554 ἀνοίγων
2068 2488 2144 2536 καὶ
2170 2487 2226 2536 τὰ
2249 2489 2342 2537 θεῖα
2379 2486 2702 2553 ἑξανθρωπίζων
2735 2478 2945 2552 (Plutffg⁴

1592 2569 1664 2612 De
1687 2568 1744 2611 Is,
1768 2581 1810 2614 c.
1841 2564 1950 2628 23).
1983 2566 2159 2611 Verum
2181 2564 2576 2624 quanto‘propius
2597 2578 2626 2608 a
2645 2563 2782 2609 ruina
2803 2560 2894 2613 ab-'

1594 2640 1682 2685 fuit
1693 2675 1707 2699 ,
1726 2647 1856 2684 tanto
1879 2636 2026 2696 majus
2044 2635 2136 2699 (uti
2149 2634 2255 2682 fieri
2269 2633 2411 2699 solet)
2429 2633 2558 2696 apud
2575 2635 2748 2680 multos
2764 2636 2891 2690 cxci:-

1594 2722 1741 2758 tatum
1775 2720 1842 2757 est
1877 2710 2022 2755 firmae
2055 2709 2292 2770 religionis
2329 2708 2634 2755 desiderium.
2660 2707 2800 2766 Cujus
2819 2709 2888 2754 rei

1594 2786 1931 2831 documentum
1940 2783 2355 2828 luculentissimum
2364 2781 2508 2827 habes
2517 2781 2732 2826 humanae
2743 2779 2890 2841 impo-

1593 2859 1747 2903 tentiae
1768 2856 1969 2917 refugia,
2004 2855 2180 2900 scilicet
2210 2854 2452 2914 mysteria,
2479 2852 2636 2914 orgia,
2671 2848 2889 2913 supersti-

1595 2933 1745 2995 tiones
1767 2929 2089 2989 astrologicas‚
2106 2927 2330 2987 magicas,
2349 2925 2597 2985 Sibyllinas
2611 2957 2624 2982 ,
2653 2939 2756 2984 quae
2777 2925 2886 2985 pnl-

1594 3006 1741 3050 lulare
1774 3013 1874 3048 tum
1891 3002 2070 3061 ubique
2093 3007 2349 3059 coeperant.
2382 2999 2539 3056 Quum
2566 3012 2619 3042 ea
2643 3005 2758 3042 esset
2782 2997 2887 3042 ani-

1593 3092 1782 3122 morum
1809 3074 2019 3120 conditio
2032 3106 2045 3128 ‚
2077 3074 2103 3117 J
2106 3065 2318 3117 ambulus
2346 3070 2587 3114 historiam
2613 3069 2796 3128 scripsit
2825 3067 2887 3127 de

1592 3151 1750 3194 insulis
1774 3149 1868 3193 istis
1889 3147 2135 3192 beatorum
2150 3178 2162 3200 ,
2187 3143 2249 3188 ad
2273 3157 2390 3203 quos
2411 3142 2562 3187 omnis
2582 3142 2730 3186 virtus
2746 3139 2885 3194 vider.-

1591 3231 1722 3267 retur
1753 3220 2032 3281 confugisse3
2063 3219 2304 3263 Hecataeus
2335 3230 2472 3272 ver0,
2502 3213 2695 3259 Eliensis
2728 3205 2883 3259 saeer-

1591 3295 1715 3340 dotis
1751 3296 1987 3349 alumnus,
2025 3293 2075 3336 in
2093 3306 2177 3336 suo
2203 3289 2264 3337 de
2290 3287 2610 3349 Hyperboreis
2642 3285 2766 3330 libro
2792 3298 2883 3344 po-

1588 3371 1691 3428 puli
1711 3367 1904 3429 piissimi
1926 3379 2152 3410 summam
2178 3363 2283 3407 vitae
2306 3361 2573 3406 felicitatem
2598 3356 2883 3403 nitidissimis

1591 3441 1831 3487 coloribus
1866 3437 2094 3498 depinxit.
2144 3436 2277 3481 Licet
2327 3434 2424 3477 haec
2462 3432 2672 3493 relegare
2711 3427 2772 3475 ad
2807 3420 2883 3475 ffl-

1588 3515 1732 3560 bellas
1760 3503 1986 3570 Milesias,
2006 3508 2153 3554 modo
2174 3523 2234 3553 ne
2267 3506 2384 3551 nihil
2405 3505 2492 3550 nisi
2527 3502 2882 3550 delectationem

1588 3588 1842 3648 legentium
1865 3593 2107 3630 auctorem
2129 3589 2355 3642 spectasse
2376 3587 2528 3640 putes.
2564 3577 2718 3621 Immo
2746 3573 2883 3621 altius

1588 3660 1816 3720 quiddam
1847 3655 2194 3703 narrationibus
2231 3653 2326 3698 istis
2358 3650 2535 3705 subest,
2562 3648 2741 3708 quippe
2767 3658 2883 3707 quas

1637 3810 1690 3861 (Ἴ
1708 3809 1869 3860 Diogen.
1883 3809 1929 3848 1..
1943 3808 2014 3855 IX,
2028 3810 2093 3854 61,
2105 3803 2155 3844 de
2168 3801 2370 3854 Pyrrhone
2380 3799 2555 3840 Ἤκουσε
2569 3813 2580 3837 2
2598 3795 2846 3866 Βρύσωνοςτ

1586 3869 1801 3912 Στίλπωνος
1815 3894 1827 3915 ,
1843 3868 1896 3911 ὡς
1915 3863 2147 3913 Ἀλέξανδρος
2167 3861 2207 3900 ἐν
2220 3860 2446 3910 Διαδοχαῖς,
2466 3855 2535 3896 εἶτ’
2554 3854 2784 3910 Ἀναξάρχου
2874 3859 2875 3862 ’

1586 3926 1805 3966 ακολουθῶν
1824 3924 2048 3973 πανταχοῦ,
2066 3922 2118 3965 ὡς
2151 3918 2312 3963 καὶτοῖς
2341 3915 2664 3967 γυμνοσοφισταῖς
2694 3911 2734 3951 ἐν
2763 3907 2839 3951 *tva

1585 3984 1770 4036 συμμίξαι
1790 3981 1856 4022 καὶ
1875 3983 1954 4026 τοῖς
1972 3978 2124 4030 μάγοις,
2138 3976 2256 4017 Ὅθεν
2280 3972 2530 4026 γενναιότατα
2550 3971 2658 4011 δοκεῖ
2674 3969 2848 4040 φιλρσοφ

1585 4057 1675 4091 σαι,
1701 4042 1746 4082 τὸ
1769 4045 1836 4088 τῆς
1856 4035 2123 4088 ἀκαταληψίας
2149 4035 2215 4074 καὶ
2246 4033 2392 4084 ἐποχῆς
2423 4030 2525 4075 εἶδος
2554 4029 2797 4078 εἰσαγαγων,
2832 4040 2839 4055 1

1585 4099 1782 4144 Ἀσκάνιος
1797 4099 1819 4137 ὁ
1845 4094 2061 4146 Ἀὅδηρίτης
2079 4091 2213 4144 φησίν·
2231 4090 2340 4131 οὐδὲν
2370 4089 2444 4139 γὰρ
2463 4087 2627 4139 ἔφασκεν
2646 4083 2734 4124 οὔτε
2759 4095 2811 4122 κα
2826 4100 2846 4137 χ

1585 4159 1673 4198 οὔτε
1692 4156 1853 4208 αἰσχρὸν
1866 4184 1878 4202 ,
1895 4153 1983 4193 οὔτε
2003 4152 2151 4192 δίκαιον
2165 4179 2176 4199 ,
2199 4149 2287 4190 οὔτε
2302 4148 2433 4187 ἄδικον
2449 4146 2527 4185 etc.
2548 4149 2736 4186 Ascanius
2756 4141 2809 4180 lio
2829 4202 2833 4211 Ι
2851 4203 2853 4205 γ

1590 4218 1747 4263 ignotus
1767 4212 1879 4253 mihi.
1907 4214 2009 4252 Num
2026 4209 2129 4250 sorte
2150 4203 2403 4246 scribendum
2419 4201 2648 4246 ἙκαταῖοςΡ
2841 4220 2846 4227 ·
