3016 4628
107 3203 111 3213 Δ

0 3133 9 3360 l
73 3303 78 3311 ,

0 3375 4 3439 ξι

532 300 847 356 LACONICA
887 302 1056 351 RESP.
1091 301 1445 350 1NST1TUTA.
1487 304 1819 354 HOMERlCA
1865 306 2210 357 lNSTlTUTA.

491 412 640 474 ΠΕΡΙ
678 418 987 471 Nominum.

719 543 763 590 4.

166 653 356 700 Photius
368 654 480 697 Lex.
498 666 508 694 t
531 645 788 705 Σκυτάλη...
805 643 1107 710 Διοσκουρίδης
1124 642 1382 708 (Διοσκορί-

103 725 178 783 δης
196 725 382 782 Suidas)
404 721 448 769 δὲ
473 723 516 768 ἐν
536 723 622 772 τοῖς
644 718 752 783 Περὶ
772 719 965 779 νομίμων
998 715 1092 770 τοὺς
1114 715 1382 770 δανείζοντας

102 797 145 844 ἰν
171 794 352 860 Σπάρτῃ
375 792 548 858 διαιρεῖν
566 789 781 848 σκυτάλην
803 789 878 842 δύο
901 788 1124 854 παρόντων
1152 786 1381 854 μαρτύρων

103 868 178 916 καὶ
199 866 376 932 γράφειν
409 865 458 912 τὸ
489 862 748 930 συμὸόλαιον
771 863 813 908 ἐν
851 860 1042 926 ἑκατέρῳ
1066 859 1284 922 τμήματι·
1309 858 1382 906 καὶ

37 944 39 946 ’
103 937 254 1000 τὸμὲν
290 937 351 984 ἑνὶ
379 939 462 984 τῶν
495 934 720 1000 μαρτύρων
749 932 937 994 διδόναι,
973 932 1021 979 τὸ
1053 932 1097 979 δὲ
1136 933 1188 978 δι’
1228 935 1380 978 ἑαυτοῦ

103 1007 232 1074 ἔχειν.
258 1011 294 1055 Ε
337 1010 504 1054 Photio
529 1009 692 1053 eadem
720 1007 905 1062 Suidas3
933 1023 987 1051 ex
1013 1007 1154 1052 suida
1175 1006 1386 1050 Eudocia

100 1097 152 1144 p.
177 1081 268 1127 280
295 1091 340 1126 et
362 1083 574 1127 Musurus
596 1082 646 1126 in
668 1081 815 1126 schol.
844 1080 952 1124 Ald.
988 1079 1048 1123 ad
1081 1080 1379 1139 Aristophan.

101 1157 189 1204 Av.
229 1153 366 1199 1283.
396 1153 465 1199 Cf.
498 1154 810 1200 Miiller.Dor.
836 1154 908 1208 ΙΙ,
930 1168 980 1212 p.
1008 1150 1118 1196 315.

171 1265 181 1272 ’
231 1291 380 1338 ΠΕΡΙ
413 1289 536 1337 ΤΩΝ
571 1286 713 1336 IIAP'
745 1285 978 1355 ‘onnon
1014 1287 1245 1336 ΝΟΜΩΝ.

719 1411 761 1459 5.

165 1544 326 1590 Suidas
361 1559 408 1589 v-
448 1539 649 1603 <Όμηρος
697 1557 704 1584 :
746 1537 854 1587 εὈτι
894 1538 1172 1604 Διοσκορίδης
1216 1540 1258 1584 ἐν
1299 1539 1386 1591 τοῖς

100 1615 216 1679 Παρ’
253 1613 438 1678 Ὁμήρῳ
461 1612 604 1674 νόμοις
627 1611 781 1676 φησὶν,
807 1614 863 1665 ὡς
901 1614 923 1658 ὁ
957 1610 1138 1670 ποιητὴς
1175 1613 1282 1677 ὁρῶν
1307 1610 1386 1668 τὴν

100 1686 378 1753 σωφροσύνην
420 1684 686 1741 οἰκειοτάτην
735 1682 890 1748 ἀρετὴν
930 1676 1061 1730 οὖσαν
1099 1683 1173 1730 καὶ
1211 1683 1385 1747 πρώτην

101 1767 186 1817 τοῖς
204 1759 332 1815 νέοις,
349 1758 412 1805 ἔτι
429 1756 473 1805 δὲ
503 1756 800 1822 ἁρμόττουσαν
830 1755 904 1802 καὶ
931 1757 1075 1803 καλῶν
1098 1755 1285 1821 χορηγὸν
1313 1748 1383 1803 03-

62 1847 66 1850 ’
101 1850 204 1889 σαν,
232 1829 484 1895 βουλόμενος
500 1829 630 1876 πάλιν
653 1829 844 1894 (Athen.
867 1827 1024 1892 πᾶσιν)
1047 1829 1235 1892 ἐμφῦσαι
1254 1828 1386 1885 αὐτὴν

101 1905 177 1950 ἀπ’
209 1905 346 1967 ἀρχῆς
365 1901 439 1948 καὶ
464 1899 635 1966 ἐφεξῆς,
670 1899 740 1946 ἵνα
764 1898 841 1957 τὴν
866 1899 1030 1963 σχολὴν
1064 1899 1138 1946 καὶ
1168 1899 1238 1946 τὸν
1260 1901 1386 1957 ζῆλον

101 1977 144 2024 ἐν
165 1976 249 2029 τοῖς
267 1975 413 2028 καλοῖς
437 1973 572 2038 ἔργοις
587 1972 876 2028 ἀναλίσκωσι,
909 1972 983 2019 καὶ
999 1963 1103 2020 ῶσιν
1129 1973 1387 2037 εὐεργετικοὶ

101 2046 175 2095 καὶ
213 2046 344 2095 κοινοὶ
378 2045 484 2109 πρὸς
511 2045 745 2103 ἀλλήλους,
789 2046 936 2101 εὐτελῆ
962 2043 1254 2091 κατεσκεύασε
1279 2052 1387 2090 πᾶσι

99 2117 170 2167 τὸν
192 2117 287 2184 βίον
311 2118 384 2165 καὶ
410 2117 603 2182 αὐτάρκη
621 2155 635 2180 ,
663 2115 933 2179 λογιζόμενος
962 2115 1036 2170 τὰς
1068 2116 1388 2179 ἐπιθυμίαςκαὶ

99 2189 175 2259 τὰς
196 2189 349 2248 ἡδονὰς
382 2190 667 2255 ἰσχυροτάτας
682 2188 872 2252 γίνεσθαι
889 2188 963 2235 καὶ
980 2188 1152 2254 πρώτας
1166 2189 1228 2236 ἔτι
1243 2209 1289 2236 τε
1315 2189 1388 2236 καὶ

101 2262 310 2328 ἐμφύτους
327 2262 455 2316 οὔσας
474 2262 573 2326 περὶ
592 2261 755 2318 ἐδωδὴν
780 2260 854 2307 καὶ
877 2261 1003 2308 πόσιν
1019 2281 1029 2291 ·
1053 2261 1150 2314 τοὺς
1175 2261 1219 2307 δὲ
1239 2263 1387 2323 διαμε-

102 2334 339 2397 μενηκότας
364 2337 406 2382 ἐν
431 2338 523 2388 ταῖς
547 2334 778 2387 εὖτελείαις
795 2370 809 2391 ,
844 2332 1071 2386 εὐτάκτους
1093 2333 1166 2380 καὶ
1194 2333 1294 2398 περὶ
1317 2334 1388 2380 τὸν

101 2406 231 2454 ἄλλον
259 2407 348 2471 βίον
371 2406 614 2471 γινομένους
651 2409 891 2470 ἐγκρατεῖς.
935 2405 1034 2470 Ἐφ’
1059 2397 1094 2468 ᾧ
1131 2404 1205 2450 καὶ
1246 2405 1389 2462 ἁπλῆν

71 2479 346 2526 ’ἀποδέδωκε
368 2478 444 2535 τὴν
479 2477 647 2525 δίαιταν
682 2486 814 2536 πᾶσι,
842 2477 915 2524 καὶ
949 2476 1026 2534 τὴν
1066 2476 1198 2532 αὐτὴν
1233 2476 1389 2537 ὁμοίως

77 2567 82 2571 “
103 2550 328 2614 βασιλεῦσί
347 2570 393 2597 τε
411 2551 485 2598 καὶ
508 2549 725 2613 ἰδιώταις,
746 2550 881 2614 λέγων
907 2551 1020 2613 (Od.
1049 2548 1089 2594 α’
1106 2585 1118 2606 ,
1158 2549 1244 2594 138
1261 2548 1290 2612 )·

482 2677 587 2726 παρὰ
603 2677 642 2715 δὲ
663 2676 794 2721 ξεστὴν
812 2674 995 2713 ἐτάνυσσε
1014 2673 1203 2724 τράπεζαν
1221 2684 1231 2692 ·

148 2773 155 2780 ,
205 2737 312 2772 σῖτον
332 2734 364 2772 δ’
383 2733 510 2779 αἰδοίη
527 2733 646 2783 ταμίη
667 2734 860 2783 παρέθηκε
880 2733 1051 2783 φέρουσα
1065 2760 1075 2778 ,

205 2792 352 2841 δαιτρὸς
373 2792 413 2830 δὲ
431 2795 568 2842 κρειῶν
584 2791 748 2835 πίνακας
767 2792 980 2840 παρέθηκεν
1001 2789 1131 2839 ἀείρας
1144 2818 1156 2836 ,

105 2895 179 2945 καὶ
196 2896 354 2943 τούτων
378 2898 517 2942 ὀπτῶν
551 2896 623 2942 καὶ
646 2898 702 2948 ὡς
723 2893 954 2942 ἐπιτοπολὺ
991 2892 1154 2957 βοείων.
1185 2891 1315 2956 Παρὰ
1348 2892 1391 2938 δὲ

496 3037 577 3083 DE
611 3034 986 3083 INSTlTUTlS.

724 3153 768 3191 4.

159 3257 403 3298 Dioscorides
431 3261 486 3298 De
507 3259 695 3299 institutis
709 3259 832 3310 dicit,
854 3261 1096 3301 feneratores
1120 3262 1273 3310 Spartae
1295 3260 1392 3300 divi·

70 3311 203 3363 *fuere
215 3324 414 3374 scytalen,
443 3323 598 3364 duobus
609 3325 779 3365 testibus
795 3326 1076 3376 praesentibus,
1099 3329 1139 3365 et
1163 3327 1201 3365 in
1223 3329 1392 3376 utraque

74 3414 78 3434 2
98 3386 194 3438 :eius
212 3389 322 3437 parte
340 3388 588 3428 contractum
603 3388 796 3438 scribere;
819 3394 858 3428 et
881 3390 1046 3428 alteram
1074 3390 1234 3439 quidem
1257 3390 1323 3428 uni
1342 3401 1392 3428 ex

64 3449 404 3514 ‘wihusdarffi
420 3451 587 3490 alteram
604 3462 702 3491 vero
723 3452 797 3492 sibi
816 3463 1032 3493 reservare.
1331 3470 1334 3473 ·

263 3590 266 3592 -
310 3556 391 3604 DE
429 3556 771 3606 HOMERlClS
808 3558 1177 3607 INSTlTUTlSr

92 3683 124 3714 ,1
365 3690 370 3694 ·
723 3680 765 3719 5..

64 3779 66 3781 ’
93 3821 105 3830 ,,
162 3784 406 3826 Dioscorides
419 3785 461 3825 in
491 3787 710 3827 Homericis
736 3787 931 3828 Institutis
952 3789 1030 3838 ait,
1063 3791 1245 3839 poetam,
1267 3799 1392 3839 quum

18 3855 19 3859 ’
63 3855 73 3875 ³
105 3839 262 3909 ‘fideret
293 3849 593 3898 temperantiam
625 3850 667 3889 in
693 3850 908 3900 juvenibus
930 3852 1118 3891 virtutem
1140 3863 1224 3892 esse
1248 3853 1393 3903 prima·

107 3909 212 3973 *riam
225 3912 386 3969 et'oetati
401 3911 458 3951 illi
475 3902 655 3954 ‘maxime
684 3915 1008 3964 convenientem,
1029 3927 1199 3966 quaeque
1229 3915 1395 3956 honesta

91 3973 247 4031 4omnia
259 3975 526 4025 suppeditaret
535 4005 547 4026 ,
560 3987 767 4027 quumque
777 3988 865 4017 eam
877 3978 927 4017 ab
943 3978 1054 4017 initio
1066 3981 1105 4018 et
1117 3979 1300 4029 deinceps
1312 3980 1395 4018 ani-

95 4035 188 4086 (μία
199 4037 358 4078 illorum
381 4039 550 4080 inserere
570 4041 714 4090 vellet,
734 4044 781 4082 ut
800 4053 918 4082 omne
939 4041 1067 4083 otium
1091 4047 1131 4082 et
1152 4044 1330 4083 studium
1354 4045 1394 4084 in

55 4130 58 4131 ε
81 4095 232 4158 jebus
252 4100 424 4143 honestis
445 4106 746 4154 consumerent,
767 4107 975 4156 essentque
992 4107 1158 4146 benefici
1181 4109 1222 4146 et
1245 4107 1396 4147 mutuis

51 4146 71 4215 ἴ
96 4156 507 4220 ''amotissejuvarent
531 4178 542 4205 :
565 4167 717 4207 victum
737 4168 857 4209 vilem
879 4171 920 4208 et
934 4171 1076 4219 paratu
1097 4170 1282 4209 omnihus
1297 4171 1394 4210 faci-

80 4247 82 4250 ·
116 4219 196 4269 lun
224 4227 406 4270 bibuisse
435 4231 684 4281 reputantem
712 4233 950 4283 cupiditates
969 4233 1054 4273 ilias
1081 4237 1120 4273 et
1147 4234 1393 4284 voluptates,

340 4307 572 4339 runc-nemra
594 4313 691 4341 ιιιετ.
714 4313 780 4341 cu.
804 4317 944 4343 -νοι,
966 4318 1004 4344 ιι.

2645 322 2731 363 1⁹3

1459 411 1595 454 ταῦτα
1620 408 1715 455 οὔτε
1735 411 1776 455 ἐν
1797 410 1959 474 ἑορταῖς
1978 412 2063 457 οὔτ’
2088 414 2128 457 ἐν
2148 413 2258 475 ἄλλῃ
2278 413 2436 478 συνόδῳ
2457 416 2740 480 παρατίθησιν

1458 478 1577 525 οὐδέν
1593 499 1602 509 ·
1650 478 1790 527 καίτοι
1842 481 2050 535 πολλάκις
2093 483 2163 529 τὸν
2215 483 2511 546 Ἀγαμέμνονα
2556 489 2742 543 ποιήσας

1462 550 1723 606 δειπνίζοντα
1746 550 1840 605 τοὺς
1854 553 2050 616 ἀρίστους
2063 590 2075 611 ,
2094 553 2314 601 Μενέλαον
2337 557 2380 601 δὲ
2397 557 2491 610 τοὺς
2511 558 2742 622 Ἑρμιόνης

1457 621 1621 684 γάμους
1643 628 1847 670 ποιοῦντα
1873 623 1946 670 καὶ
1970 629 2045 670 τοῦ
2081 627 2171 671 υἱοῦ
2205 626 2277 671 καὶ
2302 630 2375 682 τῆς
2410 630 2637 693 θυγατρός·
2667 630 2744 676 καὶ

1457 698 1530 740 τοῦ
1552 694 1817 758 Τηλεμάχου
1842 695 1944 759 πρὸς
1970 694 2096 741 αὐτὸν
2122 698 2473 760 παραγενομένου
2489 736 2501 755 ,

1612 804 1709 854 (Od.
1729 806 1784 854 δ’,
1803 811 1852 844 66
1867 806 1880 855 )
1909 810 2013 844 νῶτα
2030 807 2119 855 βοὸς
2136 807 2353 855 παρέθηκεν
2371 808 2496 857 ἀείρας

1561 861 1664 912 ὄπτ’,
1682 863 1721 903 ἐν
1741 865 1869 914 χερσὶν
1890 865 1984 902 ἑλὼν
1996 892 2007 912 ,
2025 863 2071 902 τά
2087 862 2135 914 ῥά
2151 865 2186 901 οἱ
2203 865 2295 914 γέρα
2310 864 2504 913 πάρθεσαν
2525 867 2645 916 αὐτῷ·

1461 953 1508 998 οὗ
1533 951 1616 1018 γὰρ
1651 956 1748 1018 θρῖα
1774 952 1847 1000 καὶ
1881 953 2090 1000 κάνδυλον
2123 953 2198 1000 καὶ
2223 953 2392 1014 ἄμητας
2428 954 2672 1016 μελίπηκτά
2696 975 2742 1002 τε

1460 1031 1547 1078 τοῖς
1573 1028 1821 1085 βασιλεῦσιν
1853 1024 2048 1091 ἐξαίρετα
2069 1024 2357 1089 παρατίθησιν
2386 1023 2605 1092 ”Ὀμηρος,
2631 1027 2744 1075 ἀλλὰ

1463 1098 1534 1162 ἀφ’
1555 1090 1614 1144 ὧν
1639 1089 1685 1143 εὖ
1706 1097 1810 1152 ἕξειν
1842 1096 2021 1160 ἔμελλον
2048 1097 2096 1144 τὸ
2121 1100 2248 1158 σῶμα
2273 1097 2346 1144 καὶ
2370 1097 2447 1154 τὴν
2471 1098 2631 1163 ψυχήν.
2655 1099 2745 1147 Καὶ

1462 1167 1631 1217 Αἴαντα
1653 1168 1765 1231 μετὰ
1788 1167 1865 1226 τὴν
1887 1168 2159 1233 μονομαχίαν
2183 1168 2355 1216 νώτοισι
2376 1168 2570 1233 γέραιρεν
2592 1173 2613 1216 ὃ
2630 1170 2750 1232 Ἄγα-

1464 1240 1662 1302 μέμνων,
1700 1241 1773 1287 καὶ
1797 1241 1982 1306 Νέστορι
2005 1245 2165 1306 γεραιῷ
2201 1240 2290 1288 ὄντι
2325 1240 2451 1305 κρέας
2481 1241 2610 1288 ὀπτὸν
2655 1242 2751 1304 βοὸς

1464 1312 1633 1370 δίδωσι,
1672 1313 1746 1360 καὶ
1788 1313 1965 1378 Ἀλκίνῳ
2014 1313 2058 1360 δὲ
2077 1349 2090 1375 ,
2139 1313 2346 1378 τρυφερὸν
2385 1312 2589 1378 ᾑρημένῳ
2634 1314 2749 1377 βίον·

1464 1385 1714 1440 σπουδάζων
1739 1389 1855 1447 ἡμᾶς
1874 1388 2119 1443 ἀποστῆσαι
2144 1389 2229 1432 τῶν
2255 1385 2453 1432 ἀτάκτων
2493 1388 2749 1447 ἐπιθυμιῶν.

1470 1457 1554 1506 Καὶ
1576 1457 1772 1523 Νέστορα
1798 1457 1842 1503 δὲ
1866 1460 1982 1504 ποιεῖ
1998 1456 2119 1522 παρὰ
2143 1461 2196 1520 τῆ
2222 1458 2418 1521 θαλάσσῃ
2436 1460 2496 1523 τῷ
2519 1459 2753 1506 Ποσειδῶνι

1463 1528 1779 1594 κεχαρισμένην
1814 1528 1910 1575 τινὰ
1953 1528 2102 1576 θυσίαν
2134 1531 2426 1589 ἐπιτελοῦντα,
2460 1530 2535 1578 καὶ
2572 1529 2755 1584 πολλοὺς

1463 1599 1615 1664 ἔχοντα
1630 1637 1643 1663 ,
1671 1599 1772 1647 τάδε
1793 1600 2208 1666 παρακελευόμενον,

1565 1712 1658 1752 Ἀλλ’
1681 1713 1764 1762 ἄγ’,
1782 1715 1803 1751 ὁ
1821 1714 1887 1763 μὲν
1903 1714 2068 1753 πεδίονδ’
2083 1715 2144 1753 ἐπὶ
2163 1715 2254 1764 βοῦν
2270 1715 2358 1762 ἴτω,

1463 1809 1539 1857 καὶ
1578 1809 1631 1857 τὰ
1669 1809 1779 1868 ἑξῆς.
1819 1810 1908 1858 Καὶ
1947 1811 2159 1864 Ἀλκίνους
2200 1810 2243 1857 δὲ
2283 1811 2380 1864 τοὺς
2403 1811 2751 1878 τρυφερωτάτους

1466 1886 1616 1930 ἑστιῶν
1645 1883 1849 1937 Φαίακας
1871 1883 1944 1929 καὶ
1968 1883 2038 1930 τὸν
2063 1883 2278 1931 Ὀδυσσέα
2297 1883 2463 1939 ξενίζων
2479 1922 2491 1946 ,
2514 1885 2755 1932 ἐπιδεικνύ-

1467 1975 1590 2017 μενος
1614 1958 1731 2021 αὖτῷ
1757 1955 1833 2012 τὴν
1858 1960 1932 2002 τοῦ
1957 1955 2100 2013 κήπου
2130 1956 2403 2012 κατασκευὴν
2434 1956 2603 2014 καὶτῆς
2622 1955 2755 2010 οἰκίας

1465 2029 1537 2077 καὶ
1572 2028 1643 2074 τὸν
1669 2031 1796 2075 αὑτοῦ
1830 2028 1943 2091 βίον,
1965 2028 2163 2082 τοιαύτας
2197 2029 2479 2092 παρατίθεται
2516 2029 2752 2093 τραπέζας·

1465 2102 1537 2148 καὶ
1561 2099 1655 2155 τοὺς
1681 2105 1930 2164 μνηστῆρας
1947 2138 1959 2158 ,
1988 2101 2191 2165 ὑὸριστὰς
2215 2099 2341 2154 ὄντας
2371 2101 2444 2147 καὶ
2468 2102 2573 2165 πρὸς
2603 2102 2755 2158 ἡδονὰς

1466 2172 1739 2234 ἀνειμένους,
1771 2172 1866 2219 οὔτε
1901 2173 2048 2236 ἰχθύας
2081 2173 2300 2226 ἐσθίοντας
2332 2177 2446 2220 ποιεῖ
2469 2172 2564 2220 οὔτε
2588 2172 2754 2237 ὄρνιθας

1466 2245 1562 2293 οὔτε
1588 2244 1867 2307 μηλίπηκτα,
1901 2245 2110 2310 περιελὼν
2136 2245 2265 2292 παντὶ
2293 2245 2427 2292 σθένει
2454 2245 2530 2299 τὰς
2558 2265 2752 2310 μαγειρι-

1468 2317 1544 2371 κὰς
1569 2316 1848 2379 μαγγανείας.
1907 2342 1911 2345 ’

1532 2393 1639 2435 Haec
1663 2390 1824 2449 Suidas
1846 2393 2037 2450 sumpsit
2050 2407 2104 2435 ex
2131 2393 2352 2436 Athenaeo
2368 2393 2404 2445 Ι,
2424 2407 2470 2450 9,
2495 2393 2554 2446 Ε,
2581 2391 2660 2435 sed
2685 2393 2754 2434 in-

1469 2464 1670 2523 tegriore
1683 2496 1695 2517 ,
1713 2478 1850 2520 quam
1867 2479 1951 2507 nos
1962 2464 2184 2507 habemus
2196 2499 2209 2523 ,
2227 2463 2349 2506 libro
2363 2479 2484 2507 usus.
2502 2463 2648 2522 Caput
2663 2464 2754 2507 hoc

1469 2536 1516 2577 in
1537 2535 1744 2578 Athenaei
1772 2535 1885 2578 Exc.
1922 2535 2189 2578 inscribitur
2216 2550 2226 2577 ε
2256 2531 2364 2596 Περὶ
2392 2536 2466 2578 τοῦ
2494 2535 2579 2578 τῶν
2602 2532 2754 2595 ἡρώων

1469 2604 1563 2650 καθ’
1586 2601 1787 2664 ςΌμηρον
1821 2602 1931 2666 βίου.
1969 2605 2254 2649 Dioscoridis
2283 2606 2459 2648 mentio
2484 2607 2646 2649 omissa
2671 2615 2751 2648 est.

1468 2679 1808 2737 Discrepantias
1827 2678 2026 2736 singulas
2049 2693 2145 2720 non
2169 2677 2389 2721 enotabo.
2408 2679 2464 2721 V.
2486 2677 2758 2735 Bernhardy

1470 2750 1529 2794 ad
1549 2750 1679 2794 Suid.
1705 2759 1749 2793 et
1765 2748 1983 2792 Dindorf.
2012 2748 2071 2792 ad
2088 2749 2255 2793 Athen.
2278 2775 2342 2782 -—
2375 2746 2461 2794 Καὶ
2493 2745 2690 2810 Νέστορα
2712 2747 2757 2792 δὲ

1469 2827 1579 2864 ποιει
1597 2821 1692 2865 κτλ.
1707 2818 1724 2880 ]
1742 2822 1849 2864 Haec
1874 2835 2035 2863 manca
2054 2829 2175 2863 sunt.
2205 2820 2450 2864 Athenaeus
2476 2829 2632 2863 noster
2651 2820 2756 2878 ple-

1468 2894 1602 2936 niora
1629 2908 1640 2935 ε
1663 2889 1751 2937 Καὶ
1776 2889 1956 2954 Νέστωρ
1983 2887 2027 2936 δὲ
2053 2890 2156 2953 βόας
2176 2889 2265 2935 θύει
2299 2890 2537 2937 Ποσειδῶνι
2565 2891 2683 2954 παρὰ
2703 2892 2755 2952 τῆ

1466 3039 1559 3078 quae.
1587 3028 1627 3066 in
1658 3027 1746 3066 cibo
1770 3028 1809 3066 et
1839 3029 1932 3077 potu
1966 3028 2199 3076 versantur,
2232 3038 2314 3066 oese
2338 3027 2698 3066 vehementissimas
2718 3029 2758 3064 et

1466 3091 1612 3141 primas
1627 3083 1915 3140 hominumque
1933 3091 2076 3130 animis
2099 3092 2242 3129 natura
2261 3091 2401 3130 insitas
2409 3104 2423 3139 3
2441 3091 2529 3129 illos
2548 3101 2643 3129 vero
2656 3121 2666 3139 ‚
2685 3090 2752 3138 qui

1468 3154 1679 3204 frugalitati
1696 3165 1851 3204 semper
1867 3153 2136 3203 studuissent,
2155 3154 2195 3193 in
2212 3154 2365 3203 reliqua
2382 3154 2501 3192 etiam
2519 3152 2600 3192 vita
2623 3153 2754 3192 mode-

1470 3221 1576 3258 ratos
1591 3221 1631 3257 et
1647 3218 1894 3257 continentes
1910 3229 2006 3257 esse.
2026 3220 2158 3263 Quare
2171 3217 2388 3267 simplicem
2406 3217 2558 3256 victum
2574 3217 2757 3255 omnibus

1465 3283 1608 3322 tribuit
1627 3282 1880 3332 eundemque
1897 3280 2053 3332 regibus
2070 3282 2212 3332 pariter
2226 3292 2272 3320 ac
2288 3281 2471 3332 privatis,
2493 3280 2626 3319 dicens
2645 3295 2653 3318 ε
2681 3283 2754 3318 Do·

1470 3349 1609 3387 lata-m
1631 3358 1726 3387 vcro
1739 3349 1939 3396 apposuit
1961 3356 2146 3385 mensam
2157 3357 2172 3390 ;
2190 3344 2429 3384 vere-canda
2446 3347 2588 3383 aulem
2602 3355 2755 3393 proma

1467 3411 1604 3450 conda
1615 3415 1770 3460 panem
1785 3412 2008 3458 αρροε-ῑιὶις
2026 3411 2211 3448 ,ς’τνιισίον
2224 3419 2319 3448 vero
2338 3411 2538 3447 carnium
2552 3410 2753 3457 patinam

1466 3475 1646 3514 carnium
1668 3484 1811 3523 nempe
1829 3476 2047 3512 assatarum
2061 3503 2072 3521 ‚
2094 3483 2311 3522 earumque
2333 3472 2567 3521 plerumque
2581 3471 2753 3510 bubula-

1467 3547 1573 3576 rum.
1605 3539 1759 3576 Praeter
1793 3536 1880 3575 haec
1910 3547 2006 3574 vero
2029 3546 2160 3586 neque
2187 3535 2227 3574 in
2259 3535 2400 3574 diebus
2430 3534 2537 3573 sestis
2567 3545 2695 3583 neque
2715 3534 2754 3572 in

1467 3602 1545 3641 alio
1575 3602 1773 3640 conventu
1805 3599 2025 3650 quidquam
2052 3599 2160 3638 aliud
2184 3601 2368 3650 apponit;
2403 3598 2585 3649 quamvis
2613 3598 2754 3647 saepius

1469 3665 1586 3703 saciat
1624 3668 1961 3713 Agamemnonem
1997 3663 2180 3702 convivio
2218 3663 2480 3712 excipientem
2523 3663 2751 3700 Graecorum

1467 3727 1675 3778 principes.
1696 3727 1896 3766 Menelaus
1911 3727 2029 3766 etiam
2046 3727 2218 3766 celebrat
2242 3727 2399 3775 nuptias
2417 3724 2646 3764 Hermiones
2661 3722 2752 3761 lilim

1467 3791 1644 3840 itemque
1666 3789 1750 3828 filii.
1775 3793 1909 3835 Quum
1938 3792 2071 3828 autem
2089 3789 2349 3829 Telemachus
2374 3787 2423 3826 ad
2452 3797 2543 3826 eum
2560 3787 2751 3832 venisset,

1467 3855 1502 3894 ei
1525 3857 1658 3905 Terqa
1670 3854 1786 3894 'bovis
1802 3857 2003 3904 apposuit
2022 3866 2123 3894 assa
2135 3883 2145 3901 ,
2166 3853 2364 3892 manibus
2379 3853 2470 3890 suis
2496 3861 2546 3890 ea
2559 3852 2729 3899 capiens
2742 3877 2753 3896 ,

1467 3930 1566 3970 quae
1582 3921 1663 3968 ipsi
1681 3922 1729 3958 ut
1748 3921 1909 3958 eximia
1925 3920 2125 3968 apposita
2141 3920 2268 3957 erant
2291 3931 2303 3956 :
2323 3915 2426 3954 haud
2445 3915 2549 3954 enim
2572 3913 2673 3952 thria
2690 3913 2749 3950 vel

1467 3982 1663 4032 candylon
1677 3982 1739 4021 vel
1758 3983 1910 4021 ametas
1928 3982 2149 4021 mellitasve
2168 3981 2367 4030 placentas
2386 3978 2537 4026 regibus
2558 3987 2637 4024 [ιι-ω
2653 3979 2753 4013 cete.-

1469 4046 1523 4085 ris
1538 4048 1584 4086 ut
1609 4047 1755 4086 eximia
1778 4046 1940 4097 apponit
1958 4049 2172 4094 Homerus,
2197 4044 2263 4083 sed
2289 4043 2402 4090 talia,
2424 4051 2512 4090 quae
2541 4042 2579 4078 et
2599 4040 2751 4088 corpori

1467 4113 1507 4150 et
1522 4111 1654 4150 animo
1670 4111 1846 4161 vigorem
1875 4110 2016 4149 datura
2049 4110 2141 4149 sint.
2177 4110 2224 4147 Et
2254 4108 2408 4156 Ajacem
2439 4105 2526 4153 post
2553 4106 2749 4142 certamvn

1466 4174 1661 4224 singulare
1681 4182 1920 4224 Agamemno
1944 4174 2052 4222 tergo
2069 4171 2220 4210 bubulo
2248 4169 2378 4207 donat.
2403 4165 2551 4206 Nestori
2583 4176 2743 4214 qnoque

1468 4238 1574 4285 seni,
1592 4239 1631 4276 et
1655 4238 1818 4277 Alcinoo
1837 4237 1943 4275 laute
1966 4238 2004 4274 et
2020 4235 2185 4273 delicate
2202 4232 2348 4271 viventi
2374 4240 2530 4268 earnem
2558 4228 2747 4268 bubulam

2494 4318 2539 4355 13
