3002 4646
2409 282 2426 306 b

759 311 1085 360 EXCERPTA
1120 312 1204 360 EX
1240 311 1544 360 HISTORIA
1580 313 1848 361 DlODORI
1886 314 2109 363 SICULI.
2733 331 2790 364 xx

45 411 69 462 ‘2
146 433 318 492 λεμαῒος
342 428 386 476 δὲ
408 426 586 489 [καίπερ
601 424 696 482 ]τήν
714 442 760 470 τε
782 422 987 470 ἀπόνοιαν
1010 417 1232 476 ἐν[νοήσας
1253 424 1267 474 ]
1293 419 1426 478 Αἰγυ-

67 503 74 510 ’
145 503 276 549 πτίων
296 502 344 565 (3)
365 500 439 548 καὶ
463 503 536 546 τοῦ
566 497 696 543 τόπου
712 494 788 553 τὴν
805 493 1046 558 ὀχυρότητα
1063 527 1078 552 ,
1095 489 1323 537 συνίστατο
1344 507 1424 535 πο·

145 571 348 637 λιορκίαν’
365 570 436 618 καὶ
467 576 610 616 πᾶσαν
630 565 919 614 κακοπάθειαν
952 561 1181 624 ὑπομείνας
1215 560 1424 624 ἐκράτησε

143 647 218 702 τῆς
252 642 427 695 πόλεως·
467 639 541 688 καὶ
564 637 749 691 κολάσας
789 635 884 689 τοὺς
908 634 1066 688 αἰτίους
1108 634 1343 689 ἐπανῆλθεν
1369 633 1426 685 εἷς

143 714 473 777 Ἀλεξάνδρειαν.

207 788 290 836 XI.
317 783 422 834 “Otr
437 783 546 847 μετὰ
561 779 861 843 τὴνΤιμοθεόυ
881 779 930 845 (ι)
949 779 1165 843 ἀναίρεσιν
1181 776 1232 823 τὰ
1244 775 1388 833 πλήθη
1404 777 1424 796 ¹*

145 859 216 907 καὶ
244 859 296 922 (2)
323 859 385 922 τῷ
412 858 580 920 βασιλεῖ
606 851 952 918 δυσχεραίνοντες
983 849 1097 898 κατὰ
1133 847 1210 906 τὴν
1232 847 1426 902 Ἀλεξάν-

144 931 284 995 δρειαν
313 928 384 976 ἐπὶ
413 934 501 982 τοῖς
520 923 850 988 τετολμημένοις
884 921 997 970 κατὰ
1019 922 1254 986 τάδελφοῦ,
1279 919 1357 977 τήν
1379 938 1425 966 τε

144 999 370 1065 θεραπείαν
389 1000 467 1058 τὴν
485 995 712 1063 βασιλικὴν
733 993 1028 1059 περιέσπασαν
1046 991 1119 1039 καὶ
1138 992 1210 1038 τὸν
1231 990 1426 1055 πρεσὸύ-

144 1091 262 1137 τερον
290 1071 558 1132 Πτολεμαῖον
580 1070 628 1116 ἐκ
651 1071 728 1125 τῆς
750 1066 928 1130 Κύπρου
958 1063 1311 1128 μετεπέμποντο.

212 1144 317 1193 XlI.
355 1141 460 1190 ’Ότι
476 1143 551 1199 τῆς
574 1141 870 1203 Κομμαγηνῆς
890 1136 1120 1194 ἐπιστάτης
1140 1136 1426 1197 Πτολεμαῖος,

147 1215 207 1263 ἔτι
242 1214 328 1275 μὴν
368 1213 442 1261 καὶ
475 1212 679 1278 πρότερον
717 1209 1046 1276 καταφρονήσας
1080 1210 1163 1254 τῶν
1199 1209 1427 1272 Συριακῶν

89 1337 95 1341 ,
136 1283 382 1352 ὶβασιλέων,
409 1285 654 1343 ἀποστάτης
674 1284 855 1347 ἐγένετο,
877 1282 951 1330 καὶ
969 1280 1038 1329 διὰ
1055 1279 1150 1334 τοὺς
1172 1279 1299 1333 ἰδίους
1316 1279 1425 1326 ἐκεί-

127 1371 224 1406 ’νων
255 1356 653 1423 περιεσπασμένων,
677 1357 810 1409 ἀδεῶς
842 1358 918 1413 τῆς
940 1353 1086 1419 χώρας
1120 1353 1425 1410 ἐδυνάστευσε,

145 1432 332 1493 μάλιστα
355 1430 566 1478 πιστεύων
590 1430 683 1483 ταῖς
709 1430 793 1476 τῶν
820 1428 962 1476 τόπων
996 1425 1266 1491 ὀχυρότησιν·
1291 1424 1364 1472 καὶ
1382 1426 1428 1471 οὗ

148 1502 440 1568 καρπούμενος
463 1506 516 1566 τῇ
542 1500 764 1564 πλεονεξίᾳ
790 1499 943 1564 ταύτῃ,
969 1496 1232 1571 συναγαγὼν,
1247 1496 1426 1558 δύναμιν

149 1575 347 1622 ἐνέὸαλεν
375 1576 434 1627 εἷς
462 1572 551 1631 τὴν·
575 1572 842 1634 καλουμένην
875 1569 1139 1628 Μελιτηνὴν,
1184 1572 1315 1616 οὖσαν
1353 1570 1429 1625 τῆς

145 1645 460 1700 Καππαδοκίας
494 1645 567 1692 καὶ
603 1644 872 1707 τεταγμένην
924 1643 1007 1690 ὕπὸ
1042 1641 1315 1707 Ἀριαράθην,
1356 1639 1430 1686 καὶ

145 1718 240 1773 τοὺς
274 1711 462 1771 εὐθέτους
496 1716 794 1781 προκατέλαὸε
831 1715 998 1768 τόπους.
1084 1711 1430 1776 Στρατεύσαντος

148 1790 192 1838 δὲ
213 1789 280 1838 ἐπ’
300 1789 425 1837 αὐτὸν
450 1788 559 1850 μετὰ
590 1790 754 1846 πολλῆς
781 1787 999 1850 δυνάμεως
1035 1786 1302 1853 Ἀριαράθου,
1331 1785 1426 1830 ἀνε-

146 1863 344 1927 χώρησεν
367 1862 426 1914 εἷς
448 1860 525 1918 τὴν
544 1859 655 1907 ἰδίαν
681 1858 908 1924 ἐπαρχίαν.

210 1935 340 1983 ΧΙΙΙ.
378 1931 486 1981 ‘'O‘tt
504 1931 764 1994 γνωσθείσης
785 1935 862 1995 τῇς
891 1930 995 1994 πρὸς
1028 1929 1274 1992 Δημήτριον
1297 1928 1429 1974 ἀλλο-

145 2005 362 2070 τριότητος
384 2006 468 2052 τῶν
494 2003 740 2063 Ῥωμαίων,
765 2002 920 2061 συνέὸη
936 2001 996 2063 μὴ
1019 2001 1146 2064 μόνον
1161 1999 1262 2054 ,τοὺς
1279 1999 1431 2052 ἄλλους

148 2078 341 2139 βασιλεῖς
364 2079 690 2141 καταφρονῆσαι
709 2078 784 2133 τῆς
805 2077 931 2122 αὐτοῦ
959 2069 1331 2146 βασιλείας,υᾶλωλόι
1354 2069 1429 2117 καί

142 2167 260 2201 τινας
281 2143 364 2195 τῶν
386 2150 458 2194 ὑπ’
479 2147 605 2194 αὐτὸν
621 2145 894 2208 τεταγμένων
919 2147 1167 2208 σατραπῶν·
1191 2147 1248 2190 ὥν
1262 2147 1313 2200 ἠν
1339 2144 1429 2189 ἐπι·

144 2219 405 2285 φανέστατος
437 2218 679 2283 Τίμαρχος.

750 2211 838 2266 ’Ἦν
874 2217 917 2264 δὲ
961 2210 1079 2270 οἶτος
1109 2216 1158 2262 τὸ
1203 2213 1280 2274 μὲν
1314 2213 1432 2274 γένος

1502 425 1664 464 lemaeus
1686 436 1917 476 quanquam
1945 427 2153 477 reputabat
2180 438 2311 466 secum
2333 431 2371 467 et
2393 431 2676 478 oppidanorum
2702 442 2792 481 per·-

1500 513 1622 552 ditam
1636 483 1842 553 audaciam
1860 508 1899 553 e't
1915 514 1990 553 loci
2007 514 2234 554 firmitatem
2247 544 2259 564 ‚
2279 516 2413 555 tamen
2432 518 2673 558 obsidionem
2687 519 2793 559 iusti·

1502 606 1596 655 tuit,
1619 609 1659 646 et
1675 607 1803 646 nullas
1815 618 1894 646 non
1915 607 2114 647 molestias
2131 608 2345 658 perdurans
2364 610 2523 649 tandem
2540 613 2636 652 urbe
2648 614 2796 663 potitus

1502 698 1560 734 est
1575 724 1585 743 ,
1607 694 1830 745 punitisque
1845 694 2073 735 defectionis
2083 695 2311 736 auctoribus
2323 697 2438 736 rediit
2451 699 2742 740 Alexandriam.

1558 792 1627 829 ΧΙ.
1650 791 1743 828 Post
1773 789 1923 828 caedem
1942 790 2138 829 Timothei
2162 790 2331 840 populus
2356 791 2605 831 Alexandriae
2631 794 2798 834 irascens

1505 880 1583 930 regi
1603 882 1762 930 propter
1782 891 1828 919 ea
1857 891 1947 930 quae
1968 882 2106 920 contra
2135 882 2298 922 fratrem
2321 893 2441 922 ausus
2459 885 2567 932 erat,
2593 886 2696 935 regia
2725 887 2797 925 mi-

1503 970 1661 1010 nisteria
1676 970 1711 1011 ei
1723 971 1955 1011 ademerunt
1967 972 2005 1011 et
2016 971 2209 1012 seniorem
2223 973 2480 1014 Ptolemaeum
2496 986 2518 1015 e
2535 978 2663 1025 Cypro
2683 988 2797 1016 revo-

1504 1056 1658 1094 carunt.

1555 1148 1642 1185 XII.
1672 1147 1949 1195 commagenae
1969 1147 2181 1196 praefectus
2200 1148 2437 1189 Ptolemaeus
2450 1150 2532 1200 jam
2553 1151 2662 1200 prius
2678 1152 2802 1202 Syriae

1507 1246 1644 1287 regum
1675 1236 1951 1276 auctoritatem
1988 1238 2245 1277 contemnens
2281 1238 2448 1289 defecit,
2480 1241 2520 1279 et
2567 1240 2642 1279 illis
2691 1242 2800 1282 circa

1505 1339 1597 1368 suas
1627 1329 1668 1367 in
1695 1329 1807 1379 Syria
1839 1339 1901 1368 res
1933 1328 2154 1379 distractis,
2189 1330 2450 1382 locorumque
2476 1333 2650 1380 maxime
2679 1334 2803 1375 fidens

1505 1420 1784 1469 munimentis,
1812 1430 1951 1459 secure
1975 1420 2238 1471 principatum
2259 1422 2426 1471 regionis
2443 1423 2613 1462 tenebat.
2667 1426 2804 1474 Neque

1505 1517 1600 1547 vero
1615 1507 1722 1547 hisce
1742 1506 1961 1546 commodis
1975 1507 2186 1546 contentus
2196 1537 2208 1556 ‚
2222 1507 2396 1548 collectis
2407 1509 2530 1559 copiis
2542 1510 2580 1548 in
2595 1511 2804 1550 Melitenen

1505 1602 1625 1643 quam
1658 1593 1806 1632 vocant
1833 1591 2094 1643 cappodociae
2124 1592 2323 1643 regionem
2346 1593 2568 1634 Ariarathae
2587 1595 2804 1645 subiectam

1504 1677 1647 1718 invasit
1668 1678 1708 1717 et
1739 1677 1829 1716 loca
1846 1675 1926 1716 situ
1954 1677 2094 1717 idonea
2118 1679 2426 1730 praeoccupavit.
2482 1683 2631 1719 Verum
2650 1681 2804 1721 Ariara-

1505 1761 1574 1802 the
1606 1771 1793 1811 magnum
1826 1762 1965 1801 contra
1997 1771 2088 1800 eum
2115 1745 2334 1804 exercitum
2364 1764 2581 1814 educente,
2611 1766 2651 1805 in
2691 1776 2802 1805 suam

1507 1857 1703 1897 regressus
1718 1848 1777 1886 est
1795 1846 2052 1897 provinciam.

1558 1935 1667 1973 XIII.
1689 1932 1766 1973 Ubi
1793 1933 2042 1983 compertum
2070 1934 2156 1973 erat
2178 1935 2359 1973 senatum
2385 1936 2606 1975 Romanum
2633 1936 2761 1976 alieno
2783 1949 2806 1976 a

1506 2033 1707 2073 Demetrio
1737 2032 1868 2071 animo
1901 2042 2008 2082 esse,
2039 2032 2183 2072 accidit
2207 2033 2252 2072 ut
2282 2043 2362 2072 non
2392 2033 2532 2084 reliqui
2563 2035 2681 2074 modo
2703 2046 2808 2086 reges

1507 2127 1741 2176 potestatem
1755 2126 1839 2176 eius
1851 2125 1996 2176 regiam
2009 2127 2322 2175 contemnerent,
2343 2127 2410 2166 sed
2424 2127 2670 2167 subditorum
2689 2128 2806 2168 etIam

1507 2219 1688 2260 nonnulli
1715 2221 1978 2270 satraparum.
2034 2222 2216 2266 Quorum
2246 2219 2429 2269 princeps
2456 2222 2539 2259 erat
2559 2220 2805 2269 Timarchus,
2872 2262 2888 2280 ς

143 2359 397 2400 Letronnium
417 2361 458 2398 in
472 2362 623 2400 Journ.
645 2359 686 2399 d.
702 2370 791 2399 sav.
815 2361 927 2404 1840,
945 2369 984 2408 p.
1004 2361 1094 2397 608.
1112 2377 1163 2386 —-
1185 2362 1220 2396 3.
1246 2356 1318 2395 ἐνν
1330 2355 1418 2402 οήσ
1430 2354 1509 2404 ας]
1525 2354 1563 2393 ἐν
1580 2353 1719 2392 codex.
1739 2353 1880 2394 Addidi
1897 2354 2048 2403 καίπερ.
2068 2355 2194 2392 Possis
2213 2354 2332 2393 etiam
2350 2354 2388 2393 ἐν
2409 2355 2531 2394 οὐδενὶ
2552 2355 2655 2405 λόγῳ
2668 2369 2801 2394 ποιου-

146 2428 254 2467 μενος
271 2419 347 2455 τῶν
370 2418 457 2466 Αἰγ.
473 2417 539 2455 vel
555 2416 634 2455 tale
644 2416 752 2465 quid.
779 2415 1021 2455 Seditionem
1055 2416 1156 2452 hanc
1178 2412 1368 2453 exarsisse
1385 2411 1481 2461 puto
1496 2420 1599 2448 anno
1615 2414 1701 2459 post
1713 2420 1815 2458 eam,
1833 2420 1954 2459 quam
1982 2410 2190 2459 Dionysius
2205 2410 2446 2450 excitaverat
2481 2411 2644 2460 (fragm.
2668 2415 2758 2451 Vlll
2774 2413 2804 2461 ).

146 2473 372 2512 'I'ribuenda
388 2484 491 2512 anno
513 2478 598 2513 165.
620 2474 857 2512 Ptolemaeus
873 2484 913 2511 n.
936 2473 964 2511 l.
985 2471 1260 2521 intelligendus
1278 2471 1338 2510 est
1353 2468 1611 2515 Philometor,
1632 2467 1703 2516 qui
1718 2469 1890 2507 exeunte
1905 2468 1983 2507 hoc
1997 2478 2101 2507 anno
2115 2468 2179 2507 vel
2200 2467 2312 2507 initio
2329 2469 2422 2508 anni
2437 2469 2638 2518 sequentis
2655 2481 2679 2508 a
2710 2470 2806 2519 Phy-

82 2537 84 2539 ’
144 2540 261 2570 scone
276 2541 394 2581 regno
409 2531 558 2580 ejectus
574 2531 646 2570 est.
667 2532 852 2570 Ceterum
871 2540 998 2580 quum
1024 2540 1046 2568 e
1075 2530 1210 2567 nostro
1226 2529 1314 2567 loco
1329 2527 1478 2577 liqueat
1503 2526 1763 2565 Ptolemaeum
1788 2525 1893 2564 circa
1908 2536 1973 2565 an.
1995 2531 2066 2566 165
2092 2526 2254 2573 bellum.
2269 2526 2429 2576 gessisse
2445 2527 2486 2566 in
2503 2530 2673 2577 AEgypto
2689 2538 2806 2577 supe-

148 2588 265 2636 riore,
279 2589 319 2627 et
333 2599 456 2638 quum
473 2589 514 2627 in
528 2589 757 2638 Παρεμὸολῇ
770 2587 912 2638 oppido
930 2587 1074 2636 (chot
1089 2586 1334 2636 AEgyptiace,
1348 2584 1509 2625 Debout
1522 2583 1663 2632 hodie)
1679 2582 1730 2622 ad
1745 2583 1822 2623 Nili
1834 2583 1964 2633 ¹ripam
1980 2583 2265 2624 occidentalem
2282 2585 2414 2634 paullo
2431 2595 2548 2634 supra
2566 2586 2703 2624 Philen
2715 2586 2805 2633 sito,

147 2646 385 2685 Ptolemaeus
401 2646 639 2685 Philometor
653 2646 846 2698 πρόπυλον
860 2645 999 2695 templi
1014 2644 1267 2693 dedicaverit,
1285 2645 1327 2683 in
1342 2653 1424 2693 quo
1441 2643 1528 2681 haec
1545 2641 1725 2680 exstabat
1739 2640 1942 2690 inscriptio
1962 2641 1976 2689 (
1992 2642 2185 2681 Letronne
2210 2642 2238 2681 l.
2258 2643 2286 2682 l.
2313 2645 2352 2691 1,
2368 2653 2409 2692 p.
2436 2647 2481 2682 18
2495 2643 2508 2693 )
2526 2659 2535 2682 :
2558 2644 2671 2694 Ὑπὲρ
2694 2645 2805 2694 βασι-

145 2701 237 2747 λέως
258 2702 517 2753 Πτολεμ[αίου
537 2704 601 2741 καὶ
619 2702 862 2753 βα]σιλίσσης
874 2702 1117 2752 Κλεοπάτρας
1135 2702 1218 2753 [τῆς
1239 2702 1428 2752 βασιλέως
1448 2698 1622 2748 ἀδελφῆς]
1639 2700 1704 2737 καὶ
1724 2699 1902 2748 γυναικὸς
1922 2699 2016 2737 θεῶν
2034 2697 2356 2750 [Φιλομητὸρ]ων,
2380 2700 2495 2740 Ἴσιδι
2510 2702 2576 2740 καὶ
2599 2700 2805 2752 [Ὀ]σ[ίριὸι

152 2761 218 2798 καὶ
240 2765 318 2804 τοῖς
341 2759 513 2804 συννάοις
530 2759 640 2810 θεοῖς]
655 2787 667 2807 ,
685 2770 804 2809 quam
827 2759 1121 2808 inscriptionem
1141 2759 1190 2798 ad
1211 2769 1360 2798 annum
1382 2762 1455 2798 165
1474 2756 1720 2796 referendam
1740 2767 1823 2795 esse
1842 2756 2080 2797 Letronnius
2095 2756 2382 2796 demonstravit
2401 2773 2411 2797 :
2431 2758 2515 2797 veri
2540 2770 2634 2798 sane
2652 2759 2805 2798 similli-

149 2826 261 2855 mum
277 2818 360 2864 est,
378 2816 587 2866 propylum
603 2816 710 2856 istud
726 2827 796 2866 pro
812 2817 1008 2866 reportata
1025 2816 1075 2856 de
1090 2815 1303 2856 rebellibus
1317 2815 1486 2855 victoria
1501 2814 1742 2863 dedicatum,
1760 2816 1880 2866 atque
1894 2815 2125 2865 praesidium
2140 2816 2283 2866 oppido
2299 2816 2350 2855 ad
2368 2817 2558 2857 arcendos
2575 2817 2775 2867 AEthiopes
2789 2846 2798 2864 ,

148 2873 353 2912 rebellium
366 2874 528 2912 fortasse
545 2873 692 2922 socios,
706 2875 804 2913 tunc
821 2884 903 2913 esse
915 2874 1143 2923 impositum
1157 2903 1168 2923 ‚
1185 2872 1356 2922 denique
1373 2874 1499 2913 Tebot
1513 2872 1703 2922 oppidum
1726 2873 1820 2913 binc
1837 2873 2004 2913 traxisse
2019 2885 2165 2914 nomen
2184 2875 2447 2925 Παρεμὸολῆς.
2472 2876 2588 2915 Haud
2611 2877 2665 2915 ita
2684 2876 2799 2923 longe

148 2941 171 2968 a
189 2931 378 2981 Panopoli
392 2931 466 2970 sita
480 2927 539 2970 est
557 2932 793 2982 Antaeopolis
806 2959 817 2979 ‚
833 2931 899 2970 ubi
916 2931 1012 2971 item
1028 2941 1221 2982 pronaum
1239 2931 1378 2970 Antaeo
1393 2930 1592 2970 dedicavit
1605 2931 1863 2982 Philometor,
1881 2931 2021 2971 eodem
2033 2932 2134 2982 fere,
2150 2933 2195 2971 ut
2211 2932 2422 2972 Letronuio
2443 2933 2497 2983 (l.
2516 2934 2543 2974 l.
2567 2944 2606 2984 p.
2623 2937 2672 2975 94
2687 2945 2773 2983 sqq.
2791 2934 2804 2981 )

151 2987 322 3035 videtur,
343 2990 534 3037 tempore.
555 2991 609 3028 De
627 2989 701 3028 hac
715 2988 834 3038 igitur
850 2987 989 3028 eodem
1004 2988 1123 3027 modo
1146 2998 1193 3027 ac
1208 2986 1257 3026 de
1273 2987 1397 3026 altera
1417 2986 1666 3028 dedicatione
1681 2990 1903 3028 statuerim.

195 3041 261 3078 XI.
284 3040 370 3078 Fol.
405 3043 593 3088 181‚1—5
624 3050 727 3078 r.-
743 3045 777 3078 1.
800 3038 1150 3090 Τιμοθέου]τοῢ
1187 3038 1324 3089 μοθέου
1347 3037 1489 3077 codex.
1523 3039 1755 3078 Timotheus
1776 3051 1801 3079 a
1827 3040 2030 3090 Physcone
2058 3040 2287 3080 interfectus
2306 3041 2445 3090 procul
2467 3042 2590 3080 dubio
2620 3042 2724 3081 idem
2751 3044 2810 3080 est

150 3106 243 3136 cum
254 3107 316 3145 eo,
333 3107 451 3146 quem
468 3097 960 3137 PtolemaeusPhilometor
976 3096 1026 3137 de
1041 3096 1254 3146 coelesyria
1269 3106 1361 3134 cum
1373 3094 1569 3135 Antiocho
1587 3097 1789 3147 Epiphane
1804 3098 2072 3148 contendens(
2089 3103 2155 3139 171
2176 3109 2213 3137 a.
2233 3101 2277 3138 G.
2293 3099 2306 3148 )
2327 3101 2493 3138 Romam
2511 3101 2681 3150 legatum
2695 3099 2808 3139 mise-

148 3155 224 3193 rat.
241 3157 300 3193 De
314 3164 411 3193 nece
429 3153 514 3203 ejus
529 3153 688 3194 aliunde
699 3165 778 3193 non
793 3156 962 3195 constat.
980 3157 1117 3204 Neque
1131 3153 1229 3193 illud
1250 3153 1433 3200 traditur,
1453 3152 1562 3202 quod
1578 3164 1627 3193 ex
1648 3155 1687 3193 h.
1706 3155 1736 3194 l.
1753 3156 1965 3205 colligitur,
1988 3157 2295 3197 Philometor-em
2311 3168 2335 3196 a
2361 3158 2563 3208 Physcone
2582 3159 2742 3208 pulsum
2767 3158 2807 3196 in

147 3213 324 3261 Cyprum
337 3222 379 3252 se
394 3212 618 3252 contulisse.
641 3213 812 3252 Omnino
827 3212 982 3254 nonnisi
994 3212 1229 3263 paucissima
1245 3212 1294 3251 de
1315 3211 1375 3250 his
1389 3211 1626 3260 accepimus.
1644 3212 1780 3252 Livius
1792 3212 1897 3263 Epit.
1915 3214 1985 3253 lib.
2005 3217 2053 3253 46
2073 3230 2082 3254 :
2102 3215 2356 3254 Ptolemoeus
2374 3218 2551 3266 AEqyptz'
2566 3226 2644 3255 rex
2658 3215 2809 3265 pulsus

149 3278 277 3318 rayno
295 3279 324 3308 a
346 3269 689 3319 minorefratre,
707 3272 850 3310 missis
864 3270 1034 3311 adeum
1055 3270 1131 3319 (ad
1152 3273 1208 3310 M.
1226 3269 1431 3309 AEmilium
1450 3269 1645 3319 Lepidum
1665 3272 1826 3310 senatus
1841 3272 2084 3322 principem)
2101 3272 2278 3323 levatis,
2299 3276 2530 3314 restitutus
2543 3277 2618 3313 esc.
2640 3274 2811 3323 Porphy0

147 3325 228 3364 rius
238 3336 300 3374 ap.
319 3325 460 3365 Euseb.
475 3326 624 3367 Chron.
642 3339 680 3377 p.
704 3330 774 3366 116
792 3342 800 3365 =
816 3327 1071 3378 Ἀφαιρεθέντα
1087 3328 1159 3378 γὰρ
1172 3331 1238 3375 τῆς
1250 3327 1367 3378 ἀρχῆς
1383 3328 1448 3367 τὸν
1465 3329 1716 3379 πρεσὸύτερον
1729 3329 1805 3368 ὑπὸ
1821 3334 1889 3368 τοῦ
1901 3332 2085 3382 νεωτέρου
2099 3331 2333 3379 κατάγουσιν
2347 3334 2383 3370 οἱ
2400 3333 2601 3382 Ῥωμαῖοι.
2618 3331 2812 3371 Diodorus

151 3385 318 3432 (xxxi,
340 3383 398 3433 18)
412 3385 452 3422 et
467 3384 643 3423 Valerius
658 3385 846 3425 Maximus
861 3386 939 3435 (V,
961 3390 996 3434 1,
1016 3390 1033 3424 1
1047 3385 1060 3435 )
1073 3386 1200 3435 ipsum
1217 3386 1476 3425 Ptolemaeum
1485 3386 1628 3425 misero
1644 3387 1779 3426 habitu
1794 3389 1960 3427 Romam
1976 3389 2128 3428 venisse
2139 3389 2318 3428 tradunt.
2334 3389 2519 3429 Reditum
2536 3389 2622 3437 ejus
2637 3389 2676 3428 in
2693 3391 2809 3438 AEgy·

151 3443 263 3490 ptum
281 3443 423 3490 praeter
438 3441 607 3480 nominis
622 3442 787 3481 Romani
799 3443 1077 3483 auctoritatem
1092 3443 1212 3482 etiam
1225 3442 1370 3493 flagitia
1385 3444 1598 3494 Physconis
1610 3445 1845 3484 accelerasse
1860 3456 1900 3484 n.
1916 3446 1943 3485 l.
1961 3445 2166 3485 docemur.
2181 3449 2270 3492 Quo
2282 3448 2460 3497 tempore
2472 3447 2522 3486 ab
2538 3446 2812 3486 Alexandrinis

153 3496 317 3547 ecy'pro
340 3499 549 3549 revocatus
563 3500 643 3546 est,
661 3502 788 3539 Roma
798 3499 879 3549 jam
897 3500 1069 3540 redierit.
1088 3502 1134 3539 In
1158 3511 1321 3550 regnum
1339 3512 1519 3540 reversus
1533 3500 1776 3542 Philometor
1792 3504 1951 3553 culpam
1970 3504 2079 3543 tratri
2098 3505 2337 3544 condonavit
2352 3507 2604 3555 Cyrenasque
2622 3506 2813 3544 concessit

152 3552 312 3608 (Polyb.
330 3560 479 3607 XXXI,
511 3558 556 3596 18
569 3587 580 3607 ,
606 3562 628 3598 4
641 3588 652 3606 ,
674 3561 740 3598 XL
753 3588 764 3606 ,
788 3563 856 3607 123
880 3561 962 3599 Liv.
981 3559 1087 3609 Epit.
1107 3562 1153 3599 47
1173 3560 1203 3608 ).
1226 3560 1402 3600 Pertinet
1416 3571 1479 3600 res
1497 3560 1547 3599 ad
1563 3571 1627 3599 an.
1651 3563 1722 3599 164
1744 3571 1781 3600 a.
1801 3565 1847 3602 C.
1865 3564 2145 3611 Fragmentum
2162 3562 2438 3601 collocandum
2456 3564 2544 3612 post
2560 3562 2807 3601 antecedens.

149 3617 249 3660 Quae
265 3625 327 3665 ap.
345 3614 505 3655 Diodor.
526 3617 675 3666 XXXI,
694 3622 742 3656 33
759 3617 957 3666 leguntur,
976 3627 1056 3656 non
1071 3616 1269 3667 pertinent
1288 3617 1338 3655 ad
1358 3618 1444 3656 haec
1459 3619 1663 3667 tempora,
1682 3628 1820 3658 verum
1841 3618 1891 3657 ad
1906 3619 2055 3659 bellum
2072 3631 2135 3659 an.
2153 3625 2224 3660 156
2242 3620 2343 3659 inter
2360 3621 2499 3659 fratres
2517 3622 2685 3670 gestum,
2703 3620 2809 3669 quod

151 3673 328 3722 Physcon
343 3675 586 3722 Cyrenarum
603 3684 720 3723 regno
739 3674 940 3713 continere
955 3685 996 3713 se
1013 3674 1214 3713 noluisset.
1237 3696 1287 3703 —
1308 3680 1343 3713 2.
1364 3676 1445 3714 Aut
1467 3675 1615 3715 excidit
1634 3676 1783 3726 aliquid
1812 3678 1900 3726 post
1917 3688 1954 3716 v.
1972 3679 2113 3727 πλήθη,
2127 3680 2208 3717 vaut
2226 3678 2392 3718 delenda
2411 3680 2470 3717 est
2487 3678 2678 3728 particula
2698 3679 2777 3716 καὶ.

199 3731 287 3770 Xll.
310 3730 397 3770 Fol.
425 3735 512 3779 181,
535 3735 619 3770 5-
632 3736 675 3770 13
690 3741 731 3770 r.
757 3734 816 3771 De
830 3732 891 3771 his
912 3731 1072 3772 aliunde
1092 3731 1189 3770 nihil
1207 3732 1374 3771 constat.
1393 3734 1470 3771 Pro
1486 3733 1677 3779 Μελιτηνὴ
1698 3733 1823 3773 codex
1843 3735 2037 3782 Μελιτινή.
2062 3736 2320 3785 Cappadociae
2340 3746 2409 3774 rex
2426 3738 2495 3774 aut
2515 3735 2735 3774 Ariarathes
2754 3736 2809 3773 IV

153 3787 255 3834 (220
267 3809 319 3817 —
336 3792 406 3828 163
423 3790 581 3828 exeunt.
597 3799 634 3828 a.
657 3791 703 3828 C.
719 3788 734 3838 )
753 3790 823 3828 aut
841 3789 1067 3829 Ariarathes
1086 3792 1121 3828 V
1138 3789 1150 3838 <
1167 3792 1236 3828 163
1251 3814 1300 3822 -
1318 3793 1386 3829 133
1404 3799 1440 3828 a.
1464 3790 1512 3828 C.
1527 3789 1555 3838 ).
1577 3791 1783 3831 Probabile
1798 3793 1857 3831 est
1876 3793 2137 3832 Ptolemaeum
2156 3793 2345 3832 defecisse
2361 3794 2599 3833 turbulentis
2619 3793 2693 3831 illis
2708 3795 2808 3831 tem-

152 3844 311 3892 poribus
322 3876 335 3896 ,
351 3856 442 3895 quae
453 3847 623 3885 mortem
638 3845 815 3885 Antiochi
828 3846 1066 3895 Epiphanis(
1084 3848 1153 3884 164
1171 3856 1208 3884 a.
1224 3848 1269 3885 C.
1288 3847 1300 3895 )
1317 3846 1392 3884 sub
1408 3847 1603 3886 Antiocho
1619 3850 1817 3897 Eupatore
1833 3850 1999 3898 puerulo
2011 3850 2052 3888 in
2067 3849 2179 3899 Syria
2194 3850 2404 3888 subsecuta
2422 3853 2527 3889 sunt.
2549 3851 2685 3896 ltaque
2700 3848 2808 3886 Aria-

151 3901 302 3940 rathem
320 3902 580 3942 intellexerim
595 3913 687 3942 eum
706 3904 772 3952 qui
793 3914 896 3942 anuo
921 3908 989 3943 163
1018 3903 1276 3952 Cappadociae
1298 3915 1461 3953 regnum
1477 3904 1661 3954 suscepit.
1686 3905 1824 3945 Eidem
1853 3917 1957 3946 anno
1977 3907 2039 3946 vel
2063 3908 2242 3957 sequenti
2263 3909 2525 3957 fragmentum
2542 3909 2718 3945 nostrum
2735 3905 2806 3944 ad-

150 3957 404 3997 scribendum
424 3961 496 3998 est.

202 4016 311 4053 Xlll.
329 4016 418 4055 Fol.
436 4019 544 4064 181,1
561 4019 584 4055 4
599 4027 636 4055 r.
651 4040 701 4048 —
718 4021 804 4065 181,
827 4022 848 4055 5
868 4026 905 4055 υ.
926 4020 989 4062 Δη
1001 4018 1090 4066 μήτ
1103 4031 1122 4067 ρ
1134 4031 1144 4054 ι
1156 4030 1204 4054 ον
1218 4015 1232 4066 ]
1248 4018 1424 4068 intellige
1439 4019 1683 4059 Demetrium
1702 4021 1896 4069 Soterem,
1914 4021 2067 4060 Seleuci
2082 4021 2343 4070 Philopatoris
2360 4019 2500 4067 filium,
2517 4018 2583 4068 qui
2600 4019 2712 4058 obses
2730 4021 2803 4058 Ro-

151 4081 227 4110 mae
244 4071 503 4112 detinebatur.
525 4075 560 4112 ls
587 4084 665 4122 quo
683 4074 862 4123 tempore
882 4074 1097 4113 Antiochus
1109 4077 1283 4123 Eupator
1303 4075 1343 4113 in
1359 4077 1469 4124 Syria
1488 4076 1681 4126 Epiphani
1703 4078 1802 4126 patri
1823 4078 2031 4126 successit,
2054 4090 2077 4117 a
2095 4080 2231 4116 senatu
2253 4077 2388 4127 petiit,
2412 4079 2457 4114 ut
2481 4076 2520 4114 in
2548 4086 2728 4124 regnum,
2754 4076 2803 4114 ad

151 4128 278 4177 ipsum
293 4128 421 4178 potius
434 4141 555 4180 quam
571 4131 621 4169 ad
637 4131 818 4170 Antiochi
838 4131 963 4170 filium
982 4133 1180 4180 pertinens
1193 4162 1203 4180 ,
1224 4143 1247 4170 a
1263 4133 1447 4173 Romanis
1467 4136 1785 4185 constitueretur.
1813 4139 1964 4175 Verum
1982 4147 2062 4174 nou
2079 4134 2383 4181 obsecundavit,
2405 4134 2471 4171 scd
2489 4133 2664 4172 obsidem
2688 4144 2805 4181 porro

151 4185 268 4225 etiam
295 4188 428 4226 Romae
457 4187 712 4227 detinendum
739 4199 822 4228 esse
853 4190 1010 4227 senatus
1037 4192 1211 4238 censuit;
1230 4201 1322 4228 nam
1346 4193 1469 4240 magis
1498 4192 1718 4231 conducere
1744 4192 1862 4231 rebus
1892 4192 1970 4231 suis
2002 4192 2181 4237 videbat,
2201 4203 2317 4241 penes
2341 4192 2578 4230 Antiochum
2595 4191 2805 4239 puerulum

150 4251 272 4294 quam
295 4252 412 4291 penes
434 4244 675 4284 Demetrium
697 4245 984 4286 adolescentem
1009 4247 1211 4287 strenuum
1234 4246 1378 4295 regiam
1405 4248 1445 4288 iu
1469 4249 1579 4298 syria
1598 4260 1679 4289 esse
1697 4251 1932 4299 potestatem
1961 4252 1971 4295 (
1992 4250 2126 4299 Polyb.
2150 4251 2270 4289 XXX!
2285 4279 2294 4297 ,
2330 4253 2395 4294 i‘2;
2424 4249 2582 4296 Appian.
2611 4250 2693 4296 Syr.
2717 4245 2806 4293 46).

2375 4439 2400 4458 εξ
