3016 4628
252 318 309 358 ,6
898 332 913 343 ,
1429 279 1725 333 CRATIPPI

248 418 332 463 τὼν
354 410 569 476 μυστήρια
614 409 636 428 “
676 406 747 454 διὰ
769 404 817 452 τὸ
836 402 1042 469 πρότερον
1061 397 1300 445 ἀκόλαστον
1317 395 1418 440 ὄντα
1433 427 1447 452 ,
1472 388 1539 436 νύ·

251 506 365 551 κτωρ
384 482 651 546 κωμάσαντα
665 516 678 538 ,
693 476 876 543 θραῦσαί
892 494 932 521 τι
948 477 1032 521 τῶν
1050 470 1315 536 ἀγαλμάτων
1332 469 1405 512 τοῦ
1427 466 1539 550 θεοῦ,

251 561 324 607 καὶ
341 551 669 619 εἰσαγγελθέντα
682 588 696 611 ,
718 549 863 606 ἐπειδὴ
881 549 959 595 οὐκ
977 543 1198 603 ἠὸουλήθη
1213 579 1225 600 ,
1245 540 1291 587 ὃν
1310 536 1481 622 ἐξῄτρυν
1498 551 1541 624 xm

253 630 507 692 κατήγοροι,
524 626 673 673 δοῦλον
694 623 890 671 ἐκδοῦναι
902 658 915 680 ,
932 618 1241 676 διαὸληθῆναι,
1255 611 1328 659 καὶ
1347 627 1451 672 προς
1464 624 1542 697 την

256 702 396 754 αἰτίαν
421 703 497 758 τῆς
517 695 715 762 δευτέρας
731 697 899 760 γραφῆς
921 691 1112 738 ὕποπτον
1130 685 1347 749 γενέσθαι·
1373 680 1425 737 ἣν
1446 696 1526 764 μετ

255 778 303 823 οὗ
319 771 454 822 πολὺν
477 770 629 837 χρόνον
648 773 721 816 τοῦ
747 766 819 813 ἐπὶ
843 762 1044 813 Σικελίαν
1072 761 1223 807 στόλου
1246 753 1402 809 συνέέη
1426 768 1543 837 γενεῖ

259 852 376 895 σθαι.
414 842 648 910 Κορινθίων
687 837 1016 901 εἰσπεμψάντων
1049 834 1096 857 **
1114 828 1360 880 Λεοντίνους
1394 842 1438 870 τε
1470 840 1544 869 και

261 916 539 982 Αἰγεσταίους
564 913 720 978 ἄνδρας
758 910 865 974 ἰδία,
906 905 1146 969 μελλόντων
1187 903 1356 965 βοηθεῖν
1377 896 1546 983 εαὐτοῖς

259 995 343 1039 τῶν
381 987 639 1047 Ἀθηναίων,
664 984 831 1047 νύκτωρ
852 979 946 1033 τοὺς
969 977 1066 1042 περὶ
1088 975 1166 1032 τὴν
1187 969 1345 1036 ἀγορὰν
1388 969 1546 1056 χΕρμᾶς

259 1062 547 1128 περιέκοψαν,
581 1060 639 1112 ὡς
666 1051 914 1121 Κράτιππός
945 1069 1048 1115 φησι
1074 1048 1198 1113 [[τρος
1232 1045 1450 1128 ἇμαρτων]
1464 1057 1546 1100 μυ-

262 1134 455 1201 στήρια]
476 1131 632 1198 κριθεὶς
651 1129 722 1177 ἐπὶ
752 1126 910 1178 τούτοις
934 1120 1146 1186 ἀπέφυγεν
1165 1117 1235 1165 ἐπὶ
1255 1118 1316 1180 τῷ
1342 1129 1545 1176 μηνύσειν

262 1207 358 1262 τοὺς
394 1207 658 1256 ἀδικοῦντας.
1486 1259 1495 1267 Ι

329 1284 440 1341 Quae
462 1281 514 1326 h.
545 1280 577 1323 l.
601 1291 626 1323 e
654 1275 880 1332 Cratippo
902 1270 1166 1315 afferuntur
1200 1266 1250 1308 in
1277 1270 1459 1306 textum
1483 1274 1547 1302 lr-

266 1361 512 1415 repserunt
555 1366 580 1395 e
633 1347 812 1394 scholio
855 1343 1056 1403 margini
1094 1338 1349 1396 adscripto.
1395 1331 1550 1377 Verba

266 1443 363 1489 τρος
403 1419 607 1486 ἁμαρτὼν
646 1414 860 1481 μυστήρια
896 1415 1095 1474 repetita
1127 1418 1234 1456 sunt
1257 1423 1316 1452 ex
1353 1407 1409 1450 iis
1444 1420 1550 1492 'quae

268 1496 537 1560 praecedunt
559 1491 851 1554 parenthesin
885 1505 896 1532 ι
928 1484 1174 1547 Δήμη]τρος
1204 1480 1280 1542 ἇμ.
1316 1494 1548 1561 μυστηρια,

269 1573 494 1628 Praeterea
517 1569 667 1627 ipsum
689 1564 914 1608 scholium
937 1573 1152 1603 mancum
1173 1565 1400 1627 est31nam
1428 1560 1513 1595 lsta
1537 1565 1548 1593 ε

276 1638 503 1706 Κορινθίων
519 1634 843 1699 εἰσπεμψάντων
863 1628 1114 1682 Λεοντίνους
1136 1628 1232 1674 κτλ.
1254 1641 1438 1671 sensum
1454 1639 1554 1668 non

272 1714 491 1760 fundunt.
519 1714 630 1769 Quae
655 1709 820 1753 debeat
843 1721 934 1750 esse
958 1704 1184 1749 sententia
1208 1716 1267 1745 ex
1298 1698 1553 1744 Plutarcho

272 1790 431 1847 liquet,
455 1786 537 1844 qui
563 1786 610 1827 in
627 1784 729 1828 Vita
754 1780 905 1826 Alcib.
929 1794 970 1822 c.
1007 1776 1062 1821 18
1087 1776 1229 1820 habet
1247 1768 1460 1834 τἜλέχθη
1477 1766 1554 1831 μὲν

273 1853 365 1916 οὖν,
379 1856 443 1904 ὅτι
458 1854 666 1919 Κορίνθιοι
685 1850 754 1899 διὰ
767 1851 860 1903 τοὺς
874 1844 1187 1913 Συρακουσίους
1202 1843 1403 1897 ἀποίκους
1416 1842 1555 1900 ὄντας,

273 1933 330 1983 ὡς
357 1926 617 1991 ἐπισχέσεως
638 1922 840 1987 ἐσομένης
870 1921 972 1985 πρὸς
996 1922 1078 1966 τῶν
1104 1915 1307 1974 οἷωνῶνῆ
1332 1914 1558 1979 μεταγνώ-

276 2022 381 2055 σεως
406 2005 479 2047 τοῦ
517 1995 728 2060 πολέμου,
766 2000 901 2042 ταῦτα
938 1992 1155 2058 δράσειαν.
1184 1993 1253 2038 Cf.
1295 1992 1452 2036 Schol.
1495 1991 1557 2035 ad

275 2075 514 2133 Aristoph.
536 2072 815 2130 Thesmoph.
851 2073 988 2128 1094,
1029 2068 1121 2112 sive
1148 2063 1472 2125 Philochorus'⁴
1495 2064 1556 2111 fr.

283 2165 299 2192 1
317 2164 387 2192 10.
415 2148 535 2191 Hinc
559 2146 936 2189 Westermannus
979 2142 1028 2184 in
1053 2140 1198 2202 Βιογρ.
1225 2154 1275 2198 p.
1318 2137 1430 2195 238,
1451 2154 1500 2181 n.
1524 2139 1557 2182 l.

276 2222 497 2279 scriptum
522 2218 663 2262 fuisse
688 2225 842 2260 censet
865 2216 990 2258 hunc
1010 2213 1106 2257 fere
1128 2214 1179 2256 in
1201 2211 1400 2256 modum
1429 2227 1440 2255 :
1470 2211 1561 2257 Ko-

278 2290 441 2354 ρινθίων
458 2291 516 2342 εἷς
540 2286 799 2351 πεμψάντων
825 2284 950 2349 [τοὺς
980 2283 1212 2349 δράσοντας
1237 2282 1308 2330 διὰ
1339 2281 1438 2337 τοὺς
1476 2284 1562 2331 Συ-

278 2362 523 2428 ρακουσίους
548 2359 749 2414 ἀποίκους
773 2358 908 2413 ὄντας.
955 2350 1068 2405 οὗτοι
1086 2349 1177 2416 οῧν,
1207 2359 1292 2404 τῶν
1318 2359 1361 2404 ἐν
1383 2355 1565 2422 Σικελίᾳ

277 2435 496 2492 Ἐλλήνων
521 2433 602 2481 ὑπὸ
625 2435 708 2479 τῶν
738 2431 1041 2497 Συρακουσίων
1068 2433 1215 2482 κακῶς
1256 2428 1560 2491 διατεθέντων,

278 2508 374 2574 περὶ
397 2506 589 2572 βοηθείας
620 2504 664 2552 δὲ
692 2503 986 2571 πεμψάντων]
1006 2501 1244 2552 Λεοντίνων
1259 2522 1305 2550 τε
1332 2502 1405 2550 καὶ
1427 2504 1564 2567 Αἰγε-

280 2581 435 2629 σταίων
461 2581 615 2646 ἄνδρας
630 2578 734 2644 ἰδίᾳ,
758 2579 853 2627 κτλ.

346 2660 414 2702 De
449 2657 519 2700 his
551 2654 804 2700 disserendi
839 2655 1126 2698 occasionem
1161 2653 1414 2713 praebuisse·
1441 2654 1569 2698 Alci-—

281 2729 467 2773 biadem
498 2736 603 2788 post
637 2727 838 2771 reditum
875 2742 902 2771 a
934 2727 1251 2773 mutilatorum
1290 2729 1570 2771 Hermarum

286 2802 708 2859 ‹eonjurationisque
753 2800 944 2844 crimine
981 2813 1026 2843 se
1070 2812 1381 2858 purgaturum
1420 2799 1567 2859 (Xen,

290 2873 410 2918 llell.
437 2874 459 2916 1
474 2906 486 2927 ,
507 2878 553 2927 4,
585 2871 667 2931 13)
689 2873 943 2931 suspicatur
962 2873 1207 2931 Kriigerus
1231 2871 1264 2917 l.
1296 2871 1325 2914 l.

353 2939 575 2982 Praeterea
593 2938 836 2996 Cratippus
857 2937 1039 2981 duobus
1054 2935 1269 2980 laudatur
1289 2937 1427 2992 locis,
1451 2952 1574 2996 quo-

290 3025 391 3053 rum
426 3010 540 3053 alter
579 3008 636 3052 de
678 3010 821 3053 causis
854 3019 943 3065 est,
981 3025 1064 3052 cur
1107 3009 1431 3067 imperfectum
1457 3025 1576 3069 opus

290 3081 582 3141 Thucydides
604 3082 869 3140 reliquerit,
892 3082 1006 3126 alter
1025 3081 1082 3126 de
1106 3082 1323 3141 regione,
1349 3082 1432 3126 ubi
1449 3082 1575 3126 diem

292 3155 492 3213 scriptor
517 3154 699 3199 obierit.

295 3313 392 3341 vana
404 3302 557 3342 Cereris
572 3302 798 3352 vulgassent
815 3302 945 3352 (quod
967 3303 1000 3343 is
1017 3304 1136 3343 homo
1151 3305 1300 3355 alioqui
1315 3306 1582 3355 intemperans

297 3370 417 3405 noctu
434 3378 503 3417 per
522 3367 844 3407 comessationem
860 3368 1070 3418 aliquando
1084 3370 1286 3420 quandam
1307 3370 1490 3412 Mercurii
1508 3370 1582 3411 fre-

298 3430 413 3478 gisset
437 3432 610 3468 statuam
639 3445 648 3469 z
673 3433 713 3469 et
745 3442 868 3480 quum
902 3443 1059 3471 servum
1079 3445 1191 3483 eum,
1213 3445 1332 3485 quem
1359 3436 1511 3474 actores
1533 3433 1584 3473 ad

299 3493 560 3542 «questionem
589 3494 871 3544 exposoebant,
901 3496 1043 3535 dedere
1061 3498 1268 3548 noluisset,
1290 3499 1392 3538 male
1411 3510 1458 3538 ex
1481 3509 1526 3538 ea
1543 3509 1586 3537 re

300 3559 468 3608 audiret,
490 3559 621 3609 itaque
635 3559 807 3598 secundo
823 3562 974 3601 crimini
989 3563 1235 3603 occasionem
1253 3564 1457 3604 exhiberet
1473 3574 1585 3615 :quae

304 3624 492 3673 'unterior
512 3622 616 3662 actio
642 3622 829 3663 adversus
844 3636 934 3664 eum
962 3629 1143 3676 suscepta
1173 3629 1232 3667 est
1262 3639 1385 3678 parvo
1408 3630 1588 3679 tempore

303 3688 354 3726 ah
369 3687 616 3737 expeditione
639 3688 772 3726 classis
799 3689 837 3727 iu
855 3690 1023 3730 Siciliam
1051 3692 1101 3730 ab
1126 3692 1427 3734 Atheniensibus
1442 3695 1585 3734 missae.

309 3750 460 3790 Etenim
477 3750 681 3791 corinthii
698 3751 737 3790 in
762 3753 900 3792 urbem
927 3754 1177 3804 induxerant,
1195 3755 1290 3807 [qui
1304 3758 1459 3797 hermas
1474 3760 1587 3797 trun-

306 3816 464 3865 carent,
511 3816 670 3864 propter
701 3818 966 3864 Syracusanos
994 3818 1167 3868 ipsorum
1200 3820 1382 3870 colonos;
1413 3822 1453 3861 hi
1484 3823 1589 3862 enim

306 3889 432 3928 quum
468 3878 639 3928 reliquos
665 3878 806 3918 Sicilioe
826 3882 986 3919 Graecos
1015 3883 1302 3933 opprimerent,
1323 3888 1362 3924 et
1386 3888 1592 3936 propterea

312 3941 491 3980 Leontini
525 3943 565 3981 et
583 3942 781 3990 Siqgestani
812 3943 1006 3982 auxilium
1028 3948 1165 3985 contra
1198 3958 1265 3986 eos
1299 3949 1592 3990 Atheniensium

311 4006 579 4056 implorarent,
601 4005 857 4046 Athenienses
885 4017 977 4046 vero
993 4009 1073 4058 jam
1103 4011 1334 4060 opitulaturi
1366 4013 1412 4053 iis
1432 4018 1561 4054 essent
1582 4026 1590 4049 τ

313 4073 395 4108 tum
413 4069 605 4109 Corinthii
625 4081 708 4111 rem
735 4070 959 4121 impedituri
991 4075 1108 4112 noctu
1135 4077 1351 4115 Mercurios
1366 4108 1376 4126 ,
1401 4079 1469 4127 qui
1489 4081 1594 4129 apud

316 4135 441 4170 iorum
488 4135 600 4172 erant
623 4134 827 4182 collocati,
868 4135 1175 4186 mutilaverunt,
1207 4141 1251 4177 ut
1281 4141 1335 4179 uit
1363 4142 1594 4193 Cratippus)

314 4194 365 4231 nh
379 4195 465 4233 lucc
482 4196 519 4234 in
534 4196 726 4245 iudicium
744 4199 964 4248 [mi-tractus
987 4202 1047 4239 est
1060 4230 1070 4250 ,
1088 4201 1295 4242 absumtos
1317 4207 1447 4244 tamen
1461 4236 1470 4253 ,
1489 4209 1595 4255 quod

318 4259 510 4309 prosimus
524 4262 580 4299 est
596 4273 636 4300 se
652 4261 824 4301 criminis
841 4264 1020 4302 aiu-tores
1041 4264 1318 4304 indicaturum

2238 417 2282 447 2.

2472 441 2502 455 κ

1682 534 1874 589 DionyS.
1896 525 2046 572 Halic.
2071 527 2143 569 De
2159 524 2307 568 Thuc.
2330 538 2371 568 c.
2401 521 2457 565 16
2483 536 2494 564 ε
2524 517 2678 566 Πολλὰ
2696 517 2772 566 καὶ
2796 517 2826 586 ἀί

1616 624 1680 658 τις
1705 602 1754 649 ἂν
1776 599 1887 663 εὕροι
1909 598 1963 644 δι’
1985 595 2087 651 ὅλης
2109 597 2181 650 τῆς
2202 590 2394 656 ἱστορίας
2427 589 2455 648 ἢ
2476 593 2553 648 τῆς
2581 589 2716 656 ἄκρας
2737 589 2927 659 ἐξεργαε-,ᾗ

1620 677 1715 728 σίας
1749 668 2019 735 τετυχηκότα
2053 666 2128 714 καὶ
2155 664 2265 728 μήτε
2304 662 2534 728 πρόσθεσιν
2566 663 2781 728 δεχόμενα
2806 655 2929 733 μήτ’ςξ

1619 726 1880 812 ἀφαίρεσιν,
1906 739 1934 797 ἢ
1961 738 2162 806 ῥαθύμως
2187 733 2589 801 ἐπιτετροχασμένα
2612 734 2688 782 καὶ
2712 732 2812 783 οὐδὲ
2902 731 2923 740 ’

1619 798 1852 882 ἐλαχίστην
1875 813 2061 879 ἔμφασιν
2087 809 2243 876 ἔχοντα
2263 812 2341 866 τῆς
2365 806 2604 867 δεινότητος
2620 806 2785 866 ἐκείνης
2793 843 2809 869 ,
2827 804 2935 872 pff.
2974 838 2977 840 -

1620 895 1747 940 λιστα
1773 890 1809 935 δ’
1831 889 1873 934 ἓν
1899 886 1993 939 ταῖς
2018 881 2302 948 δημηγορίαις
2330 879 2406 927 καὶ
2428 881 2472 928 ἓν
2495 887 2582 935 τοῖς
2607 880 2826 944 διαλόγοις
2841 879 2930 952 κ’,
2976 896 2977 900 ’

1622 964 1662 1009 ἕν
1697 966 1791 1012 ταῖς
1829 958 1980 1010 ἄλλαις
2017 954 2273 1022 ῥητορείαις.
2312 943 2403 1000 ῗΩν
2438 949 2751 1019 προνοούμενος
2783 950 2828 1000 ἔο
2865 974 2927 996 «ν.

1622 1034 1754 1091 ἀτελῆ
1786 1030 1863 1089 τὴν
1894 1028 2086 1094 ἱστορίαν
2110 1028 2393 1085 καταλιπεῖν,
2429 1027 2487 1080 ὥς
2509 1024 2586 1072 καὶ
2608 1018 2941 1090 Κράτιππος,ι
2980 1043 2984 1063 >

1622 1102 1906 1166 συνακμάσας
1940 1102 2058 1166 αὐτῷ
2098 1099 2172 1147 καὶ
2208 1098 2263 1146 τὰ
2297 1097 2647 1165 παραλειφθέντα
2677 1100 2750 1145 ὑπ’
2790 1100 2846 1147 αὖ
2880 1091 2947 1159 ’ῑῆ

1624 1174 1879 1240 συναγαγὼν
1903 1172 2143 1239 γέγραφεν,
2176 1173 2224 1219 οὗ
2266 1170 2394 1234 μόνον
2426 1171 2520 1226 ταῖς
2552 1168 2759 1237 πράξεσιν
2790 1164 2887 1219 αὐτ
2910 1162 2948 1235 {3²

1624 1248 1824 1314 ἐμποδὼν
1849 1251 2106 1312 γεγενῆσθαι
2128 1244 2266 1309 λέγων
2281 1282 2295 1306 ,
2335 1244 2448 1292 ἀλλὰ
2473 1243 2548 1293 καὶ
2573 1251 2663 1299 τοῖς
2695 1243 2884 1294 ἀκούουσ
2984 1243 2986 1245 ’

1624 1322 1814 1388 ὀχληρὰς
1838 1313 1964 1369 εἶναι.
1995 1318 2139 1369 Τοῦτό
2162 1323 2214 1384 γέ
2234 1336 2300 1365 τοι
2321 1317 2502 1366 συνέντα
2528 1316 2658 1365 αὐτὸν
2682 1319 2727 1365 ἔν
2747 1322 2837 1372 τοῖς
2889 1354 2893 1357 -
2915 1312 2943 1338 ²
2986 1311 2992 1375 ¹:

1623 1395 1835 1449 λευταίοις
1856 1398 1933 1452 τῆς
1951 1393 2143 1457 ἱστορίας
2165 1390 2271 1458 φησὶ
2288 1389 2509 1454 μηδεμίαν
2530 1389 2657 1446 τάξαι
2679 1389 2943 1458 ῥητορείανςζῖ

1624 1471 1797 1517 πολλῶν
1823 1466 1899 1532 μὲν
1929 1465 2043 1514 κατὰ
2063 1465 2143 1524 τὴν
2183 1464 2352 1514 Ἰωνίαν
2387 1464 2652 1528 γενομένων,
2689 1466 2865 1513 πολλῶν
2888 1461 2946 1514 6³³⁷.
2990 1463 2992 1467 ’

1628 1545 1671 1590 ἓν
1712 1545 1807 1596 ταῖς
1847 1539 2070 1599 Ἀθήναις,
2112 1538 2194 1586 ὅσα
2233 1536 2304 1584 διὰ
2351 1537 2492 1601 λόγων
2525 1537 2602 1585 καὶ
2649 1538 2928 1604 δημηγοριῶν

1628 1608 1841 1681 ἐπράχθη.
1868 1613 1927 1662 Εἴ
1947 1612 1997 1679 γέ
2018 1620 2083 1660 τοι
2105 1610 2183 1670 τὴν
2209 1610 2385 1677 πρώτην
2406 1610 2482 1659 καὶ
2499 1609 2577 1669 τὴν
2598 1610 2751 1676 ὀγδόην
2779 1610 2931 1677 βίὸλον

1631 1686 2010 1754 ἀντιπαρεξετάζοι
2025 1705 2087 1741 τις
2108 1683 2340 1744 ἀλλήλαις,
2356 1684 2454 1732 οὔτε
2468 1688 2544 1743 τῆς
2566 1685 2696 1743 αὐτῆς
2715 1683 2771 1733 ἂν.
2783 1703 2935 1751 προαι·ι

1634 1761 1791 1830 ρέσεως
1815 1760 1974 1817 δόξειεν
2016 1757 2261 1825 ἀμφοτέρας
2297 1757 2508 1824 ὑπάρχειν
2541 1755 2640 1806 οὔτε
2680 1761 2758 1816 τῆς
2795 1759 2935 1816 αὐτῆς

1632 1835 1868 1899 δυνάμεως.
1901 1833 1960 1883 ‘H
2001 1832 2078 1898 μὲν
2102 1831 2206 1898 γὰρ,
2238 1830 2373 1894 ’ὀλίγα
2401 1829 2645 1898 πράγματα
2678 1829 2755 1878 καὶ
2793 1827 2932 1896 μικρὰ

1631 1908 1920 1974 περιέχουσα,
1946 1905 2129 1964 πληθύει
2145 1908 2229 1952 τῶν
2255 1895 2515 1970 ῥητορειῶν,
2548 1907 2576 1962 ἡ
2609 1901 2678 1963 δὲ,
2698 1902 2797 1969 περὶ
2818 1905 2934 1952 πολ-

1632 1981 1711 2036 λὰς
1742 1981 1818 2028 καὶ
1857 1979 2049 2045 μεγάλας
2078 1982 2369 2044 συνταχθεῖσα
2401 1976 2600 2043 πράξεις,
2624 1978 2934 2044 δημηγορικῶν

1639 2054 1835 2110 σπανίζει
1859 2053 2019 2118 λόγων.

1699 2139 1771 2182 De
1793 2136 1864 2180 his
1880 2137 2125 2195 Kriigerus
2142 2134 2177 2178 l.
2204 2133 2238 2176 l.
2260 2148 2310 2192 p.
2340 2131 2434 2176 262
2457 2147 2468 2176 :
2496 2151 2514 2171 «
2539 2132 2792 2192 Dionysius
2812 2141 2938 2193 post-

1637 2224 1779 2269 quam
1817 2207 1937 2251 dixit
1977 2205 2264 2266 Thucydidis
2297 2205 2502 2248 historiae
2534 2213 2719 2264 partem
2752 2204 2939 2266 egregie

1638 2282 1928 2327 elaboratam
1964 2294 2084 2339 esse,
2120 2287 2305 2339 partem
2342 2278 2651 2338 inprimisque
2686 2277 2941 2323 conciones

1639 2364 1686 2399 et
1706 2354 1944 2412 colloquia
1969 2354 2098 2396 omni
2125 2361 2224 2397 arte
2250 2365 2434 2406 carere,
2455 2350 2549 2394 hoc
2572 2348 2722 2394 modo
2740 2349 2899 2411 pergit
2922 2365 2936 2395 t

1639 2416 1699 2470 ὧν
1730 2418 2350 2489 προνοούμενος...’γέγραφεν.
2373 2425 2484 2469 Haec
2519 2423 2602 2482 qui
2626 2422 2725 2467 sola
2756 2422 2948 2484 legerit,

1639 2500 1757 2543 nihil
1795 2498 1924 2543 aliud
1953 2495 2212 2558 significare
2244 2511 2379 2556 posse
2415 2495 2602 2556 putabit
2623 2509 2766 2554 quam
2801 2494 2895 2541 hoc
2926 2510 2940 2540 ε

1641 2571 1965 2632 Thucydidem
1985 2571 2300 2626 orationibus,
2324 2584 2438 2628 quas
2454 2584 2554 2612 non
2574 2569 2681 2613 satis
2691 2568 2943 2613 *elaboras-

1641 2655 1731 2702 set,
1751 2644 1976 2690 secundas
1992 2659 2124 2689 curas
2143 2643 2366 2689 adhibere
2385 2643 2698 2699 constituisse,
2717 2642 2768 2687 id
2787 2650 2944 2688 tamen

1642 2733 1742 2762 non
1775 2716 1950 2760 factum
1973 2731 2093 2772 esse,
2129 2716 2436 2774 relictamque
2464 2713 2561 2772 ejus
2582 2714 2827 2759 historiam
2856 2716 2946 2760 im-

1642 2790 1926 2850 perfectam,
1963 2799 2235 2849 propterea,
2271 2797 2326 2832 ut
2360 2787 2564 2842 videtur,
2594 2787 2726 2846 quod
2759 2796 2945 2847 auctor,
2984 2783 2985 2786 ¹

1643 2863 1917 2923 priusquam
1937 2861 2056 2906 illud
2080 2861 2326 2906 consilium
2345 2869 2695 2919 exsequeretur,
2723 2859 2849 2904 diem
2871 2875 2947 2905 su-

1644 2950 1856 2996 premam
1880 2935 2067 2979 obierit.
2106 2933 2258 2993 quue
2288 2933 2502 2992 inprimis
2539 2932 2601 2977 ad
2636 2941 2854 2977 octavum
2886 2933 2947 2976 li-

1646 3011 1786 3055 brum
1823 3008 2127 3070 referremus,
2162 3008 2213 3050 in
2243 3022 2339 3066 quo
2363 3007 2551 3051 nonnisi
2582 3006 2797 3066 quaedam
2819 3007 2950 3067 quasi

1647 3083 1821 3128 semina
1839 3083 2106 3126 orationum
2129 3095 2284 3140 sparsa
2306 3089 2436 3137 sunt,
2461 3088 2826 3139 putaremusque
2839 3080 2952 3124 huic

1649 3169 1842 3216 quoque
1864 3155 2143 3214 scriptorem
2160 3154 2446 3198 inserturum
2469 3152 2609 3197 fuisse
2630 3147 2894 3208 orationes,
2914 3152 2952 3216 si

1707 3368 1834 3408 Multa
1849 3368 2042 3419 praeterea
2062 3378 2132 3418 per
2147 3367 2275 3407 totam
2292 3366 2508 3407 Historiam
2523 3365 2768 3416 Thucydidis
2782 3365 2877 3407 licet
2891 3366 2954 3406 in·
2984 3372 2989 3378 ·

1655 3434 1790 3474 venire
1801 3464 1812 3483 ,
1826 3444 1919 3483 quae
1934 3434 2006 3472 aut
2020 3443 2178 3473 summa
2190 3443 2294 3479 ‚cura
2309 3432 2510 3471 elaborata
2525 3434 2620 3471 sunt
2630 3462 2642 3482 ,
2660 3433 2706 3471 ut
2725 3442 2854 3483 neque
2865 3430 2957 3471 addi
2972 3438 2995 3483 .;π

1657 3499 1877 3550 quidquam
1899 3509 2031 3548 neque
2053 3497 2208 3537 detrahi
2224 3497 2374 3548 possit,
2393 3498 2464 3536 aut
2478 3499 2562 3536 tam
2582 3497 2824 3553 negligenter
2838 3499 2960 3548 atque

1658 3560 1771 3610 quasi
1791 3571 1912 3600 cursu
1931 3556 2079 3610 scripta
2093 3590 2105 3610 ,
2123 3561 2236 3599 utne
2257 3558 2464 3598 minimam
2489 3557 2651 3610 quidem
2680 3559 2852 3610 speciem
2877 3570 2961 3610 prae
2989 3550 2996 3601 ζ’

1659 3637 1701 3665 se
1723 3626 1854 3666 ferant
1869 3626 2027 3666 eximiae
2043 3626 2149 3666 illius
2163 3626 2206 3665 in
2221 3624 2390 3665 dicendo
2406 3624 2629 3674 facultatis;
2658 3624 2781 3675 idque
2803 3625 2960 3676 potissi-
2998 3635 3001 3660 t

1660 3700 1774 3728 mum
1809 3690 1850 3729 in
1894 3690 2176 3740 concionibus,
2208 3690 2250 3728 in
2288 3688 2498 3740 colloquiis
2540 3688 2708 3739 aliisque
2739 3676 2960 3730 rlietorieis.
2992 3685 2993 3688 ’

1663 3755 1781 3801 Quod
1796 3755 1969 3796 sentiens
1994 3755 2246 3806 Thucydides
2274 3754 2550 3806 imperfectam
2578 3753 2739 3794 videtur
2758 3753 2965 3797 historiam
2991 3763 2996 3775 ‘

1663 3820 1893 3871 reliquisse,
1925 3821 1972 3860 ut
2003 3820 2126 3860 tradit
2162 3820 2284 3860 etiam
2313 3819 2547 3869 Cratippus,
2579 3819 2652 3869 qui
2685 3814 3015 3876 aequalts‘ejut‘

1664 3884 1738 3923 fuit
1754 3885 1794 3923 et
1808 3884 1859 3923 ab
1874 3895 1920 3923 eo
1935 3885 2082 3924 omissa
2097 3883 2269 3934 collegit.
2287 3915 2289 3918 .
2306 3882 2412 3923 Dicit
2432 3882 2539 3922 enim
2559 3883 2760 3923 orationes
2773 3883 2862 3924 illas
2882 3888 2975 3925 non'
2992 3922 2994 3925 .

1666 3949 1786 3988 modo
1810 3949 1929 3989 rebus
1948 3950 2041 4000 ipsis
2063 3960 2150 3989 esse
2169 3948 2476 3999 impedimentO,
2494 3959 2636 3988 verum
2659 3949 2780 3988 etiam
2805 3948 2966 3988 audito-

1667 4014 1776 4053 ribus
1803 4015 1994 4054 molestas
2016 4030 2026 4055 ι
2045 4014 2164 4064 idque
2189 4013 2426 4054 sentientem
2456 4012 2730 4063 Thucydidem
2767 4012 2898 4052 nullas
2925 4011 3016 4103 1114

1668 4078 1809 4117 ultima
1836 4078 2010 4118 historiae
2029 4080 2142 4130 parte
2165 4077 2372 4117 ‘orationes
2389 4076 2644 4127 adJunxisse,
2664 4076 2739 4116 etsi
2769 4076 2896 4116 multa
2923 4075 2977 4119 ίιι·
3002 4081 3016 4140 Γ,

1670 4142 1779 4181 ionia
1793 4154 1841 4181 ac
1856 4143 1986 4182 multa
2011 4142 2174 4183 Athenis
2191 4141 2437 4190 evenissent,
2455 4152 2546 4191 qum
2564 4140 2708 4181 habitis
2719 4141 2971 4185 sermonibus
3008 4152 3016 4179 ·.

1669 4209 1709 4246 et
1736 4206 1983 4246 orationibus
1998 4208 2199 4247 transacta
2222 4208 2366 4246 essent.
2393 4206 2544 4252 Quodsi
2565 4205 2656 4256 quis
2677 4205 2850 4256 primum
2873 4216 2985 4259 eiu-c
3014 4205 3016 4261 J

1670 4274 1814 4310 octavo
1849 4272 1950 4311 libro
1981 4273 2182 4323 conserat,
2215 4283 2308 4312 eum
2347 4270 2646 4312 intellecturum
2676 4281 2756 4311 non
2791 4271 2967 4322 eiusdem
