3008 4542
209 294 300 334 53⁴

208 396 293 439 τῶν
308 389 515 456 ἀστέρων.
530 387 617 438 Τὸν
630 386 713 452 γὰρ
728 386 958 450 λεγόμενον
974 383 1137 450 Κρόνον
1151 383 1312 448 ἀστέρα
1327 382 1505 431 ἐκάλουν

209 464 280 511 τὸν
299 463 551 525 λάμποντα,
575 459 646 507 τὸν
670 458 715 508 δὲ
739 457 837 513 Διὸς
859 457 932 505 τὸν
955 458 1188 523 φαέθοντα,
1207 455 1279 503 τὸν
1298 455 1342 503 δὲ
1359 451 1506 520 Ἄρεος

210 537 282 583 τὸν
317 534 518 600 πυρώδη,
541 531 613 579 τὸν
643 529 688 579 δὲ
715 530 963 621 Ἀφροδίτης
989 529 1060 576 τὸν
1085 527 1330 586 κάλλιστον,
1360 527 1432 574 τὸν
1461 526 1506 574 δὲ

212 608 378 673 Ἐρμοῦ
403 625 474 653 τον
500 603 761 652 στίλὸοντα·
786 602 913 650 ἅτινα
939 600 1049 665 μετὰ
1072 605 1210 648 ταῦτα
1249 599 1454 656 Σωτάτης
1486 602 1507 645 ὃ

212 681 457 767 σοφώτατος
477 676 722 742 ἡρμήνευσε
744 678 824 740 (In
841 686 991 722 antec.
1017 691 1064 736 p.
1093 681 1152 727 24
1179 674 1395 718 laudatur
1413 673 1508 718 Πα-

212 752 416 816 λαίφατος
441 752 463 796 ὁ
494 749 739 816 σοφώτατος
768 747 1041 812 χρονόλογος.
1067 747 1200 792 Idem
1225 747 1362 790 etiam
1393 747 1442 789 h.
1475 746 1507 792 l.

213 822 563 885 reponendus).
591 823 658 869 Cf.
683 822 834 868 Idem.
853 837 901 881 p.
932 819 1029 880 59:
1055 815 1304 876 Αἰγυπτίων
1330 814 1374 862 δὲ
1399 814 1511 862 ἐδα-

214 895 384 941 σίλευσε
419 897 585 958 πρῶτος
627 890 827 957 βασιλευς
861 910 937 948 της
973 890 1108 954 φυλῆς
1140 892 1216 934 τοῦ
1255 886 1386 949 Χάμ,
1418 889 1510 934 υἱοῦ

214 970 342 1029 Νῶε,
371 964 544 1032 Φαραὼ
568 968 590 1012 ὁ
625 984 698 1011 και
723 961 920 1028 Ναραχι)
940 960 1219 1021 καλούμενος.
1247 957 1318 1007 Τὰ
1339 963 1410 1006 οὖν
1430 958 1513 1024 πρὸ

213 1039 365 1086 τούτου
382 1037 550 1085 παλαιὰ
575 1036 773 1101 βασίλεια
793 1032 1044 1098 Αἰγυπτίων
1076 1031 1239 1085 ἐξέθετο
1260 1030 1470 1079 Μανεθὼν
1491 1033 1514 1078 ὃ

216 1114 484 1179 σοφώτατος,
519 1115 576 1165 ὣς
610 1109 876 1176 προείρηται,
906 1110 1123 1155 Ceterum
1139 1108 1175 1151 si
1191 1122 1298 1151 vere
1316 1107 1386 1151 his
1407 1122 1515 1152 cum

217 1200 379 1234 nostro
414 1188 695 1232 Manethone
728 1182 907 1242 aliquid
934 1194 1182 1226 commune
1208 1188 1299 1239 est,
1326 1194 1379 1222 ea
1413 1194 1515 1238 quae

216 1261 278 1308 de
311 1262 605 1321 planetarum
656 1255 923 1305 nominibus
961 1253 1240 1308 afferuntur,
1297 1250 1356 1294 ad
1397 1251 1515 1309 Phy-

215 1336 308 1378 sica
330 1331 624 1377 Manethonis
643 1327 889 1372 referenda
909 1335 1031 1370 sunt.
1062 1327 1170 1369 Post
1196 1324 1368 1367 Thulin
1389 1322 1515 1382 apud

217 1407 432 1451 Malalam
455 1404 666 1462 sequitur
685 1400 915 1454 Sesostris,
937 1413 1076 1457 quem
1084 1397 1177 1456 jam
1199 1396 1519 1441 Dicaearchum

217 1478 369 1522 statim
385 1484 491 1536 post
511 1477 693 1519 Horum
714 1472 855 1516 deum
866 1485 1142 1514 memorasse
1159 1468 1517 1527 vidimusfshu-

219 1551 274 1595 lis
298 1550 401 1605 ille,
428 1562 569 1607 quem
590 1555 760 1590 terram
779 1545 1017 1589 Oceanum
1039 1557 1185 1601 usque
1211 1548 1518 1601 expugnasse,

219 1629 265 1665 et
279 1620 522 1665 Ammonis
545 1618 786 1662 oraculum
804 1616 1035 1673 Libycum
1055 1615 1216 1658 adiisse
1236 1614 1404 1657 Malala
1419 1628 1521 1657 nar-

217 1703 292 1738 rat
312 1693 405 1748 (Cf.
427 1691 557 1736 Suid.
575 1707 618 1735 v.
646 1686 990 1748 Θοῦλις),1]ἕιι1(1
1007 1687 1148 1730 dubie
1159 1686 1285 1730 idem
1309 1694 1521 1744 estatque

221 1762 382 1816 Βύδις
417 1763 631 1818 Eusebii,
657 1769 915 1822 postremus
953 1759 1174 1814 deorum,
1218 1758 1302 1820 (V.
1332 1757 1388 1801 fr.
1419 1773 1460 1802 1.
1485 1754 1519 1819 ).

288 1840 548 1894 Antequam
573 1834 634 1878 ad
669 1833 907 1891 sequentia
933 1832 1227 1875 Manethonis
1247 1844 1519 1890 pergamus,

220 1923 461 1968 apponere
507 1908 659 1951 liceat.
720 1904 988 1950 Chronicon
1039 1904 1310 1964 AEgyptium
1327 1939 1340 1959 ‚
1394 1901 1525 1960 quod

219 1983 362 2025 Vetus
380 1980 525 2039 vulgo
552 1978 740 2033 dicitur,
762 1986 808 2020 et
828 1976 1028 2020 deorum
1045 1985 1091 2019 et
1118 1975 1387 2019 mortalium
1403 1982 1525 2017 tem-

220 2068 341 2112 pora
357 2051 684 2111 complectens.
709 2047 827 2092 Huic
849 2048 1063 2107 deinceps
1084 2046 1416 2106 subjungemus
1434 2062 1526 2090 no-

220 2127 344 2168 mina
369 2139 528 2183 regum
545 2156 556 2177 ,
581 2137 682 2181 quae
710 2122 761 2165 in
783 2121 892 2165 serie
911 2120 1194 2165 Carnaciana
1217 2128 1263 2162 et
1293 2120 1342 2162 in
1366 2119 1523 2163 tabula

221 2197 448 2257 Abydena
483 2196 722 2255 leguntur.

338 2301 534 2349 VETUS
570 2303 742 2360 QUOD
777 2302 1008 2347 DICUNT
1044 2300 1414 2346 CHRONICON.

291 2410 530 2470 Syncellus
549 2410 769 2454 Chronic.
792 2425 840 2469 p.
867 2407 923 2454 51
942 2444 956 2466 ‚
976 2410 1012 2453 B
1037 2408 1114 2455 ed.
1138 2408 1283 2452 Paris.
1312 2421 1325 2453 ε

291 2479 485 2545 Φέρεται
503 2479 606 2545 παρ’
631 2479 881 2542 Αἰγυπτίοις
904 2478 1092 2526 παλαιόν
1115 2497 1155 2524 τι
1174 2483 1524 2543 χρονογραφεῖον,

227 2552 269 2608 ἐξ
301 2546 347 2600 οῦ
379 2553 452 2600 καὶ
477 2551 550 2600 τὸν
576 2554 765 2600 Μανεθῶ
786 2553 1092 2609 πεπλανῆσθαι
1121 2553 1307 2613 νομίζω,
1327 2549 1528 2614 περιέχον

227 2624 264 2672 λ’
286 2626 542 2672 δυναστειῶν
568 2627 610 2671 ἕν
631 2625 794 2687 γενεαῖς
813 2622 1048 2692 πάλινιριγ’
1071 2622 1225 2688 χρόνον
1254 2622 1430 2688 ἄπειρον
1454 2622 1529 2669 καὶ

227 2701 273 2746 οὗ
292 2699 364 2747 τὸν
397 2698 523 2745 αὐτὸν
546 2697 590 2745 ὃν
614 2698 665 2764 (ι)
693 2700 879 2746 Μανεθῶ
894 2700 938 2746 ἐν
959 2691 1140 2763 μυριάσι
1158 2696 1273 2762 τρισὶ
1291 2696 1365 2744 καὶ
1390 2695 1527 2763 ,ςφκέ

228 2770 371 2836 (36525)
388 2809 401 2834 ,
432 2774 599 2835 πρῶτον
621 2770 699 2833 μὲν
718 2773 803 2818 τῶν
823 2770 1020 2836 Ἀεριτῶν
1049 2771 1124 2834 (2),
1157 2768 1352 2834 δεύτερον
1375 2768 1420 2816 δὲ
1444 2772 1527 2816 τῶν

226 2843 510 2908 Μεστραίων,
545 2842 685 2909 τρίτον
722 2842 765 2890 δὲ
794 2842 1062 2906 Αἰγυπτίων,
1088 2839 1204 2889 οὕτω
1227 2861 1320 2895 πως
1344 2841 1414 2890 ἐπὶ
1451 2839 1526 2888 λε’-

229 2916 332 2971 ξεως
351 2915 465 2980 ἔχον·

232 3026 265 3056 ιι
290 3012 446 3060 Θεῶν
465 3007 720 3073 βασιλεία
749 3007 960 3056 κατὰτὸ
981 3007 1222 3057 Παλαιὸν
1242 3006 1531 3070 Χρονικόν.

230 3103 364 3167 Ἡφα
378 3101 460 3148 ίστ
473 3120 526 3148 ου
544 3101 693 3165 χρόνος
710 3103 786 3148 οὐκ
805 3100 896 3147 ἔστι
921 3099 991 3147 διὰ
1010 3099 1062 3146 τὸ,
1077 3099 1226 3154 νυκτὸς
1242 3098 1315 3146 καίΙ

295 3172 462 3237 ἡμέρας
487 3173 614 3219 αὐτὸν
644 3171 825 3236 φαίνειν.

229 3246 293 3296 Ἥ
307 3249 334 3293 λ
347 3265 419 3300 ιος
447 3243 688 3311 Ἡφαίστου
721 3244 998 3292 ἐὸασίλευσεν
1023 3245 1128 3292 ἐτῶν
1163 3243 1322 3310 μυριά-

292 3319 368 3372 δας
378 3320 505 3382 τρεῒς,
1422 3331 1534 3363 30000

231 3386 419 3436 Ἔπειτα
441 3391 482 3436 Κ
498 3408 519 3453 ρ
534 3387 556 3435 ό
569 3407 623 3435 νο
639 3408 679 3447 ς,
705 3388 807 3452 φησὶ
822 3426 834 3448 ,
853 3389 928 3436 καὶ
949 3389 987 3435 οἱ
1014 3387 1157 3436 λοιποὶ
1180 3387 1337 3440 πάντες
1503 3398 1524 3416 ’

298 3460 406 3508 θεοὶ
431 3459 639 3507 δώδεκα
664 3459 948 3507 ἐδασίλευσαν
973 3459 1047 3519 ἔτη
1075 3461 1259 3524 ,γ’ῙῑαπδἌ
1446 3473 1535 3506 3984

232 3530 1301 3597 Ἔπειταήμίθεοιβασιλεῖςόκτὼέτησιζ’.
1469 3546 1533 3580 217

235 3604 325 3654 Καὶ
362 3609 456 3667 μετ’
496 3604 648 3656 αὐτοὺς
670 3604 854 3666 γενεαὶ
890 3605 944 3651 ιε’
984 3608 1219 3653 Κυνικοῦ
1252 3603 1334 3652 κύ-

299 3679 426 3724 κλου
452 3677 755 3742 ἀνεγράφησαν
777 3678 818 3723 ἐν
845 3675 980 3723 ἔτεσιν
1006 3677 1128 3739 υμγ’.
1358 3692 1398 3723 15
1466 3690 1535 3723 44³

234 3741 344 3796 Εἶτα
391 3750 636 3798 Τανιτῶν
682 3747 740 3801 ις’
777 3747 1029 3805 δυναστεία,
1072 3751 1228 3811 γενεῶν
1267 3747 1336 3810 η’,

300 3823 405 3868 ἐτων
432 3824 499 3887 {³4-
1377 3837 1400 3868 8
1468 3836 1539 3869 Ιοι)

203 3894 207 3898 ’
238 3892 353 3958 ΙΙρος
388 3886 449 3947 οἷς
484 3892 534 3949 ιζ’
569 3891 795 3940 δυναστεία
831 3894 1145 3956 Μεμφιτῶν,
1179 3911 1334 3955 γενεων

302 3964 357 4026 δ’,
385 3968 490 4012 ἐτῶν
518 3965 597 4031 ργ’.
1377 3982 1399 4013 4
1470 3982 1532 4013 103

237 4038 345 4086 Μεθ’
384 4038 452 4092 οὒς
482 4038 538 4095 ιη’
579 4037 805 4085 δυναστεία
832 4039 1141 4102 Μεμφιτῶν,
1179 4040 1333 4099 γενεῶν

306 4111 374 4170 ιδ’,
398 4113 501 4157 ἐτῶν
522 4110 642 4172 τμη’.
1363 4124 1403 4156 ιι
1469 4124 1533 4156 348

1150 275 1568 325 MANETHONIS
1602 275 1997 325 SEBENNYTAE

1580 381 1768 434 Ἔπειτα
1794 385 1843 432 ιθ’
1861 384 2088 434 δυναστεία
2113 387 2242 434 Διοσ
2253 389 2500 448 πολιτῶν,
2522 393 2677 453 γενεῶν
2735 409 2737 411 ’

1649 458 1708 516 ε’,
1738 461 1843 507 ἐτῶν
1867 459 1975 525 ρζδ’.
2723 481 2745 512 5
2800 479 2874 512 'wi

1585 524 1696 579 Εἶτα
1717 534 1756 579 κ’
1780 531 2009 607 δυναστεία
2037 535 2283 581 Διοσπολ
2297 535 2422 581 ιτῶν
2441 536 2599 598 Ῡενεῶν
2618 535 2662 594 η’
2665 574 2678 594 ,

1651 605 1755 651 ἐτῶν
1781 603 1896 662 σκη’.
2056 643 2060 647 .
2725 626 2747 657 8
2813 625 2878 656 228

1584 673 1772 726 Ἔπειτα
1807 676 1877 724 κα’
1904 677 2131 725 δυναστεία
2162 681 2272 727 Ταν
2284 698 2376 726 ιτω
2389 698 2429 743 ν,
2454 682 2609 744 γενεῶν
2636 680 2679 734 ς’

1654 751 1758 796 ἐτῶν
1784 749 1899 812 ρκα’.
2726 770 2748 800 ο
2817 770 2877 802 121

1587 821 1696 871 Εἴτα
1715 820 1783 868 κδ’
1809 821 2034 869 δυναστεία
2051 825 2160 872 Ταν
2173 826 2308 884 ιτῶν,
2328 827 2484 888 γενεῶν
2509 823 2563 890 γ’,
2577 827 2683 873 ἐτῶν

1655 894 1748 956 μη’.
2751 915 2773 949 3
2837 915 2882 947 ιε

1587 966 1777 1016 Ἔπειτα
1812 967 1880 1032 κγ’
1919 968 2145 1016 δυναστεία
2178 972 2270 1017 Διο
2283 971 2417 1018 σπολ
2431 990 2478 1017 ιτ
2490 974 2572 1030 ῶν,
2609 991 2684 1036 γε-

1655 1043 1760 1087 νεῶν
1787 1043 1841 1103 β’,
1865 1043 1970 1088 ἓτῶν
1995 1039 2063 1090 ιθ’.
2562 1094 2565 1096 μ
2751 1062 2772 1093 2
2843 1061 2886 1093 19

1591 1103 1701 1159 Εἶτα
1732 1112 1796 1158 κδ’
1824 1111 2052 1159 δυναστεία
2074 1114 2301 1172 Σαϊτῶν,
2325 1117 2480 1176 γενεῶν
2502 1115 2560 1179 γ’,
2582 1118 2688 1164 ἐτῶν

1659 1183 1745 1246 μδ’.
2757 1205 2780 1238 3
2845 1204 2888 1237 44
2951 1226 2953 1229 .

1594 1256 1708 1323 Πρὸς
1732 1261 1792 1310 οἱς
1817 1256 1878 1304 κε’
1904 1256 2130 1305 δυναστεία
2151 1256 2435 1317 Αἰθιόπων,
2460 1260 2674 1324 γενεῶνγ’
2678 1297 2691 1319 ,
2955 1313 2959 1322 7

1660 1331 1766 1376 ἐτων
1788 1328 1880 1392 μδ’.
2757 1348 2779 1382 3
2844 1348 2890 1382 44

1595 1401 1703 1451 Μεθ’
1728 1401 1798 1456 οὒς
1820 1402 1890 1455 κς·’
1930 1403 2155 1450 δυναστεία
2190 1405 2506 1470 Μεμφιτῶν,
2538 1409 2694 1468 γενεῶν

1663 1480 1715 1539 ζ’,
1737 1483 1841 1528 ἐτῶν
1865 1479 1966 1545 ροζ’.
2740 1499 2762 1532 7

1602 1554 1688 1602 Καὶ
1722 1553 1832 1615 μετὰ
1855 1553 1934 1606 τὰς
1957 1554 2028 1608 κς·’
2056 1553 2320 1619 δυναστείας·
2336 1554 2606 1619 [Αἰγυπτίων
2630 1555 2694 1611 κζ’

1665 1627 1912 1691 δυναστεία]
1939 1630 2117 1691 Περσῶν
2143 1627 2194 1685 ε’,
2217 1629 2320 1674 ἐτῶν
2349 1628 2457 1690 ρκδ’.
2739 1646 2767 1681 5,
2834 1646 2894 1678 124

1599 1705 1860 1768 [Excidisse
1890 1716 2097 1751 statuunt
2122 1706 2235 1766 dyn.
2262 1707 2467 1753 XXVIII
2498 1706 2633 1753 Saitae

1663 1779 1799 1823 unius
1821 1794 2053 1824 annorum
2075 1795 2169 1826 sex,
2762 1797 2777 1828 ι
2847 1781 2901 1846 6]
2967 1799 2972 1820 ·'

1600 1847 1789 1899 Ἔπειτα
1812 1850 1877 1898 κθ’
1913 1851 2141 1898 δυναστεία
2167 1853 2426 1910 Τανιτῶν,
2454 1852 2609 1913 γενεῶν
2622 1851 2670 1875 *⁴²

1617 1919 1630 1931 ·
1668 1924 1773 1969 ἐτῶν
1794 1921 1875 1969 λε’.
2745 1924 2787 1945 “
2853 1941 2898 1974 a»
2964 1923 2970 1932 ·’
3001 1915 3006 1986 ‘f

1604 2000 1977 2056 Καὶέπὶπάσαςλ’
1989 2001 2614 2063 δυναστείαΤανίτουὲνός,ἔτη
2627 2004 2698 2063 ιη’.
2858 2021 2900 2053 18
2962 1982 2971 2029 ξ

1603 2076 1675 2123 Τὰ
1698 2073 1842 2120 πάντα
1878 2078 1986 2135 ὁμοῦ
2021 2078 2105 2121 τῶν
2137 2074 2174 2122 λ’
2201 2076 2457 2122 δυναστειῶν
2497 2076 2572 2135 ἔτη
2597 2077 2685 2140 Μγ’
2714 2078 2897 2142 (30‚000)
2964 2070 2978 2108 Ῐ
3002 2066 3007 2137 ,ss

1670 2145 1790 2210 ςφκε’
1817 2149 1925 2208 (6525
1941 2147 1974 2209 ).
3003 2145 3006 2155 ⁸

1670 2228 1826 2275 Ταῦτα
1870 2225 2165 2288 ἀναλυόμενα,
2205 2224 2341 2273 εἴτουν
2378 2226 2657 2291 μεριζόμενα,
2689 2227 2810 2295 παρὰ
2846 2228 2902 2277 τὰ

1606 2296 1741 2363 ,αυξοί
1765 2299 1781 2362 (
1799 2300 1910 2362 ιιθι)
1933 2298 2007 2357 ἔτη
2027 2297 2161 2346 εἴκοσι
2177 2303 2397 2360 πεντάκις,
2421 2297 2499 2357 τὴν
2523 2300 2627 2365 παρ’
2649 2300 2902 2365 Αἰγυπτίοις

1605 2371 1680 2418 καὶ
1697 2370 1913 2429 “Έλλησιν
1939 2370 2295 2419 ἀποκατάστασιν
2316 2376 2390 2419 τοῦ
2413 2373 2624 2427 ζωδιακοῦ
2646 2376 2902 2438 μυθολογου-

1607 2442 1739 2506 μένην
1765 2445 1909 2504 δηλοῒ,
1925 2444 2043 2492 τοῦτ’
2066 2443 2157 2491 ἔστι
2176 2444 2253 2502 τὴν
2279 2444 2364 2492 ἀπὸ
2383 2449 2459 2492 τοῦ
2486 2445 2615 2493 αὐτοῦ
2636 2446 2817 2506 σημείου
2831 2447 2903 2496 ἐπὶ

1605 2516 1655 2564 τὸ
1692 2516 1796 2564 αὗτὸ
1823 2518 2017 2580 σημεῖον,
2049 2514 2076 2564 ὅ
2108 2519 2199 2564 ἐστι
2233 2520 2403 2582 πρῶτον
2427 2518 2583 2565 λεπτὸν
2622 2521 2698 2576 τ’ἧς
2731 2518 2904 2584 πρώτης

1607 2589 1759 2655 μοίρας
1782 2594 1854 2637 τοῦ
1896 2593 2145 2655 ἰσημερινοῦ
2175 2590 2349 2650 ζωδίου,
2385 2594 2504 2655 κριοῦ
2528 2591 2760 2655 λεγομένου
2797 2593 2920 2658 παρδ
2966 2587 2969 2592 ’

1607 2665 1771 2722 αὐτοῖς,
1795 2662 1942 2729 ὥσπερ
1963 2683 2036 2711 και
2062 2664 2104 2710 ἐν
2125 2664 2210 2718 τοῖς
2228 2666 2468 2717 Γενικοῖς
2488 2668 2577 2711 τοῦ
2600 2663 2799 2730 Ἑρμοῦ
2826 2665 2902 2713 καὶ

1606 2755 1648 2783 εν
1677 2736 1972 2800 Κυραννίσι
1996 2735 2204 2800 βίὸλοις
2227 2734 2411 2802 εἴρηται.

1671 2808 1894 2857 Ἐντεῦθεν
1913 2807 1957 2857 δὲ
1975 2805 2096 2872 οἶμαι
2114 2828 2187 2856 και
2200 2810 2473 2871 Πτολεμαῖον
2488 2827 2560 2856 τον
2575 2808 2791 2858 Κλαύδιον
2806 2812 2903 2866 τους

1606 2882 1858 2946 προχείρους
1880 2881 2063 2935 κανόνας
2095 2902 2171 2940 της
2202 2881 2485 2946 ἀστρονομίας
2517 2879 2585 2928 διὰ
2609 2880 2672 2928 κε’
2696 2882 2901 2947 ἑτηρίδων

1607 2954 1863 3017 ψηφίζεσθαι
1883 2953 2143 3002 θεσπίσαι...

1673 3024 1896 3073 Ἐντεῦθεν
1921 3026 1966 3072 δέ
1991 3028 2082 3072 ἔστι
2115 3025 2190 3072 καὶ
2222 3025 2271 3071 τὸ
2302 3024 2559 3090 ἀσύμφωνον
2584 3029 2668 3073 τῶν
2700 3025 2905 3074 τοιούτοιν

1608 3097 1816 3145 ἓκδόσεων
1845 3097 1952 3162 πρός
1970 3117 2016 3144 τε
2036 3097 2111 3152 τὰς
2135 3097 2247 3152 θείας
2270 3094 2395 3160 ἧμῶν
2421 3097 2588 3163 γραφὰς
2603 3098 2678 3146 καὶ
2702 3099 2806 3163 πρὸς
2823 3099 2901 3147 ἄλ·

1606 3171 1719 3227 ληλα
1738 3172 1989 3233 ἐπιγνῶναι,
2010 3170 2076 3219 ὅτι
2093 3170 2201 3228 αὕτη
2221 3170 2295 3233 μὲν
2318 3175 2345 3229 ἡ
2361 3170 2629 3236 παλαιοτέρα
2645 3170 2906 3234 νομιζομένη

1608 3243 1857 3307 Αἰγυπτίων
1885 3243 2111 3310 συγγραφὴ
2144 3243 2384 3309 Ἡφαίστου
2415 3244 2494 3307 μὲν
2528 3244 2703 3306 ἄπειρον
2739 3243 2903 3308 εἰσάγει

1607 3316 1774 3380 χρόνον,
1799 3320 1884 3365 τῶν
1914 3317 1959 3364 δὲ
1985 3319 2146 3364 λοιπῶν
2177 3316 2244 3364 κθ’
2278 3318 2537 3364 δυναστειῶν
2565 3317 2639 3374 ἔτη
2670 3317 2903 3383 τρισμύρια

1608 3390 1763 3454 ,ςφκεᾏ
1785 3389 1924 3438 καίτοι
1943 3394 2016 3437 τοῦ
2032 3389 2274 3456 ςΗφαίστου
2290 3392 2464 3444 πολλοῖς
2482 3389 2594 3438 ἔτεσι
2611 3389 2720 3452 μετὰ
2733 3389 2805 3436 τὸν
2824 3408 2904 3437 κα-

1606 3462 1854 3525 τακλυσμὸν
1874 3461 1948 3510 καὶ
1965 3462 2043 3520 τὴν
2067 3459 2351 3528 πυργοποιίαν
2369 3466 2444 3521 τ’ἧς
2459 3460 2681 3525 Αἰγύπτου
2701 3460 2901 3526 βασιλεύ-

1608 3553 1773 3593 σαντος,
1793 3540 1851 3590 ὡς
1872 3535 2146 3600 δειχθήσεται
2163 3538 2204 3583 ἐν
2227 3538 2291 3601 τῷ
2312 3535 2445 3583 δέοντι
2463 3533 2599 3600 τόπῳ.

1673 3606 1729 3656 Ὃ
1757 3606 1802 3654 δὲ
1828 3607 1932 3673 παρ’
1967 3606 2219 3670 Αἰγυπτίοις
2243 3606 2560 3669 ἐπισημότατος
2582 3607 2771 3654 Μανεθῶ
2801 3605 2901 3672 περὶ

1606 3682 1689 3726 τῶν
1711 3682 1849 3727 αὐτῶν
1869 3679 1908 3727 λ’
1927 3681 2186 3727 δυναστειῶν
2204 3677 2408 3744 γράψας’
2390 3697 2438 3724 εκ
2454 3677 2615 3725 τούτων
2637 3675 2835 3735 δηλαδὴ
2820 3693 2899 3724 Λα·

1608 3751 1699 3800 ὅὼν
1712 3752 1788 3807 τὰς
1783 3753 2017 3836 ΝΧοίφορμὸις
2018 3751 2132 3800 κατὰ
2148 3751 2255 3799 πολυ
2277 3752 2479 3811 διαφωνεῖ
2494 3749 2592 3814 περὶ
2611 3747 2708 3802 τους
2723 3748 2900 3813 χρόνους
2952 3794 2953 3798 ,

1606 3817 1711 3883 πρὸς
1729 3822 1888 3875 ταῦτα,
1911 3817 2054 3871 καθως
2072 3817 2162 3864 ἔστι
2187 3815 2260 3863 καὶ
2281 3817 2331 3862 ἐκ
2346 3834 2431 3862 των
2454 3813 2776 3880 προειρημένων
2794 3818 2898 3876 ἡμῖν

1608 3889 1809 3954 ἀνωτέρω
1836 3894 1986 3950 μαθεῖν
2010 3887 2085 3936 καὶ
2109 3890 2157 3935 ἐκ
2186 3891 2270 3934 τῶν
2307 3885 2400 3944 ἑξης
2421 3885 2771 3976 λεχθησομένων.
2797 3887 2902 3935 Τῶν
2935 3887 2942 3906 ⁷

1605 3961 1688 4054 γὰρ
1711 3963 1784 4025 [εν
1797 3965 1886 4016 τοῖς
1908 3961 2021 4025 τρισὶ
2043 3959 2207 4024 τόμοις]
2234 3958 2313 4023 ριγ’
2336 3977 2491 4022 γενεων
2512 3960 2554 4005 ἐν
2576 3957 2841 4011 δυναστείαις
2857 3957 2896 4005 λ’
2923 3959 2953 4026 ’,λ’

1607 4033 2016 4099 ἀναγεγραμμένων,
2036 4033 2203 4096 αὐτῶ(3
2206 4034 2218 4094 )
2243 4034 2265 4077 ὁ
2287 4030 2437 4095 χρόνος
2471 4029 2526 4076 τὰ
2545 4029 2687 4077 πάντα
2723 4027 2898 4087 συνηξεν
2927 4034 2943 4046 ”

1605 4106 1680 4165 ἔτη
1708 4107 1835 4172 ,γφνὲ
1863 4105 2022 4170 (3555),
2047 4104 2265 4169 ἀρξάμενα
2289 4122 2350 4167 τῳ
2372 4102 2523 4167 αφπς’
2550 4101 2740 4165 (1586)’'
2717 4120 2801 4148 ετει
2822 4104 2904 4148 τοῦ.
2947 4099 2949 4101 ’

241 4249 446 4289 mimam
460 4250 739 4300 ‚Fulqentem
764 4254 863 4297 Quae
884 4250 1019 4299 postea
1039 4248 1221 4299 exposuit
1236 4249 1546 4298 sapientissimus
1566 4248 1827 4297 Palwphaius.

2809 1494 2893 1535 Γ177
2999 1512 3004 1524 ¹
