3016 4628
1111 337 2140 476 DIOSCORIDES.

1668 828 1856 871 oculum
1893 834 2176 883 excusserat3
2196 823 2213 888 )
2237 826 2328 872 Τοῦ
2355 822 2399 871 δὲ
2429 823 2587 878 πάθους
2610 823 2844 887 ὑπόμνημα
2865 826 2957 876 Λυὲ-
2996 830 3002 896 ζ

308 912 606 969 interponere
646 911 779 954 liceat
819 910 1074 968 fragmenta
1119 903 1423 949 Dioscoridis.
1477 903 1593 947 Casu
1667 901 1844 960 κοῧργος
1868 896 2074 960 ἱδρύσατο
2112 901 2187 954 τῆς
2223 895 2403 955 Ἀθηνᾶς
2438 897 2578 962 ἱερὸν,
2619 896 2674 955 ἢν
2709 895 2937 946 Ὀπτιλέτί

309 984 433 1027 enim
464 983 634 1026 factum
666 993 730 1026 est
759 992 810 1025 ut
835 981 994 1024 omissa
1018 979 1107 1020 sint
1137 978 1184 1019 in
1215 976 1336 1018 libro
1361 973 1591 1029 secundo,
1667 970 2016 1033 προσηγόρευσε·
2053 967 2148 1022 τοὺς
2170 967 2254 1034 γὰρ
2293 969 2542 1034 ὀφθαλμοὺς
2575 970 2775 1024 ὄπτίλους
2796 972 2836 1018 οἱ
2858 984 2941 1030 *mi*
2998 1011 3002 1025 f

308 1055 390 1098 ubi
427 1055 724 1099 Dioscorides
759 1069 862 1097 cum
889 1051 1075 1108 reliquis
1106 1049 1318 1092 Isocratis
1358 1046 1594 1104 discipulis
1668 1044 1830 1105 Δωρεῒς
1864 1044 2086 1088 καλοῦσιν.
2123 1039 2269 1091 Ἔνιοι
2304 1041 2450 1104 μέντοι
2487 1041 2559 1088 τὸν
2599 1045 2871 1107 Λυκοῦργον,

311 1126 663 1186 componendus
698 1135 811 1170 erat.
848 1124 1028 1168 Etenim
1063 1119 1388 1165 Dioscoridem
1423 1115 1472 1178 (*)
1512 1117 1593 1175 qui
1667 1113 1741 1161 καὶ
1770 1114 2089 1179 Azooxopfflnc
2071 1114 2185 1163 ἐστιν
2207 1113 2586 1180 ὁσυντεταγμένος
2604 1113 2683 1173 τὴν
2702 1119 2937 1162 Λακωνα
2936 1135 2953 1140 ,
2998 1114 3002 1166 Ξ

310 1196 569 1254 Λακωνικὴν
605 1195 819 1243 πολιτείαν
856 1196 937 1255 (fr.
977 1192 1120 1252 1—3)
1154 1193 1357 1251 scripsit,
1392 1190 1595 1235 eundem
1668 1187 1890 1233 πολιτείαν
1900 1189 2152 1250 ,πληγῆναι
2178 1208 2231 1250 με
2219 1187 2256 1235 ’ν
2280 1190 2502 1254 φασιν,οὖ
2526 1185 2866 1274 τυφλωθῆναιδὲ
2921 1215 2962 1254 ιΕ
2998 1247 3003 1251 Ξ

309 1272 486 1326 habeo,
522 1270 651 1328 cujus
691 1271 833 1314 libros
861 1264 968 1328 Περὶ
1002 1263 1193 1325 νομίμων
1222 1266 1422 1308 citantur
1451 1263 1506 1307 fr.
1544 1268 1589 1315 4.
1668 1257 1910 1326 ὀφθαλμόν·
1937 1259 2049 1307 ἀλλὰ
2073 1260 2148 1308 και
2169 1260 2217 1308 τὸ
2239 1261 2353 1326 ἱερὸν
2378 1281 2432 1323 τῃ
2457 1265 2540 1308 Θεω
2561 1265 2637 1319 τ’ἥς
2662 1257 2740 1308 ἀκέ
2723 1278 2850 1315 -σεως
2862 1266 2957 1325 χά
2998 1261 3004 1312 ζ

311 1342 458 1401 Hujus
476 1359 588 1386 vero
615 1343 769 1401 operis
795 1355 902 1400 pars
936 1338 1108 1381 fue1int
1132 1352 1207 1391 ea,
1250 1351 1351 1394 quae
1374 1333 1484 1396 Περι
1507 1335 1592 1380 τῶν
1642 1331 1888 1399 ,ριστήριον
1905 1333 2174 1398 ἱδρύσασθαι.
2188 1338 2259 1381 De
2273 1352 2380 1382 rev,
2395 1337 2580 1381 Muller.
2601 1337 2714 1384 Dor.
2736 1337 2848 1396 1‚p.
2873 1335 2951 1382 13
2998 1320 3004 1396 Ξ

310 1412 412 1475 παρ’
434 1412 769 1477 Ὁμηρῳνόμων
794 1414 1009 1471 leguntur
1030 1406 1242 1469 fragm&
1259 1407 1380 1462 ub1
1397 1408 1596 1452 Diosco-
1628 1417 1633 1456 Ξ
1671 1416 1715 1452 et·
1741 1406 1850 1466 397.

310 1487 434 1531 rides
467 1487 723 1546 appellatur
753 1486 774 1529 ὁ
815 1483 1083 1545 Ἰσοκράτους
1127 1477 1336 1539 μαθητης.
1378 1481 1519 1539 Quod
1558 1482 1595 1524 si

311 1573 471 1602 verum
497 1569 586 1611 est,
620 1559 798 1602 admitti
835 1556 995 1614 nequit
1026 1554 1294 1611 conjectura
1331 1555 1478 1598 Jonsii
1504 1554 1595 1614 (De

311 1644 399 1674 scr.
421 1630 526 1675 hist.
555 1631 669 1688 phil.
697 1632 764 1683 ΙΙ,
792 1629 845 1684 6,
878 1627 956 1686 5),
992 1628 1072 1685 qui
1101 1635 1314 1670 nostrum
1349 1641 1441 1670 esse
1464 1636 1597 1686 putat

317 1702 633 1745 Dioscoridem
672 1697 745 1761 (μ’)
791 1710 969 1760 patrem
1001 1700 1200 1743 Zenonis
1224 1700 1482 1757 Tarsensis,
1514 1700 1597 1758 qui

311 1789 353 1819 a.
381 1788 471 1830 207
505 1774 759 1832 Chrysippo
784 1774 831 1815 in
851 1773 1003 1816 schola
1029 1772 1242 1815 successit
1274 1769 1350 1831 (V.
1388 1772 1593 1818 Clinton.

312 1845 371 1888 ad
387 1846 435 1888 h.
459 1846 524 1903 a.)
541 1860 554 1904 ,-
569 1861 673 1889 nam
695 1847 915 1888 Isocrates
931 1853 1142 1887 mortuus
1160 1853 1284 1891 esta.
1307 1843 1419 1901 338,
1448 1845 1598 1904 Chry-

296 1919 466 1976 'sippus
489 1933 598 1961 vero
612 1926 743 1962 natus
762 1926 826 1961 est
851 1932 891 1963 a.
923 1916 1016 1960 260
1033 1950 1044 1972 ‚
1069 1932 1164 1975 quo
1196 1924 1411 1976 tempore
1430 1918 1599 1962 Noster
1629 1626 1638 1974 l

305 1991 401 2047 jam
424 2006 559 2034 senex
583 2006 674 2035 esse
699 1991 872 2035 debuit.
901 1991 1053 2047 Quare
1074 1990 1320 2049 Chrysippi
1350 1991 1562 2034 mentio
1550 2007 1600 2034 m
1632 1977 1703 2872 γί

374 840 635 897 Antequam
653 838 711 883 ad
737 837 985 896 discipulos
1005 832 1261 879 Aristotelis
1280 842 1562 876 transeamus
1576 862 1588 883 ‚

2022 1500 2060 1542 E
2094 1498 2280 1543 LIBRO
2316 1498 2610 1544 SECUNDO.

2298 1628 2341 1659 2.

1739 1731 1985 1775 Athenaeus
2009 1732 2071 1775 IV
2087 1746 2175 1790 ,p.
2210 1736 2315 1788 140,
2340 1732 2413 1775 B:
2439 1726 2568 1776 Ἀλλὰ
2604 1726 2690 1790 μὴν
2725 1726 2815 1775 οὔδ’
2838 1729 3002 1795 ὀρθα

1671 1800 1863 1865 γορίσκοι
1887 1800 2112 1862 λέγονται,
2137 1821 2193 1855 ως
2214 1820 2343 1867 φησιν
2362 1804 2384 1848 ὃ
2408 1800 2640 1863 Πολέμων,
2669 1801 2708 1847 οἶ
2730 1802 2948 1863 γαλαθηνο

1671 1875 1836 1963 χοῖροι,
1865 1873 1959 1919 ἀλλ’
1993 1872 2345 1940 ὀρθραγορίσκοι,
2374 1873 2466 1920 ἐπει
2489 1873 2596 1940 πρὸς
2624 1872 2696 1921 τὸν
2721 1872 2869 1940 ὄρθρον
2891 1890 2942 1920 vet

1674 1947 1958 2011 πράσκονται,
1982 1947 2040 1999 ὡς
2067 1947 2280 2035 Περσαῖος
2299 1949 2501 2012 ἱστορεῖ
2483 1966 2524 1994 εν
2543 1949 2596 2010 τῇ
2628 1948 2920 2010 Λακωνικῇπ

1673 2017 1840 2082 λιτεία,
1868 2016 1943 2064 καὶ
1982 2022 2035 2065 Δ·
2023 2018 2289 2083 ιοσκουρίδης
2324 2021 2367 2065 ἐν
2405 2017 2588 2093 δευτερω
2623 2017 2852 2072 Πολιτείας
2892 2037 2948 2066 κα

1675 2091 1951 2157 Ἀριστοκλῆς
1989 2092 2030 2136 ἐν
2069 2093 2131 2155 τῷ
2161 2090 2356 2157 προτέρω
2390 2091 2464 2138 καὶ
2485 2095 2606 2144 ουτος
2630 2091 2710 2147 τῆς
2748 2088 2944 2140 Λακώνω

1675 2161 1910 2216 πολιτείας.

312 2062 474 2121 fragm.
490 2061 514 2105 5
534 2078 631 2105 non
651 2078 675 2106 a
687 2061 1194 2121 Dioscorideprofecta,
1208 2061 1289 2106 sed
1302 2062 1360 2105 ab
1375 2063 1599 2106 Athenaeo

313 2135 577 2193 interposita
601 2150 691 2179 esse
721 2135 931 2194 putanda
956 2143 1037 2179 est.
1063 2161 1124 2168 -—
1159 2135 1378 2179 Ceterum
1412 2136 1476 2178 ita
1499 2150 1600 2179 rem

310 2207 632 2250 Dioscoridem
650 2209 697 2250 in
719 2208 846 2251 libris
870 2208 961 2251 suis
979 2215 1212 2266 tractasse,
1236 2216 1289 2251 ut
1313 2223 1416 2266 quae
1442 2207 1500 2251 de
1523 2208 1601 2250 in-

314 2280 479 2323 stitutis
504 2288 548 2323 et
572 2281 779 2324 moribus
802 2281 1071 2325 Graecorum
1096 2290 1376 2339 exponeret,
1404 2280 1463 2325 ad
1483 2295 1601 2340 prae-

313 2359 443 2408 cepta
464 2351 767 2411 philosophiae
790 2352 977 2396 moralis
1002 2360 1271 2409 revocaret,
1295 2368 1351 2397 ex
1377 2352 1540 2414 fragm.
1573 2351 1598 2397 5

311 2432 436 2480 patet
464 2424 836 2470 luculentissime.

1743 2356 1980 2402 Plutarch.
2020 2356 2190 2416 Agesil.
2230 2371 2272 2400 c.
2320 2353 2379 2400 35
2427 2371 2438 2398 z
2478 2351 2675 2414 Ὀλίγαις
2713 2350 2758 2400 δὲ
2792 2351 2946 2420 {impe

1678 2426 1862 2493 ἡμέραις
1894 2426 1994 2492 περὶ
2034 2426 2113 2484 τὴν
2149 2425 2410 2474 Μαντίνειαν
2422 2424 2746 2516 Νέμαχέσαντο,
2787 2425 2863 2474 καὶ
2932 2453 2950 2465 r·

1678 2500 2029 2563 Ἐπαμινώνδαν,
2042 2500 2126 2558 ἤδη
2144 2504 2383 2564 κρατοῦντα
2393 2501 2476 2545 τῶν
2487 2497 2689 2562 πρώτων,
2704 2497 2766 2546 ἔτι
2782 2499 2820 2546 δ’
2828 2496 2964 2566 ἔγχεε

1680 2592 1806 2635 μενον
1831 2591 1906 2619 και
1927 2571 2283 2620 κατασπεύδοντα
2303 2570 2387 2629 τὴν
2406 2569 2565 2630 δίωξιν,
2588 2569 2865 2636 Ἀντικράτης
2885 2558 2964 2619 Λᾶ

1679 2665 1767 2693 κων
1811 2645 1999 2697 ὑποστὰς
2038 2644 2192 2692 ἔπαισε
2236 2643 2383 2708 δόρατι
2424 2644 2526 2707 μὲν,
2566 2645 2624 2698 ὥς
2661 2642 2963 2709 Διοσκουρίδη

1678 2718 1906 2783 ἱστόρηκε·
1924 2717 2260 2781 Λακεδαιμόνιοι
2285 2716 2330 2765 δὲ
2353 2715 2670 2781 Μαχαιρίωνας
2694 2715 2756 2764 ἔτι
2776 2735 2849 2763 νυν
2878 2735 2950 2764 του

1680 2790 1916 2880 ἀπογόνους
1955 2809 2029 2837 του
2070 2790 2368 2855 Ἀντικράτους
2414 2791 2642 2846 καλοῦσιν,
2679 2791 2738 2842 ὡς
2776 2787 2955 2854 μαχαίρ

606 2533 942 2581 ΛΑΚΩΝΙΚΗ·
981 2533 1302 2581 ΠΟΛΙΤΕΙΑ.

935 2659 975 2687 1.

382 2752 613 2799 Plutarch.
654 2756 766 2812 Lyc.
806 2771 846 2798 c.
897 2771 976 2811 11,
998 2771 1022 2811 7
1054 2753 1335 2819 :(Lycurgo
1373 2755 1606 2800 Alcander

371 2871 424 2918 ζ’)
450 2871 553 2910 Alios
588 2873 831 2913 Dioscorides
860 2874 1068 2914 duodecim
1096 2877 1273 2915 recenset
1305 2876 1466 2915 Jonsius
1486 2879 1526 2923 Ι,
1557 2881 1603 2926 5,
1679 2863 1963 2918 πατάξαντος.
1982 2861 2113 2911 Οὕτω
2149 2861 2233 2928 γὰρ
2259 2862 2523 2924 ἕθαυμαΰαν
2531 2881 2604 2909 καῖ
2629 2860 2948 2926 ὖπερηγᾶπησα

321 2933 383 2968 57.
408 2932 464 2968 DC
484 2931 589 2968 Vffl'la
606 2931 775 2971 nominis
798 2934 992 2982 Sssl'lPtllra
1016 2935 1291 2986 (Διοσκορίδης
1312 2936 1351 2974 et
1375 2936 1604 2986 Διοσκουρί-
1681 2935 1807 2983 αὐτὸν
1833 2935 1953 3002 φόςῳ
1969 2955 2042 2983 του
2058 2936 2111 2983 ⁹1⁴]
2115 2934 2389 2998 παμινώνδου
2413 2937 2592 2992 ζῶντος,
2615 2932 2728 2980 ὥστε
2750 2931 2878 2994 τιμὰς
2896 2953 2948 2995 με

320 2988 399 3083 {pa
415 2988 719 3084 1Διῖιῖρκουρίδας
745 2988 785 3027 in
806 2991 978 3041 inscript.
1000 2993 1202 3043 Boeotica)
1238 2993 1331 3032 vide
1352 2993 1528 3032 Dindors.
1566 2993 1606 3032 in
1681 3011 1750 3056 ἔχε
1756 3008 1830 3055 ίνω
1857 3028 1931 3056 και
1949 3006 2108 3073 δωρεὰς
2126 3007 2427 3073 ψηφίσασθαι
2451 3009 2512 3053 τῶ
2547 3005 2641 3070 γένε
2623 3025 2659 3053 t
2692 3007 2728 3053 δ
2761 3004 2932 3053 ἀτέλεια

321 3071 327 3082 .
366 3056 456 3094 epi.
536 3057 591 3085 es.
613 3058 645 3085 s.
669 3058 706 3086 v.

373 3102 443 3150 (**)
473 3103 609 3142 Libros
634 3115 734 3153 quos
754 3104 926 3144 adhunc
947 3106 1217 3147 Dioscoridem
1237 3108 1394 3159 scripsit
1415 3109 1606 3160 Chrysip·
1640 3114 1697 3189 Ι
1680 3080 1733 3139 ἣν
1776 3080 1838 3128 ἔτι
1884 3080 1959 3128 καὶ
2002 3082 2097 3128 καθ
2139 3084 2256 3143 ἡμᾶς
2299 3078 2390 3145 ἔχει
2428 3077 2758 3143 Καλλικράτης,
2794 3071 2853 3132 Εἷς
2889 3096 2949 3124 τω

322 3170 395 3209 pus
411 3160 501 3199 vide
517 3171 580 3210 ap.
606 3162 714 3210 mog.
733 3164 774 3200 1..
791 3165 885 3211 vu,
916 3168 1000 3205 190.
1029 3170 1112 3205 193.
1135 3171 1222 3206 197.
1246 3170 1336 3206 198.
1359 3173 1448 3207 200.
1468 3173 1554 3206 202.
1685 3153 2025 3219 Ἀντικράτους
2001 3151 2239 3215 απογόνων

543 3286 623 3333 DE
660 3287 966 3337 LACONJCA
1012 3290 1382 3341 REPUBLICA‚
1685 3292 1788 3342 (sub
1805 3292 2076 3350 diluculum)
2095 3293 2293 3342 veneunt,
2322 3293 2368 3330 ut
2386 3294 2564 3331 Persaeus
2581 3289 2702 3330 tradit
2726 3290 2768 3330 in
2791 3289 2918 3331 Laced

1683 3358 1910 3397 moniorum
1926 3360 2022 3408 Rep.
2049 3359 2087 3398 et
2108 3357 2357 3398 Dioscorides
2377 3357 2550 3396 secundo
2564 3356 2805 3407 Reipublicae
2819 3355 2920 3396 libro

944 3401 982 3441 ¹·
1685 3421 1920 3461 Aristocles
1910 3433 1950 3461 m
1974 3424 2103 3472 priore
2124 3421 2340 3469 librorum,
2359 3431 2461 3470 quos
2477 3421 2520 3459 et
2547 3419 2631 3470 ipse
2651 3418 2703 3458 de
2722 3421 2815 3460 La·
2810 3434 2839 3454 ·
2859 3435 2881 3453 2¹-

378 3486 578 3535 Lycuigus
604 3485 652 3524 ad
684 3489 912 3527 memoriam
937 3490 1021 3538 ejus
1051 3491 1107 3530 rei
1135 3492 1390 3532 sanciendam
1421 3493 1608 3533 Minervae
1684 3497 1841 3526 morum
1861 3497 1944 3541 1'01’·
1962 3487 2130 3538 ΒθῑΊΡὸΙῑ·
2934 3475 2938 3482 Ι

326 3548 516 3599 templum
536 3551 666 3599 posuit
687 3550 843 3590 nominc
860 3553 1081 3602 Optiletidis
1100 3570 1107 3593 :
1131 3565 1223 3594 nam
1248 3556 1384 3596 oculos
1403 3556 1611 3598 Dorienses
2132 3568 2134 3570 ·
2306 3560 2348 3600 3.

288 3615 298 3621 “
325 3613 437 3652 istius
448 3612 613 3662 regionis
626 3613 801 3658 ὀπτίλους
815 3619 967 3654 vocant„
987 3620 1176 3657 Auctores
1188 3619 1313 3659 habeo
1324 3650 1335 3669 ‚
1350 3622 1452 3659 inter
1464 3632 1612 3672 eosque

329 3677 593 3718 Dioscoridein
607 3708 617 3726 ‚
635 3678 703 3728 qui
721 3679 771 3717 de
794 3681 989 3730 republica
1006 3685 1195 3731 Spartana
1211 3685 1387 3735 scripsit,
1405 3688 1474 3736 qui
1487 3686 1609 3725 ictum

326 3743 485 3792 quide-m
518 3744 705 3792 menium,
742 3755 817 3782 non
847 3747 976 3783 tamen
1001 3757 1046 3784 co
1066 3750 1225 3796 captum
1254 3752 1475 3798 1.)‹:urgum
1506 3761 1610 3789 asse-

329 3810 416 3845 rant
454 3823 461 3845 2
495 3806 592 3855 quin
632 3806 711 3845 imo
749 3807 962 3855 gratiarum
989 3811 1153 3848 actionis
1177 3814 1335 3851 nomine
1366 3825 1438 3862 pro
1461 3814 1612 3853 medela

325 3870 412 3908 ‹1⁴›ae
431 3870 565 3908 sanum
582 3869 620 3908 id
638 3870 688 3909 ab
709 3881 755 3909 co
771 3872 1030 3911 exstructum.

1739 3657 1880 3697 Paucis
1909 3658 1999 3707 post
2027 3656 2166 3696 diebus
2195 3654 2247 3695 ad
2273 3653 2515 3695 Mantineam
2548 3652 2766 3702 pugnatum
2797 3653 2871 3691 est.
2925 3683 2927 3686 .

1690 3720 2020 3771 Epaminondam,
2043 3730 2170 3770 quum
2188 3718 2338 3769 primos
2356 3717 2397 3757 in
2424 3717 2555 3766 sugam
2571 3714 2772 3764 conjectos
2791 3714 2900 3765 inseq
2928 3727 2932 3745 τ

1677 3789 1814 3834 retur,
1844 3786 2189 3838 AnticratesLaco
2223 3782 2420 3822 sustinens
2448 3780 2558 3820 hasta
2585 3778 2710 3828 feriit,
2743 3779 2789 3818 ut
2817 3777 2902 3829 qui
2925 3808 2928 3810 ,

1687 3848 1936 3889 Dioscorides
1964 3849 2124 3897 narrat3
2157 3857 2252 3886 nam
2281 3843 2574 3887 Lacedaemonii
2596 3853 2665 3883 eos
2695 3842 2766 3893 qui
2789 3841 2840 3882 ab
2880 3863 2883 3867 -
2911 3851 2926 3894 4ᾖ

1687 3917 1798 3954 crate
1817 3924 1940 3964 genus
1963 3913 2117 3953 ducunt
2133 3912 2355 3953 etiamnum
2375 3908 2664 3950 Machaerionas
2681 3908 2850 3956 vocant3
2878 3920 2898 3942 ι’

671 3971 704 4016 Ε
745 3970 929 4018 LlBRO
966 3971 1267 4020 SECUNDO.
1686 3978 1883 4030 μαχαίρᾳ,
1904 3978 1933 4019 i.
1951 3988 1987 4017 e.
2006 3987 2124 4026 ense,
2145 3973 2455 4028 Epaminondam
2471 3971 2726 4024 percusserit.
2747 3969 2854 4011 Adeo
2929 4015 2932 4019 ,

1691 4041 1971 4093 Epaminondae
1985 4043 2114 4081 terror
2129 4051 2266 4080 carum
2279 4038 2481 4089 Spartanis
2499 4036 2584 4087 ejus
2598 4044 2868 4087 percussorem
2926 4083 2930 4091 .

950 4082 991 4120 2‘
1442 4153 1446 4156 ,
1689 4106 1811 4156 didit,
1845 4107 1890 4145 ut
1910 4106 1945 4145 ei
1965 4105 2136 4144 honores
2157 4114 2204 4143 ac
2227 4112 2420 4151 munera,
2446 4098 2667 4151 posteritati
2683 4097 2883 4160 immuni
2909 4094 2920 4154 ἶ,

380 4162 563 4208 Ceterum
595 4171 672 4199 '¹0¹¹
713 4161 1024 4211 orclaaqorisci,
1047 4164 1090 4200 υἱ
1111 4162 1164 4201 ὃῑῑ
1195 4164 1403 4215 Polemon,
1425 4172 1613 4208 vocantur
1686 4171 1962 4216 decreverint3
1994 4180 2074 4220 qua
2094 4169 2213 4208 etiam
2242 4168 2376 4207 nostra
2397 4166 2516 4206 aetate
2543 4163 2774 4205 Callicrates
2799 4172 2853 4201 un
2895 4156 2927 4173 ³*

329 4224 519 4263 iactantes
538 4225 716 4274 porcelli,
739 4226 804 4267 sed
822 4226 1126 4275 orem-0902·1scet
1139 4256 1151 4276 ‚
1165 4229 1269 4278 quod
1296 4233 1384 4280 πρὸς
1402 4234 1464 4271 τὸν
1485 4235 1612 4285 ὄρθρον
1693 4233 1908 4277 Anticratis
1923 4233 2088 4284 posteris
2108 4232 2266 4272 fruitur.
