<?xml version="1.0" encoding="UTF-8"?>
<!DOCTYPE html PUBLIC "-//W3C//DTD XHTML 1.0 Transitional//EN"
    "http://www.w3.org/TR/xhtml1/DTD/xhtml1-transitional.dtd">
<html xmlns="http://www.w3.org/1999/xhtml" xml:lang="en" lang="en">
 <head>
  <title>
</title>
<meta http-equiv="Content-Type" content="text/html;charset=utf-8" />
  <meta name='ocr-system' content='tesseract 3.04.00' />
  <meta name='ocr-capabilities' content='ocr_page ocr_carea ocr_par ocr_line ocrx_word'/>
</head>
<body>
  <div class='ocr_page' id='page_1' title='image "./fragmentahistori02mueluoft_0027.png"; bbox 0 0 3002 4646; ppageno 0'>
   <div class='ocr_carea' id='block_1_1' title="bbox 907 306 1894 362">
    <p class='ocr_par' dir='ltr' id='par_1_1' title="bbox 907 306 1894 362">
     <span class='ocr_line' id='line_1_1' title="bbox 907 306 1894 362; baseline -0.003 -1"><span class='ocrx_word' id='word_1_1' title='bbox 907 308 990 362; x_wconf 82' lang='lat' dir='ltr'>EX</span> <span class='ocrx_word' id='word_1_2' title='bbox 1030 310 1329 362; x_wconf 77' lang='lat' dir='ltr'><strong>HISTORIA</strong></span> <span class='ocrx_word' id='word_1_3' title='bbox 1366 306 1638 360; x_wconf 83' lang='lat' dir='ltr'><strong>DIODORI</strong></span> <span class='ocrx_word' id='word_1_4' title='bbox 1670 306 1894 360; x_wconf 85' lang='lat' dir='ltr'><strong>SICULI.</strong></span> 
     </span>
    </p>
   </div>
   <div class='ocr_carea' id='block_1_2' title="bbox 119 419 1415 1214">
    <p class='ocr_par' dir='ltr' id='par_1_2' title="bbox 119 419 1412 708">
     <span class='ocr_line' id='line_1_2' title="bbox 123 419 1409 492; baseline -0.007 -16"><span class='ocrx_word' id='word_1_5' title='bbox 123 424 492 492; x_wconf 63' lang='grc' dir='ltr'>ΣὊγχωρ-ήσαντος</span> <span class='ocrx_word' id='word_1_6' title='bbox 526 430 570 470; x_wconf 70' lang='grc' dir='ltr'><strong>δε</strong></span> <span class='ocrx_word' id='word_1_7' title='bbox 604 427 678 468; x_wconf 75' lang='grc' dir='ltr'><strong>τοῦ</strong></span> <span class='ocrx_word' id='word_1_8' title='bbox 706 420 955 484; x_wconf 84' lang='grc' dir='ltr'>Δημητρίου</span> <span class='ocrx_word' id='word_1_9' title='bbox 977 420 1074 485; x_wconf 81' lang='grc' dir='ltr'>περὶ</span> <span class='ocrx_word' id='word_1_10' title='bbox 1098 426 1157 468; x_wconf 84' lang='grc' dir='ltr'><strong>ὡν</strong></span> <span class='ocrx_word' id='word_1_11' title='bbox 1179 419 1336 478; x_wconf 84' lang='grc' dir='ltr'>ἠξίουν,</span> <span class='ocrx_word' id='word_1_12' title='bbox 1363 422 1409 467; x_wconf 84' lang='grc' dir='ltr'><strong>οὐ</strong></span> 
     </span>
     <span class='ocr_line' id='line_1_3' title="bbox 122 490 1412 567; baseline -0.007 -22"><span class='ocrx_word' id='word_1_13' title='bbox 122 498 248 559; x_wconf 88' lang='grc' dir='ltr'>μόνον</span> <span class='ocrx_word' id='word_1_14' title='bbox 267 495 470 560; x_wconf 84' lang='grc' dir='ltr'>προδόται</span> <span class='ocrx_word' id='word_1_15' title='bbox 486 500 559 542; x_wconf 78' lang='grc' dir='ltr'><strong>τοῦ</strong></span> <span class='ocrx_word' id='word_1_16' title='bbox 585 491 816 567; x_wconf 87' lang='grc' dir='ltr'>βασιλεως,</span> <span class='ocrx_word' id='word_1_17' title='bbox 834 490 947 538; x_wconf 82' lang='grc' dir='ltr'>ἀλλὰ</span> <span class='ocrx_word' id='word_1_18' title='bbox 966 512 1040 539; x_wconf 90' lang='grc' dir='ltr'><strong>και</strong></span> <span class='ocrx_word' id='word_1_19' title='bbox 1056 498 1192 557; x_wconf 77' lang='grc' dir='ltr'>φονεῖς</span> <span class='ocrx_word' id='word_1_20' title='bbox 1213 490 1412 552; x_wconf 84' lang='grc' dir='ltr'>ἐγενηθη-</span> 
     </span>
     <span class='ocr_line' id='line_1_4' title="bbox 122 563 1411 631; baseline -0.005 -15"><span class='ocrx_word' id='word_1_21' title='bbox 122 589 218 616; x_wconf 90' lang='grc' dir='ltr'>σαν.</span> <span class='ocrx_word' id='word_1_22' title='bbox 291 567 558 631; x_wconf 78' lang='grc' dir='ltr'>Ἀλέξανδρος</span> <span class='ocrx_word' id='word_1_23' title='bbox 587 565 664 628; x_wconf 81' lang='grc' dir='ltr'><strong>μὲν</strong></span> <span class='ocrx_word' id='word_1_24' title='bbox 689 568 759 612; x_wconf 82' lang='grc' dir='ltr'><strong>οὖν</strong></span> <span class='ocrx_word' id='word_1_25' title='bbox 788 564 869 611; x_wconf 81' lang='grc' dir='ltr'><strong>ὑπὸ</strong></span> <span class='ocrx_word' id='word_1_26' title='bbox 893 567 976 610; x_wconf 82' lang='grc' dir='ltr'><strong>τῶν</strong></span> <span class='ocrx_word' id='word_1_27' title='bbox 1002 564 1135 629; x_wconf 81' lang='grc' dir='ltr'>φίλων</span> <span class='ocrx_word' id='word_1_28' title='bbox 1160 582 1306 612; x_wconf 90' lang='grc' dir='ltr'>τουτον</span> <span class='ocrx_word' id='word_1_29' title='bbox 1341 563 1411 610; x_wconf 80' lang='grc' dir='ltr'><strong>τὸν</strong></span> 
     </span>
     <span class='ocr_line' id='line_1_5' title="bbox 119 640 499 708; baseline -0.011 -19"><span class='ocrx_word' id='word_1_30' title='bbox 119 641 274 708; x_wconf 80' lang='grc' dir='ltr'>τρόπον</span> <span class='ocrx_word' id='word_1_31' title='bbox 296 640 499 703; x_wconf 80' lang='grc' dir='ltr'>ἀνῃρέθη.</span> 
     </span>
    </p>

    <p class='ocr_par' dir='ltr' id='par_1_3' title="bbox 121 706 1415 1214">
     <span class='ocr_line' id='line_1_6' title="bbox 185 706 1411 800; baseline -0.007 -39"><span class='ocrx_word' id='word_1_32' title='bbox 185 714 308 771; x_wconf 81' lang='lat' dir='ltr'>XXI.</span> <span class='ocrx_word' id='word_1_33' title='bbox 343 709 450 760; x_wconf 64' lang='grc' dir='ltr'><strong>εὈτι</strong></span> <span class='ocrx_word' id='word_1_34' title='bbox 489 709 685 763; x_wconf 85' lang='grc' dir='ltr'>Διόδοτός</span> <span class='ocrx_word' id='word_1_35' title='bbox 723 728 786 762; x_wconf 91' lang='grc' dir='ltr'><strong>τις</strong></span> <span class='ocrx_word' id='word_1_36' title='bbox 828 706 1164 800; x_wconf 83' lang='grc' dir='ltr'>ἐπικαλούμενρς</span> <span class='ocrx_word' id='word_1_37' title='bbox 1200 707 1411 772; x_wconf 70' lang='grc' dir='ltr'>Τρύφων,</span> 
     </span>
     <span class='ocr_line' id='line_1_7' title="bbox 121 780 1412 850; baseline -0.005 -18"><span class='ocrx_word' id='word_1_38' title='bbox 121 785 327 850; x_wconf 78' lang='grc' dir='ltr'>ὑπάρχων</span> <span class='ocrx_word' id='word_1_39' title='bbox 355 783 399 830; x_wconf 83' lang='grc' dir='ltr'><strong>δὲ</strong></span> <span class='ocrx_word' id='word_1_40' title='bbox 424 785 466 830; x_wconf 87' lang='grc' dir='ltr'><strong>ἐν</strong></span> <span class='ocrx_word' id='word_1_41' title='bbox 487 783 636 830; x_wconf 83' lang='grc' dir='ltr'>πολλῶ</span> <span class='ocrx_word' id='word_1_42' title='bbox 667 781 880 843; x_wconf 83' lang='grc' dir='ltr'>ἀξιώματι</span> <span class='ocrx_word' id='word_1_43' title='bbox 900 784 985 828; x_wconf 82' lang='grc' dir='ltr'><strong>τῶν</strong></span> <span class='ocrx_word' id='word_1_44' title='bbox 1020 780 1140 845; x_wconf 83' lang='grc' dir='ltr'>παρὰ</span> <span class='ocrx_word' id='word_1_45' title='bbox 1161 784 1220 826; x_wconf 81' lang='grc' dir='ltr'><strong>τῶ</strong></span> <span class='ocrx_word' id='word_1_46' title='bbox 1244 782 1412 844; x_wconf 84' lang='grc' dir='ltr'>βασιλεῖ</span> 
     </span>
     <span class='ocr_line' id='line_1_8' title="bbox 122 851 1411 923; baseline -0.005 -18"><span class='ocrx_word' id='word_1_47' title='bbox 122 857 270 923; x_wconf 85' lang='grc' dir='ltr'>φίλων,</span> <span class='ocrx_word' id='word_1_48' title='bbox 292 859 400 922; x_wconf 82' lang='grc' dir='ltr'>ὁρῶν</span> <span class='ocrx_word' id='word_1_49' title='bbox 423 854 500 910; x_wconf 82' lang='grc' dir='ltr'><strong>τὰς</strong></span> <span class='ocrx_word' id='word_1_50' title='bbox 523 853 658 919; x_wconf 80' lang='grc' dir='ltr'>ὁρμὰς</span> <span class='ocrx_word' id='word_1_51' title='bbox 677 857 761 902; x_wconf 80' lang='grc' dir='ltr'><strong>τῶν</strong></span> <span class='ocrx_word' id='word_1_52' title='bbox 785 853 927 918; x_wconf 78' lang='grc' dir='ltr'>ὄχλων</span> <span class='ocrx_word' id='word_1_53' title='bbox 968 855 1017 915; x_wconf 91' lang='grc' dir='ltr'>(ι)</span> <span class='ocrx_word' id='word_1_54' title='bbox 1053 853 1127 900; x_wconf 80' lang='grc' dir='ltr'><strong>καὶ</strong></span> <span class='ocrx_word' id='word_1_55' title='bbox 1148 852 1195 899; x_wconf 80' lang='grc' dir='ltr'><strong>τὸ</strong></span> <span class='ocrx_word' id='word_1_56' title='bbox 1214 852 1318 917; x_wconf 80' lang='grc' dir='ltr'>πρὸς</span> <span class='ocrx_word' id='word_1_57' title='bbox 1341 851 1411 899; x_wconf 84' lang='grc' dir='ltr'><strong>τὸν</strong></span> 
     </span>
     <span class='ocr_line' id='line_1_9' title="bbox 122 924 1412 991; baseline -0.005 -13"><span class='ocrx_word' id='word_1_58' title='bbox 122 930 332 988; x_wconf 83' lang='grc' dir='ltr'>δυνάστην</span> <span class='ocrx_word' id='word_1_59' title='bbox 373 929 524 991; x_wconf 79' lang='grc' dir='ltr'>μῖσος,</span> <span class='ocrx_word' id='word_1_60' title='bbox 570 924 762 980; x_wconf 82' lang='grc' dir='ltr'>ἀποστὰς</span> <span class='ocrx_word' id='word_1_61' title='bbox 795 931 867 973; x_wconf 81' lang='grc' dir='ltr'><strong>τοῦ</strong></span> <span class='ocrx_word' id='word_1_62' title='bbox 902 924 1154 990; x_wconf 82' lang='grc' dir='ltr'>Δημητρίου</span> <span class='ocrx_word' id='word_1_63' title='bbox 1191 926 1264 972; x_wconf 85' lang='grc' dir='ltr'><strong>καὶ</strong></span> <span class='ocrx_word' id='word_1_64' title='bbox 1301 925 1412 989; x_wconf 78' lang='grc' dir='ltr'>ταχὺ</span> 
     </span>
     <span class='ocr_line' id='line_1_10' title="bbox 121 997 1414 1066; baseline -0.004 -18"><span class='ocrx_word' id='word_1_65' title='bbox 121 1001 302 1056; x_wconf 81' lang='grc' dir='ltr'>πολλοὺς</span> <span class='ocrx_word' id='word_1_66' title='bbox 321 1000 453 1066; x_wconf 77' lang='grc' dir='ltr'>εὑρὼν</span> <span class='ocrx_word' id='word_1_67' title='bbox 474 1003 778 1052; x_wconf 80' lang='grc' dir='ltr'>κοινωνοῦντας</span> <span class='ocrx_word' id='word_1_68' title='bbox 794 1002 868 1057; x_wconf 72' lang='grc' dir='ltr'><strong>τῆς</strong></span> <span class='ocrx_word' id='word_1_69' title='bbox 883 997 1192 1062; x_wconf 84' lang='grc' dir='ltr'>προαιρέσεως,</span> <span class='ocrx_word' id='word_1_70' title='bbox 1206 997 1299 1050; x_wconf 76' lang='grc' dir='ltr'>τοὺς</span> <span class='ocrx_word' id='word_1_71' title='bbox 1316 997 1414 1062; x_wconf 80' lang='grc' dir='ltr'>περὶ</span> 
     </span>
     <span class='ocr_line' id='line_1_11' title="bbox 122 1070 1414 1139; baseline -0.004 -18"><span class='ocrx_word' id='word_1_72' title='bbox 122 1074 200 1132; x_wconf 82' lang='grc' dir='ltr'><strong>τὴν</strong></span> <span class='ocrx_word' id='word_1_73' title='bbox 236 1074 460 1139; x_wconf 83' lang='grc' dir='ltr'>Λάρισσαν</span> <span class='ocrx_word' id='word_1_74' title='bbox 498 1070 874 1134; x_wconf 82' lang='grc' dir='ltr'>διωνομασμένους</span> <span class='ocrx_word' id='word_1_75' title='bbox 910 1073 978 1117; x_wconf 85' lang='grc' dir='ltr'><strong>ἐπ’</strong></span> <span class='ocrx_word' id='word_1_76' title='bbox 1004 1070 1201 1135; x_wconf 82' lang='grc' dir='ltr'>ἀνδρείᾳ,</span> <span class='ocrx_word' id='word_1_77' title='bbox 1232 1070 1306 1117; x_wconf 83' lang='grc' dir='ltr'><strong>καὶ</strong></span> <span class='ocrx_word' id='word_1_78' title='bbox 1337 1070 1414 1128; x_wconf 87' lang='grc' dir='ltr'><strong>τὴν</strong></span> 
     </span>
     <span class='ocr_line' id='line_1_12' title="bbox 123 1143 1415 1214; baseline -0.003 -20"><span class='ocrx_word' id='word_1_79' title='bbox 123 1145 269 1194; x_wconf 83' lang='grc' dir='ltr'>ἐνθάδε</span> <span class='ocrx_word' id='word_1_80' title='bbox 290 1144 510 1193; x_wconf 86' lang='grc' dir='ltr'>κατοικίαν</span> <span class='ocrx_word' id='word_1_81' title='bbox 548 1143 776 1209; x_wconf 77' lang='grc' dir='ltr'>εἰληφότας</span> <span class='ocrx_word' id='word_1_82' title='bbox 798 1145 851 1190; x_wconf 87' lang='grc' dir='ltr'><strong>δι’</strong></span> <span class='ocrx_word' id='word_1_83' title='bbox 882 1143 1189 1214; x_wconf 79' lang='grc' dir='ltr'>ἀνδραγαθίαν,</span> <span class='ocrx_word' id='word_1_84' title='bbox 1213 1143 1415 1197; x_wconf 85' lang='grc' dir='ltr'>ἀποίκους</span> 
     </span>
    </p>
   </div>
   <div class='ocr_carea' id='block_1_3' title="bbox 98 1215 1415 1282">
    <p class='ocr_par' dir='ltr' id='par_1_4' title="bbox 98 1215 1415 1282">
     <span class='ocr_line' id='line_1_13' title="bbox 98 1215 1415 1282; baseline -0.004 -15"><span class='ocrx_word' id='word_1_85' title='bbox 98 1273 102 1277; x_wconf 90' lang='lat'><strong>.</strong></span> <span class='ocrx_word' id='word_1_86' title='bbox 124 1217 169 1267; x_wconf 84' lang='grc' dir='ltr'><strong>δὲ</strong></span> <span class='ocrx_word' id='word_1_87' title='bbox 191 1217 314 1273; x_wconf 82' lang='grc' dir='ltr'>ὄντας</span> <span class='ocrx_word' id='word_1_88' title='bbox 346 1222 423 1276; x_wconf 70' lang='grc' dir='ltr'><strong>τῆς</strong></span> <span class='ocrx_word' id='word_1_89' title='bbox 442 1219 712 1274; x_wconf 68' lang='grc' dir='ltr'>Θετταλικῆς</span> <span class='ocrx_word' id='word_1_90' title='bbox 736 1216 959 1282; x_wconf 88' lang='grc' dir='ltr'>Λαρίσσης</span> <span class='ocrx_word' id='word_1_91' title='bbox 976 1254 988 1274; x_wconf 94' lang='grc'><strong>,</strong></span> <span class='ocrx_word' id='word_1_92' title='bbox 1012 1215 1087 1263; x_wconf 84' lang='grc' dir='ltr'><strong>καὶ</strong></span> <span class='ocrx_word' id='word_1_93' title='bbox 1109 1217 1196 1270; x_wconf 77' lang='grc' dir='ltr'>τοῖς</span> <span class='ocrx_word' id='word_1_94' title='bbox 1224 1215 1309 1262; x_wconf 82' lang='grc' dir='ltr'><strong>ἀπὸ</strong></span> <span class='ocrx_word' id='word_1_95' title='bbox 1335 1218 1415 1264; x_wconf 88' lang='grc' dir='ltr'><strong>Σε-</strong></span> 
     </span>
    </p>
   </div>
   <div class='ocr_carea' id='block_1_4' title="bbox 121 1287 1422 2538">
    <p class='ocr_par' dir='ltr' id='par_1_5' title="bbox 121 1287 1416 2008">
     <span class='ocr_line' id='line_1_14' title="bbox 121 1287 1415 1354; baseline -0.005 -15"><span class='ocrx_word' id='word_1_96' title='bbox 121 1291 274 1340; x_wconf 86' lang='grc' dir='ltr'>λεύκου</span> <span class='ocrx_word' id='word_1_97' title='bbox 300 1292 348 1354; x_wconf 79' lang='lat'><strong>(2)</strong></span> <span class='ocrx_word' id='word_1_98' title='bbox 367 1293 442 1338; x_wconf 74' lang='grc' dir='ltr'><strong>τοῦ</strong></span> <span class='ocrx_word' id='word_1_99' title='bbox 467 1287 958 1353; x_wconf 77' lang='grc' dir='ltr'>Νικάτοροςβασιλεῧσι</span> <span class='ocrx_word' id='word_1_100' title='bbox 984 1287 1210 1352; x_wconf 84' lang='grc' dir='ltr'>γεγονότας</span> <span class='ocrx_word' id='word_1_101' title='bbox 1237 1287 1415 1350; x_wconf 89' lang='grc' dir='ltr'>συμμά-</span> 
     </span>
     <span class='ocr_line' id='line_1_15' title="bbox 122 1360 1411 1428; baseline -0.002 -17"><span class='ocrx_word' id='word_1_102' title='bbox 122 1382 226 1428; x_wconf 87' lang='grc' dir='ltr'>χους</span> <span class='ocrx_word' id='word_1_103' title='bbox 242 1362 354 1411; x_wconf 80' lang='grc' dir='ltr'>κατὰ</span> <span class='ocrx_word' id='word_1_104' title='bbox 371 1363 419 1410; x_wconf 81' lang='grc' dir='ltr'><strong>τὸ</strong></span> <span class='ocrx_word' id='word_1_105' title='bbox 437 1365 605 1427; x_wconf 83' lang='grc' dir='ltr'>πρῶτον</span> <span class='ocrx_word' id='word_1_106' title='bbox 620 1361 771 1424; x_wconf 81' lang='grc' dir='ltr'>ἄγημα</span> <span class='ocrx_word' id='word_1_107' title='bbox 787 1363 864 1418; x_wconf 72' lang='grc' dir='ltr'><strong>τῆς</strong></span> <span class='ocrx_word' id='word_1_108' title='bbox 878 1363 1058 1418; x_wconf 78' lang='grc' dir='ltr'>ἱππικῆς</span> <span class='ocrx_word' id='word_1_109' title='bbox 1083 1360 1301 1422; x_wconf 87' lang='grc' dir='ltr'>δυνάμεως</span> <span class='ocrx_word' id='word_1_110' title='bbox 1315 1361 1411 1423; x_wconf 84' lang='lat'><strong>*(3).</strong></span> 
     </span>
     <span class='ocr_line' id='line_1_16' title="bbox 124 1432 1413 1499; baseline -0.004 -15"><span class='ocrx_word' id='word_1_111' title='bbox 124 1435 390 1493; x_wconf 81' lang='grc' dir='ltr'>Ἔποιήσατο</span> <span class='ocrx_word' id='word_1_112' title='bbox 406 1434 450 1482; x_wconf 83' lang='grc' dir='ltr'><strong>δὲ</strong></span> <span class='ocrx_word' id='word_1_113' title='bbox 469 1433 700 1497; x_wconf 82' lang='grc' dir='ltr'>σύμμαχον</span> <span class='ocrx_word' id='word_1_114' title='bbox 717 1433 791 1480; x_wconf 81' lang='grc' dir='ltr'><strong>καὶ</strong></span> <span class='ocrx_word' id='word_1_115' title='bbox 811 1434 882 1480; x_wconf 84' lang='grc' dir='ltr'><strong>τὸν</strong></span> <span class='ocrx_word' id='word_1_116' title='bbox 899 1438 972 1492; x_wconf 76' lang='grc' dir='ltr'><strong>τῆς</strong></span> <span class='ocrx_word' id='word_1_117' title='bbox 991 1433 1031 1482; x_wconf 82' lang='grc' dir='ltr'>Ἀ</span> <span class='ocrx_word' id='word_1_118' title='bbox 1040 1432 1190 1499; x_wconf 70' lang='grc' dir='ltr'>ραὸίας</span> <span class='ocrx_word' id='word_1_119' title='bbox 1204 1433 1413 1491; x_wconf 83' lang='grc' dir='ltr'>δυνάστην</span> 
     </span>
     <span class='ocr_line' id='line_1_17' title="bbox 123 1506 1413 1573; baseline -0.005 -16"><span class='ocrx_word' id='word_1_120' title='bbox 123 1509 381 1573; x_wconf 76' lang='grc' dir='ltr'>Ἰάμὸλιχον</span> <span class='ocrx_word' id='word_1_121' title='bbox 416 1508 491 1573; x_wconf 88' lang='grc'>(4),</span> <span class='ocrx_word' id='word_1_122' title='bbox 532 1507 576 1560; x_wconf 85' lang='grc' dir='ltr'><strong>ὃς</strong></span> <span class='ocrx_word' id='word_1_123' title='bbox 618 1506 849 1571; x_wconf 82' lang='grc' dir='ltr'>ἐτύγχανεν</span> <span class='ocrx_word' id='word_1_124' title='bbox 889 1506 1000 1570; x_wconf 86' lang='grc' dir='ltr'>ἔχων</span> <span class='ocrx_word' id='word_1_125' title='bbox 1039 1506 1413 1572; x_wconf 80' lang='grc' dir='ltr'>παρακαταθήκην</span> 
     </span>
     <span class='ocr_line' id='line_1_18' title="bbox 125 1578 1412 1644; baseline -0.004 -15"><span class='ocrx_word' id='word_1_126' title='bbox 125 1581 339 1644; x_wconf 82' lang='grc' dir='ltr'>Ἀντίοχον</span> <span class='ocrx_word' id='word_1_127' title='bbox 363 1580 433 1627; x_wconf 85' lang='grc' dir='ltr'><strong>τὸν</strong></span> <span class='ocrx_word' id='word_1_128' title='bbox 456 1581 674 1644; x_wconf 71' lang='grc' dir='ltr'>Ἐπιφανῆ</span> <span class='ocrx_word' id='word_1_129' title='bbox 694 1579 1039 1643; x_wconf 84' lang='grc' dir='ltr'>χρηματίζοντα,</span> <span class='ocrx_word' id='word_1_130' title='bbox 1062 1581 1200 1627; x_wconf 85' lang='grc' dir='ltr'>παῖδα</span> <span class='ocrx_word' id='word_1_131' title='bbox 1230 1579 1308 1642; x_wconf 81' lang='grc' dir='ltr'><strong>μὲν</strong></span> <span class='ocrx_word' id='word_1_132' title='bbox 1334 1578 1412 1636; x_wconf 81' lang='grc' dir='ltr'><strong>τὴν</strong></span> 
     </span>
     <span class='ocr_line' id='line_1_19' title="bbox 123 1645 1415 1718; baseline -0.003 -16"><span class='ocrx_word' id='word_1_133' title='bbox 123 1653 312 1716; x_wconf 88' lang='grc' dir='ltr'>ἡλικίαν,</span> <span class='ocrx_word' id='word_1_134' title='bbox 341 1653 428 1700; x_wconf 76' lang='grc' dir='ltr'>υἱὸν</span> <span class='ocrx_word' id='word_1_135' title='bbox 453 1652 498 1699; x_wconf 86' lang='grc' dir='ltr'><strong>δὲ</strong></span> <span class='ocrx_word' id='word_1_136' title='bbox 516 1653 619 1700; x_wconf 84' lang='grc' dir='ltr'>ὄντα</span> <span class='ocrx_word' id='word_1_137' title='bbox 645 1650 936 1716; x_wconf 79' lang='grc' dir='ltr'>Ἀλεξάνδρου.</span> <span class='ocrx_word' id='word_1_138' title='bbox 965 1652 1118 1718; x_wconf 81' lang='grc' dir='ltr'>Τούτῳ</span> <span class='ocrx_word' id='word_1_139' title='bbox 1140 1651 1218 1715; x_wconf 82' lang='grc' dir='ltr'><strong>μὲν</strong></span> <span class='ocrx_word' id='word_1_140' title='bbox 1236 1645 1306 1700; x_wconf 62' lang='grc' dir='ltr'><strong>οὖν</strong></span> <span class='ocrx_word' id='word_1_141' title='bbox 1322 1651 1415 1698; x_wconf 83' lang='grc' dir='ltr'>διά-</span> 
     </span>
     <span class='ocr_line' id='line_1_20' title="bbox 128 1724 1414 1817; baseline -0.002 -44"><span class='ocrx_word' id='word_1_142' title='bbox 128 1728 248 1789; x_wconf 85' lang='grc' dir='ltr'>δημα</span> <span class='ocrx_word' id='word_1_143' title='bbox 267 1725 451 1792; x_wconf 84' lang='grc' dir='ltr'>περιθεις</span> <span class='ocrx_word' id='word_1_144' title='bbox 478 1724 551 1773; x_wconf 82' lang='grc' dir='ltr'><strong>καὶ</strong></span> <span class='ocrx_word' id='word_1_145' title='bbox 571 1724 649 1783; x_wconf 79' lang='grc' dir='ltr'><strong>τὴν</strong></span> <span class='ocrx_word' id='word_1_146' title='bbox 674 1724 944 1817; x_wconf 81' lang='grc' dir='ltr'>ἁρμόζουσαν</span> <span class='ocrx_word' id='word_1_147' title='bbox 972 1727 1142 1789; x_wconf 87' lang='grc' dir='ltr'>βασιλει</span> <span class='ocrx_word' id='word_1_148' title='bbox 1165 1724 1414 1790; x_wconf 78' lang='grc' dir='ltr'>θεραπείαν,</span> 
     </span>
     <span class='ocr_line' id='line_1_21' title="bbox 126 1797 1412 1865; baseline -0.001 -18"><span class='ocrx_word' id='word_1_149' title='bbox 126 1800 371 1864; x_wconf 83' lang='grc' dir='ltr'>κατήγαγεν</span> <span class='ocrx_word' id='word_1_150' title='bbox 393 1799 463 1846; x_wconf 82' lang='grc' dir='ltr'><strong>ἐπὶ</strong></span> <span class='ocrx_word' id='word_1_151' title='bbox 481 1798 558 1856; x_wconf 77' lang='grc' dir='ltr'><strong>τὴν</strong></span> <span class='ocrx_word' id='word_1_152' title='bbox 576 1797 782 1864; x_wconf 76' lang='grc' dir='ltr'>πατρώαν</span> <span class='ocrx_word' id='word_1_153' title='bbox 806 1798 961 1863; x_wconf 84' lang='grc' dir='ltr'>ἀρχην.</span> <span class='ocrx_word' id='word_1_154' title='bbox 983 1798 1040 1848; x_wconf 84' lang='grc' dir='ltr'><strong>Υ</strong></span> <span class='ocrx_word' id='word_1_155' title='bbox 1041 1799 1296 1862; x_wconf 66' lang='grc' dir='ltr'>πελάμῧανε</span> <span class='ocrx_word' id='word_1_156' title='bbox 1312 1797 1412 1865; x_wconf 81' lang='grc' dir='ltr'>γὰρ,</span> 
     </span>
     <span class='ocr_line' id='line_1_22' title="bbox 123 1871 1416 1938; baseline -0.001 -18"><span class='ocrx_word' id='word_1_157' title='bbox 123 1872 267 1938; x_wconf 75' lang='grc' dir='ltr'>ὅπερ</span> <span class='ocrx_word' id='word_1_158' title='bbox 246 1893 296 1931; x_wconf 90' lang='grc' dir='ltr'><strong>ην</strong></span> <span class='ocrx_word' id='word_1_159' title='bbox 314 1873 439 1932; x_wconf 81' lang='grc' dir='ltr'>εἰκὸς,</span> <span class='ocrx_word' id='word_1_160' title='bbox 455 1871 510 1919; x_wconf 84' lang='grc' dir='ltr'><strong>τὰ</strong></span> <span class='ocrx_word' id='word_1_161' title='bbox 523 1872 667 1930; x_wconf 82' lang='grc' dir='ltr'>πλήθη</span> <span class='ocrx_word' id='word_1_162' title='bbox 687 1871 963 1934; x_wconf 73' lang='grc' dir='ltr'>μεταὸολης</span> <span class='ocrx_word' id='word_1_163' title='bbox 943 1871 1177 1938; x_wconf 85' lang='grc' dir='ltr'>ορεγόμενα</span> <span class='ocrx_word' id='word_1_164' title='bbox 1190 1873 1416 1938; x_wconf 87' lang='grc' dir='ltr'>προθύμως</span> 
     </span>
     <span class='ocr_line' id='line_1_23' title="bbox 128 1943 1412 2008; baseline -0.002 -15"><span class='ocrx_word' id='word_1_165' title='bbox 128 1945 201 1993; x_wconf 81' lang='grc' dir='ltr'><strong>τὸν</strong></span> <span class='ocrx_word' id='word_1_166' title='bbox 227 1946 362 1992; x_wconf 86' lang='grc' dir='ltr'>παῖδα</span> <span class='ocrx_word' id='word_1_167' title='bbox 397 1943 596 2000; x_wconf 80' lang='grc' dir='ltr'>κατάξειν</span> <span class='ocrx_word' id='word_1_168' title='bbox 633 1943 703 1991; x_wconf 85' lang='grc' dir='ltr'><strong>διὰ</strong></span> <span class='ocrx_word' id='word_1_169' title='bbox 740 1943 818 2001; x_wconf 83' lang='grc' dir='ltr'><strong>τὴν</strong></span> <span class='ocrx_word' id='word_1_170' title='bbox 861 1944 1092 1992; x_wconf 85' lang='grc' dir='ltr'>επιείκειαν</span> <span class='ocrx_word' id='word_1_171' title='bbox 1128 1948 1211 1992; x_wconf 82' lang='grc' dir='ltr'><strong>τῶν</strong></span> <span class='ocrx_word' id='word_1_172' title='bbox 1231 1946 1255 1969; x_wconf 65' lang='lat'><strong>⁴²</strong></span> <span class='ocrx_word' id='word_1_173' title='bbox 1291 1948 1412 2008; x_wconf 83' lang='grc' dir='ltr'>βασι</span> 
     </span>
    </p>

    <p class='ocr_par' dir='ltr' id='par_1_6' title="bbox 125 2015 1422 2518">
     <span class='ocr_line' id='line_1_24' title="bbox 125 2015 1418 2083; baseline 0 -19"><span class='ocrx_word' id='word_1_174' title='bbox 125 2016 290 2065; x_wconf 81' lang='grc' dir='ltr'>λέων5</span> <span class='ocrx_word' id='word_1_175' title='bbox 255 2019 290 2080; x_wconf 90' lang='grc'><strong>(5</strong></span> <span class='ocrx_word' id='word_1_176' title='bbox 294 2019 307 2081; x_wconf 90' lang='grc'>)</span> <span class='ocrx_word' id='word_1_177' title='bbox 323 2037 395 2066; x_wconf 84' lang='grc' dir='ltr'><strong>και</strong></span> <span class='ocrx_word' id='word_1_178' title='bbox 413 2016 482 2064; x_wconf 85' lang='grc' dir='ltr'><strong>διὰ</strong></span> <span class='ocrx_word' id='word_1_179' title='bbox 496 2015 573 2075; x_wconf 85' lang='grc' dir='ltr'><strong>τὴν</strong></span> <span class='ocrx_word' id='word_1_180' title='bbox 596 2021 668 2064; x_wconf 78' lang='grc' dir='ltr'><strong>τοῦ</strong></span> <span class='ocrx_word' id='word_1_181' title='bbox 682 2017 778 2065; x_wconf 89' lang='grc' dir='ltr'>τότε</span> <span class='ocrx_word' id='word_1_182' title='bbox 796 2017 999 2083; x_wconf 83' lang='grc' dir='ltr'>ἄρχοντος</span> <span class='ocrx_word' id='word_1_183' title='bbox 1016 2021 1306 2082; x_wconf 86' lang='grc' dir='ltr'>παρανομίαν.</span> <span class='ocrx_word' id='word_1_184' title='bbox 1330 2017 1418 2066; x_wconf 85' lang='grc' dir='ltr'><strong>Καὶ</strong></span> 
     </span>
     <span class='ocr_line' id='line_1_25' title="bbox 127 2087 1418 2158; baseline 0.001 -22"><span class='ocrx_word' id='word_1_185' title='bbox 127 2093 295 2156; x_wconf 80' lang='grc' dir='ltr'>πρῶτον</span> <span class='ocrx_word' id='word_1_186' title='bbox 323 2089 398 2148; x_wconf 83' lang='grc' dir='ltr'><strong>μὲν</strong></span> <span class='ocrx_word' id='word_1_187' title='bbox 428 2087 628 2154; x_wconf 86' lang='grc' dir='ltr'>ἀθροίσας</span> <span class='ocrx_word' id='word_1_188' title='bbox 655 2088 824 2158; x_wconf 84' lang='grc' dir='ltr'>μέτριον</span> <span class='ocrx_word' id='word_1_189' title='bbox 848 2091 1049 2154; x_wconf 85' lang='grc' dir='ltr'>σύστημα</span> <span class='ocrx_word' id='word_1_190' title='bbox 1075 2091 1418 2156; x_wconf 83' lang='grc' dir='ltr'>κατεστρατοπέ-</span> 
     </span>
     <span class='ocr_line' id='line_1_26' title="bbox 129 2162 1419 2233; baseline 0.001 -23"><span class='ocrx_word' id='word_1_191' title='bbox 129 2164 172 2211; x_wconf 88' lang='grc' dir='ltr'><strong>δε</strong></span> <span class='ocrx_word' id='word_1_192' title='bbox 155 2183 250 2233; x_wconf 68' lang='grc' dir='ltr'>ευσε</span> <span class='ocrx_word' id='word_1_193' title='bbox 267 2162 385 2228; x_wconf 79' lang='grc' dir='ltr'>παρὰ</span> <span class='ocrx_word' id='word_1_194' title='bbox 411 2162 532 2211; x_wconf 84' lang='grc' dir='ltr'>πόλιν</span> <span class='ocrx_word' id='word_1_195' title='bbox 555 2163 775 2223; x_wconf 83' lang='grc' dir='ltr'>Χαλκίδα,</span> <span class='ocrx_word' id='word_1_196' title='bbox 803 2163 1004 2225; x_wconf 81' lang='grc' dir='ltr'>κειμένην</span> <span class='ocrx_word' id='word_1_197' title='bbox 1031 2165 1072 2210; x_wconf 81' lang='grc' dir='ltr'><strong>ἓν</strong></span> <span class='ocrx_word' id='word_1_198' title='bbox 1097 2163 1182 2218; x_wconf 80' lang='grc' dir='ltr'>τοῖς</span> <span class='ocrx_word' id='word_1_199' title='bbox 1213 2166 1419 2229; x_wconf 89' lang='grc' dir='ltr'>μεθορίοις</span> 
     </span>
     <span class='ocr_line' id='line_1_27' title="bbox 126 2235 1420 2301; baseline 0 -18"><span class='ocrx_word' id='word_1_200' title='bbox 126 2240 203 2294; x_wconf 81' lang='grc' dir='ltr'>τ’ῆς</span> <span class='ocrx_word' id='word_1_201' title='bbox 226 2235 456 2300; x_wconf 75' lang='grc' dir='ltr'>Ἀραὸίας,</span> <span class='ocrx_word' id='word_1_202' title='bbox 485 2236 727 2299; x_wconf 83' lang='grc' dir='ltr'>δυναμένην</span> <span class='ocrx_word' id='word_1_203' title='bbox 755 2236 798 2283; x_wconf 85' lang='grc' dir='ltr'><strong>δὲ</strong></span> <span class='ocrx_word' id='word_1_204' title='bbox 831 2236 1031 2299; x_wconf 87' lang='grc' dir='ltr'>δυνάμεις</span> <span class='ocrx_word' id='word_1_205' title='bbox 1072 2236 1420 2301; x_wconf 70' lang='grc' dir='ltr'>ἐνδιατριὸούσας</span> 
     </span>
     <span class='ocr_line' id='line_1_28' title="bbox 131 2308 1421 2376; baseline 0.001 -21"><span class='ocrx_word' id='word_1_206' title='bbox 131 2308 354 2376; x_wconf 78' lang='grc' dir='ltr'>διαθρέψαι</span> <span class='ocrx_word' id='word_1_207' title='bbox 378 2309 452 2356; x_wconf 83' lang='grc' dir='ltr'><strong>καὶ</strong></span> <span class='ocrx_word' id='word_1_208' title='bbox 472 2308 738 2374; x_wconf 76' lang='grc' dir='ltr'>παρέχεσθαι</span> <span class='ocrx_word' id='word_1_209' title='bbox 757 2308 835 2367; x_wconf 81' lang='grc' dir='ltr'><strong>τὴν</strong></span> <span class='ocrx_word' id='word_1_210' title='bbox 858 2309 1111 2374; x_wconf 78' lang='grc' dir='ltr'>ἀσφάλειαν.</span> <span class='ocrx_word' id='word_1_211' title='bbox 1131 2308 1354 2357; x_wconf 81' lang='grc' dir='ltr'>Ἔντεῦθέν</span> <span class='ocrx_word' id='word_1_212' title='bbox 1375 2330 1421 2356; x_wconf 86' lang='grc' dir='ltr'><strong>τε</strong></span> 
     </span>
     <span class='ocr_line' id='line_1_29' title="bbox 130 2380 1422 2446; baseline 0 -18"><span class='ocrx_word' id='word_1_213' title='bbox 130 2380 428 2445; x_wconf 79' lang='grc' dir='ltr'>ὃρμώμενος(6</span> <span class='ocrx_word' id='word_1_214' title='bbox 430 2382 443 2443; x_wconf 82' lang='grc'>)</span> <span class='ocrx_word' id='word_1_215' title='bbox 460 2382 760 2446; x_wconf 84' lang='grc' dir='ltr'>προσηγάγετο</span> <span class='ocrx_word' id='word_1_216' title='bbox 776 2380 871 2435; x_wconf 89' lang='grc' dir='ltr'>τους</span> <span class='ocrx_word' id='word_1_217' title='bbox 876 2380 1231 2446; x_wconf 78' lang='grc' dir='ltr'>πλησιοχώρους,</span> <span class='ocrx_word' id='word_1_218' title='bbox 1251 2381 1324 2428; x_wconf 82' lang='grc' dir='ltr'><strong>καὶ</strong></span> <span class='ocrx_word' id='word_1_219' title='bbox 1337 2402 1422 2429; x_wconf 78' lang='grc' dir='ltr'><strong>των</strong></span> 
     </span>
     <span class='ocr_line' id='line_1_30' title="bbox 133 2452 1422 2538; baseline 0.002 -39"><span class='ocrx_word' id='word_1_220' title='bbox 133 2453 239 2518; x_wconf 82' lang='grc' dir='ltr'>πρὸς</span> <span class='ocrx_word' id='word_1_221' title='bbox 254 2452 468 2512; x_wconf 80' lang='grc' dir='ltr'>πόλεμον</span> <span class='ocrx_word' id='word_1_222' title='bbox 456 2453 706 2538; x_wconf 47' lang='lat' dir='ltr'><strong>XPWflfie‘ffi‘</strong></span> <span class='ocrx_word' id='word_1_223' title='bbox 701 2453 777 2507; x_wconf 85' lang='grc' dir='ltr'><strong>τὰς</strong></span> <span class='ocrx_word' id='word_1_224' title='bbox 794 2452 1074 2518; x_wconf 81' lang='grc' dir='ltr'>παρασκευὰς</span> <span class='ocrx_word' id='word_1_225' title='bbox 1086 2457 1286 2502; x_wconf 82' lang='grc' dir='ltr'>ἐποιεῖτο.</span> <span class='ocrx_word' id='word_1_226' title='bbox 1309 2453 1364 2502; x_wconf 86' lang='lat' dir='ltr'><strong>‘O</strong></span> <span class='ocrx_word' id='word_1_227' title='bbox 1379 2453 1422 2501; x_wconf 87' lang='grc' dir='ltr'><strong>δὲ</strong></span> 
     </span>
    </p>
   </div>
   <div class='ocr_carea' id='block_1_5' title="bbox 84 2517 1424 2585">
    <p class='ocr_par' dir='ltr' id='par_1_7' title="bbox 84 2517 1424 2585">
     <span class='ocr_line' id='line_1_31' title="bbox 84 2517 1424 2585; baseline -0.001 -19"><span class='ocrx_word' id='word_1_228' title='bbox 84 2553 86 2555; x_wconf 96' lang='grc'>-</span> <span class='ocrx_word' id='word_1_229' title='bbox 133 2517 378 2582; x_wconf 82' lang='grc' dir='ltr'>Δημήτριος</span> <span class='ocrx_word' id='word_1_230' title='bbox 394 2522 562 2583; x_wconf 86' lang='grc' dir='ltr'>πρῶτον</span> <span class='ocrx_word' id='word_1_231' title='bbox 583 2518 658 2581; x_wconf 83' lang='grc' dir='ltr'><strong>μὲν</strong></span> <span class='ocrx_word' id='word_1_232' title='bbox 683 2521 740 2572; x_wconf 80' lang='grc' dir='ltr'><strong>ὡς</strong></span> <span class='ocrx_word' id='word_1_233' title='bbox 755 2521 918 2584; x_wconf 79' lang='grc' dir='ltr'>λῃστοῦ</span> <span class='ocrx_word' id='word_1_234' title='bbox 939 2519 1049 2573; x_wconf 83' lang='grc' dir='ltr'>τινὸς</span> <span class='ocrx_word' id='word_1_235' title='bbox 1069 2538 1173 2566; x_wconf 88' lang='grc' dir='ltr'>κατε</span> <span class='ocrx_word' id='word_1_236' title='bbox 1155 2519 1332 2585; x_wconf 79' lang='grc' dir='ltr'>φρόνει,</span> <span class='ocrx_word' id='word_1_237' title='bbox 1350 2519 1424 2566; x_wconf 83' lang='grc' dir='ltr'><strong>καὶ</strong></span> 
     </span>
    </p>
   </div>
   <div class='ocr_carea' id='block_1_6' title="bbox 133 2590 1427 2943">
    <p class='ocr_par' dir='ltr' id='par_1_8' title="bbox 133 2590 1424 2874">
     <span class='ocr_line' id='line_1_32' title="bbox 133 2590 1422 2656; baseline 0.002 -21"><span class='ocrx_word' id='word_1_238' title='bbox 133 2595 220 2643; x_wconf 87' lang='grc' dir='ltr'>τοῖς</span> <span class='ocrx_word' id='word_1_239' title='bbox 242 2589 522 2654; x_wconf 80' lang='grc' dir='ltr'>στρατιώταις</span> <span class='ocrx_word' id='word_1_240' title='bbox 538 2591 768 2638; x_wconf 74' lang='grc' dir='ltr'>συλλαὸεῖν</span> <span class='ocrx_word' id='word_1_241' title='bbox 793 2591 920 2639; x_wconf 81' lang='grc' dir='ltr'>αὐτὸν</span> <span class='ocrx_word' id='word_1_242' title='bbox 945 2590 1225 2656; x_wconf 83' lang='grc' dir='ltr'>προσέταξεν·</span> <span class='ocrx_word' id='word_1_243' title='bbox 1249 2590 1359 2654; x_wconf 83' lang='grc' dir='ltr'>μετὰ</span> <span class='ocrx_word' id='word_1_244' title='bbox 1379 2592 1422 2639; x_wconf 84' lang='grc' dir='ltr'><strong>δὲ</strong></span> 
     </span>
     <span class='ocr_line' id='line_1_33' title="bbox 133 2661 1424 2728; baseline 0.002 -20"><span class='ocrx_word' id='word_1_245' title='bbox 133 2665 270 2708; x_wconf 77' lang='grc' dir='ltr'>ταῦτα</span> <span class='ocrx_word' id='word_1_246' title='bbox 284 2661 520 2726; x_wconf 82' lang='grc' dir='ltr'>παράδοξον</span> <span class='ocrx_word' id='word_1_247' title='bbox 532 2663 709 2725; x_wconf 84' lang='grc' dir='ltr'>δύναμιν</span> <span class='ocrx_word' id='word_1_248' title='bbox 727 2664 1135 2728; x_wconf 80' lang='grc' dir='ltr'>περιποιησαμένου,</span> <span class='ocrx_word' id='word_1_249' title='bbox 1149 2664 1222 2710; x_wconf 83' lang='grc' dir='ltr'><strong>καὶ</strong></span> <span class='ocrx_word' id='word_1_250' title='bbox 1235 2664 1424 2728; x_wconf 73' lang='grc' dir='ltr'>πρόσχη-</span> 
     </span>
     <span class='ocr_line' id='line_1_34' title="bbox 137 2733 1424 2800; baseline 0.003 -21"><span class='ocrx_word' id='word_1_251' title='bbox 137 2753 198 2795; x_wconf 87' lang='grc' dir='ltr'><strong>μα</strong></span> <span class='ocrx_word' id='word_1_252' title='bbox 213 2737 286 2791; x_wconf 80' lang='grc' dir='ltr'><strong>τῆς</strong></span> <span class='ocrx_word' id='word_1_253' title='bbox 299 2733 408 2789; x_wconf 83' lang='grc' dir='ltr'>ἰδίας</span> <span class='ocrx_word' id='word_1_254' title='bbox 424 2735 583 2797; x_wconf 86' lang='grc' dir='ltr'>τόλμης</span> <span class='ocrx_word' id='word_1_255' title='bbox 601 2736 808 2790; x_wconf 75' lang='grc' dir='ltr'>λαὸόντος</span> <span class='ocrx_word' id='word_1_256' title='bbox 825 2737 875 2800; x_wconf 92' lang='grc'><strong>(7)</strong></span> <span class='ocrx_word' id='word_1_257' title='bbox 895 2734 972 2793; x_wconf 79' lang='grc' dir='ltr'><strong>τὴν</strong></span> <span class='ocrx_word' id='word_1_258' title='bbox 990 2741 1062 2784; x_wconf 74' lang='grc' dir='ltr'><strong>τοῦ</strong></span> <span class='ocrx_word' id='word_1_259' title='bbox 1076 2735 1227 2790; x_wconf 81' lang='grc' dir='ltr'>παιδὸς</span> <span class='ocrx_word' id='word_1_260' title='bbox 1246 2736 1424 2783; x_wconf 88' lang='grc' dir='ltr'>κάθοδον</span> 
     </span>
     <span class='ocr_line' id='line_1_35' title="bbox 135 2804 1423 2874; baseline 0.005 -22"><span class='ocrx_word' id='word_1_261' title='bbox 135 2804 205 2853; x_wconf 79' lang='grc' dir='ltr'><strong>ἐπὶ</strong></span> <span class='ocrx_word' id='word_1_262' title='bbox 220 2805 297 2863; x_wconf 78' lang='grc' dir='ltr'><strong>τὴν</strong></span> <span class='ocrx_word' id='word_1_263' title='bbox 313 2807 550 2870; x_wconf 86' lang='grc' dir='ltr'>βασιλείαν,</span> <span class='ocrx_word' id='word_1_264' title='bbox 565 2807 673 2871; x_wconf 86' lang='grc' dir='ltr'>ἔγνω</span> <span class='ocrx_word' id='word_1_265' title='bbox 685 2808 926 2874; x_wconf 83' lang='grc' dir='ltr'>στρατηγὸν</span> <span class='ocrx_word' id='word_1_266' title='bbox 940 2808 1010 2855; x_wconf 78' lang='grc' dir='ltr'><strong>ἐπ’</strong></span> <span class='ocrx_word' id='word_1_267' title='bbox 1025 2808 1152 2855; x_wconf 78' lang='grc' dir='ltr'>αὐτὸν</span> <span class='ocrx_word' id='word_1_268' title='bbox 1171 2807 1423 2870; x_wconf 80' lang='grc' dir='ltr'>ἐκπέμπειν.</span> 
     </span>
    </p>

    <p class='ocr_par' dir='ltr' id='par_1_9' title="bbox 201 2878 1427 2943">
     <span class='ocr_line' id='line_1_36' title="bbox 201 2878 1427 2943; baseline 0 -16"><span class='ocrx_word' id='word_1_269' title='bbox 201 2880 354 2928; x_wconf 87' lang='lat' dir='ltr'><strong>XXll.</strong></span> <span class='ocrx_word' id='word_1_270' title='bbox 393 2878 500 2941; x_wconf 67' lang='grc' dir='ltr'>’Ότι</span> <span class='ocrx_word' id='word_1_271' title='bbox 527 2880 642 2927; x_wconf 86' lang='grc' dir='ltr'>κατὰ</span> <span class='ocrx_word' id='word_1_272' title='bbox 665 2879 740 2939; x_wconf 82' lang='grc' dir='ltr'><strong>τὴν</strong></span> <span class='ocrx_word' id='word_1_273' title='bbox 765 2880 968 2928; x_wconf 88' lang='grc' dir='ltr'>Πισιδίαν</span> <span class='ocrx_word' id='word_1_274' title='bbox 1007 2879 1263 2937; x_wconf 88' lang='grc' dir='ltr'>Μολκέστης</span> <span class='ocrx_word' id='word_1_275' title='bbox 1286 2881 1336 2943; x_wconf 89' lang='grc' dir='ltr'>(ι)</span> <span class='ocrx_word' id='word_1_276' title='bbox 1366 2900 1427 2934; x_wconf 88' lang='grc' dir='ltr'><strong>τις</strong></span> 
     </span>
    </p>
   </div>
   <div class='ocr_carea' id='block_1_7' title="bbox 1486 322 2792 665">
    <p class='ocr_par' dir='ltr' id='par_1_10' title="bbox 1486 322 2792 665">
     <span class='ocr_line' id='line_1_37' title="bbox 2661 322 2770 361; baseline -0.018 0"><span class='ocrx_word' id='word_1_277' title='bbox 2661 322 2770 361; x_wconf 69' lang='lat' dir='ltr'><strong>xvii</strong></span> 
     </span>
     <span class='ocr_line' id='line_1_38' title="bbox 1486 425 2778 479; baseline 0.005 -15"><span class='ocrx_word' id='word_1_278' title='bbox 1486 437 1609 476; x_wconf 90' lang='lat' dir='ltr'><strong>quum</strong></span> <span class='ocrx_word' id='word_1_279' title='bbox 1634 425 1767 464; x_wconf 92' lang='lat' dir='ltr'><strong>locum</strong></span> <span class='ocrx_word' id='word_1_280' title='bbox 1795 425 1965 464; x_wconf 82' lang='lat' dir='ltr'><strong>dedisset</strong></span> <span class='ocrx_word' id='word_1_281' title='bbox 1982 425 2224 474; x_wconf 84' lang='lat' dir='ltr'><strong>Demetrius,</strong></span> <span class='ocrx_word' id='word_1_282' title='bbox 2253 436 2330 464; x_wconf 91' lang='lat' dir='ltr'><strong>non</strong></span> <span class='ocrx_word' id='word_1_283' title='bbox 2354 428 2573 476; x_wconf 74' lang='lat' dir='ltr'>proditores</span> <span class='ocrx_word' id='word_1_284' title='bbox 2598 430 2778 479; x_wconf 83' lang='lat' dir='ltr'><strong>tantum,</strong></span> 
     </span>
     <span class='ocr_line' id='line_1_39' title="bbox 1486 516 2792 579; baseline 0.005 -19"><span class='ocrx_word' id='word_1_285' title='bbox 1486 522 1556 561; x_wconf 90' lang='lat' dir='ltr'><strong>sed</strong></span> <span class='ocrx_word' id='word_1_286' title='bbox 1579 516 1849 562; x_wconf 75' lang='lat' dir='ltr'><strong>interfectores</strong></span> <span class='ocrx_word' id='word_1_287' title='bbox 1865 523 1984 562; x_wconf 88' lang='lat' dir='ltr'><strong>etiam</strong></span> <span class='ocrx_word' id='word_1_288' title='bbox 2003 523 2102 571; x_wconf 77' lang='lat' dir='ltr'><strong>regis</strong></span> <span class='ocrx_word' id='word_1_289' title='bbox 2126 522 2219 561; x_wconf 85' lang='lat' dir='ltr'><strong>facti</strong></span> <span class='ocrx_word' id='word_1_290' title='bbox 2251 526 2357 562; x_wconf 88' lang='lat' dir='ltr'><strong>sunt.</strong></span> <span class='ocrx_word' id='word_1_291' title='bbox 2414 527 2633 567; x_wconf 79' lang='lat' dir='ltr'><strong>Alexander</strong></span> <span class='ocrx_word' id='word_1_292' title='bbox 2662 530 2792 579; x_wconf 17' lang='lat' dir='ltr'><strong>igitur,</strong></span> 
     </span>
     <span class='ocr_line' id='line_1_40' title="bbox 1486 620 2691 665; baseline 0.004 -5"><span class='ocrx_word' id='word_1_293' title='bbox 1486 622 1703 661; x_wconf 89' lang='lat' dir='ltr'><strong>amicorum</strong></span> <span class='ocrx_word' id='word_1_294' title='bbox 1732 633 1851 661; x_wconf 91' lang='lat' dir='ltr'><strong>manu</strong></span> <span class='ocrx_word' id='word_1_295' title='bbox 1877 622 1984 660; x_wconf 91' lang='lat' dir='ltr'><strong>hunc</strong></span> <span class='ocrx_word' id='word_1_296' title='bbox 2000 620 2040 659; x_wconf 93' lang='lat' dir='ltr'><strong>in</strong></span> <span class='ocrx_word' id='word_1_297' title='bbox 2057 621 2221 660; x_wconf 88' lang='lat' dir='ltr'><strong>modum</strong></span> <span class='ocrx_word' id='word_1_298' title='bbox 2238 632 2260 660; x_wconf 90' lang='lat' dir='ltr'><strong>e</strong></span> <span class='ocrx_word' id='word_1_299' title='bbox 2275 623 2405 661; x_wconf 91' lang='lat' dir='ltr'><strong>medio</strong></span> <span class='ocrx_word' id='word_1_300' title='bbox 2424 624 2604 663; x_wconf 90' lang='lat' dir='ltr'><strong>sublatus</strong></span> <span class='ocrx_word' id='word_1_301' title='bbox 2620 630 2691 665; x_wconf 89' lang='lat' dir='ltr'><strong>est.</strong></span> 
     </span>
    </p>
   </div>
   <div class='ocr_carea' id='block_1_8' title="bbox 1487 720 2784 859">
    <p class='ocr_par' dir='ltr' id='par_1_11' title="bbox 1487 720 2784 859">
     <span class='ocr_line' id='line_1_41' title="bbox 1538 720 2782 772; baseline 0.004 -13"><span class='ocrx_word' id='word_1_302' title='bbox 1538 723 1642 760; x_wconf 83' lang='lat' dir='ltr'>XXI.</span> <span class='ocrx_word' id='word_1_303' title='bbox 1689 721 1883 760; x_wconf 88' lang='lat' dir='ltr'><strong>Diodotus</strong></span> <span class='ocrx_word' id='word_1_304' title='bbox 1919 721 2183 770; x_wconf 78' lang='lat' dir='ltr'><strong>cognomento</strong></span> <span class='ocrx_word' id='word_1_305' title='bbox 2214 720 2427 770; x_wconf 82' lang='lat' dir='ltr'>Tryphon,</span> <span class='ocrx_word' id='word_1_306' title='bbox 2467 722 2536 771; x_wconf 90' lang='lat' dir='ltr'><strong>qui</strong></span> <span class='ocrx_word' id='word_1_307' title='bbox 2566 724 2782 772; x_wconf 86' lang='lat' dir='ltr'><strong>plurimum</strong></span> 
     </span>
     <span class='ocr_line' id='line_1_42' title="bbox 1487 805 2784 859; baseline -0.001 -13"><span class='ocrx_word' id='word_1_308' title='bbox 1487 806 1722 846; x_wconf 84' lang='lat' dir='ltr'><strong>auctoritate</strong></span> <span class='ocrx_word' id='word_1_309' title='bbox 1750 806 1850 845; x_wconf 88' lang='lat' dir='ltr'><strong>inter</strong></span> <span class='ocrx_word' id='word_1_310' title='bbox 1886 805 2098 845; x_wconf 79' lang='lat' dir='ltr'><strong>familiares</strong></span> <span class='ocrx_word' id='word_1_311' title='bbox 2128 805 2229 855; x_wconf 82' lang='lat' dir='ltr'><strong>regis</strong></span> <span class='ocrx_word' id='word_1_312' title='bbox 2258 806 2440 855; x_wconf 87' lang='lat' dir='ltr'><strong>valebat,</strong></span> <span class='ocrx_word' id='word_1_313' title='bbox 2478 807 2546 846; x_wconf 89' lang='lat' dir='ltr'><strong>ubi</strong></span> <span class='ocrx_word' id='word_1_314' title='bbox 2572 807 2670 847; x_wconf 85' lang='lat' dir='ltr'><strong>vidit</strong></span> <span class='ocrx_word' id='word_1_315' title='bbox 2705 821 2784 859; x_wconf 83' lang='lat' dir='ltr'><strong>quo</strong></span> 
     </span>
    </p>
   </div>
   <div class='ocr_carea' id='block_1_9' title="bbox 1489 889 2788 1179">
    <p class='ocr_par' dir='ltr' id='par_1_12' title="bbox 1489 889 2788 1179">
     <span class='ocr_line' id='line_1_43' title="bbox 1492 889 2785 943; baseline -0.001 -11"><span class='ocrx_word' id='word_1_316' title='bbox 1492 894 1643 943; x_wconf 88' lang='lat' dir='ltr'><strong>impetu</strong></span> <span class='ocrx_word' id='word_1_317' title='bbox 1675 889 1891 930; x_wconf 90' lang='lat' dir='ltr'><strong>multitudo</strong></span> <span class='ocrx_word' id='word_1_318' title='bbox 1921 892 1959 929; x_wconf 88' lang='lat' dir='ltr'><strong>et</strong></span> <span class='ocrx_word' id='word_1_319' title='bbox 1976 891 2125 940; x_wconf 89' lang='lat' dir='ltr'><strong>quanto</strong></span> <span class='ocrx_word' id='word_1_320' title='bbox 2154 890 2193 928; x_wconf 90' lang='lat' dir='ltr'><strong>in</strong></span> <span class='ocrx_word' id='word_1_321' title='bbox 2214 890 2430 940; x_wconf 88' lang='lat' dir='ltr'><strong>principem</strong></span> <span class='ocrx_word' id='word_1_322' title='bbox 2447 891 2537 930; x_wconf 93' lang='lat' dir='ltr'><strong>odio</strong></span> <span class='ocrx_word' id='word_1_323' title='bbox 2559 892 2741 941; x_wconf 86' lang='lat' dir='ltr'><strong>serretur,</strong></span> <span class='ocrx_word' id='word_1_324' title='bbox 2763 906 2785 931; x_wconf 85' lang='lat' dir='ltr'><strong>a</strong></span> 
     </span>
     <span class='ocr_line' id='line_1_44' title="bbox 1490 968 2786 1016; baseline -0.003 -4"><span class='ocrx_word' id='word_1_325' title='bbox 1490 973 1693 1012; x_wconf 80' lang='lat' dir='ltr'><strong>Demetrio</strong></span> <span class='ocrx_word' id='word_1_326' title='bbox 1724 970 1886 1016; x_wconf 83' lang='lat' dir='ltr'><strong>defecit,</strong></span> <span class='ocrx_word' id='word_1_327' title='bbox 1917 970 1956 1008; x_wconf 92' lang='lat' dir='ltr'><strong>et</strong></span> <span class='ocrx_word' id='word_1_328' title='bbox 1979 969 2091 1008; x_wconf 89' lang='lat' dir='ltr'><strong>brevi</strong></span> <span class='ocrx_word' id='word_1_329' title='bbox 2118 969 2266 1008; x_wconf 90' lang='lat' dir='ltr'><strong>multos</strong></span> <span class='ocrx_word' id='word_1_330' title='bbox 2285 968 2359 1007; x_wconf 91' lang='lat' dir='ltr'><strong>sibi</strong></span> <span class='ocrx_word' id='word_1_331' title='bbox 2379 968 2507 1007; x_wconf 91' lang='lat' dir='ltr'><strong>socios</strong></span> <span class='ocrx_word' id='word_1_332' title='bbox 2533 970 2786 1008; x_wconf 88' lang='lat' dir='ltr'><strong>consiliorum</strong></span> 
     </span>
     <span class='ocr_line' id='line_1_45' title="bbox 1489 1048 2788 1101; baseline -0.002 -10"><span class='ocrx_word' id='word_1_333' title='bbox 1489 1051 1758 1101; x_wconf 86' lang='lat' dir='ltr'><strong>comparavit,</strong></span> <span class='ocrx_word' id='word_1_334' title='bbox 1787 1050 1890 1088; x_wconf 89' lang='lat' dir='ltr'><strong>inter</strong></span> <span class='ocrx_word' id='word_1_335' title='bbox 1920 1059 2067 1099; x_wconf 89' lang='lat' dir='ltr'><strong>eosque</strong></span> <span class='ocrx_word' id='word_1_336' title='bbox 2090 1049 2209 1087; x_wconf 89' lang='lat' dir='ltr'><strong>etiam</strong></span> <span class='ocrx_word' id='word_1_337' title='bbox 2231 1048 2394 1088; x_wconf 83' lang='lat' dir='ltr'><strong>Larissae</strong></span> <span class='ocrx_word' id='word_1_338' title='bbox 2421 1048 2598 1098; x_wconf 91' lang='lat' dir='ltr'><strong>incolas,</strong></span> <span class='ocrx_word' id='word_1_339' title='bbox 2630 1049 2788 1088; x_wconf 83' lang='lat' dir='ltr'><strong>virtutis</strong></span> 
     </span>
     <span class='ocr_line' id='line_1_46' title="bbox 1489 1128 2788 1179; baseline -0.003 -8"><span class='ocrx_word' id='word_1_340' title='bbox 1489 1132 1577 1171; x_wconf 91' lang='lat' dir='ltr'><strong>illos</strong></span> <span class='ocrx_word' id='word_1_341' title='bbox 1596 1131 1700 1169; x_wconf 87' lang='lat' dir='ltr'><strong>fama</strong></span> <span class='ocrx_word' id='word_1_342' title='bbox 1717 1129 1891 1168; x_wconf 88' lang='lat' dir='ltr'><strong>celebres</strong></span> <span class='ocrx_word' id='word_1_343' title='bbox 1903 1159 1914 1179; x_wconf 93' lang='lat'><em>‚</em></span> <span class='ocrx_word' id='word_1_344' title='bbox 1931 1128 2001 1178; x_wconf 86' lang='lat' dir='ltr'><strong>qui</strong></span> <span class='ocrx_word' id='word_1_345' title='bbox 2018 1129 2058 1167; x_wconf 91' lang='lat' dir='ltr'><strong>in</strong></span> <span class='ocrx_word' id='word_1_346' title='bbox 2075 1128 2187 1178; x_wconf 90' lang='lat' dir='ltr'><strong>Syria</strong></span> <span class='ocrx_word' id='word_1_347' title='bbox 2202 1128 2493 1168; x_wconf 82' lang='lat' dir='ltr'><strong>habitationem</strong></span> <span class='ocrx_word' id='word_1_348' title='bbox 2511 1129 2613 1167; x_wconf 87' lang='lat' dir='ltr'><strong>hanc</strong></span> <span class='ocrx_word' id='word_1_349' title='bbox 2629 1139 2788 1179; x_wconf 86' lang='lat' dir='ltr'><strong>accepe—</strong></span> 
     </span>
    </p>
   </div>
   <div class='ocr_carea' id='block_1_10' title="bbox 1490 1212 2800 2939">
    <p class='ocr_par' dir='ltr' id='par_1_13' title="bbox 1490 1212 2800 2848">
     <span class='ocr_line' id='line_1_47' title="bbox 1492 1212 2789 1265; baseline -0.002 -11"><span class='ocrx_word' id='word_1_350' title='bbox 1492 1217 1580 1254; x_wconf 86' lang='lat' dir='ltr'><strong>rant</strong></span> <span class='ocrx_word' id='word_1_351' title='bbox 1597 1215 1806 1265; x_wconf 86' lang='lat' dir='ltr'><strong>praemium</strong></span> <span class='ocrx_word' id='word_1_352' title='bbox 1826 1213 2068 1252; x_wconf 85' lang='lat' dir='ltr'><strong>fortitudinis</strong></span> <span class='ocrx_word' id='word_1_353' title='bbox 2085 1212 2238 1252; x_wconf 87' lang='lat' dir='ltr'><strong>:coloni</strong></span> <span class='ocrx_word' id='word_1_354' title='bbox 2254 1223 2348 1252; x_wconf 85' lang='lat' dir='ltr'><strong>vero</strong></span> <span class='ocrx_word' id='word_1_355' title='bbox 2365 1214 2477 1252; x_wconf 90' lang='lat' dir='ltr'><strong>erant</strong></span> <span class='ocrx_word' id='word_1_356' title='bbox 2491 1212 2653 1252; x_wconf 80' lang='lat' dir='ltr'><strong>Larissae</strong></span> <span class='ocrx_word' id='word_1_357' title='bbox 2670 1214 2789 1253; x_wconf 89' lang='lat' dir='ltr'><strong>Thes-</strong></span> 
     </span>
     <span class='ocr_line' id='line_1_48' title="bbox 1490 1291 2792 1344; baseline -0.002 -10"><span class='ocrx_word' id='word_1_358' title='bbox 1490 1294 1620 1334; x_wconf 76' lang='lat' dir='ltr'><strong>salicae</strong></span> <span class='ocrx_word' id='word_1_359' title='bbox 1635 1324 1646 1344; x_wconf 89' lang='lat'><strong>,</strong></span> <span class='ocrx_word' id='word_1_360' title='bbox 1671 1294 1711 1333; x_wconf 92' lang='lat' dir='ltr'><strong>et</strong></span> <span class='ocrx_word' id='word_1_361' title='bbox 1727 1304 1797 1344; x_wconf 88' lang='lat' dir='ltr'><strong>pro</strong></span> <span class='ocrx_word' id='word_1_362' title='bbox 1818 1293 1973 1342; x_wconf 79' lang='lat' dir='ltr'><strong>regibus</strong></span> <span class='ocrx_word' id='word_1_363' title='bbox 1989 1303 2011 1331; x_wconf 90' lang='lat' dir='ltr'><strong>a</strong></span> <span class='ocrx_word' id='word_1_364' title='bbox 2029 1293 2193 1332; x_wconf 86' lang='lat' dir='ltr'><strong>Seleuco</strong></span> <span class='ocrx_word' id='word_1_365' title='bbox 2217 1293 2400 1332; x_wconf 88' lang='lat' dir='ltr'><strong>Nicatore</strong></span> <span class='ocrx_word' id='word_1_366' title='bbox 2413 1291 2592 1332; x_wconf 87' lang='lat' dir='ltr'><strong>oriundis</strong></span> <span class='ocrx_word' id='word_1_367' title='bbox 2609 1293 2648 1331; x_wconf 92' lang='lat' dir='ltr'><strong>in</strong></span> <span class='ocrx_word' id='word_1_368' title='bbox 2665 1293 2792 1343; x_wconf 86' lang='lat' dir='ltr'><strong>primo</strong></span> 
     </span>
     <span class='ocr_line' id='line_1_49' title="bbox 1491 1372 2791 1424; baseline -0.002 -11"><span class='ocrx_word' id='word_1_369' title='bbox 1491 1374 1691 1424; x_wconf 83' lang='lat' dir='ltr'><strong>equitatus</strong></span> <span class='ocrx_word' id='word_1_370' title='bbox 1725 1373 1880 1423; x_wconf 85' lang='lat' dir='ltr'><strong>agmine</strong></span> <span class='ocrx_word' id='word_1_371' title='bbox 1918 1372 2101 1412; x_wconf 89' lang='lat' dir='ltr'><strong>collocati</strong></span> <span class='ocrx_word' id='word_1_372' title='bbox 2138 1383 2312 1423; x_wconf 83' lang='lat' dir='ltr'><strong>pugnare</strong></span> <span class='ocrx_word' id='word_1_373' title='bbox 2345 1372 2538 1413; x_wconf 87' lang='lat' dir='ltr'><strong>solebant.</strong></span> <span class='ocrx_word' id='word_1_374' title='bbox 2595 1374 2791 1413; x_wconf 83' lang='lat' dir='ltr'><strong>Praeterea</strong></span> 
     </span>
     <span class='ocr_line' id='line_1_50' title="bbox 1491 1450 2791 1503; baseline -0.002 -10"><span class='ocrx_word' id='word_1_375' title='bbox 1491 1452 1686 1493; x_wconf 87' lang='lat' dir='ltr'><strong>Diodotus</strong></span> <span class='ocrx_word' id='word_1_376' title='bbox 1702 1451 1930 1492; x_wconf 82' lang='lat' dir='ltr'><strong>societatem</strong></span> <span class='ocrx_word' id='word_1_377' title='bbox 1948 1450 2036 1492; x_wconf 82' lang='lat' dir='ltr'><strong>iniit</strong></span> <span class='ocrx_word' id='word_1_378' title='bbox 2058 1462 2150 1491; x_wconf 86' lang='lat' dir='ltr'><strong>cum</strong></span> <span class='ocrx_word' id='word_1_379' title='bbox 2168 1452 2322 1492; x_wconf 81' lang='lat' dir='ltr'><strong>Arabiae</strong></span> <span class='ocrx_word' id='word_1_380' title='bbox 2343 1452 2520 1503; x_wconf 86' lang='lat' dir='ltr'><strong>principe</strong></span> <span class='ocrx_word' id='word_1_381' title='bbox 2547 1451 2791 1501; x_wconf 77' lang='lat' dir='ltr'><strong>Iamblicho,</strong></span> 
     </span>
     <span class='ocr_line' id='line_1_51' title="bbox 1491 1531 2792 1583; baseline -0.001 -11"><span class='ocrx_word' id='word_1_382' title='bbox 1491 1533 1561 1583; x_wconf 89' lang='lat' dir='ltr'><strong>qui</strong></span> <span class='ocrx_word' id='word_1_383' title='bbox 1580 1532 1673 1572; x_wconf 86' lang='lat' dir='ltr'><strong>fidei</strong></span> <span class='ocrx_word' id='word_1_384' title='bbox 1690 1543 1774 1572; x_wconf 83' lang='lat' dir='ltr'><strong>suae</strong></span> <span class='ocrx_word' id='word_1_385' title='bbox 1790 1531 2047 1572; x_wconf 88' lang='lat' dir='ltr'><strong>commissum</strong></span> <span class='ocrx_word' id='word_1_386' title='bbox 2064 1532 2235 1572; x_wconf 89' lang='lat' dir='ltr'><strong>habebat</strong></span> <span class='ocrx_word' id='word_1_387' title='bbox 2259 1532 2500 1571; x_wconf 84' lang='lat' dir='ltr'><strong>Antiochum</strong></span> <span class='ocrx_word' id='word_1_388' title='bbox 2526 1532 2792 1582; x_wconf 87' lang='lat' dir='ltr'><strong>Epiphanem,</strong></span> 
     </span>
     <span class='ocr_line' id='line_1_52' title="bbox 1492 1611 2791 1663; baseline 0 -12"><span class='ocrx_word' id='word_1_389' title='bbox 1492 1624 1613 1663; x_wconf 88' lang='lat' dir='ltr'><strong>quem</strong></span> <span class='ocrx_word' id='word_1_390' title='bbox 1626 1613 1792 1662; x_wconf 84' lang='lat' dir='ltr'><strong>vocant,</strong></span> <span class='ocrx_word' id='word_1_391' title='bbox 1815 1611 2029 1652; x_wconf 84' lang='lat' dir='ltr'><strong>Alexandri</strong></span> <span class='ocrx_word' id='word_1_392' title='bbox 2045 1611 2170 1651; x_wconf 85' lang='lat' dir='ltr'><strong>filium</strong></span> <span class='ocrx_word' id='word_1_393' title='bbox 2182 1642 2194 1662; x_wconf 91' lang='lat'><strong>,</strong></span> <span class='ocrx_word' id='word_1_394' title='bbox 2212 1611 2629 1663; x_wconf 64' lang='lat' dir='ltr'><strong>puerumadmodiim.</strong></span> <span class='ocrx_word' id='word_1_395' title='bbox 2687 1612 2791 1652; x_wconf 87' lang='lat' dir='ltr'><strong>Huic</strong></span> 
     </span>
     <span class='ocr_line' id='line_1_53' title="bbox 1491 1691 2796 1743; baseline 0 -12"><span class='ocrx_word' id='word_1_396' title='bbox 1491 1693 1610 1743; x_wconf 87' lang='lat' dir='ltr'><strong>igitur</strong></span> <span class='ocrx_word' id='word_1_397' title='bbox 1622 1691 1803 1732; x_wconf 89' lang='lat' dir='ltr'><strong>diadema</strong></span> <span class='ocrx_word' id='word_1_398' title='bbox 1815 1692 2018 1742; x_wconf 88' lang='lat' dir='ltr'><strong>imposuit,</strong></span> <span class='ocrx_word' id='word_1_399' title='bbox 2031 1693 2072 1732; x_wconf 91' lang='lat' dir='ltr'><strong>et</strong></span> <span class='ocrx_word' id='word_1_400' title='bbox 2082 1692 2237 1742; x_wconf 91' lang='lat' dir='ltr'><strong>reliquo</strong></span> <span class='ocrx_word' id='word_1_401' title='bbox 2251 1692 2362 1730; x_wconf 72' lang='lat' dir='ltr'><strong>cultu</strong></span> <span class='ocrx_word' id='word_1_402' title='bbox 2375 1691 2483 1741; x_wconf 88' lang='lat' dir='ltr'><strong>regio</strong></span> <span class='ocrx_word' id='word_1_403' title='bbox 2496 1691 2737 1731; x_wconf 89' lang='lat' dir='ltr'><strong>instructum</strong></span> <span class='ocrx_word' id='word_1_404' title='bbox 2755 1693 2796 1731; x_wconf 90' lang='lat' dir='ltr'><strong>in</strong></span> 
     </span>
     <span class='ocr_line' id='line_1_54' title="bbox 1491 1770 2795 1822; baseline 0 -11"><span class='ocrx_word' id='word_1_405' title='bbox 1491 1783 1658 1822; x_wconf 87' lang='lat' dir='ltr'><strong>regnum</strong></span> <span class='ocrx_word' id='word_1_406' title='bbox 1675 1772 1888 1822; x_wconf 89' lang='lat' dir='ltr'><strong>paternum</strong></span> <span class='ocrx_word' id='word_1_407' title='bbox 1910 1770 2100 1811; x_wconf 89' lang='lat' dir='ltr'><strong>reducere</strong></span> <span class='ocrx_word' id='word_1_408' title='bbox 2113 1771 2300 1810; x_wconf 85' lang='lat' dir='ltr'><strong>instituit.</strong></span> <span class='ocrx_word' id='word_1_409' title='bbox 2320 1771 2515 1810; x_wconf 84' lang='lat' dir='ltr'><strong>censebat</strong></span> <span class='ocrx_word' id='word_1_410' title='bbox 2531 1772 2637 1811; x_wconf 89' lang='lat' dir='ltr'><strong>enim</strong></span> <span class='ocrx_word' id='word_1_411' title='bbox 2657 1772 2795 1811; x_wconf 79' lang='lat' dir='ltr'><strong>multi—</strong></span> 
     </span>
     <span class='ocr_line' id='line_1_55' title="bbox 1491 1850 2795 1902; baseline 0 -11"><span class='ocrx_word' id='word_1_412' title='bbox 1491 1851 1673 1891; x_wconf 86' lang='lat' dir='ltr'><strong>tudinem</strong></span> <span class='ocrx_word' id='word_1_413' title='bbox 1693 1851 1927 1890; x_wconf 87' lang='lat' dir='ltr'><strong>mutationis</strong></span> <span class='ocrx_word' id='word_1_414' title='bbox 1945 1850 2132 1901; x_wconf 83' lang='lat' dir='ltr'><strong>cupidam</strong></span> <span class='ocrx_word' id='word_1_415' title='bbox 2152 1851 2337 1890; x_wconf 89' lang='lat' dir='ltr'><strong>lubenter</strong></span> <span class='ocrx_word' id='word_1_416' title='bbox 2354 1862 2527 1901; x_wconf 90' lang='lat' dir='ltr'><strong>puerum</strong></span> <span class='ocrx_word' id='word_1_417' title='bbox 2544 1853 2795 1902; x_wconf 83' lang='lat' dir='ltr'><strong>recepturam</strong></span> 
     </span>
     <span class='ocr_line' id='line_1_56' title="bbox 1492 1930 2797 1982; baseline 0.001 -12"><span class='ocrx_word' id='word_1_418' title='bbox 1492 1942 1576 1971; x_wconf 89' lang='lat' dir='ltr'><strong>esse</strong></span> <span class='ocrx_word' id='word_1_419' title='bbox 1603 1932 1763 1982; x_wconf 90' lang='lat' dir='ltr'><strong>propter</strong></span> <span class='ocrx_word' id='word_1_420' title='bbox 1781 1933 1978 1981; x_wconf 77' lang='lat' dir='ltr'><strong>priorum</strong></span> <span class='ocrx_word' id='word_1_421' title='bbox 1998 1930 2128 1980; x_wconf 75' lang='lat' dir='ltr'><strong>hujus</strong></span> <span class='ocrx_word' id='word_1_422' title='bbox 2137 1930 2334 1980; x_wconf 75' lang='lat' dir='ltr'><strong>familiae</strong></span> <span class='ocrx_word' id='word_1_423' title='bbox 2351 1942 2488 1981; x_wconf 85' lang='lat' dir='ltr'><strong>regum</strong></span> <span class='ocrx_word' id='word_1_424' title='bbox 2510 1932 2797 1974; x_wconf 87' lang='lat' dir='ltr'><strong>humanitatem</strong></span> 
     </span>
     <span class='ocr_line' id='line_1_57' title="bbox 1493 2010 2797 2062; baseline 0 -12"><span class='ocrx_word' id='word_1_425' title='bbox 1493 2013 1614 2062; x_wconf 87' lang='lat' dir='ltr'><strong>atque</strong></span> <span class='ocrx_word' id='word_1_426' title='bbox 1633 2011 1719 2061; x_wconf 85' lang='lat' dir='ltr'><strong>ejus</strong></span> <span class='ocrx_word' id='word_1_427' title='bbox 1742 2011 1811 2062; x_wconf 88' lang='lat' dir='ltr'><strong>qui</strong></span> <span class='ocrx_word' id='word_1_428' title='bbox 1826 2011 1925 2050; x_wconf 89' lang='lat' dir='ltr'><strong>tunc</strong></span> <span class='ocrx_word' id='word_1_429' title='bbox 1945 2010 2134 2062; x_wconf 83' lang='lat' dir='ltr'><strong>regnabat</strong></span> <span class='ocrx_word' id='word_1_430' title='bbox 2161 2011 2426 2051; x_wconf 83' lang='lat' dir='ltr'><strong>insolentiam.</strong></span> <span class='ocrx_word' id='word_1_431' title='bbox 2446 2012 2495 2050; x_wconf 89' lang='lat' dir='ltr'><strong>Et</strong></span> <span class='ocrx_word' id='word_1_432' title='bbox 2519 2012 2691 2062; x_wconf 91' lang='lat' dir='ltr'><strong>primum</strong></span> <span class='ocrx_word' id='word_1_433' title='bbox 2708 2013 2797 2062; x_wconf 90' lang='lat' dir='ltr'><strong>qui-</strong></span> 
     </span>
     <span class='ocr_line' id='line_1_58' title="bbox 1493 2090 2797 2141; baseline 0.002 -10"><span class='ocrx_word' id='word_1_434' title='bbox 1493 2092 1599 2140; x_wconf 88' lang='lat' dir='ltr'><strong>dem,</strong></span> <span class='ocrx_word' id='word_1_435' title='bbox 1616 2091 1813 2131; x_wconf 89' lang='lat' dir='ltr'><strong>mediocri</strong></span> <span class='ocrx_word' id='word_1_436' title='bbox 1829 2090 1984 2141; x_wconf 85' lang='lat' dir='ltr'><strong>agmine</strong></span> <span class='ocrx_word' id='word_1_437' title='bbox 2001 2091 2183 2140; x_wconf 85' lang='lat' dir='ltr'><strong>collecto,</strong></span> <span class='ocrx_word' id='word_1_438' title='bbox 2199 2093 2326 2131; x_wconf 87' lang='lat' dir='ltr'><strong>castra</strong></span> <span class='ocrx_word' id='word_1_439' title='bbox 2342 2093 2517 2131; x_wconf 89' lang='lat' dir='ltr'><strong>metatus</strong></span> <span class='ocrx_word' id='word_1_440' title='bbox 2532 2094 2590 2132; x_wconf 89' lang='lat' dir='ltr'><strong>est</strong></span> <span class='ocrx_word' id='word_1_441' title='bbox 2606 2092 2657 2130; x_wconf 87' lang='lat' dir='ltr'><strong>ad</strong></span> <span class='ocrx_word' id='word_1_442' title='bbox 2675 2092 2797 2133; x_wconf 87' lang='lat' dir='ltr'><strong>Chal·</strong></span> 
     </span>
     <span class='ocr_line' id='line_1_59' title="bbox 1495 2163 2798 2220; baseline -0.003 -8"><span class='ocrx_word' id='word_1_443' title='bbox 1495 2172 1625 2212; x_wconf 89' lang='lat' dir='ltr'><strong>cidem</strong></span> <span class='ocrx_word' id='word_1_444' title='bbox 1643 2163 1782 2210; x_wconf 83' lang='lat' dir='ltr'><strong>urbem</strong></span> <span class='ocrx_word' id='word_1_445' title='bbox 1795 2201 1807 2220; x_wconf 93' lang='lat'><strong>,</strong></span> <span class='ocrx_word' id='word_1_446' title='bbox 1826 2170 1867 2210; x_wconf 92' lang='lat' dir='ltr'><strong>in</strong></span> <span class='ocrx_word' id='word_1_447' title='bbox 1884 2168 2064 2210; x_wconf 86' lang='lat' dir='ltr'><strong>confiniis</strong></span> <span class='ocrx_word' id='word_1_448' title='bbox 2081 2170 2236 2211; x_wconf 84' lang='lat' dir='ltr'><strong>Arabiae</strong></span> <span class='ocrx_word' id='word_1_449' title='bbox 2250 2170 2367 2209; x_wconf 91' lang='lat' dir='ltr'><strong>sitam</strong></span> <span class='ocrx_word' id='word_1_450' title='bbox 2381 2200 2392 2218; x_wconf 90' lang='lat'><strong>,</strong></span> <span class='ocrx_word' id='word_1_451' title='bbox 2409 2181 2499 2220; x_wconf 83' lang='lat' dir='ltr'><strong>quae</strong></span> <span class='ocrx_word' id='word_1_452' title='bbox 2517 2169 2721 2210; x_wconf 90' lang='lat' dir='ltr'><strong>collocatis</strong></span> <span class='ocrx_word' id='word_1_453' title='bbox 2741 2169 2798 2210; x_wconf 90' lang='lat' dir='ltr'><strong>ibi</strong></span> 
     </span>
     <span class='ocr_line' id='line_1_60' title="bbox 1497 2250 2800 2301; baseline -0.002 -10"><span class='ocrx_word' id='word_1_454' title='bbox 1497 2251 1618 2301; x_wconf 88' lang='lat' dir='ltr'><strong>copiis</strong></span> <span class='ocrx_word' id='word_1_455' title='bbox 1634 2251 1674 2291; x_wconf 90' lang='lat' dir='ltr'><strong>et</strong></span> <span class='ocrx_word' id='word_1_456' title='bbox 1691 2251 1959 2291; x_wconf 85' lang='lat' dir='ltr'><strong>commeatum</strong></span> <span class='ocrx_word' id='word_1_457' title='bbox 1979 2251 2020 2290; x_wconf 87' lang='lat' dir='ltr'><strong>et</strong></span> <span class='ocrx_word' id='word_1_458' title='bbox 2035 2250 2290 2290; x_wconf 86' lang='lat' dir='ltr'><strong>securitatem</strong></span> <span class='ocrx_word' id='word_1_459' title='bbox 2307 2250 2486 2300; x_wconf 86' lang='lat' dir='ltr'><strong>praebere</strong></span> <span class='ocrx_word' id='word_1_460' title='bbox 2505 2252 2678 2300; x_wconf 89' lang='lat' dir='ltr'><strong>poterat.</strong></span> <span class='ocrx_word' id='word_1_461' title='bbox 2699 2250 2800 2290; x_wconf 87' lang='lat' dir='ltr'><strong>Hinc</strong></span> 
     </span>
     <span class='ocr_line' id='line_1_61' title="bbox 1498 2329 2798 2380; baseline 0 -10"><span class='ocrx_word' id='word_1_462' title='bbox 1498 2330 1640 2371; x_wconf 89' lang='lat' dir='ltr'><strong>deinde</strong></span> <span class='ocrx_word' id='word_1_463' title='bbox 1660 2341 1875 2370; x_wconf 85' lang='lat' dir='ltr'><strong>excurrens</strong></span> <span class='ocrx_word' id='word_1_464' title='bbox 1890 2330 2079 2370; x_wconf 85' lang='lat' dir='ltr'><strong>finitimos</strong></span> <span class='ocrx_word' id='word_1_465' title='bbox 2092 2329 2299 2380; x_wconf 85' lang='lat' dir='ltr'><strong>subigebat</strong></span> <span class='ocrx_word' id='word_1_466' title='bbox 2314 2331 2434 2380; x_wconf 89' lang='lat' dir='ltr'><strong>atque</strong></span> <span class='ocrx_word' id='word_1_467' title='bbox 2446 2342 2508 2370; x_wconf 89' lang='lat' dir='ltr'><strong>res</strong></span> <span class='ocrx_word' id='word_1_468' title='bbox 2524 2330 2574 2370; x_wconf 88' lang='lat' dir='ltr'><strong>ad</strong></span> <span class='ocrx_word' id='word_1_469' title='bbox 2594 2330 2686 2370; x_wconf 90' lang='lat' dir='ltr'><strong>belli</strong></span> <span class='ocrx_word' id='word_1_470' title='bbox 2703 2342 2798 2370; x_wconf 88' lang='lat' dir='ltr'><strong>usus</strong></span> 
     </span>
     <span class='ocr_line' id='line_1_62' title="bbox 1497 2410 2799 2461; baseline -0.001 -11"><span class='ocrx_word' id='word_1_471' title='bbox 1497 2411 1737 2452; x_wconf 86' lang='lat' dir='ltr'><strong>necessarias</strong></span> <span class='ocrx_word' id='word_1_472' title='bbox 1760 2410 1834 2450; x_wconf 90' lang='lat' dir='ltr'><strong>sibi</strong></span> <span class='ocrx_word' id='word_1_473' title='bbox 1850 2410 2119 2460; x_wconf 88' lang='lat' dir='ltr'><strong>comparabat.</strong></span> <span class='ocrx_word' id='word_1_474' title='bbox 2173 2410 2399 2450; x_wconf 86' lang='lat' dir='ltr'><strong>Demetrius</strong></span> <span class='ocrx_word' id='word_1_475' title='bbox 2425 2412 2561 2450; x_wconf 89' lang='lat' dir='ltr'><strong>autem</strong></span> <span class='ocrx_word' id='word_1_476' title='bbox 2578 2411 2690 2450; x_wconf 90' lang='lat' dir='ltr'><strong>initio</strong></span> <span class='ocrx_word' id='word_1_477' title='bbox 2708 2411 2799 2461; x_wconf 90' lang='lat' dir='ltr'><strong>qui-</strong></span> 
     </span>
     <span class='ocr_line' id='line_1_63' title="bbox 1498 2490 2799 2541; baseline -0.001 -10"><span class='ocrx_word' id='word_1_478' title='bbox 1498 2492 1589 2531; x_wconf 91' lang='lat' dir='ltr'><strong>dem</strong></span> <span class='ocrx_word' id='word_1_479' title='bbox 1606 2491 1718 2541; x_wconf 82' lang='lat' dir='ltr'><strong>quasi</strong></span> <span class='ocrx_word' id='word_1_480' title='bbox 1743 2491 1938 2530; x_wconf 89' lang='lat' dir='ltr'><strong>latronem</strong></span> <span class='ocrx_word' id='word_1_481' title='bbox 1959 2491 2218 2530; x_wconf 89' lang='lat' dir='ltr'><strong>contemnens</strong></span> <span class='ocrx_word' id='word_1_482' title='bbox 2240 2501 2333 2530; x_wconf 91' lang='lat' dir='ltr'><strong>eum</strong></span> <span class='ocrx_word' id='word_1_483' title='bbox 2358 2490 2642 2541; x_wconf 81' lang='lat' dir='ltr'><strong>comprehendi</strong></span> <span class='ocrx_word' id='word_1_484' title='bbox 2666 2491 2799 2530; x_wconf 80' lang='lat' dir='ltr'><strong>militi·</strong></span> 
     </span>
     <span class='ocr_line' id='line_1_64' title="bbox 1499 2570 2800 2623; baseline 0.001 -13"><span class='ocrx_word' id='word_1_485' title='bbox 1499 2571 1573 2610; x_wconf 91' lang='lat' dir='ltr'><strong>bus</strong></span> <span class='ocrx_word' id='word_1_486' title='bbox 1594 2570 1730 2620; x_wconf 86' lang='lat' dir='ltr'><strong>jussit,</strong></span> <span class='ocrx_word' id='word_1_487' title='bbox 1749 2572 1884 2623; x_wconf 84' lang='lat' dir='ltr'><strong>postea</strong></span> <span class='ocrx_word' id='word_1_488' title='bbox 1903 2581 2022 2618; x_wconf 90' lang='lat' dir='ltr'><strong>vero,</strong></span> <span class='ocrx_word' id='word_1_489' title='bbox 2038 2581 2165 2620; x_wconf 92' lang='lat' dir='ltr'><strong>quum</strong></span> <span class='ocrx_word' id='word_1_490' title='bbox 2181 2570 2377 2610; x_wconf 89' lang='lat' dir='ltr'><strong>Diodotus</strong></span> <span class='ocrx_word' id='word_1_491' title='bbox 2399 2570 2544 2620; x_wconf 86' lang='lat' dir='ltr'><strong>praeter</strong></span> <span class='ocrx_word' id='word_1_492' title='bbox 2573 2572 2800 2621; x_wconf 87' lang='lat' dir='ltr'><strong>opinionem</strong></span> 
     </span>
     <span class='ocr_line' id='line_1_65' title="bbox 1499 2651 2800 2703; baseline 0.001 -12"><span class='ocrx_word' id='word_1_493' title='bbox 1499 2652 1637 2692; x_wconf 84' lang='lat' dir='ltr'><strong>multis</strong></span> <span class='ocrx_word' id='word_1_494' title='bbox 1659 2663 1702 2692; x_wconf 89' lang='lat' dir='ltr'><strong>se</strong></span> <span class='ocrx_word' id='word_1_495' title='bbox 1723 2652 1846 2702; x_wconf 89' lang='lat' dir='ltr'><strong>copiis</strong></span> <span class='ocrx_word' id='word_1_496' title='bbox 1860 2651 2113 2692; x_wconf 78' lang='lat' dir='ltr'><strong>instruxisset</strong></span> <span class='ocrx_word' id='word_1_497' title='bbox 2136 2652 2256 2701; x_wconf 87' lang='lat' dir='ltr'><strong>atque</strong></span> <span class='ocrx_word' id='word_1_498' title='bbox 2271 2662 2355 2691; x_wconf 86' lang='lat' dir='ltr'><strong>suae</strong></span> <span class='ocrx_word' id='word_1_499' title='bbox 2375 2652 2498 2701; x_wconf 89' lang='lat' dir='ltr'><strong>ipsius</strong></span> <span class='ocrx_word' id='word_1_500' title='bbox 2514 2652 2692 2692; x_wconf 85' lang='lat' dir='ltr'><strong>audaciae</strong></span> <span class='ocrx_word' id='word_1_501' title='bbox 2709 2663 2800 2703; x_wconf 90' lang='lat' dir='ltr'><strong>pue-</strong></span> 
     </span>
     <span class='ocr_line' id='line_1_66' title="bbox 1500 2722 2798 2779; baseline 0 -11"><span class='ocrx_word' id='word_1_502' title='bbox 1500 2740 1591 2768; x_wconf 91' lang='lat' dir='ltr'><strong>rum</strong></span> <span class='ocrx_word' id='word_1_503' title='bbox 1607 2729 1646 2768; x_wconf 88' lang='lat' dir='ltr'><strong>in</strong></span> <span class='ocrx_word' id='word_1_504' title='bbox 1664 2739 1830 2779; x_wconf 86' lang='lat' dir='ltr'><strong>regnum</strong></span> <span class='ocrx_word' id='word_1_505' title='bbox 1846 2728 2118 2768; x_wconf 89' lang='lat' dir='ltr'><strong>reducendum</strong></span> <span class='ocrx_word' id='word_1_506' title='bbox 2131 2729 2393 2778; x_wconf 85' lang='lat' dir='ltr'><strong>praetexeret,</strong></span> <span class='ocrx_word' id='word_1_507' title='bbox 2411 2722 2554 2768; x_wconf 76' lang='lat' dir='ltr'><strong>ducem</strong></span> <span class='ocrx_word' id='word_1_508' title='bbox 2572 2740 2664 2768; x_wconf 91' lang='lat' dir='ltr'><strong>cum</strong></span> <span class='ocrx_word' id='word_1_509' title='bbox 2688 2740 2798 2770; x_wconf 85' lang='lat' dir='ltr'><strong>exer·</strong></span> 
     </span>
     <span class='ocr_line' id='line_1_67' title="bbox 1501 2796 2379 2848; baseline 0 0"><span class='ocrx_word' id='word_1_510' title='bbox 1501 2809 1584 2848; x_wconf 91' lang='lat' dir='ltr'><strong>citu</strong></span> <span class='ocrx_word' id='word_1_511' title='bbox 1602 2796 1741 2848; x_wconf 77' lang='lat' dir='ltr'><strong>contra</strong></span> <span class='ocrx_word' id='word_1_512' title='bbox 1759 2819 1851 2848; x_wconf 90' lang='lat' dir='ltr'><strong>eum</strong></span> <span class='ocrx_word' id='word_1_513' title='bbox 1868 2808 2110 2848; x_wconf 88' lang='lat' dir='ltr'><strong>mittendum</strong></span> <span class='ocrx_word' id='word_1_514' title='bbox 2128 2819 2212 2848; x_wconf 90' lang='lat' dir='ltr'><strong>esse</strong></span> <span class='ocrx_word' id='word_1_515' title='bbox 2225 2809 2379 2848; x_wconf 84' lang='lat' dir='ltr'><strong>statuit.</strong></span> 
     </span>
    </p>

    <p class='ocr_par' dir='ltr' id='par_1_14' title="bbox 1554 2887 2800 2939">
     <span class='ocr_line' id='line_1_68' title="bbox 1554 2887 2800 2939; baseline 0.002 -12"><span class='ocrx_word' id='word_1_516' title='bbox 1554 2890 1676 2928; x_wconf 90' lang='lat' dir='ltr'>XXII.</span> <span class='ocrx_word' id='word_1_517' title='bbox 1712 2890 1753 2927; x_wconf 90' lang='lat' dir='ltr'><strong>ln</strong></span> <span class='ocrx_word' id='word_1_518' title='bbox 1770 2887 1913 2927; x_wconf 89' lang='lat' dir='ltr'><strong>Pisidia</strong></span> <span class='ocrx_word' id='word_1_519' title='bbox 1937 2887 2147 2927; x_wconf 88' lang='lat' dir='ltr'><strong>Molcestes</strong></span> <span class='ocrx_word' id='word_1_520' title='bbox 2163 2887 2274 2937; x_wconf 77' lang='lat' dir='ltr'><strong>(sive</strong></span> <span class='ocrx_word' id='word_1_521' title='bbox 2295 2889 2521 2938; x_wconf 80' lang='lat' dir='ltr'><strong>Moceltes)</strong></span> <span class='ocrx_word' id='word_1_522' title='bbox 2539 2889 2702 2939; x_wconf 84' lang='lat' dir='ltr'><strong>quidam</strong></span> <span class='ocrx_word' id='word_1_523' title='bbox 2719 2891 2800 2929; x_wconf 91' lang='lat' dir='ltr'><strong>Bu-</strong></span> 
     </span>
    </p>
   </div>
   <div class='ocr_carea' id='block_1_11' title="bbox 136 3025 2804 3893">
    <p class='ocr_par' dir='ltr' id='par_1_15' title="bbox 136 3025 2802 3307">
     <span class='ocr_line' id='line_1_69' title="bbox 139 3025 2801 3082; baseline 0.003 -18"><span class='ocrx_word' id='word_1_524' title='bbox 139 3025 231 3064; x_wconf 90' lang='lat' dir='ltr'>XlX</span> <span class='ocrx_word' id='word_1_525' title='bbox 242 3026 384 3074; x_wconf 86' lang='lat' dir='ltr'><strong>etXX,</strong></span> <span class='ocrx_word' id='word_1_526' title='bbox 375 3038 383 3048; x_wconf 93' lang='lat'><strong>·</strong></span> <span class='ocrx_word' id='word_1_527' title='bbox 402 3037 487 3076; x_wconf 91' lang='lat' dir='ltr'><strong>cap.</strong></span> <span class='ocrx_word' id='word_1_528' title='bbox 500 3028 679 3065; x_wconf 81' lang='lat' dir='ltr'>X—-XII,</span> <span class='ocrx_word' id='word_1_529' title='bbox 696 3026 938 3073; x_wconf 81' lang='lat' dir='ltr'><strong>Quaeomnia</strong></span> <span class='ocrx_word' id='word_1_530' title='bbox 954 3026 1085 3065; x_wconf 90' lang='lat' dir='ltr'><strong>adhuc</strong></span> <span class='ocrx_word' id='word_1_531' title='bbox 1104 3025 1202 3065; x_wconf 88' lang='lat' dir='ltr'><strong>libro</strong></span> <span class='ocrx_word' id='word_1_532' title='bbox 1218 3028 1346 3066; x_wconf 84' lang='lat' dir='ltr'>XXXI</span> <span class='ocrx_word' id='word_1_533' title='bbox 1363 3027 1622 3076; x_wconf 88' lang='lat' dir='ltr'><strong>vindicanda,</strong></span> <span class='ocrx_word' id='word_1_534' title='bbox 1611 3042 1621 3050; x_wconf 93' lang='lat'><strong>·</strong></span> <span class='ocrx_word' id='word_1_535' title='bbox 1641 3028 1890 3078; x_wconf 88' lang='lat' dir='ltr'><strong>cujusannus</strong></span> <span class='ocrx_word' id='word_1_536' title='bbox 1904 3030 2130 3079; x_wconf 88' lang='lat' dir='ltr'><strong>postremus</strong></span> <span class='ocrx_word' id='word_1_537' title='bbox 2139 3028 2258 3068; x_wconf 82' lang='lat' dir='ltr'><strong>fuerit</strong></span> <span class='ocrx_word' id='word_1_538' title='bbox 2271 3030 2430 3079; x_wconf 87' lang='lat' dir='ltr'><strong>Olymp.</strong></span> <span class='ocrx_word' id='word_1_539' title='bbox 2455 3034 2543 3078; x_wconf 84' lang='lat'><strong>157,</strong></span> <span class='ocrx_word' id='word_1_540' title='bbox 2563 3034 2600 3070; x_wconf 91' lang='lat'><strong>4.</strong></span> <span class='ocrx_word' id='word_1_541' title='bbox 2622 3031 2680 3082; x_wconf 68' lang='lat'><strong>:—⁴-³}</strong></span> <span class='ocrx_word' id='word_1_542' title='bbox 2700 3043 2739 3072; x_wconf 90' lang='lat' dir='ltr'><strong>a.</strong></span> <span class='ocrx_word' id='word_1_543' title='bbox 2755 3035 2801 3073; x_wconf 85' lang='lat' dir='ltr'><strong>C.</strong></span> 
     </span>
     <span class='ocr_line' id='line_1_70' title="bbox 136 3063 2803 3140; baseline 0.004 -20"><span class='ocrx_word' id='word_1_544' title='bbox 136 3082 312 3121; x_wconf 85' lang='lat' dir='ltr'><strong>-1.iber</strong></span> <span class='ocrx_word' id='word_1_545' title='bbox 333 3084 517 3123; x_wconf 82' lang='lat' dir='ltr'>XXXlI:</span> <span class='ocrx_word' id='word_1_546' title='bbox 534 3085 784 3123; x_wconf 70' lang='lat' dir='ltr'><strong>Cfflrmco:</strong></span> <span class='ocrx_word' id='word_1_547' title='bbox 807 3094 893 3132; x_wconf 87' lang='lat' dir='ltr'><strong>cap.</strong></span> <span class='ocrx_word' id='word_1_548' title='bbox 915 3086 1023 3123; x_wconf 88' lang='lat' dir='ltr'><strong>Xlll.</strong></span> <span class='ocrx_word' id='word_1_549' title='bbox 1042 3086 1168 3123; x_wconf 87' lang='lat' dir='ltr'>XVII.</span> <span class='ocrx_word' id='word_1_550' title='bbox 1183 3085 1292 3124; x_wconf 91' lang='lat' dir='ltr'><strong>XVl.</strong></span> <span class='ocrx_word' id='word_1_551' title='bbox 1309 3085 1495 3136; x_wconf 88' lang='lat' dir='ltr'><strong>[Mortem</strong></span> <span class='ocrx_word' id='word_1_552' title='bbox 1513 3087 1724 3126; x_wconf 85' lang='lat' dir='ltr'><strong>Masinissae</strong></span> <span class='ocrx_word' id='word_1_553' title='bbox 1745 3088 1794 3137; x_wconf 86' lang='lat' dir='ltr'><strong>(c</strong></span> <span class='ocrx_word' id='word_1_554' title='bbox 1810 3087 1949 3136; x_wconf 85' lang='lat' dir='ltr'><strong>XVII)</strong></span> <span class='ocrx_word' id='word_1_555' title='bbox 1967 3086 2165 3126; x_wconf 88' lang='lat' dir='ltr'><strong>Diodorus</strong></span> <span class='ocrx_word' id='word_1_556' title='bbox 2177 3098 2257 3126; x_wconf 92' lang='lat' dir='ltr'><strong>non</strong></span> <span class='ocrx_word' id='word_1_557' title='bbox 2271 3090 2426 3138; x_wconf 90' lang='lat' dir='ltr'><strong>poterat</strong></span> <span class='ocrx_word' id='word_1_558' title='bbox 2439 3089 2488 3127; x_wconf 90' lang='lat' dir='ltr'><strong>ad</strong></span> <span class='ocrx_word' id='word_1_559' title='bbox 2501 3100 2563 3128; x_wconf 92' lang='lat' dir='ltr'><strong>an.</strong></span> <span class='ocrx_word' id='word_1_560' title='bbox 2584 3063 2658 3130; x_wconf 69' lang='lat' dir='ltr'><strong>157s</strong></span> <span class='ocrx_word' id='word_1_561' title='bbox 2657 3094 2694 3140; x_wconf 95' lang='grc'><strong>,4</strong></span> <span class='ocrx_word' id='word_1_562' title='bbox 2711 3102 2803 3131; x_wconf 85' lang='lat' dir='ltr'><strong>nar-</strong></span> 
     </span>
     <span class='ocr_line' id='line_1_71' title="bbox 136 3140 2802 3199; baseline 0.003 -19"><span class='ocrx_word' id='word_1_563' title='bbox 136 3140 310 3191; x_wconf 54' lang='grc' dir='ltr'><strong>ι·31·3(,94</strong></span> <span class='ocrx_word' id='word_1_564' title='bbox 309 3141 364 3191; x_wconf 90' lang='lat'><strong>⁹);</strong></span> <span class='ocrx_word' id='word_1_565' title='bbox 381 3152 473 3180; x_wconf 89' lang='lat' dir='ltr'><strong>nam</strong></span> <span class='ocrx_word' id='word_1_566' title='bbox 490 3141 530 3179; x_wconf 91' lang='lat' dir='ltr'><strong>in</strong></span> <span class='ocrx_word' id='word_1_567' title='bbox 547 3141 720 3191; x_wconf 86' lang='lat' dir='ltr'><strong>ejusdem</strong></span> <span class='ocrx_word' id='word_1_568' title='bbox 734 3142 824 3181; x_wconf 86' lang='lat' dir='ltr'><strong>anni</strong></span> <span class='ocrx_word' id='word_1_569' title='bbox 839 3141 1002 3181; x_wconf 83' lang='lat' dir='ltr'><strong>historia</strong></span> <span class='ocrx_word' id='word_1_570' title='bbox 1014 3153 1094 3181; x_wconf 87' lang='grc'>11011</span> <span class='ocrx_word' id='word_1_571' title='bbox 1110 3144 1267 3192; x_wconf 84' lang='lat' dir='ltr'><strong>poterat</strong></span> <span class='ocrx_word' id='word_1_572' title='bbox 1283 3142 1344 3183; x_wconf 90' lang='lat' dir='ltr'><strong>bis</strong></span> <span class='ocrx_word' id='word_1_573' title='bbox 1356 3143 1520 3184; x_wconf 88' lang='lat' dir='ltr'><strong>diversis</strong></span> <span class='ocrx_word' id='word_1_574' title='bbox 1532 3146 1628 3190; x_wconf 89' lang='lat' dir='ltr'><strong>locis</strong></span> <span class='ocrx_word' id='word_1_575' title='bbox 1643 3145 1693 3185; x_wconf 91' lang='lat' dir='ltr'><strong>de</strong></span> <span class='ocrx_word' id='word_1_576' title='bbox 1708 3146 2088 3196; x_wconf 87' lang='lat' dir='ltr'><strong>Carthaginiensium</strong></span> <span class='ocrx_word' id='word_1_577' title='bbox 2106 3145 2226 3185; x_wconf 85' lang='lat' dir='ltr'><strong>rebus</strong></span> <span class='ocrx_word' id='word_1_578' title='bbox 2244 3157 2375 3185; x_wconf 89' lang='lat' dir='ltr'><strong>sermo</strong></span> <span class='ocrx_word' id='word_1_579' title='bbox 2391 3158 2488 3187; x_wconf 88' lang='lat' dir='ltr'><strong>esse.</strong></span> <span class='ocrx_word' id='word_1_580' title='bbox 2508 3150 2660 3198; x_wconf 87' lang='lat' dir='ltr'><strong>ltaque,</strong></span> <span class='ocrx_word' id='word_1_581' title='bbox 2678 3161 2802 3199; x_wconf 88' lang='lat' dir='ltr'><strong>quum</strong></span> 
     </span>
     <span class='ocr_line' id='line_1_72' title="bbox 138 3198 2802 3260; baseline 0.005 -24"><span class='ocrx_word' id='word_1_582' title='bbox 138 3208 230 3248; x_wconf 87' lang='lat' dir='ltr'><strong>quae</strong></span> <span class='ocrx_word' id='word_1_583' title='bbox 250 3198 351 3238; x_wconf 86' lang='lat' dir='ltr'><strong>libro</strong></span> <span class='ocrx_word' id='word_1_584' title='bbox 370 3201 499 3239; x_wconf 88' lang='lat' dir='ltr'>XXXI</span> <span class='ocrx_word' id='word_1_585' title='bbox 515 3199 564 3238; x_wconf 92' lang='lat' dir='ltr'><strong>de</strong></span> <span class='ocrx_word' id='word_1_586' title='bbox 583 3200 819 3247; x_wconf 81' lang='lat' dir='ltr'><strong>Carthagine</strong></span> <span class='ocrx_word' id='word_1_587' title='bbox 838 3200 1039 3250; x_wconf 88' lang='lat' dir='ltr'><strong>leguntur,</strong></span> <span class='ocrx_word' id='word_1_588' title='bbox 1060 3200 1111 3239; x_wconf 92' lang='lat' dir='ltr'><strong>ad</strong></span> <span class='ocrx_word' id='word_1_589' title='bbox 1133 3201 1196 3241; x_wconf 86' lang='lat'><strong>01.</strong></span> <span class='ocrx_word' id='word_1_590' title='bbox 1219 3205 1306 3251; x_wconf 88' lang='lat'>157,</span> <span class='ocrx_word' id='word_1_591' title='bbox 1325 3205 1349 3241; x_wconf 84' lang='lat'>4</span> <span class='ocrx_word' id='word_1_592' title='bbox 1369 3201 1575 3243; x_wconf 88' lang='lat' dir='ltr'><strong>referenda</strong></span> <span class='ocrx_word' id='word_1_593' title='bbox 1590 3203 1692 3254; x_wconf 86' lang='lat' dir='ltr'><strong>sint,</strong></span> <span class='ocrx_word' id='word_1_594' title='bbox 1712 3204 1876 3244; x_wconf 88' lang='lat' dir='ltr'><strong>historia</strong></span> <span class='ocrx_word' id='word_1_595' title='bbox 1892 3204 1983 3243; x_wconf 87' lang='lat' dir='ltr'><strong>libri</strong></span> <span class='ocrx_word' id='word_1_596' title='bbox 2004 3206 2152 3244; x_wconf 90' lang='lat' dir='ltr'>XXXII</span> <span class='ocrx_word' id='word_1_597' title='bbox 2168 3205 2357 3255; x_wconf 85' lang='lat' dir='ltr'><strong>incepisse</strong></span> <span class='ocrx_word' id='word_1_598' title='bbox 2374 3205 2491 3246; x_wconf 85' lang='lat' dir='ltr'><strong>debet</strong></span> <span class='ocrx_word' id='word_1_599' title='bbox 2508 3207 2558 3245; x_wconf 85' lang='lat' dir='ltr'><strong>ab</strong></span> <span class='ocrx_word' id='word_1_600' title='bbox 2575 3208 2637 3246; x_wconf 91' lang='lat' dir='ltr'><strong>Ol.</strong></span> <span class='ocrx_word' id='word_1_601' title='bbox 2661 3209 2802 3260; x_wconf 88' lang='lat'><strong>158,1.]</strong></span> 
     </span>
     <span class='ocr_line' id='line_1_73' title="bbox 142 3257 1304 3308; baseline 0.003 -14"><span class='ocrx_word' id='word_1_602' title='bbox 142 3278 188 3287; x_wconf 93' lang='lat'>—</span> <span class='ocrx_word' id='word_1_603' title='bbox 214 3257 438 3297; x_wconf 69' lang='grc' dir='ltr'>ΒιτιιγΝιΑ·</span> <span class='ocrx_word' id='word_1_604' title='bbox 458 3266 542 3307; x_wconf 84' lang='lat' dir='ltr'><strong>cap.</strong></span> <span class='ocrx_word' id='word_1_605' title='bbox 563 3260 669 3297; x_wconf 90' lang='lat' dir='ltr'>XlX.</span> <span class='ocrx_word' id='word_1_606' title='bbox 690 3259 775 3297; x_wconf 86' lang='lat' dir='ltr'>XX.</span> <span class='ocrx_word' id='word_1_607' title='bbox 796 3260 902 3297; x_wconf 89' lang='lat' dir='ltr'>XXl.</span> <span class='ocrx_word' id='word_1_608' title='bbox 927 3260 1001 3297; x_wconf 90' lang='lat' dir='ltr'><strong>etc.</strong></span> <span class='ocrx_word' id='word_1_609' title='bbox 1016 3261 1095 3308; x_wconf 91' lang='lat' dir='ltr'><strong>,ut</strong></span> <span class='ocrx_word' id='word_1_610' title='bbox 1114 3259 1155 3297; x_wconf 91' lang='lat' dir='ltr'><strong>in</strong></span> <span class='ocrx_word' id='word_1_611' title='bbox 1175 3259 1304 3299; x_wconf 90' lang='lat' dir='ltr'><strong>editis.</strong></span> 
     </span>
    </p>

    <p class='ocr_par' dir='ltr' id='par_1_16' title="bbox 142 3315 2803 3893">
     <span class='ocr_line' id='line_1_74' title="bbox 190 3315 2801 3373; baseline 0.005 -21"><span class='ocrx_word' id='word_1_612' title='bbox 190 3315 297 3354; x_wconf 86' lang='lat' dir='ltr'>XXI.</span> <span class='ocrx_word' id='word_1_613' title='bbox 328 3316 418 3355; x_wconf 86' lang='lat' dir='ltr'><strong>Fol.</strong></span> <span class='ocrx_word' id='word_1_614' title='bbox 443 3321 536 3365; x_wconf 83' lang='grc'>183,</span> <span class='ocrx_word' id='word_1_615' title='bbox 556 3321 607 3355; x_wconf 89' lang='grc'><strong>22</strong></span> <span class='ocrx_word' id='word_1_616' title='bbox 626 3326 665 3354; x_wconf 86' lang='lat' dir='ltr'><strong>r.</strong></span> <span class='ocrx_word' id='word_1_617' title='bbox 686 3321 852 3365; x_wconf 80' lang='lat'><strong>-1‚83</strong></span> <span class='ocrx_word' id='word_1_618' title='bbox 878 3317 921 3355; x_wconf 89' lang='grc'><strong>17</strong></span> <span class='ocrx_word' id='word_1_619' title='bbox 940 3327 977 3356; x_wconf 89' lang='grc' dir='ltr'>υ.</span> <span class='ocrx_word' id='word_1_620' title='bbox 997 3339 1045 3348; x_wconf 79' lang='grc'><strong>--</strong></span> <span class='ocrx_word' id='word_1_621' title='bbox 1064 3319 1122 3356; x_wconf 91' lang='lat' dir='ltr'><strong>De</strong></span> <span class='ocrx_word' id='word_1_622' title='bbox 1138 3327 1182 3355; x_wconf 88' lang='lat' dir='ltr'><strong>re</strong></span> <span class='ocrx_word' id='word_1_623' title='bbox 1202 3316 1432 3366; x_wconf 83' lang='lat' dir='ltr'><strong>cf.Joseph.</strong></span> <span class='ocrx_word' id='word_1_624' title='bbox 1453 3318 1543 3357; x_wconf 83' lang='lat' dir='ltr'><strong>Ant.</strong></span> <span class='ocrx_word' id='word_1_625' title='bbox 1566 3317 1863 3370; x_wconf 79' lang='lat' dir='ltr'><strong>Jud-Xlll‚5,</strong></span> <span class='ocrx_word' id='word_1_626' title='bbox 1891 3324 1907 3358; x_wconf 91' lang='grc'><strong>1</strong></span> <span class='ocrx_word' id='word_1_627' title='bbox 1931 3330 2014 3369; x_wconf 83' lang='lat' dir='ltr'><strong>sq.;</strong></span> <span class='ocrx_word' id='word_1_628' title='bbox 2037 3319 2182 3359; x_wconf 80' lang='lat' dir='ltr'><strong>Justin.</strong></span> <span class='ocrx_word' id='word_1_629' title='bbox 2206 3322 2304 3370; x_wconf 86' lang='lat' dir='ltr'>XII,</span> <span class='ocrx_word' id='word_1_630' title='bbox 2329 3327 2374 3369; x_wconf 90' lang='grc'><strong>5,</strong></span> <span class='ocrx_word' id='word_1_631' title='bbox 2403 3327 2414 3361; x_wconf 93' lang='grc'><strong>1</strong></span> <span class='ocrx_word' id='word_1_632' title='bbox 2438 3333 2523 3372; x_wconf 85' lang='lat' dir='ltr'><strong>sq;</strong></span> <span class='ocrx_word' id='word_1_633' title='bbox 2539 3324 2622 3362; x_wconf 92' lang='lat' dir='ltr'><strong>Liv.</strong></span> <span class='ocrx_word' id='word_1_634' title='bbox 2649 3326 2719 3372; x_wconf 88' lang='lat' dir='ltr'><strong>Ep.</strong></span> <span class='ocrx_word' id='word_1_635' title='bbox 2739 3330 2801 3373; x_wconf 85' lang='lat'><strong>52;</strong></span> 
     </span>
     <span class='ocr_line' id='line_1_75' title="bbox 143 3354 2802 3429; baseline 0.003 -18"><span class='ocrx_word' id='word_1_636' title='bbox 143 3372 308 3422; x_wconf 79' lang='lat' dir='ltr'><strong>Appian.</strong></span> <span class='ocrx_word' id='word_1_637' title='bbox 323 3376 410 3423; x_wconf 81' lang='lat' dir='ltr'><strong>Syr.</strong></span> <span class='ocrx_word' id='word_1_638' title='bbox 427 3377 489 3413; x_wconf 85' lang='grc'><strong>67.</strong></span> <span class='ocrx_word' id='word_1_639' title='bbox 494 3378 581 3412; x_wconf 82' lang='grc'><strong>-1.</strong></span> <span class='ocrx_word' id='word_1_640' title='bbox 595 3373 776 3425; x_wconf 83' lang='grc' dir='ltr'>ὄχλων]</span> <span class='ocrx_word' id='word_1_641' title='bbox 793 3385 912 3424; x_wconf 86' lang='lat' dir='ltr'><strong>supra</strong></span> <span class='ocrx_word' id='word_1_642' title='bbox 927 3375 1072 3425; x_wconf 90' lang='lat' dir='ltr'><strong>scripto</strong></span> <span class='ocrx_word' id='word_1_643' title='bbox 1086 3389 1130 3414; x_wconf 85' lang='grc' dir='ltr'><strong>ου</strong></span> <span class='ocrx_word' id='word_1_644' title='bbox 1143 3375 1280 3415; x_wconf 89' lang='lat' dir='ltr'><strong>codex.</strong></span> <span class='ocrx_word' id='word_1_645' title='bbox 1295 3398 1344 3405; x_wconf 88' lang='lat'><em>-</em></span> <span class='ocrx_word' id='word_1_646' title='bbox 1360 3379 1419 3415; x_wconf 91' lang='lat' dir='ltr'><strong>De</strong></span> <span class='ocrx_word' id='word_1_647' title='bbox 1434 3376 1525 3415; x_wconf 91' lang='lat' dir='ltr'><strong>odio</strong></span> <span class='ocrx_word' id='word_1_648' title='bbox 1538 3376 1825 3416; x_wconf 91' lang='lat' dir='ltr'><strong>multitudinis</strong></span> <span class='ocrx_word' id='word_1_649' title='bbox 1816 3388 1855 3416; x_wconf 88' lang='grc'><strong>111</strong></span> <span class='ocrx_word' id='word_1_650' title='bbox 1871 3379 2118 3416; x_wconf 88' lang='lat' dir='ltr'><strong>Demetrium</strong></span> <span class='ocrx_word' id='word_1_651' title='bbox 2131 3378 2354 3416; x_wconf 87' lang='lat' dir='ltr'><strong>Nicatorem</strong></span> <span class='ocrx_word' id='word_1_652' title='bbox 2367 3377 2417 3415; x_wconf 83' lang='lat' dir='ltr'><strong>cf.</strong></span> <span class='ocrx_word' id='word_1_653' title='bbox 2439 3354 2600 3417; x_wconf 67' lang='lat' dir='ltr'><strong>Dio&#39;dor</strong></span> <span class='ocrx_word' id='word_1_654' title='bbox 2617 3381 2646 3418; x_wconf 83' lang='lat' dir='ltr'>X</span> <span class='ocrx_word' id='word_1_655' title='bbox 2655 3381 2802 3429; x_wconf 87' lang='lat' dir='ltr'><strong>XXlll,</strong></span> 
     </span>
     <span class='ocr_line' id='line_1_76' title="bbox 142 3429 2804 3485; baseline 0.004 -17"><span class='ocrx_word' id='word_1_656' title='bbox 142 3431 191 3478; x_wconf 88' lang='lat'><strong>4,</strong></span> <span class='ocrx_word' id='word_1_657' title='bbox 208 3429 271 3468; x_wconf 87' lang='lat' dir='ltr'><strong>cui</strong></span> <span class='ocrx_word' id='word_1_658' title='bbox 287 3431 402 3480; x_wconf 90' lang='lat' dir='ltr'><strong>capiti</strong></span> <span class='ocrx_word' id='word_1_659' title='bbox 419 3433 597 3470; x_wconf 89' lang='lat' dir='ltr'><strong>nostrum</strong></span> <span class='ocrx_word' id='word_1_660' title='bbox 614 3433 879 3481; x_wconf 72' lang='lat' dir='ltr'><strong>fragmentum</strong></span> <span class='ocrx_word' id='word_1_661' title='bbox 894 3431 1099 3481; x_wconf 86' lang='lat' dir='ltr'><strong>adjungas.</strong></span> <span class='ocrx_word' id='word_1_662' title='bbox 1117 3457 1170 3467; x_wconf 79' lang='lat'><strong>--</strong></span> <span class='ocrx_word' id='word_1_663' title='bbox 1186 3439 1222 3471; x_wconf 89' lang='grc'><strong>2.</strong></span> <span class='ocrx_word' id='word_1_664' title='bbox 1239 3432 1315 3472; x_wconf 86' lang='grc' dir='ltr'><strong>ἀπὸ</strong></span> <span class='ocrx_word' id='word_1_665' title='bbox 1333 3436 1388 3472; x_wconf 86' lang='grc' dir='ltr'><strong>Σε</strong></span> <span class='ocrx_word' id='word_1_666' title='bbox 1401 3433 1481 3471; x_wconf 81' lang='grc' dir='ltr'>λεύ</span> <span class='ocrx_word' id='word_1_667' title='bbox 1493 3448 1518 3472; x_wconf 83' lang='grc' dir='ltr'>κ</span> <span class='ocrx_word' id='word_1_668' title='bbox 1527 3447 1578 3472; x_wconf 90' lang='grc' dir='ltr'><strong>ου</strong></span> <span class='ocrx_word' id='word_1_669' title='bbox 1591 3433 1634 3484; x_wconf 92' lang='grc'><strong>]’</strong></span> <span class='ocrx_word' id='word_1_670' title='bbox 1618 3436 1694 3474; x_wconf 87' lang='grc' dir='ltr'><strong>απὸ</strong></span> <span class='ocrx_word' id='word_1_671' title='bbox 1710 3440 1778 3474; x_wconf 79' lang='grc' dir='ltr'><strong>τοῦ</strong></span> <span class='ocrx_word' id='word_1_672' title='bbox 1795 3436 1932 3474; x_wconf 83' lang='grc' dir='ltr'>λεύκου</span> <span class='ocrx_word' id='word_1_673' title='bbox 1954 3435 2104 3485; x_wconf 89' lang='lat' dir='ltr'><strong>codex;</strong></span> <span class='ocrx_word' id='word_1_674' title='bbox 2122 3437 2177 3475; x_wconf 86' lang='lat' dir='ltr'><strong>ita</strong></span> <span class='ocrx_word' id='word_1_675' title='bbox 2194 3438 2328 3476; x_wconf 87' lang='lat' dir='ltr'><strong>tamen</strong></span> <span class='ocrx_word' id='word_1_676' title='bbox 2344 3439 2390 3475; x_wconf 90' lang='lat' dir='ltr'><strong>ut</strong></span> <span class='ocrx_word' id='word_1_677' title='bbox 2408 3448 2485 3475; x_wconf 83' lang='lat' dir='ltr'><strong>vox</strong></span> <span class='ocrx_word' id='word_1_678' title='bbox 2502 3442 2569 3476; x_wconf 81' lang='grc' dir='ltr'><strong>τοῦ</strong></span> <span class='ocrx_word' id='word_1_679' title='bbox 2584 3437 2804 3479; x_wconf 80' lang='lat' dir='ltr'><strong>minoribus</strong></span> 
     </span>
     <span class='ocr_line' id='line_1_77' title="bbox 142 3459 2803 3545; baseline 0.004 -20"><span class='ocrx_word' id='word_1_680' title='bbox 142 3459 264 3527; x_wconf 63' lang='lat' dir='ltr'><strong>Iit&#39;eris</strong></span> <span class='ocrx_word' id='word_1_681' title='bbox 282 3489 463 3538; x_wconf 88' lang='lat' dir='ltr'><strong>exarata,</strong></span> <span class='ocrx_word' id='word_1_682' title='bbox 484 3492 525 3529; x_wconf 87' lang='lat' dir='ltr'><strong>et</strong></span> <span class='ocrx_word' id='word_1_683' title='bbox 543 3490 593 3528; x_wconf 89' lang='lat' dir='ltr'><strong>ad</strong></span> <span class='ocrx_word' id='word_1_684' title='bbox 609 3489 844 3540; x_wconf 86' lang='lat' dir='ltr'><strong>explendam</strong></span> <span class='ocrx_word' id='word_1_685' title='bbox 861 3490 1044 3528; x_wconf 88' lang='lat' dir='ltr'><strong>lacunam</strong></span> <span class='ocrx_word' id='word_1_686' title='bbox 1069 3490 1120 3529; x_wconf 89' lang='lat' dir='ltr'><strong>ab</strong></span> <span class='ocrx_word' id='word_1_687' title='bbox 1135 3491 1212 3530; x_wconf 89' lang='lat' dir='ltr'><strong>alia</strong></span> <span class='ocrx_word' id='word_1_688' title='bbox 1231 3501 1352 3530; x_wconf 88' lang='lat' dir='ltr'><strong>manu</strong></span> <span class='ocrx_word' id='word_1_689' title='bbox 1369 3491 1504 3530; x_wconf 89' lang='lat' dir='ltr'><strong>addita</strong></span> <span class='ocrx_word' id='word_1_690' title='bbox 1520 3492 1583 3530; x_wconf 88' lang='lat' dir='ltr'><strong>sit..</strong></span> <span class='ocrx_word' id='word_1_691' title='bbox 1612 3494 1666 3531; x_wconf 90' lang='lat' dir='ltr'><strong>De</strong></span> <span class='ocrx_word' id='word_1_692' title='bbox 1690 3493 1840 3532; x_wconf 82' lang='lat' dir='ltr'><strong>larissa</strong></span> <span class='ocrx_word' id='word_1_693' title='bbox 1864 3493 1988 3543; x_wconf 83' lang='lat' dir='ltr'><strong>Syriae</strong></span> <span class='ocrx_word' id='word_1_694' title='bbox 2012 3493 2063 3532; x_wconf 88' lang='lat' dir='ltr'><strong>cf.</strong></span> <span class='ocrx_word' id='word_1_695' title='bbox 2093 3494 2281 3544; x_wconf 83' lang='lat' dir='ltr'><strong>stephan.</strong></span> <span class='ocrx_word' id='word_1_696' title='bbox 2314 3496 2437 3543; x_wconf 80' lang='lat' dir='ltr'><strong>Byz.:</strong></span> <span class='ocrx_word' id='word_1_697' title='bbox 2463 3495 2689 3545; x_wconf 82' lang='grc' dir='ltr'>Λάρισσα...</span> <span class='ocrx_word' id='word_1_698' title='bbox 2712 3497 2803 3543; x_wconf 79' lang='grc' dir='ltr'>ἕκτη</span> 
     </span>
     <span class='ocr_line' id='line_1_78' title="bbox 143 3544 2804 3604; baseline 0.005 -21"><span class='ocrx_word' id='word_1_699' title='bbox 143 3544 336 3596; x_wconf 83' lang='grc' dir='ltr'>Συρίας,“</span> <span class='ocrx_word' id='word_1_700' title='bbox 316 3561 362 3592; x_wconf 92' lang='grc' dir='ltr'><strong>ην</strong></span> <span class='ocrx_word' id='word_1_701' title='bbox 379 3547 489 3598; x_wconf 83' lang='grc' dir='ltr'>Σύροι</span> <span class='ocrx_word' id='word_1_702' title='bbox 507 3547 863 3598; x_wconf 74' lang='grc' dir='ltr'>Σίζαρα(8αῐά]ἀν</span> <span class='ocrx_word' id='word_1_703' title='bbox 880 3547 1020 3597; x_wconf 88' lang='lat' dir='ltr'><strong>hodie)</strong></span> <span class='ocrx_word' id='word_1_704' title='bbox 1038 3550 1240 3587; x_wconf 81' lang='grc' dir='ltr'>καλοῦσιν·</span> <span class='ocrx_word' id='word_1_705' title='bbox 1260 3549 1428 3599; x_wconf 85' lang='lat' dir='ltr'><strong>Appian.</strong></span> <span class='ocrx_word' id='word_1_706' title='bbox 1444 3552 1531 3599; x_wconf 87' lang='lat' dir='ltr'><strong>Syr.</strong></span> <span class='ocrx_word' id='word_1_707' title='bbox 1549 3554 1620 3598; x_wconf 91' lang='grc'><strong>57,</strong></span> <span class='ocrx_word' id='word_1_708' title='bbox 1636 3551 1784 3590; x_wconf 86' lang='lat' dir='ltr'><strong>Plinius</strong></span> <span class='ocrx_word' id='word_1_709' title='bbox 1800 3553 1851 3598; x_wconf 92' lang='lat' dir='ltr'><strong>V,</strong></span> <span class='ocrx_word' id='word_1_710' title='bbox 1870 3557 1933 3598; x_wconf 91' lang='lat'><strong>23,</strong></span> <span class='ocrx_word' id='word_1_711' title='bbox 1937 3555 1974 3590; x_wconf 88' lang='lat'><strong>9.</strong></span> <span class='ocrx_word' id='word_1_712' title='bbox 1990 3558 2091 3591; x_wconf 85' lang='lat'><strong>—3.</strong></span> <span class='ocrx_word' id='word_1_713' title='bbox 2112 3552 2362 3591; x_wconf 89' lang='lat' dir='ltr'><strong>Desideratur</strong></span> <span class='ocrx_word' id='word_1_714' title='bbox 2381 3553 2547 3592; x_wconf 87' lang='lat' dir='ltr'><strong>verbum</strong></span> <span class='ocrx_word' id='word_1_715' title='bbox 2553 3558 2804 3604; x_wconf 79' lang='grc' dir='ltr'>,προσεποιή-</span> 
     </span>
     <span class='ocr_line' id='line_1_79' title="bbox 144 3604 2803 3662; baseline 0.004 -20"><span class='ocrx_word' id='word_1_716' title='bbox 144 3615 263 3651; x_wconf 86' lang='grc' dir='ltr'>σατο,</span> <span class='ocrx_word' id='word_1_717' title='bbox 283 3606 401 3654; x_wconf 91' lang='lat' dir='ltr'><strong>puto,</strong></span> <span class='ocrx_word' id='word_1_718' title='bbox 418 3604 523 3654; x_wconf 88' lang='lat' dir='ltr'><strong>quod</strong></span> <span class='ocrx_word' id='word_1_719' title='bbox 541 3607 698 3655; x_wconf 87' lang='lat' dir='ltr'><strong>propter</strong></span> <span class='ocrx_word' id='word_1_720' title='bbox 721 3615 889 3656; x_wconf 84' lang='lat' dir='ltr'><strong>sequens</strong></span> <span class='ocrx_word' id='word_1_721' title='bbox 905 3605 1097 3653; x_wconf 82' lang='grc' dir='ltr'>ποιήσατο</span> <span class='ocrx_word' id='word_1_722' title='bbox 1118 3607 1229 3646; x_wconf 88' lang='lat' dir='ltr'><strong>facile</strong></span> <span class='ocrx_word' id='word_1_723' title='bbox 1248 3606 1436 3646; x_wconf 84' lang='lat' dir='ltr'><strong>excidit...</strong></span> <span class='ocrx_word' id='word_1_724' title='bbox 1455 3607 1579 3647; x_wconf 90' lang='lat' dir='ltr'><strong>Scribi</strong></span> <span class='ocrx_word' id='word_1_725' title='bbox 1600 3606 1717 3647; x_wconf 87' lang='lat' dir='ltr'><strong>etiam</strong></span> <span class='ocrx_word' id='word_1_726' title='bbox 1735 3609 1884 3658; x_wconf 89' lang='lat' dir='ltr'><strong>possit.</strong></span> <span class='ocrx_word' id='word_1_727' title='bbox 1901 3610 2122 3660; x_wconf 80' lang='grc' dir='ltr'>..δυνάμεως</span> <span class='ocrx_word' id='word_1_728' title='bbox 2143 3611 2352 3657; x_wconf 85' lang='grc' dir='ltr'>ἐποιήσατο</span> <span class='ocrx_word' id='word_1_729' title='bbox 2373 3612 2626 3662; x_wconf 81' lang='grc' dir='ltr'>συμμάχους,</span> <span class='ocrx_word' id='word_1_730' title='bbox 2653 3615 2717 3652; x_wconf 81' lang='grc' dir='ltr'><strong>καὶ</strong></span> <span class='ocrx_word' id='word_1_731' title='bbox 2738 3616 2803 3653; x_wconf 83' lang='grc' dir='ltr'><strong>τὸν</strong></span> 
     </span>
     <span class='ocr_line' id='line_1_80' title="bbox 144 3662 2802 3718; baseline 0.004 -18"><span class='ocrx_word' id='word_1_732' title='bbox 144 3665 209 3707; x_wconf 84' lang='grc' dir='ltr'><strong>τῆς</strong></span> <span class='ocrx_word' id='word_1_733' title='bbox 223 3663 303 3702; x_wconf 85' lang='grc' dir='ltr'>κτλ.</span> <span class='ocrx_word' id='word_1_734' title='bbox 331 3687 383 3696; x_wconf 94' lang='grc'>-</span> <span class='ocrx_word' id='word_1_735' title='bbox 404 3665 442 3702; x_wconf 82' lang='lat'><strong>4.</strong></span> <span class='ocrx_word' id='word_1_736' title='bbox 467 3662 684 3713; x_wconf 79' lang='grc' dir='ltr'>Ιαμόλιχ</span> <span class='ocrx_word' id='word_1_737' title='bbox 691 3662 767 3714; x_wconf 89' lang='grc' dir='ltr'><strong>ον]</strong></span> <span class='ocrx_word' id='word_1_738' title='bbox 789 3664 984 3714; x_wconf 70' lang='lat' dir='ltr'><strong>,Iosephus</strong></span> <span class='ocrx_word' id='word_1_739' title='bbox 1000 3665 1028 3705; x_wconf 90' lang='lat' dir='ltr'><strong>l.</strong></span> <span class='ocrx_word' id='word_1_740' title='bbox 1054 3665 1079 3704; x_wconf 94' lang='lat' dir='ltr'><strong>l.</strong></span> <span class='ocrx_word' id='word_1_741' title='bbox 1106 3665 1264 3715; x_wconf 90' lang='grc' dir='ltr'>Μάλχον</span> <span class='ocrx_word' id='word_1_742' title='bbox 1291 3665 1401 3704; x_wconf 89' lang='lat' dir='ltr'><strong>dicit.</strong></span> <span class='ocrx_word' id='word_1_743' title='bbox 1420 3676 1516 3703; x_wconf 86' lang='lat' dir='ltr'><strong>mox</strong></span> <span class='ocrx_word' id='word_1_744' title='bbox 1528 3665 1617 3704; x_wconf 90' lang='lat' dir='ltr'><strong>cod.</strong></span> <span class='ocrx_word' id='word_1_745' title='bbox 1640 3668 1883 3718; x_wconf 81' lang='grc' dir='ltr'>παραθήκην.</span> <span class='ocrx_word' id='word_1_746' title='bbox 1904 3690 1956 3700; x_wconf 92' lang='grc'>-</span> <span class='ocrx_word' id='word_1_747' title='bbox 1973 3672 2011 3707; x_wconf 87' lang='grc'><strong>5.</strong></span> <span class='ocrx_word' id='word_1_748' title='bbox 2032 3667 2284 3718; x_wconf 85' lang='grc' dir='ltr'>βασιλέων]</span> <span class='ocrx_word' id='word_1_749' title='bbox 2304 3670 2502 3707; x_wconf 89' lang='lat' dir='ltr'><strong>Lacunam</strong></span> <span class='ocrx_word' id='word_1_750' title='bbox 2519 3670 2667 3708; x_wconf 89' lang='lat' dir='ltr'><strong>notavi.</strong></span> <span class='ocrx_word' id='word_1_751' title='bbox 2688 3670 2802 3716; x_wconf 88' lang='lat' dir='ltr'><strong>Quod</strong></span> 
     </span>
     <span class='ocr_line' id='line_1_81' title="bbox 145 3722 2801 3777; baseline 0.003 -18"><span class='ocrx_word' id='word_1_752' title='bbox 145 3722 283 3769; x_wconf 81' lang='lat' dir='ltr'><strong>sponte</strong></span> <span class='ocrx_word' id='word_1_753' title='bbox 298 3731 340 3760; x_wconf 86' lang='lat' dir='ltr'><strong>se</strong></span> <span class='ocrx_word' id='word_1_754' title='bbox 357 3722 473 3761; x_wconf 81' lang='lat' dir='ltr'><strong>offert</strong></span> <span class='ocrx_word' id='word_1_755' title='bbox 489 3727 566 3761; x_wconf 86' lang='grc' dir='ltr'><strong>τῶν</strong></span> <span class='ocrx_word' id='word_1_756' title='bbox 582 3724 774 3774; x_wconf 86' lang='grc' dir='ltr'>προτέρων</span> <span class='ocrx_word' id='word_1_757' title='bbox 792 3725 981 3774; x_wconf 86' lang='grc' dir='ltr'>βασιλέων</span> <span class='ocrx_word' id='word_1_758' title='bbox 997 3735 1077 3763; x_wconf 85' lang='grc'>11011</span> <span class='ocrx_word' id='word_1_759' title='bbox 1092 3723 1186 3763; x_wconf 84' lang='lat' dir='ltr'><strong>satis</strong></span> <span class='ocrx_word' id='word_1_760' title='bbox 1201 3727 1338 3775; x_wconf 89' lang='lat' dir='ltr'><strong>aptum</strong></span> <span class='ocrx_word' id='word_1_761' title='bbox 1355 3724 1414 3763; x_wconf 85' lang='lat' dir='ltr'><strong>est</strong></span> <span class='ocrx_word' id='word_1_762' title='bbox 1433 3735 1558 3774; x_wconf 89' lang='lat' dir='ltr'><strong>quum</strong></span> <span class='ocrx_word' id='word_1_763' title='bbox 1573 3725 1805 3773; x_wconf 87' lang='lat' dir='ltr'><strong>Demetrius,</strong></span> <span class='ocrx_word' id='word_1_764' title='bbox 1825 3727 1938 3775; x_wconf 87' lang='lat' dir='ltr'><strong>pater</strong></span> <span class='ocrx_word' id='word_1_765' title='bbox 1953 3725 2168 3775; x_wconf 86' lang='lat' dir='ltr'><strong>Nicatoris,</strong></span> <span class='ocrx_word' id='word_1_766' title='bbox 2187 3737 2316 3765; x_wconf 81' lang='lat' dir='ltr'><strong>saevus</strong></span> <span class='ocrx_word' id='word_1_767' title='bbox 2334 3726 2471 3765; x_wconf 86' lang='lat' dir='ltr'><strong>fuisset</strong></span> <span class='ocrx_word' id='word_1_768' title='bbox 2491 3729 2695 3777; x_wconf 87' lang='lat' dir='ltr'><strong>tyrannus.</strong></span> <span class='ocrx_word' id='word_1_769' title='bbox 2715 3729 2801 3767; x_wconf 85' lang='lat' dir='ltr'><strong>Ale·</strong></span> 
     </span>
     <span class='ocr_line' id='line_1_82' title="bbox 147 3778 2800 3835; baseline 0.003 -18"><span class='ocrx_word' id='word_1_770' title='bbox 147 3778 296 3818; x_wconf 82' lang='lat' dir='ltr'><strong>xander</strong></span> <span class='ocrx_word' id='word_1_771' title='bbox 312 3781 407 3819; x_wconf 89' lang='lat' dir='ltr'><strong>Bala</strong></span> <span class='ocrx_word' id='word_1_772' title='bbox 425 3791 519 3820; x_wconf 87' lang='lat' dir='ltr'><strong>vero</strong></span> <span class='ocrx_word' id='word_1_773' title='bbox 535 3781 597 3820; x_wconf 91' lang='lat' dir='ltr'><strong>cui</strong></span> <span class='ocrx_word' id='word_1_774' title='bbox 613 3782 771 3822; x_wconf 89' lang='lat' dir='ltr'><strong>Nicator</strong></span> <span class='ocrx_word' id='word_1_775' title='bbox 785 3785 1049 3832; x_wconf 85' lang='lat' dir='ltr'><strong>successerat,</strong></span> <span class='ocrx_word' id='word_1_776' title='bbox 1066 3783 1256 3832; x_wconf 76' lang='grc' dir='ltr'>προσήνης</span> <span class='ocrx_word' id='word_1_777' title='bbox 1272 3783 1317 3832; x_wconf 83' lang='grc' dir='ltr'><strong>ἦν</strong></span> <span class='ocrx_word' id='word_1_778' title='bbox 1331 3782 1369 3821; x_wconf 86' lang='grc' dir='ltr'><strong>ἐν</strong></span> <span class='ocrx_word' id='word_1_779' title='bbox 1385 3786 1480 3821; x_wconf 82' lang='grc' dir='ltr'>πᾶσι</span> <span class='ocrx_word' id='word_1_780' title='bbox 1497 3784 1563 3821; x_wconf 82' lang='grc' dir='ltr'><strong>καὶ</strong></span> <span class='ocrx_word' id='word_1_781' title='bbox 1584 3783 1780 3834; x_wconf 84' lang='grc' dir='ltr'>φιλολόγος</span> <span class='ocrx_word' id='word_1_782' title='bbox 1797 3784 1834 3822; x_wconf 87' lang='grc' dir='ltr'><strong>ἐν</strong></span> <span class='ocrx_word' id='word_1_783' title='bbox 1853 3788 1934 3828; x_wconf 86' lang='grc' dir='ltr'>ταῖς</span> <span class='ocrx_word' id='word_1_784' title='bbox 1951 3784 2146 3834; x_wconf 84' lang='grc' dir='ltr'>ὁμιλίαις(</span> <span class='ocrx_word' id='word_1_785' title='bbox 2163 3785 2375 3823; x_wconf 86' lang='lat' dir='ltr'><strong>Athenaeus</strong></span> <span class='ocrx_word' id='word_1_786' title='bbox 2391 3787 2442 3834; x_wconf 91' lang='lat' dir='ltr'><strong>V,</strong></span> <span class='ocrx_word' id='word_1_787' title='bbox 2464 3795 2503 3834; x_wconf 92' lang='lat' dir='ltr'><strong>p.</strong></span> <span class='ocrx_word' id='word_1_788' title='bbox 2524 3789 2589 3823; x_wconf 89' lang='grc'><strong>511</strong></span> <span class='ocrx_word' id='word_1_789' title='bbox 2609 3785 2636 3833; x_wconf 91' lang='grc'><strong>).</strong></span> <span class='ocrx_word' id='word_1_790' title='bbox 2663 3788 2800 3835; x_wconf 80' lang='lat' dir='ltr'><strong>ltaque</strong></span> 
     </span>
     <span class='ocr_line' id='line_1_83' title="bbox 148 3837 2800 3893; baseline 0.003 -16"><span class='ocrx_word' id='word_1_791' title='bbox 148 3837 396 3877; x_wconf 82' lang='lat' dir='ltr'><strong>scribendum</strong></span> <span class='ocrx_word' id='word_1_792' title='bbox 412 3839 591 3879; x_wconf 87' lang='lat' dir='ltr'><strong>videatur</strong></span> <span class='ocrx_word' id='word_1_793' title='bbox 607 3845 676 3880; x_wconf 75' lang='grc' dir='ltr'><strong>τοῦ</strong></span> <span class='ocrx_word' id='word_1_794' title='bbox 694 3842 876 3892; x_wconf 86' lang='grc' dir='ltr'>προτέρου</span> <span class='ocrx_word' id='word_1_795' title='bbox 900 3843 1100 3892; x_wconf 87' lang='grc' dir='ltr'>βασιλέως.</span> <span class='ocrx_word' id='word_1_796' title='bbox 1118 3842 1184 3882; x_wconf 92' lang='lat' dir='ltr'><strong>Sin</strong></span> <span class='ocrx_word' id='word_1_797' title='bbox 1200 3853 1357 3882; x_wconf 87' lang='lat' dir='ltr'><strong>servare</strong></span> <span class='ocrx_word' id='word_1_798' title='bbox 1369 3841 1466 3880; x_wconf 88' lang='lat' dir='ltr'><strong>velis</strong></span> <span class='ocrx_word' id='word_1_799' title='bbox 1479 3853 1518 3880; x_wconf 88' lang='lat' dir='ltr'><strong>v.</strong></span> <span class='ocrx_word' id='word_1_800' title='bbox 1539 3843 1744 3892; x_wconf 85' lang='grc' dir='ltr'>βασιλέων,</span> <span class='ocrx_word' id='word_1_801' title='bbox 1762 3842 1802 3880; x_wconf 91' lang='lat' dir='ltr'><strong>in</strong></span> <span class='ocrx_word' id='word_1_802' title='bbox 1821 3842 1922 3880; x_wconf 90' lang='lat' dir='ltr'><strong>hanc</strong></span> <span class='ocrx_word' id='word_1_803' title='bbox 1940 3842 2177 3881; x_wconf 84' lang='lat' dir='ltr'><strong>sententiam</strong></span> <span class='ocrx_word' id='word_1_804' title='bbox 2194 3842 2466 3891; x_wconf 80' lang='lat' dir='ltr'><strong>retingendum</strong></span> <span class='ocrx_word' id='word_1_805' title='bbox 2483 3844 2541 3881; x_wconf 88' lang='lat' dir='ltr'><strong>est</strong></span> <span class='ocrx_word' id='word_1_806' title='bbox 2559 3847 2656 3881; x_wconf 72' lang='grc' dir='ltr'>ιτῶν</span> <span class='ocrx_word' id='word_1_807' title='bbox 2674 3845 2800 3893; x_wconf 79' lang='grc' dir='ltr'>προτέ·</span> 
     </span>
    </p>
   </div>
   <div class='ocr_carea' id='block_1_12' title="bbox 149 3894 2798 3950">
    <p class='ocr_par' dir='ltr' id='par_1_17' title="bbox 149 3894 2798 3950">
     <span class='ocr_line' id='line_1_84' title="bbox 149 3894 2798 3950; baseline 0.003 -17"><span class='ocrx_word' id='word_1_808' title='bbox 149 3906 226 3946; x_wconf 85' lang='grc' dir='ltr'><strong>ρων</strong></span> <span class='ocrx_word' id='word_1_809' title='bbox 241 3894 317 3934; x_wconf 86' lang='grc' dir='ltr'><strong>ἀπὸ</strong></span> <span class='ocrx_word' id='word_1_810' title='bbox 332 3900 398 3943; x_wconf 85' lang='grc' dir='ltr'><strong>τῆς</strong></span> <span class='ocrx_word' id='word_1_811' title='bbox 414 3897 540 3948; x_wconf 84' lang='grc' dir='ltr'>ἑτέρας</span> <span class='ocrx_word' id='word_1_812' title='bbox 554 3898 676 3943; x_wconf 82' lang='grc' dir='ltr'>οἰκίας</span> <span class='ocrx_word' id='word_1_813' title='bbox 691 3899 894 3949; x_wconf 84' lang='grc' dir='ltr'>βασιλέων.</span> <span class='ocrx_word' id='word_1_814' title='bbox 911 3899 1026 3945; x_wconf 91' lang='lat' dir='ltr'><strong>Quod</strong></span> <span class='ocrx_word' id='word_1_815' title='bbox 1040 3899 1308 3938; x_wconf 89' lang='lat' dir='ltr'><strong>commendari</strong></span> <span class='ocrx_word' id='word_1_816' title='bbox 1326 3901 1454 3950; x_wconf 89' lang='lat' dir='ltr'><strong>potest</strong></span> <span class='ocrx_word' id='word_1_817' title='bbox 1466 3911 1518 3940; x_wconf 86' lang='lat' dir='ltr'><strong>ex</strong></span> <span class='ocrx_word' id='word_1_818' title='bbox 1528 3901 1612 3950; x_wconf 90' lang='lat' dir='ltr'><strong>ipso</strong></span> <span class='ocrx_word' id='word_1_819' title='bbox 1625 3900 1799 3940; x_wconf 91' lang='lat' dir='ltr'><strong>Diodoro</strong></span> <span class='ocrx_word' id='word_1_820' title='bbox 1811 3903 1999 3950; x_wconf 84' lang='lat' dir='ltr'>XXXlII,</span> <span class='ocrx_word' id='word_1_821' title='bbox 2017 3904 2056 3950; x_wconf 94' lang='grc'><strong>4,</strong></span> <span class='ocrx_word' id='word_1_822' title='bbox 2071 3904 2111 3950; x_wconf 91' lang='grc'><strong>3,</strong></span> <span class='ocrx_word' id='word_1_823' title='bbox 2129 3901 2197 3940; x_wconf 91' lang='lat' dir='ltr'><strong>ubi</strong></span> <span class='ocrx_word' id='word_1_824' title='bbox 2211 3901 2266 3940; x_wconf 91' lang='lat' dir='ltr'><strong>sic</strong></span> <span class='ocrx_word' id='word_1_825' title='bbox 2286 3917 2295 3940; x_wconf 80' lang='lat' dir='ltr'>z</span> <span class='ocrx_word' id='word_1_826' title='bbox 2310 3902 2357 3939; x_wconf 82' lang='lat' dir='ltr'><strong>‘O</strong></span> <span class='ocrx_word' id='word_1_827' title='bbox 2375 3902 2414 3939; x_wconf 83' lang='grc' dir='ltr'><strong>δὲ</strong></span> <span class='ocrx_word' id='word_1_828' title='bbox 2427 3902 2640 3950; x_wconf 79' lang='grc' dir='ltr'>Δημήτριος</span> <span class='ocrx_word' id='word_1_829' title='bbox 2656 3903 2668 3948; x_wconf 84' lang='grc'>(</span> <span class='ocrx_word' id='word_1_830' title='bbox 2683 3902 2798 3941; x_wconf 84' lang='lat' dir='ltr'><strong>Nica·</strong></span> 
     </span>
    </p>
   </div>
   <div class='ocr_carea' id='block_1_13' title="bbox 150 3957 2801 4360">
    <p class='ocr_par' dir='ltr' id='par_1_18' title="bbox 150 3957 2800 4130">
     <span class='ocr_line' id='line_1_85' title="bbox 150 3957 2798 4034; baseline 0.003 -38"><span class='ocrx_word' id='word_1_831' title='bbox 150 3957 214 3995; x_wconf 72' lang='lat' dir='ltr'><strong>tor</strong></span> <span class='ocrx_word' id='word_1_832' title='bbox 225 3957 238 4007; x_wconf 96' lang='lat'><strong>)</strong></span> <span class='ocrx_word' id='word_1_833' title='bbox 249 3958 431 4009; x_wconf 80' lang='grc' dir='ltr'>ὑπάρχων</span> <span class='ocrx_word' id='word_1_834' title='bbox 449 3961 575 4006; x_wconf 83' lang='grc' dir='ltr'>αὐτοῖς</span> <span class='ocrx_word' id='word_1_835' title='bbox 594 3962 773 4012; x_wconf 75' lang='grc' dir='ltr'>ποὶέμιος</span> <span class='ocrx_word' id='word_1_836' title='bbox 785 3991 795 4010; x_wconf 91' lang='grc'><strong>,</strong></span> <span class='ocrx_word' id='word_1_837' title='bbox 814 3963 858 4001; x_wconf 83' lang='grc' dir='ltr'><strong>οὐ</strong></span> <span class='ocrx_word' id='word_1_838' title='bbox 871 3962 1012 4001; x_wconf 83' lang='grc' dir='ltr'>διέλιπε</span> <span class='ocrx_word' id='word_1_839' title='bbox 1028 3967 1148 4001; x_wconf 88' lang='grc' dir='ltr'>ποιῶν</span> <span class='ocrx_word' id='word_1_840' title='bbox 1165 3963 1312 4012; x_wconf 85' lang='grc' dir='ltr'>σφαγὰς</span> <span class='ocrx_word' id='word_1_841' title='bbox 1333 3965 1398 4003; x_wconf 85' lang='grc' dir='ltr'><strong>καὶ</strong></span> <span class='ocrx_word' id='word_1_842' title='bbox 1415 3965 1534 4014; x_wconf 79' lang='grc' dir='ltr'>φυγὰς</span> <span class='ocrx_word' id='word_1_843' title='bbox 1553 3966 1618 4003; x_wconf 86' lang='grc' dir='ltr'><strong>καὶ</strong></span> <span class='ocrx_word' id='word_1_844' title='bbox 1637 3964 1843 4015; x_wconf 84' lang='grc' dir='ltr'>χρημάτων</span> <span class='ocrx_word' id='word_1_845' title='bbox 1861 3965 2096 4015; x_wconf 68' lang='grc' dir='ltr'>ἀφαιρέσεις,</span> <span class='ocrx_word' id='word_1_846' title='bbox 2113 3965 2211 4003; x_wconf 83' lang='grc' dir='ltr'>πολὺ</span> <span class='ocrx_word' id='word_1_847' title='bbox 2225 3966 2290 4003; x_wconf 85' lang='grc' dir='ltr'><strong>καὶ</strong></span> <span class='ocrx_word' id='word_1_848' title='bbox 2307 3966 2373 4011; x_wconf 79' lang='grc' dir='ltr'><strong>τήν</strong></span> <span class='ocrx_word' id='word_1_849' title='bbox 2390 3968 2456 4002; x_wconf 81' lang='grc' dir='ltr'><strong>τοῦ</strong></span> <span class='ocrx_word' id='word_1_850' title='bbox 2473 3965 2610 4013; x_wconf 80' lang='grc' dir='ltr'>πατρὸς</span> <span class='ocrx_word' id='word_1_851' title='bbox 2629 3965 2798 4034; x_wconf 67' lang='grc' dir='ltr'>χαλεπό</span> 
     </span>
     <span class='ocr_line' id='line_1_86' title="bbox 150 4016 2800 4072; baseline 0.003 -19"><span class='ocrx_word' id='word_1_852' title='bbox 150 4027 246 4060; x_wconf 84' lang='grc' dir='ltr'>τητα</span> <span class='ocrx_word' id='word_1_853' title='bbox 257 4016 322 4055; x_wconf 80' lang='grc' dir='ltr'><strong>καὶ</strong></span> <span class='ocrx_word' id='word_1_854' title='bbox 342 4018 557 4068; x_wconf 75' lang='grc' dir='ltr'>μιαιφονίαν</span> <span class='ocrx_word' id='word_1_855' title='bbox 577 4019 937 4070; x_wconf 56' lang='grc' dir='ltr'>ὑπερὸαλόμενοςμ.</span> <span class='ocrx_word' id='word_1_856' title='bbox 944 4022 1076 4060; x_wconf 87' lang='grc' dir='ltr'>,ὥστε</span> <span class='ocrx_word' id='word_1_857' title='bbox 1094 4021 1180 4065; x_wconf 83' lang='grc' dir='ltr'>τοὺς</span> <span class='ocrx_word' id='word_1_858' title='bbox 1194 4021 1238 4070; x_wconf 85' lang='grc' dir='ltr'><strong>μὲ</strong></span> <span class='ocrx_word' id='word_1_859' title='bbox 1222 4035 1261 4060; x_wconf 71' lang='grc' dir='ltr'><strong>εν</strong></span> <span class='ocrx_word' id='word_1_860' title='bbox 1278 4021 1369 4061; x_wconf 86' lang='grc' dir='ltr'><strong>ἀπὸ</strong></span> <span class='ocrx_word' id='word_1_861' title='bbox 1385 4021 1471 4060; x_wconf 84' lang='grc' dir='ltr'><strong>ταύ</strong></span> <span class='ocrx_word' id='word_1_862' title='bbox 1483 4035 1536 4067; x_wconf 94' lang='grc' dir='ltr'><strong>τη</strong></span> <span class='ocrx_word' id='word_1_863' title='bbox 1547 4037 1563 4067; x_wconf 92' lang='grc' dir='ltr'><strong>ς</strong></span> <span class='ocrx_word' id='word_1_864' title='bbox 1578 4026 1630 4067; x_wconf 88' lang='grc' dir='ltr'><strong>τῆ</strong></span> <span class='ocrx_word' id='word_1_865' title='bbox 1641 4035 1657 4066; x_wconf 89' lang='grc' dir='ltr'><strong>ς</strong></span> <span class='ocrx_word' id='word_1_866' title='bbox 1674 4022 1715 4060; x_wconf 86' lang='grc' dir='ltr'><strong>οἶ</strong></span> <span class='ocrx_word' id='word_1_867' title='bbox 1733 4021 1809 4060; x_wconf 85' lang='grc' dir='ltr'>κίοι</span> <span class='ocrx_word' id='word_1_868' title='bbox 1823 4036 1839 4066; x_wconf 97' lang='grc' dir='ltr'><strong>ς</strong></span> <span class='ocrx_word' id='word_1_869' title='bbox 1854 4023 2023 4072; x_wconf 84' lang='grc' dir='ltr'>βασιλεῖς</span> <span class='ocrx_word' id='word_1_870' title='bbox 2036 4022 2099 4060; x_wconf 83' lang='grc' dir='ltr'><strong>διὰ</strong></span> <span class='ocrx_word' id='word_1_871' title='bbox 2117 4023 2186 4069; x_wconf 83' lang='grc' dir='ltr'><strong>τήν</strong></span> <span class='ocrx_word' id='word_1_872' title='bbox 2200 4021 2438 4072; x_wconf 84' lang='grc' dir='ltr'>παρανομίαν</span> <span class='ocrx_word' id='word_1_873' title='bbox 2467 4034 2569 4069; x_wconf 77' lang='grc' dir='ltr'>μισει</span> <span class='ocrx_word' id='word_1_874' title='bbox 2557 4022 2683 4068; x_wconf 76' lang='grc' dir='ltr'>σθαι,</span> <span class='ocrx_word' id='word_1_875' title='bbox 2712 4023 2800 4067; x_wconf 82' lang='grc' dir='ltr'>τοὺς</span> 
     </span>
     <span class='ocr_line' id='line_1_87' title="bbox 152 4071 2629 4130; baseline 0.001 -19"><span class='ocrx_word' id='word_1_876' title='bbox 152 4071 193 4111; x_wconf 81' lang='grc' dir='ltr'><strong>δὲ</strong></span> <span class='ocrx_word' id='word_1_877' title='bbox 209 4072 283 4112; x_wconf 80' lang='grc' dir='ltr'><strong>ἀπὸ</strong></span> <span class='ocrx_word' id='word_1_878' title='bbox 302 4079 367 4121; x_wconf 89' lang='grc' dir='ltr'><strong>τῆς</strong></span> <span class='ocrx_word' id='word_1_879' title='bbox 383 4076 507 4126; x_wconf 85' lang='grc' dir='ltr'>ἑτέρας</span> <span class='ocrx_word' id='word_1_880' title='bbox 523 4077 585 4116; x_wconf 84' lang='grc' dir='ltr'><strong>διὰ</strong></span> <span class='ocrx_word' id='word_1_881' title='bbox 600 4079 668 4123; x_wconf 84' lang='grc' dir='ltr'><strong>τὴν</strong></span> <span class='ocrx_word' id='word_1_882' title='bbox 681 4077 889 4117; x_wconf 88' lang='grc' dir='ltr'>ἐπιείκειαν</span> <span class='ocrx_word' id='word_1_883' title='bbox 908 4078 1146 4127; x_wconf 85' lang='grc' dir='ltr'>ἀγαπᾶσθαι.</span> <span class='ocrx_word' id='word_1_884' title='bbox 1161 4103 1210 4111; x_wconf 93' lang='grc'>-</span> <span class='ocrx_word' id='word_1_885' title='bbox 1227 4084 1266 4117; x_wconf 90' lang='lat'><strong>6</strong></span> <span class='ocrx_word' id='word_1_886' title='bbox 1286 4080 1335 4130; x_wconf 90' lang='grc' dir='ltr'><strong>ὁρ</strong></span> <span class='ocrx_word' id='word_1_887' title='bbox 1347 4093 1373 4129; x_wconf 89' lang='grc' dir='ltr'><strong>μ</strong></span> <span class='ocrx_word' id='word_1_888' title='bbox 1385 4080 1418 4118; x_wconf 88' lang='grc' dir='ltr'>ὠ</span> <span class='ocrx_word' id='word_1_889' title='bbox 1433 4093 1514 4129; x_wconf 90' lang='grc' dir='ltr'><strong>μεν</strong></span> <span class='ocrx_word' id='word_1_890' title='bbox 1525 4093 1545 4118; x_wconf 90' lang='grc' dir='ltr'><strong>ο</strong></span> <span class='ocrx_word' id='word_1_891' title='bbox 1559 4079 1602 4129; x_wconf 88' lang='grc' dir='ltr'><strong>ς]</strong></span> <span class='ocrx_word' id='word_1_892' title='bbox 1625 4079 1762 4130; x_wconf 82' lang='grc' dir='ltr'>ὁρμόμ.</span> <span class='ocrx_word' id='word_1_893' title='bbox 1783 4080 1872 4120; x_wconf 90' lang='lat' dir='ltr'><strong>cod.</strong></span> <span class='ocrx_word' id='word_1_894' title='bbox 1889 4101 1943 4110; x_wconf 92' lang='lat'>—</span> <span class='ocrx_word' id='word_1_895' title='bbox 1954 4084 1992 4121; x_wconf 91' lang='lat'><strong>7.</strong></span> <span class='ocrx_word' id='word_1_896' title='bbox 2009 4079 2266 4130; x_wconf 73' lang='grc' dir='ltr'>λαὸόντος]</span> <span class='ocrx_word' id='word_1_897' title='bbox 2289 4079 2470 4121; x_wconf 73' lang='grc' dir='ltr'>λαὸόντας</span> <span class='ocrx_word' id='word_1_898' title='bbox 2490 4077 2629 4115; x_wconf 84' lang='lat' dir='ltr'><strong>codex.</strong></span> 
     </span>
    </p>

    <p class='ocr_par' dir='ltr' id='par_1_19' title="bbox 154 4133 2801 4359">
     <span class='ocr_line' id='line_1_88' title="bbox 204 4133 2801 4185; baseline 0.002 -15"><span class='ocrx_word' id='word_1_899' title='bbox 204 4133 329 4171; x_wconf 87' lang='lat' dir='ltr'>XXIl</span> <span class='ocrx_word' id='word_1_900' title='bbox 361 4134 576 4183; x_wconf 82' lang='lat' dir='ltr'><strong>Fol.183,</strong></span> <span class='ocrx_word' id='word_1_901' title='bbox 599 4138 746 4174; x_wconf 84' lang='grc'>17-29</span> <span class='ocrx_word' id='word_1_902' title='bbox 765 4146 802 4174; x_wconf 90' lang='grc' dir='ltr'><strong>υ.</strong></span> <span class='ocrx_word' id='word_1_903' title='bbox 817 4138 875 4174; x_wconf 93' lang='lat' dir='ltr'><strong>De</strong></span> <span class='ocrx_word' id='word_1_904' title='bbox 896 4146 938 4174; x_wconf 86' lang='lat' dir='ltr'><strong>re</strong></span> <span class='ocrx_word' id='word_1_905' title='bbox 957 4135 1123 4174; x_wconf 76' lang='lat' dir='ltr'><strong>aliunde</strong></span> <span class='ocrx_word' id='word_1_906' title='bbox 1136 4146 1216 4174; x_wconf 92' lang='lat' dir='ltr'><strong>non</strong></span> <span class='ocrx_word' id='word_1_907' title='bbox 1235 4138 1402 4175; x_wconf 88' lang='lat' dir='ltr'><strong>constat.</strong></span> <span class='ocrx_word' id='word_1_908' title='bbox 1423 4137 1550 4176; x_wconf 90' lang='lat' dir='ltr'><strong>Series</strong></span> <span class='ocrx_word' id='word_1_909' title='bbox 1567 4137 1873 4185; x_wconf 81' lang='lat' dir='ltr'><strong>fragmentorum</strong></span> <span class='ocrx_word' id='word_1_910' title='bbox 1889 4137 2005 4176; x_wconf 87' lang='lat' dir='ltr'><strong>docet</strong></span> <span class='ocrx_word' id='word_1_911' title='bbox 2022 4138 2226 4176; x_wconf 89' lang='lat' dir='ltr'><strong>referenda</strong></span> <span class='ocrx_word' id='word_1_912' title='bbox 2250 4138 2333 4174; x_wconf 89' lang='lat' dir='ltr'><strong>haec</strong></span> <span class='ocrx_word' id='word_1_913' title='bbox 2350 4146 2431 4174; x_wconf 83' lang='lat' dir='ltr'><strong>esse</strong></span> <span class='ocrx_word' id='word_1_914' title='bbox 2450 4134 2497 4172; x_wconf 88' lang='lat' dir='ltr'><strong>ad</strong></span> <span class='ocrx_word' id='word_1_915' title='bbox 2515 4134 2660 4183; x_wconf 89' lang='lat' dir='ltr'><strong>primos</strong></span> <span class='ocrx_word' id='word_1_916' title='bbox 2678 4146 2801 4174; x_wconf 86' lang='lat' dir='ltr'><strong>annos</strong></span> 
     </span>
     <span class='ocr_line' id='line_1_89' title="bbox 154 4182 2801 4244; baseline 0.002 -18"><span class='ocrx_word' id='word_1_917' title='bbox 154 4182 341 4238; x_wconf 81' lang='lat' dir='ltr'><strong>Demetrii</strong></span> <span class='ocrx_word' id='word_1_918' title='bbox 359 4190 551 4231; x_wconf 87' lang='lat' dir='ltr'><strong>Nicatoris</strong></span> <span class='ocrx_word' id='word_1_919' title='bbox 569 4194 582 4241; x_wconf 93' lang='grc'>(</span> <span class='ocrx_word' id='word_1_920' title='bbox 599 4193 714 4243; x_wconf 87' lang='lat'><strong>145).</strong></span> <span class='ocrx_word' id='word_1_921' title='bbox 737 4192 990 4232; x_wconf 83' lang='lat' dir='ltr'><strong>Turbulentis</strong></span> <span class='ocrx_word' id='word_1_922' title='bbox 1005 4193 1066 4232; x_wconf 87' lang='lat' dir='ltr'><strong>his</strong></span> <span class='ocrx_word' id='word_1_923' title='bbox 1080 4193 1323 4243; x_wconf 89' lang='lat' dir='ltr'><strong>temporibus</strong></span> <span class='ocrx_word' id='word_1_924' title='bbox 1339 4195 1456 4233; x_wconf 87' lang='lat' dir='ltr'><strong>multi</strong></span> <span class='ocrx_word' id='word_1_925' title='bbox 1477 4206 1546 4244; x_wconf 88' lang='lat' dir='ltr'><strong>per</strong></span> <span class='ocrx_word' id='word_1_926' title='bbox 1566 4194 1747 4233; x_wconf 88' lang='lat' dir='ltr'><strong>civitates</strong></span> <span class='ocrx_word' id='word_1_927' title='bbox 1774 4205 1909 4244; x_wconf 85' lang='lat' dir='ltr'><strong>regum</strong></span> <span class='ocrx_word' id='word_1_928' title='bbox 1932 4198 2120 4244; x_wconf 88' lang='lat' dir='ltr'><strong>Syrorum</strong></span> <span class='ocrx_word' id='word_1_929' title='bbox 2138 4194 2358 4234; x_wconf 78' lang='lat' dir='ltr'><strong>exstiterint</strong></span> <span class='ocrx_word' id='word_1_930' title='bbox 2374 4192 2544 4241; x_wconf 73' lang='lat' dir='ltr'><strong>tyranni.</strong></span> <span class='ocrx_word' id='word_1_931' title='bbox 2567 4191 2801 4231; x_wconf 87' lang='lat' dir='ltr'><strong>Aradiorum</strong></span> 
     </span>
     <span class='ocr_line' id='line_1_90' title="bbox 154 4247 2800 4306; baseline 0.002 -22"><span class='ocrx_word' id='word_1_932' title='bbox 154 4247 196 4284; x_wconf 80' lang='lat' dir='ltr'><strong>et</strong></span> <span class='ocrx_word' id='word_1_933' title='bbox 217 4247 532 4287; x_wconf 85' lang='lat' dir='ltr'><strong>Marathenorum</strong></span> <span class='ocrx_word' id='word_1_934' title='bbox 559 4249 707 4288; x_wconf 88' lang='lat' dir='ltr'><strong>bellum</strong></span> <span class='ocrx_word' id='word_1_935' title='bbox 735 4248 788 4288; x_wconf 83' lang='lat' dir='ltr'><strong>ad</strong></span> <span class='ocrx_word' id='word_1_936' title='bbox 797 4250 919 4289; x_wconf 79' lang='lat' dir='ltr'><strong>hosce</strong></span> <span class='ocrx_word' id='word_1_937' title='bbox 934 4261 1058 4289; x_wconf 89' lang='lat' dir='ltr'><strong>annos</strong></span> <span class='ocrx_word' id='word_1_938' title='bbox 1077 4251 1275 4300; x_wconf 86' lang='lat' dir='ltr'><strong>pertinens</strong></span> <span class='ocrx_word' id='word_1_939' title='bbox 1293 4255 1488 4291; x_wconf 89' lang='lat' dir='ltr'><strong>memorat</strong></span> <span class='ocrx_word' id='word_1_940' title='bbox 1512 4251 1705 4290; x_wconf 90' lang='lat' dir='ltr'><strong>Diodorus</strong></span> <span class='ocrx_word' id='word_1_941' title='bbox 1722 4253 1908 4300; x_wconf 85' lang='lat' dir='ltr'>XXXIII,</span> <span class='ocrx_word' id='word_1_942' title='bbox 1928 4258 1950 4290; x_wconf 90' lang='grc'>5</span> <span class='ocrx_word' id='word_1_943' title='bbox 1969 4252 2048 4306; x_wconf 86' lang='lat' dir='ltr'><strong>(ibi</strong></span> <span class='ocrx_word' id='word_1_944' title='bbox 2068 4254 2200 4290; x_wconf 85' lang='lat' dir='ltr'><strong>nostra</strong></span> <span class='ocrx_word' id='word_1_945' title='bbox 2219 4251 2303 4288; x_wconf 86' lang='lat' dir='ltr'><strong>haec</strong></span> <span class='ocrx_word' id='word_1_946' title='bbox 2332 4249 2505 4297; x_wconf 85' lang='lat' dir='ltr'><strong>insere);</strong></span> <span class='ocrx_word' id='word_1_947' title='bbox 2524 4250 2800 4297; x_wconf 83' lang='lat' dir='ltr'><strong>Apamensinm</strong></span> 
     </span>
     <span class='ocr_line' id='line_1_91' title="bbox 158 4304 2799 4360; baseline 0.005 -20"><span class='ocrx_word' id='word_1_948' title='bbox 158 4304 295 4341; x_wconf 75' lang='lat' dir='ltr'><strong>eontra</strong></span> <span class='ocrx_word' id='word_1_949' title='bbox 310 4305 515 4344; x_wconf 84' lang='lat' dir='ltr'><strong>Larissaeos</strong></span> <span class='ocrx_word' id='word_1_950' title='bbox 530 4305 676 4345; x_wconf 85' lang='lat' dir='ltr'><strong>bellum</strong></span> <span class='ocrx_word' id='word_1_951' title='bbox 699 4306 929 4346; x_wconf 89' lang='lat' dir='ltr'><strong>Posidonius</strong></span> <span class='ocrx_word' id='word_1_952' title='bbox 952 4306 1044 4356; x_wconf 82' lang='lat' dir='ltr'><strong>(ap</strong></span> <span class='ocrx_word' id='word_1_953' title='bbox 1071 4308 1209 4348; x_wconf 86' lang='lat' dir='ltr'><strong>Athen.</strong></span> <span class='ocrx_word' id='word_1_954' title='bbox 1227 4318 1264 4357; x_wconf 91' lang='lat' dir='ltr'><strong>p.</strong></span> <span class='ocrx_word' id='word_1_955' title='bbox 1290 4312 1381 4358; x_wconf 80' lang='grc'>176,</span> <span class='ocrx_word' id='word_1_956' title='bbox 1398 4311 1451 4359; x_wconf 87' lang='grc' dir='ltr'><strong>Β)</strong></span> <span class='ocrx_word' id='word_1_957' title='bbox 1469 4309 1517 4347; x_wconf 89' lang='lat' dir='ltr'><strong>de</strong></span> <span class='ocrx_word' id='word_1_958' title='bbox 1534 4307 1670 4348; x_wconf 89' lang='lat' dir='ltr'><strong>iisdem</strong></span> <span class='ocrx_word' id='word_1_959' title='bbox 1690 4309 1934 4358; x_wconf 88' lang='lat' dir='ltr'><strong>temporibus</strong></span> <span class='ocrx_word' id='word_1_960' title='bbox 1950 4320 1983 4347; x_wconf 97' lang='grc'>3</span> <span class='ocrx_word' id='word_1_961' title='bbox 1973 4321 2066 4360; x_wconf 61' lang='lat' dir='ltr'><strong>„ens</strong></span> <span class='ocrx_word' id='word_1_962' title='bbox 2081 4311 2228 4347; x_wconf 88' lang='lat' dir='ltr'><strong>narrat.</strong></span> <span class='ocrx_word' id='word_1_963' title='bbox 2247 4329 2297 4335; x_wconf 89' lang='lat'>—</span> <span class='ocrx_word' id='word_1_964' title='bbox 2318 4312 2350 4345; x_wconf 93' lang='grc'><strong>1.</strong></span> <span class='ocrx_word' id='word_1_965' title='bbox 2373 4308 2469 4345; x_wconf 73' lang='lat' dir='ltr'><strong>Mo).</strong></span> <span class='ocrx_word' id='word_1_966' title='bbox 2479 4307 2595 4344; x_wconf 76' lang='grc' dir='ltr'>κέστ</span> <span class='ocrx_word' id='word_1_967' title='bbox 2604 4306 2682 4357; x_wconf 80' lang='grc' dir='ltr'><strong>ης]</strong></span> <span class='ocrx_word' id='word_1_968' title='bbox 2703 4307 2799 4346; x_wconf 70' lang='lat' dir='ltr'><strong>iussa</strong></span> 
     </span>
    </p>
   </div>
   <div class='ocr_carea' id='block_1_14' title="bbox 294 4378 2667 4415">
    <p class='ocr_par' dir='ltr' id='par_1_20' title="bbox 294 4378 2667 4415">
     <span class='ocr_line' id='line_1_92' title="bbox 294 4378 2667 4415; baseline 0.003 -5"><span class='ocrx_word' id='word_1_969' title='bbox 294 4381 526 4413; x_wconf 71' lang='lat' dir='ltr'><strong>FRAGMENTA</strong></span> <span class='ocrx_word' id='word_1_970' title='bbox 550 4385 703 4414; x_wconf 76' lang='lat' dir='ltr'><strong>fflsron</strong></span> <span class='ocrx_word' id='word_1_971' title='bbox 733 4387 795 4414; x_wconf 81' lang='lat' dir='ltr'><strong>‹‚·.n</strong></span> <span class='ocrx_word' id='word_1_972' title='bbox 811 4396 851 4403; x_wconf 91' lang='lat'><em>-</em></span> <span class='ocrx_word' id='word_1_973' title='bbox 872 4385 1020 4413; x_wconf 78' lang='grc' dir='ltr'>νο1..1ι.</span> <span class='ocrx_word' id='word_1_974' title='bbox 1907 4411 1911 4415; x_wconf 91' lang='grc'><em>,</em></span> <span class='ocrx_word' id='word_1_975' title='bbox 2648 4378 2667 4411; x_wconf 75' lang='grc' dir='ltr'>ὁ</span> 
     </span>
    </p>
   </div>
  </div>
 </body>
</html>
