3016 4628
227 293 356 327 XXVI

228 379 461 432 κούσαντος
477 415 488 435 ,
511 382 788 445 firtoxptfistq‘
765 401 822 435 ως
847 381 968 447 φίλον
993 382 1203 431 συνέλαὸε
1223 384 1293 432 τὸν
1314 386 1516 450 βασιλέα·

223 449 298 495 καὶ
323 449 417 497 τότε
437 449 513 512 μὲν
540 452 674 510 δήσας
699 431 1071 519 παρεφύλαττεν,
1060 456 1234 522 ύστερον
1268 459 1311 504 δὲ
1337 461 1515 508 ἀνεῖλεν

223 521 414 583 Ομοίως
430 523 474 571 δὲ
492 524 566 571 καὶ
578 523 739 581 Αζιζος
759 526 871 573 κατὰ
891 526 968 581 τὰς
985 528 1214 592 γενομένας
1232 531 1300 577 ἐπὶ
1321 550 1372 592 με
1356 550 1518 596 ρισμω

222 599 297 653 τῆς
322 597 542 683 Συριακῆς
568 598 789 662 βασιλείας
813 599 1048 659 συνθέσεις,
1076 602 1312 649 ἐπεὸοίλετο
1340 605 1516 668 δολοφο-

219 667 434 724 νησαιτὸν
455 669 703 718 Φίλιππον·
720 671 799 718 ὁδε
813 672 1147 738 προαισθομενος
1167 675 1244 731 τὴν
1267 674 1515 734 ἐπιδουλὴν,

226 738 379 805 ἔφυγεν
405 743 462 795 εἷς
480 741 557 798 τὴν
583 741 858 807 Αντιόχειαν.

285 815 473 862 XXXV.
510 812 617 863 “Ort
633 814 744 862 κατὰ
774 815 852 874 τὴν
878 815 1058 878 εΡώμην
1089 818 1328 872 Κατιλίνας
1349 838 1409 872 τις
1429 837 1511 864 κα-

216 884 411 949 τάχρεως
448 886 501 950 (1)
536 886 610 934 καὶ
647 886 832 941 Λέντλος
848 925 861 950 ,
904 892 926 935 ὁ
967 889 1299 950 ἐπικαλούμενος
1332 889 1514 954 Σούρας,

217 957 488 1021 ἀθροίσαντες
512 956 640 1047 οχλον
673 959 731 1024 (2)
760 960 997 1007 ἀπόστασιν
1019 961 1171 1021 εμελέτ
1173 979 1283 1017 ησαν
1305 960 1418 1006 κατὰ
1439 966 1515 1019 τῆς

217 1030 459 1103 συγκλήτου
481 1030 633 1077 τοιωδέ
647 1050 729 1078 τινι
748 1031 912 1122 τρόπῳ.
951 1031 1212 1088 Μελλούσης
1232 1032 1343 1085 τινὸς
1367 1036 1512 1098 ἑορτῆς

216 1105 323 1148 εἰναι
337 1139 350 1162 ,
374 1103 468 1149 καθ’
485 1103 538 1160 ἣν
548 1100 653 1191 ’,ἔθος
681 1107 731 1160 ἠν
752 1123 847 1156 τους
879 1123 1076 1168 πατρωνε
1081 1104 1283 1165 υομένους
1312 1104 1395 1151 ὑπο
1426 1125 1510 1152 των

216 1174 260 1220 ἐν
285 1175 518 1238 ὑπεροχαῖς
542 1174 673 1221 ὄντων
697 1174 808 1230 ξένια
833 1174 1035 1237 πέυ.,πειν
1062 1174 1134 1221 καὶ
1163 1173 1231 1220 διὰ
1259 1174 1421 1232 ταύτην
1443 1178 1510 1223 αἰ-

215 1243 311 1292 τίαν
335 1248 388 1292 δι“
407 1246 508 1302 δ’λης
524 1251 599 1304 τῆς
616 1246 763 1300 νυκτὸς
781 1251 994 1311 ἀνεῶχθαι
1016 1245 1093 1299 τὰς
1113 1246 1248 1300 οἰκίας
1272 1247 1510 1308 συνέὸαινε,

213 1317 435 1365 συνέθεντο
451 1312 520 1365 οῧν
539 1318 652 1367 κατὰ
667 1324 812 1367 τοῦτον
828 1319 899 1366 τὸν
920 1318 1066 1384 καιρὸν
1085 1317 1340 1380 εἰσπέμπειν
1359 1323 1416 1374 εἷς
1433 1321 1510 1376 τὰς

210 1392 294 1435 τῶν
335 1390 729 1452 ἐπιδουλευομένων
757 1391 892 1445 οἰκίας
922 1390 1017 1444 τοὺς
1048 1391 1339 1455 προσάξοντας
1368 1395 1510 1449 αὐτοῖς

209 1459 284 1515 τὰς
304 1462 476 1525 χεῖρας·
502 1462 571 1516 οὓς
597 1462 680 1509 ἔδει
704 1463 780 1519 τὴν
806 1461 881 1524 μὲν
905 1462 1144 1527 φαντασίαν
1164 1463 1292 1529 χάριν
1320 1469 1396 1522 τῆς
1422 1469 1506 1513 τῶν

210 1531 354 1587 ξενίων
391 1536 589 1599 εἰσφορᾶς
623 1534 877 1588 ἀνυπόπτως
908 1534 1195 1594 εἰσελθόντας,
1226 1535 1299 1583 καὶ
1336 1537 1508 1594 ἀδήλως

209 1605 562 1669 παρεζωσμένους
585 1606 703 1671 ξίφη,
725 1607 798 1653 καὶ
819 1611 914 1653 κατ’
937 1606 1103 1670 ὀλίγους
1121 1608 1185 1673 ἐφ’
1207 1608 1366 1699 ἑκρὶστῃ
1392 1610 1505 1676 οἰκίᾳ

212 1678 577 1743 μεμερισμένους,
608 1681 674 1743 ὑφ’
699 1678 772 1725 ἕνα
798 1678 871 1726 καὶ
897 1679 969 1725 τὸν
991 1679 1117 1726 αὐτον
1150 1680 1299 1744 καιρὸν
1329 1681 1504 1730 ἅπασαν

215 1751 366 1815 σχεδὸν
392 1751 469 1809 τὴν
485 1753 722 1815 σύγκλητον
748 1753 931 1799 ἀνελεῖν.
1002 1754 1210 1799 Γουτον
1189 1752 1233 1818 οὲ
1257 1753 1327 1800 τὸν
1348 1754 1504 1819 τρόπον

211 1824 494 1917 διεσκευασμε
485 1825 569 1882 ’νης
585 1844 658 1881 της
678 1823 928 1882 ἐπιδουλῆς,
949 1824 1201 1888 παραδόξως
1222 1826 1502 1885 διεσώθησαν.

208 1894 379 1945 Οντων
404 1897 487 1961 γὰρ
522 1896 782 1943 πλειόνων
761 1917 786 1954 η
818 1897 1169 1962 τεσσαρακοσίων
1202 1920 1286 1946 των
1324 1899 1394 1946 ἐπὶ
1425 1899 1502 1958 τὴν

208 1970 377 2034 σφαγὴν
395 1968 686 2033 τεταγμένων,
715 1969 788 2016 ἕνα
811 1969 971 2017 τούτων
1003 1971 1271 2033 διακείμενον
1292 1974 1504 2037 ἐρωτικῶς

206 2042 311 2107 πρός
334 2063 428 2089 τινα
450 2043 681 2101 παιδίσκην
705 2043 778 2089 καὶ
797 2043 880 2090 ὑπὸ
907 2043 1067 2103 ταύτης
1089 2045 1501 2110 παραθεωρούμενον

204 2114 431 2168 πλεονάκις
446 2115 583 2178 λέγειν
601 2115 749 2180 [φασὶν
765 2113 848 2180 ὅτι]
863 2117 913 2181 (3)
929 2119 1024 2179 μετ’
1042 2117 1186 2181 ὀλίγας
1200 2118 1364 2182 ἡμέρας
1380 2118 1501 2167 ἔσται

202 2192 275 2233 τοῦ
310 2188 552 2251 πνεύματος
591 2190 722 2246 αὖτῆς
754 2188 914 2254 κύριος.
997 2191 1088 2248 Τῆς
1127 2190 1170 2237 δὲ
1202 2192 1503 2253 θαυμαζούσης

203 2259 251 2306 τὸ
274 2259 397 2324 ῥηθὲν
423 2261 497 2308 καὶ
519 2261 577 2323 μὴ
601 2261 839 2323 δυναμένης
855 2266 1009 2321 νοῆσαι
1028 2261 1105 2320 τὴν
1121 2262 1261 2310 αἰτίαν
1281 2267 1357 2321 τῆς
1370 2264 1502 2327 ἁμίλ-

200 2335 295 2396 λης,
315 2333 386 2381 τὸν
403 2332 478 2395 μὲν
495 2333 713 2381 νεανίσκον
734 2334 874 2397 μένειν
895 2335 964 2382 ἐπὶ
981 2340 1056 2394 τῆς
1070 2336 1316 2390 ἀνατάσεως
1335 2336 1403 2401 (4),
1422 2337 1499 2396 τὴν

200 2405 244 2452 δὲ
271 2406 382 2453 κατὰ
400 2405 478 2464 τὴν
500 2407 823 2473 συμπεριφορὰν
855 2408 930 2455 καὶ
955 2409 1032 2466 τὴν
1069 2409 1161 2471 μετ’
1187 2410 1316 2456 αὐτοῦ
1342 2410 1497 2473 μέθην,

199 2476 543 2543 ὑποκριναμένην
569 2479 890 2545 κεχαρισμένας
914 2481 1084 2542 ὁμιλίας
1112 2482 1162 2545 (a)
1193 2480 1331 2536 ἀξιοῦν
1358 2484 1498 2540 δηλῶ-

201 2570 296 2609 σαι,
319 2551 414 2598 τίνα
433 2552 535 2598 ποτὲ
556 2557 651 2601 νοῦν
676 2552 766 2617 ἔχει
785 2553 833 2599 τὸ
853 2553 976 2619 ῥηθέν
990 2574 999 2583 ·
1024 2553 1096 2600 τὸν
1117 2553 1159 2600 δὲ
1183 2553 1252 2601 διὰ
1269 2556 1340 2601 τὸν
1357 2554 1497 2616 ἔρωτα

203 2625 456 2689 βουλόμενον
496 2625 630 2688 ταύτῃ
672 2625 961 2690 χαρίσασθαι,
997 2635 1141 2674 πᾶσαν
1181 2626 1259 2685 τὴν
1285 2627 1492 2685 ἀλήθειαν

202 2701 409 2757 μηνῦσαι.
429 2694 522 2754 Τὴν
537 2695 580 2743 δὲ
597 2701 959 2761 προσποιηθεϊσαν
975 2699 1067 2761 μετ’
1082 2699 1245 2753 εὐνοίας
1264 2699 1339 2746 καὶ
1357 2707 1497 2765 χαρᾶς

202 2770 398 2833 δεδέχθαι
422 2768 494 2816 τὸν
531 2769 673 2831 λόγον,
714 2774 959 2828 σιωπῆσαι·
995 2776 1047 2837 τῇ
1086 2773 1130 2819 δὲ
1162 2772 1366 2838 ὑστεραία
1392 2771 1495 2838 πρὸς

201 2840 279 2898 τὴν
302 2845 374 2887 τοῦ
395 2840 558 2887 ὑπάτου
584 2841 827 2906 Κικέρωνος
844 2847 1026 2905 γυναῖκα
1051 2843 1403 2902 καταντήσασαν,
1424 2844 1497 2891 καὶ

201 2915 297 2960 κατ’
320 2913 430 2960 ἰδίαν
457 2915 755 2978 διαλεχθεῖσαν
783 2915 883 2978 περὶ
906 2915 1085 2976 τούτων,
1114 2919 1378 2981 ἀπαγγεῖλαι
1399 2916 1497 2971 τοὺς

207 2985 408 3051 ῥηθέντας
444 2985 594 3049 λόγους
628 2987 710 3033 ὑπὸ
733 2992 807 3034 τοῦ
845 2989 1082 3037 νεανίσκου.
1153 2989 1242 3038 Καὶ
1273 2990 1412 3054 τούτῳ
1435 2993 1497 3052 τῷ

200 3058 346 3123 τρόπῳ
370 3058 557 3148 φανερὰν
576 3059 772 3123 γενέσθαι
801 3059 878 3117 τὴν
905 3061 1065 3108 τούτων
1087 3061 1378 3124 συνωμοσίαν.
1406 3062 1495 3110 Τὸν

201 3132 245 3177 δὲ
265 3130 319 3178 τὰ
340 3130 414 3193 μὲν
434 3131 642 3178 ἀνατάσει
659 3132 731 3179 καὶ
749 3132 888 3198 φόὸῳ,
911 3133 966 3180 τὰ
988 3134 1031 3180 δὲ
1056 3135 1332 3199 παρακλήσει
1346 3137 1495 3201 φιλαν-

199 3204 359 3268 θρώπῳ
389 3205 666 3268 χρησάμενον
703 3209 854 3267 μαθεῖν
880 3206 1068 3272 ἀκριὸῶς
1102 3210 1206 3274 παρ’
1243 3210 1386 3255 αὐτῶν
1417 3204 1494 3265 τὴν

136 3339 139 3342 ¹
197 3274 301 3335 ὅλην
332 3277 582 3335 ἐπιδουλήν.

236 3426 404 3462 ΤΕΛΟΣ
435 3427 536 3462 ΤΗΣ
567 3425 801 3462 ΙΣΤΟΡῘΑΣ
834 3427 1082 3463 ΔΙΟΔΩΡΟΥ
1113 3428 1445 3465 ΣΙΚΕΛΙΩῙῸΥ.

859 283 939 330 ΓΚ
987 285 1127 332 ΤΗΣ
1148 286 1449 335 ΙΣΤΟΡΙΑΣ
1496 291 1812 341 ΔΙΟΔΩΡΟΥ
1848 295 2254 347 ΣΙΚΕΛΙΩΤΟΥ.

1595 398 1826 452 simulabat,
1849 414 1940 442 eum
1963 406 2281 455 comprehendit,
2315 408 2354 446 et
2372 411 2465 446 tunc
2494 409 2655 458 quidem
2686 411 2726 450 in
2747 412 2882 452 custo·
2947 431 2950 433 ·
2985 403 3015 447 ft

1594 486 1699 525 diam
1723 487 1851 537 dedit,
1879 488 2020 528 deinde
2034 500 2129 529 vero
2149 490 2356 531 interfecit.
2384 493 2571 533 SimilIter
2603 496 2723 535 etiam
2746 499 2885 538 Azizus

1595 581 1646 609 ex
1662 572 1787 621 pactis
1807 583 1898 621 quae
1927 573 1976 612 de
1996 573 2209 614 dividendo
2237 587 2356 626 regno
2379 577 2503 627 Syriae
2523 579 2719 631 fecerant,
2743 582 2884 633 Philip·

1594 668 1688 706 pum
1710 658 1812 696 clam
1832 659 2012 698 occidere
2035 660 2173 700 voluit.
2207 662 2258 701 At
2287 663 2491 714 Philippus
2509 665 2668 707 insidias
2695 667 2886 710 odoratus

1593 741 1684 790 suga
1707 742 1833 781 evasit
1849 743 2112 784 Antiochiam.

1643 832 1805 870 XXXV.
1835 834 1973 871 Romae
2002 833 2170 872 Catilina
2188 845 2269 875 aere
2287 836 2416 876 alieno
2443 848 2601 888 pressus
2625 842 2665 880 et
2690 841 2885 882 Lentulus

1590 924 1851 972 cognomento
1868 927 1967 964 Sura
1993 926 2239 975 plebeiorum
2256 929 2419 969 turbam
2443 913 2724 982 congregantes
2741 936 2884 975 contra

1589 1013 1769 1051 senatum
1793 1024 1955 1054 movere
1975 1015 2206 1057 seditionem
2223 1019 2491 1060 moliebantur
2517 1021 2623 1062 hunc
2643 1023 2684 1062 in
2699 1024 2879 1070 modum.

1589 1103 1767 1143 Instabat
1786 1103 1868 1144 dies
1891 1105 2014 1144 festus
2027 1135 2038 1155 ,
2056 1117 2137 1156 quo
2161 1107 2324 1147 clientes
2335 1107 2443 1148 dona
2458 1109 2618 1168 mittere
2635 1111 2812 1162 patronis
2822 1124 2882 1153 so-
2927 1114 2930 1116 ’

1587 1194 1738 1254 lebant,
1756 1197 1796 1235 et
1811 1197 2019 1246 propterea
2032 1208 2100 1247 per
2118 1198 2247 1237 totam
2259 1200 2416 1238 noctem
2434 1200 2577 1244 domus
2589 1204 2737 1253 apertae
2753 1205 2880 1246 erant.

1592 1288 1665 1326 Illa
1702 1289 1819 1338 igitur
1838 1291 2133 1339 opportunitate
2163 1292 2355 1331 utendum
2385 1305 2468 1333 esse
2487 1295 2735 1347 statuerunt,
2768 1299 2814 1337 ut
2842 1299 2882 1337 in

1585 1379 1689 1419 aedes
1708 1390 1868 1430 eorum,
1882 1381 2027 1431 quibus
2046 1381 2204 1422 insidias
2225 1384 2445 1440 struebant,
2464 1396 2714 1435 percussores
2731 1388 2883 1429 immit-

1583 1474 1737 1523 terent,
1759 1473 1828 1523 qui
1845 1474 1918 1513 sub
1938 1474 2066 1524 specie
2085 1474 2335 1515 ferendorum
2357 1476 2552 1517 donorum
2577 1479 2678 1519 citra
2695 1482 2882 1532 suspicio-

1582 1574 1676 1603 nem
1693 1564 1853 1614 ingressi
1873 1566 1913 1604 et
1932 1566 2102 1605 latenter
2130 1566 2268 1617 gladiis
2298 1567 2418 1607 cincti
2434 1573 2556 1619 atque
2582 1569 2638 1609 ita
2654 1569 2879 1622 distributi,

1582 1658 1629 1696 ut
1659 1658 1774 1707 pauci
1810 1659 1971 1709 singulis
1997 1659 2178 1699 domibus
2207 1660 2510 1710 assignarentur,
2542 1672 2621 1701 uno
2655 1662 2876 1714 eodemque

1581 1747 1770 1797 temporis
1789 1751 1993 1788 momento
2010 1750 2140 1789 totum
2167 1761 2280 1800 paene
2295 1753 2477 1791 senatum
2495 1753 2754 1794 trucidarent.
2778 1756 2875 1795 Insi-

1581 1838 1737 1878 diarum
1753 1839 1905 1880 ratione
1929 1851 1984 1880 sic
2000 1841 2239 1891 composita,
2263 1843 2407 1893 practer
2433 1844 2658 1894 opinionem
2678 1846 2879 1886 senatores

1579 1931 1724 1970 servati
1744 1934 1850 1972 sunt.
1874 1933 2027 1972 Etenim
2049 1945 2174 1984 quum
2208 1944 2328 1984 supra
2340 1934 2648 1987 quadringentos
2670 1936 2770 1976 caedi
2790 1947 2878 1987 per·
2906 1970 2918 1982 .
3010 1933 3016 1948 “

1579 2024 1740 2074 agendae
1769 2026 1947 2075 praefecti
1995 2026 2145 2076 essent,
2169 2026 2313 2066 accidit
2343 2007 2388 2067 ut
2408 2039 2512 2068 unus
2532 2039 2670 2068 eorum
2691 2039 2715 2068 a
2741 2029 2874 2080 puella

1579 2126 1699 2166 quam
1729 2115 1955 2166 deperiebat
1981 2115 2192 2167 despectus
2221 2117 2368 2157 iterum
2389 2129 2436 2158 ac
2462 2119 2608 2169 saepius
2637 2119 2672 2159 ei
2694 2118 2872 2159 diceret:

1578 2223 1598 2242 «
1618 2207 1757 2247 Paucis
1772 2207 1911 2247 diebus
1927 2209 2015 2258 post
2033 2207 2167 2247 anima
2181 2208 2252 2247 tua
2270 2208 2310 2246 in
2327 2218 2415 2247 mea
2431 2207 2505 2247 erit
2524 2209 2736 2258 potestate.
2760 2224 2780 2243 »
2804 2211 2876 2248 De-

1576 2302 1745 2341 mirante
1764 2301 1833 2341 illa
1844 2301 1998 2341 dictum
2011 2311 2058 2340 ac
2073 2311 2234 2340 causam
2246 2301 2474 2340 certaminis
2485 2302 2632 2341 frustra
2651 2305 2871 2352 quaerente,

1572 2395 1762 2445 Juvenem
1777 2393 1819 2432 in
1839 2393 1993 2433 minace
2008 2393 2187 2432 oratione
2202 2403 2274 2432 sua
2289 2403 2573 2443 perseverasse,
2588 2394 2761 2444 puellam
2779 2381 2880 2434 vero

1577 2485 1681 2524 inter
1693 2485 1900 2534 amplexus
1916 2484 1956 2523 et
1972 2483 2118 2523 amoris
2135 2483 2366 2523 ebrletatem
2378 2484 2562 2522 simulate
2579 2484 2700 2534 gratis
2714 2483 2871 2524 blandi·

1574 2578 1718 2618 mentis
1733 2588 1846 2617 usam
1863 2586 2040 2626 rogasse,
2062 2575 2108 2614 ut
2128 2585 2287 2615 sensum
2307 2574 2404 2637 dicti
2422 2574 2526 2614 illius
2547 2574 2621 2614 sibi
2637 2574 2870 2624 exponeret.

1574 2671 1694 2711 Illum
1708 2669 1915 2710 cedentem
1930 2667 2054 2707 amori
2067 2668 2108 2707 et
2127 2666 2269 2706 amicae
2288 2667 2603 2716 gratificaturum
2617 2666 2744 2706 totam
2757 2676 2840 2705 rem
2856 2696 2868 2715 ,

1573 2767 1665 2806 quae
1693 2756 1817 2805 esset,
1836 2753 2047 2805 aperuisse.
2066 2729 2244 2792 Puellam
2274 2751 2528 2791 simulantem
2555 2755 2708 2802 gratum
2727 2752 2801 2792 sibi
2829 2753 2870 2791 et

1571 2841 1716 2893 gaudio
1733 2851 1957 2881 sermonem
1970 2849 2068 2888 esse,
2081 2839 2180 2877 tunc
2192 2837 2352 2887 quidem
2366 2837 2552 2887 tacuisse,
2569 2837 2757 2887 postridie
2771 2847 2867 2877 vero

1571 2939 1740 2969 uxorem
1771 2926 1972 2968 Ciceronis
2003 2924 2175 2964 consulis
2198 2923 2429 2964 convenisse
2452 2933 2499 2961 ac
2525 2923 2650 2962 solam
2667 2933 2759 2962 cum
2784 2924 2867 2963 sola

1572 3013 1810 3052 collocutam
1819 3010 1963 3050 dixisse
1975 3009 2010 3049 ei
2020 3008 2157 3059 quales
2167 3007 2325 3057 juvenis
2334 3008 2399 3048 ille
2410 3019 2610 3048 sermones
2618 3008 2858 3059 protulisset.

1572 3101 1701 3149 Atque
1722 3098 1780 3147 sic
1802 3077 2116 3146 conjurationem
2134 3094 2495 3145 essepatefactam.
2529 3095 2744 3135 Consulem
2767 3105 2865 3135 vero

1571 3186 1713 3237 partim
1735 3183 1851 3224 minis
1871 3185 1910 3223 et
1923 3177 2054 3232 metu,
2069 3170 2213 3232 partim
2231 3181 2334 3222 comi
2351 3182 2626 3222 exhortatione
2638 3182 2864 3232 conjuratos

1569 3273 1795 3322 adduxisse,
1809 3272 1856 3311 ut
1867 3271 1917 3310 de
1927 3269 2036 3309 omni
2045 3269 2273 3309 insidiarum
2290 3269 2442 3309 ratione
2451 3270 2662 3309 certiorem
2673 3270 2859 3310 facerent.

1767 3418 1905 3452 Flms
1937 3416 2193 3451 HISTORIAE
2230 3414 2444 3449 Dlonom
2480 3415 2665 3449 smum.

199 3630 353 3680 ὶαρχος.
373 3630 421 3668 At
433 3640 580 3668 nomen
595 3629 735 3675 Αζιζος
752 3629 872 3668 habes
890 3632 985 3677 XX,
1004 3634 1041 3679 7,
1047 3634 1081 3669 8.
1104 3631 1273 3670 Alterius
1293 3631 1432 3671 Arabis
1451 3642 1596 3671 nomen
1611 3630 1715 3681 apud
1732 3630 1949 3680 Josephum
1963 3608 2162 3679 XV111,5,
2166 3630 2189 3667 4
2206 3629 2246 3667 et
2258 3630 2364 3677 XIX,
2382 3631 2457 3677 8,1
2475 3628 2534 3667 est
2550 3625 2860 3676 Σαμψιγέραμος,

199 3687 307 3737 quod
326 3697 535 3736 reposuin
551 3687 578 3725 l.
596 3687 687 3733 ubi
703 3687 855 3726 codex
875 3689 1192 3739 Σαμψυκέραμος.
1208 3692 1408 3729 —lnsere
1421 3690 1685 3740 fragmentum
1701 3690 1794 3728 ante
1809 3688 1876 3728 lib
1893 3689 1975 3736 XL,
1994 3698 2028 3727 c.
2051 3692 2087 3726 2.

251 3746 410 3784 XXXV.
441 3745 530 3784 Iol.
554 3748 640 3794 187,
677 3749 720 3783 ιο
737 3755 774 3783 r
792 3766 840 3775 --
860 3747 946 3793 187,
966 3750 987 3784 8
1006 3756 1087 3785 vso.
1107 3749 1232 3785 —De
1252 3759 1294 3786 re
1311 3750 1463 3786 constat
1481 3748 1652 3787 abunde.
1676 3749 1828 3786 Locum
1845 3757 1884 3784 n.
1907 3756 2009 3795 pone
2023 3746 2115 3784 ante
2141 3743 2210 3783 lib.
2237 3745 2330 3799 XL
2345 3753 2380 3781 c.
2402 3747 2447 3790 5,
2469 3741 2535 3781 ubi
2557 3741 2651 3780 item
2669 3740 2718 3779 de
2744 3742 2854 3780 Cati-

200 3803 279 3843 lina
300 3814 429 3843 sermo
450 3805 521 3843 est.
535 3807 634 3842 ·—-l.
653 3802 968 3854 κατάχρεως]
986 3804 1209 3855 κατάχρεων
1226 3805 1315 3845 cod.
1335 3831 1377 3837 —
1402 3812 1438 3845 2.
1458 3805 1631 3857 ὄχλον]
1648 3804 1772 3855 ὄχλων
1794 3802 1880 3842 cod.
1891 3827 1942 3835 --
1961 3808 1997 3842 3.
2015 3801 2163 3852 φασὶν
2184 3800 2284 3851 ὅτι]
2301 3800 2479 3849 supplevi
2511 3823 2562 3833 -
2578 3801 2613 3838 4
2617 3798 2859 3851 ἀνατάσεως]
2919 3801 2947 3866 ἰ
2995 3816 3008 3843 ,’

200 3861 451 3908 ἀναστάσεως
467 3861 555 3901 cod.
578 3863 671 3901 Mox
694 3872 764 3912 pro
786 3862 903 3901 αὖτου
925 3861 1059 3900 malim
1075 3863 1204 3909 αὐτῆς.
1227 3885 1274 3891 --
1296 3869 1330 3902 5.
1348 3877 1401 3903 κε
1411 3878 1437 3914 χ
1450 3878 1516 3915 αρ.
1542 3865 1562 3902 ὁ
1574 3877 1601 3913 μ
1613 3862 1678 3901 ιλ’
1670 3879 1681 3901 ι
1695 3860 1783 3911 ας]
1808 3861 2112 3911 Κεχαρισμέναις
2139 3858 2304 3909 ὁμιλίαις
2318 3857 2457 3897 codex.
