3016 4628
84 365 114 401 a
136 350 516 414 Κοσμολογικῶ
536 346 670 411 λόγῳ
687 347 875 391 fortasse
899 361 994 389 non
1011 345 1270 400 diversum,
1295 353 1363 389 at·

41 426 227 500 s‘inet’
257 424 368 468 falso
391 438 498 468 eum
520 421 715 481 Epigeni
739 419 880 462 tribui
904 424 1109 460 statuunt
1132 415 1364 473 Bentlejus

76 504 133 551 et
149 495 448 554 Nieberding.
465 510 513 554 p.
542 491 621 552 98.
647 491 830 536 Scilicet
853 489 969 548 Ep1
945 503 1107 532 renem
1131 488 1365 546 quendam

62 565 291 612 adt-amata
326 567 451 610 Ionis
470 564 715 624 explicasse
741 563 886 620 liquet
914 575 972 604 ex
995 561 1215 604 Athenaeo
1244 558 1363 620 (IX,

82 649 134 700 p.
157 635 265 692 468,
290 634 368 699 C).
396 637 532 682 Hunc
551 633 902 716 grammaticmn
925 631 1125 675 eundem
1142 646 1235 676 esse
1253 647 1365 675 cen-

82 717 183 756 sent
201 723 306 756 cum
328 707 555 767 Epigme,
582 706 663 764 qui
694 701 804 767 Περὶ
837 705 914 758 τῆς
937 699 1132 765 Ὀρφέως
1155 699 1367 757 ποιήσεως

54 773 308 839 scripsisse
331 778 516 835 dicitur3
535 777 594 821 ab
612 776 778 821 eodem
801 775 1004 834 denique
1029 775 1165 818 etiam
1187 775 1236 816 in
1253 774 1365 832 phi-

53 843 320 916 ,glosophica
343 850 469 899 Ionis
504 848 858 894 commentarios
895 848 1090 906 scriptos
1129 861 1247 901 esse,
1284 846 1365 904 qui

67 936 227 983 quum
239 938 332 967 una
345 937 452 966 cum
465 921 554 966 illis
570 919 994 979 circumferrentur,
1017 917 1150 962 facile
1162 919 1365 977 potuisse
1379 925 1382 928 ’

47 990 205 1076 fieri,
229 1002 280 1038 ut
308 987 525 1054 Τριαγμοί
546 991 695 1035 utrius
725 997 893 1045 essent,
931 988 1225 1033 dubitaretur
1269 986 1362 1049 (Cf.

47 1048 235 1112 ¹5¹⁵-tame11
271 1063 478 1112 Lobeck.
501 1063 732 1123 Aglaoph.
756 1077 806 1121 p.
833 1060 925 1114 340
949 1075 1019 1119 sq.
1034 1059 1067 1121 ).

145 1134 277 1184 Χίου
303 1132 488 1187 Κτίσις
527 1135 666 1179 semel
689 1133 937 1178 laudatur
925 1149 975 1176 1n
993 1133 1146 1192 Etym.
1182 1134 1247 1176 M.
1279 1131 1358 1188 (fr.

43 1245 45 1249 .
89 1208 199 1271 16).
222 1206 364 1270 Apud
385 1209 656 1253 Athenaeum
676 1205 734 1251 de
757 1205 925 1250 eodem
944 1205 1116 1264 scripto
1136 1205 1364 1248 excitatur

52 1289 59 1295 “
81 1275 185 1328 Ἴων
212 1279 256 1325 ἐν
279 1280 340 1342 τῷ
362 1276 462 1342 περὶ
496 1275 604 1325 Χίου
639 1277 725 1339 (fr.
761 1276 876 1339 15);
901 1277 1146 1321 Pausanias
1181 1277 1324 1320 habet
1347 1292 1358 1320 ε

57 1391 59 1395 .
82 1345 183 1400 Ἴων
207 1353 250 1399 ἐν
273 1353 327 1416 τῇ
353 1353 578 1414 συγγραφῇ
607 1349 693 1412 (fr.
732 1355 787 1403 14
803 1345 834 1411 ).
861 1351 1072 1394 Fortasse
1097 1364 1214 1408 opus
1242 1364 1363 1408 pro-

72 1427 249 1472 sarium
269 1434 430 1473 natum
456 1431 523 1468 est
541 1438 599 1468 ex
613 1422 816 1467 carmine
843 1419 994 1483 (sicuti
1010 1420 1259 1466 Simonidis
1276 1420 1362 1466 Σα-

80 1496 189 1560 μίων
210 1491 538 1560 ἄρχαιολογία).

148 1567 275 1616 Ὑπο
285 1565 539 1629 μνήματα
580 1581 643 1613 sc.
689 1560 886 1628 ἱστορικὰ
924 1579 980 1609 ex
1015 1579 1112 1608 uno
1149 1564 1364 1608 novimus

79 1642 319 1688 scholiasta
352 1641 489 1688 Arist.
514 1639 546 1683 l.
580 1639 612 1682 1.
637 1637 829 1682 Referre
863 1635 924 1681 ad
947 1651 1000 1680 ea
1022 1636 1152 1691 licet,
1181 1651 1284 1694 quae
1315 1637 1365 1679 in

83 1713 345 1775 fragmentis
365 1713 599 1771 leguntur,
632 1709 691 1754 de
710 1709 903 1754 Cimone
916 1726 933 1766 ,-
951 1709 1129 1752 Pericle
1141 1742 1154 1764 ,
1173 1709 1363 1753 Socrate

85 1784 164 1847 (fr.
193 1784 352 1844 4-9).
380 1784 483 1828 Alia
507 1782 565 1826 de
585 1781 818 1841 Sophocle
837 1780 1084 1824 Athenaeus
1105 1789 1265 1823 narrat
1299 1795 1357 1824 ex

13 1847 15 1853 ¹
84 1859 210 1903 Ionis
232 1855 292 1904 Ἔ
307 1854 397 1901 πιδ
406 1873 433 1910 η
447 1851 596 1915 μίαις
612 1889 625 1914 ,
657 1868 771 1912 quas
794 1853 933 1897 etiam
955 1853 1054 1896 aliis
1078 1851 1263 1896 duobus
1285 1853 1361 1896 10-

11 1925 13 1956 3
81 1930 144 1975 cis
165 1934 497 1975 commemorat
520 1924 600 1987 (fr.
642 1922 806 1986 1—3).
828 1925 991 1969 Nullus
1011 1924 1177 1968 dubito
1201 1940 1364 1968 verum

81 2003 275 2070 tetigisse
292 2001 342 2062 C.
364 1995 832 2059 Hermannum(1nd.
853 1998 978 2040 lectt.
1006 2004 1098 2040 aest.
1118 1996 1360 2057 Marburg.

7 2079 11 2086 “
86 2071 263 2134 1836),
303 2072 384 2131 qui
408 2066 733 2131 “Υπομνηματα
757 2056 1009 2113 scholiastae
1048 2082 1148 2111 non
1186 2067 1363 2112 diversa

74 2158 185 2189 esse
192 2152 344 2189 censet
367 2142 424 2187 ab
443 2137 745 2201 Ἐπιδημίαις,
771 2141 864 2184 sive
882 2140 1025 2183 totius
1048 2140 1202 2199 operis
1213 2139 1288 2184 hic
1302 2141 1365 2199 tif

75 2217 203 2261 tulus
224 2217 318 2260 sive
339 2216 484 2275 partis
505 2214 661 2258 fuerit.

74 2317 81 2323 ·
143 2291 215 2334 De
250 2295 522 2348 argumento
556 2282 883 2344 Ἐπιδημιῶν
917 2284 1150 2327 Bentleius
1179 2284 1213 2327 l.
1249 2284 1279 2330 l.
1312 2299 1361 2344 p.

81 2359 172 2418 507
203 2376 214 2404 :
248 2379 268 2400 «
307 2359 518 2419 Intellige
552 2357 612 2402 de
646 2356 851 2412 adventu
881 2355 1116 2400 clarorum
1151 2357 1365 2401 virorum

0 2461 3 2469 ·
63 2433 130 2476 -in
159 2432 350 2486 Chium,
373 2431 467 2474 sive
491 2429 550 2474 de
587 2429 642 2472 iis
669 2429 751 2487 qui
773 2428 823 2471 in
846 2427 961 2472 Chio
985 2428 1131 2472 insula
1155 2443 1367 2473 commo—

79 2505 167 2548 rati
204 2504 306 2548 sint.
341 2502 559 2547 Similiter
595 2516 648 2544 ac
682 2500 874 2544 Polemo
912 2499 1086 2544 librum
1117 2500 1264 2545 edidit
1293 2504 1364 2547 De

81 2575 399 2636 Eratosthenis
423 2573 627 2617 adventu
648 2572 866 2617 AthenaS.
897 2590 916 2611 »
946 2598 1011 2607 -—
1035 2573 1213 2616 Titulus
1237 2589 1364 2632 ope-

37 2671 40 2674 ·
79 2648 142 2691 ris
157 2647 419 2691 Polemonis
444 2654 509 2690 est
536 2661 547 2688 :
572 2641 682 2705 Περὶ
704 2644 781 2698 τῆς
797 2639 1002 2699 Ἀθήνησι
1035 2641 1366 2707 Ἐρατοσθένους

81 2715 332 2778 ἐπιδημίας,
350 2719 380 2761 i.
402 2732 444 2761 e.
470 2717 528 2760 de
547 2715 864 2760 Eratosthenis
879 2712 1043 2778 (quan
1058 2716 1095 2759 is
1113 2731 1196 2775 per
1221 2732 1365 2776 opera

81 2806 161 2835 sua
179 2786 442 2851 profitetur)
463 2788 658 2833 Athenis
673 2791 1040 2842 commoratione,
1069 2797 1122 2831 ut
1143 2798 1269 2833 recte
1294 2804 1366 2833 ex·

81 2864 220 2923 plicat
238 2863 465 2908 Prellerus
484 2861 543 2906 ad
565 2861 741 2905 Polem.
767 2875 815 2919 p.
843 2858 922 2903 85.
959 2861 1063 2904 Jam
1090 2861 1253 2904 sicum
1276 2862 1366 2906 hoc

83 2950 226 2994 opere
266 2934 386 2978 liber
428 2934 555 2979 Ionis
601 2931 951 2991 componendus
987 2941 1078 2987 est,
1121 2933 1367 2978 Athenaeus

83 3008 331 3066 genuinam
357 3006 481 3050 tituli
510 3004 762 3048 formulam
796 3004 847 3046 in
867 3004 1054 3048 brevius
1087 3007 1386 3050 contraxisse

75 3078 231 3122 *videri
254 3077 458 3124 deberet.
481 3078 598 3121 Nam
616 3076 700 3121 ubi
721 3075 778 3120 de
800 3091 940 3135 opere
958 3077 1226 3135 simpliciter
1244 3075 1367 3124 Ἐπι-

45 3139 49 3142 '
72 3146 236 3210 ’δημίαι
259 3151 478 3209 inscripto
501 3165 652 3194 sermo
678 3157 766 3205 est,
792 3164 931 3192 nemo
950 3149 1008 3193 de
1033 3150 1132 3193 aliis
1153 3164 1206 3195 ac
1223 3151 1366 3210 ipsius

54 3272 61 3276 ,
86 3222 287 3277 auctoris
309 3219 553 3281 ἐπιδημίαις
572 3221 862 3281 cogitaverit.
889 3223 956 3265 Ac
988 3222 1068 3265 vix
1090 3222 1153 3266 ita
1180 3223 1364 3267 statuis-

48 3295 49 3298 ’
86 3301 154 3337 set
175 3293 430 3349 Bentleius,
446 3294 533 3337 nisi
556 3293 864 3353 fragmentum
883 3293 941 3336 ab
965 3293 1188 3338 Athenaeo
1209 3309 1366 3339 serva—

30 3415 39 3423 &
71 3371 186 3408 .tu.m
206 3365 278 3408 his
306 3365 532 3424 inciperet
561 3365 714 3408 verbis
741 3380 752 3408 t
792 3363 1008 3428 Σοφοκλεῖ
1043 3366 1104 3428 τῷ
1139 3367 1296 3428 ποιητῇ
1323 3365 1366 3412 ἐν

84 3433 187 3499 ,Χίῳ
208 3433 466 3492 συνήντησα.
482 3437 573 3482 Sed
591 3437 687 3480 haec
699 3436 878 3480 fallacia
896 3445 1019 3492 sunt,
1040 3452 1184 3496 quum
1204 3454 1260 3482 ex
1276 3454 1368 3483 me-

88 3505 166 3567 dia
199 3509 489 3565 narratione,
534 3524 675 3567 quam
713 3507 772 3552 de
813 3508 1061 3567 Sophoclis
1097 3509 1286 3570 ingenio
1323 3520 1368 3555 et

87 3577 294 3623 moribus
314 3580 404 3626 Ion
425 3580 642 3635 instituit,
670 3579 947 3638 deprompta
970 3594 1063 3624 esse
1084 3582 1277 3639 possint.

119 3680 121 3683 -
150 3649 469 3711 Nieberdingii
509 3652 733 3696 sententia
776 3649 846 3712 (p.
885 3651 961 3708 76.
990 3651 1074 3712 79)
1118 3653 1215 3696 haec
1251 3663 1318 3697 est
1352 3669 1362 3697 :

92 3737 117 3760 ιι
143 3720 296 3777 Quum
316 3722 405 3766 Ion
421 3722 675 3780 plurimum
698 3723 839 3767 aetatis
861 3738 950 3766 suae
973 3724 1164 3767 Athenis
1177 3725 1367 3783 aliisque

57 3819 63 3827 ε
87 3790 270 3836 Graecioe
292 3793 405 3837 locis
423 3796 750 3854 consumserit,
777 3803 822 3838 et
843 3810 987 3854 quum
1008 3805 1233 3855 praeterea
1250 3798 1367 3841 alius

86 3861 293 3920 ejusdem
322 3865 440 3908 liber
473 3866 759 3910 inscribatur
783 3865 1254 3927 Συνεκδημητικός
1282 3867 1366 3928 (fr.

94 3934 194 3997 10),
220 3931 314 3995 >qui
352 3947 419 3984 est
453 3953 641 3998 prorsus
665 3940 922 3983 contrarius
945 3944 1038 3991 ταῖς
1064 3937 1368 3999 Ἐπιδημίαις,

71 4022 186 4051 vnon
209 4009 460 4054 absurdum
478 4011 696 4070 equidem
717 4011 866 4055 videri
889 4012 1034 4070 possit
1049 4045 1060 4066 ,
1083 4012 1119 4055 si
1141 4013 1242 4070 quis
1265 4013 1368 4055 titu-

90 4071 185 4116 lum
208 4073 269 4117 ita
292 4075 516 4133 explicet,
541 4077 660 4119 utin
682 4077 773 4119 hoc
797 4076 920 4119 libro
941 4085 1152 4120 enarrata
1177 4076 1366 4131 fuerint,

89 4157 192 4202 quae
215 4146 318 4188 Ioni
339 4146 467 4190 domi
491 4148 522 4190 i.
551 4162 592 4194 e.
630 4148 679 4191 in
713 4148 858 4191 insula
894 4148 1009 4194 Chio
1034 4150 1269 4193 evenerint
1294 4149 1365 4192 vel

79 4234 99 4252 U

1229 236 1338 283 10N
1374 234 1579 283 emus.
2478 222 2489 224 “
2658 246 2718 288 ..ς

1440 342 1752 386 animadversa
1780 342 1950 386 suerint
1971 354 2229 388 memoratu
2246 345 2382 404 digna
2400 381 2410 401 ,
2440 350 2485 391 in
2506 348 2722 405 Συνεκδη·

1441 413 1611 476 μητικῷ
1648 428 1761 457 vero
1801 428 1878 469 ea,
1907 430 2008 472 quae
2040 424 2167 458 extra
2194 419 2384 474 patriam
2417 420 2609 476 viderit,
2637 437 2722 464 co—

1439 501 1536 530 mes
1554 486 1726 529 scilicet
1748 486 1882 529 amici
1904 488 2258 546 peregrinantis.
2292 509 2310 526 »

1506 558 1799 612 Hermanno,
1822 557 1898 599 cui
1932 557 2169 612 assentior,
2193 554 2450 616 Ἐπιδημίαι
2472 559 2726 620 significare

1440 628 1660 672 videntur
1705 629 2095 672 commorationes
2137 644 2252 687 quas
2301 631 2492 674 Athenis
2536 634 2726 697 aliisque

1442 702 1491 745 in
1528 700 1724 743 urbibus
1757 701 1846 743 Ion
1884 698 2005 743 fecit.
2041 699 2253 754 Eaedem,
2291 701 2328 743 si
2360 703 2555 759 patriam
2579 714 2725 762 poetae

1441 772 1718 831 respexeris,
1746 767 1965 830 ἐκδημίαι,
1998 780 2137 828 atque
2158 772 2295 826 liber,
2323 774 2404 830 qui
2428 773 2486 816 de
2509 774 2579 817 his
2597 784 2723 830 erat,

1443 842 1565 904 λόγος
1589 840 1873 901 ἐκδημητιίιός
1893 842 1986 885 dici
2017 851 2290 901 potuerunt,
2314 845 2469 900 Quare
2492 847 2645 889 nescio
2670 862 2728 890 an

1442 911 1806 975 συνεκδημητικός
1837 914 1977 958 fuerit
2015 915 2145 973 quasi
2179 916 2294 959 alter
2318 914 2624 976 ἐκδημητικός,
2654 920 2728 962 vel

1441 988 1613 1046 prioris
1651 986 1901 1046 appendix.
1944 987 2159 1030 Ceterum
2195 988 2258 1031 ita
2297 989 2592 1032 Hermannus
2620 991 2652 1033 l.
2696 992 2725 1037 }-.

1438 1074 1485 1118 p.
1512 1074 1541 1118 9
1567 1074 1577 1102 :
1609 1078 1627 1098 «
1653 1059 1827 1116 Quovis
1844 1059 2040 1118 pignore
2067 1058 2390 1102 contendimus
2411 1058 2648 1117 ἐπιδημιῶν
2667 1062 2727 1107 li-

1438 1131 1630 1177 brum...
1659 1146 1711 1174 ea
1739 1131 2040 1185 continuisse,
2067 1145 2169 1188 quae
2193 1131 2281 1174 Ion
2305 1130 2431 1189 apud
2453 1140 2632 1176 exteros
2655 1135 2729 1177 vi-

1439 1202 1576 1246 disset
1599 1211 1737 1260 atque
1762 1202 1976 1245 audiisset
1996 1203 2044 1244 in
2059 1203 2513 1261 peregrinationibus
2532 1205 2645 1259 suis,
2672 1206 2731 1249 de

1439 1274 1609 1333 quibus
1641 1272 1866 1333 ἐπιδημεῖν
1897 1274 2088 1318 solenne
2120 1274 2317 1318 verbum
2349 1283 2438 1330 est;
2465 1291 2573 1319 nam
2600 1278 2729 1335 quod

1438 1345 1535 1404 ejus
1576 1346 1685 1390 libri
1725 1345 2037 1405 fragmentum
2079 1355 2226 1389 exstat
2260 1345 2319 1390 de
2352 1361 2566 1391 sermone
2604 1350 2732 1393 Ionis

1439 1435 1546 1464 cum
1568 1418 1798 1479 Sophocle
1823 1418 1925 1462 Chii
1949 1418 2111 1462 habito
2127 1452 2139 1474 ‚
2166 1427 2322 1462 tamen
2352 1418 2411 1462 de
2434 1420 2623 1464 homine
2643 1423 2730 1465 At-

1438 1493 1532 1536 tico
1553 1492 1782 1550 loquitur,
1811 1489 1942 1548 cujus
1960 1491 2001 1534 ei
2018 1492 2244 1534 memoria
2264 1492 2402 1535 etiam
2419 1493 2466 1535 in
2487 1494 2578 1536 suis
2594 1494 2733 1552 ipsius

1437 1563 1680 1609 itineribus
1704 1562 2021 1607 describendis
2045 1578 2294 1607 occurrere
2327 1573 2529 1622 poterat.
2566 1566 2731 1609 Facilis

1447 1644 1602 1679 autem
1635 1634 1904 1693 conjectura
1930 1643 1996 1678 cst
2025 1635 2249 1694 sophistas
2276 1636 2453 1694 pariter
2472 1652 2524 1680 ac
2547 1646 2730 1695 poetas,

1440 1709 1521 1767 qui
1545 1709 1624 1752 illa
1647 1717 1778 1751 aetate
1801 1722 1887 1766 per
1910 1708 2174 1751 universam
2197 1708 2423 1753 Graeciam
2445 1709 2733 1768 vagabantur

1438 1780 1728 1837 multumque
1741 1779 1964 1837 temporis
1975 1779 2166 1823 Athenis
2180 1779 2478 1838 peragebant,
2494 1781 2529 1823 si
2544 1782 2732 1839 quando

1439 1851 1634 1895 domum
1666 1851 1928 1906 rediissent,
1973 1852 2281 1910 popularibus
2316 1853 2406 1896 suis
2438 1867 2537 1895 non
2582 1855 2728 1901 modo

1438 1938 1664 1979 narrasse,
1693 1938 1854 1967 verum
1880 1923 2117 1967 interdum
2134 1925 2272 1968 etiam
2285 1925 2455 1983 scripta
2473 1925 2727 1984 reliquisse,

1441 2010 1542 2053 quae
1566 1995 1624 2039 de
1647 1994 1918 2040 hominibus
1935 2010 2020 2054 per
2045 2004 2196 2049 totum
2213 1995 2378 2039 orbem
2394 1995 2578 2041 famosis
2595 2014 2729 2041 com-

1437 2068 1662 2126 perissent
1683 2075 1822 2126 atquc
1847 2068 1896 2110 in
1927 2069 2287 2111 commentarios
2308 2069 2593 2124 retulissent3
2622 2085 2734 2128 quas

1440 2140 1522 2183 etsi
1544 2140 1833 2183 narrationes
1855 2153 2037 2183 necesse
2055 2147 2152 2183 erat
2173 2155 2263 2198 pro
2287 2141 2576 2199 singulorum
2602 2143 2732 2202 inge-

1438 2211 1526 2255 niis
1550 2211 1750 2255 diversas
1778 2225 1895 2266 esse,
1934 2220 2092 2255 tamen
2127 2227 2342 2255 rumores
2363 2213 2520 2270 potius
2542 2214 2732 2272 populi·

1440 2297 1532 2341 que
1555 2283 1742 2327 fabellas
1767 2298 1906 2341 quam
1929 2298 2090 2326 veram
2127 2298 2285 2327 rerum
2308 2284 2582 2327 memoriam
2614 2301 2733 2343 pro--

1441 2354 1552 2399 dere
1574 2356 1776 2414 potuisse
1800 2363 2014 2414 apparet,
2051 2370 2205 2413 neque
2235 2356 2665 2415 exaggerationibus
2689 2367 2734 2402 et

1437 2427 1667 2485 portentis
1682 2460 1694 2481 ,
1718 2427 1869 2484 qualia
1883 2441 2079 2486 peregre
2103 2426 2352 2471 redeuntes
2365 2426 2540 2484 jactare
2557 2429 2729 2485 solent,

1440 2499 1635 2542 caruisse
1658 2499 1907 2542 verisimile
1931 2508 2010 2542 est.
2036 2518 2055 2538 ³>

1504 2572 1662 2615 Restat
1673 2579 1726 2614 ut
1736 2586 1994 2626 memorem
2007 2572 2278 2615 sententiam
2293 2573 2346 2616 F.
2363 2573 2534 2619 Ritteri
2551 2573 2727 2633 (Rhein.

1440 2641 1566 2687 Mus.
1601 2642 1739 2700 1843,
1762 2659 1811 2702 p.
1841 2642 2043 2703 187).-ls
2077 2644 2201 2687 enim
2237 2660 2382 2703 quum
2402 2661 2504 2704 quae
2535 2648 2592 2691 ab
2627 2649 2734 2690 uni·

1438 2730 1569 2759 versa
1591 2715 1687 2759 fere
1717 2717 1990 2774 antiquitate
2018 2715 2077 2759 de
2105 2716 2338 2774 Sophocle
2363 2720 2592 2781 στρατηγῷ
2620 2735 2729 2763 nar-

1439 2797 1618 2843 rantur,
1633 2803 1722 2847 pro
1738 2803 1860 2831 vano
1878 2797 2144 2832 commento
2158 2788 2344 2844 habeat,
2363 2791 2734 2835 molestissimum

1438 2860 1524 2918 ipsi
1545 2861 1672 2903 Ionis
1694 2861 2009 2903 testimonium
2031 2860 2094 2903 ita
2116 2870 2355 2917 removet,
2381 2870 2433 2905 ut
2458 2859 2734 2922 Ἐπιδημιῶν

1412 2967 1415 2969 .
1438 2931 1613 2975 librum
1639 2932 1993 2991 suppositicium
2018 2947 2109 2976 esse
2131 2940 2312 2979 statuat.
2343 2935 2629 2993 Argumenta
2661 2944 2733 2978 ta-

1439 3019 1549 3048 men
1570 3005 1660 3048 viri
1700 3004 1977 3060 doctissimi,
2013 3020 2114 3063 quae
2147 3007 2307 3064 paucis
2331 3007 2662 3065 comprehendi
2687 3009 2736 3050 in

1438 3085 1540 3120 not.
1571 3076 1631 3120 ad
1654 3076 1821 3136 fragm.
1855 3092 1874 3120 1
1894 3106 1924 3132 ,-
1944 3093 2041 3120 non
2069 3077 2297 3135 ejusmodi
2320 3093 2412 3122 esse
2436 3080 2550 3122 mihi
2570 3079 2727 3123 viden-

1444 3155 1537 3203 tur,
1563 3156 1616 3191 ut
1639 3149 1735 3191 vim
1751 3148 1953 3192 habeant
1976 3148 2306 3208 persuadendi.

1504 3221 1574 3264 De
1611 3219 1705 3264 fide
1735 3222 1861 3264 Ionis
1884 3230 1930 3264 et
1966 3222 2242 3265 auctoritate
2279 3237 2445 3265 vereor
2479 3237 2538 3266 ne
2576 3225 2734 3281 paullo

1438 3293 1639 3336 severius
1661 3294 1956 3337 Hermannus
1975 3292 2270 3351 judicaverit.
2297 3294 2431 3338 Certe
2467 3294 2735 3353 fragmentis

1440 3364 1557 3407 nihil
1595 3365 1712 3410 inest
1750 3365 1882 3424 quod
1920 3365 2091 3423 justam
2134 3366 2514 3424 reprehensionis
2555 3382 2735 3410 causam

1440 3436 1737 3495 suppeditare
1770 3438 1941 3496 possit,
1977 3439 2064 3482 nisi
2088 3437 2209 3482 forte
2243 3439 2426 3481 crimini
2459 3439 2733 3482 vertendum

1442 3522 1648 3563 censeas,
1691 3503 1832 3567 quod„
1850 3510 1941 3552 Ion
1963 3517 2015 3552 ut
2054 3510 2235 3553 Cimoni
2261 3509 2473 3553 addictus
2501 3508 2581 3569 (fr.
2610 3509 2655 3553 5.
2684 3511 2729 3554 6.

1446 3577 1526 3638 7),
1570 3580 1634 3623 sic
1673 3595 1699 3624 a
1738 3581 1915 3624 Pericle
1957 3581 2152 3624 alienior
2190 3581 2340 3625 suerit.
2374 3583 2428 3624 In
2466 3582 2546 3624 illo
2579 3582 2734 3625 laudat

1441 3665 1627 3694 morum
1645 3650 1985 3708 jucunditatem
2009 3653 2274 3712 ingeniique
2296 3652 2592 3696 dulcedinem
2607 3687 2619 3708 ‚
2639 3654 2732 3696 hu—

1447 3720 1520 3779 jus
1540 3731 1673 3766 notat
1695 3718 1770 3777 τὴν
1793 3721 2091 3786 μεγαλαυχίαν
2120 3721 2195 3768 καὶ
2217 3721 2295 3779 τὴν
2324 3725 2408 3768 τῶν
2435 3721 2576 3768 ἄλλων
2606 3741 2732 3785 περι-

1443 3789 1644 3856 φρόνησιν
1685 3793 1767 3855 (fr.
1807 3793 1833 3839 5
1878 3796 1985 3842 coll.
2024 3794 2096 3855 8).
2143 3797 2292 3853 Quam
2333 3795 2557 3838 sentiendi
2580 3796 2733 3837 ratio—

1440 3880 1549 3909 nem
1585 3865 1707 3910 ridet
1745 3868 1959 3911 Pericleae
2004 3869 2187 3911 virtutis
2230 3859 2386 3926 praeco
2431 3866 2719 3909 Plutarchus.

1443 3933 1556 3982 Ἀλλ’
1580 3931 1711 3984 Ἴωνα
1731 3935 1831 3998 μὲν,
1855 3940 2028 3997 inquit,
2056 3936 2202 4001 ὥσπερ
2222 3933 2429 4001 τραγικὴν
2450 3934 2729 3983 διδασκαλίαν

1443 4003 1640 4059 ἀξιοῦντα
1678 4005 1755 4063 τὴν
1793 4006 1948 4071 ἀρετὴν
1973 4006 2087 4071 ἔχειν
2122 4027 2163 4053 τι
2193 4007 2364 4059 πάντως
2391 4004 2464 4051 καὶ
2500 4003 2730 4067 σατυρικὸν

1443 4075 1569 4141 μέρος
1597 4079 1751 4139 ἐῶμεν.
1779 4082 1965 4124 Periclis
1989 4081 2152 4140 odium
2177 4081 2313 4124 etiam
2338 4093 2393 4123 ex
2417 4079 2470 4120 iis
2494 4078 2728 4135 explicare

1445 4152 1689 4209 potuisset,
1715 4168 1816 4210 quae
1841 4151 2301 4199 refertAtheuaeusX
2317 4184 2328 4206 ,
2349 4165 2396 4209 p-
2419 4148 2526 4206 436,
2546 4150 2580 4196 E
2605 4164 2614 4191 ε
2635 4146 2729 4194 Βοί-
