3016 4628
130 363 190 408 ita
221 364 260 407 ei
295 363 598 422 suppetiisset.
632 362 697 404 Ac
732 361 834 404 talia
871 360 1076 403 retulisse
1107 359 1379 418 Cratippum

157 436 316 480 uidem
335 437 533 479 libenter
556 433 811 478 crcdciem.
834 434 895 476 At
911 432 1052 487 hanc,
1077 447 1216 490 quam
1241 432 1383 475 veiba

131 509 312 571 agitare
337 506 572 561 videntur,
598 505 1029 564 interpretationem
1068 502 1260 560 rejicele
1297 518 1380 546 co-

102 574 105 590 ³
160 587 212 622 nt
257 593 358 636 quae
392 575 701 634 subjiciuntur
750 590 762 618 :
802 575 1040 618 orationes
1072 574 1379 633 Thucydidis,

76 642 317 708 ¹⁸Cratippo
343 647 794 707 judice‚lectoribus
823 647 1037 705 molestas
1058 660 1180 702 esse,
1207 648 1384 706 ipsum-

163 721 498 776 ehistoricum,
525 711 694 764 e'odem
724 701 947 776 Cratippo
965 727 1180 771 auctore,
1204 717 1251 760 id
1274 733 1380 775 per-

0 785 1 790 *
152 793 292 838 exisse
303 791 530 851 ideoque
519 808 567 835 m
578 801 816 850 postremo
828 789 950 832 libro
965 789 1112 832 nullas
1125 789 1384 832 exhibuisse

127 864 344 908 rationes.
366 865 530 922 Itaque
553 863 728 906 verba·
756 863 815 906 ὡν
846 856 1154 923 προνοούμενος
1175 869 1262 903 etc.
1290 860 1383 902 hoc

65 935 197 1030 ksihi
205 936 395 991 volunt,
422 945 661 979 auctorem
697 933 946 978 conciones
973 941 1019 976 et
1043 932 1279 990 colloquia
1303 947 1383 975 ce-

75 1078 265 1123 *scilicet
287 1094 403 1138 opus
429 1094 561 1122 suum
578 1077 851 1121 absolveret.
889 1075 980 1120 Sed
1008 1076 1110 1133 quis
1133 1075 1252 1118 hanc
1275 1089 1383 1117 sen-

94 1151 283 1194 tentiam
319 1151 391 1197 his
412 1151 566 1194 verbis
595 1149 784 1194 efferat?
809 1147 1140 1193 Confusionem
1160 1148 1236 1191 hic
1270 1147 1385 1190 mihi

92 1221 252 1267 videre
275 1223 454 1279 videor,
477 1230 578 1282 quae
597 1222 671 1266 vel
705 1222 802 1266 sola
835 1236 935 1279 quae
968 1220 1131 1264 lhetor
1153 1219 1293 1263 tradit
1318 1235 1386 1262 su-

55 1298 75 1375 ἑ
91 1303 248 1353 specta
270 1294 421 1339 faciat.
449 1296 545 1339 Nec
575 1309 744 1338 vereor
767 1309 826 1337 ne
859 1293 961 1352 quis
994 1292 1081 1335 sibi
1103 1291 1384 1351 persuadere

52 1354 317 1429 {patiatuffi
339 1381 501 1411 revera
529 1365 850 1424 Thucydidem
878 1363 936 1408 de
969 1363 1259 1407 orationibus
1295 1363 1386 1406 suis

36 1465 37 1469 =
52 1436 303 1487 delendis
327 1439 570 1498 cogitasse,
594 1453 741 1497 quum
773 1446 972 1492 veteres,
1004 1435 1162 1494 quoad
1193 1435 1386 1494 quidem

94 1580 315 1624 tulissent.
338 1582 406 1625 Ac
429 1583 464 1624 si
482 1582 585 1640 quis
603 1581 768 1636 nimia,
793 1595 933 1640 quam
955 1580 1168 1638 plerique
1191 1578 1249 1622 de
1269 1579 1385 1622 Dio-

45 1672 57 1707 Δς
92 1652 223 1712 nysio
247 1653 444 1709 habent,
477 1654 700 1712 opinione
732 1652 922 1707 ductus,
947 1653 1074 1695 hunc
1101 1667 1200 1695 non
1222 1651 1386 1695 falsum

42 1729 186 1777 ,Lbfesse
205 1725 481 1781 contendat,
507 1725 588 1769 sed
603 1726 653 1768 in
668 1726 890 1784 Cratippo
910 1740 1011 1783 quae
1032 1724 1176 1768 refert
1198 1725 1383 1786 legisse,

39 1796 363 1859 Cratippum
397 1813 484 1858 ego
521 1813 631 1841 vera
666 1797 928 1856 prodidisse
959 1812 1129 1857 negare
1167 1796 1381 1840 audeam.

37 1861 59 1918 {3
93 1869 184 1915 Sed
205 1871 286 1929 qui
305 1886 409 1929 quae
427 1870 485 1914 de
507 1871 734 1930 Dionysio
758 1870 883 1914 dicta
904 1878 1010 1914 sunt
1030 1869 1106 1930 (p.
1137 1867 1229 1913 255
1257 1885 1359 1928 sqq
1366 1869 1379 1931 )

35 1919 78 1984 2
93 1942 440 1998 animadvertit,
469 1959 576 1987 eum
597 1942 734 2000 hujus
768 1958 978 1986 errorem
997 1942 1180 1986 subesse
1199 1957 1383 1985 mecum

62 2015 462 2059 existimaturum
482 2015 763 2060 arbitror.»
806 2012 904 2078 (Cf.
927 2014 1100 2058 Idem'
1088 2030 1138 2058 m
1164 2015 1310 2060 Πηῖει
1307 2030 1385 2057 su-

92 2085 248 2146 chung
220 2103 305 2132 ‘ren
327 2089 464 2132 ueber
480 2089 524 2133 cl.
557 2088 667 2132 Leb.
686 2089 735 2131 d.
762 2087 965 2146 leucyd.
986 2103 1035 2146 p.
1062 2087 1148 2144 67,
1173 2102 1230 2143 77
1254 2087 1379 2149 sqq.)

42 2158 210 2203 Sane
212 2119 420 2218 &quidem
438 2161 645 2218 ineptam
663 2175 756 2204 esse
775 2160 835 2205 C1
838 2161 985 2219 atippi
1010 2160 1284 2203 sententiam
1304 2160 1382 2202 lu-

91 2229 356 2276 bentissime
392 2233 591 2293 largior3
632 2247 773 2291 quam
814 2232 1058 2290 quomodo
1098 2231 1156 2275 ab
1191 2240 1383 2276 auctore

99 2302 377 2360 Thucydidis
416 2320 564 2350 cooevo
596 2304 855 2364 profectam
890 2320 982 2349 esse
1011 2305 1258 2364 Dionysius
1291 2320 1382 2364 pro

91 2390 172 2420 sua
195 2376 256 2420 in‘
271 2377 342 2421 his
361 2378 500 2422 rebus
522 2378 707 2422 levitate
735 2377 890 2421 dicere
906 2378 1141 2437 potuerit,
1162 2392 1262 2420 non
1285 2379 1379 2421 mi—

93 2520 232 2566 detur
259 2538 270 2566 :
296 2523 436 2580 Quod
455 2525 506 2567 in
530 2524 681 2583 prima
709 2521 920 2567 Historiae
942 2532 1075 2582 parte
1099 2522 1384 2566 tractationis

92 2607 236 2652 genus
260 2594 553 2654 Thucydides
577 2594 878 2651 adhibuerat,
915 2594 964 2638 id
988 2595 1037 2637 in
1063 2603 1228 2637 octavo
1258 2593 1382 2636 libro

89 2680 282 2725 prorsus
303 2668 520 2727 reliquit,
545 2676 591 2711 et
613 2675 742 2712 certo
768 2667 961 2726 quidem
985 2667 1181 2710 consilio
1196 2700 1208 2721 ,
1236 2681 1380 2724 quum

94 2739 328 2784 orationes
361 2749 407 2784 et
442 2754 600 2783 rerum
639 2740 920 2799 expositioni
957 2738 1295 2798 impedimento
1339 2748 1385 2782 et

91 2812 305 2856 molestas
340 2812 594 2858 lectoribus
645 2827 739 2856 esse
781 2812 1079 2855 existimaret.
1125 2812 1228 2854 Jam
1267 2826 1382 2855 vero

94 2898 212 2943 opus
222 2885 394 2928 exstitit
405 2884 692 2929 multiforme
709 2893 755 2933 et
767 2885 1116 2927 inconcinnum.
1134 2883 1275 2940 Quod
1288 2898 1383 2926 sen-

93 2955 208 3000 tiens
224 2965 388 3001 auctor
407 2957 462 3016 (ὠ
427 2974 486 3001 ων
506 2952 814 3019 προνοούμενος
833 2954 953 3016 κτλ.)
977 2956 1039 2999 01)
1060 2955 1141 2998 id
1130 2971 1279 3014 lpsum
1295 2955 1382 2997 im-

62 3028 345 3088 .perfectam
369 3030 611 3074 historiam
646 3029 908 3087 reliquisse,
934 3030 963 3072 i.
994 3044 1036 3075 e.
1071 3043 1171 3071 non
1193 3028 1386 3071 ulterius

14 3108 55 3157 211¹
91 3101 364 3160 produxisse
396 3102 600 3146 videtur.
627 3128 692 3134 —
716 3100 788 3147 De
820 3100 1093 3160 Thucydide
1129 3101 1262 3159 operi
1299 3116 1383 3143 suo

92 3173 345 3219 immortuo
367 3176 611 3235 Cratippus
630 3190 729 3218 non
759 3175 905 3234 magis
938 3175 1212 3233 cogitaverit
1243 3189 1384 3231 quam

10 3259 61 3305 γ’·
92 3246 189 3306 ipse
211 3249 481 3307 Dionysius,
507 3248 588 3306 qui
612 3248 794 3291 crimini
823 3248 865 3290 ei
880 3248 1020 3290 vertit
1050 3246 1183 3305 quod
1206 3261 1304 3289 non
1325 3246 1386 3289 ad

93 3317 231 3364 finem
273 3335 419 3379 usque
461 3320 575 3364 belli
615 3320 997 3380 Peloponnesiaci
1046 3334 1103 3363 ex
1138 3320 1384 3378 proposito

93 3389 329 3437 historiam
357 3391 623 3444 deduxerit.

96 3525 310 3576 utrumque
339 3526 514 3566 instituti
533 3530 571 3567 et
594 3527 744 3566 consilii
770 3538 854 3567 esse
874 3538 1004 3578 neque
1029 3526 1195 3566 eandem
1225 3526 1385 3576 utrique

94 3588 177 3628 vim
198 3591 338 3630 inesse.
362 3591 470 3630 Alter
481 3592 586 3630 enim
598 3622 610 3641 ‚
627 3603 755 3642 quum
773 3601 918 3642 paucas
931 3591 1147 3630 admodum
1164 3602 1237 3630 nec
1253 3590 1384 3641 magni

27 3675 43 3700 ;,
97 3647 283 3695 ωοπιθιῖῐί
314 3667 376 3696 res
409 3657 631 3706 contineat,
660 3657 908 3697 orationibus
944 3657 1144 3706 abundat,
1182 3657 1224 3695 in
1258 3657 1382 3695 altero

41 3712 54 3742 ·’
95 3718 231 3759 multis
245 3719 474 3771 magnisque
493 3721 612 3761 rebus
626 3722 792 3770 referto,
825 3731 967 3771 magna
989 3722 1048 3760 est
1068 3720 1304 3759 concionum
1327 3720 1383 3759 in·

16 3783 28 3790 ’”
42 3787 50 3807 -”
97 3783 327 3835 Ιτοᾳιιοῐιῑίε.

26 3956 35 3966 ,⁷
145 3913 330 3952 Nonnulli
347 3913 399 3953 ibi
411 3913 684 3964 Thucydidem
702 3915 844 3954 obiisse
859 3914 996 3954 dicunt
1006 3945 1017 3963 ‚
1035 3914 1104 3953 uhi
1124 3914 1243 3953 etiam
1258 3913 1384 3953 vitam

59 4006 62 4012 .
97 3976 190 4015 exul
205 3976 415 4027 degebat...
439 3979 489 4017 At
507 3978 698 4028 Didymus
717 3989 810 4017 eum
826 3979 877 4018 ab
896 3979 1016 4018 exilio
1032 3989 1236 4017 reversum
1256 3979 1385 4016 morte

5 4042 8 4046 '
47 4059 53 4093 jv
97 4039 269 4080 violenta
288 4041 451 4081 Athenis
476 4042 619 4081 obiisse
643 4042 787 4090 tradit;
809 4043 886 4081 hoc
907 4043 1043 4081 autem
1065 4053 1088 4080 a
1110 4045 1264 4092 Zopyro
1298 4052 1384 4080 me-

98 4105 233 4144 moriae
247 4105 446 4154 proditum
463 4104 571 4145 dicit.
597 4105 853 4145 Athenienses
868 4106 972 4144 enim
990 4106 1078 4155 post
1094 4105 1246 4144 cladem
1264 4105 1304 4143 in
1321 4106 1383 4145 Si-

7 4179 11 4207 :
34 4184 47 4210 ¹:
99 4168 188 4208 cilia
205 4171 406 4220 acceptam
422 4170 606 4209 omnibus
626 4170 810 4209 exulibus
822 4200 833 4218 ,
850 4170 1024 4220 exceptis
1044 4170 1320 4218 Pisistratidis,
1343 4171 1382 4209 in

101 4232 264 4282 patriam
292 4232 478 4272 redeundi
508 4234 742 4283 potestatem
773 4234 1140 4284 permisisse;l1unc
1162 4235 1295 4272 autem
1322 4245 1383 4272 re-

56 1014 318 1294 [ῑενονυῐη
344 1022 535 1066 quoque
565 1006 796 1049 librorum
828 1005 984 1052 delere
1027 1004 1249 1058 voluisse,
1288 1010 1398 1061 quo·

48 1491 79 1567 i.
92 1507 307 1553 libertate
345 1509 639 1563 fruebantur,
677 1509 759 1553 has
790 1509 848 1552 ab
886 1508 1089 1552 historiis
1121 1507 1275 1551 abesse
1308 1506 1413 1550 vix«

91 2463 201 2504 ror3
227 2464 391 2493 verum
418 2465 574 2494 sensus
591 2450 687 2494 loci
721 2451 921 2509 appositi
939 2451 1016 2493 hic
1046 2465 1140 2494 esse
1160 2449 1274 2492 mihi
1306 2449 1382 2491 vi-
1405 2467 1410 2472 ·

93 255 111 323 ι
309 242 312 246 ’
1202 250 1619 298 FRAGMENTA.

2685 263 2743 304 ⁷7

2082 390 2126 436 3.

1524 500 1780 543 Marcellin.
1819 500 1910 544 Vit.
1952 500 2099 544 Thuc.
2140 502 2169 561 5
2209 502 2300 554 46:
2329 504 2384 548 Οι
2415 502 2490 563 μὲν
2516 510 2585 550 οὖν
2616 508 2741 553 αὐτὸν

1458 571 1546 616 ἐκεῖ
1567 569 1760 632 λέγουσιν
1786 571 2016 616 ἀποθανεῖν
2041 570 2139 616 ἔνθα
2163 571 2236 617 καὶ
2263 572 2445 630 διέτριίε
2474 594 2528 638 qm
2533 576 2607 637 γὰς
2632 578 2704 625 ὤν

1458 635 1646 694 Δίδυμος
1670 633 1705 680 δ’
1734 635 1776 679 ἐν
1807 633 2044 692 Αθήναις
2022 635 2107 681 απὸ
2141 655 2217 693 της
2247 640 2381 700 φυγῆς
2408 639 2582 686 ἐλθόντα
2622 617 2747 708 βιαίιρ

1456 705 1648 753 θανάτω·
1673 725 1798 752 τουτο
1838 706 1882 752 δέ
1920 726 2026 771 φησι
2054 706 2273 794 Ζώπυρον
2298 711 2458 772 ἴστορε
2443 728 2493 756 tv·
2537 732 2632 766 τους
2666 715 2749 779 γὰρ

1458 778 1702 835 Ἀθηναίους
1739 778 1918 825 κάθοδον
1944 780 2175 827 δεδωκέναι
2204 783 2291 834 τοῖς
2315 781 2476 845 φυγάσι
2515 783 2627 841 πλὴν
2663 806 2747 832 των

1458 853 1828 927 Πεισιστρατιδῶν
1848 851 1957 913 μετὰ
1970 851 2047 909 τὴν
2059 858 2194 917 ἡτταν
2213 852 2289 910 τὴν
2305 855 2347 899 ἐν
2367 854 2569 901 Σικελία·
2588 856 2749 913 ἥκοντα

1457 928 1528 971 οὖν
1558 922 1684 970 αὐτὸν
1711 925 1939 970 ἀποθανειν
1971 924 2069 988 βία,
2106 944 2179 971 και
2204 930 2378 984 τεθῆναι
2409 929 2452 973 ἐν
2477 930 2564 981 τοῖς
2594 932 2751 991 Κιμω-

1456 995 1581 1048 νείοις
1607 995 1844 1058 μνήμασιν.
1860 995 1962 1044 Καὶ
1981 997 2320 1060 καταγινώσκειν
2342 998 2585 1056 εὖηθειαν”
2562 1019 2642 1065 εφη
2668 1022 2750 1049 των

1456 1068 1712 1131 νομιζόντων
1739 1068 1866 1115 αὐτὸν
1903 1068 2020 1123 ἐκτὸς
2043 1070 2119 1131 μὲν
2157 1071 2534 1130 τετελευτηκέναι,
2569 1074 2638 1120 ἐπὶ
2672 1079 2751 1138 γῆς

1459 1140 1502 1187 δὲ
1522 1145 1599 1198 τῆς
1625 1140 2081 1207 Ἀττικῆςτεθάφθαι·
2107 1140 2135 1199 ἢ
2159 1141 2244 1207 γὰρ
2268 1143 2345 1189 οὐκ
2375 1141 2424 1189 ἂν
2449 1143 2571 1202 ἐτέθη
2601 1147 2644 1192 ἐν
2667 1154 2753 1200 τοῖς

1458 1211 1674 1279 πατρῴοις
1698 1211 1947 1274 μνήμασιν,
1972 1212 2000 1270 ἢ
2036 1213 2220 1272 κλέὸδην
2255 1213 2387 1268 τεθεὶς
2418 1217 2493 1262 οὐκ
2527 1214 2575 1262 ἂν
2602 1216 2752 1281 ἔτυχεν

1459 1283 1554 1332 οὔτε
1581 1283 1739 1343 στήλης
1759 1284 1855 1332 οὔτε
1876 1285 2230 1351 ἐπιγράμματος,
2257 1287 2284 1345 ἣ
2314 1290 2375 1352 τῷ
2397 1287 2520 1354 τάφῳ
2549 1309 2754 1352 προσκει-

1460 1356 1567 1419 μένη
1603 1362 1677 1405 τοῦ
1718 1359 1998 1424 συγγραφέως
2036 1358 2188 1422 μηνύει
2224 1358 2435 1421 τοῦνομα·
2473 1361 2585 1407 ἀλλὰ
2625 1364 2753 1420 δῆλον

1459 1428 1523 1476 ὅτι
1555 1430 1733 1484 κάθοδος
1766 1429 1888 1490 ἐδόθη
1923 1438 2011 1485 τοῖς
2045 1431 2299 1497 φεύγουσιν,
2334 1434 2391 1486 ὡς
2415 1433 2487 1480 καὶ
2514 1434 2757 1499 Φιλόχορος

1456 1501 1572 1564 λέγει
1618 1504 1692 1550 καὶ
1735 1502 1984 1569 Δημήτριος
2030 1505 2074 1550 ἐν
2121 1506 2207 1558 τοῖς
2257 1502 2506 1568 Ἄρχουσιν.
2550 1506 2667 1568 Ἐγὼ
2712 1506 2756 1553 δὲ

1459 1573 1671 1640 Ζώπυρον
1711 1576 1857 1640 ληρεῖν
1901 1576 2059 1639 νομίζω
2100 1575 2279 1639 λε’γοντα
2323 1582 2472 1624 τοῦτον
2517 1579 2559 1624 ἐν
2599 1578 2755 1645 Θρᾴκῃ

1459 1648 1834 1706 τετετλευτηκέναι
1850 1686 1863 1708 ,
1906 1647 1986 1695 κᾶν
2031 1647 2254 1706 ἀληθεύειν
2291 1648 2443 1715 νομίζῃ
2495 1649 2755 1714 Κράτιππος

1494 1723 1507 1738 ,
1554 1720 1565 1736 ι

1461 1740 1605 1768 αυτον.
1971 1760 1976 1766 ,

1524 1793 1651 1842 Μετὰ
1675 1792 1752 1850 τὴν
1773 1786 1910 1851 ἧτταν
1933 1792 2011 1851 τὴν
2032 1796 2074 1841 ἓν
2097 1792 2312 1859 Σικελίᾳ]
2340 1796 2573 1840 Alcibiadi
2598 1806 2643 1841 et
2660 1799 2758 1841 aliis

1458 1870 1695 1913 nonnullis
1718 1869 1931 1913 exulibus
1954 1869 2134 1913 reditus
2150 1870 2398 1928 permissus
2416 1878 2481 1913 est
2505 1871 2576 1916 Ol.
2598 1886 2678 1928 92,
2705 1887 2722 1914 1
2741 1888 2754 1925 ;

1458 1957 1499 1986 a.
1539 1943 1589 1988 C.
1629 1947 1722 1995 [412
1759 1941 1997 2003 (Thucyd.
2021 1943 2153 1998 VIII,
2179 1941 2286 2004 97).
2315 1942 2406 1986 Sed
2424 1943 2515 1986 hoc
2541 1943 2600 1986 ad
2621 1944 2758 1986 Thu—

1458 2014 1676 2074 cydidem
1699 2015 1815 2058 nihil
1830 2016 2051 2074 pertinet.
2078 2017 2144 2059 Ut
2167 2015 2226 2059 ad
2251 2031 2415 2058 verum
2436 2031 2508 2059 res
2528 2017 2752 2070 trahatur,

1457 2087 1652 2148 intelligi
1669 2087 1811 2132 debet
1831 2085 2072 2148 ἀμνηστεία
2086 2097 2194 2147 post
2218 2088 2399 2132 cladem
2420 2088 2480 2132 ad
2503 2090 2645 2148 AEgos
2667 2105 2755 2148 po—

1457 2169 1633 2204 tamum
1668 2170 1807 2219 atque
1842 2176 2010 2220 pacem
2045 2176 2152 2204 cum
2185 2160 2551 2205 Lacedaemoniis
2589 2162 2754 2206 factam

1457 2248 1687 2280 concessa.
1712 2234 1876 2292 Neque
1900 2242 2056 2277 tamen
2077 2242 2195 2292 puto
2219 2248 2319 2277 rem
2343 2235 2624 2279 notissimam
2647 2250 2754 2277 cum

1456 2305 1544 2348 alia
1568 2305 1843 2349 obscuriore
1867 2304 2105 2348 confusam
2131 2319 2224 2349 esse
2248 2319 2259 2348 :
2287 2306 2382 2348 imo
2409 2307 2569 2349 statuit
2589 2309 2747 2365 Zopy-

1456 2392 1534 2420 rus
1572 2386 1726 2421 morte
1770 2377 2051 2436 impeditum
2088 2377 2413 2436 Thucydidem
2461 2394 2579 2437 opus
2619 2395 2753 2422 suum

1457 2465 1556 2493 non
1589 2450 1858 2506 absolvisse3
1881 2450 1974 2494 hoc
1997 2465 2111 2494 vero
2145 2465 2463 2509 quumusque
2496 2451 2556 2494 ad
2581 2466 2754 2494 annum

1459 2520 1546 2565 311
1577 2537 1619 2566 a.
1647 2522 1697 2567 C.
1723 2522 2006 2578 deductum,
2033 2522 2327 2581 Thncydides
2350 2532 2503 2566 autem
2528 2524 2577 2566 in
2599 2524 2754 2568 reditu

1457 2595 1634 2638 occisus
1667 2596 1746 2650 sit,
1772 2594 2002 2638 redeundi
2026 2595 2293 2639 facultatem
2315 2596 2357 2638 ei
2382 2595 2537 2639 datam
2559 2611 2652 2639 esse
2673 2596 2755 2640 de-

1457 2677 1586 2710 creto
1608 2668 1716 2711 anni
1747 2672 1858 2719 412.

1524 2736 1598 2784 Ἐν
1622 2737 1810 2803 Θράκῃ]
1835 2739 1876 2783 ἐν
1896 2737 2068 2802 Ἀττικῇ
2089 2741 2256 2799 reponi
2275 2740 2442 2783 volunt
2454 2741 2620 2799 Poppo
2638 2743 2754 2784 Pro-

1456 2813 1577 2872 legg.
1599 2829 1649 2871 p.
1674 2813 1750 2868 31,
1771 2822 1816 2857 et
1832 2813 2050 2857 Ambros.
2067 2815 2121 2857 F.
2148 2813 2309 2858 Didot.
2335 2811 2566 2872 (Thucyd.
2586 2823 2696 2859 tom.
2714 2817 2753 2870 I,

1456 2901 1505 2944 p.
1524 2885 1810 2943 CXXXVI),
1825 2886 2058 2944 probante
2074 2886 2292 2944 Kriigero
2316 2883 2448 2944 (Leb.
2467 2886 2514 2927 d.
2545 2885 2751 2943 Thucy-d.

1456 2973 1506 3016 p.
1456 2955 1647 3016 p56);
1675 2958 1900 3002 Goellerus
1918 2958 2032 3000 alius
2052 2957 2256 3000 auctoris
2279 2972 2453 3000 nomen
2476 2957 2525 2999 in
2549 2954 2753 3018 Ζώπυρος

1459 3038 1735 3088 corruptum
1758 3045 1850 3074 esse
1877 3031 2058 3084 statuit3
2094 3029 2226 3088 quod
2254 3029 2359 3087 jure
2383 3031 2561 3088 respuit
2586 3032 2752 3089 Poppo

1457 3102 1506 3144 in
1524 3102 1780 3146 Addendis.
1805 3103 2019 3147 Grauert.
2047 3103 2136 3162 leg.
2163 3112 2316 3146 censet
2338 3102 2390 3146 οὐ
2424 3099 2621 3161 λέγοντα.
2655 3105 2755 3146 Lo-

1459 3189 1565 3218 cum
1595 3174 1830 3233 quendam
1859 3176 2021 3219 Atticae
2050 3174 2119 3235 (v,
2150 3191 2191 3218 c.
2216 3174 2259 3218 ἓν
2285 3174 2490 3237 Θορικῷ)
2518 3191 2754 3219 memora-

1459 3255 1558 3290 tum
1583 3262 1675 3291 esse
1701 3248 1957 3306 suspicetur
1981 3249 2111 3291 alius.
2137 3247 2228 3291 Sed
2249 3247 2307 3291 de
2330 3248 2399 3290 his
2423 3263 2481 3290 ne
2498 3249 2751 3307 litigemus;

1459 3335 1561 3377 quae
1585 3321 1807 3363 sententia
1832 3336 1925 3364 esse
1943 3320 2132 3376 debeat,
2155 3321 2243 3363 nisi
2265 3321 2402 3379 plura
2422 3320 2610 3364 fortasse
2630 3323 2753 3364 exci-

1460 3391 1656 3448 derunt,
1678 3393 1727 3436 in
1745 3394 2002 3452 propatulo
2027 3402 2109 3436 est.

1459 3537 1619 3566 versum
1636 3527 1809 3566 violenta
1825 3529 1954 3566 morte
1967 3527 2169 3566 sublatum
2183 3528 2275 3566 etin
2288 3527 2476 3567 Cimoniis
2490 3528 2754 3566 monumentfs

1458 3592 1679 3641 sepultum3
1699 3593 1795 3642 quin
1826 3592 1945 3631 etiam
1963 3594 2018 3630 ait
2045 3592 2205 3631 illorum
2231 3592 2525 3642 simplicitatem
2554 3603 2578 3631 a
2600 3595 2752 3641 Zopyro

1457 3655 1648 3705 derideri,
1665 3658 1734 3706 qui
1754 3656 2024 3706 Thucydidem
2044 3666 2205 3706 peregre
2227 3656 2388 3706 quidem
2412 3656 2573 3703 abiisse,
2593 3656 2753 3694 Athenis

1457 3730 1552 3758 vcro
1569 3721 1769 3770 sepultum
1786 3721 1905 3759 fuisse
1919 3722 2060 3770 putent
2080 3737 2088 3759 :
2109 3722 2196 3759 tum
2220 3721 2327 3759 enim
2346 3721 2387 3758 in
2414 3721 2578 3769 paterno
2605 3730 2750 3756 monu-

1457 3785 1593 3822 mento
1616 3785 1687 3822 aut
1708 3795 1788 3822 non
1812 3784 1948 3823 fuisset
1977 3785 2153 3834 positus,
2178 3785 2247 3822 aut
2277 3784 2380 3822 clam
2411 3783 2561 3832 positus
2587 3792 2658 3820 nec
2681 3793 2753 3820 co·

1457 3848 1637 3886 lumnam
1671 3847 1838 3898 adeptus
1867 3850 1989 3897 esset,
2027 3859 2156 3898 neque
2176 3894 2179 3897 ς
2197 3846 2490 3896 inscriptionem
2526 3862 2536 3885 :
2571 3846 2612 3883 at
2644 3846 2749 3884 enim

1457 3909 1644 3948 columna
1659 3910 1781 3959 ipsius
1795 3911 1978 3960 sepulcro
1994 3910 2180 3960 imposito
2199 3919 2343 3948 nomen
2363 3909 2563 3958 scriptoris
2582 3907 2747 3945 indicat.

1457 3978 1609 4015 Verum
1622 3974 1722 4014 illud
1738 3977 1913 4024 constat,
1931 3975 2116 4015 exulibus
2130 3975 2170 4014 in
2189 3974 2357 4024 patriam
2375 3972 2559 4011 redeundi
2576 3973 2748 4020 potesta-

1457 4041 1538 4078 tem
1562 4039 1679 4078 fuisse
1699 4040 1868 4088 saetam,
1890 4041 1935 4078 ut
1951 4041 1991 4078 et
2006 4039 2264 4078 Philochorus
2285 4038 2449 4075 testatur
2467 4038 2506 4074 et
2527 4035 2749 4073 Demetrius

1459 4105 1671 4143 Phalereus
1686 4104 1726 4142 in
1743 4104 1843 4142 libro
1860 4107 1918 4143 De
1935 4102 2191 4142 archontibus
2210 4100 2525 4140 Atheniensibus.
2559 4101 2636 4147 Ego
2652 4110 2746 4137 vero

1458 4172 1654 4218 Zopyrum
1672 4168 1811 4217 nugari
1838 4170 1956 4217 puto,
1988 4167 2055 4216 qui
2076 4165 2346 4214 Thucydidem
2378 4162 2489 4213 [non]
2518 4162 2556 4199 in
2580 4162 2747 4203 Thracia

1457 4233 1599 4271 obiisse
1613 4233 1717 4271 (licat
1738 4249 1745 4271 :
1767 4233 1856 4271 licet
1874 4232 2085 4281 Cratippus
2098 4241 2188 4268 eum
2207 4239 2299 4267 vere
2315 4228 2490 4266 locutum
2511 4230 2681 4265 censeat.
