3016 4628
122 743 342 803 Gorgiam
389 738 671 784 Leontinum
705 752 732 782 a
760 737 994 782 Clemente
1027 735 1346 780 Alexandrino

56 813 269 886 ἱστορικόν
303 811 527 872 appellari
556 824 696 869 supra
723 809 924 853 vidimus
949 811 1018 868 (Ρ.
1046 807 1149 868 2o);
1172 807 1348 851 ibidem

55 887 273 949 suspicati
294 898 449 930 sumus
469 882 732 927 Eudemum
750 882 961 936 Parium,
985 881 1065 939 qui
1092 895 1198 924 cum
1221 880 1346 924 Gor-

51 963 137 1028 gia
160 958 470 1017 componitur,
493 970 591 998 non
610 954 843 998 diversum
873 967 966 996 esse
998 952 1055 995 ab
1071 953 1235 995 Eueno
1267 965 1347 994 50-

43 1031 224 1097 iphista.
250 1031 461 1087 Uterque
484 1026 859 1085 Amelesagoram
879 1025 1139 1069 Atticarum
1162 1023 1345 1067 fabula—

44 1108 166 1152 'rum
187 1109 480 1147 narratorem
498 1098 718 1157 expilasse
739 1096 924 1140 dicitur.
949 1096 1090 1153 Quod
1110 1095 1171 1139 ad
1194 1095 1346 1139 decla-

43 1170 286 1224 ›mationes
320 1179 527 1232 spectare
563 1169 767 1224 videtul,
805 1168 964 1227 quales
1001 1175 1132 1211 erant
1166 1167 1348 1226 Gorgiae

39 1242 50 1265 ¹
61 1244 288 1308 Ἀπολογία
308 1241 414 1307 υπὲρ
432 1238 726 1301 Παλαμήδους
742 1250 788 1285 et
799 1236 977 1297 Ἑλένης
995 1236 1222 1300 ἐγκώμιον.
1237 1239 1349 1282 Aliae

24 1371 25 1375 Ἰ
49 1334 89 1368 a
102 1320 274 1379 Gorgia
298 1317 530 1362 orationes
544 1314 716 1357 habitae
739 1322 865 1368 sunt,
892 1313 1060 1371 quibus
1075 1325 1183 1354 vere
1202 1311 1349 1354 histo-

56 1394 210 1439 ricum
247 1397 572 1451 argumentum
611 1387 799 1431 suberat
844 1401 855 1428 2
899 1382 1037 1445 Λόγον
1080 1380 1348 1442 Ὀλυμπικὸν

59 1464 185 1520 dico,
196 1460 332 1524 Λόγον
351 1456 682 1523 ἕπιτάςριον,1160
695 1473 794 1502 non
805 1454 1048 1518 Ἐγκώμιον
1066 1455 1123 1508 εἷς
1139 1452 1347 1507 Ἠλείους.

62 1536 206 1600 (Vide
236 1535 361 1580 Geel.
387 1534 502 1577 Hist.
529 1532 630 1576 crit.
665 1531 866 1590 Sophist.
894 1531 945 1573 in
973 1530 1098 1573 Actis
1129 1530 1247 1574 Nov.
1272 1544 1349 1572 so-

59 1610 169 1656 ciet.
190 1603 514 1662 Rheno-Traj.
544 1602 683 1658 1823,
706 1605 778 1659 ΙΙ,
804 1618 854 1664 p.
885 1602 963 1657 31,
986 1603 1111 1646 Foss.
1135 1603 1205 1645 De
1225 1601 1350 1646 Gor—

59 1683 154 1744 gia,
173 1680 300 1725 Halae
337 1673 502 1738 1828.)
535 1675 756 1733 Ejusdem
772 1675 831 1719 de
853 1675 1047 1719 Homeri
1063 1688 1233 1734 genere
1250 1688 1350 1717 sen-

59 1754 252 1799 tentiam
263 1751 461 1796 servavit
475 1751 654 1793 Auctor
670 1749 757 1794 Vit.
776 1749 916 1793 Hom.
932 1747 1086 1791 Iriart.
1103 1745 1164 1806 (v.
1185 1745 1349 1805 fragm.

43 1826 284 1873 >Damasus
349 1819 389 1885 );
416 1822 511 1880 ejus
532 1820 591 1864 de
616 1820 841 1880 tragoedia
860 1819 1092 1878 judicium
1109 1818 1254 1874 habes
1277 1833 1350 1878 ap.

62 1897 375 1943 Plutarch.De
391 1894 510 1954 glor.
526 1893 696 1937 Athen.
708 1907 758 1951 p.
777 1891 888 1945 348.
912 1893 1061 1935 Porro
1081 1892 1131 1934 in
1150 1891 1353 1935 Cimonis

47 1954 164 2017 'vita
183 1967 454 2014 Plutarchus
477 1981 518 2012 c.
546 1980 602 2008 10
625 1980 635 2009 :
661 1962 842 2027 Γοργίας
865 1966 887 2010 6
911 1966 1133 2015 Λεοντῖνος
1156 1961 1261 2027 φησὶ
1279 1961 1349 2008 τὸν

39 2054 46 2062 ·
65 2039 250 2103 Κίμωνα
271 2037 327 2086 τὰ·
346 2036 556 2103 χρήματα
580 2039 765 2083 κτᾶσθαι
789 2038 847 2089 ὡς
870 2033 946 2098 μὲν
969 2038 1137 2100 χρῷτο,
1163 2038 1351 2099 χρῆσθαι

64 2110 110 2160 δὲ
131 2114 188 2166 ὣς
206 2114 388 2177 τιμῷτο.
411 2114 585 2157 Verum
608 2109 833 2168 ejusmodi
847 2125 920 2154 res
933 2111 1094 2169 quavis
1111 2111 1352 2154 occasione

62 2186 264 2247 proferri
299 2192 581 2245 potuerunt,
605 2197 760 2242 neque
789 2183 937 2227 ullum
972 2182 1173 2238 librum,
1212 2197 1353 2240 quem

60 2259 338 2304 historicum
361 2258 515 2302 dicere
538 2257 698 2311 liceat,
727 2270 751 2298 a
789 2255 965 2314 Gorgia
997 2255 1223 2313 scriptum
1257 2269 1351 2298 esse

0 2318 5 2397 μ’
64 2333 340 2392 accepimus.
367 2330 502 2374 Idem
536 2330 660 2373 valet
683 2328 741 2372 de
763 2326 971 2372 Prodico
1007 2323 1059 2389 (⁴²)
1101 2336 1146 2371 et
1183 2328 1350 2371 Prota-

0 2402 2 2459 Ι
63 2403 284 2469 gora(**).
298 2405 450 2461 Atque
466 2401 657 2445 omnino
677 2401 906 2444 triumviri
918 2399 1085 2442 veteris
1097 2398 1353 2456 sophisticae

0 2461 3 2536 ξ
61 2477 321 2537 principes,
360 2484 415 2518 ut
444 2474 693 2534 propiores
726 2472 957 2531 sapientiae
980 2471 1340 2530 philosophicae,

0 2550 1 2556 ’
57 2549 128 2593 ‘sic
153 2547 211 2591 ab
245 2547 477 2591 historicis
499 2544 726 2589 doctrinis
750 2544 994 2588 alieniores
1025 2541 1162 2586 fuisse
1184 2541 1353 2586 viden-

37 2673 40 2676 ,
65 2629 158 2669 tur.
192 2622 390 2664 Horum
398 2627 551 2663 autem
584 2630 866 2661 successores
890 2630 1037 2673 quum
1058 2614 1250 2657 humani
1274 2629 1356 2674 ge-

59 2693 188 2736 neris
212 2691 474 2750 disciplinas
500 2690 556 2734 ad
582 2704 726 2732 unam
747 2703 907 2731 omnes
932 2688 1212 2746 attingerent
1234 2695 1279 2730 et
1302 2687 1355 2728 in

65 2780 172 2809 usus
186 2780 290 2808 suos
309 2771 633 2808 converterent
645 2795 657 2817 ‚
682 2776 789 2805 cum
809 2760 1075 2818 eloquentia
1092 2759 1230 2802 etiam
1248 2773 1355 2802 eru-

67 2836 290 2881 ditionem
299 2835 565 2879 historicam
574 2834 752 2883 ,sociare
762 2846 1053 2890 summopere
1063 2830 1354 2875 studuerunt.

67 2911 196 2954 Inter
223 2924 301 2953 eos
325 2909 495 2952 eminet
530 2906 727 2966 Hippias
758 2906 914 2960 Eleus,
941 2904 1252 2963 sophistarum
1286 2904 1355 2947 uti

119 3049 169 3101 (*)
198 3049 356 3089 Aristot.
384 3048 503 3088 Rhet.
526 3050 584 3097 11,
607 3053 653 3086 23
678 3062 687 3086 :
710 3046 838 3090 Ἄλλος
863 3044 1026 3095 (τόπος)
1056 3044 1133 3083 ἀπὸ
1161 3048 1229 3083 τοῦ
1267 3044 1354 3084 ὀνό-

69 3121 236 3159 ματος...
255 3109 307 3152 ὡς
331 3107 467 3146 Κόνων
487 3105 760 3156 Θρασύὸουλον
774 3103 1035 3155 θρασόὸουλον
1047 3131 1058 3149 ,
1074 3103 1141 3140 καὶ
1160 3102 1208 3141 Ἡ
1220 3102 1352 3153 ρόδι-

69 3178 150 3210 stoc
166 3165 440 3216 Θρασύμαχον,
457 3164 514 3203 ἀεὶ
529 3163 775 3214 θρασύμαχος
792 3162 848 3210 εἷ,
866 3162 932 3200 καὶ
954 3162 1091 3200 Πῶλον
1103 3190 1114 3209 ,
1130 3159 1187 3198 ἀεὶ
1205 3160 1253 3199 σὺ
1269 3165 1354 3200 πῶ-

69 3223 133 3269 λος
151 3219 200 3262 εἶ.
214 3221 278 3262 Λᾶ·
295 3222 381 3262 haec
395 3222 525 3262 Schol.
544 3223 565 3260 6
581 3222 622 3260 δὲ
639 3221 837 3272 Ἡρόδικος
859 3219 1057 3265 Ἀθηναῖος
1074 3220 1121 3258 ἱσ
1131 3232 1152 3257 τ
1162 3232 1182 3256 ο
1194 3232 1213 3269 ρ
1224 3233 1235 3257 ι
1245 3219 1300 3257 κό
1312 3234 1328 3265 ς
1338 3250 1346 3260 .

69 3281 123 3321 At
146 3280 197 3321 de
216 3280 446 3320 Atheniense
461 3282 510 3319 Η.
528 3279 625 3318 nihil
645 3279 815 3318 constat.
837 3279 882 3316 In
902 3276 1036 3327 aprico
1051 3278 1112 3316 est
1137 3277 1353 3326 sophistam

68 3337 256 3388 intelligi,
274 3337 337 3376 vel
355 3336 591 3376 Herodicum
610 3335 948 3386 Selymbrianum‚
964 3333 1163 3372 medicum
1181 3334 1356 3384 artisque

70 3396 325 3447 gymnasticae
343 3395 573 3446 magistrum
597 3395 732 3445 (Plato
755 3393 915 3433 Phaedr.
945 3402 984 3442 p.
1016 3396 1106 3442 227,
1128 3395 1174 3439 D,
1196 3395 1352 3443 Protag.

71 3457 161 3502 ³16,
180 3456 225 3503 E,
243 3455 338 3502 Rep.
358 3455 432 3492 406
448 3456 495 3502 A,
515 3463 551 3491 ν.
570 3452 682 3492 Geel.
699 3452 726 3490 l.
741 3451 794 3500 l.;
813 3453 859 3490 G.
879 3452 1095 3489 Hermann.
1118 3449 1171 3488 ad
1187 3450 1352 3489 Lucian.

71 3513 130 3552 De
149 3518 299 3551 conscr.
323 3510 424 3554 hist.⁷
441 3521 476 3550 c.
500 3515 570 3558 35,
588 3521 627 3560 p.
657 3513 746 3549 267.
784 3509 896 3548 Alius
923 3507 1165 3556 Herodicus‚
1199 3507 1353 3557 Gorgiae

70 3569 204 3618 frater,
233 3569 476 3608 memoratur
499 3567 652 3608 Platoni
678 3567 719 3606 in
746 3570 864 3616 Gorg.
898 3577 937 3616 p.
969 3569 1058 3615 448,
1092 3567 1136 3604 Β.
1152 3565 1182 3614 );
1200 3566 1263 3604 vel
1284 3576 1355 3615 pro

71 3625 264 3678 Ἡρόδικος
279 3626 531 3667 scribendum
547 3628 582 3666 Π
593 3639 612 3676 ρ
622 3626 642 3665 ό
653 3626 694 3664 δι
706 3640 727 3664 κ
739 3639 760 3664 ο
771 3639 786 3670 ς
800 3655 811 3673 ,
828 3625 886 3663 11ῑί
905 3625 1038 3663 censet
1058 3623 1235 3673 Spengel.
1260 3626 1352 3662 Συν-

72 3695 137 3734 αγ.
168 3697 280 3736 τεχν.
313 3694 353 3734 p.
379 3687 427 3724 94
440 3714 451 3734 ,
483 3683 720 3724 assentiente
746 3683 935 3723 Welkero
974 3682 1014 3720 in
1057 3680 1199 3720 Rlzce'n.
1239 3683 1352 3721 Mus.

73 3741 171 3781 tom.
197 3743 239 3791 1,
263 3753 301 3792 p.
334 3747 406 3784 563
440 3753 504 3793 sq.
530 3745 732 3792 Frequens
757 3741 900 3780 horum
921 3739 1129 3781 nominum
1160 3740 1352 3779 confusio.

74 3798 134 3839 Oi.
163 3799 292 3839 Welk.
309 3798 416 3850 cycl.
438 3810 476 3850 p.
491 3806 579 3840 255.

125 3854 196 3907 (**)
224 3857 535 3898 commentarios
565 3856 774 3898 historicos
795 3855 1112 3907 (Memoe'rische
1130 3854 1353 3905 Arbeiten)

74 3923 100 3953 a
116 3915 328 3964 Protagora
341 3915 578 3965 compositos
592 3926 676 3955 esse
692 3916 807 3965 putat
826 3915 1015 3955 Roscher.
1037 3913 1155 3963 (Clio
1169 3923 1207 3961 p.
1230 3912 1327 3963 29'4)
1342 3943 1352 3962 ,

74 3970 233 4011 laudato
250 3972 458 4013 Plutarcho
474 3973 675 4013 consolat.
695 3972 746 4012 ad
763 3973 945 4022 Apollon.
966 3983 1002 4010 c.
1018 3976 1082 4020 33,
1098 3969 1167 4009 ubi
1183 3971 1243 4008 est
1260 3973 1354 4009 Pro-

73 4030 220 4080 tagorae
245 4029 357 4070 locus
371 4030 420 4070 de
433 4030 555 4071 animi
577 4031 799 4070 constantia
825 4033 865 4070 et
879 4029 1090 4069 altitudine
1116 4038 1241 4077 quam
1261 4029 1351 4077 post

74 4086 236 4127 amissos
250 4086 351 4127 filios
367 4088 534 4128 Pericles
547 4088 775 4128 ostenderit.
795 4087 873 4127 Sed
894 4088 980 4127 haec
995 4084 1276 4136 percommode
1295 4096 1356 4125 re-

75 4144 401 4184 ferasadlibrum
421 4147 513 4197 Περὶ
545 4146 688 4197 ἀρετῶν
709 4145 845 4195 (Diog.
879 4148 924 4184 1..
953 4147 1036 4194 lX,
1064 4149 1121 4183 51.
1149 4142 1259 4183 Geel.
1278 4143 1306 4182 l.
1325 4143 1352 4183 l.

75 4211 117 4252 p.
141 4201 238 4251 84),
255 4201 295 4241 in
319 4213 399 4252 quo
417 4205 612 4253 praecepta
633 4204 824 4253 exemplis
853 4202 1109 4252 philosophus
1132 4200 1354 4240 illustrave-

77 4257 142 4300 rit.
169 4257 264 4299 Aliis
280 4259 396 4299 rebus
414 4259 610 4301 historicis
625 4260 756 4299 locum
773 4259 881 4299 dedit
897 4259 995 4298 liber
1013 4260 1103 4310 Περὶ
1119 4257 1326 4303 πολιτείας.

842 323 1387 436 HIPPIAS
1459 329 1929 436 ELEUS.

1426 736 1846 796 arrogantissimus,
1871 736 1934 780 sic
1960 735 2093 779 facile
2116 735 2407 782 doctissimus
2435 754 2445 781 ε
2474 737 2609 799 σωρὸν
2639 740 2712 786 καὶ

1423 806 1554 868 ἐσμὸν
1572 805 1722 870 σοφίας
1736 807 1849 852 dicit
1866 809 2141 852 Themistius
2154 810 2234 853 Or.
2252 811 2420 854 XXIX
2435 826 2503 870 ,p.
2524 811 2634 867 345,
2649 816 2709 857 D.

1490 880 1652 926 Suidas
1678 896 1690 924 ι
1729 877 1930 940 Ἱππίας,
1966 878 2235 937 Διοπείθους,
2279 879 2472 942 Ἠλεῖος,
2513 883 2716 947 σοφιστὴς

1423 950 1497 998 καὶ
1522 950 1778 1016 φιλόσοφος,
1806 950 2003 1012 μαθητὴς
2036 950 2367 1014 Ἤγησιδάμου,
2393 951 2437 1006 ὃς
2460 953 2579 1007 τέλος
2614 954 2717 1019 ὡρί-

1424 1025 1517 1079 ζετο
1539 1021 1616 1080 τὴν
1638 1022 1912 1089 αὐτάρκειαν.
1936 1021 2139 1088 Ἔγραψε
2163 1023 2322 1073 πολλά.

1489 1098 1614 1143 Geel.
1640 1099 1671 1143 l.
1693 1098 1725 1141 l.
1753 1114 1799 1158 p.
1830 1098 1915 1143 181
1950 1114 1960 1143 :
1989 1118 2008 1138 «ι
2024 1100 2096 1143 De
2121 1096 2299 1158 Hippiae
2324 1107 2454 1143 aetate
2473 1100 2590 1143 nihil
2616 1115 2717 1144 am-

1421 1171 1544 1230 plius
1582 1169 1813 1215 affirmare
1846 1171 1982 1227 licet,
2021 1172 2109 1214 nisi
2145 1186 2254 1214 eum
2291 1170 2427 1214 fuisse
2462 1172 2719 1232 Protagora

1423 1244 1572 1286 multo
1585 1242 1822 1300 juniorem
1848 1240 1901 1304 (*)
1933 1243 2055 1287 :hoc
2080 1244 2178 1303 ipse
2197 1252 2391 1287 testatur
2408 1243 2534 1303 apud
2557 1245 2717 1288 Plato-
2785 1258 2792 1266 ·

1424 1329 1532 1357 116111
1550 1315 1692 1374 ΗίΡΡ.
1719 1315 1827 1372 maj.
1849 1330 1896 1374 p.
1927 1314 2008 1374 96,
2038 1315 2088 1360 C.
2120 1315 2262 1360 suida
2285 1324 2421 1370 teste,
2448 1317 2497 1358 in
2519 1312 2719 1372 Ἱππίας,

1425 1386 1603 1430 audivit
1626 1387 1985 1448 Hegesidemum
2005 1384 2084 1449 (**)
2099 1422 2111 1443 ,
2135 1387 2194 1432 de
2219 1403 2314 1446 quo
2338 1388 2510 1431 horum
2532 1398 2717 1447 tempo-

1425 1473 1531 1502 rum
1549 1460 1835 1519 philosopho
1859 1460 1934 1503 vel
1957 1460 2159 1519 sophista
2176 1494 2188 1515 ,
2231 1475 2318 1503 nos
2342 1475 2401 1504 ne
2435 1459 2578 1504 fando
2612 1462 2719 1519 qui-

1427 1529 1535 1575 dem
1559 1532 1844 1589 audivimus,
1871 1547 1984 1577 vero
2010 1532 2158 1576 simile
2183 1531 2375 1590 quidem
2400 1541 2465 1575 est
2482 1565 2494 1587 ,
2523 1547 2628 1575 cum
2652 1533 2722 1576 sui

1426 1605 1680 1663 aequalibus
1701 1605 1915 1664 sophistis
1931 1612 2162 1649 versatum
2181 1619 2297 1659 csse,
2322 1604 2597 1663 quibuscum
2616 1621 2723 1650 sane

1428 1677 1688 1722 divertebat
1715 1677 1844 1737 apud
1878 1677 2068 1722 Calliam
2091 1677 2448 1732 Atheniensem;
2481 1677 2576 1722 vid.
2601 1679 2719 1722 Plat.

1427 1751 1615 1810 Protag.
1636 1766 1686 1811 p.
1717 1749 1825 1810 195,
1851 1751 1907 1794 E.
1934 1748 2232 1795 Credendum
2265 1758 2331 1792 est
2362 1764 2469 1793 eum
2501 1750 2723 1794 musicam

1428 1837 1454 1866 a
1474 1823 1679 1882 Lampro
1693 1858 1706 1883 ,
1731 1823 2016 1876 rhetoricam
2037 1821 2095 1864 ab
2121 1821 2412 1879 Antiphonte
2435 1822 2722 1865 Rhamnusio

1428 1893 1640 1939 didicisse
1677 1910 1689 1939 ε
1724 1895 1971 1939 Athenaeus
2000 1895 2122 1938 enim
2165 1891 2265 1953 (X,
2291 1909 2338 1952 p.
2380 1891 2497 1949 506,
2530 1893 2617 1954 F),
2645 1891 2723 1940 'Ev

1429 1963 1473 2012 δὲ
1493 1967 1554 2029 τῷ
1579 1963 1824 2029 Μενεξένῳ,
1846 1967 2020 2025 inquit,
2050 1965 2097 2010 οὗ
2121 1963 2248 2025 μόνον
2274 1966 2296 2010 6
2314 1963 2490 2017 Ἱππίας
2515 1964 2723 2016 ὃἨλεῖος

1427 2037 1715 2101 χλευάζεται,
1742 2036 1854 2084 ἀλλὰ
1884 2036 1959 2083 καὶ
1983 2039 2005 2083 6
2034 2035 2321 2096 εΡαμνούσιος
2358 2035 2562 2102 Ἀντιφῶν
2595 2036 2668 2083 καὶ
2701 2040 2723 2083 6

1430 2108 1632 2171 μουσικὸς
1666 2109 1895 2174 Λάμπρος.
1933 2111 1992 2157 Ι11
2027 2111 2232 2155 Platonis
2266 2119 2420 2154 autem
2463 2111 2724 2156 Menexeno

1429 2185 1611 2243 Hippiae
1643 2199 1818 2227 nomen
1850 2198 2080 2242 nusquam
2119 2184 2349 2238 occurrit;
2390 2182 2471 2227 sed
2516 2184 2727 2227 Socrates

1428 2257 1674 2300 rhetorum
1710 2255 2002 2300 laudationes
2043 2257 2371 2314 orationesque
2409 2255 2628 2299 funebres
2649 2257 2724 2299 vi-

1431 2327 1567 2384 dens,
1594 2343 1641 2372 se
1670 2328 1752 2372 has
1775 2328 1913 2371 etiam
1936 2327 2087 2371 facere
2116 2342 2250 2386 posse
2282 2328 2525 2392 gloriatur,
2550 2329 2726 2388 quippe

1429 2401 1652 2444 musicam
1668 2399 1888 2444 edoctum
1900 2414 1926 2443 a
1939 2400 2121 2454 Conno,
2134 2400 2415 2443 rhetoricam
2428 2400 2486 2443 ab
2505 2398 2723 2459 Aspasia:

1431 2469 1561 2518 Οὕτω
1587 2468 1663 2532 μὲν
1693 2473 1764 2517 οὖν
1799 2468 2057 2544 τρεφόμενον
2080 2469 2211 2533 ἄνδρα
2242 2470 2420 2532 (inquit
2441 2487 2488 2559 p.
2516 2473 2629 2529 236,
2656 2472 2722 2535 A)

1431 2541 1523 2590 οὐδὲ
1526 2562 1546 2588 ν
1566 2541 1812 2605 θαυμαστὸν
1828 2541 1960 2588 δεινὸν
1979 2546 2087 2588 εἶναι
2102 2540 2152 2587 λε’
2134 2560 2257 2604 εγειν·
2273 2541 2385 2587 ἀλλὰ
2397 2561 2471 2588 και
2485 2541 2638 2596 ὅστις’
2619 2562 2723 2604 εμου

1430 2614 1582 2662 κάκιον
1604 2614 1858 2673 ἐπαιδεύθη,
1882 2613 2091 2676 μουσικὴν
2115 2613 2191 2674 μὲν
2213 2613 2295 2660 ὑπὸ
2314 2614 2530 2679 Λάμπρου
2554 2618 2728 2663 παιδευ-

1433 2687 1541 2746 θεὶς,
1567 2687 1796 2753 ῥητορικὴν
1831 2686 1874 2733 δὲ
1901 2687 1973 2733 ὑπ’
1999 2687 2274 2752 Ἀντιφῶντος
2309 2692 2382 2734 τοῦ
2408 2687 2728 2750 Ῥαμνουσίου,

1431 2759 1546 2823 ὅμως
1569 2760 1646 2808 κᾶν
1673 2754 1794 2814 οὗτος
1819 2753 1955 2807 οἷόστ’
1980 2760 2044 2817 εἴη
2072 2759 2308 2817 Ἀθηναίοις
2345 2762 2530 2806 ἐπαινῶν
2559 2762 2728 2808 εὐδοκι-

1433 2840 1547 2895 μεῖν.
1571 2835 1748 2893 Quodsi
1769 2835 2015 2878 Athenaeus
2039 2842 2133 2877 tam
2160 2842 2288 2878 certo
2323 2835 2480 2890 scivit,
2508 2836 2728 2894 Hippiam

1431 2923 1458 2952 a
1480 2909 1673 2952 Platone
1698 2908 1834 2952 tacite
1852 2906 2112 2967 designari,
2138 2921 2321 2950 necesse
2345 2915 2412 2950 est
2435 2908 2625 2951 aliunde
2660 2908 2728 2951 illi

1430 2982 1688 3024 innotuerit
1702 3015 1713 3036 ,
1733 2981 1820 3023 hos
1837 2988 2148 3038 praeceptores
2167 2980 2386 3038 Hippiam
2407 2980 2636 3026 habuisse.

1503 3073 1522 3093 «
1550 3054 1702 3097 Minus
1733 3052 2003 3110 frequenter
2025 3052 2217 3095 Athenis
2256 3052 2650 3107 commorabatur,
2678 3052 2727 3094 in

1432 3142 1572 3185 quam
1594 3126 1762 3170 urbem
1783 3140 1829 3169 se
1848 3139 1958 3168 raro
1980 3125 2142 3168 venire
2166 3125 2374 3180 simulat,
2395 3133 2594 3183 propter
2618 3122 2725 3167 infi-

1430 3201 1581 3243 nitum
1631 3199 1917 3258 legationum
1968 3196 2297 3241 obeundarum
2342 3197 2571 3241 laborem.
2618 3195 2724 3242 Vid.

1431 3273 1576 3330 Hipp.
1605 3270 1714 3327 maj.
1739 3286 1786 3329 p.
1809 3267 1964 3329 95,D;
1985 3269 2271 3327 Xenophon.
2290 3269 2431 3314 Mem.
2455 3270 2532 3323 IV,
2560 3274 2585 3320 4
2609 3283 2619 3311 :
2641 3265 2725 3313 Διὰ

1428 3343 1582 3405 χρόνον
1609 3339 1863 3405 ἀφικόμενος
1885 3341 1908 3385 ὁ
1940 3337 2115 3391 Ἱππίας
2140 3338 2343 3395 Ἀθήναζε
2367 3337 2626 3402 παρεγένετο
2661 3340 2725 3401 τῷ

1431 3412 1673 3477 Σωκράτει.
1713 3417 1879 3472 Itaque
1911 3422 2091 3456 veteres
2121 3414 2346 3472 sophistas
2378 3429 2464 3472 per
2501 3414 2725 3458 Graeciam

1431 3489 1827 3545 circumvagantes
1849 3492 2046 3528 sectatus
2066 3485 2121 3527 sit
2134 3518 2146 3538 ,
2165 3494 2244 3528 aut
2268 3485 2382 3528 alios
2402 3486 2539 3528 etiam
2557 3485 2723 3528 artium

1429 3561 1697 3619 magistrOS,
1729 3557 1826 3615 jam
1867 3566 1966 3600 tum
2004 3558 2053 3599 in
2093 3558 2260 3614 quovis
2291 3572 2459 3617 genere
2499 3559 2720 3608 orientes,

1428 3632 1676 3691 diligenter
1696 3629 1949 3690 audiverit,
1965 3645 1989 3673 e
2011 3645 2215 3687 quorum
2235 3631 2547 3685 institutione,
2576 3644 2721 3687 quum

1486 3799 1537 3850 (*)
1565 3801 1677 3838 Uxor
1704 3798 1859 3848 Hippiae
1881 3798 1959 3837 suit
1982 3798 2196 3848 Plathane,
2215 3810 2267 3839 ex
2283 3810 2411 3849 eaque
2431 3801 2512 3837 tres
2528 3800 2718 3847 genuerat

1431 3857 1554 3905 filios,
1573 3867 1748 3906 quorum
1771 3858 1868 3895 natu
1892 3857 2083 3895 minimus
2107 3857 2323 3906 Aphareus.
2349 3859 2467 3895 Hunc
2492 3854 2717 3903 adoptavit,

1432 3914 1729 3963 Plathanenque
1748 3914 1910 3953 viduam
1940 3915 2228 3962 Isocratesjam
2255 3924 2376 3953 senex
2401 3922 2565 3950 uxorem
2586 3911 2718 3960 duxit,

1429 3973 1531 4011 teste
1549 3971 1751 4011 Plutarch.
1777 3974 1875 4011 Dec.
1899 3973 2012 4011 Orat.
2035 3973 2112 4020 lv,
2144 3970 2181 4020 §.
2215 3974 2279 4018 41,
2305 3981 2345 4019 p.
2373 3975 2468 4008 1022
2486 3968 2552 4008 ed.
2581 3967 2712 4007 Didot.

1432 4029 1514 4079 (cf.
1532 4030 1830 4069 Waetermann.
1854 4029 1996 4068 Gesch.
2020 4028 2064 4068 d.
2093 4039 2157 4077 qr.
2182 4027 2351 4067 Bereds.
2374 4025 2398 4075 §
2423 4029 2493 4072 48,
2512 4024 2575 4074 8.)
2593 4025 2718 4073 igitur

1437 4087 1598 4137 Hippias
1615 4086 1778 4125 Platone
1793 4087 1922 4126 multo
1939 4086 2141 4135 antiquior
2164 4096 2248 4124 esse
2264 4095 2345 4122 non
2362 4082 2507 4132 potuit.

1486 4144 1558 4195 (**)
1587 4144 1913 4195 Heqesidemum
1930 4144 2127 4194 quendam
2149 4142 2366 4191 Cythnium
2382 4139 2513 4179 laudat
2535 4139 2633 4179 Plin.
2663 4145 2711 4179 R.

1435 4205 1483 4242 N.
1506 4204 1584 4251 IX,
1605 4206 1644 4250 8,
1658 4201 1708 4242 de
1732 4201 1972 4252 Delphinum
1995 4212 2087 4251 erga
2104 4200 2283 4239 homines
2301 4208 2448 4238 amore.
2477 4196 2621 4236 Eadem
2638 4201 2708 4237 So.

1430 4260 1499 4300 lin.
1518 4270 1554 4298 c.
1583 4264 1640 4298 18.
