3016 4628
6 186 13 426 Ι
64 268 66 272 ’
1102 300 1362 348 ANDRON
1398 299 1718 349 aenesius

0 431 11 469 ‚a
28 458 31 470 2
98 434 254 464 nonne
266 417 426 462 melius
438 410 698 477 Συγγενειῶν
713 410 891 455 auctori
907 410 1124 453 convenit
1141 424 1378 469 argumen-

0 475 32 540 ’ἶῖ
100 499 199 535 tum
217 489 546 549 antiquarium,
564 482 693 545 quod
705 490 964 528 accuratam
978 481 1254 528 familiarum
1267 496 1379 541 gen·

0 566 9 592 f
99 558 307 621 tiumque
319 560 634 620 cognitionem
649 556 734 601 sibi
752 554 980 614 postulat?
995 555 1116 598 Num
1139 554 1380 613 Philippus

99 635 177 679 ille
198 633 336 679 fuerit
356 646 439 676 rex
463 628 771 676 Macedonum
805 641 864 670 an
884 627 1000 669 alius
1025 626 1245 685 quilibet,
1282 641 1380 669 non

0 721 3 742 ¹
99 705 328 751 discerno.
374 705 662 762 Quamquam
706 713 805 742 non
841 698 904 742 ita
949 698 1100 741 multo
1140 697 1379 756 juniorem

98 776 232 821 fuisse
247 783 482 821 auctorem
494 780 703 818 nostrum
714 770 971 829 suspiceris,
988 770 1163 828 quippe
1179 769 1261 828 qui
1275 769 1379 812 ubi-

0 897 2 907 ,
99 863 191 910 que
207 848 304 894 fere
318 862 424 892 cum
446 844 674 890 historicis
702 842 1053 901 antiquissimis,
1080 841 1348 901 Pherecyde
1365 875 1378 898 ,

0 911 1 922 ¹
45 916 47 918 ¹
99 921 361 974 Hellanico‚
386 917 636 963 Herodoro
652 950 665 972 ,
685 914 1024 974 Xenophonte,
1053 922 1379 973 componatur.

97 991 190 1038 Sed
213 991 326 1035 nihil
359 1004 412 1034 ea
440 1004 491 1034 re
515 988 765 1034 dirimitur.
790 989 885 1032 Nec
908 987 1170 1046 quidquam
1199 987 1381 1045 liquere

97 1061 298 1116 videtur,
332 1061 418 1103 nisi
447 1059 651 1118 antiquis
681 1059 876 1104 Homeri
918 1057 1252 1118 interpretibus
1275 1072 1382 1101 eum

94 1133 227 1178 fuisse
244 1133 579 1178 vestustiorem.
594 1133 805 1191 Namque
823 1132 1084 1175 Eustathius
1107 1130 1168 1175 ad
1188 1131 1382 1174 Homeri

93 1204 223 1251 Iliad.
255 1204 344 1265 (sr.
373 1203 435 1266 9)
462 1203 739 1248 Andronem
774 1204 1048 1248 historicum
1070 1210 1381 1247 memoratum

93 1276 269 1322 invenit
292 1275 335 1322 ἐν
359 1282 444 1328 τοῖς
473 1274 675 1327 παλαιοῖς
690 1309 702 1331 ,
730 1276 762 1321 i.
791 1291 833 1320 e.
872 1275 999 1334 apud
1022 1274 1382 1334 Aristophanem

93 1349 167 1394 vel
206 1348 543 1396 Aristarchum.
594 1350 663 1394 Ex
706 1348 973 1393 Aristarcho
1021 1347 1191 1407 procul
1236 1346 1381 1391 dubio

93 1422 227 1478 fluxit
245 1425 409 1487 fragm.
440 1431 514 1482 14,
536 1426 620 1471 ubi
643 1426 702 1470 de
727 1434 939 1485 tempore
957 1441 1053 1485 quo
1073 1424 1244 1485 fugerit
1262 1425 1384 1468 Alci-

94 1502 280 1565 biades,
308 1505 544 1550 Andronis
564 1514 610 1550 et
635 1505 889 1549 Aristarchi
917 1504 1152 1548 sententiae
1189 1518 1383 1562 compo·

92 1585 289 1627 suuntur.
316 1577 455 1622 Unde
477 1578 611 1622 simul
638 1592 724 1621 nos
752 1577 1012 1637 colligimus
1029 1592 1127 1620 non
1148 1577 1384 1636 pertinere

93 1648 400 1710 &augmentum
423 1650 484 1695 ad
502 1649 775 1695 Andronem
795 1648 1162 1694 Alexandrinum
1178 1648 1383 1692 chrono-

92 1721 278 1783 logum,
312 1723 362 1767 id
399 1723 529 1783 quod
566 1724 614 1767 in
639 1730 843 1768 mentem
880 1723 1019 1767 alicui
1053 1723 1213 1766 venire
1250 1721 1384 1766 facile

83 1795 247 1865 Possit·
273 1861 276 1866 .

440 1903 691 1948 ANDRON
727 1903 1035 1948 EPHESIUS.

587 2029 684 2077 TP!
694 2030 878 2078 ΠΟΥΣ.

717 2161 758 2191 1.

8 2286 9 2290 =
79 2277 86 2302 τ
158 2259 355 2318 Diogen
380 2261 434 2306 L.
455 2261 498 2319 Ι,
524 2259 617 2304 31:
642 2256 832 2324 Ἄνδρων
858 2259 894 2305 δ’
913 2260 956 2305 ἐν
981 2260 1042 2324 τῷ
1064 2259 1266 2323 Τρίποδι,
1284 2259 1384 2325 Ἀρ-

8 2327 10 2331 '
60 2325 229 2393 ι’γείους
248 2322 376 2377 ἆθλον
403 2331 564 2394 ἀρετῆς
587 2333 648 2377 τῶ
669 2330 909 2397 σοφωτάτῳ
930 2334 1016 2378 τῶν
1041 2329 1265 2387 Ἑλλήνων
1288 2332 1385 2398 τρί-

8 2416 9 2419 ’
68 2402 203 2454 ιικιιδοι
228 2404 382 2448 θεῖναι·
409 2406 606 2465 κριθῆναι
627 2402 672 2451 δὲ
691 2403 998 2470 Ἀριστόδημον
1025 2403 1362 2469 Σπαρτιάτην,’“
1340 2421 1386 2452 ον

6 2512 10 2546 ¹,
47 2463 412 2559 Ξπαραχυρῆσαι
430 2475 633 2524 Χείλωνι.
649 2481 720 2523 De
731 2479 824 2525 hoc
839 2478 1139 2528 Aristodemo
1157 2479 1264 2530 vide
1283 2495 1389 2543 quae

9 2546 10 2551 ’
63 2539 348 2613 ⁴sequuntur
368 2564 447 2642 ap.
469 2550 748 2616 Diogenem.

0 2663 11 2690 ι
41 2667 52 2686 ’.
717 2663 761 2694 2.

159 2738 312 2791 Schol.
334 2739 471 2786 Pind.
492 2741 650 2787 Isthm.
668 2743 741 2799 II,
774 2757 792 2786 1
806 2758 829 2799 7
853 2755 865 2789 ε
896 2738 1178 2804 Σπαρτιάτην
1198 2738 1242 2786 δὲ
1275 2739 1386 2804 Ἀρι-

93 2806 309 2870 στόδημον
325 2811 368 2856 ἐν
381 2813 468 2864 τοῖς
487 2810 600 2858 ἑπτὰ
622 2812 765 2875 σοφοῖς
787 2811 1079 2878 ἀναγράφεται
1099 2812 1173 2860 καὶ
1196 2810 1386 2876 Ἄνδρων

79 2883 123 2929 h
146 2879 356 2948 Ἐφέσιος.
378 2888 430 2933 V.
455 2886 633 2931 Dissen.
659 2886 719 2930 ad
742 2887 834 2934 loc.
855 2887 991 2932 Pind.

613 3024 859 3073 TRIPUS.

725 3127 765 3166 1.

94 3179 306 3237 A'ndron
337 3191 378 3230 in
401 3192 574 3243 Tripode
608 3193 773 3244 Argivos
808 3195 865 3235 ait
890 3194 1051 3235 virtutis
1073 3195 1281 3246 praemium
1321 3205 1385 3234 sa·

38 3251 337 3318 ssvientissimo
358 3257 592 3296 Graecorum
610 3257 808 3308 tripodem
824 3259 1098 3308 constituisse3
1112 3269 1286 3309 eumque
1305 3259 1387 3298 Ari-

38 3304 320 3367 ’Ϊβῑοᾱοιιιιιιιι
349 3322 589 3372 Spartanum
614 3322 734 3363 fuisse
760 3323 1008 3373 judicatum,
1040 3324 1111 3375 qui
1151 3324 1388 3365 concesserit

58 3370 268 3478 miloni.

76 3487 90 3492 .,
728 3455 773 3494 2.

99 3519 105 3543 ·'
150 3515 388 3566 Spartanum
405 3519 696 3560 Aristodemum
715 3521 820 3562 inter
837 3522 988 3572 septem
1015 3521 1209 3572 sapientes
1225 3522 1387 3563 Andron

90 3583 257 3631 quoque
273 3582 463 3633 Ephesius
479 3587 672 3625 recenset.

151 3713 230 3762 Qui
258 3725 339 3756 una
366 3727 459 3761 cum
487 3719 651 3760 Thalete
676 3655 917 3772 sagi-entium
947 3721 1111 3772 collegio
1136 3720 1386 3761 ascribeban-

51 3847 54 3851 .
102 3777 187 3828 ωδ,
203 3779 341 3825 eodem
358 3781 548 3825 vixerunt
562 3786 764 3837 tempore,
780 3787 842 3827 uti
858 3786 1016 3827 Andron
1038 3786 1094 3826 ait
1117 3786 1158 3826 in
1179 3786 1363 3836 Tripode.

112 3912 290 3954 Nonne
323 3915 546 3961 Herodotus
584 3856 769 3960 Soloneiii
802 3920 1018 3972 sophistam
1051 3922 1236 3961 vocavit?
1259 3932 1388 3960 nonne

82 3936 199 4018 ίίιιιυ
213 3976 499 4028 Pythagoram?
513 3992 645 4022 nonne
667 3983 918 4035 Androtion
906 3985 918 4009 ‘
935 3984 1136 4036 Andron)
1168 3987 1317 4036 septem
1340 3985 1387 4024 il-

96 4034 186 4088 ΨΜ,
196 4038 395 4090 sapientes
415 4042 528 4093 dico,
546 4046 759 4096 appellavit
777 4047 1005 4098 sophistas.

87 4177 91 4179 ⁴
156 4171 318 4213 Andron
339 4149 530 4225 Ephesius
543 4178 644 4219 duos
660 4114 901 4232 Pheiecydes
918 4181 1052 4232 syrios
1065 4182 1182 4221 ruisse
1197 4181 1315 4232 dicit,
1336 4182 1389 4222 al-

106 4230 235 4274 terum
249 4237 501 4291 astrologum,
523 4240 693 4282 alterum
713 4243 939 4293 theologum
956 4245 1391 4297 Babyistilium,cuj11s

2638 312 2748 354 3⁴⁷·

2075 410 2118 454 3.

1519 515 1730 560 Clemens
1746 516 1878 561 Alex.
1902 515 2073 562 Strom.
2096 518 2143 576 1,
2163 533 2210 575 p.
2233 519 2339 573 143,
2364 514 2423 578 39
2440 519 2566 579 Syll),
2590 538 2600 565 :
2626 522 2734 568 Συν-

1454 585 1677 651 εχρόνισοιν
1710 587 1748 631 οἱ
1798 583 2184 649 συγκαταλεγέντες
2229 588 2347 652 σοφοὶ
2387 593 2447 653 τῷ
2481 592 2647 650 Θαλεῖ,
2680 591 2736 646 ὥς

1453 676 1581 722 φησιν
1608 655 1796 721 Ἄνδρων
1812 658 1855 702 ἐν
1879 658 1940 722 τῷ
1960 656 2161 721 Τρίποδι.

2074 750 2121 798 [ι.

1521 845 1743 890 Aristides
1771 854 1884 893 tom.
1905 846 2000 902 ΙΙΙ,
2024 861 2072 905 p.
2100 844 2189 903 517
2219 847 2379 906 Steph.
2405 865 2414 891 :
2442 847 2541 911 Οὐχ
2561 847 2738 912 Ἡρόδο-

1454 936 1523 971 τος
1551 916 1730 965 Σόλωνα
1755 914 1960 981 σοφιστὴν
1980 915 2215 975 κέκληκεν,
2236 919 2282 963 οὗ
2313 919 2567 984 Πυθαγόραν
2585 920 2739 978 πάλιν;

1455 991 1532 1037 οὐκ
1552 988 1801 1054 Ἀνδροτίων
1822 984 2037 1052 (Ἄνδρων
2056 1007 2237 1036 εοιϊεΧ.
2261 992 2452 1036 Siebelis
2470 994 2483 1053 )
2511 992 2605 1045 τοὺς
2626 993 2735 1039 ἔπτὰ

1456 1059 1659 1125 σοφιστὰς
1675 1060 1954 1126 προσείρηκε,
1973 1058 2085 1124 λέγω
2106 1060 2158 1118 δὴ
2181 1059 2278 1114 τοὺς
2301 1061 2470 1126 σοφούς.

2078 1163 2124 1211 5.

1522 1259 1752 1319 Diogenes
1781 1261 1834 1303 L.
1868 1261 1909 1315 Ι,
1950 1273 2087 1318 119:
2118 1254 2307 1323 Ἄνδρων
2334 1258 2371 1303 δ’
2394 1260 2416 1303 ὃ
2443 1256 2639 1322 Ἐφέσιος
2670 1260 2745 1306 δῦο

1457 1328 1562 1395 φησὶ
1578 1329 1798 1392 γεγονέναι
1821 1326 2071 1393 Φερεκύδας
2096 1328 2296 1392 Συρίους·
2325 1328 2398 1376 τὸν
2429 1328 2507 1392 μὲν
2537 1332 2743 1395 ἀστρολό-

1456 1420 1553 1464 γον·
1579 1401 1651 1448 τὸν
1681 1400 1725 1448 δὲ
1754 1400 1949 1464 θεολόγον
1980 1400 2070 1447 υἱὸν
2096 1399 2291 1464 Βάὸυος,
2319 1423 2355 1467 ῳ
2386 1402 2458 1449 καὶ
2490 1403 2743 1468 Πυθαγόραν

1458 1472 1692 1538 σχολάσαι.
1720 1472 2090 1538 Ἐρατοσθένηςδ’
2109 1473 2184 1520 ἕνα
2206 1473 2348 1536 μόνον,
2375 1473 2604 1541 καιέτερον
2629 1478 2740 1535 ’-Αθη

1457 1552 1574 1594 ναῖον
1592 1544 1859 1609 γενεαλόγον.

2072 1634 2119 1678 6.

1525 1728 1749 1773 Eusebius
1770 1730 1820 1774 P.
1851 1730 1901 1774 E.
1918 1729 1991 1786 X,
2010 1743 2062 1788 p.
2086 1728 2178 1782 464
2201 1727 2282 1792 (ex
2303 1726 2594 1790 Porphyrio)
2617 1746 2626 1773 ε
2655 1727 2746 1776 Ἄν-

1460 1800 1660 1890 δρωνος’
1641 1818 1684 1845 εν
1705 1818 1767 1864 τῳ
1793 1798 1977 1864 Τρίποδι
2002 1798 2101 1864 περι
2125 1799 2383 1864 Πυθαγόρου
2407 1820 2483 1847 του
2515 1801 2744 1866 φιλοσόφου

1458 1870 1513 1918 τὰ
1539 1869 1638 1935 περὶ
1668 1870 1744 1924 τὰς
1778 1870 2031 1935 προρρήσεις
2064 1871 2336 1935 ἱστορηκότος
2368 1872 2558 1926 εἰπόντος
2587 1892 2659 1935 τε,
2688 1876 2745 1927 ὥς

1459 1943 1644 2009 διψήσας
1676 1942 1782 1990 ποτὲ
1820 1944 1864 1989 ἐν
1898 1943 2185 2007 Μεταποντίῳ
2223 1943 2297 1990 καὶ
2336 1944 2383 1991 ἔκ
2423 1940 2532 1998 τινος
2564 1944 2743 2010 φρέατος

1460 2015 1673 2078 ἀνιμήσας
1705 2015 1781 2062 καὶ
1814 2013 1923 2061 πιὼν
1960 2034 2178 2080 προειπεν,
2212 2019 2270 2070 ὡς
2307 2019 2366 2071 εἰς
2397 2017 2542 2080 τρίτην
2577 2018 2743 2082 ἡμέραν

1459 2088 1598 2136 ἔσοιτο
1614 2087 1811 2150 σεισμὸς,
1837 2106 1909 2134 και
1938 2086 2063 2151 ἕτερά
2087 2106 2182 2134 τινα
2205 2087 2367 2142 τούτοις
2386 2088 2619 2153 ἐπαγαγὼν
2642 2092 2745 2137 ἐπι·

1459 2161 1572 2223 λέγει
1588 2175 1600 2188 ·
1626 2158 1746 2207 ταῦτ’
1776 2154 1847 2206 οῧν
1878 2165 1952 2207 τοῦ
1969 2158 2200 2224 Ἄνδρωνος
2219 2159 2318 2224 περὶ
2339 2160 2592 2252 Πυθαγόρου
2620 2163 2743 2208 ἱστο-

1460 2231 1637 2297 ρηκότος
1651 2269 1665 2295 ,
1688 2230 1829 2279 πάντα
1845 2231 2039 2297 ὑφείλετο
2062 2232 2338 2293 Θεόπομπος.
2363 2235 2419 2281 Εἰ
2439 2232 2516 2293 μὲν
2533 2233 2618 2299 γὰρ
2642 2233 2741 2298 περὶ

1459 2305 1711 2371 Πυθαγόρου
1725 2303 1876 2369 λέγων,
1886 2304 2000 2370 τάχα
2014 2305 2119 2369 [ἃ]““
2098 2325 2150 2353 αν
2164 2305 2236 2353 καὶ
2249 2304 2420 2370 ἕτεροι’
2398 2306 2633 2364 ηπίσταντο
2643 2307 2741 2370 περὶ

1460 2379 1590 2424 αὐτοῦ
1610 2396 1684 2423 και
1705 2375 1865 2439 ἔλεγον,
1880 2397 2016 2424 ταυτα
2037 2396 2112 2424 και
2133 2377 2257 2431 αὐτὸς
2278 2376 2329 2424 ἂν
2347 2368 2464 2424 εἷπον
2485 2378 2544 2441 [ΙΙ.
2568 2371 2741 2442 tinea]-

1459 2454 1530 2496 νῦν
1552 2448 1595 2495 δὲ
1612 2448 1688 2506 τὴν
1705 2449 1870 2507 κλοπὴν
1888 2449 2022 2507 δήλην
2043 2449 2277 2508 πεποίηκεν
2292 2454 2319 2507 ἡ
2338 2454 2413 2498 τοῦ
2429 2449 2637 2512 ὀνόματος
2655 2470 2740 2513 με-

1455 2520 1641 2578 τάθεσις.
1664 2522 1770 2577 Τοῖς
1786 2520 1862 2585 μὲν
1883 2520 1966 2588 γὰρ
1990 2520 2216 2587 πράγμασι
2236 2521 2447 2587 κέχρηται
2463 2528 2552 2577 τοῖς
2574 2524 2741 2580 αὐτοῖς,

1460 2596 1600 2661 ἕτερον
1618 2595 1654 2643 δ’
1671 2595 1806 2656 ὄνομα
1828 2593 2105 2659 μετενήνοχε·
2120 2594 2371 2660 Φερεκύδην
2387 2595 2471 2659 γὰρ
2495 2595 2567 2642 τὸν
2584 2594 2739 2659 Σύριον

1459 2667 1667 2726 πεποίηκε
1686 2671 1822 2714 ταῦτα
1841 2666 2196 2731 προλέγοντα.οὗ
2215 2666 2341 2729 μόνον
2359 2665 2402 2713 δὲ
2422 2665 2559 2732 τούτῳ
2574 2668 2635 2730 τῷ
2654 2665 2749 2712 ὀνό·

1462 2759 1567 2802 ματι
1592 2737 1857 2804 ἀποκρύπτει
1889 2738 1965 2796 τὴν
1998 2739 2179 2797 κλοπὴν,
2204 2737 2316 2785 ἀλλὰ
2347 2738 2420 2785 καὶ
2440 2737 2584 2785 τόπων
2610 2756 2744 2799 μετα-

1461 2811 1597 2859 θέσει·
1623 2813 1671 2859 τό
1694 2831 1739 2859 τε
1764 2811 1847 2876 γὰρ
1871 2810 1969 2876 περὶ
1992 2815 2066 2869 τῆς
2093 2810 2367 2875 προρρήσεως
2393 2814 2468 2857 τοῦ
2494 2814 2670 2875 σεισμοῦ
2700 2811 2744 2856 ἐν

1463 2884 1751 2950 Μεταποντίῳ
1768 2885 1840 2931 ὑπ’
1863 2882 2098 2949 Ἄνδρωνος
2120 2882 2259 2949 ῥηθὲν,
2282 2885 2324 2930 ἐν
2355 2882 2495 2948 Συρίᾳ
2518 2883 2678 2948 (Σύρῳ
2693 2882 2742 2945 Ρ)

1461 3024 1700 3074 Pythagoras
1712 3022 1913 3064 studiosus
1927 3023 2062 3063 suerit.
2087 3022 2368 3062 Eratosthenes
2386 3032 2481 3061 vero
2497 3032 2621 3060 unum
2654 3022 2743 3061 tan·

1459 3087 1548 3126 tum
1567 3087 1748 3137 Syrium,
1763 3089 1933 3127 alterum
1955 3086 2231 3127 Atheniensem
2253 3085 2508 3137 genealogum
2535 3085 2656 3125 fuisse
2679 3095 2740 3124 as·

1459 3151 1567 3191 serit.

2087 3219 2130 3259 6.

1510 3293 1673 3333 Andron
1685 3294 1754 3344 qui
1785 3293 1825 3332 in
1851 3290 2020 3343 Tripode
2036 3302 2097 3332 res
2112 3302 2136 3331 a
2154 3292 2375 3343 Pythagora
2394 3292 2625 3344 philosopho
2647 3301 2745 3341 prae·

1459 3355 1584 3396 dictas
1610 3357 1788 3408 collegit,
1818 3357 1920 3396 inter
1949 3357 2079 3395 cetera
2109 3359 2391 3397 commemorat
2413 3368 2504 3396 eum
2532 3355 2743 3406 aliquando

1459 3420 1674 3470 Metaponti
1709 3421 1928 3470 sitientem,
1955 3430 2081 3470 quum
2111 3419 2294 3459 haustam
2331 3431 2382 3460 ex
2410 3419 2584 3471 quodam
2622 3420 2742 3467 puteo

1459 3493 1605 3533 aquam
1624 3483 1807 3533 bibisset,
1841 3486 1959 3523 tcrrae
1973 3483 2127 3522 motum
2143 3485 2235 3523 ante
2253 3483 2359 3523 diem
2378 3484 2541 3524 tertium
2556 3483 2735 3522 futurum

1459 3546 1698 3597 praedixisse.
1723 3547 1885 3597 Aliaque
1899 3547 2088 3587 nonnulla
2104 3546 2298 3596 adjunxit.
2319 3547 2434 3588 Illam
2457 3547 2573 3597 igitur
2588 3544 2742 3585 Andro-

1460 3610 1521 3650 nis
1532 3609 1582 3650 de
1596 3611 1816 3662 Pythagora
1835 3610 2041 3651 historiam
2073 3611 2352 3662 Theopompus
2379 3611 2571 3660 integram
2592 3610 2744 3648 furatus

1460 3673 1532 3713 est.
1547 3673 1696 3720 Quodsi
1709 3684 1796 3713 eam
1808 3673 1857 3714 de
1873 3673 2097 3725 Pythagora
2108 3676 2452 3723 commemoraret,
2466 3684 2526 3723 ea,
2540 3682 2629 3722 quae
2642 3671 2742 3710 sorte

1461 3737 1580 3776 etiam
1599 3737 1685 3777 aliis
1704 3737 1799 3777 nota
1816 3738 1856 3777 et
1875 3739 2035 3778 narrata
2054 3739 2190 3788 erant,
2222 3738 2342 3778 etiam
2362 3737 2443 3788 ipse
2465 3736 2743 3785 Theopompus

1460 3811 1639 3842 narrasse
1657 3801 1871 3843 videretur.
1894 3805 2009 3843 Nunc
2034 3814 2129 3844 vero
2146 3804 2297 3843 furtum
2328 3803 2409 3853 ipse
2428 3812 2545 3841 suum
2573 3797 2742 3839 nominis

1462 3865 1683 3905 mutatione
1697 3866 1896 3916 patefecit.
1917 3868 2015 3906 Rem
2039 3866 2146 3906 enim
2176 3865 2340 3906 eandem
2376 3865 2573 3912 scribens,
2596 3871 2741 3901 nomen

1460 3929 1859 3978 supposuitalienum.
1882 3930 1926 3970 1d
1958 3930 2140 3970 videlicet
2169 3940 2193 3968 a
2216 3927 2436 3978 Pherecyde
2460 3926 2572 3976 Syrio
2597 3923 2739 3974 praedi·

1462 3992 1572 4030 ctum
1594 3991 1712 4032 ruisse
1739 3993 1875 4033 tradit.
1898 3997 1983 4033 lmo
1998 4004 2078 4033 non
2098 3993 2216 4043 huius
2230 3994 2387 4032 tantum
2403 3989 2571 4029 nominis
2591 3989 2738 4036 integu-

1463 4056 1597 4094 mento
1607 4085 1619 4104 ‚
1642 4067 1781 4095 verum
1796 4058 1916 4095 etiam
1933 4057 2007 4096 loci
2023 4056 2243 4096 mutatione
2258 4065 2373 4093 suum
2391 4054 2470 4102 ipse
2486 4050 2655 4101 plagium
2670 4061 2738 4087 oc·

1463 4118 1615 4158 cultare
1649 4122 1829 4159 conatur.
1885 4123 2015 4166 Quam
2032 4121 2139 4159 enim
2156 4119 2204 4156 de
2238 4118 2306 4156 illo
2325 4119 2439 4154 terrae
2468 4116 2577 4153 mutu
2595 4112 2739 4162 praedi-

1462 4183 1636 4222 ctionem
1667 4185 1881 4234 Metaponti
1902 4186 2045 4223 tactam
2064 4195 2148 4223 esse
2165 4181 2297 4222 Andro
2323 4180 2625 4225 commemorat,
2650 4187 2739 4214 eam

1464 4246 1503 4285 in
1521 4246 1632 4296 Syria
1648 4247 1855 4297 contigisse
1874 4248 2150 4297 Theopompus
2166 4244 2296 4283 hahet.
2312 4240 2516 4290 Naviginm
2535 4240 2629 4279 item
2643 4239 2738 4279 illud
