3016 4628
326 352 416 392 268

321 453 471 506 nicht,
506 453 603 500 dass
625 453 741 497 auch
766 453 840 497 bei
868 452 1189 512 Trophonius,
1212 466 1310 495 wer
1334 452 1382 494 in
1413 435 1598 494 Erwar-

321 531 435 583 tung
455 524 645 584 heiliger
659 526 807 570 Lehre
825 526 872 568 in
890 525 965 569 die
986 525 1343 583 Hoehlengaenge
1372 522 1598 582 hinabge-

318 597 491 656 stiegen
506 630 518 650 ‚
544 612 616 641 am
644 597 775 642 Ende
798 598 948 642 sehale
985 596 1482 655 Nichtswiirdigkeiten
1501 593 1599 637 und

318 667 630 725 priestcrliche
645 669 1002 713 Schmarotzerei
1019 667 1249 727 gesunden
1259 668 1410 711 haette.
1431 686 1451 705 υ
1468 665 1599 709 Idem

321 738 539 783 Miillerus
554 731 722 784 librum
735 756 872 800 quem
890 740 1183 784 Plutarchum
1200 739 1258 783 de
1278 738 1466 781 oraculo
1482 738 1599 780 Tro-

319 810 480 870 phonii
494 812 802 871 composuisse
817 813 1088 871 accepimus,
1108 818 1268 854 contra
1283 808 1597 854 Dicaearchum

318 883 537 942 scriptum
568 899 661 928 esse
692 885 960 943 suspicatur.
991 883 1172 927 Miilleri
1203 882 1477 926 sententiam
1514 895 1598 938 ap-

321 953 492 1012 probat
521 955 750 1011 Osannus,
777 956 1006 1014 suspicans
1049 954 1317 998 Choeronem
1343 952 1436 995 sive
1473 951 1597 996 Clea-

322 1039 495 1079 mnem‚
530 1026 658 1084 cujus
686 1025 846 1071 Cicero
869 1027 1102 1080 meminit,
1128 1025 1315 1068 fortasse
1336 1038 1428 1067 esse
1449 1023 1593 1067 Choe-

319 1096 600 1157 rephontem‚
617 1100 863 1157 parasitum
885 1113 940 1142 ex
962 1098 1181 1142 Athenaeo
1204 1094 1216 1159 (
1241 1097 1317 1150 VI,
1335 1110 1384 1153 p.
1426 1100 1518 1147 242
1545 1104 1592 1139 et

319 1170 523 1229 passim)
557 1172 860 1224 notissimum,
895 1184 1030 1227 quem
1069 1167 1360 1212 Dicaearchus
1392 1165 1594 1210 finxisset

320 1241 368 1283 in
385 1250 566 1284 antrum
584 1241 701 1285 istud
718 1241 1014 1295 descendisse,
1036 1241 1186 1299 specie
1201 1247 1253 1282 ut
1269 1240 1455 1283 oracula
1473 1240 1594 1283 acci-

318 1322 473 1370 peret,
495 1328 652 1359 revera
681 1323 731 1358 ut
760 1314 1139 1357 comessationum
1174 1312 1406 1370 particeps
1442 1310 1589 1358 fieret.

321 1384 455 1427 Haud
479 1385 670 1428 multum
689 1394 837 1429 tamen
853 1400 941 1428 suae
964 1385 1059 1443 ipse
1083 1385 1291 1428 Osannus
1315 1382 1592 1441 conjecturae

322 1455 498 1503 tribuit.

634 1566 715 1614 EX
748 1570 941 1615 LIBRIS
974 1571 1262 1616 INCERTIS.

909 1690 986 1741 74·

385 1789 608 1834 Plutarch.
633 1792 720 1848 Qu.
747 1791 887 1836 ConV.
912 1794 974 1836 IV
999 1793 1098 1836 init.
1127 1808 1176 1851 p.
1204 1791 1296 1852 599
1314 1827 1326 1849 ‚
1351 1794 1387 1837 F
1419 1808 1430 1836 ε
1457 1789 1589 1859 ’ᾨετο

315 1861 471 1923 χρῆναι
504 1860 757 1926 Δικαίαρχος
791 1861 930 1915 εὔνους
963 1862 1039 1924 μὲν
1079 1865 1196 1928 αὑτῷ
1238 1864 1586 1929 παρασκευάζειν

316 1934 506 1986 ἅπαντας
556 1934 695 1998 φίλους
720 1932 763 1979 δὲ
786 1935 994 1981 ποιεῖσθαι
1015 1933 1111 1988 τοὺς
1135 1935 1334 1996 ἀγαθούς.

905 2056 981 2113 75.

378 2176 505 2219 Idem
535 2179 607 2220 An
639 2178 732 2221 seni
767 2193 813 2238 g.
848 2193 969 2238 resp.
1001 2179 1077 2236 26,
1101 2196 1146 2241 p.
1190 2180 1300 2242 796,
1324 2183 1366 2225 D
1397 2197 1407 2225 :
1450 2179 1582 2243 Παρὰ

311 2244 449 2292 πάντα
478 2244 520 2292 δὲ
549 2251 683 2294 ταῦτα
709 2246 792 2311 χρὴ
829 2249 1130 2310 μνημονεύειν,
1156 2253 1214 2305 ὡς
1236 2252 1314 2299 οὐκ
1337 2251 1429 2298 ἔστι
1457 2253 1582 2298 πολι-

1529 2351 1590 2359 -.ο-,ν

686 2404 973 2454 INCERTAE
1008 2407 1195 2457 SEDIS.

903 2500 976 2541 74.

361 2577 607 2618 Dicaearchus
628 2590 953 2632 unumquemque
984 2583 1168 2624 censebat
1203 2583 1299 2623 dare
1331 2595 1499 2635 operam·
1515 2585 1586 2625 de-

312 2640 423 2689 bere,
454 2642 498 2680 ut
528 2643 701 2681 omnium
727 2644 1041 2686 benevolentiam
1072 2647 1147 2687 sibi
1170 2648 1421 2699 conciliaret,
1446 2649 1586 2689 amici-

311 2704 407 2743 tiam
430 2706 560 2744 autem
577 2716 667 2745 cum
687 2707 798 2748 bonis
816 2709 946 2749 iniret.

898 2779 970 2819 75.

365 2856 508 2895 Praeter
531 2856 614 2896 haec
629 2869 717 2908 quae
743 2859 912 2901 diximus
931 2863 1062 2902 omnia
1074 2893 1085 2913 ,
1113 2863 1212 2904 illud
1231 2866 1424 2905 memoria
1442 2866 1584 2906 tenen-

313 2919 409 2959 dum
424 2923 482 2960 est
492 2952 503 2970 ,
519 2921 739 2972 reipublicae
755 2926 1128 2968 administrationem
1145 2941 1223 2969 non
1243 2931 1283 2970 in
1298 2932 1372 2970 hoc
1387 2932 1472 2971 solo
1493 2943 1584 2972 con-

313 2983 469 3031 sistere,
490 2986 534 3023 ut
562 2986 746 3037 imperes,
776 2989 983 3039 legationes
1000 2992 1118 3032 obeas
1129 3024 1141 3043 ,
1169 2994 1211 3032 in
1243 2996 1434 3036 concione
1462 2997 1583 3036 vehe-

315 3050 465 3103 menter
480 3050 698 3091 vocifereris
708 3083 719 3101 ‚
739 3055 779 3092 et
792 3054 843 3093 ad
857 3058 1079 3106 suggestum
1096 3058 1298 3099 baccheris
1308 3091 1320 3111 ‚
1338 3061 1584 3112 dicendoque

316 3114 357 3150 et
377 3113 581 3152 scribendo
609 3117 788 3164 grasseris
811 3129 821 3156 :
850 3119 993 3168 quibus
1013 3121 1127 3162 rebus
1149 3125 1332 3164 nonnulli
1351 3125 1583 3176 reipublicae

314 3177 688 3219 administrationem
706 3181 915 3234 definiunt;
931 3186 1031 3226 sicut
1050 3189 1090 3227 et
1105 3189 1368 3239 philosophari
1389 3192 1461 3231 hos
1479 3191 1582 3231 dun-

315 3242 424 3280 taxat
437 3244 572 3291 putant
585 3273 595 3291 ,
607 3244 674 3294 qui
690 3244 728 3283 in
742 3246 909 3287 exhedra
924 3250 1131 3302 disserunt,
1148 3256 1217 3292 aut
1231 3253 1341 3294 libris
1353 3257 1584 3306 conscriptis

317 3306 468 3349 scholas
481 3317 570 3347 suas
588 3310 898 3360 complectuntur
918 3330 926 3354 :
946 3314 1100 3356 interim
1119 3328 1185 3358 eos
1204 3319 1324 3370 fallit,
1340 3331 1431 3371 quae
1452 3322 1584 3372 quoti-

1255 338 1677 389 DlCAE-ARCHUS
1712 338 2020 387 MESSENII.
2055 342 2065 346 “

1673 445 1869 494 τεύεσθαι
1896 444 2022 508 μόνον
2052 443 2100 491 τὸ
2135 443 2300 509 αρχειν,
2331 444 2406 492 καὶ
2439 446 2712 511 πρεσὸεύειν,
2744 451 2817 498 καὶ
2845 444 2973 519 μέγά

1677 522 1781 582 βοᾶν
1807 520 1850 565 ἐν
1875 516 2106 581 ἐκκλησία,
2126 516 2199 563 καὶ
2220 516 2319 579 περὶ
2338 517 2387 564 τὸ
2413 520 2535 581 β’ῆμα
2560 521 2790 586 βακχεύειν
2814 524 2967 606 λέγον-ὲ

1674 609 1750 643 τας
1773 588 1799 647 ἢ
1825 589 2085 654 γράφοντας,
2107 587 2135 634 ἃ
2155 590 2194 635 οἱ
2219 588 2372 636 πολλοὶ
2405 608 2490 636 του-
2502 591 2805 643 πολιτεύεσθαι
2827 584 2971 661 veui—i

1675 663 1829 718 ζουσιν,
1865 658 2012 720 ὥσπερ
2048 658 2200 721 ἀμέλει
2234 659 2310 707 καὶ
2352 663 2597 727 φιλοσοφεῖν
2634 664 2731 720 τους
2762 667 2849 716 ἀπὸ
2881 671 2973 723 τὸῖ

1676 732 1820 795 δίφρου
1845 730 2192 796 διαλεγομένους,
2220 732 2295 780 καὶ
2317 733 2478 798 σχολὰς
2498 735 2571 783 ἐπὶ
2597 737 2777 802 βιὸλίοις
2794 744 2970 812 nepas*

1674 824 1842 858 νοντας·
1866 808 1892 861 ἠ
1921 803 1966 851 δὲ
1990 803 2218 868 συνεχὴςὲ
2199 825 2242 852 εν
2266 803 2404 870 ἔργοις
2430 807 2506 855 καὶ
2532 809 2738 874 πράξεσιν
2762 784 2974 884 ὃρωμέζῖῗιΙ

1673 877 1772 925 καθ’
1804 875 1971 941 ἡμέραν
1997 878 2171 939 ὁμαλῶς
2196 878 2394 925 πολιτεία
2425 879 2500 928 καὶ
2523 882 2759 950 φιλοσοφία
2780 867 2975 944 λέληθα

1673 947 1840 1002 αὐτούς.
1911 947 2000 996 Καὶ
2024 947 2107 1040 γὰρ
2130 947 2228 1003 τους
2254 951 2296 996 ἐν
2317 953 2411 1004 ταῖς
2431 956 2578 1007 στοαῖς
2601 954 2969 1019 ἀνακάμπτονταξ

1671 1028 1923 1086 περιπατεῖν
1944 1021 2088 1086 φασὶν,
2109 1024 2166 1076 ὡς
2185 1021 2304 1085 ἔλεγε
2328 1023 2618 1091 Δικαίαρχος,
2639 1027 2782 1076 ουκέτι
2803 1027 2907 1077 δὲ

1670 1096 1730 1148 εἷς
1753 1094 1879 1159 ἀγρὸν
1903 1093 1930 1153 ἢ
1951 1094 2055 1160 πρὸς
2075 1094 2196 1160 φίλον
2224 1095 2491 1159 βαδίζοντας.
2517 1095 2707 1162 οΌμοιον
2726 1101 2765 1148 δ’
2787 1101 2924 1151 ἐστὶ·
2907 1074 2977 1183 ξ

1670 1169 1915 1232 φιλοσοφεῖν
1929 1167 1978 1215 τὸ
1994 1166 2314 1216 πολιτεύεσθαι.
2331 1169 2573 1235 Σωκράτης
2585 1176 2686 1235 γοῦν
2701 1171 2799 1222 οὔτε
2818 1173 2920 1240 poi»
2947 1186 2976 1238 ’ῑρ
3012 1176 3014 1179 ’

1670 1239 1753 1293 θεὶς
1790 1239 1879 1287 οὔτ
1916 1241 1973 1295 εἷς
2014 1239 2159 1305 θρόνον
2201 1239 2404 1302 καθίσας,
2443 1242 2555 1291 οὔτε
2583 1244 2702 1311 ὥραν
2739 1246 2972 1314 Stoevptss‘f'g-*v
3010 1250 3014 1297 Ῐ

1668 1310 1696 1369 ἢ
1739 1311 1980 1377 περιπάτου
2011 1313 2098 1367 τοῖς
2135 1313 2367 1379 γνωρίμοις
2397 1315 2668 1387 τεταγμένην
2702 1318 2967 1386 φυλάττων,
3010 1378 3015 1387 .

1670 1384 1783 1432 ἀλλὰ
1806 1385 1880 1432 καὶ
1904 1385 2220 1449 [συμ]παίζων,
2247 1384 2318 1433 ὅτε
2347 1386 2494 1452 τύχοι,
2517 1388 2594 1437 και
2620 1389 2864 1456 συμπίνων,
2885 1392 2962 1457 καὶ

1669 1457 2062 1522 συστρατευόμενος
2079 1457 2229 1517 ἐνίοις,
2250 1458 2325 1506 καὶ
2351 1461 2670 1527 συναγοράζων,
2689 1461 2812 1520 τέλος
2825 1463 2870 1515 δὲ
2885 1483 2944 1515 κα

1668 1529 1969 1592 συνδεδεμένος
2007 1530 2082 1578 καὶ
2129 1530 2263 1579 πίνων
2306 1531 2358 1580 τὸ
2397 1532 2642 1600 φάρμακον,
2687 1535 2959 1603 ἐφιλοσόφει·

1666 1605 1834 1668 πρῶτος
1859 1602 2084 1659 ἀποδείξας
2117 1604 2190 1651 τὸν
2226 1604 2318 1670 βίον
2350 1603 2512 1654 ἅπαντι
2548 1606 2692 1674 χρόνῳ
2722 1607 2800 1659 καὶ
2839 1608 2959 1676 μέρει

1666 1674 1741 1722 καὶ
1771 1674 1926 1723 πάθεσι
1957 1676 2032 1723 καὶ
2065 1676 2321 1741 πράγμασιν
2351 1677 2503 1732 ἅπλῶς
2534 1678 2675 1727 ἅπασι
2707 1681 2921 1748 φιλοσοφί
2961 1715 2963 1718 -

1666 1748 1911 1813 δεχόμενον.
1925 1749 2056 1798 Ουτω
2077 1748 2129 1808 δὴ
2147 1749 2394 1809 διανοητέον
2409 1750 2595 1818 καὶπερὶ
2611 1751 2944 1814 πολιτείας,κτλ

1729 1825 2012 1885 Longiorem
2047 1825 2206 1869 locum
2243 1824 2503 1872 exscribere
2533 1835 2774 1886 poteram,
2797 1837 2959 1889 utpot-

1666 1897 1748 1956 qui
1761 1931 1773 1953 ‚
1810 1898 1847 1941 si
1883 1898 2227 1957 comparaveris
2266 1912 2321 1942 ea
2351 1913 2454 1957 quae
2487 1898 2547 1944 de
2577 1900 2851 1946 Dicaearcho
2885 1894 2938 1948 το

1663 1972 1905 2031 πρακτικοῦ
1928 1967 2020 2033 βίου
2045 1970 2367 2025 collaudatore
2402 1980 2450 2016 et
2478 1972 2530 2016 in
2547 1971 2620 2017 his
2640 1972 2782 2018 rebus
2802 1974 2937 2027 Theo.
2956 1984 2958 1986 ’

1663 2043 1841 2102 phrasti
1864 2051 1910 2087 et
1943 2043 2206 2088 Aristotelis
2229 2041 2496 2088 adversario
2527 2044 2579 2088 in
2609 2040 2958 2103 introduction

1662 2117 1954 2172 monuimus,
1983 2124 2110 2160 totus
2133 2130 2191 2160 ex
2223 2115 2483 2161 Dicaearchi
2515 2114 2744 2164 sententia
2763 2119 2902 2179 scrip·
2946 2140 2956 2159 s

1662 2203 1755 2232 esse
1771 2195 2000 2247 appareat.

1665 2390 1729 2430 die
1755 2391 1796 2430 in
1819 2390 1934 2430 factis
1963 2388 2267 2440 actionibusque
2294 2390 2567 2440 continuatur,
2595 2389 2782 2442 aequabili
2811 2375 2956 2442 modo,

1662 2454 1914 2505 philosophia
1949 2454 2071 2504 atque
2120 2453 2248 2493 civilis
2273 2453 2390 2494 ratio.
2430 2456 2530 2495 Nam
2564 2453 2669 2495 sicut
2698 2451 2956 2496 Dicaearchus

1660 2521 1796 2570 refert,
1812 2531 1880 2560 eos
1895 2519 2056 2559 aiebant
2078 2519 2307 2568 ambulare,
2326 2519 2397 2571 qui
2422 2519 2464 2559 in
2482 2508 2703 2571 porticibus
2723 2520 2881 2572 spatia
2916 2518 2954 2526 '‘

1659 2594 1750 2623 sum
1779 2583 2049 2634 deorsumque
2075 2583 2342 2633 conficerent,
2372 2593 2453 2623 non
2487 2583 2559 2634 qui
2580 2583 2624 2624 in
2651 2594 2792 2634 agrum
2819 2579 2891 2625 a‘ut
2903 2566 2961 2627 ad

1660 2648 1810 2687 amicos
1829 2647 1945 2687 irent.
1964 2648 2016 2687 At
2031 2647 2139 2686 enim
2155 2646 2295 2687 eadem
2311 2648 2371 2687 oet
2390 2647 2699 2698 philosophandi.
2708 2649 2812 2688 ratio
2822 2678 2836 2699 ,
2852 2659 2954 2701 qum

1659 2711 1950 2761 rempublicam
1989 2710 2203 2750 tractandi.
2248 2713 2350 2751 Nam
2400 2713 2581 2751 Socrates
2602 2741 2614 2762 ,
2652 2722 2780 2763 quum
2823 2723 2930 2763 nequ
2943 2728 2954 2747 ι

1658 2777 1823 2825 poneret
1844 2774 2054 2825 subsellia,
2076 2785 2207 2825 neque
2231 2774 2465 2816 cathedram
2493 2775 2802 2827 conscenderet,
2824 2787 2951 2828 nequ

1660 2839 1864 2890 discipulis
1882 2839 2031 2879 scholae
2054 2840 2125 2879 aut
2139 2838 2473 2879 deambulationis
2488 2839 2613 2879 ullam
2633 2841 2786 2885 certam
2803 2840 2931 2881 musti
2952 2871 2954 2874 ,

1657 2905 1788 2943 tueret
1803 2903 1943 2943 horam
1962 2919 1971 2943 ε
1989 2902 2060 2942 sed
2082 2914 2175 2942 cum
2193 2902 2282 2942 aliis
2293 2901 2458 2952 ludens,
2479 2913 2572 2942 cum
2591 2902 2702 2952 aliis,
2723 2903 2771 2943 ut
2792 2914 2856 2944 res
2875 2903 2925 2944 da
2949 2910 2954 2916 ’

1657 2967 1748 3018 bat,
1762 2968 1901 3008 bibens
1912 2998 1923 3017 ‚
1941 2967 2141 3016 militans,
2156 2967 2199 3006 in
2217 2967 2305 3007 foro
2320 2977 2503 3017 versans,
2520 2966 2572 3006 ad
2586 2968 2812 3007 extremum
2832 2969 2900 3008 eti:
2923 2983 2944 3004 n

1656 3031 1699 3071 in
1718 3043 1877 3072 carcere
1898 3033 2057 3072 vinctus
2083 3034 2125 3072 et
2157 3043 2357 3072 venenum
2378 3032 2540 3082 bibens,
2561 3030 2925 3083 philosophabatur
2950 3050 2954 3053 ¹

1658 3096 1894 3147 primusque
1912 3097 2086 3136 ostendit
2114 3094 2215 3136 vitae
2239 3106 2358 3136 omne
2387 3097 2569 3146 tempuS‚
2593 3097 2747 3146 partem
2767 3107 2928 3138 omnem

1657 3171 1771 3200 casus
1785 3171 1922 3200 omnes
1935 3190 1946 3210 ‚
1963 3160 2169 3211 negotium
2187 3171 2307 3200 omne
2325 3162 2464 3211 aptum
2484 3169 2570 3200 esse
2584 3159 2719 3200 studio
2732 3159 2936 3212 sapientia?

1657 3224 1774 3271 Quod
1815 3223 2069 3274 cogitandum
2105 3224 2305 3265 mehercle
2342 3225 2402 3265 est
2424 3224 2544 3265 etiam
2583 3223 2635 3264 de
2670 3221 2928 3274 {gubernationi

1656 3289 1829 3329 civitatis
1841 3319 1853 3340 ,
1871 3290 1950 3330 etc.
