3016 4628
245 312 339 355 204

247 552 358 601 καθά
388 571 516 618 φησιν
547 549 738 617 ’Ἔφορος
772 551 846 610 καὶ
882 549 1195 616 Ἀριστοτέλης.
1234 579 1298 586 -
1334 555 1407 599 Fr.
1435 569 1479 610 7,
1511 552 1535 596 3

246 630 462 683 historia,
489 642 581 687 qua
605 628 740 688 origo
765 627 1018 671 locutionis
1046 626 1358 685 proverbialis
1384 627 1539 670 ἀποκε-

250 697 404 762 κόφθαι
445 696 636 761 Τενεδίῳ
672 695 844 744 πελέκει
880 699 1152 752 illustratur,
1198 697 1365 741 eodem
1401 698 1539 755 plane

248 772 395 816 modo
421 787 479 816 ex
505 772 754 816 Aristotele
785 770 870 832 (fr.
902 767 1020 830 17⁰)
1047 770 1253 814 affertur.
1278 795 1342 803 —
1365 771 1443 816 Fr.
1485 784 1541 812 10

250 859 352 903 quae
372 845 591 905 leguntur
603 844 662 888 de
675 845 797 889 Sami
810 842 1076 886 nominibus
1094 842 1253 900 priscis
1265 875 1276 895 ,
1299 841 1357 884 (10
1373 843 1542 884 Ancaeo

251 925 298 960 et
317 916 375 960 de
395 916 497 960 alba
514 917 790 972 hirundine,
812 915 975 959 eadem
995 915 1209 966 novimus
1226 928 1281 956 ex
1298 913 1545 956 Aristotele

251 989 310 1033 sr.
340 987 427 1045 175
453 997 498 1033 et
523 989 630 1045 176.
652 1015 716 1021 —-
738 990 817 1033 Fr.
848 993 872 1040 4
890 1021 902 1044 ,
933 1003 971 1032 1.
997 988 1067 1030 De
1093 987 1227 1029 Batto
1260 985 1545 1043 Cyrenarum

252 1061 500 1105 conditore
525 1061 793 1105 Aristoteles
812 1072 1002 1117 quoque
1026 1056 1144 1100 dixit
1167 1055 1225 1099 fr.
1252 1055 1365 1102 206.
1385 1080 1448 1088 —-
1464 1057 1542 1102 Fr.

258 1133 314 1177 16
354 1148 457 1192 quae
493 1132 551 1176 de
584 1130 932 1190 Tyrrhenorum
967 1128 1152 1171 luxuria
1182 1135 1314 1184 sunt,
1340 1128 1547 1171 narravit

252 1206 522 1250 Aristoteles
558 1203 614 1248 fr.
648 1203 739 1255 246
776 1203 824 1244 111
857 1199 1093 1262 Τυρρηνῶν
1127 1196 1343 1258 νομίμοις.
1372 1224 1436 1233 --
1464 1200 1542 1246 Fr.

254 1277 315 1321 38
330 1311 342 1332 ,
368 1292 386 1320 1
406 1277 464 1320 de
485 1276 687 1335 Cephalo
706 1269 1187 1317 historiunculafluxit
1207 1287 1263 1315 ex
1281 1272 1543 1317 Aristotele.

252 1376 318 1383 —-
350 1351 427 1395 Fr.
456 1364 514 1392 22
556 1349 637 1406 qui
670 1346 861 1390 affertur
895 1359 1051 1388 versus
1076 1344 1374 1388 Simonideus
1402 1347 1547 1388 exstat

254 1423 393 1466 etiam
419 1421 545 1480 apud
569 1419 858 1464 Aristotelem
879 1418 927 1459 in
951 1417 1148 1461 Rhetor.
1175 1419 1247 1461 III
1263 1451 1274 1473 ‚
1305 1433 1350 1461 2.
1377 1444 1441 1450 -—
1462 1419 1541 1462 Fr.

256 1509 315 1537 22
335 1495 598 1537 inscribitur
618 1493 666 1534 in
687 1489 826 1534 codd.
853 1485 1120 1552 Σαμοθρᾴκη
1139 1524 1152 1549 ,
1179 1505 1278 1533 non
1308 1489 1545 1553 Σαμοθρᾳ-

255 1567 359 1612 κῶν.
383 1565 759 1610 Schneidewinus
780 1562 987 1620 reposuit
1002 1558 1306 1625 Σαμοθρᾴκης,
1322 1563 1547 1620 quoniam

255 1639 523 1682 Aristoteles
557 1635 648 1697 (fr.
681 1651 763 1691 171
794 1633 806 1695 )
833 1633 875 1678 ἓν
907 1630 1196 1698 Σαμοθρᾴκης
1226 1632 1421 1696 πολιτείᾳ
1447 1636 1548 1678 lau-

263 1711 406 1755 datur
431 1709 554 1769 apud
577 1709 720 1752 schol.
748 1707 905 1766 Apoll.
930 1707 1022 1751 Rh.
1047 1708 1092 1763 1,
1115 1722 1224 1766 917.
1245 1734 1310 1740 —-
1333 1708 1548 1766 Denique

259 1785 589 1843 Aphytaeorum
631 1779 720 1843 (fr.
757 1778 850 1840 39)
896 1788 942 1823 et
974 1780 1264 1839 Argiliorum
1315 1779 1408 1840 (fr.
1448 1780 1539 1842 42)

257 1857 461 1900 civitates
487 1854 689 1898 Thraciae
727 1853 831 1896 satis
871 1852 1083 1895 obscurae
1111 1868 1194 1895 cur
1227 1861 1549 1896 memorentur

255 1929 304 1970 in
328 1935 485 1971 nostro
510 1926 667 1969 libello
687 1924 818 1967 facile
843 1924 1038 1983 intelligi
1054 1933 1230 1979 monet,
1257 1925 1293 1968 si
1314 1933 1549 1968 teneamus

256 2015 348 2044 0550
367 2000 619 2059 fragmenta
641 1997 900 2041 Aristotelis
913 2031 925 2052 ,
944 1997 1146 2040 hominis
1161 1998 1400 2057 Stagiritae.

322 2073 404 2116 His
435 2072 575 2130 igitur
613 2070 892 2114 enumeratis
924 2070 1080 2128 pergit
1120 2070 1503 2114 Schneidewinus
1534 2087 1544 2114 ε

263 2166 280 2183 a
307 2145 432 2202 Ergo
469 2157 558 2200 pro
591 2142 836 2199 explorato
861 2140 1090 2184 habeatur
1113 2143 1364 2188 Aristotelii
1395 2143 1550 2201 operis

256 2218 335 2260 has
355 2231 446 2259 esse
467 2215 683 2272 reliquias
698 2249 709 2269 ,
734 2228 919 2256 mancas
943 2214 1044 2257 illas
1065 2214 1258 2272 quidem
1286 2216 1444 2259 multis
1467 2231 1551 2258 no-

256 2288 456 2331 minibus
474 2322 486 2342 ,
509 2295 553 2330 et
589 2287 625 2330 si
646 2285 704 2330 ad
725 2300 997 2345 generosam
1025 2287 1294 2345 prosapiam
1328 2302 1546 2346 respexe-

255 2361 339 2415 ris,
356 2359 558 2414 frivolas,
577 2358 657 2403 sed
680 2367 732 2401 ut
749 2357 807 2401 de
827 2358 1025 2416 pristino
1041 2357 1212 2402 decore
1233 2375 1331 2403 non
1351 2359 1551 2403 absurda

255 2433 399 2491 possit
429 2432 530 2490 capi
555 2429 845 2488 conjectura,
868 2438 914 2473 et
932 2430 1069 2473 nobis
1091 2446 1194 2475 sero
1212 2433 1328 2475 natis
1343 2433 1393 2474 in
1415 2432 1549 2475 lucro

256 2503 574 2562 deputandum
594 2503 673 2557 sit,
699 2502 780 2546 has
804 2511 959 2546 tamen
974 2503 1176 2562 guttulas
1201 2519 1259 2548 ex
1280 2504 1549 2548 Aristotelio

258 2591 432 2620 oceano
454 2590 699 2634 superesse.
724 2576 974 2619 Pristinum
990 2575 1131 2619 decus
1148 2591 1294 2634 quum
1312 2575 1420 2619 dico
1437 2610 1450 2632 ,
1469 2577 1551 2635 qui

260 2646 575 2689 Aristotelium
599 2647 864 2705 exemplum
889 2647 1159 2706 expressisse
1201 2656 1413 2706 repertus
1454 2656 1548 2702 est,

262 2733 388 2774 eum,
412 2719 497 2762 nisi
527 2718 641 2776 quid
673 2727 835 2762 contra
866 2718 1014 2775 dicat,
1046 2734 1135 2778 par
1170 2728 1237 2763 est
1264 2718 1456 2762 credere
1491 2718 1552 2762 ad

263 2799 500 2834 auctorem
538 2805 671 2833 suum
701 2791 764 2835 ita
805 2790 1334 2846 seseaccommodasse,
1354 2799 1422 2848 'ut
1454 2806 1553 2835 non

265 2871 435 2906 temere
452 2863 651 2905 nativam
669 2864 821 2922 operis
837 2878 1113 2923 compagem
1131 2863 1381 2921 disjiceret.
1402 2864 1552 2923 Igitur

266 2935 347 2992 qui
373 2934 587 2977 ordinem
612 2936 849 2978 civitatum
868 2935 992 2995 apud
1016 2931 1311 2980 Heraclidem
1332 2935 1553 2979 mirabili-

264 3015 334 3050 ter
354 3006 597 3051 confusum
619 3007 852 3066 dictitant,
882 3010 915 3052 ii
937 3009 1223 3069 reputabunt
1238 3041 1250 3063 ,
1280 3007 1394 3066 quid
1417 3022 1551 3051 secu-

267 3089 337 3122 tus
361 3080 418 3123 sit
445 3080 719 3128 ,Aristoteles
740 3081 832 3139 ipse
847 3115 860 3137 ,
886 3081 1099 3125 universe
1121 3080 1313 3140 quidem
1343 3089 1553 3125 constare

267 3162 279 3210 t
298 3151 557 3210 accepimus
578 3153 699 3195 enim
720 3154 1013 3198 Aristotelem
1031 3169 1238 3198 seorsum
1259 3153 1554 3198 collocavisse

265 3224 468 3268 civitates
488 3221 826 3285 δημοκρατικάς,
843 3223 1121 3287 ὂλιγαρχικάς
1136 3261 1147 3282 ,
1171 3222 1550 3288 ἀριστοκρατικάς,

265 3292 530 3358 τυραννικοίς.
552 3292 614 3360 .V·
638 3296 775 3355 Diog.
810 3299 864 3341 L.
891 3300 946 3354 V,
983 3313 1061 3355 27,
1092 3296 1201 3343 coll.
1239 3299 1328 3342 Vit.
1365 3300 1549 3358 Menag.

264 3382 313 3425 p.
338 3371 426 3418 404
449 3399 461 3422 ,
481 3365 543 3411 68
563 3368 809 3411 Westerm.
828 3369 866 3426 );
896 3369 978 3413 sed
1000 3370 1119 3414 illud
1139 3386 1238 3414 non
1268 3385 1398 3429 aeque
1425 3386 1555 3414 com-

267 3447 453 3498 pertum
485 3447 551 3481 est
584 3438 644 3482 ad
675 3439 909 3496 cujusnam
944 3444 1087 3486 aetatis
1121 3452 1289 3487 statum
1320 3444 1557 3487 civitatum

269 3510 746 3568 direxeritjudicium,
764 3528 912 3558 suaene
933 3530 992 3558 an
1008 3516 1283 3574 superioris,
1302 3525 1348 3560 et
1361 3549 1373 3571 ,
1393 3517 1429 3560 si
1446 3516 1555 3569 hoc,

269 3584 329 3628 ad
357 3582 502 3641 cujus.
533 3584 612 3626 Est
645 3583 736 3626 1100
772 3593 919 3629 totum
954 3587 1204 3631 obscurum
1234 3589 1484 3647 multisque
1515 3598 1561 3633 et

271 3656 473 3716 magnis,
498 3655 535 3698 si
568 3669 668 3698 rem
696 3666 900 3701 scrutere
936 3658 1168 3716 subtilius,
1210 3661 1411 3704 obsitum
1442 3659 1561 3704 diffl-

272 3727 544 3782 cultatibus,
578 3727 664 3770 nisi
695 3726 814 3771 sorte
840 3730 967 3772 vanis
1002 3730 1279 3788 conjecturis
1317 3732 1561 3792 indulgere

273 3802 399 3845 melli
421 3809 502 3846 est.
529 3799 601 3844 Ab
627 3799 974 3844 Atheniensium
1000 3804 1192 3860 quidem
1217 3806 1400 3850 civitate
1425 3821 1560 3849 exor-

271 3890 372 3918 sum
394 3873 684 3920 Aristotelem
707 3873 989 3917 crediderim
1011 3885 1056 3918 et
1076 3877 1248 3934 ipsum,
1273 3881 1449 3937 pariter
1464 3895 1562 3922 non

274 3946 498 3990 absonum
544 3944 682 3988 fuerit
722 3952 919 3990 statuere
935 3979 947 4001 ‚
997 3946 1055 3990 ad
1105 3948 1562 3995 Lacedaemoniorum

275 4019 531 4076 perrexisse
547 4050 559 4071 ,
586 4017 1005 4060 aristocraticarum
1037 4019 1373 4065 nobilissimam
1398 4025 1562 4067 urbem

277 4107 381 4134 cum
418 4089 836 4134 democraticarum
871 4090 1153 4139 nobilissima
1184 4095 1559 4140 contendentem.

278 4164 360 4205 Cui
404 4177 629 4207 annexam
668 4161 931 4205 Cretensem
967 4177 1060 4206 0550
1101 4164 1203 4221 quis
1239 4166 1483 4210 mirabitur
1517 4169 1565 4211 in

281 4243 402 4278 tanta
454 4236 691 4293 utriusque
734 4235 1047 4278 institutorum
1090 4236 1422 4281 similitudine?
1460 4241 1564 4283 Post

1205 292 1248 347 Η
1253 300 1331 347 ER
1340 300 1594 349 ACLlDES
1629 300 1955 350 PONTICUS.
2015 333 2023 337 -

243 410 469 459 nonnulla
493 426 657 456 eorum
682 416 784 470 'quae
818 409 877 454 de
903 408 1160 454 Periandro
1185 418 1434 454 narrantur
1461 410 1539 453 iis-
1614 410 1695 454 has
1713 411 1833 454 ratio
1856 407 2013 454 deficit
2032 418 2196 469 estque*
2216 423 2272 453 eo
2311 406 2546 452 difficilius
2559 409 2818 468 procedere
2838 413 2918 456 ub,

248 485 356 530 dem
392 483 488 528 fere
507 483 663 528 verbis
691 483 924 543 Diogenes
950 481 1157 526 Laertius
1192 481 1334 525 refert
1364 481 1541 525 addens
1615 483 1783 538 terius,
1808 483 1916 540 quia
1931 482 2088 524 multae
2110 480 2328 540 dynastiae
2349 490 2652 528 evanuerunt.
2675 482 2789 530 Mihi
2809 493 2916 543 quae
2981 524 2983 526 ,

1614 555 1721 599 sciri
1751 563 2014 613 nequeunt,
2052 569 2111 597 ne
2146 553 2366 596 sciscitari
2397 553 2589 615 quidem
2612 555 2788 615 volupe
2817 562 2937 619 esti,⁴⁹
2980 539 2991 603 's

1615 635 1795 671 tantum
1842 627 1998 670 dicam
2015 659 2027 682 ‚
2077 626 2166 669 nisi
2215 626 2318 684 quis
2366 627 2541 670 eruerit
2594 621 2938 676 Aristoteliumj'·
2981 631 2987 674 ἶ

1618 698 1858 754 ordinem,
1883 696 2141 742 cavendum
2166 711 2283 752 esse,
2316 712 2376 741 ne
2404 697 2731 743 Heraclideam
2748 697 2941 749 seriemj..
2981 695 2987 759 ξ

1615 785 1701 829 per
1717 771 2020 814 temeritatem
2035 777 2364 828 excerptorum
2377 770 2583 814 vitiatam
2595 772 2859 830 opinemur.
2886 765 2939 814 ms«
2982 762 2989 839 ³3

1682 842 1821 887 Vides
1844 850 2136 900 quantopere
2157 841 2216 885 de
2234 841 2397 886 libello
2414 850 2576 886 nostro
2588 842 2767 900 judicia
2784 845 2914 890 viroa
2935 842 2938 843 ⁷
2984 846 2989 898 ζ

1617 929 1723 957 rum
1747 913 1999 956 doctorum
2023 912 2302 971 discrepent.
2341 914 2519 957 Eorum
2554 915 2796 973 opinioni,
2829 916 2911 976 qui

1618 986 1875 1045 fragmenta
1908 1001 1965 1029 ex
1990 986 2312 1045 geographicis
2335 986 2466 1030 libris
2500 984 2695 1031 collecta
2716 990 2941 1047 putantj}

1618 1072 1717 1100 non
1759 1065 1825 1100 est
1871 1072 1955 1100 cur
1988 1057 2309 1102 immoremur.
2353 1059 2524 1102 Utrum
2563 1074 2676 1103 vero
2722 1075 2781 1104 ex
2816 1059 2947 1119 unos>
2986 1062 2992 1103 Ξ

1619 1129 1880 1186 eodemque
1914 1128 2188 1172 Politiarum
2221 1130 2450 1188 scriptore
2483 1130 2640 1174 omnia
2662 1119 2952 1190 11111101·1111;,,Ι
2988 1157 2991 1191 i

1620 1218 1679 1245 an
1703 1217 1759 1245 ex
1798 1201 2006 1256 duobus,
2046 1202 2294 1246 Aristotele
2319 1210 2364 1245 et
2404 1202 2653 1250 Heraclide
2686 1191 2946 1260 Pontico-,41

1619 1274 1693 1318 vel
1715 1274 1852 1318 etiam
1879 1288 1935 1316 ex
1963 1273 2282 1332 compluribus
2298 1309 2310 1333 ,
2345 1273 2516 1333 eclogae
2551 1283 2777 1335 congestae
2796 1275 2912 1332 sint',
2990 1309 2995 1324 ,

1619 1347 1669 1390 1(1
1689 1361 1796 1390 sane
1812 1347 1861 1389 111
1876 1345 2261 1405 disceptationem
2282 1346 2443 1390 venire
2458 1354 2628 1405 potest.
2648 1347 2768 1391 Nam
2784 1347 2917 1406 quod
2935 1359 2947 1405 j
2989 1350 2996 1393 ἔ

1621 1418 2003 1463 Schneidewinus
2035 1433 2125 1477 pro
2147 1418 2393 1476 explorato
2418 1419 2556 1477 ponit
2578 1417 2917 1477 confidentius,
2932 1431 2946 1458 1³

1621 1491 1672 1535 id
1696 1492 2080 1550 circumspectior
2104 1491 2270 1549 aliquis
2288 1491 2472 1535 nonnisi
2489 1481 2938 1538 verisimilitudinis.
2992 1508 2995 1532 ³

1621 1565 1822 1623 speciem
1852 1579 1948 1623 prae
1983 1579 2029 1607 se
2064 1563 2186 1607 ferre
2224 1562 2411 1607 dixerit.
2451 1563 2704 1623 Complura
2748 1566 2918 1610 nostris
2992 1611 2995 1626 L

1620 1638 1764 1680 inesse
1792 1653 1894 1695 quae
1918 1637 2155 1680 Aristoteli
2179 1636 2455 1691 debeantur,
2482 1637 2532 1679 in
2549 1638 2919 1696 propatulocst,
2994 1660 2998 1665 =

1621 1724 1775 1768 neque
1799 1711 2043 1768 quisquam
2062 1709 2264 1768 negavit.
2289 1709 2361 1753 Sic
2377 1708 2591 1752 historias
2607 1707 2666 1752 de
2684 1708 2918 1754 Tenedio-

1621 1797 1727 1825 rum
1759 1797 1869 1842 rege
1898 1781 1980 1842 (fr.
2024 1781 2081 1842 9)
2110 1790 2155 1824 et
2193 1780 2252 1824 de
2284 1781 2463 1824 Arcisio
2507 1778 2594 1840 (fr.
2623 1779 2707 1835 38)
2737 1789 2917 1826 tantum

1621 1869 1721 1897 non
1754 1853 1918 1897 iisdem
1943 1853 2096 1897 verbis
2130 1867 2187 1896 ex
2214 1853 2461 1896 Aristotele
2497 1852 2639 1896 refert
2661 1853 2930 1912 Stephanus.

1621 1926 1880 1984 Byzantius.
1909 1927 2138 1969 Praeterea
2167 1939 2268 1983 quae
2289 1925 2339 1968 in
2358 1925 2636 1969 vSamiorum
2657 1926 2823 1984 politia
2847 1927 2919 1975 1οι-

1622 2008 1812 2059 guntur,
1843 2000 1955 2042 item
1991 2014 2048 2042 ex
2087 1998 2336 2042 Aristotele
2363 1998 2594 2056 exscripta
2622 2012 2714 2042 esse
2737 1998 2919 2056 proba-2

1622 2072 1716 2115 bile
1751 2080 1847 2132 est3
1885 2085 2168 2129 quamquam
2201 2070 2276 2114 vel
2310 2069 2403 2113 hoc
2440 2071 2594 2113 minus
2627 2068 2931 2122 confidentem-

1624 2144 1850 2200 dixerim,
1878 2144 2102 2202 quoniam
2125 2143 2231 2187 satis
2255 2143 2404 2201 liquet
2434 2141 2622 2189 fontem.
2638 2157 2800 2186 eorum
2825 2157 2919 2188 esse

1623 2217 1824 2261 Annales
1846 2216 2079 2276 Eugeonis
2101 2215 2273 2270 Samii,
2301 2215 2383 2273 qui
2417 2215 2677 2258 communis
2700 2215 2919 2274 complu·

1622 2290 1747 2333 rium
1762 2288 1866 2333 fons
1883 2304 1976 2333 esse
1994 2297 2198 2348 poterat.
2217 2286 2358 2331 Haud
2372 2286 2561 2345 majoris
2575 2288 2802 2332 momenti
2813 2294 2921 2332 sunt

1625 2377 1727 2420 quae
1753 2361 1811 2405 de
1846 2361 2105 2405 Periandro
2129 2359 2255 2420 apud
2287 2361 2511 2404 Nostrum
2543 2368 2591 2404 et
2623 2361 2955 2419 Aristotelem*v

1624 2435 1859 2494 leguntur.
1901 2435 2020 2478 Nam
2059 2433 2222 2477 eadem
2254 2433 2461 2476 narravit
2497 2433 2739 2492 Ephorus,
2777 2447 2919 2492 quem
2947 2440 2954 2466 ἰ

1622 2521 1717 2549 una
1763 2521 1870 2550 cum
1911 2505 2160 2550 Aristotele
2202 2503 2362 2547 laudat
2403 2502 2639 2563 Diogenes
2687 2505 2925 2552 Laertius.
2941 2498 2966 2545 *Ἦ

1625 2579 1806 2638 Ephori
1831 2587 1986 2622 autem
2011 2578 2329 2635 narrationem
2349 2577 2490 2620 etiam
2509 2576 2558 2619 in
2577 2576 2676 2620 aliis
2705 2577 2919 2633 Heracli·
2963 2574 2966 2576 ’

1626 2650 1723 2694 (1015
1746 2651 2051 2710 agnoscimus.
2078 2649 2153 2693 Sic
2175 2664 2277 2707 quae
2295 2649 2346 2691 in
2365 2647 2652 2692 Cretensium
2681 2648 2923 2708 republica

1625 2723 1843 2782 leguntur
1867 2738 1975 2766 cum
1999 2723 2054 2765 iis
2082 2737 2184 2780 quae
2209 2735 2267 2764 ex
2286 2720 2479 2780 Ephoro
2517 2718 2612 2780 (fr,
2631 2719 2691 2772 64
2711 2718 2724 2780 )
2751 2721 2920 2765 Strabo

1624 2794 1791 2850 refert,
1832 2795 2004 2837 mirum
2032 2795 2081 2837 in
2105 2791 2302 2837 modum
2337 2793 2625 2839 concinunt..
2644 2794 2720 2837 Ex
2752 2792 2919 2838 eodem

1625 2866 1754 2910 fonte
1776 2881 1829 2910 ea
1847 2864 2068 2909 fluxerint
2080 2880 2181 2924 quae
2198 2863 2257 2908 de
2276 2866 2492 2923 Lycurgo
2506 2861 2715 2926 κρυπτίας
2729 2873 2922 2910 auctore

1626 2939 1752 2999 apud
1776 2940 1996 2983 Nostrum
2007 2946 2253 2993 notantur,
2270 2937 2527 2996 praesertim
2541 2950 2687 2995 quum
2702 2937 2923 2982 Lacedae-

1626 3012 1895 3056 moniorum
1915 3011 2122 3054 instituta
2139 3009 2296 3053 omnia
2313 3009 2387 3052 vel
2405 3016 2528 3053 certe
2554 3009 2694 3069 longe
2712 3009 2920 3068 plurima

1627 3084 1688 3129 ad
1716 3087 1984 3143 Lycurgum
2010 3083 2154 3126 relata
2191 3081 2249 3125 ab
2280 3081 2474 3139 Ephoro
2500 3095 2594 3124 esse
2617 3081 2728 3126 inde
2766 3089 2920 3143 patet,

1629 3156 1760 3216 quod
1792 3156 2008 3215 Ephorus
2050 3153 2135 3214 (fr.
2158 3152 2247 3214 30)
2285 3153 2605 3208 Hellanicum,
2641 3162 2696 3197 ut
2732 3155 2814 3214 qui
2847 3169 2922 3201 se-

1630 3245 1708 3273 cus
1724 3228 1886 3272 fecerit
1898 3262 1909 3283 ,
1924 3226 2245 3286 reprehendit.
2262 3226 2478 3285 Denique
2494 3226 2710 3285 Ephorus
2723 3227 2924 3272 maxime

1628 3302 1785 3345 notari
1809 3300 1996 3344 videtur
2020 3299 2080 3343 fr.
2107 3314 2133 3343 2
2165 3299 2267 3342 init.
2294 3298 2452 3342 verbis
2476 3314 2487 3342 t
2515 3295 2610 3354 Τὴν
2642 3297 2922 3359 Λακεδαιμο-

1629 3370 1728 3417 νίων
1764 3369 1986 3417 πολιτείαν
2012 3369 2121 3422 τινὲς
2146 3367 2384 3433 Λυκούργῳ
2406 3367 2729 3434 προσάπτουσιν
2753 3377 2922 3418 πᾶσαν.

1630 3445 1805 3503 Quidni
1826 3445 1968 3505 igitur
1991 3444 2259 3490 Heraclides
2288 3444 2385 3487 haec
2410 3459 2467 3488 ex
2489 3445 2590 3503 ipso
2619 3444 2838 3504 Ephoro,
2864 3444 2924 3489 si-

1631 3519 1727 3561 cuti
1742 3517 2032 3573 Aristoteles,
2044 3517 2231 3565 haurire
2246 3515 2430 3575 potuit?
2448 3515 2772 3574 Alia'denique
2792 3530 2924 3560 com·-

1629 3590 1768 3648 plura
1790 3589 2019 3647 ejusmodi
2041 3597 2171 3644 sunt,
2203 3597 2256 3632 ut
2278 3602 2417 3632 nemo
2436 3588 2558 3631 ullus
2573 3620 2586 3644 ,
2620 3587 2703 3646 qui
2736 3587 2925 3632 Politias
2943 3634 2946 3638 ,

1633 3662 1926 3707 conscribere
1944 3660 2302 3721 aggrederetur,
2322 3660 2536 3703 omittere
2557 3674 2609 3703 ea
2625 3667 2796 3718 posset.
2819 3659 2925 3717 Quo

1633 3727 1869 3793 pertinent
1892 3733 2024 3794 quod
2058 3733 2109 3777 in
2138 3732 2488 3777 Atheniensium
2517 3732 2683 3790 politia
2709 3732 2844 3776 -Ionis
2866 3723 2941 3787 ab

1634 3809 1750 3851 Ione
1783 3821 1958 3850 nomen
1991 3805 2164 3850 habere
2189 3804 2427 3859 dicuntur,
2455 3802 2586 3862 quod
2621 3796 2671 3846 in
2703 3802 2896 3848 Lacedae

1634 3880 1928 3933 moniorum,
1969 3877 2258 3923 Cretensium
2303 3884 2350 3920 et
2388 3876 2716 3934 Cyrenaeorum
2752 3870 2937 3931 Politiiss'

1635 3950 1919 4010 Terpandri,
1953 3949 2122 3994 Minois
2157 3957 2203 3992 et
2239 3948 2360 3992 Batti
2395 3949 2571 3991 mentio
2603 3945 2672 3990 fit.
2702 3947 2932 3991 Praeter

1634 4038 1734 4067 non
1763 4022 1890 4066 deest
1909 4022 2040 4065 locus
2054 4054 2066 4076 ‚
2088 4020 2171 4064 ubi
2191 4019 2462 4064 Heraclides
2485 4019 2544 4063 ab
2568 4018 2815 4063 Aristotele
2835 4014 2906 4061 di‘
2922 4016 2942 4057 ‘ss

1635 4096 1789 4139 sentit.
1805 4096 1923 4139 Nam
1942 4091 2213 4139 Heraclides
2236 4089 2317 4152 (fr.
2342 4106 2361 4134 1
2382 4125 2394 4147 ,
2415 4089 2496 4152 8),
2518 4090 2651 4135 sicuti
2667 4089 2860 4148 Theopo

1637 4182 1750 4227 pus,
1787 4169 1851 4211 ait
1885 4167 2124 4211 Cimonem
2147 4162 2161 4224 (
2180 4164 2256 4208 cui
2295 4164 2472 4208 librarii
2510 4177 2644 4207 error
2681 4160 2929 4220 Ephialta·

1641 4237 1899 4300 substituit)
1926 4239 2174 4282 hortorum
2203 4251 2393 4280 suorum
2428 4235 2611 4295 copiam
2636 4232 2814 4286 dedisse
2839 4229 2955 4293 ⁴1⁰3(-
