3008 4542
214 306 305 347 508

214 407 300 453 ὑπὸ
324 409 408 453 τῶν
430 404 563 471 φίλων
585 406 966 468 ἀπετυμπανίσθη.
1039 407 1326 471 Ἀπολομένου
1355 410 1399 456 δὲ
1416 409 1509 457 τού-

215 499 290 526 του
336 478 603 532 συνελθόντες
627 481 666 526 οἱ
701 479 1084 534 ἐπιδουλεύσαντες
1118 483 1235 546 αὐτῷ
1277 486 1398 546 κοινῇ
1430 481 1508 541 τὴν

218 550 440 615 βασιλείαν
466 550 726 615 περιέθηκαν
751 551 1018 622 Ναὸοννῇδῳ
1049 552 1129 600 τινὶ
1164 557 1248 600 τῶν
1281 556 1330 600 ἐκ
1361 554 1507 602 Bozen-

213 625 370 684 λῶνος,
395 622 485 670 ὄντι
505 625 554 671 ἐκ
579 626 656 681 τῆς
674 624 805 682 αὐτῆς
824 624 1160 678 ἐπισυστάσεως.
1234 625 1335 673 Ἐπὶ
1359 625 1509 673 τούτου

213 694 268 740 τὰ
285 694 382 760 περὶ
403 694 475 742 τὸν
501 695 697 758 ποταμὸν
720 698 843 760 τείχη
870 700 944 753 τῆς
969 695 1258 744 Βαὸυλωνίων
1279 697 1443 751 πόλεως
1466 698 1509 753 ἐξ

214 769 351 824 ὀπτῆς
374 768 549 815 πλίνθου
568 768 642 815 καὶ
664 768 884 834 ἀσφάλτου
906 768 1229 830 κατεκοσμήθη.
1302 768 1450 828 Οὔσης
1466 770 1511 817 δὲ

213 843 290 897 τ’ῆς
316 840 536 903 βασιλείας
568 843 695 888 αὐτοῦ
722 843 764 887 ἓν
788 843 851 905 τῷ
873 841 1229 905 ἑπτακαιδεκάτῳ
1249 839 1512 907 ἔτει,προεξ-

215 912 430 971 εληλυθὼς
475 915 614 977 Κῦρος
639 915 686 960 ἐκ
705 917 781 970 τῆς
805 911 1014 976 Περσίδος
1035 913 1144 974 μετὰ
1165 913 1382 975 δυνάμεως
1402 915 1510 960 πολ-

213 986 313 1045 λ’ῆς,
344 985 418 1032 καὶ
441 984 853 1050 καταστρεψάμενος
887 983 964 1042 τὴν
989 983 1144 1042 λοιπὴν
1167 984 1310 1033 Ἀσίαν
1348 994 1510 1045 πᾶσαν,

214 1055 418 1123 ὥρμησεν
462 1058 534 1106 ἐπὶ
572 1062 647 1115 τῆς
672 1056 970 1111 Βαὸυλωνίας.
1043 1057 1305 1120 Αἷσθόμενος
1339 1056 1383 1105 δὲ
1416 1061 1510 1106 Να-

214 1128 416 1188 ὅόννηδος
451 1128 525 1187 τὴν
548 1128 695 1194 ἔφοδον
732 1132 888 1186 αὐτοῦ,
913 1129 1167 1187 ἀπαντήσας
1198 1130 1308 1192 μετὰ
1332 1135 1409 1188 τῆς
1433 1132 1510 1178 δυ-

211 1202 380 1265 νάμεως
418 1202 493 1249 καὶ
536 1202 922 1267 παραταξάμενος,
961 1203 1161 1260 ἡττηθεὶς
1194 1206 1246 1267 τῇ
1272 1206 1396 1268 μάχῃ
1435 1203 1510 1251 καὶ

213 1274 358 1341 φυγὼν
394 1275 640 1337 ὀλιγοστὸς,
668 1274 945 1333 συνεκλείσθη
990 1277 1049 1329 εἷς
1081 1275 1157 1333 τὴν
1194 1277 1509 1338 Βορσιππηνῶν

212 1347 353 1397 πόλιν.
426 1351 568 1412 Κῦρος
590 1346 634 1394 δὲ
650 1346 892 1395 Βαὸυλῶνα
919 1347 1293 1409 καταλαὸόμενος,
1318 1348 1391 1395 καὶ
1411 1368 1509 1396 συν-

212 1420 342 1476 τάξας
379 1421 432 1467 τὰ
471 1420 551 1475 ἔξω
575 1423 652 1477 τῆς
687 1419 853 1473 πόλεως
876 1420 998 1484 τείχη
1025 1421 1331 1486 κατασκάψαι,
1354 1419 1424 1468 διὰ
1462 1421 1511 1468 τὸ

212 1493 310 1541 λίαν
332 1496 448 1559 αὐτῷ
474 1491 784 1556 πραγματικὴν
818 1492 893 1539 καὶ
919 1493 1166 1540 δυσάλωτον
1207 1497 1394 1558 φανῆναι
1431 1492 1510 1552 τὴν

213 1566 355 1628 πόλιν,
388 1565 601 1621 ἀνέζευξεν
639 1565 710 1612 ἐπὶ
752 1563 1019 1630 Βόρσιππον,
1055 1565 1404 1630 ἐκπολιορκήσων
1439 1566 1510 1612 τὸν

213 1638 507 1696 Ναὸόννηδον.
581 1641 670 1687 Τοῦ
698 1636 741 1684 δὲ
766 1637 1051 1694 Ναὸοννήδου
1091 1640 1173 1703 οὐχ
1206 1637 1512 1699 ὑπομείναντος
1540 1618 1548 1712 Ι

213 1711 292 1769 τὴν
315 1709 584 1773 πολιορκίαν,
619 1711 717 1758 ἀλλ’
758 1710 1087 1775 ἕγχειρήσαντος
1122 1710 1265 1771 αὑτὸν,
1305 1710 1510 1776 πρότερον

212 1783 487 1847 χρησάμενος
510 1785 653 1849 Κῦρος
673 1781 1011 1849 φιλανθρώπως,
1048 1782 1122 1829 καὶ
1149 1782 1243 1837 δοὺς
1267 1782 1512 1847 οἰκητήριον

213 1858 328 1918 αὐτῷ
357 1855 628 1920 Καρμανίαν,
651 1855 892 1920 ἐξέπεμψεν
917 1857 965 1902 ἐκ
986 1860 1063 1914 τ’ῆς
1086 1855 1386 1910 Βαὸυλωνίας.
1412 1859 1509 1904 Να-

215 1927 416 1984 ὅόννηδος
440 1927 517 1991 μὲν
555 1920 626 1975 οῦν
665 1927 713 1975 τὸ
752 1927 901 1975 λοιπὸν
939 1932 1013 1975 τοῦ
1037 1928 1192 1992 χρόνου
1218 1927 1513 1993 διαγενόμενος

212 2002 255 2047 ἐν
285 2002 425 2063 ἐκείνῃ
450 2005 503 2066 τῇ
524 2001 648 2066 χώρᾳ
673 2001 935 2066 κατέστρεψε
953 2001 1023 2047 τὸν
1049 2000 1154 2065 βίον.
1180 2023 1199 2044 »

276 2077 480 2120 Plurima
515 2077 687 2120 horum
722 2092 779 2121 ex
809 2076 1011 2134 Josepho
1040 2076 1269 2135 excerpsit
1291 2076 1514 2120 Eusebius

212 2149 387 2194 Chron.
415 2164 464 2208 p.
491 2164 551 2208 29
576 2164 700 2208 sqq.,
724 2151 775 2193 P.
804 2151 858 2195 E.
880 2149 973 2204 IX,
1005 2163 1056 2191 11
1088 2157 1134 2192 et
1166 2153 1249 2204 4ο,
1270 2164 1320 2207 p.
1349 2153 1440 2200 414
1468 2157 1516 2192 et⁴

215 2219 333 2278 4553
355 2236 409 2265 ex
436 2223 637 2266 Eusebio
659 2223 860 2281 Syncell.
882 2237 932 2280 p.
963 2236 1056 2264 220
1077 2236 1146 2280 sq.
1175 2221 1245 2267 Cf.
1268 2221 1513 2265 Africanus

211 2310 285 2353 ap.
308 2294 476 2338 Euseb.
499 2296 552 2340 P.
574 2296 628 2338 E.
655 2296 719 2350 X,
742 2310 816 2350 10,
835 2310 885 2354 p.
910 2293 1023 2352 488,
1040 2295 1093 2349 Β,
1119 2293 1204 2337 ubi
1227 2309 1237 2337 ε
1260 2295 1334 2338 τοῦ
1362 2291 1403 2337 δὲ
1420 2294 1512 2339 Να-

213 2363 523 2429 ὃουχοδονόσορ
564 2364 823 2427 μνημονεύει
872 2365 1107 2429 Βηρωσσὸς
1148 2368 1171 2411 ὃ
1214 2363 1507 2417 Βαὸυλώνιος,

211 2441 426 2484 Tatianus
449 2455 523 2498 ap.
546 2439 747 2483 eundem
763 2456 813 2499 p.
843 2439 958 2499 493,
982 2442 1051 2484 A:
1079 2437 1372 2501 Βηρωσσὸς...
1398 2439 1511 2501 ἀφη-

211 2511 350 2573 γεῒται
378 2510 488 2563 τινὸς
521 2512 657 2556 αὐτῶν
688 2511 875 2573 (regum
909 2512 1095 2572 Babyl.)
1119 2509 1255 2570 ὄνομα
1280 2508 1510 2572 Ναὸουχο-

212 2583 384 2646 δονόσορ
416 2588 488 2630 τοῦ
523 2584 914 2646 συστρατεύσαντος
952 2583 1023 2629 ἐπὶ
1055 2582 1263 2636 Φοίνικας
1290 2581 1364 2629 καὶ
1395 2581 1510 2629 Ἰου-
1546 2551 1553 2624 i

211 2736 337 2774 quum
365 2725 495 2764 adhuc
522 2737 619 2776 puer
646 2727 769 2775 esset,
800 2737 968 2776 regnum
1001 2725 1164 2776 quidem
1194 2725 1322 2764 tenuit
1355 2735 1510 2764 menses

211 2799 377 2838 novem;
395 2800 464 2839 per
481 2789 641 2829 insidias
656 2787 752 2829 v'ero
766 2820 777 2839 ,
795 2790 902 2840 quod
920 2790 1090 2829 multam
1107 2789 1248 2829 indolis
1273 2790 1509 2839 pravitatem

211 2865 294 2904 prae
310 2865 351 2894 se
374 2855 517 2904 ferret,
546 2866 570 2894 a
597 2856 828 2895 necessariis
851 2855 932 2895 suis
956 2867 1049 2895 cum
1079 2855 1257 2894 cruciatu
1279 2856 1510 2894 interfectus

212 2922 287 2960 est.
344 2921 431 2959 Hoc
451 2923 584 2959 autem
613 2923 841 2971 perempto,
875 2933 1001 2972 quum
1036 2922 1138 2960 inter
1153 2933 1194 2961 se
1210 2921 1393 2961 coiissent
1414 2921 1508 2960 insi-

213 2983 386 3023 diatores
402 2984 507 3034 ejus,
529 2985 734 3023 communi
751 2997 945 3025 consensu
961 2997 1128 3035 regnum
1160 2986 1339 3025 detulere
1357 2985 1406 3025 ad
1427 2988 1507 3025 Na-

212 3047 440 3088 bonnedum
477 3048 677 3097 quendam
709 3047 999 3098 Babylonium,
1032 3050 1100 3099 qui
1127 3050 1168 3088 et
1194 3049 1276 3099 ipse
1298 3048 1339 3087 in
1373 3051 1508 3087 eadem

213 3112 487 3162 conjuratione
505 3113 647 3151 fuerat.
703 3114 790 3151 Hoc
808 3115 996 3162 regnante
1013 3113 1224 3162 Babylonis
1243 3112 1404 3161 moenia,
1421 3122 1511 3162 quae

213 3175 366 3216 flumini
386 3176 641 3225 adjacebant,
659 3187 710 3215 ex
730 3178 843 3215 cocto
863 3177 986 3215 latere
1002 3178 1041 3215 et
1057 3177 1250 3215 bitumine
1269 3175 1510 3226 splendidius

213 3241 410 3281 aedificata
435 3241 540 3279 sunt.
596 3242 729 3286 Quum
766 3240 900 3278 autem
928 3241 1041 3290 regni
1067 3241 1151 3290 eJus
1174 3251 1301 3279 annus
1332 3240 1509 3279 decimus

215 3307 404 3358 septimus
419 3307 615 3356 ageretur,
637 3308 765 3355 Cyrus
785 3317 834 3345 ex
865 3305 1024 3345 Perside
1040 3317 1131 3345 curn
1149 3306 1295 3356 ingenti
1312 3306 1511 3356 profectus

214 3370 391 3411 exercitu
408 3401 418 3420 ,
435 3381 482 3409 ac
501 3369 698 3419 reliquum
721 3369 806 3419 ejus
836 3370 1046 3419 imperium
1071 3371 1304 3420 populatus,
1326 3370 1365 3408 in
1381 3369 1508 3419 Baby-

214 3435 363 3475 loniam
396 3434 520 3484 ipsam
555 3434 712 3473 invasit.
771 3436 903 3479 Quam
937 3434 1021 3483 ejus
1051 3434 1349 3484 impressionem
1385 3445 1509 3484 quum

213 3499 395 3539 sensisset
411 3496 677 3538 Nabonnedus
689 3527 699 3546 ,
718 3497 876 3536 obviam
894 3508 1068 3547 egressus
1084 3509 1175 3536 cum
1193 3499 1394 3548 exercitu,
1412 3500 1511 3538 acie·

214 3574 293 3614 que
322 3564 503 3602 conserta
530 3572 660 3611 pugna
687 3562 834 3609 victus,
865 3563 905 3600 et
933 3573 1024 3601 cum
1055 3561 1190 3612 paucis
1229 3563 1319 3612 suga
1341 3564 1510 3602 salutem

214 3639 398 3679 quoerens
412 3659 423 3676 ‚
444 3638 528 3667 sese
543 3627 583 3666 in
604 3627 935 3677 Borsippenorum
952 3627 1141 3678 oppidum
1164 3628 1361 3667 inclusum
1386 3628 1506 3668 dedit.

215 3698 346 3743 Cyrus
361 3695 510 3742 autem,
530 3692 730 3742 Babylone
747 3693 860 3742 capta
873 3722 884 3740 ,
902 3693 1198 3743 constitutoque
1213 3695 1409 3734 exteriora
1427 3695 1511 3744 ejus

216 3759 327 3798 urbis
354 3759 600 3798 munimenta
629 3757 810 3807 diruere,
832 3758 939 3807 quod
968 3758 1168 3798 civitatem
1196 3759 1347 3799 videret
1375 3760 1426 3799 ad
1450 3772 1511 3800 res

216 3834 339 3862 novas
356 3822 540 3861 mobilem
554 3852 564 3871 ,
582 3821 721 3860 urbem
737 3832 831 3860 vero
849 3823 1076 3872 expugnatu
1100 3822 1302 3863 difficilem
1318 3854 1328 3873 ,
1350 3824 1441 3863 inde
1469 3824 1510 3864 in

217 3887 448 3937 Borsippum
465 3885 741 3936 proficiscitur,
760 3885 1046 3926 Nabonnedum
1064 3887 1308 3927 obsessurus.
1357 3889 1509 3928 Nabon-

217 3950 363 3990 nedum
387 3952 518 3989 autem
535 3980 547 4000 ,
576 3961 702 4000 quum
728 3960 809 3988 non
825 3949 978 3988 tulisset
1006 3950 1249 3990 obsidionem
1268 3981 1278 4000 ,
1309 3952 1378 3991 sed
1402 3953 1511 4002 prius

1579 1531 1601 1553 :l

1271 303 1495 353 BEROSI
1531 305 1830 356 CHALDAEI

1580 411 1740 466 δαίους.
1766 442 1831 450 -
1844 418 1916 462 De
1931 417 2192 464 Nabonedo
2210 419 2270 465 cf.
2290 428 2390 469 not.
2413 422 2472 466 ad
2489 422 2545 469 fr.
2571 438 2595 479 7
2615 432 2661 468 et
2678 394 2888 471 Clintouss

1578 491 1632 546 p.
1662 486 1769 544 372.

2164 562 2220 610 14
2258 574 2301 602 a.

1646 647 1854 693 Clemens
1869 649 1999 695 Alex.
2021 651 2194 696 Strom.
2213 653 2260 708 Ι,
2277 668 2326 712 p.
2347 652 2440 713 329
2458 668 2469 700 :
2498 651 2577 699 Ἐν
2602 653 2647 699 δὲ
2669 655 2730 719 τῷ
2750 654 2879 701 δωδε·

1581 714 1700 781 κάτῳ
1738 716 1823 764 ἔτει
1857 722 1933 778 τῆς
1963 722 2165 769 Σεδεκῖου
2193 722 2434 787 βασιλείας,
2468 724 2882 790 Ναὸουχοδ·)νόσορ,

1581 788 1663 852 πρὸ
1696 793 1772 847 τῆς
1805 793 1987 857 Περσῶν
2024 794 2254 857 ἡγεμονίας
2285 794 2422 843 ἔτεσιν
2457 797 2779 861 ἑὸδομήκοντα,
2808 798 2882 846 ἐπὶ

1583 861 1792 916 Φοίνικας
1816 863 1890 911 καὶ
1912 864 2143 921 Ἰουδαίους
2167 867 2465 932 ἐστράτευσεν,
2488 868 2544 924 ὥς
2567 889 2671 935 φησι
2696 869 2881 936 Βήρωσ-

1583 951 1652 986 σος
1673 936 1715 980 ἐν
1734 938 1829 989 ταῖς
1843 936 2114 992 Χαλδαϊκαῖς
2132 940 2362 1005 ἱστορίαις·
2383 941 2523 995 Ἰόὸας
2544 942 2588 990 δὲ
2607 943 2706 1008 περὶ
2726 943 2880 992 Ἀσσυ-

1585 1005 1683 1076 ρίων
1707 1007 1900 1074 γράφων,
1927 1012 2128 1075 ὁμολογεῖ
2153 1011 2228 1069 τὴν
2263 1013 2452 1079 ἱστορίαν
2484 1014 2603 1081 παρὰ
2643 1014 2881 1082 Βηρώσσου

1584 1078 1805 1143 εἰληφέναι
1830 1085 2059 1147 μαρτυρῶν
2078 1082 2157 1142 τὴν
2183 1084 2387 1142 ἀλήθειαν
2413 1087 2579 1153 τάνδρί.
2602 1091 2659 1137 V.
2686 1089 2878 1136 Boeckh.

1581 1153 1835 1211 Manetko,
1862 1171 1911 1215 p.
1941 1155 2052 1209 334.
2161 1171 2163 1173 ’

2032 1236 2042 1249 ²
2197 1221 2272 1268 15.

1647 1317 1932 1376 Theophilus
1969 1317 2187 1362 Antioch.
2229 1318 2303 1362 Ad
2335 1320 2552 1380 Autolyc.
2588 1322 2680 1379 ΙΙΙ,
2706 1337 2756 1381 p.
2791 1311 2890 1378 13⁹9
2947 1281 3008 1350 Ξ

1583 1390 1659 1437 ed.
1684 1392 1788 1434 Par.
1817 1405 1828 1433 ε
1855 1385 1961 1436 ’Ότι
1986 1386 2030 1434 δὲ
2054 1387 2152 1453 περὶ
2169 1380 2227 1435 ὦν
2253 1406 2394 1454 φαμεν
2414 1390 2581 1454 χρόνων
2609 1389 2779 1458 συνᾴδει
2803 1391 2880 1439 καὶ

1585 1461 1814 1524 Βήρωσος,
1835 1463 1857 1507 ὃ
1881 1459 2002 1525 παρὰ
2023 1460 2258 1515 Χαλδαίοις
2279 1462 2572 1528 φιλοσοφήσας
2589 1463 2664 1511 καὶ
2689 1463 2883 1528 μηνύσας

1608 1535 1796 1591 Ελλησιν
1821 1532 1873 1580 τὰ
1900 1532 2135 1582 Χαλδαϊκὰ
2155 1533 2423 1599 γράμματα,
2449 1535 2493 1591 ὃς
2523 1537 2763 1592 ἀκολούθως
2786 1536 2883 1584 τινὰ

1584 1606 1728 1670 εἴρηκε
1757 1609 1819 1669 τῷ
1855 1608 2036 1654 Μωυσεῖ
2062 1605 2161 1671 περί
2190 1626 2237 1654 τε
2273 1609 2583 1671 κατακλυσμοῦ
2614 1609 2690 1657 καὶ
2723 1607 2880 1674 ἑτέρων

1587 1681 1757 1726 πολλῶν
1775 1677 2014 1744 ἓξιστορῶν.
2031 1676 2135 1726 Ἔτι
2153 1679 2239 1742 μὴν
2255 1680 2331 1728 καὶ
2342 1687 2427 1734 τοῖς
2441 1681 2680 1748 προφήταις
2691 1681 2881 1747 Ἱερεμίᾳ

1586 1751 1661 1800 καὶ
1682 1750 1848 1810 Δανιὴλ
1869 1751 2080 1817 σύμφωνα
2095 1754 2152 1799 ’ἐκ
2177 1752 2328 1818 μέρους
2352 1753 2521 1820 εἴρηκε,
2543 1754 2599 1802 τὰ
2617 1754 2700 1819 γὰρ
2730 1757 2879 1821 (1.-γε)

1588 1825 1815 1886 συμὸάντα
1838 1826 1924 1879 τοῖς
1955 1824 2174 1880 Ἰουδαίοις
2199 1824 2280 1873 ὑπὸ
2314 1831 2388 1874 τοῦ
2422 1827 2633 1892 βασιλέως
2667 1827 2884 1876 Βαὸυλω-

1586 1897 1705 1958 νίων,
1742 1897 1786 1944 ὃν
1820 1897 1945 1952 αὐτὸς
1971 1898 2170 1959 ὀνομάζει
2210 1898 2552 1965 Ἀὅοὸάσσαρον,
2590 1899 2799 1959 κέκληται
2835 1899 2880 1948 δὲ

1587 1968 1707 2033 παρὰ
1727 1969 1949 2033 Ἕὸραίοις
1965 1970 2368 2037 Ναὸουχοδονόσορ.
2442 1971 2676 2035 Μέμνηται
2693 1973 2767 2035 καὶ
2783 1973 2882 2037 περὶ

1587 2046 1659 2088 τοῦ
1682 2045 1782 2087 ναοῦ
1802 2043 1844 2087 ἐν
1867 2041 2178 2106 Ἱεροσολύμοις
2190 2081 2202 2102 ,
2222 2046 2278 2097 ὣς
2295 2046 2554 2108 ἠρημῶσθαι
2575 2045 2658 2092 ὑπὸ
2673 2049 2747 2092 τοῦ
2763 2047 2885 2094 Χαλ-

1588 2112 1718 2158 δαίων
1754 2112 1992 2177 βασιλέως,
2017 2114 2090 2160 καὶ
2121 2113 2187 2161 ὅτι
2208 2114 2352 2179 Κύρου
2386 2115 2435 2162 τὸ
2459 2115 2650 2180 δεύτερον
2679 2116 2770 2172 ἔτος
2799 2121 2883 2182 βα·

1588 2183 1861 2240 σιλεύσαντος
1888 2190 1961 2233 τοῦ
1988 2191 2090 2234 ναοῦ
2115 2189 2198 2233 τῶν
2224 2187 2430 2249 θεμελίων
2452 2188 2673 2248 τεθέντων,
2698 2191 2880 2256 Δαρείου

1586 2260 1716 2306 πάλιν
1733 2258 2124 2323 βασιλεύσαντοςτὸ
2141 2259 2335 2327 δεύτερον
2353 2261 2444 2317 ἔτος
2456 2266 2478 2310 ὃ
2493 2262 2591 2318 ναὸς
2609 2263 2879 2325 ἐπετελέσθη.

2200 2335 2270 2381 16.
2724 2377 2728 2380 ,

1654 2436 1865 2481 Clemens
1887 2436 2022 2482 Alex.
2046 2437 2200 2483 Protr.
2225 2438 2273 2493 Ι,
2302 2435 2346 2493 5,
2369 2453 2418 2497 p.
2450 2453 2507 2498 19
2532 2439 2658 2497 Sylb.
2690 2454 2701 2483 ε
2726 2436 2882 2501 Ἀγάλ-

1589 2526 1706 2570 ματα
1732 2507 1809 2570 μὲν
1831 2510 1937 2555 θεῶν
1958 2509 2004 2554 οὗ
2044 2506 2150 2562 ξύλα
2169 2507 2406 2572 καὶ-λίθους
2430 2508 2714 2575 ὑπειλήφασιν
2734 2508 2881 2578 ὥσπερ

1586 2577 1802 2637 υΕλληνες
1821 2617 1834 2643 ,
1859 2578 1955 2627 οὐδὲ
1993 2578 2078 2641 μὴν
2106 2578 2247 2633 ἴὸιδας
2273 2579 2348 2627 καὶ
2373 2578 2652 2644 ἰχνεύμονας,
2686 2581 2880 2647 καθάπερ

2157 2726 2229 2767 14.
2269 2735 2310 2767 a.

1636 2816 1883 2856 Duodecimn
1899 2826 2004 2855 anno
2021 2815 2194 2855 sedeciae
2214 2815 2313 2865 regis
2327 2814 2705 2865 Nabuchodonosor,
2723 2816 2880 2865 septua-

1586 2881 1694 2931 ginta
1710 2881 1823 2920 annis
1838 2885 1930 2927 ante
1946 2879 2213 2930 principatum
2229 2882 2454 2928 Persarum,
2471 2878 2659 2918 adversus
2677 2879 2880 2924 Phoenices

1586 2948 1626 2985 et
1645 2949 1669 2985 J
1673 2946 1807 2985 udaeos
1822 2946 1973 2984 bellum
1989 2944 2130 2994 gessit,
2147 2945 2204 2982 uti
2221 2946 2389 2983 Berosus
2403 2943 2445 2982 in
2462 2942 2639 2983 Historiis
2658 2943 2880 2983 Chaldaicis

1585 3012 1722 3051 tradit.
1777 3013 1799 3050 J
1804 3011 1883 3050 uba
1898 3011 2031 3049 autem
2047 3009 2097 3048 de
2109 3009 2271 3059 Assyriis
2286 3008 2460 3048 scribens
2475 3008 2623 3047 fatetur
2637 3019 2679 3047 se
2693 3018 2717 3047 a
2735 3010 2878 3049 Beroso

1585 3075 1795 3125 sumpsisse
1826 3075 2030 3114 historiam
2044 3102 2057 3123 ,
2085 3083 2182 3112 vera
2202 3083 2285 3112 esse
2311 3083 2403 3122 quae
2423 3072 2472 3111 ab
2493 3083 2539 3111 eo
2556 3071 2744 3112 dicuntur
2761 3073 2876 3114 testi-

1586 3140 1724 3180 ficans.

2198 3207 2267 3247 15.

1637 3309 1789 3346 Verum
1812 3304 1922 3356 quod
1945 3304 2090 3344 attinet
2117 3303 2167 3343 ad
2186 3305 2362 3343 nostram
2385 3303 2721 3354 computationem
2735 3333 2747 3354 ,
2778 3303 2879 3344 bene

1586 3370 1700 3410 nobis
1716 3369 1901 3410 convenit
1917 3380 2010 3408 cum
2026 3370 2186 3418 Beroso,
2204 3367 2274 3418 qui
2288 3367 2395 3418 apud
2410 3367 2617 3408 Chaldaeos
2632 3367 2877 3418 philosopha·

1585 3440 1651 3477 tus
1670 3440 1750 3485 est,
1770 3439 1809 3477 et
1830 3436 2038 3477 Chaldaeas
2058 3435 2192 3474 literas
2218 3430 2367 3474 Graecis
2389 3434 2574 3475 ostendit.
2630 3434 2704 3474 Hic
2720 3443 2879 3484 quoque

1586 3502 1769 3553 quaedam
1792 3501 1889 3541 Mosi
1920 3510 2092 3540 consona
2119 3498 2220 3539 dixit
2241 3498 2290 3538 de
2317 3498 2468 3538 diluvio
2491 3500 2530 3538 et
2549 3498 2599 3538 de
2622 3498 2707 3537 aliis
2726 3497 2874 3536 multis.

1587 3567 1715 3606 Etiam
1731 3566 1915 3617 quaedam
1931 3564 2117 3614 tradidit,
2134 3564 2174 3602 in
2190 3563 2334 3613 quibus
2351 3573 2431 3601 non
2446 3561 2624 3602 dissentit
2639 3572 2661 3600 a
2678 3561 2879 3611 prophetis

1587 3631 1759 3670 Jeremia
1789 3625 1836 3670 et*
1864 3629 2025 3669 Daniele
2036 3642 2048 3678 ;
2081 3628 2268 3666 nimirum
2299 3626 2527 3676 conscripsit
2556 3636 2602 3664 ea
2624 3635 2715 3674 quae
2745 3624 2874 3664 Judaei

1586 3695 1755 3746 perpessi
1786 3695 1880 3734 sunt
1911 3704 1935 3732 a
1959 3692 2268 3742 Babyloniorum
2296 3700 2409 3739 rege,
2442 3699 2561 3740 quem
2588 3688 2671 3738 ipse
2699 3689 2877 3740 Abonas·

1585 3770 1720 3799 sarum
1750 3759 1888 3806 vocat,
1917 3756 2075 3797 Hebraei
2109 3766 2204 3794 vero
2234 3752 2599 3794 Nabuchodonosor
2629 3753 2875 3802 nuncupant.

1586 3823 1695 3863 Idem
1718 3810 1964 3871 declaravit,
1981 3818 2180 3871 quomodo
2201 3816 2481 3858 Chaldaeorum
2501 3826 2572 3855 rex
2588 3816 2671 3855 solo
2691 3826 2882 3867 aequavea

1586 3888 1638 3927 rit
1658 3885 2058 3936 Hierosolymitanum
2075 3882 2292 3932 templum;
2314 3882 2506 3930 praeterea
2530 3881 2576 3918 ut
2591 3879 2764 3919 secundo
2784 3879 2875 3929 Cyri
2928 3896 2930 3901 ·

1586 3951 1685 4002 regis
1705 3962 1809 3990 anno
1824 3949 1917 3989 novi
1936 3947 2073 3998 templi
2103 3946 2361 3985 fundamenta
2383 3944 2461 3984 sint
2476 3944 2583 3994 jacta
2601 3972 2613 3994 ,
2633 3945 2673 3984 et
2700 3943 2880 3987 secundo⁴
2930 3983 2934 3994 τ

217 4025 299 4053 sese
318 4014 549 4062 dedidisset,
571 4014 867 4064 perhumaniter
886 4013 1026 4053 habuit
1047 4017 1197 4064 CyruS,
1215 4015 1386 4067 dataque
1405 4017 1440 4056 ei
1460 4017 1510 4056 ad
1587 4017 1694 4058 Darii
1717 4016 1816 4067 regis
1830 4025 1933 4054 anno
1949 4012 2143 4073 templum
2170 4011 2490 4051 consummatum
2505 4010 2571 4053 sit..

218 4078 478 4117 habitandum
496 4078 705 4118 Carmania
717 4109 728 4128 ,
746 4089 768 4117 e
793 4077 1011 4128 Babylonia
1029 4077 1175 4118 dimitti
1201 4080 1341 4119 voluit.
1362 4082 1412 4119 Et
1428 4083 1507 4120 Na·

219 4144 424 4188 bonnedus
443 4145 602 4195 quidem
616 4175 627 4194 ,
646 4146 796 4196 reliquo
812 4147 990 4196 tempore
1011 4145 1050 4185 in
1073 4145 1147 4186 ista
1166 4146 1323 4196 regione
1342 4148 1482 4186 exacto
1497 4178 1508 4196 ‚

219 4209 322 4251 diem
339 4209 434 4250 obiit
450 4221 692 4262 supremum.
714 4227 732 4246 »

2194 4115 2263 4156 16.

1641 4226 1721 4266 Etsi
1755 4227 1883 4265 Persae
1910 4233 2037 4273 neque
2066 4233 2158 4263 cum
2180 4220 2330 4262 Graecis
2356 4220 2460 4269 ligna
2486 4219 2527 4261 et
2554 4216 2720 4268 lapidos,
2748 4225 2880 4268 neque

1590 4301 1682 4330 cum
1693 4288 1881 4340 AEgyptiis
1895 4287 2018 4328 ibidas
2031 4288 2071 4327 et
2080 4286 2376 4335 ichneumones,
2389 4285 2522 4324 tamen
2531 4292 2622 4322 cum
2636 4277 2874 4331 pbilosophis
2922 4279 2944 4326 ῑζ
