3016 4628
1238 362 1607 410 MESSENIUS.

0 500 65 570 ig
106 475 168 534 A.
196 474 442 519 SCRIPTA
475 472 618 530 QUAE
653 471 735 514 AD
773 470 1107 514 HISTORIAM
1141 460 1389 516 CIVILEM

15 599 49 649 ς
369 580 392 600 ,
504 544 513 548 ”
566 542 924 587 PERTINENT.

109 659 150 703 1.
186 663 300 702 mox
321 661 556 700 ΕΛΛΑΔΟΣ
581 649 697 713 βιόλ.
733 669 760 712 γ
798 651 877 711 (ἢ.
907 652 1105 711 1—19).

36 727 38 730 ’
245 724 354 789 Περὶ
377 727 452 781 τῆς
473 724 516 770 ἐν
536 721 650 787 Ἰλίῳ
670 720 818 773 θυσίας
843 722 925 782 (fr.
957 723 1058 783 ¹9)-

32 814 36 818 ·
114 800 177 844 11.
195 804 464 845 *IIOMTEIAI
487 795 570 857 (cr.
599 810 678 839 20.
703 810 762 838 αι
780 796 808 855 ).

246 865 491 924 Ἀθηναίων.

244 936 496 999 Κορινθίων.

247 1006 539 1068 Πελληναίων.
1247 994 1283 1030 .

245 1075 546 1138 Σπαρτιατῶν.

113 1149 197 1193 m.
234 1152 603 1192 ΤΡΙΠΟΛῙΤΙΚΟΣ
643 1145 730 1206 (fr.
763 1160 838 1190 22.
871 1145 983 1207 23¹).
1009 1146 1242 1205 Scriptum
1267 1148 1395 1205 poli-

246 1218 359 1261 tico·
341 1218 736 1277 ·philosophicum
761 1217 820 1261 de
843 1220 1017 1279 optima
1049 1219 1167 1276 reip.
1193 1217 1357 1262 forma.

35 1290 39 1295 ’
92 1290 197 1336 dv.
233 1295 486 1335 ΣΥΛΛΟΓΟΙ
521 1295 819 1344 ΠΟΛΙΤΙΚΟΙ,
842 1291 1010 1348 quibus
1038 1306 1063 1333 a
1084 1291 1214 1345 Iocis,
1231 1290 1313 1333 ubi
1332 1291 1397 1333 in·

124 1348 125 1353 Ἰ
243 1361 386 1405 stituti
408 1375 642 1405 sermones
658 1376 751 1405 esse
773 1359 1089 1421 fingebantur,
1109 1363 1231 1405 tituli
1258 1362 1394 1405 inditi

244 1442 390 1476 erant.
417 1434 628 1477 Fortasse
659 1433 799 1476 etiam
830 1435 852 1478 ὃ
876 1431 1178 1495 Τριπολιτικὸς
1199 1449 1317 1477 unus
1342 1450 1397 1478 ex

46 1551 47 1554 γ
245 1501 465 1565 συλλόγοις
488 1504 583 1548 istis
610 1504 711 1550 fuit.
731 1507 782 1549 V.
803 1514 902 1552 not.
925 1506 983 1550 ad
1002 1506 1058 1553 fr.
1088 1505 1165 1549 23.

113 1579 166 1622 V„
231 1583 492 1625 EfflxTOAH
529 1583 663 1622 ΠΡΟΣ
701 1583 1077 1635 ΑΡΙΣΤΟΞΕΝΟΝ,
1114 1580 1163 1621 in
1198 1594 1290 1638 qua
1319 1579 1403 1623 Di-

54 1647 55 1650 ’
245 1649 506 1693 caearchum
524 1648 786 1692 doctrinam
802 1651 1042 1709 politicam
1060 1663 1166 1694 cum
1186 1651 1402 1696 doctrina

243 1721 514 1766 harmonica
545 1736 832 1781 comparasse
853 1724 1077 1782 suspicor.
1113 1725 1167 1770 V.
1204 1733 1304 1769 not.
1342 1725 1403 1767 ad

239 1794 302 1840 fr.
330 1792 390 1838 2'3
413 1802 459 1838 et
484 1798 559 1852 47.

111 1915 166 1962 Β.
201 1914 452 1960 SCRIPTA
493 1914 634 1973 QUAE
676 1890 759 1960 An
803 1917 1059 1962 LITERAS
1095 1920 1170 1962 ET
1204 1921 1400 1964 ARTES

0 1978 6 2032 ἑ
80 2035 83 2036 f
210 1986 553 2045 EARIJMQIJE
599 1986 944 2034 HISTORIAM
978 1984 1298 2057 SPECTANT.

0 2033 8 2156 i
38 2143 43 2147 ,
112 2092 195 2139 vl.
233 2101 342 2142 8101
374 2110 438 2139 sc.
472 2093 714 2160 φιλοσόφων
742 2096 824 2158 (ft.
864 2097 1116 2160 24—33),

5 2178 27 2218 '-
67 2219 70 2223 ⁴
242 2167 423 2211 nimum
445 2166 646 2216 duobus.

7 2249 9 2255 '
43 2253 103 2307 ⁴⁷.
99 2235 248 2299 [VII.
284 2245 408 2284 ΠΕΡΙ
431 2239 716 2303 ΟΜΗΡΟΥΡ]
741 2244 794 2288 V.
817 2257 920 2302 quae
936 2253 1043 2302 post
1062 2243 1204 2287 f1.33
1227 2247 1402 2292 notavi.

71 2308 402 2378 2VI11.11F.'I³1
434 2318 657 2358 ΑΛΚΑΙΟΥ
679 2313 762 2374 (fr.
785 2313 862 2366 34.
885 2313 990 2375 35).
1012 2318 1083 2360 De
1099 2317 1192 2360 vita
1214 2326 1259 2360 et
1273 2318 1403 2376 poesi

245 2382 386 2427 Alcaei
409 2381 661 2443 disputatio
682 2394 728 2430 et
751 2387 801 2429 in
827 2388 1033 2432 carmina
1054 2387 1149 2446 ejus
1172 2404 1405 2433 commen-

247 2456 406 2500 tarius.

52 2383 100 2460 Ξ

12 2576 15 2583 ⁴
39 2468 120 2626 ἐξ
119 2525 202 2572 IX.
243 2527 600 2590 [ΔΙΔΑΣΚΑΛΙΑΙ]
627 2528 714 2589 (fr.
743 2529 982 2592 36-42).

13 2604 16 2630 ¹
51 2645 85 2665 :·-.
249 2595 306 2646 α’.
331 2596 581 2653 “Υποθε’σεις
601 2601 659 2653 εἷς
683 2600 947 2666 Σοφοκλέους
970 2602 1044 2649 καὶ
1066 2604 1298 2668 Εὐριπίδου
1324 2603 1404 2666 μύ-

1153 2100 1286 2144 libris
1307 2102 1402 2144 mi-

54 2693 89 2737 ἐξ..
160 2700 162 2702 r
248 2673 343 2722 θους
369 2671 453 2733 (fr.
483 2670 719 2736 36—40).

54 2677 107 2810 ’Ξῖ-ἱ
250 2739 305 2803 β’.
319 2746 391 2788 De
402 2746 710 2805 Aristophane
723 2746 912 2806 ejusque
929 2749 1096 2794 fabulis
1111 2749 1183 2810 (fr.
1206 2755 1229 2802 4
1243 2767 1259 2794 1
1272 2787 1282 2797 .
1302 2757 1359 2804 42
1371 2748 1401 2813 ).

56 2814 181 2881 Χ.
250 2821 371 2860 ΠΕΡΙ
400 2825 602 2864 ΑΓΩΝΩΝ
633 2826 900 2866 ΜΟΥΣΙΚΩΝ
933 2820 1019 2881 (fr.
1049 2822 1240 2875 43-50
1258 2820 1288 2884 J.
1316 2825 1405 2881 Qui

79 2895 82 2899 ’
110 2893 114 2895 ’
252 2887 412 2932 titulus
434 2890 480 2932 in
505 2890 744 2949 Aristoph.
772 2893 917 2936 schol.
946 2894 1124 2939 Aldinis
1144 2896 1264 2940 male
1295 2912 1403 2940 mu-

254 2967 374 3005 tatus
401 2969 467 3006 est
487 2963 538 3006 in
565 2978 576 3006 :
606 2960 716 3026 Περὶ
735 2963 977 3021 Μουσικῆς.

249 3028 308 3075 α’.
332 3029 443 3095 Περὶ
467 3034 551 3078 τῶν
568 3036 860 3080 Διονυσιακῶν
891 3035 1067 3097 ἀγώνων
1097 3038 1179 3098 (fr.
1207 3039 1265 3092 45
1286 3038 1317 3103 ).

92 3144 105 3153 ,.
253 3099 310 3165 β’.
339 3103 669 3162 Παναθηναϊκός
692 3123 758 3153 sc.
790 3105 905 3170 ἀγών
927 3108 1019 3172 (fr.
1052 3111 1111 3163 46
1130 3111 1162 3172 ).

76 3175 114 3233 4}
249 3173 306 3237 γ’.
330 3173 633 3238 Ὀλυμπιακός
658 3179 743 3241 (fr.
771 3181 877 3242 47).

84 3242 109 3286 ῗῗ
211 3290 216 3295 .
250 3247 655 3311 Aliahujusoperis
668 3254 819 3312 capita
831 3254 1075 3300 latuennt
1065 3273 1112 3300 In
1125 3257 1180 3303 fr.
1198 3257 1318 3310 48-
1329 3258 1404 3303 50.

63 3358 174 3412 ffl
188 3361 438 3410 SCRIPTA
455 3365 886 3414 GEOGRAPHICA
904 3371 979 3415 ET
997 3371 1403 3420 GEOMETRICA.

59 3458 210 3550 ᾈΙ.
227 3484 324 3526 ΓΗΣ
341 3487 598 3528 nEPIvos
622 3481 712 3543 (fr.
742 3481 978 3548 52—57)

70 3533 260 3622 §XII
286 3557 408 3597 III-„1²1
427 3561 530 3600 ΤΩΝ
549 3562 616 3600 EN
635 3558 1100 3620 EAAAAIIIoAEoN?]
1123 3560 1178 3605 fr.
1198 3558 1404 3607 58-60

96 3643 153 3682 ᾗ
253 3623 389 3669 Hunc
411 3626 600 3672 titulum
634 3627 811 3689 praefixi
847 3630 994 3675 trihus
1017 3634 1252 3692 Anonymi
1274 3634 1407 3693 frag-

139 3731 157 3740 ..
253 3698 438 3754 mentis,
465 3714 567 3758 quae
588 3702 856 3746 Dicaearcho
882 3703 1025 3748 tribui
1043 3705 1208 3751 solent.

84 3736 1239 3836 321111.omNKATAMETPIIzfflz(snm—62)

81 3851 125 3906 ἐξ»
171 3894 176 3899 ,
257 3839 612 3905 Καταμε-τρήσεις
634 3845 717 3890 τῶν
743 3846 786 3890 ἐν
811 3845 1167 3911 Πελοποννησῳ’
1147 3866 1272 3912 ορων.

75 3925 156 4039 7³⁵3
286 3979 288 3982 -
335 3955 395 4001 D.
431 3955 684 4003 SCRIPTA
719 3960 866 4005 Pan
870 3963 1185 4007 OSOPHICA.

83 4055 161 4135 ‘4²24
203 4065 256 4112 V.
282 4074 602 4118 napiwrxnx
629 4071 710 4131 (fi.
737 4073 979 4137 63-69).

167 4152 169 4154 ’
258 4136 314 4184 α’.
334 4141 615 4204 Κορινθιακός
632 4142 750 4206 βιὸλ.
771 4165 798 4208 γ
836 4146 922 4209 (fr.
946 4145 1178 4207 63—65).

260 4207 315 4270 β’.
345 4211 584 4268 Δεσὸιακός
621 4214 738 4278 βιὸλ.
774 4216 813 4279 γ’
852 4218 940 4279 (fr.
967 4220 1215 4281 66—69)‚
1251 4237 1274 4264 ‘1
1310 4238 1407 4279 quo

61 4296 63 4299 ⁴
96 4287 154 4339 ἦρ,
258 4296 355 4326 non
380 4284 584 4331 diversus
615 4287 750 4333 fuisse
772 4291 959 4335 videtur
983 4292 1100 4335 liber
1128 4307 1139 4338 :

1392 668 1405 677 .
1466 615 1592 660 XVI.
1617 623 1696 660 ΕΙΣ
1737 622 2037 661 ΤΡοΦΩΝιοΥ
2072 625 2315 663 ΚΑΤΑΒΑΣι

2649 381 2674 418 Ν

2684 381 2708 418 Ιῦ

2718 381 2739 419 q

1606 469 1712 533 Περὶ
1734 476 1888 534 φθορᾶς
1907 474 2002 515 sive
2025 476 2093 516 De
2117 481 2296 518 intes-mc
2323 476 2335 534 (
2354 480 2408 519 [ι’.
2443 495 2499 533 7⁰
2518 479 2546 538 ).

1441 543 1573 588 XV.
1602 551 1722 588 IIEPI
1742 551 2007 589 ΜΑΝΤΙΚΗΣ
2030 545 2114 604 (fr.
2146 562 2197 602 71
2219 546 2252 605 ).

2323 627 2349 662 Σ
2378 620 2464 677 (¹1⁸-
2502 623 2745 683 *Ji—³54),

1598 703 1696 749 quo
1718 702 1860 746 opere
1884 689 2038 732 locum
2071 703 2095 732 e
2116 689 2411 747 philosophia
2436 696 2601 735 morali
2630 697 2748 752 peti-

1601 768 1698 802 tum
1720 769 1884 803 auctor
1903 769 2115 804 tractasse
2133 761 2338 804 videtur.

1601 874 1804 902 INCERTAE
1830 872 1959 903 sssms
1977 874 2255 903 Tnacmxzn'm
2284 859 2366 915 75,
2396 861 2452 915 76
2473 871 2518 903 et
2547 861 2621 907 51.

1533 947 1810 1006 Fragmenta
1822 946 1995 988 horum
2015 946 2298 1004 scriptorum
2319 944 2508 990 exhibui
2530 951 2752 1001 omnium,

1470 1032 1755 1076 quamquam
1780 1017 1840 1061 ad
1863 1032 1948 1060 nos
1979 1018 2197 1075 proxime
2217 1032 2267 1059 ea
2291 1025 2468 1060 tantum
2498 1021 2726 1076 pertinent
2744 1057 2754 1071 ,

1470 1105 1572 1149 quae
1605 1091 1759 1148 primo
1781 1091 1887 1133 loco
1919 1090 2054 1148 posui
2090 1089 2307 1132 historica
2332 1098 2376 1132 et
2407 1091 2609 1148 politica.
2635 1095 2759 1136 Inter

1470 1176 1523 1205 ea
1547 1177 1659 1205 vero
1685 1162 2041 1206 celeberrimum
2058 1161 2191 1204 fuisse
2210 1161 2395 1204 videtur
2417 1178 2534 1220 opus
2553 1161 2645 1215 Βίος
2662 1162 2761 1210 ‘lik-

1468 1231 1595 1285 202604
1613 1235 1885 1293 inscriptum
1897 1268 1908 1289 ‚
1925 1233 2054 1291 cujus
2073 1235 2236 1292 saepius
2253 1233 2378 1292 apud
2391 1243 2568 1278 veteres
2587 1240 2759 1280 mentio

1472 1303 1546 1360 fit,
1576 1305 1686 1349 dum
1712 1307 2006 1364 reliquorum
2026 1306 2212 1348 nonnisi
2239 1306 2501 1349 tenuissima
2521 1309 2682 1351 notitia
2702 1311 2759 1352 ad

1472 1393 1557 1420 nos
1576 1378 1804 1435 pervenit.
1829 1378 2051 1434 Quaenam
2086 1375 2267 1419 indoles
2291 1386 2334 1419 et
2359 1376 2603 1421 adornatio
2631 1380 2763 1436 liujus

1475 1449 1627 1507 operis
1640 1447 1778 1492 fuerit
1791 1482 1802 1502 ,
1819 1463 1843 1492 e
1861 1448 2032 1492 diserto
2046 1449 2311 1492 testimonio
2331 1464 2425 1490 non
2443 1458 2622 1492 constat
2639 1467 2650 1503 ;
2668 1453 2678 1493 i
2685 1468 2760 1509 psa

1473 1535 1586 1564 vero
1608 1519 1867 1580 fragmenta
1891 1520 2119 1577 ejusmodi
2141 1530 2272 1574 sunt,
2296 1529 2346 1562 ut
2371 1522 2508 1564 variis
2530 1524 2763 1581 opinioni-

1474 1592 1562 1635 bus
1582 1593 1738 1635 locum
1762 1591 1874 1636 dare
1894 1594 2090 1652 possint.
2123 1592 2436 1636 Nihilominus
2461 1595 2642 1638 ratione
2662 1598 2764 1638 satis

1474 1665 1709 1724 probabili
1723 1674 2051 1724 ‚argumentum
2065 1664 2253 1723 ejusque
2267 1665 2636 1710 distributionem
2657 1685 2766 1711 ‹ron-

1475 1739 1664 1782 stituere
1683 1738 1856 1783 licebit.
1882 1736 2277 1781 proficiscendum
2297 1753 2409 1780 vero
2439 1748 2503 1781 est
2524 1740 2580 1782 ab
2603 1756 2763 1784 eorum

1474 1812 1715 1854 mentione
1748 1824 1974 1868 operum,
2006 1824 2111 1868 quae
2151 1809 2317 1853 eodem
2355 1811 2429 1852 vel
2467 1812 2602 1854 simili
2632 1815 2765 1856 titulo

1478 1883 1695 1941 inscripta
1728 1881 1861 1924 fuisse
1900 1882 2175 1940 accepimus.
2212 1882 2423 1937 Quorum
2459 1882 2555 1925 duo
2591 1900 2766 1927 memo-

1479 1961 1643 1996 rantur
1668 1968 1677 1996 :
1702 1968 1849 1996 unum
1875 1951 2006 2011 quod
2029 1954 2176 1996 Varro
2191 1986 2203 2006 ,
2227 1952 2494 1996 Graecorum
2522 1956 2644 2013 apud
2666 1958 2766 1999 Ro—

1476 2040 1639 2069 manos
1662 2026 1887 2080 imitator,
1918 2026 1989 2068 De
2021 2026 2291 2083 vimpopuli
2321 2026 2541 2079 Romani,
2573 2028 2765 2071 alterum

1478 2098 1609 2156 quod
1628 2085 1761 2142 sicuti
1782 2107 1991 2142 nostrum
2009 2093 2327 2148 ΒίοςἙλλάδος
2343 2098 2611 2157 inscriptum
2635 2102 2768 2144 Iason
2814 2113 2817 2116 ’

1477 2171 1675 2230 Argivus
1700 2171 1819 2225 sive,
1845 2178 1898 2212 ut
1923 2170 2136 2212 nonnulli
2158 2169 2488 2228 opinabantur,
2511 2173 2647 2214 Iason
2670 2174 2769 2231 Ny-

1478 2244 1655 2287 saeensis
1671 2243 1951 2301 composuit.
1967 2243 2038 2286 De
2051 2243 2275 2286 Varronis
2288 2242 2461 2300 scripto
2474 2258 2639 2301 parum
2656 2247 2765 2288 milii

1479 2316 1647 2374 liquet;
1670 2315 1729 2359 de
1754 2316 1929 2359 Iasonis
1952 2315 2113 2373 Argivi
2130 2329 2274 2373 opere
2296 2314 2391 2357 dixi
2413 2316 2462 2357 in
2486 2317 2769 2375 Fragmentis

1479 2387 1773 2445 Scriptorum
1797 2385 2051 2430 Alexandri
2084 2388 2147 2430 M.
2176 2402 2223 2445 p.
2259 2386 2347 2429 160
2379 2402 2482 2445 sqq.
2508 2389 2636 2432 Patet
2656 2405 2766 2433 vero

1482 2457 1533 2517 (e
1561 2458 1702 2501 Suida
1736 2474 1782 2501 v,
1818 2454 1996 2516 Ἰάσων)
2033 2458 2247 2500 Iasonem
2277 2459 2338 2501 ita
2369 2474 2470 2502 rem
2499 2460 2766 2515 instituisse,

1480 2538 1533 2572 ut
1553 2530 1673 2572 libro
1695 2531 1852 2588 primo
1878 2539 2134 2587 exponeret
2163 2525 2240 2584 τὴν
2273 2528 2580 2591 ἀρχαιολογίαν
2601 2528 2765 2576 Ἱίλλά-

1481 2601 1573 2656 δος,
1615 2602 1821 2646 secundo
1857 2598 1911 2646 τὰ
1946 2599 2030 2646 ἀπὸ
2055 2602 2140 2645 τῶν
2171 2601 2404 2658 Μηδικῶν,
2427 2604 2565 2647 tertio
2595 2601 2649 2647 τὰ
2674 2605 2769 2649 κατ’

1480 2671 1773 2736 Ἀλέξανδρον,
1799 2683 1967 2732 quarto
1990 2671 2044 2718 τὰ
2071 2671 2199 2735 μέχρι
2226 2672 2457 2729 Ἀθηναίων
2477 2672 2678 2728 ἁλώσεως
2693 2679 2767 2731 τῆς

1479 2743 1710 2806 γενομένης
1726 2744 1795 2791 ὑπ’
1822 2742 2098 2807 Ἀντιπάτρου
2117 2749 2188 2790 τοῦ
2207 2745 2368 2808 πατρὸς
2395 2746 2693 2810 Κασσάνδρου.
2716 2751 2768 2810 (⁴¹)

1479 2818 1752 2877 Fragmenta
1770 2818 1879 2860 huic
1899 2820 2031 2876 operi
2053 2834 2267 2877 expresse
2297 2819 2468 2862 tributa
2491 2835 2587 2862 uon
2610 2836 2772 2879 super—

1480 2898 1585 2932 sunt
1612 2898 1779 2947 praeter
1800 2904 1945 2932 unum
1972 2888 2068 2948 (ap.
2098 2890 2317 2948 Stephan.
2354 2893 2461 2950 Byz.
2487 2907 2530 2934 v,
2565 2889 2764 2945 Ἀλεξάν-

1482 2959 1654 3021 δρεια),
1687 2976 1781 3018 quo
1818 2961 2080 3004 Alexander
2119 2962 2283 3005 urbem
2319 2965 2385 3005 sui
2425 2965 2624 3007 nominis
2653 2981 2770 3007 cou-

1481 3032 1687 3087 dsturus,
1748 3033 1806 3076 (lc
1851 3034 1957 3076 loco
1999 3035 2081 3076 ubi
2127 3035 2372 3078 condenda
2431 3037 2486 3078 sit
2527 3039 2765 3080 oraculum

1535 3162 1590 3211 (*)
1621 3162 1811 3210 Fuhrius,
1830 3164 1907 3201 -etsi
1935 3162 2098 3200 titulum
2130 3163 2258 3211 operis
2284 3164 2434 3202 lasonei
2457 3169 2765 3210 commemorat,

1478 3218 1626 3268 justam
1635 3221 1769 3258 tamen
1785 3219 1871 3269 ejus
1884 3222 2076 3260 rationem
2093 3231 2172 3259 non
2184 3220 2332 3259 habuit.
2347 3222 2483 3270 Neque
2498 3227 2541 3260 A.
2562 3223 2767 3260 Buttman-

1481 3287 1556 3316 nus
1572 3278 1610 3315 in
1628 3277 1762 3317 libello
1780 3280 1839 3318 De
1872 3278 2104 3317 Dicaearcho
2121 3279 2287 3328 ejusque
2302 3279 2500 3327 operibus.
2521 3282 2769 3328 Quamquam

1482 3335 1515 3373 is
1526 3335 1691 3375 sortasse
1701 3336 1778 3375 alio
1791 3337 1881 3376 loco
1897 3337 2079 3386 pluribus
2090 3337 2139 3376 de
2152 3337 2212 3376 liis
2223 3336 2418 3375 disseruit.
2438 3338 2590 3376 Etenim
2606 3338 2772 3376 Fuluius

1482 3403 1521 3442 p.
1543 3397 1593 3434 96
1624 3395 1854 3433 Buttmanni
1881 3394 1930 3434 de
1949 3395 2134 3434 Varronis
2151 3395 2252 3434 libro
2272 3395 2507 3434 sententiam
2523 3395 2636 3435 affert
2649 3426 2659 3443 ,
2679 3407 2770 3445 quae

1482 3461 1533 3489 ex
1559 3451 1606 3490 iis
1634 3451 1748 3502 ipsis,
1770 3462 1862 3517 quac
1894 3453 2036 3491 Suidas
2063 3453 2113 3492 de
2137 3455 2276 3492 Iasone
2297 3452 2437 3501 habet,
2462 3454 2668 3492 efformata
2688 3465 2770 3491 ease

1482 3508 1655 3549 videtur.
1676 3511 1733 3548 lta
1755 3510 1859 3548 enim
1883 3511 2083 3550 Fuluius:
2118 3513 2216 3549 ‹Ex
2245 3509 2473 3550 Buttmanni
2493 3510 2659 3559 quidem
2680 3522 2767 3548 seu-

1482 3566 1605 3605 tentia
1622 3567 1811 3606 Varronis
1829 3571 1885 3607 De
1907 3568 1987 3606 vita
2011 3569 2144 3618 populi
2171 3568 2338 3608 Romani
2355 3578 2453 3618 opus
2473 3567 2525 3606 ita
2545 3567 2766 3606 institutum

1484 3623 1580 3671 suit,
1600 3624 1702 3663 utin
1722 3625 1874 3673 singulo
1905 3636 2067 3675 quoque
2087 3626 2188 3664 libro
2217 3625 2390 3676 primum
2419 3625 2478 3664 de
2488 3610 2530 3664 fe
2556 3625 2687 3674 populi
2708 3627 2766 3663 sa-

1483 3681 1650 3730 miliari,
1675 3680 1816 3720 deinde
1839 3681 1889 3720 de
1911 3682 2070 3720 vivendi
2096 3682 2182 3732 ejus
2211 3684 2362 3722 ratione
2388 3685 2428 3721 et
2458 3685 2699 3732 postremum
2718 3681 2767 3718 d«.

1482 3737 1588 3776 civili
1605 3737 1851 3788 conditione,
1869 3738 1918 3778 de
1937 3738 2089 3778 artibus
2112 3741 2153 3778 et
2188 3739 2310 3778 literis
2325 3750 2454 3778 sermo
2472 3739 2609 3784 suerit,
2632 3739 2682 3776 ita
2704 3739 2763 3776 ui-

1483 3795 1628 3835 mirum
1649 3797 1694 3834 ut
1711 3796 1796 3835 haec
1822 3795 1958 3835 omnia
1974 3797 2107 3846 qualia
2124 3807 2258 3846 regum
2279 3799 2455 3846 tempore
2477 3795 2619 3834 luerint
2640 3795 2765 3843 prim«,

1484 3852 1609 3901 libro,
1626 3853 1676 3892 ab
1692 3853 1739 3892 iis
1757 3853 1849 3892 inde
1869 3854 2044 3903 expulsis
2061 3864 2186 3903 usque
2208 3854 2256 3892 ad
2277 3854 2448 3903 primum
2471 3852 2616 3890 bellum
2643 3853 2762 3889 Puni-

1483 3920 1574 3948 cum
1589 3910 1763 3949 secundo
1775 3941 1787 3961 ‚
1806 3911 1898 3950 hinc
1919 3911 1971 3950 ad
1986 3911 2149 3950 tertium
2166 3922 2291 3960 usque
2307 3910 2453 3949 bellum
2474 3908 2664 3948 Punicum
2682 3911 2762 3946 ter-

1483 3966 1560 4015 tio,
1582 3969 1620 4006 et
1633 3967 1774 4007 deinde
1791 3979 1916 4018 usque
1933 3968 1983 4007 ad
2002 3968 2174 4007 auctoris
2195 3968 2313 4018 ipsius
2332 3968 2488 4005 aetatem
2508 3967 2648 4013 quarto
2666 3964 2763 4002 libro

1483 4025 1661 4074 exposita
1689 4025 1849 4064 ruerint.
1882 4026 1973 4065 Βίον
1993 4028 2130 4064 contra
2151 4026 2274 4063 nostri
2308 4021 2524 4071 Dicaearchi
2544 4021 2620 4059 alio
2651 4021 2764 4069 plane

1484 4082 1601 4120 modo
1623 4082 1855 4132 dispositum
1871 4086 1911 4122 et
1928 4084 1968 4122 in
1985 4085 2112 4133 primo
2133 4084 2290 4121 tantum
2311 4080 2409 4119 libro
2432 4080 2552 4117 vitam
2582 4079 2761 4116 Grsream

1484 4138 1706 4178 secuudum
1735 4140 1969 4179 historicum
1988 4140 2076 4189 ejus
2093 4148 2335 4189 progressum
2359 4135 2593 4183 descriptam
2623 4134 2761 4180 suisse3

1484 4195 1523 4233 in
1550 4195 1707 4235 duobus
1724 4199 1858 4236 autem
1887 4197 2028 4236 ceteris
2043 4197 2125 4245 jam
2149 4196 2200 4233 ob
2229 4195 2455 4232 varietatem
2469 4192 2562 4230 vitae
2583 4195 2733 4230 Graecae
2748 4222 2759 4238 ,

1484 4253 1643 4300 propter
1659 4253 1787 4290 varias
1802 4258 1937 4302 gentes
1964 4256 2003 4291 et
2023 4253 2201 4291 civitates
2220 4250 2338 4288 aliam
2365 4247 2547 4286 narrandi
2571 4248 2762 4287 rationem

1483 4309 1743 4347 necessariam
1771 4311 1915 4348 saetam
1938 4321 2020 4348 esse
2042 4311 2304 4348 Buttmannus
2328 4306 2542 4343 arbitratus
2561 4307 2632 4343 est.
2658 4324 2674 4338 υ

2503 4414 2553 4443 15.
