3016 4628
510 314 1170 376 CARTHAGINIENSIUM,
1208 312 1783 361 AGRIGENTINORUM
1833 297 2258 362 RtiSPUssLmAE.

77 433 248 485 κάλλιον
278 430 454 478 ἕκαστον
479 428 681 475 ἀποτελεῖ
643 443 754 472 ειται
777 426 862 471 τῶν
898 424 1037 471 αὐτῶν
1074 419 1149 468 καὶ
1173 423 1347 468 θᾶττον.

13 491 15 494 V
76 508 216 566 Δῆλον
239 503 281 551 δὲ
301 506 427 550 τοῦτο
444 499 512 548 ἐπι
531 501 616 547 τῶν
643 497 894 557 πολεμικων
911 491 986 541 καὶ
1007 495 1092 540 τῶν
1116 494 1351 539 ναυτικῶν·

75 580 119 627 ἓν
141 576 304 630 τούτοις
335 572 418 638 γὰρ
443 569 695 635 ἀμφοτέροις
735 565 806 615 διὰ
828 565 1004 614 πάντων
1029 568 1085 618 ὡς
1111 565 1243 610 εἰπεῖν
1268 563 1352 609 διε-

73 649 230 707 λήλυθε
251 646 301 694 τὸ
307 645 481 733 Νᾶρχειν
504 642 579 690 καὶ
606 641 656 688 τὸ
683 639 908 730 ἄρχεσξὶαι.
950 638 1003 700 (9)
1038 636 1356 699 Ὀλιγαρχικῆς

75 723 113 768 δ’
131 719 260 778 οὔσης
281 739 356 776 της
372 714 608 773 πολιτείας,
631 712 785 778 ἄριστα
809 710 1060 775 ἐκφεύγουσι
1079 710 1140 754 τῶ
1157 707 1355 754 πλουτεῖν

78 790 164 839 αἰεί
182 810 225 839 τι
246 808 324 839 του
346 788 485 851 δημου
510 785 637 850 μέρος
657 783 927 846 ἰκπέμποντε
931 802 950 836 ς
983 780 1053 828 ἐπὶ
1087 779 1164 833 τὰς
1186 779 1351 834 πόλεις·

28 871 33 879 ’
74 863 212 928 τούτῳ
233 861 316 926 γὰρ
339 863 488 909 ἰῶνται
515 857 590 906 καὶ
618 860 788 904 ποιοῦσι
810 853 993 918 μόνιμον
1017 851 1095 910 τὴν
1119 850 1356 899 πολιτείαν.

74 933 205 984 Ἀλλὰ
215 931 334 981 τουτί
345 934 435 979 ἐστι
452 929 587 994 τύχης
607 928 750 994 ἔργον·
739 929 833 975 ·δεῖ
854 924 898 973 δὲ
920 922 1232 978 ἀστασιάστους
1249 927 1377 970 εἶναι’

75 1003 198 1052 διὰ
159 1023 231 1052 τον
254 1001 506 1065 νομοθέτην·
533 1019 606 1048 νυν
639 1001 694 1058 δ’,
720 998 771 1046 ἂν
799 996 958 1061 ἀτυχία
979 994 1159 1059 γένηταί
1183 1014 1261 1053 τις,
1284 994 1359 1041 καὶ

72 1074 125 1124 τὸ
155 1077 316 1133 πλῆθος
339 1075 507 1137 ἀποστῇ
532 1074 616 1120 τῶν
639 1070 904 1136 ἀρχομένων,
927 1067 1086 1116 οὐδέν’
1068 1086 1159 1115 εστι
1183 1066 1358 1131 φάρμα-

74 1140 148 1198 κον
175 1147 246 1195 διὰ
277 1149 363 1194 τῶν
401 1144 544 1208 νόμων
578 1147 654 1202 τῆς
686 1142 886 1207 ἡσυχίας.
912 1146 969 1190 V.
1008 1143 1278 1188 Aristoteles
1302 1142 1360 1187 de

47 1221 286 1284 „Cat-tha&
309 1222 425 1279 Rep.
450 1218 525 1266 ed.
550 1220 715 1278 Kluge.
740 1216 918 1264 Vratisl.
951 1215 1090 1267 1824.
1113 1218 1127 1270 ]

632 1301 792 1365 [ιη]

143 1392 242 1455 [Id.
267 1392 472 1447 P01.111‚
497 1406 539 1447 1,
560 1406 622 1447 7·
645 1387 723 1435 Ἔν
744 1384 1037 1447 Λακεδαίμονι
1056 1383 1132 1438 τὰς
1151 1404 1234 1431 των
1255 1403 1362 1446 συμ-

77 1463 263 1512 ὅολαίων
291 1460 450 1516 δικάζει
469 1464 552 1508 τῶν
579 1458 740 1525 ἐφόρων
759 1457 887 1512 ἄλλος
912 1457 1063 1515 ἄλλοις,
1084 1459 1122 1503 οἱ
1142 1454 1185 1502 δὲ
1210 1455 1362 1520 γέρον-

75 1553 119 1580 τε
124 1554 144 1588 ς
165 1535 239 1588 τὰς
271 1533 467 1599 φονικὰς,
491 1530 614 1596 ἑτέρα
649 1531 685 1576 δ’
723 1529 874 1583 ἴσως
850 1530 967 1594 αρχή
998 1548 1062 1583 τις
1096 1527 1267 1618 ἑτέρας,
1290 1546 1362 1575 τον

77 1604 202 1652 αὐτὸν
223 1605 265 1651 δὲ
284 1602 440 1668 τρόπον
457 1601 642 1666 καὶπερὶ
663 1599 951 1665 Καρχηδόνα·
971 1599 1115 1653 πάσας
1130 1598 1213 1662 γὰρ
1231 1598 1364 1663 ἀρχαί
1379 1595 1382 1598 ’

76 1695 187 1730 τινες
206 1675 396 1742 κρίνουσι
416 1673 492 1727 τὰς
516 1672 634 1726 δίκας
658 1674 731 1735 (V.
759 1675 912 1734 Kluge
937 1669 966 1718 l.
988 1674 1021 1717 1.
1047 1689 1099 1732 p.
1133 1675 1222 1732 159
1242 1669 1361 1759 sqq.)

20 1793 31 1808 ›.
143 1750 239 1806 ΙΙΙ,
281 1748 448 1805 5,11:
475 1748 746 1809 (Τυρρηνοῖς
782 1741 857 1790 καὶ
896 1741 1238 1807 Καρχηδονίοις)
1275 1741 1365 1790 ἔστι

78 1819 275 1883 σύμὸολα
306 1818 412 1883 πρὸς
434 1817 695 1890 ἀλλήλους.

144 1890 386 1949 1V,5,11
429 1886 614 1938 εὌπου
646 1891 718 1934 οὖν
745 1890 772 1944 ἡ
809 1885 1007 1933 πολιτεία
1037 1884 1187 1948 βλέπει
1225 1885 1284 1940 εἴς
1318 1905 1364 1933 τε

73 1952 258 2011 4πλουτον
282 1961 357 2008 καὶ
392 1959 548 2024 ἀρετὴν
586 1958 661 2008 καὶ
689 1961 843 2022 δῆμον,
881 1963 970 2005 οῖον
1005 1960 1047 2005 ἓν
1089 1960 1366 2054 Καρχηδόνι,

39 2094 45 2098 ¹
79 2033 236 2092 ἀὕτη’
213 2031 548 2099 αριστοκρατική
575 2034 705 2080 ἐστιν.

91 2157 93 2162 A
143 2110 198 2164 V,
233 2107 350 2164 6,2
379 2106 434 2166 .(
447 2103 523 2152 Ἐν
558 2104 651 2157 ταῖς
680 2102 1034 2178 ἀριστοκρατίαις
1073 2101 1289 2165 γίγνονται
1322 2104 1366 2148 αἱ

60 2177 308 2241 στάσεις)
309 2176 382 2224 ἐάν
403 2195 468 2231 τις
505 2174 638 2238 μέγας
677 2179 704 2239 ᾐ
737 2175 812 2222 καὶ
851 2174 1082 2237 δυνάμενος
1118 2173 1180 2222 ἔτι
1207 2174 1362 2237 μείζων

43 2307 45 2309 ,
77 2245 205 2309 εἶναι,
232 2251 432 2313 ὥσπερ...
422 2250 503 2295 ,ἐν
528 2247 776 2312 Καρχηδόνι
790 2245 969 2296 ’.Αννων

145 2327 199 2380 V,
226 2339 299 2380 10,
336 2323 363 2367 3
390 2336 402 2368 ζ
434 2319 744 2383 (Μεταὸοίλλει
767 2319 996 2383 τυραννις)
1023 2337 1097 2366 και
1115 2321 1171 2374 εἷς
1194 2320 1368 2384 ἀριστο-

81 2393 277 2460 κρατίαν,
305 2391 484 2455 ὥσπερ..
505 2393 547 2438 ἓν
572 2389 840 2454 Καρχηδόνι.

42 2519 43 2522 ¹
72 2476 86 2509 .'
146 2471 209 2524 V,
250 2482 321 2522 10,
341 2471 366 2519 4
395 2481 405 2509 ι
437 2463 515 2511 Ἐν
542 2465 722 2515 πολλαῖς
753 2461 798 2508 δὲ
830 2461 1098 2526 ὀλιγαρχίαις
1128 2463 1204 2508 οὐκ
1232 2462 1369 2517 ἔξεστι

44 2536 450 2606 γ’·χρηματίζεσθαι,
492 2535 605 2582 ἀλλὰ
640 2534 763 2597 νόμοι
801 2534 906 2580 εἰσὶν
945 2537 982 2581 οἱ
1025 2534 1282 2588 κωλύοντες·
1322 2538 1366 2582 ἐν

2623 324 2713 365 169

1430 415 1680 482 Καρχηδόνι
1704 416 1749 463 δὲ
1783 417 2166 480 δημοκρατουμένῃ
2196 420 2443 483 (ἀριστοκρ.
2469 424 2712 482 Schneid.)

1427 487 1766 553 χρηματίζονται
1787 487 1862 534 καὶ
1886 487 2006 551 οὔπω
2023 489 2416 551 μεταὸεὸλήκασιν.
2447 494 2717 554 (vulgatam

1433 563 1536 624 δημ.
1556 572 1732 607 tutatur
1757 563 1904 608 Gottl.
1928 564 1978 606 in
2000 565 2192 606 Excurs.
2219 565 2292 607 III
2316 567 2385 608 De
2410 567 2527 624 Rep.
2556 568 2712 611 Carth.

1430 651 1480 696 p.
1510 634 1597 687 481
1622 650 1724 694 sqq.
1751 636 1954 679 Hilarius
1970 635 2110 678 scribi
2127 636 2277 679 voluit
2296 634 2560 697 Καλχηδόνι.
2585 636 2596 698 )

1499 706 1589 763 VI,
1623 706 1674 763 3,
1703 706 1729 750 5
1767 706 2006 753 τΤοιοῦτον
2041 703 2086 750 δέ
2117 723 2213 751 τινα
2243 705 2403 769 τρόπον
2432 708 2720 770 Καρχηδόνιοι

1432 774 1756 837 πολιτευόμενοι
1783 774 1903 840 φίλον
1932 775 2161 834 κέκτηνται
2182 775 2255 823 τὸν
2282 777 2416 837 δῆμον
2432 795 2442 804 ·
2468 777 2533 822 ἀεὶ
2552 778 2635 842 γάρ
2658 798 2722 823 τι-

1432 867 1506 902 νας
1523 843 1812 909 ἐκπέμπόντες
1832 851 1904 894 τοῦ
1927 846 2066 910 δήμου
2089 847 2194 913 πρὸς
2207 846 2285 901 τὰς
2304 847 2565 911 περιοικίδας
2583 853 2723 895 ποιοῦ·

1435 939 1501 967 σιν
1522 918 1740 983 εὐπόρους.

1501 1001 1614 1058 VII',
1639 1017 1665 1045 2
1679 1035 1691 1057 ,
1713 1000 1769 1048 6:
1788 998 1867 1046 Ἐν
1889 999 2010 1052 ἐνίοις
2021 997 2104 1063 γὰρ
2128 997 2203 1045 καὶ
2222 997 2345 1060 νόμοι
2360 995 2468 1050 τινές
2488 999 2568 1044 εἶσι
2589 1017 2723 1062 παρο-

1410 1069 1419 1077 ’
1436 1071 1621 1127 ξύνοντες
1636 1070 1740 1135 πρὸς
1752 1069 1828 1128 τὴν
1843 1070 1997 1136 ἀρετὴν
2015 1070 2215 1128 τοιαύτην
2237 1071 2321 1132 (sc.
2341 1068 2418 1125 τὴν
2439 1070 2726 1131 πολεμικήν),

1436 1142 1631 1208 καθάπερ
1655 1145 1698 1190 ἐν
1736 1142 1987 1208 Καρχηδόνι
2023 1142 2126 1207 φασὶ
2162 1141 2236 1188 τὸν
2266 1143 2313 1188 ἐκ
2338 1143 2422 1187 τῶν
2467 1140 2623 1205 κρίκων
2658 1141 2728 1187 κό-

1439 1235 1546 1279 σμον
1568 1214 1805 1277 λαμὸάνειν
1824 1214 1926 1268 ὅσας
1952 1213 2002 1261 ἂν
2030 1213 2375 1278 στρατεύσωνται
2407 1212 2648 1277 στρατείας.
2675 1212 2692 1273 ]

1829 1353 2341 1404 ΑΚΡΑΓΑΝΤΙΝΩΝ.

2023 1505 2134 1536 211.

1504 1603 1673 1648 Pollux
1695 1603 1757 1648 IV
1774 1637 1787 1659 .,
1822 1606 1911 1659 174
1940 1617 1951 1648 ε
1977 1597 2271 1664 Ἀριστοτέλης
2297 1597 2340 1646 δὲ
2369 1599 2411 1645 ἐν
2439 1595 2515 1659 μὲν
2545 1597 2584 1645 Ἀ
2602 1617 2732 1663 κρα-

1440 1672 1708 1737 γαντίνων
1743 1671 2008 1737 πολιτεία
2046 1671 2263 1735 προειπὼν
2301 1675 2358 1723 ὡς
2395 1669 2592 1732 ἐζημίουν
2629 1690 2730 1717 πεν-

1440 1746 1627 1803 τήκοντα
1655 1744 1807 1809 (infra
1840 1742 2103 1809 τριάκοντα)
2131 1742 2304 1806 λίτρας,
2345 1741 2519 1804 ἐπάγει·
2545 1763 2565 1783 (ι
2597 1741 2654 1789 ‘ll
2689 1742 2732 1788 δὲ

1440 1818 1566 1883 λίτρα
1601 1816 1778 1863 δύναται
1813 1814 1964 1862 ὄὸολὸν
1990 1816 2235 1878 Αἰγιναῖον·
2260 1838 2279 1856 »
2302 1817 2344 1861 ἐν
2369 1814 2414 1860 δὲ
2447 1813 2733 1878 Ἱμεραίων

1442 1888 1695 1954 πολιτεία
1718 1887 1846 1953 φησὶν
1865 1890 1922 1941 ὡς
1954 1890 1992 1935 οἱ
2019 1889 2277 1936 Σικελιῶται
2296 1886 2391 1940 τοὺς
2422 1885 2498 1948 μὲν
2524 1886 2596 1932 δύο
2620 1887 2733 1949 χαλ-

1441 1966 1538 2015 κοῦς
1563 1960 1714 2016 ἑξᾶντα
1738 1962 1940 2008 καλοῦσι·
1958 1960 2028 2007 τὸν
2054 1958 2097 2006 δὲ
2123 1958 2196 2006 ἕνα
2219 1960 2409 2021 οὗγκίαν,
2439 1956 2534 2011 τοὺς
2557 1956 2602 2004 δὲ
2622 1965 2735 2022 τρεῖς

1442 2028 1621 2098 τριᾶντα
1637 2070 1649 2091 ,
1673 2031 1771 2085 τοὺς
1796 2031 1839 2079 δὲ
1875 2030 1920 2086 ἓξ
1945 2031 2188 2095 ἡμίλιτρον,
2213 2031 2284 2076 τὸν
2311 2030 2354 2077 δὲ
2381 2029 2532 2077 ὄὸολὸν
2562 2029 2731 2094 λίτραν,

1443 2105 1514 2152 τὸν
1542 2104 1586 2152 δὲ
1612 2103 1833 2168 Κορίνθιον
1851 2108 2046 2169 στατῆρα
2073 2103 2336 2167 δεκάλιτρον,
2355 2101 2420 2149 ὅτι
2439 2101 2542 2149 δέκα
2563 2101 2737 2155 ὀὲολοὺς

1444 2175 1638 2223 δύναται.

1511 2251 1581 2295 Cf.
1615 2252 1781 2295 Pollux
1811 2251 1911 2307 IX,
1946 2249 2007 2293 80
2045 2265 2055 2292 z
2089 2245 2179 2294 Καὶ
2207 2243 2283 2308 μὲν
2318 2248 2361 2293 ἐν
2393 2245 2732 2311 Ἀκραγαντίνων

1444 2320 1638 2367 πολιτεία
1660 2321 1788 2384 φησὶν
1810 2319 2106 2384 Ἀριστοτέλης
2120 2318 2376 2380 ζημιοῦσθαί
2392 2339 2485 2365 τινα
2506 2320 2735 2383 τριάκοντα

1444 2392 1615 2457 λίτρας·
1633 2392 1896 2440 δύνασθαιδὲ
1920 2391 1998 2449 τὴν
2014 2392 2164 2456 λίτραν
2181 2390 2333 2438 ὀὸολὸν
2357 2392 2594 2454 Αἷγιναιον·
2621 2394 2733 2439 ἀλλὰ

1448 2463 1592 2526 μέντοι
1611 2467 1714 2529 παρ’
1742 2467 1859 2511 αὐτῶ
1881 2484 1942 2517 τις
1967 2463 2017 2511 ἂν
2044 2466 2086 2510 ἐν
2111 2467 2164 2526 τῇ
2192 2462 2420 2527 Ιμεραίι)ν
2442 2463 2608 2510 πολιτε’
2573 2483 2637 2509 ςια
2664 2465 2737 2510 καὶ

1453 2537 1564 2583 ἄλλα
1593 2535 1705 2600 εὕροι
1731 2538 1967 2617 Σικελικῶν
1991 2534 2268 2596 νομισμάτων
2297 2534 2518 2597 ὀνόματα,
2541 2539 2629 2582 οἷον
2647 2537 2741 2596 οὐγ-

50 2714 56 2717 ,
81 2683 108 2714 a
120 2674 281 2730 singulis
295 2675 336 2713 et
360 2666 487 2712 citius.
505 2673 614 2712 Licet
635 2675 767 2711 autem
789 2672 864 2710 hoc
881 2682 1041 2711 cernere
1060 2672 1100 2711 in
1117 2673 1234 2711 rebus
1249 2673 1370 2712 belli·
1410 2654 1414 2660 ”
2254 2703 2280 2712 ..

52 2733 60 2738 ”
83 2738 140 2778 cis
158 2740 198 2778 et
212 2737 392 2777 nauticis.
411 2739 457 2776 In
469 2737 529 2776 his
548 2736 651 2775 enim
665 2736 842 2785 utrisque
858 2746 927 2785 per
943 2747 1080 2776 omnes
1096 2737 1176 2776 sere
1191 2737 1371 2786 pervadit

83 2795 301 2852 imperandi
311 2801 376 2850 jus
391 2802 431 2839 et
446 2799 606 2850 parendi
618 2800 840 2838 necessitas,
861 2799 916 2849 (9)
933 2802 1068 2846 Quum
1084 2802 1217 2840 autem
1232 2811 1370 2840 eorum

85 2861 311 2912 reipublicae
330 2862 651 2903 administrandae
674 2863 774 2901 ratio
792 2863 842 2902 sit
856 2863 1094 2912 oligarchica
1106 2893 1117 2913 ,
1138 2865 1285 2914 optime
1307 2866 1370 2904 ta-

83 2935 178 2965 men
192 2925 268 2965 hoc
289 2925 588 2965 incommodum
605 2926 799 2976 effugiunt
814 2936 876 2975 eo,
894 2926 1004 2976 quod
1021 2938 1175 2977 semper
1197 2929 1370 2978 aliquam

10 3018 13 3028 f
86 2991 238 3049 partem
266 2990 400 3041 populi
426 2990 555 3030 ditant
583 2991 627 3029 in
651 2990 795 3040 oppida
818 2990 1055 3030 emittentes.
1088 2994 1170 3031 Hac
1197 2995 1303 3032 enim
1330 3005 1373 3033 re

89 3053 295 3093 medentur
315 3054 411 3093 huic
431 3053 536 3093 malo
551 3084 562 3103 ,
584 3055 625 3093 et
645 3053 873 3104 reipublicae
892 3055 1043 3094 statum
1059 3056 1276 3096 stabiliunt.
1296 3057 1373 3097 Sed

9 3131 12 3140 ·
89 3115 164 3156 hoc
183 3117 353 3157 fortunae
375 3119 586 3168 acceptum
612 3117 863 3157 referendum
891 3119 967 3158 est.
993 3120 1045 3158 At
1066 3121 1278 3170 oportebat
1305 3132 1373 3160 eos

87 3188 114 3223 a
137 3180 328 3222 seditione
352 3183 462 3222 tutos
491 3193 575 3222 esse
594 3183 756 3222 consilio
783 3185 823 3222 et
845 3194 966 3234 opera
992 3185 1129 3225 latoris
1147 3186 1266 3235 legis,
1292 3197 1373 3226 non

77 3243 282 3301 ,beneficio
300 3247 484 3287 fortunae.
507 3249 624 3287 Nunc
653 3250 787 3287 autem
801 3278 811 3296 ‚
829 3248 861 3288 si
877 3249 974 3298 quid
989 3249 1145 3289 adversi
1162 3251 1371 3300 acciderit,

71 3302 130 3351 'fet
145 3309 274 3359 paullo
289 3309 415 3359 major
434 3321 621 3350 numerus
636 3311 782 3350 clvium
801 3312 965 3362 imperio
981 3313 1253 3363 subiectorum
1270 3315 1372 3354 defe-

10 3422 11 3427 ,
88 3372 192 3414 oerit
210 3382 257 3411 ac
271 3371 504 3412 discordant
515 3403 526 3424 ,
551 3374 706 3413 nullum
725 3375 840 3414 estin
855 3376 1007 3426 legibus
1022 3378 1317 3427 tranquillitatis
1329 3379 1370 3417 et

82 3434 233 3494 'quietis
253 3434 466 3476 retinendae
485 3436 723 3487 praesidium.
737 3437 753 3488 ]

142 3578 557 3641 [Laoedaemone'litoe
567 3591 618 3631 de
635 3592 754 3632 rebus
770 3593 982 3632 contractis
997 3593 1187 3634 dirimunt
1203 3596 1373 3646 ephoro·

93 3663 184 3699 rum
207 3654 276 3694 alii
294 3656 390 3695 alias
403 3669 415 3705 ;
434 3657 635 3696 senatores
653 3659 788 3697 autem
803 3658 951 3707 judicia
963 3659 1013 3698 de
1028 3659 1250 3708 parricidiis
1265 3671 1374 3699 exer-

95 3718 207 3767 cent,
226 3717 327 3759 alius
339 3729 459 3769 porro
485 3719 628 3770 aliquis
655 3720 905 3770 magistratus
927 3722 1101 3761 fortassis
1128 3723 1218 3761 alia.
1243 3723 1374 3761 idem·

93 3789 173 3835 que
186 3780 231 3820 fit
245 3781 500 3833 Carthagine;
527 3782 626 3823 certi
645 3783 751 3823 enim
781 3786 1034 3835 magistratus
1058 3785 1176 3825 rebus
1192 3786 1376 3825 omnibus

67 3883 74 3890 ,,
92 3841 310 3895 iudicandis
320 3848 507 3896 praesunt.

63 3907 81 3915 ²
145 3909 282 3971 Tuscis
295 3911 336 3949 et
350 3909 735 3960 carthaginiensibus
749 3911 842 3951 sunt
858 3911 961 3951 inter
976 3922 1018 3952 se
1040 3913 1156 3962 pacta
1176 3923 1375 3952 commer-

96 3971 261 4016 ciorum.

94 4080 102 4086 ἃ
118 4046 122 4048 ·
142 4035 223 4076 Ubi
237 4035 461 4087 reipublicae
478 4038 801 4078 administrandae
820 4041 920 4079 ratio
936 4041 1086 4089 spectat
1099 4040 1148 4078 ad
1168 4040 1323 4079 divitias
1339 4041 1378 4079 et

75 4090 150 4139 Μ
170 4092 356 4134 virtutem
371 4097 412 4135 et
425 4096 475 4135 ad
490 4097 682 4147 populum
698 4127 709 4146 ,
726 4099 773 4137 ut
789 4099 1026 4148 Carthagine
1041 4127 1052 4147 ,
1065 4098 1152 4137 haec
1167 4099 1376 4137 aristocra-

90 4151 166 4214 3⁵³¹?
182 4159 378 4214 convenit,

150 4223 196 4261 ln
208 4222 458 4264 aristot-ratiis
470 4223 678 4278 seditiones
694 4226 935 4266 exsistunt...
960 4226 990 4266 si
1008 4226 1097 4276 quis
1114 4237 1277 4276 magnus
1299 4226 1372 4275 sit,

1445 2676 1571 2724 etqui
1600 2675 1726 2725 major
1749 2675 1869 2714 etiam
1888 2674 1973 2713 fieri
1992 2674 2113 2724 possit
2132 2674 2235 2712 sicut
2290 2704 2298 2712 .
2321 2675 2462 2712 Hanno
2487 2674 2737 2722 Carthagine.

1498 2739 1691 2787 Tyrannis
1719 2739 1899 2777 mutatur
1922 2737 2043 2777 etiam
2071 2737 2112 2776 in
2135 2736 2423 2776 aristocratiam
2451 2736 2554 2775 sicut
2638 2739 2736 2776 Car·

1448 2791 1615 2852 tliagine.

1506 2871 1551 2907 ln
1571 2867 1710 2906 multis
1735 2866 1959 2916 oligarchiis
1985 2877 2064 2905 non
2086 2866 2177 2905 licet
2202 2867 2400 2916 quaestum
2424 2866 2550 2905 facere
2577 2877 2598 2904 e
2618 2867 2739 2916 magi·

1446 2932 1647 2981 stratibus,
1664 2931 1732 2971 sed
1748 2933 1851 2982 leges
1866 2932 1959 2970 sunt
1975 2941 2066 2980 quae
2083 2931 2233 2969 vetent.
2256 2931 2494 2980 Carthagine
2515 2942 2625 2981 vero,
2648 2943 2739 2981 quae

1446 2996 1586 3035 civitas
1594 2996 1834 3046 populariter
1845 2995 2158 3044 administratur,
2171 2996 2369 3044 quaestum
2381 2994 2546 3044 faciunt,
2568 2996 2738 3035 necdum

1446 3062 1580 3099 tamen
1597 3059 1823 3110 reipublicae
1839 3060 1987 3098 statum
2003 3059 2275 3097 mutaverunt.

1498 3123 1625 3163 Simili
1656 3123 1777 3162 modo
1803 3121 2146 3170 Carthaginienses
2176 3132 2303 3171 remp.
2324 3121 2647 3162 administrantes
2666 3134 2738 3172 po-

1447 3187 1529 3236 puli
1540 3186 1859 3226 benevolentiam
1875 3185 2078 3234 colligunt.
2095 3188 2259 3234 Semper
2272 3185 2381 3224 enim
2396 3186 2552 3235 aliquos
2565 3186 2613 3224 de
2628 3187 2741 3236 plebe

1447 3250 1487 3289 in
1504 3253 1621 3292 urbes
1636 3250 1861 3300 adjacentes
1880 3248 2036 3299 ditioni,
2052 3248 2229 3298 ipsorum
2260 3251 2300 3288 et
2323 3249 2523 3298 subjectas
2542 3250 2741 3289 mittentes

1448 3314 1710 3364 locupletant.

1499 3379 1616 3429 Apud
1632 3379 1825 3429 quosdam
1842 3378 1963 3418 etiam
1979 3378 2084 3427 leges
2099 3376 2284 3427 quaedam
2310 3378 2401 3417 sunt
2420 3377 2470 3416 ad
2487 3378 2588 3416 hanc
2610 3379 2623 3428 (
2633 3379 2739 3417 belli·

1449 3446 1552 3495 cam)
1570 3446 1757 3484 virtutem
1773 3445 2006 3492 excitantes,
2018 3443 2353 3491 quemadmodum
2371 3443 2606 3493 Carthagine
2622 3444 2734 3482 aiunt

1449 3509 1689 3547 annulorum
1709 3511 1894 3547 ornatum
1924 3506 2069 3556 cuique
2083 3516 2156 3554 pro
2172 3517 2340 3545 numero
2362 3506 2556 3546 bellorum
2568 3538 2579 3556 ,
2597 3507 2741 3557 quibus

1451 3572 1672 3612 interfuerit
1684 3603 1695 3622 ,
1717 3571 1912 3622 concedi.]

1803 3659 2399 3709 AGRIGENTINORUM.

2028 3763 2143 3818 ¹211.

1502 3839 1728 3880 Aristoteles
1744 3841 1783 3880 in
1797 3842 2139 3892 Agrigentinorum
2157 3852 2259 3892 rep„
2277 3840 2465 3891 praesatus
2484 3838 2590 3888 quod
2619 3838 2733 3886 quin-

1451 3906 1637 3955 quaginta
1660 3905 1759 3945 litris
1782 3908 2086 3956 mulctarentur,
2107 3907 2218 3946 addit
2237 3922 2245 3945 ε
2273 3922 2291 3940 «
2321 3905 2428 3945 Litra
2450 3914 2545 3942 vero
2570 3902 2731 3941 obolum

1452 3968 1636 4018 adaequat
1649 3969 1923 4018 AEginetieum.
1949 3987 1969 4005 υ
1988 3973 2034 4010 ln
2061 3969 2350 4010 Himerensium
2376 3978 2471 4006 vero
2493 3975 2578 4014 rep.
2605 3964 2700 4003 dicit
2724 3981 2732 4003 z

1454 4046 1473 4065 «
1499 4031 1620 4071 Siculi
1640 4032 1741 4073 duos
1768 4033 1929 4072 chalcos
1947 4035 2190 4073 sextantem
2220 4031 2391 4078 vocant,
2410 4039 2534 4067 unum
2551 4027 2731 4066 chalcum

1452 4099 1650 4147 unciam,
1682 4099 1764 4137 tres
1790 4097 1948 4138 chalcos
1980 4099 2205 4144 trientem,
2234 4106 2300 4134 sex
2333 4104 2426 4132 vero
2452 4092 2728 4138 semitarum„

1452 4162 1614 4201 obolum
1632 4165 1764 4202 autem
1786 4163 1937 4203 lteram
1950 4174 1963 4200 .·
1987 4173 2105 4212 porro
2131 4162 2315 4200 staterem
2331 4156 2576 4199 Corinthium
2592 4159 2732 4195 vocant

1453 4225 1711 4266 decalv'trum
1729 4256 1738 4274 ,
1762 4226 1853 4276 quia
1871 4226 2007 4266 decem
2025 4225 2162 4264 obolos
2176 4224 2292 4263 valet.
2324 4238 2341 4254 υ

2634 4296 2666 4321 ὀ
