3016 4628
303 290 391 330 176

287 386 542 450 γυμνασθεις
596 387 638 432 ἐν
695 388 756 432 τῶ
805 384 985 450 πολέμῳ
1034 387 1119 432 τῶν
1169 387 1360 450 φρουρῶν
1411 383 1575 448 ἐγένετο

287 460 515 525 κρείττων,
550 457 627 512 ἕως
665 459 844 523 ἀφεῖσαν
882 461 959 515 τ’ἧς
997 457 1141 522 γώρας
1179 454 1270 503 ὅσοι
1297 456 1432 503 πλείω
1462 461 1573 513 ἦσαν

286 532 469 595 ἔχοντες.
494 538 508 589 ]
548 532 975 580 Cf.Th.Ms111e1.
1027 532 1093 576 De
1129 531 1247 575 ΤΙιιι·
1250 533 1410 575 iorum
1450 532 1570 588 Rep.

285 622 335 664 p.
371 622 423 663 17
449 621 551 665 sqq.

847 716 965 779 [²37
976 715 1007 777 ·]

355 834 458 896 [ld.
480 835 583 880 Pol.
603 835 661 890 V,
683 834 728 888 6,
752 833 814 879 8:
837 830 1043 877 Μάλιστα
1062 828 1105 875 δὲ
1129 827 1459 875 λανθάνουσιναῖ
1477 818 1570 890 ‹ipi-

288 903 537 968 στοκρατίαι
573 903 925 965 μεταὸάλλουσαι
948 904 1009 966 τῷ
1044 900 1218 947 λύεσθαι
1243 899 1353 946 κατὰ
1394 898 1568 963 μικρόν·

288 974 392 1041 ὅπερ
421 976 588 1040 εἴρηται
614 977 657 1022 ἐν
690 978 777 1028 τοῖς
812 973 1013 1038 πρότερον
1051 971 1232 1019 καθόλου
1267 969 1379 1017 κατὰ
1417 973 1569 1017 πασῶν

289 1051 373 1095 τῶν
397 1050 645 1104 πολιτειῶν,
669 1044 732 1093 ὅτι
759 1045 892 1092 αἴτιον
925 1048 1008 1090 τῶν
1036 1043 1286 1105 μεταὸολῶν
1311 1041 1384 1089 καὶ
1421 1041 1466 1089 τὸ
1499 1061 1570 1104 μι·

288 1119 387 1182 κρόν
415 1122 553 1166 ἐστιν·
579 1116 678 1165 ὅταν
705 1117 787 1181 γάρ
821 1137 862 1163 τι
887 1116 1102 1180 πρόωνται
1132 1118 1216 1161 τῶν
1254 1114 1358 1179 πρὸς
1385 1114 1462 1172 τὴν
1489 1133 1569 1161 πο-

288 1191 446 1238 λιτείαν
463 1228 474 1249 ,
499 1190 607 1254 μετὰ
627 1195 751 1237 τοῦτο
768 1189 841 1236 καὶ
867 1188 971 1235 ἄλλο
989 1191 1128 1252 μικρῷ
1151 1190 1293 1250 μεῖζον
1315 1186 1571 1252 εὐχερέστε-

288 1283 358 1327 ρον
384 1268 591 1320 κινοῦσιν,
612 1260 689 1315 ἕως
709 1261 757 1309 ἂν
778 1260 918 1307 πάντα
935 1260 1141 1318 κινήσωσι
1166 1260 1235 1306 τὸν
1256 1259 1431 1320 κόσμον.
1452 1263 1567 1308 Συν-

287 1335 366 1392 έὸη
406 1335 449 1382 δὲ
480 1339 604 1382 τοῦτο
634 1333 707 1381 καὶ
732 1333 801 1381 ἐπὶ
836 1336 910 1390 τῆς
941 1331 1136 1395 Θουρίων
1171 1329 1412 1382 πολιτείας·
1435 1328 1568 1391 νόμου

287 1406 368 1470 γὰρ
390 1406 505 1460 ὄντος
529 1406 597 1454 διὰ
623 1405 748 1453 πέντε
769 1407 874 1452 ἐτῶν
907 1409 1187 1469 στρατηγεῖν,
1211 1400 1429 1465 γενόμενοί
1461 1420 1569 1455 τινες

287 1479 514 1539 πολεμικοὶ
543 1481 627 1525 τῶν
663 1476 899 1541 νεωτέρων,
936 1475 1008 1523 καὶ
1046 1473 1165 1535 παρὰ
1198 1477 1258 1540 τῷ
1294 1473 1447 1532 πλήθει
1483 1477 1568 1520 τῶν

289 1554 480 1615 φρουρῶν
504 1552 840 1612 εὐδοκιμοῦντες,
871 1547 1272 1613 καταφρονήσαντες
1292 1549 1375 1593 τῶν
1406 1548 1448 1593 ἐν
1483 1553 1571 1601 τοῖς

289 1623 541 1686 πράγμασι,
562 1623 634 1669 καὶ
652 1622 886 1683 νομίζοντες
911 1620 1063 1686 ῥᾳδίως
1082 1619 1399 1684 κατασχήσειν,
1420 1623 1568 1666 τοῦτον

288 1694 359 1741 τὸν
384 1695 511 1756 νόμον
533 1694 646 1741 λύειν
671 1692 953 1758 ἐπεχείρησαν
972 1695 1162 1754 πρῶτον,
1180 1691 1283 1739 ὥστ’
1305 1691 1459 1747 ἐξεῖναι
1476 1690 1571 1746 τοὺς

289 1765 439 1820 αὐτους
467 1770 653 1830 συνεχῶς
671 1769 947 1829 στρατηγεῖν,
973 1768 1150 1855 6pt‘l'iv’xreq
1169 1763 1240 1811 τὸν
1262 1765 1397 1826 δημον
1419 1763 1571 1819 αὐτους

287 1838 640 1917 χειροτονήσοντα
661 1837 903 1918 προθύμως.
931 1838 986 1885 Οἱ
1008 1836 1042 1883 δ’
1068 1836 1138 1883 ἐπὶ
1161 1836 1298 1902 τούτῳ
1314 1835 1571 1899 τεταγμένοι

288 1922 369 1950 των
388 1902 632 1967 ἀργόντων,
650 1906 688 1949 οἱ
708 1902 963 1965 καλούμενοι
983 1901 1219 1965 σύμὸουλοι
1235 1890 1503 1967 ὁρμήσαντες
1522 1902 1570 1950 τὸ

285 1979 453 2040 πρῶτον
486 1978 775 2022 ἐναντιοῦσθαι
800 1974 1164 2034 συνεπείσθησαν,
1187 1975 1570 2038 υπολαμὸάνοντες

284 2053 432 2094 τοῦτον
455 2047 709 2105 κινήσαντας
738 2047 809 2094 τὸν
832 2047 960 2110 νόμον
996 2047 1137 2095 ἐάσειν
1162 2048 1240 2105 τὴν
1267 2048 1403 2107 ἄλλην
1439 2050 1570 2096 πολι-

284 2120 422 2178 τείαν,
445 2120 616 2185 ὕστερον
638 2119 681 2166 δὲ
721 2119 970 2184 βουλόμενοι
989 2122 1168 2167 κωλύειν
1194 2119 1337 2168 ἄλλων
1367 2120 1569 2184 κινουμέ-

285 2212 384 2248 νων,
411 2191 551 2239 οὐκέτι
589 2191 718 2239 πλέον
756 2192 922 2240 ἐποίουν
945 2192 1088 2252 οὐθὲν,
1126 2192 1240 2240 ἀλλὰ
1277 2193 1515 2256 μετέὸαλεν
1540 2198 1568 2253 ἡ

282 2263 396 2319 τάξις
419 2273 538 2311 πᾶσα
561 2268 637 2322 τῆς
670 2263 885 2320 πολιτείας
909 2267 967 2320 εἰς
989 2265 1241 2314 δυναστείαν
1277 2269 1363 2314 τῶν
1398 2269 1569 2332 ἐπιχει-

287 2337 511 2401 ρησάντων
538 2338 846 2403 νεωτερίζειν.]

281 2487 374 2515 vero
411 2476 493 2516 sive
521 2477 721 2516 curiarum
757 2489 944 2519 numerus
976 2481 1212 2530 augeretur3
1237 2479 1381 2520 deinde
1409 2482 1569 2531 autem,

280 2540 386 2590 quod
423 2540 573 2580 nobiles
602 2541 736 2581 totius.
751 2542 919 2592 regionis
947 2554 1060 2593 agros
1087 2545 1232 2594 praeter
1261 2544 1389 2594 legem
1422 2555 1572 2585 coeme-

282 2606 370 2643 rant
389 2606 428 2644 et
442 2605 690 2654 possidebant
707 2607 821 2656 (nam
844 2618 983 2647 eorum
1000 2608 1224 2658 respublica
1246 2608 1297 2647 ad
1313 2609 1569 2660 oligarchiam

282 2668 517 2718 inclinabat,
552 2670 670 2719 atque
693 2670 838 2710 idcirco
864 2671 978 2711 facile
1000 2673 1185 2722 poterant
1205 2671 1431 2712 istiusmodi
1461 2685 1569 2724 quae·

283 2734 388 2770 stum
422 2732 593 2782 facere),
612 2744 704 2772 mox
731 2734 920 2784 populus,
958 2747 1085 2786 quum
1116 2735 1210 2775 belli
1238 2736 1437 2778 exercitiis
1465 2738 1572 2778 vires

283 2796 467 2842 auxisset,
485 2796 671 2845 praesidiis
680 2799 1012 2838 mercenariorum
1024 2800 1144 2852 (quos
1157 2804 1384 2851 optimates
1400 2803 1570 2843 civitati

284 2861 598 2910 imposuerant)
615 2862 790 2911 superior
821 2864 948 2903 factus
977 2866 1058 2915 est,
1089 2860 1337 2916 victoriaque
1371 2877 1443 2906 sua
1475 2876 1571 2906 usus

286 2923 391 2962 baud
415 2926 531 2963 antea
546 2925 717 2976 destitit,
736 2938 856 2977 quam
883 2928 909 2967 ii
925 2931 993 2979 qui
1012 2932 1147 2981 plures
1159 2944 1280 2983 quam
1297 2943 1348 2972 ex
1366 2932 1452 2984 lege
1474 2932 1570 2973 lice·

287 2989 353 3027 bat
369 3000 480 3039 agros
499 2991 770 3043 possidebant,
793 2989 895 3044 agris
908 2995 992 3036 istis
1008 2994 1257 3049 cessissent]

837 3077 983 3131 [237.]

338 3156 523 3206 [Maxime
532 3161 662 3200 autem
676 3162 928 3204 aristocratiae
941 3166 1106 3207 latenter
1120 3168 1328 3208 mutantur
1336 3174 1460 3218 quum
1471 3173 1569 3219 pau-

289 3222 396 3261 latim
416 3223 637 3274 solvuntur,
667 3228 774 3277 quod
796 3230 976 3270 universe
995 3231 1045 3271 de
1079 3234 1263 3273 omnibus
1282 3234 1572 3285 rehuspublicis

287 3287 379 3325 ante
408 3286 558 3326 dictum
590 3291 670 3339 est,
702 3291 956 3341 exiguitatem
988 3297 1255 3337 mutationum
1280 3309 1366 3338 esse
1392 3309 1569 3338 causam.

288 3353 422 3395 Quum
432 3351 536 3389 enim
556 3351 704 3402 aliquid
720 3365 855 3395 eorum
875 3368 964 3406 quae
985 3359 1035 3397 ad
1050 3361 1337 3411 rempublicam
1354 3362 1568 3413 pertinent,

290 3414 566 3465 neglexerunt,
591 3419 724 3465 postea
746 3419 863 3458 etiam
873 3421 977 3461 aliud
999 3425 1134 3473 paullo
1150 3426 1281 3476 majus
1299 3428 1453 3467 facilius
1476 3438 1567 3467 mu—

290 3480 397 3527 tant,
425 3478 550 3519 donec
572 3491 731 3521 omnem
747 3484 923 3524 ordinem
951 3488 1178 3538 reipublicae
1199 3494 1395 3532 evertant
1424 3494 1568 3533 Evenit

290 3541 364 3580 boc
379 3542 523 3581 etiam
514 3554 553 3582 in
569 3544 803 3586 Thuriorum
817 3550 1041 3599 republica:
1056 3564 1147 3592 nam
1164 3565 1291 3604 quum
1306 3557 1372 3596 lex
1386 3558 1502 3607 esset,
1521 3568 1572 3597 ne

287 3605 376 3654 ciniis
385 3607 527 3645 iterum
544 3609 732 3647 exercitui
742 3615 937 3663 praeessct,
955 3615 1028 3654 nisi
1039 3617 1310 3668 quinquennio
1326 3620 1568 3672 intermisso,

285 3670 449 3718 Juvenes
460 3669 620 3720 quidam
637 3671 809 3712 bellicosi
823 3677 964 3715 natura
982 3681 1022 3718 et
1037 3680 1141 3729 apud
1158 3683 1442 3731 praesidiariam
1459 3687 1567 3726 mul-

289 3732 498 3772 titudinem
514 3734 673 3773 virtutis
688 3736 910 3786 opinionem
924 3742 1028 3780 nacti
1033 3745 1351 3796 ,contemptisiis
1366 3748 1436 3798 qui
1453 3749 1571 3790 rebus

286 3796 466 3844 gerendis
484 3800 597 3836 erant
611 3800 834 3849 praepositi,
859 3803 898 3841 et
923 3805 1106 3852 putantes
1138 3808 1221 3848 sore
1244 3812 1290 3849 ut
1315 3812 1423 3860 quod
1446 3812 1569 3854 habe-

288 3859 409 3899 bant
401 3871 439 3899 ιιι
459 3860 615 3911 animo,
639 3862 753 3902 facile
769 3864 1014 3917 obtinerent,
1035 3869 1136 3909 banc
1161 3872 1286 3922 legem
1307 3875 1482 3923 primum
1499 3887 1569 3916 an-

287 3924 441 3973 tiquare
467 3925 597 3964 conati
621 3927 735 3975 sunt,
755 3927 809 3966 ita
829 3932 874 3967 ιιι
892 3927 1029 3970 iisdem
1055 3931 1188 3974 liceret
1207 3939 1398 3987 perpetuo
1417 3941 1569 3980 exerci-

287 3990 372 4025 tum
391 3987 550 4038 ducere,
564 3999 690 4038 quum
703 3991 893 4039 populum
909 3993 1087 4034 viderent
1105 3995 1270 4038 libenter
1286 4001 1359 4040 sibi
1378 4003 1570 4055 suffraga-

286 4053 437 4089 turum.
464 4051 716 4101 Magistratus
734 4055 868 4094 autem
889 4057 956 4105 qui
984 4058 1038 4096 rei
1059 4059 1177 4109 hujus
1201 4072 1337 4102 curam
1361 4066 1568 4116 gerebant,

285 4115 351 4163 qui
375 4115 576 4167 symbuli,
591 4116 631 4155 Ιι.
653 4127 687 4157 e.
703 4119 989 4160 consultatores
1008 4132 1075 4161 seu
1098 4124 1306 4165 consiliarii
1322 4128 1568 4182 dicebantur,

287 4190 411 4228 ιμιιιιιι
429 4192 470 4219 se
490 4181 660 4232 primum
679 4181 836 4223 illorum
846 4185 1051 4226 conatibus
1065 4191 1350 4241 opposuissem,
1369 4198 1570 4236 cesserunt

1222 276 1630 327 ARISTOTELIS
1667 273 2087 342 FRAGMENTA.

1621 3345 1626 3350 .
1643 3323 1727 3354 esse
1742 3304 1973 3354 Aristoteles
1987 3315 2149 3364 quoque
2163 3312 2205 3352 in
2231 3307 2534 3352 Massiliensium
2550 3314 2635 3362 rep.
2651 3305 2790 3352 tradit.
2819 3335 2823 3338 ⁴

2055 400 2534 457 ΜΑΣΣΑΛΙΩΤΩΝ.

2244 512 2354 559 238.

1694 598 2060 677 'Harpocration
2079 630 2122 662 v.
2144 614 2384 663 Μασσαλία
2411 633 2422 665 :
2446 611 2795 683 Ἰσοκράτηςμέν
2817 638 2963 688 φησιν

1649 690 1691 735 ἐν
1721 686 1970 752 Ἀρχιδάμῳ
2007 689 2059 749 (§
2087 687 2178 752 84)
2214 691 2272 741 ὡς
2302 691 2508 743 Φωκαεῖς
2541 691 2742 756 φυγόντες
2771 693 2851 753 τὴν
2870 701 2946 745 τοῦ

1649 758 1839 822 μεγάλου
1869 758 2080 822 βασιλέως
2105 759 2359 807 δεσποτείαν
2386 763 2444 816 εἷς
2467 763 2736 811 Μασσαλίαν
2758 765 2947 833 ἀπῴκη-

1647 849 1751 878 σαν·
1771 829 1836 877 οτι
1862 831 1906 877 δὲ
1931 831 2015 896 πρὸ
2030 831 2193 879 τούτοιν
2218 835 2301 880 τῶν
2323 833 2490 899 χρόνων
2512 834 2634 893 ἤδηε
2618 835 2701 884 υπὸ
2717 834 2945 887 Φωκαέων

1646 921 1805 949 ωκιστο
1829 906 1855 960 ἡ
1882 902 2151 962 Μασσαλία,
2171 903 2246 950 καὶ
2265 905 2562 971 Ἀριστοτέλης
2595 908 2639 954 ἐν
2666 911 2720 973 τῇ
2753 911 2945 958 Μασσα-

1645 977 1811 1022 λιωτῶν
1831 974 2028 1022 πολιτεία
2053 976 2192 1034 δηλοῖ.

1711 1051 1943 1094 Truncata
1965 1050 2063 1095 haec
2090 1051 2218 1110 apud
2244 1052 2468 1097 Photium
2498 1059 2544 1098 et
2577 1053 2768 1100 Suidam
2795 1071 2833 1100 s.
2866 1072 2913 1102 v.
2929 1091 2943 1113 ,

1645 1123 1726 1180 qui
1749 1131 1857 1180 post
1880 1137 2047 1167 vocem
2069 1118 2312 1186 ἄπώκησαν
2338 1125 2526 1169 nonnisi
2551 1125 2644 1170 hoc
2662 1128 2784 1173 male
2798 1128 2947 1188 subji-

1645 1194 1814 1238 ciunt:
1836 1194 2063 1257 Μαρτυρεῖ
2086 1191 2130 1240 δὲ
2148 1196 2211 1259 τῷ
2234 1192 2350 1260 λόγω
2370 1193 2445 1242 καὶ
2470 1195 2782 1279 Ἀριστοτέλης.
2803 1201 2876 1246 De
2895 1216 2947 1247 re

1643 1275 1814 1325 praeter
1852 1267 2175 1312 Briicknerum
2212 1267 2225 1328 (
2247 1270 2424 1314 Hister.
2465 1270 2586 1329 reip.
2616 1271 2786 1320 Massil.
2822 1286 2874 1332 p.
2915 1272 2946 1318 8

1643 1353 1746 1396 sqq.
1765 1338 1777 1395 )
1800 1353 1846 1381 v.
1866 1338 2119 1386 Dederich.
2144 1340 2193 1383 in
2217 1341 2335 1388 Mus,
2358 1342 2512 1388 Rhen.
2539 1350 2656 1387 tom.
2679 1344 2766 1400 IV,
2789 1343 2941 1391 fascic.
2961 1337 2965 1340 ⁴

1644 1412 1680 1455 I.
1704 1410 1774 1455 Cf.
1802 1411 1940 1458 Cless.
1966 1411 2016 1455 in
2039 1412 2193 1471 Ραιιζγ
2206 1415 2422 1458 Realenc.
2449 1430 2488 1462 s.
2510 1431 2557 1462 v.
2585 1415 2798 1463 Massilia.

2996 1008 3003 1024 u
2996 983 3004 1002 ν’·
2995 674 3007 978 &mmmm-<v
2995 613 3007 670 ’πςρῆ
2995 593 3006 608 Ί·
2995 571 3002 589 ’···
2994 487 3006 567 ’,Ε-ΓΤ·
2995 465 3006 483 *J
2995 432 3006 457 -ΡῙ
2994 410 3005 426 '1
2995 395 2998 405 ⁰

2997 1411 3007 1566 -W,
2995 1095 3007 1410 -n-w--u-w-n-v-'w-vv-
2995 1026 3007 1087 ἰνιτ-9

2239 1520 2350 1582 239.

1712 1620 1959 1665 Athenaeus
1988 1623 2134 1679 XIII,
2169 1638 2222 1682 p.
2253 1620 2364 1681 576,
2382 1625 2462 1668 A:
2501 1620 2569 1670 Τὸ
2605 1618 2751 1685 ὅμοιον
2784 1621 2945 1687 ἱστορεῖ

1643 1689 1841 1754 γενέσθαι
1860 1692 1934 1738 καὶ
1967 1686 2292 1758 Ἀριστοτέλης,
2320 1695 2363 1740 ἐν
2387 1697 2440 1759 τῇ
2465 1695 2802 1743 Μασσαλιωτῶν
2823 1695 2959 1742 πολι·Δ

1644 1761 1740 1810 τεία
1761 1763 1938 1828 γράφων
1959 1764 2113 1820 οὕτως·
2141 1788 2159 1808 «
2191 1767 2395 1820 Φωκαεῖς
2428 1768 2467 1813 οἱ
2514 1767 2557 1814 ἐν
2581 1765 2725 1832 Ἰωνία
2755 1766 2962 1833 ἐμπορία
2998 1790 3000 1792 ’

1643 1834 1860 1899 χρώμενοι
1896 1835 2069 1885 ἔκτισαν
2110 1835 2394 1888 Μασσαλίαν.
2421 1833 2602 1894 Εὔξενος
2621 1840 2659 1885 δ’
2684 1841 2708 1885 6
2728 1834 2959 1894 Φωκαεὺς

1644 1907 1781 1973 Νάνῳ
1819 1928 1882 1956 τι)
1909 1912 2078 1974 βασιλεῖ
2113 1911 2267 1974 (τουτο
2291 1903 2387 1958 δ’
2358 1930 2411 1969 ην
2438 1913 2556 1976 αὐτῷ
2579 1910 2751 1975 ὄνομα)
2796 1903 2849 1970 ην
2875 1910 2943 1967 ξέ-
2998 1913 3002 1915 ’

1644 1998 1727 2033 νος.
1758 1972 1896 2036 Οὗτος
1926 1985 1948 2028 6
1977 1978 2146 2042 Νάνος,
2180 1984 2388 2030 ἐπιτελῶν
2412 1981 2579 2048 γάμους
2611 1986 2689 2042 τῆς
2712 1981 2959 2052 θυγατρὸς,

1645 2050 1759 2099 κατὰ
1776 2052 1913 2119 τύχην
1937 2053 2289 2120 παραγενόμενον
2309 2055 2382 2103 τὸν
2406 2054 2588 2111 Εὔξενον
2609 2054 2941 2143 παρακέκληκεν

1645 2124 1716 2171 ἐπὶ
1740 2123 1817 2183 τὴν
1842 2126 2000 2185 θοίνην
2019 2126 2075 2175 Ὁ
2100 2126 2145 2174 δὲ
2167 2126 2308 2198 γάμος
2329 2126 2519 2192 ἐγίγνετο
2535 2117 2657 2174 τόνδε
2675 2126 2748 2174 τὸν
2768 2125 2941 2192 τρόπον.

1644 2193 1770 2245 Εδει
1800 2197 1911 2260 μετὰ
1934 2197 1983 2245 τὸ
2016 2195 2184 2246 δεῖπνον
2208 2194 2481 2270 εἰσελθοῦσαν
2513 2197 2592 2258 τὴν
2615 2196 2752 2268 παιδα
2783 2195 2942 2265 φιάλην

1644 2270 2001 2345 κεκερασμένην
1979 2276 2014 2318 ὡ
2031 2271 2244 2347 flammivom
2247 2274 2393 2320 δουναι
2410 2268 2496 2321 τῶν
2509 2270 2734 2340 παρόντοιν
2748 2272 2943 2334 μνηστή-

1647 2361 1757 2407 ρων·
1783 2347 1819 2408 ᾧ
1839 2342 1884 2390 δὲ
1905 2343 1996 2402 δοίη
2009 2380 2021 2402 ,
2038 2348 2186 2392 τοῦτον
2205 2348 2313 2392 εἶναι
2332 2345 2530 2411 νυμφίον.
2549 2343 2611 2394 Ἦ
2629 2342 2673 2392 δὲ
2689 2347 2792 2399 παῖς
2807 2338 2944 2394 εισελ-

1642 2483 1794 2531 tamen,
1814 2483 2087 2524 existimantes
2097 2485 2181 2524 fore
2196 2487 2242 2525 ut
2257 2485 2315 2525 illi
2327 2485 2506 2536 hacjege
2517 2485 2674 2525 sublata
2689 2495 2714 2524 a
2729 2486 2861 2525 cetera
2875 2495 2942 2525 re-

1644 2547 1805 2596 publica
1823 2548 1898 2587 sibi
1920 2549 2204 2599 temperarent.
2231 2551 2515 2599 Posteabvero,
2529 2560 2656 2600 quum
2683 2548 2855 2588 aliarum
2876 2559 2941 2588 re-

1644 2623 1735 2651 rum
1765 2613 1980 2653 mutationi
2010 2614 2162 2654 vellent
2188 2614 2383 2654 obsistere
2394 2643 2406 2664 ,
2438 2613 2537 2654 nibil
2556 2613 2833 2665 profecerunt,
2870 2611 2941 2660 sed

1643 2676 1753 2715 totus
1765 2676 1863 2715 ordo
1878 2676 2107 2727 reipublicae
2118 2677 2160 2716 in
2172 2672 2483 2718 dominationem
2500 2688 2639 2718 eorum
2656 2669 2727 2728 qui
2740 2687 2804 2717 res
2817 2683 2941 2716 novas

1643 2739 1776 2798 moliti
1792 2741 1927 2791 erant,
1939 2740 2111 2781 transiit.
2132 2741 2149 2792 ]

2031 2858 2478 2911 MASSILIENSIU
2486 2862 2550 2910 M.

2242 2990 2343 3036 2:38.

1695 3113 1889 3157 Isocrates
1911 3111 1953 3157 in
1972 3118 2211 3158 Archidamo
2220 3095 2325 3158 'dicit
2342 3118 2603 3158 Phoeoeensae
2617 3108 2827 3158 Persarum
2838 3115 2940 3170 regis

1643 3183 1856 3233 imperium
1882 3183 2075 3233 fugientes
2090 3184 2132 3224 in
2158 3184 2374 3224 Massiliam
2391 3184 2614 3234 emigrasse.
2641 3184 2832 3225 Ceterum
2855 3183 2939 3236 inm

1643 3250 1737 3288 ante
1766 3248 1854 3287 haec
1881 3250 2064 3299 tempora
2092 3248 2308 3288 Massiliam
2335 3250 2360 3287 a
2388 3245 2694 3288 Phocaeensibus
2721 3247 2938 3289 habitatam

2239 3402 2342 3444 239.

1647 3493 1671 3512 '
1699 3491 1878 3532 Similem
1911 3490 2116 3532 historiam
2142 3491 2283 3530 narrat
2313 3488 2547 3530 Aristoteles
2571 3489 2612 3528 in
2637 3486 2895 3530 massiliensia
2937 3503 2939 3505 ·

1644 3567 1727 3607 rep.
1755 3557 1812 3596 ita
1838 3556 2046 3596 scribens:
2071 3569 2092 3590 α
2118 3556 2376 3596 Phocoeenses
2404 3554 2550 3604 Ioniae,
2579 3554 2850 3595 mercaturam
2868 3555 2915 3595 fa

1643 3621 1813 3670 cienteS,
1832 3620 2044 3661 Massiliam
2064 3619 2291 3661 condidere.-
2312 3621 2503 3658 Euxenus
2527 3619 2665 3657 autem
2693 3616 2776 3657 Pho
2810 3633 2856 3653 :a
2891 3635 2900 3653 ;

1643 3684 1816 3735 hospitio
1835 3684 2025 3724 utebatur
2057 3683 2158 3724 Nani
2188 3698 2197 3722 ε
2230 3691 2378 3722 nomen
2406 3680 2448 3720 id
2475 3681 2555 3731 regi
2574 3681 2673 3721 erat.
2696 3681 2772 3721 Hic
2800 3683 2933 3722 Nanu

1643 3759 1770 3799 quum
1801 3748 1960 3799 nuptias
1988 3747 2208 3787 celebraret
2237 3745 2330 3785 tiliae
2351 3755 2460 3795 sum,
2483 3746 2718 3792 Euxenum.
2741 3743 2813 3796 qui
2841 3746 2930 3795 tug-

1644 3813 1745 3852 sorte
1761 3811 1972 3853 Massiliam
1989 3811 2228 3860 advenerat,
2245 3808 2297 3849 ad
2325 3809 2490 3859 epulum
2509 3807 2686 3849 vocavit.
2707 3807 2886 3860 Agebant
2914 3827 2918 3843 a

1643 3877 1778 3916 autem
1795 3875 1945 3926 nuptiae
1971 3874 2042 3915 tali
2064 3873 2211 3914 modo':
2234 3873 2324 3924 post
2341 3883 2496 3912 coenam
2523 3871 2732 3923 oportebat
2744 3870 2937 3922 virgin

1643 3940 1683 3979 in
1700 3939 1952 3979 coenaculum
1969 3939 2144 3988 intrare,
2164 3939 2206 3977 et
2220 3936 2302 3976 vini
2323 3938 2502 3987 pateram
2518 3934 2583 3975 cui
2605 3935 2728 3975 vellet
2752 3944 2799 3975 ex
2829 3936 2938 3987 ιιι-ςί

1643 3998 1821 4043 sentibus
1843 3998 1975 4054 procis
1997 4001 2172 4051 tradere3
2207 3999 2274 4040 cui
2299 3991 2435 4040 autem
2458 3997 2704 4048 tradidisset,
2725 3997 2759 4038 is
2771 4007 2890 4048 spon

1643 4068 1745 4108 erat.
1763 4069 1940 4117 ingressa
1965 4065 2087 4116 igitur
2107 4057 2241 4114 virgo,
2262 4065 2442 4115 pateram
2463 4061 2547 4102 sive
2565 4072 2658 4102 casu
2679 4060 2763 4101 sive
2787 4058 2924 4117 alias

1643 4141 1762 4180 causa
1775 4129 1939 4170 tradidit
1959 4131 2125 4169 Euxeno
2143 4143 2153 4167 ε
2170 4137 2317 4167 nomen
2335 4124 2476 4178 virgini
2494 4125 2610 4166 Petta
2620 4125 2720 4166 erat.
2738 4125 2799 4165 Ita
2809 4134 2862 4175 qu
2877 4128 2898 4180 ,ᾗ
2918 4126 2921 4129 ’

1643 4183 1872 4246 accidisset,
1896 4196 2024 4246 pater,
2047 4194 2158 4234 ratus
2176 4192 2336 4233 volente
2351 4191 2426 4232 deo
2446 4191 2540 4231 huic
2557 4191 2733 4242 pateram
2750 4199 2836 4229 esse
2867 4210 2898 4244 ¹..
2918 4195 2933 4227 ι
