3016 4628
1269 286 1673 336 FRAGMENTA.

119 409 194 455 μεν
222 391 360 437 αὐτῶν
385 385 460 445 τὴν
497 385 680 452 γέφυραν
705 382 829 440 ὀξέως
859 385 1048 449 ἀφεῖλον,
1079 386 1119 432 οἱ
1156 384 1199 431 δὲ
1232 385 1301 432 ἐπι
1328 385 1402 438 τὰς

116 464 269 515 πέλας
271 459 420 523 κώμας
437 456 758 523 ἀποδραμόντες
780 454 1050 536 ἀγγέλλουσι
1055 456 1150 508 τους
1173 456 1403 520 ἐλέφαντας

78 580 82 590 ι,
105 524 179 595 ’ὅτι
203 527 247 573 ἐν
268 529 329 590 τῶ
363 523 479 590 ἕρκεϊ
509 523 706 587 ἔχονται·
734 523 770 610 (9
771 521 784 585 )
812 523 850 569 οἱ
876 519 921 568 δὲ
949 519 1204 574 ἀκούσαντες
1232 521 1400 567 ἐπιὸαί·

20 655 21 659 ,
115 600 341 647 νουσιτῶν
363 594 606 662 κρατίστων
629 613 674 641 τε
709 594 780 640 τὸν
815 591 946 654 θυμὸν
972 591 1045 639 καὶ
1073 595 1158 639 τῶν
1183 597 1403 658 χειροηθε-

17 661 24 681 ’
61 662 82 724 s
115 668 290 719 στάτων
305 666 560 733 ἐλεφάντων,
591 665 817 719 ἐπιὸάντες
837 663 880 712 δὲ
902 663 1147 712 ἐλαύνουσιν
1177 666 1233 717 ὡς
1263 664 1336 710 ἐπὶ
1355 664 1402 711 τὸ

23 735 34 766 s
113 741 252 806 ῐρκος,
272 739 501 794 ἐλάσαντες
524 738 569 786 δὲ
601 740 678 786 οὐκ
701 736 857 784 αὐτίκα
882 735 1031 800 μάχης
1057 735 1285 793 ἅπτονται,
1307 737 1401 783 ἀλλ

81 815 93 846 J
113 815 216 865 ἐῶσι
237 811 322 877 γὰρ
343 813 460 878 λιμῷ
486 830 533 858 τε
559 811 941 874 ταλαιπωρηθῆναι
967 807 1064 862 τους
1101 806 1270 896 ἀγρίους
1306 805 1403 853 ἐλέ-

0 895 1 910 ³
47 895 73 941 j
92 903 273 952 -φαντας
296 883 415 936 καὶε
400 882 482 931 υπὸ
514 885 577 948 τῶ
612 881 728 947 δίψει·
752 881 1032 938 δουλωθῆναι.
1065 877 1134 943 (ιο)
1158 870 1307 926 Ευτ’
1286 898 1337 924 αν
1359 875 1414 924 δὲ.

113 977 142 1007 σ
174 956 234 1007 ίσι
266 958 409 1010 κακῶς
445 954 559 1023 ἔχειν
596 952 797 1011 δοκέωσι,
822 970 1059 1011 τηνικαυτα
1099 949 1404 1008 ἐπιστήσαντες

21 1022 42 1056 ³¹⁵
113 1033 232 1084 αυθις
253 1026 355 1085 τὴν
353 1025 539 1092 γέφυραν
559 1023 784 1074 ἐλαύνουσί
807 1043 853 1071 τε
873 1026 931 1078 ὡς
950 1025 1013 1106 ἐςω
1010 1022 1059 1070 τὸ
1082 1021 1227 1089 ἕρκος,
1253 1021 1327 1069 καὶ
1349 1020 1404 1068 τὰ

114 1099 193 1165 μὲν
215 1101 368 1166 πρῶτα
390 1097 514 1187 μάχη
533 1096 709 1146 ἵσταται
731 1094 920 1161 κρατερὴ
944 1094 1078 1144 τοῖσιν
1102 1092 1301 1158 ἡμέροισι
1319 1095 1402 1140 τῶν

24 1178 36 1239 ’,Ιῖ
55 1182 72 1191 ”
92 1230 94 1233 v
113 1171 350 1240 ἐλεφάντων
391 1171 495 1238 πρὸς
532 1168 627 1224 τους
657 1166 922 1222 ἑαλωκότας·
961 1166 1112 1215 ἔπειτα
1152 1163 1405 1231 κρατέονται

27 1266 33 1298 2
83 1280 90 1309 ³.
99 1243 190 1308 μὲν
225 1243 339 1292 κατὰ
362 1243 412 1291 τὸ
435 1241 544 1298 εἰκὸς
575 1244 613 1290 οἱ
637 1240 779 1306 ἄγριοι
803 1239 886 1289 ὑπό
908 1259 956 1288 τε
978 1242 1032 1304 τῇ
1058 1238 1219 1303 ἀθυμίῃ
1243 1237 1319 1286 καὶ
1341 1240 1404 1303 τῷ

6 1310 37 1375 ᾗ
109 1319 227 1383 λιμῷ
249 1315 662 1381 ταλαιπωρεύμενοι.
688 1314 766 1379 (11)
787 1315 845 1363 Οἱ
869 1311 914 1361 δὲ
943 1313 1029 1360 ἀπὸ
1052 1315 1136 1360 τῶν
1160 1310 1403 1375 ἐλεφάντων

110 1387 379 1444 καταὸάντες
415 1386 737 1453 παρειμένοισιν
782 1385 865 1444 ἤδη
904 1391 1039 1433 τοῖσιν
1079 1382 1266 1449 ἀγρίοισι
1307 1381 1405 1436 τους

23 1469 34 1484 ”
63 1458 68 1478 ³
111 1459 247 1515 πόδας
282 1459 436 1526 ἄκρους
467 1459 728 1507 συνδέουσιν·
769 1457 919 1505 ἔπειτα
947 1456 1240 1522 ἐγκελεύονται
1270 1461 1404 1502 τοῖσιν

66 1550 69 1554 ’
110 1531 309 1599 ἡμέροισι
353 1534 548 1598 πληγῇσι
592 1538 701 1598 σφᾶς
739 1529 934 1586 κολάζειν
979 1530 1194 1593 πολλῇσι,
1235 1525 1326 1574 ἔστ’
1352 1526 1405 1574 ἂν

71 1658 75 1662 ,
110 1607 265 1653 ἐκεῖνοι
289 1602 688 1670 ταλαιπωρεύμενοι
720 1603 760 1656 ἐς
785 1620 866 1665 γην
898 1600 1085 1648 πέσωσι·
1110 1597 1407 1664 παραστάντες

26 1731 28 1734 ,
79 1707 81 1710 .
110 1675 155 1724 δὲ
177 1676 358 1746 βρόχους
381 1674 713 1740 περιὸάλλουσιν
742 1674 909 1720 αὐτοῖσι
931 1669 1045 1719 κατὰ
1069 1669 1166 1725 τους
1199 1669 1404 1735 αὐχένας,

108 1748 185 1798 καὶ
208 1747 331 1796 αυτοὶ
351 1746 622 1795 ἐπιὸαίνουσι
641 1744 892 1808 κειμένοισι.
920 1745 998 1809 (ιο)
1018 1746 1108 1793 Τοῦ
1137 1743 1181 1790 δὲ
1208 1741 1268 1806 μὴ
1290 1746 1406 1790 ἀπο-

109 1819 299 1869 σείεσθαι
327 1817 425 1874 τους
442 1817 644 1881 ἀμὸάτας
670 1816 782 1880 μηδέ
804 1836 845 1864 τι
869 1816 976 1864 ἄλλο
1007 1814 1292 1863 ἀτάσθαλον’
1274 1835 1319 1880 ερ
1323 1814 1406 1878 γά-

32 1898 37 1931 ἶ
66 1891 87 1953 ’ἶ
108 1896 255 1950 ζεσθαι
269 1929 284 1956 ,
301 1891 374 1940 τὸν
392 1891 611 1958 τράχηλον
635 1891 823 1938 αὐτοῖσιν
848 1892 890 1937 ἐν
911 1888 1059 1955 κύκλῳ
1080 1887 1304 1954 μαχαιρίῳ
1321 1888 1407 1944 ὀξέϊ

31 1999 41 2022 ‚¹
64 1957 412 2029 ἕζέπιτέμνουσι,
453 1965 528 2012 καὶ
561 1962 633 2011 τὸν
667 1962 823 2028 βρόχον
851 1962 966 2010 κατὰ
1005 1962 1082 2021 τὴν
1122 1960 1260 2024 τομὴν
1285 1981 1403 2026 περι-

64 2035 296 2100 τδέουσιν,
313 2039 370 2092 ὥς
390 2035 559 2102 ἀτρέμα
580 2034 695 2100 ἔχειν
718 2035 796 2094 τὴν
821 2034 1013 2102 κεφαλήν
1034 2053 1080 2081 τε
1104 2032 1180 2080 καὶ
1209 2032 1282 2080 τὸν
1303 2032 1406 2099 τρά-

62 2106 280 2177 χηλονε
263 2108 346 2157 υπὸ
367 2114 441 2157 του
477 2107 635 2162 ἕλκεος.
660 2106 734 2172 (13)
761 2109 817 2156 Εἷ
845 2106 929 2172 γὰρ
952 2124 1154 2200 περιστρε
1135 2124 1301 2170 ..φοιντο
1324 2105 1405 2153 ὑπὸ

35 2179 401 2272 ζᾏᾶέεασθιιλίης,
423 2180 618 2249 τρίὸεται
643 2181 812 2228 αὖτοῒσι
832 2179 880 2227 τὸ
901 2178 1060 2233 ἕλκοςς
1044 2179 1126 2226 υπὸ
1161 2181 1220 2244 τῷ
1254 2179 1403 2244 κάλῳ·

81 2253 228 2306 οὗτοι
252 2246 375 2318 μὲνῗ
340 2274 402 2303 ων
420 2252 588 2320 ἀτρέμα
610 2252 798 2318 ἴσχουσι,
815 2252 890 2300 καὶ
905 2250 1405 2316 αὖτοὶγνωσιμαχέοντες

79 2326 192 2389 ἤδη
208 2327 392 2392 ἄγονται
417 2325 531 2376 κατὰ
553 2327 626 2374 τὸν
651 2325 808 2389 δεσμὸν
832 2324 938 2391 πρὸς
961 2327 1046 2378 τῶν
1067 2324 1257 2389 ἡμέρων.

126 2403 286 2463 ·Cap.
321 2403 448 2450 XIV.
485 2397 620 2448 Ὅσοι
644 2397 687 2447 δὲ
707 2399 855 2458 νήπιοι
878 2399 1018 2445 αὐτῶν
1042 2397 1070 2455 ἢ
1093 2396 1162 2444 διὰ
1183 2396 1406 2455 κακότητα

141 2491 186 2520 κ
222 2471 332 2527 ἄξιοι
373 2473 606 2530 ἐκτησθαι,
633 2469 807 2525 τούτους
838 2472 963 2518 ἐῶσιν
988 2469 1384 2517 ἀπαλλάττεσθαι’
1366 2489 1406 2523 ες

95 2551 148 2586 ἃ»
183 2543 367 2611 σφέτερα
391 2543 514 2602 ἤθεα.
547 2545 600 2608 (2)
625 2541 824 2608 Ἄγοντες
847 2541 893 2590 δὲ
922 2545 981 2597 εἷς
1017 2541 1093 2597 τὰς
1127 2540 1276 2604 κώμας
1310 2540 1408 2595 τοὺς

97 2618 116 2641 '⁶
129 2622 179 2662 ’1
175 2635 290 2671 ντας
303 2621 377 2665 τοῦ
393 2634 439 2664 τε
451 2619 624 2682 χλωροῦ
643 2615 844 2679 καλάμου
858 2615 933 2663 καὶ
946 2619 1022 2673 τῆς
1037 2614 1162 2673 ποίης
1178 2617 1231 2661 τὰ
1253 2616 1404 2679 πρῶτα

106 2744 395 2809 conscendunt,
412 2757 535 2807 atque
549 2755 601 2795 ad
617 2756 779 2806 septum
791 2754 1000 2795 accedunt
1018 2756 1100 2795 Nec
1117 2755 1254 2793 tamen
1274 2753 1404 2804 primo

46 2839 47 2842 τ
102 2818 243 2861 atatim
271 2819 446 2860 adventu
473 2830 568 2860 cum
585 2819 803 2870 agrestibus
829 2819 1050 2869 elephantis
1073 2828 1246 2868 pugnam
1266 2827 1403 2866 aggre-

64 2880 287 2934 diamur,
303 2882 371 2924 sed
389 2883 478 2923 illos
503 2882 749 2933 aliquamdiu
768 2882 872 2922 fame
890 2881 1083 2921 macerari
1103 2891 1150 2920 ac
1172 2875 1237 2920 siti
1253 2879 1408 2920 domari

96 2980 100 2982 v
118 2946 244 2989 nunt
261 2961 274 2988 ι
293 2947 373 2997 (10)
391 2957 600 2998 quumque
618 2946 701 2996 jam
717 2943 981 2997 languidiores
1004 2946 1128 2986 factos
1147 2945 1299 2995 vident,
1316 2955 1408 2983 rur-

48 3009 58 3068 γ’
79 3018 180 3072 Qus
207 3007 384 3050 immisso
415 3011 537 3062 ponte
551 3012 661 3061 septa
693 3009 982 3060 ingrediuntur.
1015 3011 1067 3050 Et
1094 3009 1220 3060 primo
1247 3008 1408 3060 quidem

89 3071 105 3087 ”
146 3090 193 3107 »ι-
215 3075 418 3115 certamen
435 3073 483 3114 fit
508 3075 612 3114 inter
626 3073 800 3113 domitos
822 3074 1052 3124 elephantos
1067 3074 1108 3113 et
1123 3073 1226 3112 feros
1241 3073 1378 3123 captos
1397 3087 1407 3112 z

95 3126 262 3178 'mem
269 3140 518 3188 superantur,
535 3138 583 3177 ut
597 3147 668 3187 par
683 3138 758 3188 est,
773 3138 861 3188 teri,
873 3138 1063 3188 languore
1079 3138 1119 3177 et
1135 3137 1238 3176 fame
1252 3135 1395 3187 pressi.

106 3208 134 3258 7⁴
156 3199 194 3248 t)
207 3201 311 3240 Tum
328 3211 499 3242 sessores
513 3211 565 3241 ex
579 3201 796 3252 elephantis
810 3201 852 3240 in
865 3202 1014 3241 terram
1036 3200 1195 3240 demissi
1217 3199 1411 3250 languidis

148 3277 152 3287 ι
162 3277 181 3295 ιι
205 3260 299 3301 teris
312 3265 530 3316 elephantis
543 3275 722 3305 summos
736 3265 855 3316 pedes
865 3265 1075 3316 colligant;
1093 3264 1236 3305 dehinc
1251 3263 1411 3304 domitis

104 3323 330 3392 fflbantis
360 3324 578 3375 imperant,
613 3329 660 3368 ut
706 3329 811 3368 feros
850 3328 990 3368 multis
1030 3327 1153 3379 plagis
1186 3327 1406 3378 castigent,

107 3392 239 3435 ’,ξιιοο
275 3386 507 3428 verberibus
537 3387 735 3438 defatigati
764 3391 808 3431 in
836 3392 986 3432 terram
1014 3390 1239 3441 procidant.
1296 3392 1410 3430 Tunc

110 3464 116 3473 τ
209 3480 212 3486 ,
236 3454 313 3493 tes
327 3451 550 3493 cervicibus
572 3463 711 3492 eorum
730 3452 894 3504 laqueos
911 3457 1064 3506 aptant,
1086 3457 1126 3494 et
1142 3454 1213 3504 ipsi
1231 3456 1407 3504 prostra-

103 3515 147 3565 ’,ἓ-ἱ
165 3510 437 3557 inseeudunt.
469 3515 574 3566 (12)
587 3517 646 3570 Ne
660 3523 756 3556 vero
767 3523 937 3558 sessores
951 3515 1170 3568 excutiant,
1186 3529 1288 3559 neve
1302 3519 1410 3558 aliud

103 3574 162 3612 ·-ιΪ
191 3597 195 3614 ι
218 3596 222 3615 ι
234 3578 465 3628 inferant,
491 3579 594 3619 colla
617 3563 734 3619 acuto
756 3580 951 3631 gladiolo
939 3592 981 3621 m
1000 3581 1211 3622 circuitum
1226 3583 1408 3633 praescin-

96 3644 238 3694 ,ξιιιιιῂ
264 3633 490 3695 vulnusque
519 3645 662 3695 laqueo
689 3645 985 3695 circumligant,
1019 3649 1066 3687 ut
1095 3658 1178 3698 prae
1209 3648 1343 3688 ulcere
1371 3650 1411 3688 et

59 3759 62 3762 ,
96 3706 151 3739 ἵ
137 3706 262 3766 ,ι1ιιιιι
287 3708 330 3748 et
357 3709 478 3759 caput
495 3707 708 3748 immotum
734 3709 908 3750 teneant.
966 3710 1008 3751 Si
1027 3711 1132 3750 enim
1155 3712 1412 3761 pervicaciter

56 3771 57 3774 ’
105 3778 120 3807 ι
174 3771 376 3821 notentur,
393 3772 445 3813 ab
461 3773 558 3812 t'une
571 3773 688 3813 ulcus
700 3774 856 3814 teritur.
878 3775 1006 3824 Atque
1022 3775 1079 3815 ita
1093 3775 1257 3816 tandem
1276 3776 1410 3827 quiete

145 3829 348 3888 -b'aben't,
367 3837 408 3876 et
421 3836 548 3877 victos
564 3847 648 3877 sese
665 3838 920 3888 agnoscentes
933 3847 985 3878 ex
1004 3839 1164 3879 vinculo
1179 3839 1231 3879 ab
1252 3839 1412 3879 domitis

143 3891 332 3942 cuntur.

122 3956 271 4006 xlv.
303 3963 382 4012 Qui
393 3974 489 4005 vero
503 3975 644 4005 eorum
659 3965 884 4006 immaturae
902 3956 1032 4007 aetatis
1042 3967 1114 4006 aut
1142 3968 1304 4018 propter
1315 3978 1402 4007 ma-

217 4019 381 4078 urporis
399 4022 723 4069 constitutionem
745 4028 850 4079 digni
867 4040 947 4069 non
973 4032 1081 4081 sunt,
1102 4031 1170 4081 qui
1181 4031 1408 4082 possidean-

56 4152 59 4153 ⁷
133 4073 210 4138 ιτ,
217 4099 286 4131 eos
292 4085 460 4132 alutem
470 4091 560 4132 loca
585 4091 680 4143 ipsis
695 4093 885 4133 consueta
897 4094 1146 4144 permittunt.
1165 4095 1221 4145 (2)
1248 4096 1410 4135 ceteros

102 4141 289 4205 'emptos'
280 4163 320 4192 in
337 4163 460 4215 pagos
481 4153 650 4204 ducunt,
681 4165 729 4194 ac
745 4155 917 4206 primum
933 4167 1002 4196 eos
1018 4157 1194 4206 gramine
1223 4158 1263 4196 et
1289 4157 1424 4197 viridi-

180 4211 352 4281 culmis
361 4212 542 4270 pascunt.
572 4222 628 4271 (3)
645 4221 706 4261 11Ιί
722 4232 819 4261 vero
833 4232 916 4272 prae
939 4233 1108 4262 moerore
1128 4233 1287 4273 prorsus
1302 4224 1405 4263 vesei

133 4274 306 4320 lunt.
315 4279 412 4322 Indi
428 4281 562 4323 autem
577 4285 876 4349 circumstantes
889 4287 1170 4337 tympanorum
1187 4297 1232 4325 ac
1247 4287 1387 4336 cymba

300 4371 452 4400 vascula
455 4373 526 4401 NTA
547 4373 644 4400 ntST.
669 4372 733 4401 GR·
758 4382 800 4390 —
817 4373 909 4402 VOL-
937 4375 967 4402 u

2651 309 2740 347 ⁴33

1478 387 1683 450 ἐμφαγεῖν
1709 386 1870 433 ἔδοσαν·
1909 389 1958 452 (3)
1997 391 2033 435 οἱ
2055 390 2097 435 δὲ
2122 410 2200 436 υπο
2237 396 2413 453 ἀθυυίις
2439 415 2510 440 ουκ
2539 399 2616 443 ἐθέ
2588 418 2647 443 w
2638 418 2747 445 υσιν

1478 457 1595 504 οὐδὲν
1618 457 1830 504 σιτέεσθαι
1845 477 1969 515 ,τους
1992 458 2034 505 δὲ
2055 462 2370 524 περιϊστάμενοι.
2395 468 2429 511 οἷ
2455 466 2538 515 ’ἕἸν
2516 486 2575 514 οοι
2597 470 2749 532 ᾠδαῖς(

1478 547 1523 575 τε
1541 548 1614 576 και
1633 529 1891 590 τυμπάνοισι
1912 549 1985 576 και
2006 531 2196 586 κυαίάὶ
2183 551 2285 578 οισιν
2308 538 2348 580 ἐν
2371 538 2510 601 κύκλῳ
2535 540 2749 601 κρούοντές

1478 619 1522 646 τε
1569 619 1642 647 και
1683 600 1906 666 ἐπᾴδοντες
1940 603 2162 657 κατευνάζ
2152 622 2260 650 ο.υσι
2298 607 2348 667 (ι)
2393 610 2645 673 (θυμόσοφον
2668 611 2750 674 γὰρ

1479 690 1596 738 ειπερ
1618 691 1659 718 τι
1680 672 1784 720 ἄλλο
1802 671 1943 737 θηρίον
1967 676 1988 719 ὁ
2007 672 2179 731 ἐλέφας·
2200 675 2388 729 καίτινες
2402 678 2454 733 ἤο
2434 697 2482 734 r
2503 681 2638 725 αὐτων
2660 701 2752 731 τους

1480 742 1679 803 ἀμὸάτας
1703 746 1818 809 σφῶν
1845 746 1886 790 ἐν
1911 743 2087 809 πολέμω
2113 746 2395 799 ἀποθανόντας
2427 748 2600 810 ἄραντες
2634 754 2751 798 αὐτοι

1479 814 1704 880 ἐξήνεγκαν
1729 819 1768 869 ἐς
1794 814 1948 880 ταφὴν,
1976 818 2014 863 οἱ
2035 816 2079 863 δὲ
2099 835 2172 862 και
2196 817 2491 880 υπερήσπισαν
2516 823 2751 883 κειμένους

1479 889 1517 935 οἳ
1542 887 1586 934 δὲ
1611 907 1685 935 και
1708 888 1922 935 πεσόντων
1943 887 2335 952 προεκινδύνευσαν·
2361 908 2383 935 ο
2414 892 2456 937 δέ
2479 912 2539 944 τις
2562 912 2663 955 προς
2685 898 2752 958 ὀρ-

1479 957 1558 1022 γὴν
1597 960 1849 1014 ἀποκτείνας
1885 960 1957 1007 τὸν
2001 960 2201 1021 ἀμὸάτην
2241 962 2321 1008 υπὸ
2357 965 2578 1023 μετανοίης
2613 985 2656 1011 τε
2685 969 2754 1012 καὶ

1480 1030 1661 1093 ἀθυμίης
1678 1031 1903 1080 ἀπέθανεν.
1926 1033 1960 1095 (5
1963 1024 2135 1095 )[Εἷδον
2154 1032 2231 1080 δὲ’
2208 1052 2341 1096 εγωγε
2358 1034 2429 1080 καὶ
2445 1035 2755 1096 κυμὸαὶίζοντα

1480 1102 1563 1161 ἤδη
1584 1103 1795 1170 ἐλέφαντα
1821 1104 1894 1151 καὶ
1919 1104 2070 1159 ἄλλους
2104 1105 2379 1169 ὀρχεομένους
2396 1144 2409 1166 ,
2442 1107 2675 1169 κυμὸάλοιν
2699 1113 2758 1174 τῷ

1479 1174 1783 1238 κυμὸαλίζοντι
1808 1176 1913 1242 πρὸς
1936 1183 2024 1224 τοῖν
2061 1181 2228 1225 σκελοῖν
2262 1185 2349 1225 τοῖν
2370 1179 2605 1242 ἔμπροσθεν
2625 1198 2753 1243 προσ·

1478 1248 1748 1313 ηρτημένοιν,
1782 1249 1854 1296 καὶ
1877 1249 1981 1313 πρὸς
2014 1253 2068 1314 τῇ
2100 1249 2351 1314 προδοσκίδι
2388 1252 2624 1316 καλεομένῃ
2656 1252 2762 1300 ἄλλο

1479 1319 1719 1381 κύμὸαλον·
1749 1322 1797 1384 (6)
1835 1324 1856 1368 ὃ
1891 1320 1935 1368 δὲ
1972 1323 2014 1368 ἐν
2039 1322 2159 1387 μέρεϊ
2181 1326 2234 1386 τῇ
2268 1323 2518 1389 προδοσκίδι
2542 1323 2686 1389 ἔκρουε
2713 1327 2760 1371 τὸ

1481 1391 1702 1456 κύμὸαλον
1722 1394 1764 1439 ἐν
1790 1395 1936 1458 ῥυθμῷ
1956 1392 2062 1457 πρὸς
2091 1393 2305 1458 ἑκατέροιν
2338 1394 2425 1441 τοῖν
2450 1396 2628 1441 σκελοῖν·
2661 1396 2759 1442 οἶδὲ

1480 1463 1729 1530 ὀρχεόμενοι
1745 1466 1786 1511 ἐν
1804 1463 1949 1528 κύκλῳ
1970 1482 2014 1511 τε
2034 1465 2250 1529 ἐχόρευον,
2273 1466 2344 1512 καὶ
2365 1466 2606 1530 ἐπαίροντές
2626 1486 2670 1513 τε
2690 1469 2761 1512 καὶ

1481 1537 1819 1599 ἐπικάμπτοντες
1850 1535 1903 1582 τὰ
1942 1535 2176 1600 ἔμπροσθεν
2215 1536 2369 1583 σκέλεα
2403 1539 2446 1583 ἐν
2484 1539 2544 1600 τῷ
2575 1541 2673 1600 μέρε
2679 1546 2693 1583 ἰ’
2721 1542 2761 1584 ἐν

1483 1611 1631 1674 ῥυθμῷ
1664 1628 1737 1655 και
1762 1612 1876 1656 οὗτοι
1902 1606 2083 1665 ἔδαινον,
2109 1607 2257 1654 κατότι
2280 1611 2301 1654 ὁ
2322 1608 2593 1669 κυμὸαλίζων
2623 1611 2762 1674 σφίσιν

1481 1681 1802 1747 υφηγέετο].7
1767 1682 1802 1744 (7
1805 1679 1816 1746 )
1843 1680 2043 1729 Βαίνεται
2068 1681 2111 1727 δὲ
2129 1676 2331 1746 ἐλέφας
2303 1699 2403 1744 ηρος
2435 1701 2541 1745 ωρῃ,
2572 1683 2764 1747 κατάπερ

1533 1759 1582 1809 ’ὗς
1604 1754 1632 1812 ἢ
1650 1752 1806 1812 ἵππος,
1829 1753 1958 1801 ἐπεὰν
1980 1758 2078 1819 τῇσι
2102 1753 2300 1817 θηλέῃσιν
2324 1756 2367 1801 αἱ
2391 1754 2509 1819 παρὰ
2533 1762 2640 1801 τοῖσι
2663 1756 2762 1818 κρο-

1481 1826 1676 1893 τάφοισιν
1704 1826 1914 1874 ἀναπνοαὶ
1932 1828 2194 1891 ἀνοιχθεῖσαι
2230 1826 2452 1873 ἐκπνέωσι·
2479 1827 2568 1873 κύει
2607 1827 2650 1874 δὲ
2670 1828 2763 1881 τοὺς

1482 1898 1736 1964 ἐλαχίστους
1775 1897 1851 1961 μὲν
1890 1897 2118 1945 ἑκκαίδεκα
2147 1901 2308 1959 μῆνας,
2343 1896 2438 1951 τοὺς
2469 1898 2690 1951 πλείστους
2718 1899 2761 1945 δὲ

1481 1971 1776 2019 ὀκτωκαίδεκα
1791 1988 1801 1997 “
1822 1970 1953 2018 τίκτει
1971 1970 2014 2017 δὲ
2050 1969 2112 2028 ἓν,
2132 1970 2326 2035 κατάπερ
2348 1969 2497 2023 ἵππος·
2535 1972 2606 2018 καὶ
2644 1974 2765 2018 τοῦτο

1482 2043 1675 2110 ἐκτρέφει
1698 2046 1759 2109 τῷ
1795 2043 1978 2106 γάλακτι
2014 2045 2053 2097 ἐς
2085 2042 2174 2096 ἔτος
2195 2043 2355 2106 ὄγδοον.
2382 2044 2431 2105 (ιι)
2459 2046 2573 2091 Ζῶσι
2607 2042 2649 2089 δὲ
2675 2044 2764 2089 ἐλε·

1482 2117 1650 2182 φάντων
1678 2118 1716 2165 οἱ
1745 2118 1925 2164 πλεῖστα
1950 2115 2046 2162 ἔτεα
2071 2118 2221 2170 ζῶντες
2245 2118 2285 2169 ἐς
2305 2115 2519 2173 διηκόσια·
2547 2115 2694 2162 πολλοὶ
2721 2114 2763 2161 δὲ

1481 2188 1619 2254 νούσῳ
1629 2187 2121 2254 προτελευτῶσιν·γήραϊ
2133 2187 2175 2234 δὲ
2186 2190 2226 2242 ἐς
2244 2188 2362 2234 τόσον
2378 2188 2591 2252 ἔρχονται.
2611 2190 2659 2247 (9)
2676 2190 2709 2235 Κ
2719 2188 2762 2232 αὶ

1483 2260 1594 2307 ἔστιν
1621 2262 1785 2314 αὐτοῖσι
1808 2263 1891 2307 τῶν
1918 2258 1994 2322 μὲν
2018 2260 2246 2323 ὀφθαλμῶν
2272 2258 2380 2320 ἴημα
2406 2260 2452 2305 τὸ
2493 2260 2625 2321 βόειον
2649 2259 2761 2321 γάλα

1482 2333 1758 2422 ἐγχεόμενον,
1777 2332 1881 2398 πρὸς
1913 2330 2049 2386 δὲτὰς
2073 2331 2204 2384 ἄλλοις
2228 2330 2398 2384 νούσους
2430 2334 2452 2377 6
2489 2332 2620 2391 μέλας
2658 2324 2762 2382 οἶνος

1481 2403 1725 2466 πινόμενος,
1740 2403 1811 2450 ἐπὶ
1836 2403 1879 2450 δὲ
1896 2409 2028 2449 τοῖσιν
2049 2401 2190 2450 ἕλκεσι
2214 2403 2266 2449 τὰ
2288 2402 2378 2449 ύεια
2405 2402 2508 2466 κρέα
2534 2402 2760 2463 ὀπτωμενα

1482 2476 1554 2525 καὶ
1569 2474 1951 2538 καταπασσόμενα.
1966 2477 2116 2523 Ταῦτα
2133 2475 2233 2540 παρ’
2248 2475 2469 2538 Ἰνδοισίν’
2451 2494 2560 2520 εστιν
2577 2477 2762 2522 αὐτοῖσιν

1483 2550 1497 2596 ἷ
1532 2567 1661 2595 αατα.

1499 2548 1538 2610 ή
1546 2618 1617 2661 De
1640 2617 1820 2689 ratione
1845 2630 1937 2675 qua
1961 2615 2132 2658 musica
2156 2614 2422 2673 elephantos
2455 2613 2557 2656 Indi
2584 2612 2763 2657 demul-

1483 2753 1612 2791 lorum
1635 2752 1748 2802 pulsu
1766 2752 1966 2801 cantuque
1988 2761 2055 2790 eos
2070 2750 2290 2790 exhilarant
2304 2760 2350 2789 ac
2371 2749 2608 2788 demulcent.
2629 2750 2681 2796 (ιἰ)
2699 2751 2764 2788 ln-

1484 2817 1661 2867 telligens
1686 2816 1812 2865 enim,
1833 2816 1866 2855 si
1884 2827 1976 2866 quae
2003 2815 2080 2855 alia
2096 2815 2199 2863 fera,
2227 2816 2286 2854 est
2311 2814 2481 2864 elephas.
2540 2817 2584 2853 Et
2606 2813 2764 2863 quidem

1483 2882 1664 2922 nonnulli
1682 2884 1854 2921 rectores
1879 2891 1972 2921 suos
1989 2881 2030 2919 in
2048 2880 2152 2920 bello
2168 2890 2291 2919 caesos
2320 2880 2493 2919 sublatos
2519 2879 2567 2917 ad
2588 2880 2763 2928 sepultu-

1491 2957 1577 2985 ram
1597 2945 1826 2985 detulerunt
1846 2961 1854 2984 :
1873 2944 1938 2984 alii
1957 2945 2131 2994 jacentes
2164 2946 2461 2994 propugnarunt
2492 2959 2500 2982 τ
2533 2943 2595 2981 alii
2609 2953 2761 2991 proses.

1485 3006 1772 3060 soribus·lapsis
1787 3009 1874 3048 neci
1892 3019 1977 3048 sese
1992 3008 2220 3057 objecerunt
2234 3020 2245 3056 ;
2263 3007 2422 3058 quidam
2439 3018 2561 3057 quum
2585 3017 2650 3056 per
2668 3007 2763 3044 iram

1484 3075 1678 3114 rectorem
1698 3084 1815 3112 suum
1831 3071 2078 3122 occidissent,
2098 3070 2327 3122 poenitentia
2338 3073 2377 3110 et
2392 3081 2560 3110 moerore
2576 3082 2616 3109 se
2641 3062 2765 3108 conse-

1486 3140 1637 3179 cerunt.
1673 3138 1727 3189 (5)
1744 3138 1832 3178 Vidi
1852 3147 1922 3188 ego
1938 3136 2148 3187 aliquando
2165 3136 2417 3186 elephantum
2433 3134 2657 3184 cymbalum
2684 3134 2766 3184 pnl-

1487 3204 1641 3243 santem
1667 3202 1755 3242 aliis
1789 3201 2043 3246 saltantibus,
2070 3199 2224 3239 duobus
2267 3198 2453 3249 cymbalis
2482 3198 2530 3236 ad
2571 3198 2762 3237 anteriora

1485 3266 1804 3317 cruraappensis,
1824 3265 1981 3315 alioque
2000 3264 2048 3304 ad
2068 3263 2337 3314 proboscidem
2351 3262 2519 3310 alligato.
2539 3263 2593 3310 (o)
2607 3264 2691 3310 lpse
2712 3261 2765 3298 al·

1485 3333 1672 3372 ternatim
1701 3330 1933 3381 proboscide
1958 3329 2185 3380 cymbalum
2201 3328 2241 3367 in
2258 3338 2466 3367 numerum
2482 3326 2529 3365 ad
2555 3330 2764 3374 ntrumqm·

1484 3406 1577 3436 crus
1595 3395 1779 3446 pulsabat
1804 3405 1814 3432 ε
1835 3393 1975 3443 reliqui
1996 3394 2034 3432 in
2054 3403 2193 3442 gyrum
2214 3392 2374 3430 choreas
2393 3390 2587 3429 ducebant
2603 3420 2613 3435 ,
2634 3388 2764 3427 subla·

1483 3460 1535 3500 tis
1550 3459 1740 3509 nexisque
1756 3455 1951 3508 prioribus
1967 3457 2149 3496 cruribus
2168 3455 2337 3494 vicissim
2366 3455 2403 3493 in
2425 3464 2631 3493 numerum
2648 3452 2763 3491 etiam

1486 3522 1773 3574 procedebant,
1795 3522 1914 3571 prout
1928 3520 1975 3570 is,
1997 3520 2065 3571 qui
2082 3519 2308 3570 cymbalum
2325 3518 2529 3568 pulsabat,
2545 3528 2639 3555 sono
2658 3514 2765 3565 praei·

1485 3588 1567 3627 bat.
1590 3587 1646 3636 (7)
1677 3584 1844 3636 Elephas
1865 3595 2049 3623 venerem
2077 3584 2226 3633 appetit
2258 3593 2378 3621 verno
2408 3584 2602 3630 tempore,
2623 3589 2759 3628 quem-

1486 3649 1702 3690 admodum
1718 3649 1791 3688 bos
1806 3650 1876 3687 aut
1898 3658 2013 3698 equa,
2041 3657 2166 3697 quum
2200 3645 2351 3685 seminis
2378 3642 2567 3694 spiracula
2583 3640 2761 3691 quanta...

1485 3716 1590 3755 ciroa
1607 3716 1786 3764 tempora
1811 3713 1997 3763 adaperta
2019 3711 2241 3762 exspirant;
2268 3711 2418 3758 tertque
2443 3708 2479 3745 in
2501 3709 2611 3746 utero
2628 3706 2761 3744 sti-tum

1485 3779 1694 3818 minimum
1713 3788 1780 3816 xvi
1797 3787 1950 3816 menses
1967 3805 1978 3824 ‚
1995 3785 2195 3815 summum
2214 3785 2328 3812 svm.
2346 3772 2450 3812 Parit
2465 3773 2593 3809 autem
2609 3769 2763 3818 elemias

1485 3843 1779 3892 unicum,sicut
1794 3852 1896 3892 equa
1914 3858 1924 3881 ι
1939 3843 2058 3891 atque
2070 3841 2175 3880 hunc
2190 3840 2290 3879 lacte
2304 3849 2374 3877 suo
2391 3837 2426 3875 in
2440 3838 2621 3875 octavum
2640 3844 2762 3882 usqne

1480 3918 1636 3948 annum
1655 3906 1797 3947 nutrit.
1853 3906 1910 3955 (8)
1932 3905 2087 3944 Vivunt
2101 3902 2317 3954 elephanti,
2345 3900 2411 3950 qui
2431 3898 2663 3948 plurimum,
2687 3906 2758 3933 an-

1483 3982 1556 4011 nos
1574 3981 1641 4020 αις
1661 3969 1776 4010 multi
1792 3979 1887 4008 vero
1907 3970 1999 4009 ante
2019 3969 2094 4007 hoc
2117 3970 2272 4016 tempus
2298 3962 2433 4003 morbo
2453 3962 2658 3999 intereunt.
2689 3961 2757 3994 Se-

1483 4035 1643 4074 nectute
1662 4044 1757 4073 vero
1782 4032 1833 4072 ad
1853 4033 1953 4071 hanc
1982 4033 2139 4070 aetatem
2168 4028 2402 4079 pertingunt.
2460 4025 2512 4071 (9)
2543 4023 2758 4061 Oculorum

1483 4096 1703 4147 aegritudini
1722 4095 1939 4136 remedium
1957 4094 2001 4134 iis
2015 4096 2075 4133 est
2090 4093 2149 4131 lac
2165 4090 2356 4129 bubulum
2374 4087 2544 4125 infusum
2570 4101 2577 4123 :
2603 4085 2760 4132 wliqnis

1481 4162 1630 4210 morbis
1660 4162 1796 4200 vinum
1826 4161 1980 4209 nigrum
2012 4160 2171 4208 epotum
2193 4154 2371 4205 prodest,
2404 4149 2597 4189 ulceribus
2624 4152 2757 4185 aun-m

1481 4236 1620 4266 carnes
1633 4224 1760 4264 suillae
1779 4225 1893 4263 tostae
1918 4225 2036 4271 atque
2063 4219 2206 4258 intritae
2234 4214 2473 4254 vulneribus.
2531 4215 2622 4250 lla-r
2652 4212 2753 4259 amul

1483 4288 1596 4327 ludos
1616 4286 1762 4326 morbis
1781 4295 1918 4325 eorum
1936 4281 2104 4321 remedia
2122 4281 2225 4317 sunt.

2463 4340 2501 4368 τι
