3016 4628
0 2743 6 2906 l

541 274 910 331 NAXIORUM,
947 270 1303 327 PARIORUM,
1349 265 1768 315 TENEDIORUM
1806 265 2227 313 RESPUBLlCAE.

54 389 196 439 πάντα
220 385 381 435 διδόναι
406 381 632 439 καὶ,ποιεῖν
658 376 827 436 ἕτοιμον
850 365 978 419 εἶναι·
1006 370 1082 428 τὴν
1108 369 1151 416 δὲ
1183 370 1333 431 ὁμολο-

52 457 141 528 γεῖν
166 459 386 526 ἀφίξεσθαι
404 453 508 520 πρὸς
527 450 672 507 αὐτὸν,
703 446 790 500 ἑνὸς
821 443 951 508 μόνου
974 446 1207 506 τυχοῦσαν,
1234 438 1333 503 περὶ

52 522 103 583 οἶ
126 533 198 582 τὸν
219 530 450 594 Διόγνητον
484 523 570 588 (ὥς
589 538 716 587 φησιν
745 522 768 565 ὁ
788 515 1043 578 φιλόσοφος)
1067 512 1192 578 ὅρκον
1221 512 1334 576 ᾔτη·

53 625 151 655 σεν·
175 603 269 652 ἐπεὶ
303 601 339 650 δ’
370 598 554 663 ὤμοσεν,
588 592 710 652 ἠξίου
741 589 791 637 τὸ
826 588 986 647 Δήλιον
1012 589 1120 650 αὐτῇ
1158 587 1334 642 δοθῆναι

56 675 248 742 (Δήλιον
285 672 369 736 γὰρ
402 670 595 719 ἐκαλεῖτο
629 663 677 711 τὸ
698 661 913 727 χωρίον),
938 659 1079 712 ἄλλως
1103 656 1138 704 δ’
1179 657 1257 704 οὐκ
1281 654 1331 701 ἂν

56 747 136 816 ἔφη
156 749 383 795 συνελθεῖν.
408 742 465 790 ‘O
483 739 527 788 δὲ
549 737 622 786 καὶ
639 734 710 783 διὰ
725 733 803 792 τὴν
828 731 1056 794 ἐπιθυμίαν
1077 729 1152 777 καὶ
1178 727 1248 775 διὰ
1266 727 1337 774 τὸν

56 819 180 886 ὅρκον
204 816 351 874 ἐξέστη
371 850 386 877 ,
407 812 481 860 καὶ
501 807 724 875 παρέδωκε
746 809 801 870 τῇ
825 803 1075 870 Πολυκρίτῃ
1101 802 1171 848 τὸν
1192 800 1340 858 τόπον,

58 891 196 950 ἐκείνη
218 888 260 936 δὲ
280 888 366 941 τοῖς
390 883 598 936 πολίταις.
629 880 710 928 Ἐκ
744 877 789 926 δὲ
811 877 961 925 τούτου
997 876 1129 923 πάλιν
1163 876 1222 928 εἷς
1248 874 1339 921 ἴσον

57 960 369 1018 καταστάντες,
402 956 465 1023 ἐφ’
487 947 547 1010 οἷς
569 951 803 1013 ἠὸούλοντο
822 986 835 1009 ,
860 949 966 1015 πρὸς
984 947 1080 1002 τοὺς
1103 946 1342 1005 Μιλησίους

59 1033 325 1091 διελύθησαν.

127 1107 326 1153 Eandem
345 1103 582 1148 historiam
594 1117 642 1147 v.
659 1101 708 1143 in
724 1097 939 1145 Andrisci
957 1094 1187 1150 Ναξιακοῖς
1207 1095 1265 1141 fr.
1299 1110 1316 1139 1
1330 1129 1339 1138 .

570 1205 829 1255 ΠΑΡΙΩΝ.

63 1308 66 1310 ’
126 1323 192 1366 Ex
233 1317 410 1381 Παρίων
446 1320 568 1378 Rep.
605 1318 743 1377 plura
776 1315 1007 1374 excerpsit
1038 1314 1233 1373 Sopater
1267 1312 1346 1355 lib.

59 1394 174 1449 xllx
197 1403 249 1438 ut
271 1392 414 1437 refert
431 1391 624 1436 Photius
646 1389 766 1434 Bibl.
789 1387 898 1432 cod.
928 1386 1034 1433 161.

532 1503 876 1553 TENEAIQN.

648 1613 755 1672 169.

65 1744 70 1746 “
126 1733 294 1778 Strabo
321 1732 427 1776 VIII
443 1764 456 1786 ‚
480 1728 647 1803 p.„380
684 1745 694 1772 ε
723 1725 813 1775 Καὶ
832 1728 859 1782 ἡ
880 1722 1020 1772 Τενέα
1043 1723 1080 1769 δ’
1106 1721 1196 1770 ἐστὶ
1218 1720 1345 1783 κώμη

59 1805 140 1862 ῑτῆς
177 1801 426 1867 Κορινθίας,
455 1802 497 1847 ἐν
526 1805 553 1864 ᾑ
579 1804 653 1846 τοῦ
678 1794 891 1846 Τενεοίτου
926 1794 1191 1848 ’Λπόλλωνος
1218 1794 1347 1858 ἱερόν.

4 1868 7 1930 ζ
65 1874 249 1938 Λέγεται
270 1871 312 1920 δὲ
333 1872 407 1919 καὶ
430 1872 604 1936 Ἀρχίᾳ,
628 1873 690 1935 τῷ
715 1869 929 1916 στείλαντι
952 1866 1029 1925 τὴν
1054 1868 1112 1922 εἷς
1135 1865 1353 1932 Συρακού-

64 1966 144 2002 σας
175 1946 390 2003 ἀποικίαν,
420 1945 517 1998 τοὺς
554 1942 785 1996 πλείστους
823 1943 907 1988 τῶν
938 1939 1123 1987 ἐποίκων
1157 1941 1346 1986 ἐντεῦθεν

67 2019 515 2074 συνεπακολουθῆσαι·
540 2014 615 2063 καὶ
649 2013 758 2077 μετὰ
780 2017 919 2060 ταῦτα
944 2015 1130 2071 εὐθηνεῖν
1154 2013 1346 2072 μάλιστα

67 2093 151 2139 τῶν
177 2089 326 2137 ἄλλων
349 2088 429 2148 τὴν
460 2086 682 2137 κατοικίαν
716 2085 895 2144 ταύτην,
921 2085 975 2132 τὰ
1015 2087 1051 2132 δ’
1090 2085 1254 2132 ὕστατα
1277 2083 1353 2132 καὶ

66 2161 165 2208 καθ’
200 2158 351 2214 αὖτοὺς
386 2158 739 2207 πολιτεύεσθαι...
776 2157 908 2206 Δοκεῖ
947 2154 992 2204 δὲ
1034 2157 1259 2222 συγγένειά
1292 2177 1354 2212 τις

67 2226 176 2281 εἶναι
192 2233 406 2287 Τενεδίοις
432 2231 536 2298 πρὸς
559 2231 732 2283 τούτους
759 2230 844 2278 ἀπὸ
869 2232 1030 2278 Τέννου
1051 2236 1123 2278 τοῦ
1156 2231 1325 2278 Κύκνου
1341 2267 1354 2292 ,

68 2306 263 2371 καθάπερ
291 2304 458 2370 εἴρηκεν
489 2304 805 2368 Ἀριστοτέλης·
827 2302 900 2349 καὶ
930 2306 956 2359 ἦ
987 2307 1061 2349 τοῦ
1095 2302 1359 2356 Ἀπόλλωνος

70 2377 116 2426 δὲ
135 2377 240 2440 τιμὴ
265 2377 367 2444 παρ’
388 2377 642 2443 ἀμφοτέροις
662 2375 790 2438 ὁμοία
819 2367 926 2422 οῧσα
958 2374 1129 2422 δίδωσιν
1151 2378 1199 2423 οὐ
1225 2374 1358 2440 μικρὰ

67 2468 248 2512 σημεια.

111 2576 115 2578 Α
136 2522 402 2568 Secundum
418 2523 606 2566 Pausan.
627 2523 675 2566 II
690 2555 702 2576 ,
731 2519 777 2576 5,
807 2519 852 2576 3,
881 2535 939 2565 ex
956 2521 1146 2564 Tenedo
1163 2523 1362 2566 Teneam

71 2605 300 2640 venerunt
334 2594 692 2654 Agamemnonis
717 2593 905 2652 captivi.
934 2591 1004 2638 Cf.
1032 2593 1218 2637 Miiller.
1248 2595 1360 2637 Dor.

51 2668 124 2723 .1‚
151 2667 270 2722 218,
299 2662 409 2710 311'.

77 2801 229 2841 meritis
250 2799 466 2840 honoribus
479 2810 560 2839 non
575 2798 748 2849 potuisse
763 2797 855 2837 (rui.
877 2799 973 2837 Haec
992 2798 1212 2838 Naxiorum
1234 2797 1361 2837 histo-

76 2863 251 2904 ricorum
270 2865 329 2904 est
348 2862 535 2903 narratio.
556 2861 781 2903 Aristoteles
800 2862 958 2911 captam
981 2861 1223 2910 Polycritam
1244 2861 1363 2900 fuisse

0 2945 2 2964 l
77 2938 158 2968 non
174 2927 288 2974 dicit,
304 2927 372 2967 sed
388 2927 638 2977 conspectam
660 2936 684 2964 a
702 2925 896 2975 Diogneto
907 2954 919 2974 ,
933 2924 995 2964 sui
1015 2935 1106 2964 eum
1123 2935 1258 2963 amore
1273 2923 1369 2964 irre-

0 2974 7 3110 l

0 3142 3 3220 ι

76 2992 236 3044 sivisse,
265 2992 474 3043 ipsumque
492 2990 719 3042 prom1sisse
741 2991 875 3030 omnia
903 3001 967 3040 se,
1002 2990 1050 3029 ut
1080 3000 1127 3029 ea
1156 2990 1367 3040 potiretur,

81 3055 175 3096 dare
193 3067 241 3096 ac
261 3057 390 3096 facere
408 3057 596 3106 paratum
616 3065 700 3094 esse
718 3070 728 3094 z
747 3056 790 3094 at
819 3055 1061 3105 Polycritam
1090 3064 1132 3092 se
1162 3053 1214 3092 ad
1240 3053 1368 3104 ipsum

81 3122 290 3163 venturam
308 3121 547 3172 pollicitam,
563 3121 596 3160 si
611 3120 776 3160 unicum
799 3120 1002 3170 quippiam
1018 3119 1069 3159 ab
1084 3129 1132 3158 eo
1149 3119 1368 3167 obtineret,

76 3181 201 3240 suxisse
217 3197 228 3224 ε
247 3195 453 3235 quumque
471 3184 512 3224 id
525 3183 787 3235 jurejurando
799 3183 1030 3234 interposito
1044 3184 1263 3234 Diognetus
1278 3193 1371 3222 con-

84 3247 300 3299 firmasset,
329 3249 434 3289 tradi
462 3249 538 3290 sibi
557 3250 716 3290 Delium
744 3250 963 3300 postulasse
985 3250 1046 3300 (id
1071 3250 1180 3290 enim
1211 3249 1372 3288 castello

83 3310 232 3353 nomen
262 3313 400 3364 erat),
431 3313 545 3353 aliter
574 3324 616 3353 se
648 3324 802 3352 morem
834 3315 1036 3363 gesturam
1069 3313 1144 3364 ipsi
1172 3323 1333 3363 negasse
1361 3328 1370 3352 z

86 3376 238 3416 victum
268 3387 403 3416 amore
424 3376 661 3426 Diognetum
674 3403 687 3421 ,
703 3378 744 3416 et
756 3376 1014 3426 jurisjurandi
1031 3381 1257 3427 permotum
1274 3377 1368 3415 reli-

2605 267 2683 307 1ὀῖ

1999 382 2013 408 1
2028 380 2085 421 70
2095 396 2104 408 .

1478 439 1696 498 Stephan.
1722 438 1828 495 Byz.
1862 452 1872 479 :
1903 433 2111 491 Τένεδος,
2140 437 2265 490 νῆσος
2299 436 2382 479 τῶν
2409 434 2683 498 Σποράδων..

1411 509 1484 556 καὶ
1526 507 1767 571 παροιμία,
1804 504 2067 558 Τενέδιος
2103 505 2367 564 αὐλητὴς,
2409 507 2478 552 ἐπὶ
2520 510 2603 552 τῶν
2638 505 2693 552 τὰ

1411 581 1546 646 ψευδῆ
1579 576 1927 643 μαρτυρούντων·
1962 575 2034 622 τὸν
2057 575 2140 640 γὰρ
2173 576 2363 633 αὐλητὴν
2396 581 2423 633 ἡ
2460 578 2696 638 Φυλονόμη

1411 652 1518 717 πρὸς
1554 651 1722 700 Κύκνον
1762 650 1923 712 ἤγαγε,
1962 651 2263 713 μαρτυροῦντα
2298 647 2362 694 ὅτι
2395 648 2532 706 Τένης
2568 649 2700 705 αὐτὴν

1413 725 1539 783 ἤθελε
1563 722 1812 786 βιάσασθαι.
1833 719 1961 768 Ἔστι
1978 720 2050 767 καὶ
2067 718 2192 783 ἑτέρα
2206 718 2436 784 παροιμία,
2455 719 2614 766 Τενέδ
2630 737 2672 765 ιο
2685 739 2703 770 ς

1414 795 1671 853 πέλεκυς,
1697 793 1768 840 ἐπὶ
1790 796 1875 840 τῶν
1903 793 1998 852 ἤτοι
2023 794 2186 856 πικρῶς
2209 790 2237 848 ἢ
2264 790 2338 837 καὶ
2366 793 2529 852 μᾶλλον
2556 791 2703 836 συντό-

1419 887 1508 930 μως
1541 864 1872 913 ἀποκοπτόντων
1907 864 1962 912 τὰ
2000 863 2228 925 ζητήματα
2263 861 2418 909 καὶτὰ
2444 862 2555 908 ἄλλα
2601 863 2706 924 πρά-

1418 959 1584 1003 γματα.
1642 937 1734 986 Καί
1765 957 1894 1004 φησιν
1923 936 2182 1002 Ἀριστείδης
2209 934 2283 982 καὶ
2307 934 2431 982 ἄλλοι
2454 933 2525 980 τὸν
2550 935 2591 980 ἐν
2618 936 2708 981 Τε-

1418 1012 1525 1078 νέδῳ
1539 1009 1791 1059 Ἀπόλλωνα
1815 1009 1997 1056 πέλεκυν
2014 1009 2186 1074 κρατεῖν
2207 1007 2276 1054 διὰ
2303 1006 2359 1053 τὰ
2377 1005 2604 1068 συμὸοίντα
2625 1006 2709 1057 τοῖς

1418 1084 1515 1149 περὶ
1535 1083 1688 1140 Τένην·
1706 1080 1734 1139 ἢ
1753 1083 1934 1145 μᾶλλον,
1955 1080 2011 1135 ὥς
2030 1099 2158 1146 φησιν
2186 1077 2533 1145 Ἀριστοτέλη
2549 1098 2566 1131 ς
2593 1080 2635 1124 ἐν
2656 1080 2709 1140 τῇ

1422 1155 1636 1204 Τενεδίων
1667 1153 1892 1218 πολιτείᾳ,
1920 1153 1986 1201 ὅτι
2012 1149 2217 1216 βασιλεύς
2237 1171 2299 1205 τις
2324 1153 2367 1198 ἐν
2391 1148 2561 1214 Τενέδῳ
2585 1148 2710 1209 νόμον

1421 1227 1565 1288 ἔθηκε,
1591 1226 1662 1273 τὸν
1697 1224 2091 1288 καταλαμδοίνοντα
2122 1227 2299 1288 μοιχοὺς
2335 1225 2514 1286 ἇνειρεῒν
2539 1220 2712 1267 πελέκει

1422 1297 1703 1364 ἀμφοτέρους.
1736 1298 1918 1354 Ἐπειδὴ
1945 1295 1989 1343 δὲ
2016 1296 2173 1353 συνέὸη
2197 1295 2269 1342 τὸν
2301 1294 2390 1342 υἱὸν
2420 1296 2548 1341 αὐτοῦ
2577 1312 2711 1340 κατα-

1427 1374 1642 1436 ληφθῆναι
1670 1369 1844 1435 μοιχὸν,
1883 1367 2074 1435 ἐκύρωσε
2107 1368 2181 1416 καὶ
2214 1367 2314 1433 περὶ
2337 1371 2409 1415 τοῦ
2435 1366 2541 1414 ἰδίου
2565 1364 2716 1418 παιδὸς

1427 1446 1667 1508 τηρηθῆναι
1699 1443 1771 1489 τὸν
1803 1441 1948 1505 νόμον,
1979 1442 2054 1489 καὶ
2078 1441 2369 1507 ἀναιρεθέντος
2395 1442 2451 1493 εἷς
2482 1437 2716 1502 παροιμίαν

1429 1517 1621 1580 παρ’ῆλθε
1646 1514 1695 1562 τὸ
1721 1522 1905 1580 πρᾶγμα
1941 1513 2012 1561 ἐπὶ
2032 1516 2115 1560 τῶν
2139 1514 2268 1575 ὠμῶς
2286 1510 2611 1577 πραττομένων.
2632 1508 2714 1556 Διὰ

1427 1587 1552 1636 τοῦτό
1567 1607 1670 1653 φησι
1683 1588 1756 1635 καὶ
1777 1587 1850 1635 ἐπὶ
1863 1591 1936 1635 τοῦ
1957 1586 2223 1649 νομίσματος
2244 1589 2328 1632 τῶν
2349 1583 2561 1633 Τενεδίων
2581 1601 2712 1646 κεχα·

1430 1660 1587 1726 ράχθαι
1613 1662 1655 1707 ἐν
1679 1659 1755 1723 μὲν
1776 1663 1837 1725 τῷ
1863 1658 1996 1725 ἑτέρῳ
2014 1657 2133 1724 μέρει
2152 1658 2356 1716 πέλεκυν,
2380 1655 2454 1704 ἐπὶ
2471 1655 2516 1702 δὲ
2539 1659 2612 1702 τοῦ
2632 1654 2719 1701 ἑτέ-

1430 1753 1501 1797 ρου
1521 1731 1595 1780 δύο
1614 1731 1805 1797 κεφαλὰς
1834 1734 1890 1786 εἷς
1915 1731 2153 1794 ὑπόμνησιν
2170 1735 2242 1777 τοῦ
2264 1729 2363 1794 περὶ
2385 1728 2456 1776 τὸν
2479 1729 2614 1774 παῖδα
2632 1746 2721 1773 πα-

1428 1804 1632 1868 θήματος.
1658 1803 1790 1854 Ἔστι
1817 1805 1892 1852 καὶ
1917 1804 2027 1863 ἄλλη
2055 1802 2296 1868 παροιμία,
2322 1801 2576 1854 Τενέδιος
2614 1799 2722 1855 ξυν-

1428 1877 1524 1939 ήγο
1537 1897 1558 1942 ρ
1572 1897 1650 1941 ος,
1672 1879 1693 1923 ὃ
1713 1877 1928 1940 ἀπότομος
1947 1875 2021 1924 καὶ
2043 1874 2242 1940 σκληρός.

1494 1953 1561 1997 Cf.
1578 1951 1847 1998 Heraclides
1865 1953 2002 1996 Pont.
2023 1950 2082 1994 fr.
2105 1966 2150 2006 73
2172 1947 2367 1993 Photius
2387 1948 2496 1993 Lex.
2520 1963 2564 1990 V.
2590 1947 2631 1992 Τ
2635 1943 2722 1990 ενέ-

1430 2023 1515 2076 διος
1543 2021 1749 2080 πέλεκυς;
1776 2024 1953 2069 Zenob.
1990 2024 2076 2083 vl,
2101 2039 2130 2082 9
2147 2058 2158 2079 ,
2190 2022 2466 2081 Diogenian.
2497 2021 2635 2074 VIII,
2663 2017 2723 2061 58

1429 2098 1591 2156 ibique
1610 2097 1827 2142 Leutsch.
1844 2133 1856 2153 ‚
1879 2098 2044 2155 Apost.
2077 2095 2262 2150 XVIII,
2292 2093 2352 2137 28
2369 2127 2381 2147 ‚
2407 2090 2573 2136 Suidas
2596 2107 2631 2134 s.
2655 2106 2699 2134 v,
2714 2127 2726 2146 ,

1430 2170 1514 2214 ubi
1533 2170 1631 2214 alioe
1655 2171 1724 2213 rei
1748 2169 2079 2228 explicationes
2095 2167 2196 2210 duae
2220 2165 2495 2219 afferuntur,
2528 2178 2725 2222 quarum

1433 2243 1623 2286 alteram
1640 2241 1783 2285 habes
1818 2242 1955 2285 etiam
1991 2239 2118 2298 apud
2142 2238 2441 2282 Plutarchum
2488 2238 2557 2279 De
2599 2250 2726 2280 orac.

1432 2314 1569 2372 Pyth.
1589 2329 1639 2372 p.
1665 2321 1776 2373 399,
1806 2315 1860 2358 F.
1889 2313 2081 2356 Eckhel.
2126 2313 2186 2355 D.
2220 2311 2359 2354 Num.
2387 2311 2458 2363 ΙΙ,
2494 2325 2544 2367 p.
2590 2307 2727 2360 1488.

1435 2386 1752 2430 Wachsmuth.
1767 2386 1959 2444 Antiqq.
1976 2384 2058 2430 Gr.
2077 2385 2139 2439 ΙΙ,
2161 2399 2202 2439 1,
2219 2398 2267 2442 p.
2295 2398 2312 2426 1
2325 2398 2403 2442 79.
2420 2380 2599 2426 Miiller.
2614 2383 2725 2426 Dor.

1436 2458 1502 2512 ΙΙ,
1528 2473 1578 2516 p.
1599 2457 1764 2515 226.1‚
1792 2456 1900 2502 358.

2003 2537 2019 2565 1
2034 2536 2093 2578 70
2123 2535 2165 2564 a.

1506 2589 1675 2659 [Arist.
1703 2595 1804 2640 Pol.
1823 2596 1902 2650 IV,
1932 2599 1977 2649 4,
2006 2610 2024 2638 1
2059 2610 2069 2638 :
2088 2590 2152 2639 Τὸ
2169 2588 2477 2654 πορθμευτικὸν
2499 2590 2543 2635 ἐν
2559 2588 2731 2652 Τενέδῳ

1444 2662 1712 2728 (πολύοχλόν
1734 2666 1865 2726 ἔστιν)
1881 2701 1891 2710 .
1911 2664 1929 2727 ]

1439 2801 1486 2838 nt
1505 2801 1735 2840 Aristoteles
1746 2801 1937 2840 tradidit:
1969 2810 2239 2850 magnumque
2268 2799 2353 2848 ejus
2369 2798 2426 2837 rei
2458 2799 2734 2847 argumentum

1441 2864 1632 2914 Apollinis
1651 2865 1784 2905 cultus
1804 2864 1910 2915 apud
1934 2866 2124 2914 utrosque
2142 2863 2282 2903 similis
2305 2861 2475 2913 praebet.

2042 2934 2139 2973 170.

1493 3000 1698 3049 Tenedus,
1719 3011 1800 3040 una
1815 3011 1863 3040 ex
1880 2999 2122 3051 Sporadibus
2136 2998 2323 3038 insulis...
2344 2999 2415 3038 Est
2438 2997 2556 3037 etiam
2576 3007 2735 3047 prover-

1443 3064 1555 3104 bium
1578 3065 1782 3106 Tenedius
1805 3065 1955 3106 tibicen
1971 3065 2020 3104 de
2035 3065 2082 3103 iis
2097 3064 2163 3114 qui
2178 3064 2275 3103 salsa
2290 3065 2498 3103 testantur.
2517 3062 2736 3102 'tibicinem

1445 3128 1551 3168 enim
1570 3129 1804 3168 Philonome
1819 3128 1871 3168 ad
1891 3131 2072 3179 Cycnum
2090 3127 2229 3175 duxit,
2245 3127 2315 3177 qui
2330 3126 2552 3166 testabatur
2573 3128 2737 3165 Tenncn

1446 3193 1619 3234 voluisse
1648 3194 1894 3234 Philonomae
1913 3194 1995 3233 vim
2017 3194 2177 3234 inferre.
2202 3194 2272 3233 Est
2295 3192 2415 3231 etiam
2441 3189 2551 3229 aliud
2573 3200 2738 3239 prover-

1446 3258 1558 3299 bium
1588 3259 1769 3299 Tenedia
1784 3262 1944 3299 securz's
1960 3259 2010 3299 de
2027 3259 2074 3299 iis
2090 3259 2161 3310 qui
2177 3259 2240 3298 vel
2267 3268 2405 3307 aspere
2422 3255 2486 3294 vel
2506 3254 2623 3293 nimis
2642 3264 2738 3291 con-

1449 3323 1528 3364 cise
1545 3323 1757 3363 abscidunt
1773 3323 2015 3373 quaestiones
2033 3325 2074 3363 et
2096 3333 2159 3362 res
2173 3321 2360 3371 reliquas.
2381 3323 2434 3358 Ac
2450 3318 2580 3368 inquit
2598 3316 2738 3356 Aristi-

1448 3387 1517 3427 des
1537 3391 1578 3427 et
1595 3387 1662 3427 alii
1681 3387 1900 3432 Tenediam
1927 3387 2151 3437 Apollinem
2173 3385 2344 3425 securim
2370 3386 2506 3423 tenere
2521 3382 2679 3431 propter
2694 3391 2740 3418 ea

62 3439 223 3504 piene,
258 3441 466 3490 POlycrstoe
492 3441 700 3480 castellum
713 3471 724 3491 2
757 3442 912 3492 hocque
943 3453 1032 3482 eam
1067 3442 1223 3481 civibus
1244 3441 1375 3481 tradi·
1448 3462 1540 3501 quae
1556 3451 1786 3490 acciderunt
1799 3454 1968 3500 Tennae‚
1989 3451 2053 3490 vel
2075 3450 2222 3500 potius,
2244 3450 2290 3488 ut
2301 3447 2429 3498 inquit
2449 3445 2679 3486 Aristoteles
2695 3444 2735 3482 in

84 3500 206 3545 ὤθεε.
230 3504 290 3544 lta
304 3504 452 3545 Naidos
473 3515 634 3544 rursum
653 3505 816 3545 Milesiis
830 3516 945 3556 pares
961 3506 1117 3546 viribus
1133 3506 1258 3545 factos
1270 3535 1282 3554 ‚
1302 3515 1376 3556 pa·
1449 3514 1714 3554 Tenediorum
1734 3525 1816 3564 rep,
1829 3543 1840 3563 ‚
1861 3513 1968 3563 quod
1988 3525 2059 3553 rex
2075 3514 2237 3564 quidam
2254 3513 2380 3562 legem
2402 3512 2443 3549 jn
2458 3508 2616 3549 Tenedo
2635 3507 2742 3546 tulo..

88 3569 178 3608 oem
192 3567 233 3608 in
249 3578 341 3610 suas
358 3569 465 3620 leges
479 3569 711 3609 confecisse.

512 3645 948 3723 TENEDIORUM.

687 3782 787 3823 169.

147 3889 217 3928 Est
243 3889 285 3928 et
310 3890 442 3929 Tenea
459 3889 660 3948 Corinthii⁴
667 3891 749 3941 agri
768 3901 913 3941 pagus,
936 3890 1072 3941 ibique
1097 3890 1286 3940 Apollinis
1312 3893 1381 3929 Te·

97 3954 224 3993 neatae
234 3954 439 4004 templum.
455 3957 606 3995 Ferunt
619 3956 806 3996 Archiam
817 3986 829 4006 ,
846 3956 916 4006 qui
943 3959 1158 4006 Syracusas
1185 3955 1383 3994 coloniam

98 4013 286 4066 deduxit,
305 4017 512 4068 plerosque
531 4018 622 4059 inde
632 4021 797 4062 secutos
816 4020 982 4058 comites
1000 4019 1224 4068 :istumque
1239 4029 1383 4068 pagum

100 4080 236 4129 postea
249 4081 437 4131 temporis
451 4092 533 4131 prae
551 4081 637 4122 aliis
653 4082 829 4122 floruisse
844 4085 884 4122 et
903 4082 953 4121 ad
975 4083 1201 4122 extremum
1217 4082 1381 4131 peculia·

101 4152 186 4183 rem
199 4143 271 4183 sibi
284 4145 566 4194 rempublicam
575 4146 873 4186 constituisse...
889 4145 1058 4186 Videtur
1070 4145 1191 4184 etiam
1204 4144 1385 4195 cognatio

102 4205 284 4262 quaedam
293 4218 384 4248 cum
395 4209 576 4250 Teneatis
589 4220 672 4251 esse
687 4209 950 4250 Tenediorum
963 4219 986 4249 a
998 4211 1133 4249 Tenue
1146 4207 1269 4258 cycni
1286 4207 1383 4256 filio,

1451 3579 1526 3628 rit,
1547 3589 1626 3628 qua
1639 3578 1858 3627 jubebatur
1888 3577 2155 3627 deprehensos
2177 3576 2376 3616 adulteros
2391 3573 2519 3613 securi
2551 3574 2742 3619 utrosque

1452 3642 1593 3681 occidi.
1620 3642 1819 3688 Quoniam
1851 3652 1950 3681 vero
1981 3640 2126 3680 accidit
2163 3642 2207 3679 ut
2234 3639 2354 3690 ipsius
2387 3637 2492 3676 filius
2520 3635 2739 3684 deprehen-

1453 3706 1614 3746 deretur
1643 3705 1684 3744 in
1700 3704 1918 3754 adulterio,
1941 3705 2059 3754 jussit
2089 3704 2211 3746 etiam
2236 3705 2280 3742 ut
2307 3702 2447 3741 contra
2474 3699 2595 3750 ipsius
2615 3697 2739 3735 filium

1454 3771 1518 3810 lex
1533 3772 1774 3810 servaretur.
1793 3773 1850 3810 Eo
1866 3770 1996 3809 occiso
2020 3770 2060 3808 in
2094 3768 2349 3819 proverbium
2381 3777 2443 3805 τω
2467 3764 2597 3812 venit,
2622 3761 2672 3800 de
2696 3761 2742 3798 iis

1455 3843 1548 3883 quae
1567 3832 1780 3872 crudeliter
1801 3832 1918 3872 fiunt.
1942 3833 2212 3879 Quamobrem
2232 3830 2361 3881 inquit
2386 3831 2426 3868 et
2448 3828 2488 3866 in
2508 3824 2741 3864 nomismate

1456 3895 1721 3934 Tenediorum
1750 3896 1945 3946 sculptam
1984 3895 2105 3935 fuisse
2137 3906 2191 3934 ex
2218 3905 2300 3933 una
2330 3894 2440 3943 parte
2468 3888 2659 3934 securim,
2690 3896 2740 3923 ex

1457 3960 1582 3998 altera
1596 3959 1676 3997 duo
1703 3960 1832 4008 capita
1852 3959 1891 3997 in
1906 3959 2142 3998 memoriam
2161 3958 2269 4007 eJus,
2297 3955 2403 4006 quod
2428 3953 2508 3991 filio
2525 3949 2735 3989 acciderat.

1459 4024 1528 4062 Est
1554 4021 1675 4061 etiam
1709 4022 1816 4061 aliud
1847 4022 2125 4072 proverbium,
2161 4019 2359 4061 Tenediecs
2386 4015 2638 4059 advocatus,
2668 4010 2734 4060 qul

1458 4086 1519 4126 est
1534 4096 1697 4126 severus
1712 4087 1752 4125 et
1770 4085 1905 4125 durus.

2032 4140 2108 4178 170
2130 4147 2170 4177 a.

1511 4205 1680 4257 [Magna
1697 4206 1812 4246 turba
1831 4208 1887 4245 cst
1909 4205 2144 4255 portitorum
2165 4203 2202 4240 in
2220 4199 2376 4241 Tenedo
2409 4196 2424 4248 ]
