3016 4628
1164 255 1570 307 Amsrorssms

689 362 1138 426 ΣΑΜοΘΡᾼιι-ΩΝ.

872 473 977 515 17¹·

355 549 517 597 Schol.
533 547 691 608 Apoll.
714 545 873 592 Rhod.
901 545 954 600 1,
985 558 1111 603 917:
1141 538 1200 588 ‘fl
1226 537 1270 584 δὲ
1299 533 1563 600 Σαμοθρᾴκη

271 620 473 668 ἐκαλεῖτο
493 618 698 684 πρότερον
723 613 980 675 Λευκωσία,
1001 615 1057 666 ὡς
1082 612 1247 674 ἱστορεῖ
1270 605 1565 673 Ἀριστοτέλης

280 696 323 741 ἐν
351 689 654 779 Σαμοθράκης
690 686 908 752 πολιτεία·
949 683 1122 749 ὕστερον
1153 681 1196 728 δὲ
1228 679 1315 727 ἀπὸ
1350 678 1467 727 Σάου
1491 679 1565 722 τοῦ

279 763 444 828 ἹΞρμοῧ
462 782 537 810 και
557 760 714 818 Ῥήνης
734 758 884 811 παιδὸς
902 755 1051 816 Σάμος
1068 749 1427 819 προσωνομάσθη,
1455 743 1566 794 κατὰ

286 855 397 899 παρε
379 835 538 883 ’νθεσιν
578 838 652 882 τοῦ
697 852 746 895 μ.
788 832 977 895 Θρακῶν
1017 826 1062 875 δὲ
1103 823 1368 882 οἰκησάντων
1410 817 1562 880 αὐτὴν,

283 908 443 966 ἐκληθη
469 904 756 971 Σαμοθράκη.

350 978 567 1028 Λευκόσια
596 979 740 1024 schol.
780 974 1068 1033 antiquima,
1107 964 1332 1015 Λευκώνια
1356 980 1431 1023 ap.
1456 965 1563 1008 Eu-

285 1055 421 1099 stath.
446 1052 506 1098 ad
529 1053 586 1096 ll.
613 1067 661 1110 p.
693 1049 843 1103 1340,
876 1051 951 1098 14.
975 1038 1191 1090 Λευκανία
1224 1054 1297 1098 ap.
1325 1033 1560 1082 Heiaclid.

290 1129 422 1171 Pont.
469 1141 510 1168 c.
540 1139 616 1168 21
655 1122 872 1167 Similitei
905 1117 1066 1163 Italica
1095 1112 1243 1156 insula
1266 1111 1364 1154 aliis
1396 1106 1568 1152 dicitur

286 1193 542 1250 Λευκωσία,
570 1196 668 1238 aliis
689 1186 929 1246 Λευκασία,
955 1203 996 1231 v.
1021 1185 1179 1243 steph.
1213 1183 1347 1226 Thes.
1368 1197 1403 1224 s.
1430 1195 1475 1225 v.
1503 1204 1568 1211 -

284 1272 354 1314 De
390 1269 568 1312 ratione
608 1266 850 1309 nominum
893 1256 1027 1313 Σάος,
1073 1254 1249 1315 Σάμος,
1297 1249 1432 1306 Ῥήνη
1477 1251 1571 1310 egit

288 1341 524 1384 wie-leiim.
543 1338 695 1382 AEfflsch
721 1336 892 1391 Trilog
913 1349 960 1391 p.
984 1345 1158 1387 217sq
1179 1327 1238 1371 cf.
1255 1326 1423 1370 Miiiler
1442 1324 1565 1367 Min.

286 1429 334 1472 p
359 1413 451 1466 450
471 1427 571 1470 sqq,

280 279 369 318 ¹58

679 1478 1183 1548 [MY'l'lAliNAIssN.]

857 1573 1010 1636 [ιφ-2.]

345 1684 567 1750 [Aris-tot.
594 1680 694 1724 Pol.
716 1679 807 1731 111,
829 1665 1261 1762 9,6;ῗ[1ρχονδὲοὶ
1284 1667 1359 1730 μὲν
1389 1669 1475 1731 (sc.
1499 1670 1567 1716 αἷ-

287 1754 534 1814 συμνηται)
571 1750 639 1796 διὰ
677 1747 767 1812 βίου
800 1745 875 1804 τὴν
911 1746 1048 1809 ἀρχὴν
1085 1742 1264 1800 ταύτην,
1293 1744 1331 1788 οι
1364 1741 1407 1788 δὲ
1440 1741 1572 1808 μέχρι

287 1828 411 1870 τινῶν
430 1820 674 1888 ὡρισμένων
695 1819 856 1884 χρόνων
877 1817 903 1875 ἢ
930 1836 1040 1882 πρας
1022 1814 1140 1873 γέων,
1166 1807 1250 1861 οἷον
1274 1812 1439 1860 εἵλοντό
1458 1833 1563 1862 ποτε

291 1898 574 1953 Μυτιληναῖοι
604 1890 820 1942 Πιττακὸν
855 1889 959 1953 πρὸς
992 1908 1088 1941 τους
1114 1886 1367 1952 φυγάδας,
1342 1906 1402 1933 ων
1428 1906 1534 1952 προε
1539 1907 1572 1934 ι-

294 1987 505 2025 στηκεσαν
521 1965 818 2028 ’ξΑντιιενίδης
844 1962 916 2009 καὶ
941 1961 1134 2014 Ἀλκαῖος
1158 1963 1178 2007 ὃ
1199 1959 1397 2018 ποιητής.
1436 1961 1572 2018 Δηλοῖ

291 2040 327 2086 δ’
361 2040 551 2091 Ἀλκαῖος
572 2038 635 2085 ὅτι
659 2036 858 2101 τύραννον
890 2034 1051 2081 εἵλοντο
1081 2032 1151 2080 τὸν
1178 2030 1446 2080 Πιττακὸν”
1423 2052 1465 2079 εν
1490 2052 1573 2080 τινι

288 2116 372 2158 τῶν
402 2113 581 2158 σκολιῶν
616 2112 778 2172 μελῶν·
808 2110 987 2172 ἐπιτιμᾷ·
1010 2104 1091 2171 γὰρ
1125 2104 1190 2152 ὅτι
1229 2126 1248 2147 «
1277 2104 1349 2151 τὸν
1373 2106 1572 2153 κακοπά-

291 2185 411 2247 τριδα
446 2182 660 2231 Πιττακὸν
681 2179 846 2234 πόλεως
871 2187 947 2234 τᾶς
968 2178 1116 2243 ἀχόλω
1153 2177 1228 2225 καὶ
1262 2177 1572 2243 βαρυδαίμονος

290 2255 526 2303 ἐστάσαντο
549 2254 746 2319 τύραννον
766 2253 864 2315 μέγ’
886 2251 1150 2305 ἐπαινέοντες
1175 2250 1363 2305 ἀολλέες.
1385 2273 1403 2294 »ι

351 2331 510 2386 1b.11,
534 2345 578 2388 9,
602 2343 663 2387 9.
683 2325 882 2389 Ἐγένετο
919 2322 964 2371 δὲ
997 2323 1304 2378 καὶΠιττακὸς
1326 2324 1470 2387 νόμων
1493 2325 1576 2384 δη-

290 2399 504 2463 μιουργὸς,
529 2399 622 2446 ἀλλ’
660 2400 707 2446 οὐ
747 2397 989 2451 πολιτείας·
1015 2395 1142 2459 νόμος
1172 2398 1214 2442 δ’
1237 2395 1342 2450 ιδιος
1373 2398 1506 2444 αὐτοῦ
1526 2394 1575 2443 τὸ

286 2491 380 2525 τους
405 2470 657 2535 μεθύοντας,
686 2453 743 2516 ἂν
771 2469 1050 2531 τυπτήσωσι,
1080 2467 1218 2515 πλείω
1238 2468 1397 2531 ζημίαν
1422 2467 1577 2515 ἀποτί-

672 2609 1181 2656 SAMOTHRACUM.

879 2707 978 2746 171:
1065 2714 1067 2716 ’

341 2794 594 2833 Samothrace
609 2795 702 2834 olim
730 2789 920 2835 Leucosia
935 2795 1224 2845 appellabatur,
1242 2795 1304 2834 uti
1322 2798 1462 2833 narrat
1491 2794 1576 2834 Ari·

291 2859 451 2898 stoteles
472 2859 511 2897 in
543 2859 844 2898 Samothracum
880 2870 961 2909 rep.
987 2860 1125 2898 Postea
1152 2859 1202 2899 de
1223 2862 1300 2899 Sao
1333 2858 1517 2898 Mercurii
1538 2860 1578 2898 et

294 2923 449 2962 Rhenes
477 2921 558 2961 snio
589 2925 728 2961 Samos
755 2925 982 2972 nuncupata
1007 2925 1087 2971 est,
1114 2924 1347 2974 interposita
1377 2923 1493 2962 litera
1519 2934 1574 2962 m.

292 2990 424 3032 Quum
456 2996 548 3025 vero
572 2987 741 3025 Thraces
772 2998 859 3026 eam
875 2987 957 3037 jam
986 2987 1235 3037 habitarent,
1255 2989 1400 3027 vocata
1419 2989 1478 3027 est
1501 2989 1574 3028 Sa-

293 3050 505 3090 mothrace.

621 3122 1204 3178 [MYTILENAEORUM.
1225 3131 1241 3183 ]

864 3217 1001 3270 [172]

346 3293 598 3343 [AEsymnctae
619 3295 823 3346 imperium
833 3299 1062 3341 obtinebant
1078 3301 1143 3341 alii
1160 3313 1229 3352 per
1251 3313 1412 3343 omnem
1437 3302 1577 3352 vitam,

295 3357 360 3396 aiii
377 3368 500 3407 usquc
517 3358 565 3397 ad
582 3361 822 3409 praefinitum
841 3366 996 3414 tempus
1013 3367 1054 3405 et
1068 3366 1119 3405 ad
1135 3369 1261 3406 certas
1281 3378 1344 3407 res
1366 3366 1578 3418 gerendas;

297 3420 407 3459 verbi
433 3422 583 3472 gratia,
605 3426 791 3473 optarunt
814 3428 1014 3475 quondam
1043 3431 1258 3480 Mytilenaei
1274 3431 1477 3471 Pittacum
1508 3431 1580 3470 ad-

296 3495 433 3523 versus
452 3486 587 3524 exules
599 3516 609 3535 ,
629 3498 795 3537 quorum
813 3490 932 3531 duces
948 3496 1059 3533 erant
1076 3495 1344 3535 Antimenides
1363 3497 1404 3536 et
1424 3496 1582 3536 Alcmus

295 3552 427 3599 poeta.
462 3551 646 3590 Declarat
674 3556 807 3593 autem
837 3556 918 3606 ipse
948 3559 1100 3599 Alcaeus
1128 3561 1169 3599 in
1202 3560 1378 3610 quodam
1405 3561 1582 3601 carmine

294 3614 415 3653 scolio
440 3616 636 3654 Pittacum
660 3628 683 3655 a
717 3619 948 3667 Mytilenaeis
977 3624 1192 3672 tyrannum
1227 3636 1312 3665 csse
1344 3629 1580 3677 sumptum

296 3678 342 3718 iis
362 3680 467 3719 enirn
489 3680 584 3720 vitio
604 3681 721 3721 vertit
735 3684 839 3732 quod
863 3688 1123 3734 paeuniciosum
1151 3690 1372 3741 Pittacum,
1399 3692 1583 3732 laudibus

296 3742 334 3782 in
360 3744 507 3784 coelum
528 3744 719 3795 serentes,
748 3747 918 3788 universi
941 3751 1094 3791 afflictae
1110 3755 1149 3793 et
1174 3754 1319 3794 infelici
1337 3755 1492 3795 civitati
1514 3758 1580 3807 ty-

295 3820 463 3849 rannum
481 3811 757 3861 imposuerint.

348 3874 437 3914 Fuit
452 3875 492 3913 et
520 3875 697 3915 Pittacus
723 3876 855 3925 legum
886 3879 1046 3926 quidem
1073 3882 1228 3930 opifex,
1252 3883 1319 3922 sed
1342 3894 1424 3923 non
1450 3885 1580 3936 reipu-

296 3937 408 3977 hticae
435 3937 769 3978 administrandae.
798 3942 877 3980 Lex
905 3945 1036 3981 autem
1057 3943 1142 3992 ejus
1174 3947 1330 3995 propria
1361 3952 1443 3998 est,
1475 3953 1521 3989 ut
1550 3951 1581 3990 si

297 4002 394 4052 qnid
415 4003 548 4043 ebrius
564 4004 809 4054 peccaverit,
834 4008 1034 4053 graviores
1057 4018 1195 4056 poenas
1213 4009 1301 4059 (let,
1323 4022 1444 4060 quam
1461 4014 1490 4052 si
1511 4014 1581 4053 sic·

296 4079 379 4105 ens.
401 4071 608 4118 Propterea
623 4069 727 4107 enirn
745 4069 851 4118 quod
867 4071 1107 4120 frequentior
1123 4073 1322 4113 ebriorum
1341 4078 1583 4118 contumelia

295 4134 341 4170 sit
375 4142 494 4181 «piam
530 4132 774 4180 sobriorum,
809 4144 887 4171 non
929 4136 1009 4173 tani
1053 4135 1274 4184 ignoscendi
1308 4139 1499 4180 rationein
1531 4143 1582 4182 ab

296 4196 482 4234 ebrie-tate
500 4197 753 4246 repetendam
770 4200 964 4248 spectavit
982 4211 1103 4250 quam
1120 4202 1349 4243 utilitatem.

1619 248 2031 301 FRAGMENTA.

1641 371 1724 399 νειν
1748 353 1832 397 τῶν
1849 348 2087 413 νηφόντων·
2103 343 2172 391 διὰ
2189 343 2272 409 γὰρ
2293 343 2340 391 τὸ
2361 344 2532 400 πλείους
2551 344 2736 411 ὖὸρίζειν
2757 346 2937 408 μεθύονῖ
2989 351 2990 354 ’

1644 443 1721 477 τας
1754 422 1781 480 ἢ
1809 421 2018 485 νήφοντας
2049 420 2097 464 οὔ
2121 417 2228 482 πρὸς
2264 417 2343 475 τὴν
2378 417 2636 482 συγγνώμην
2667 417 2933 486 ἀπέὸλεψεν,

1647 495 1711 541 ὅτι
1736 496 1801 541 δεῖ
1819 492 2045 555 μεθύουσιν
2071 488 2185 554 ἔχειν
2220 490 2417 553 μαλλον,
2439 488 2553 538 ἀλλὰ
2575 490 2681 556 πρὸς
2703 509 2753 538 το
2773 489 2935 558 ξυμφὲἲ·

1644 585 1712 630 ρον
1739 567 1752 626 (
1773 567 1940 625 Spuria
1957 566 2054 608 haec
2079 578 2172 607 esse
2191 562 2462 625 videntur).

1709 640 1781 684 lb.
1806 639 1862 694 V,
1899 637 1947 693 8,
1981 636 2080 680 13.
2117 634 2283 682 Πολλοὶ
2307 633 2446 681 δὲκαὶ
2467 634 2539 682 διὰ
2571 634 2622 682 τὸ
2654 637 2714 689 εἷς
2735 654 2786 683 το
2805 610 2938 699 σωμζ

1647 712 1891 765 αἰκισθηναι
1916 707 2108 766 πληγαῖς
2130 704 2422 770 ὀργισθέντες,
2447 709 2486 755 οἱ
2512 705 2610 770 μὲν
2619 707 2875 773 διέφθειραν,
2895 708 2940 762 ὀἱ

1643 782 1679 828 δ’
1703 779 2027 845 ἐνεχείρισαν,“
2005 798 2062 833 ως
2078 777 2362 843 ὓὸρισθέντες,
2379 778 2455 826 καὶ
2478 782 2563 827 τῶν
2587 779 2687 843 περὶ
2705 778 2782 835 τὰς
2800 779 2941 851 &px-Q

1645 872 1720 900 και
1741 850 1968 917 βασιλικὰς
1986 850 2252 905 δυναστείας.
2271 843 2420 900 Οἷον’
2401 871 2444 900 εν
2466 851 2695 917 Μυτιλήνῃ
2711 872 2814 907 τους
2829 854 2946 903 Πεν·
2986 876 2990 916 3

1648 926 1811 978 θιλίδας
1832 924 2072 987 Μεγακλης
2087 922 2332 988 περιιόντας
2355 923 2430 972 καὶ
2446 923 2682 979 τύπτοντας
2698 928 2794 980 ταῖς
2815 924 2941 991 scopu·

1646 1143 1721 1196 κὸς
1738 1141 2002 1197 ἔξελκυσθεις
2021 1140 2249 1208 διέφθειρε.
2336 1179 2340 1185 -

1713 1215 1785 1263 lb.
1810 1218 1868 1278 V,
1898 1215 1953 1275 3,
1988 1215 2015 1261 3
2056 1231 2070 1263 t
2099 1213 2210 1280 Περὶ
2246 1214 2503 1274 Μυτιλήνην
2539 1215 2585 1263 δὲ
2615 1213 2660 1271 ἐξ
2693 1214 2916 1275 ἐκικλή

1648 1286 1842 1340 στάσεως
1879 1286 2115 1350 γενομένης
2142 1288 2317 1335 πολλῶν
2351 1286 2520 1349 ἐγένετο
2547 1287 2663 1380 ἀρχὴ
2686 1291 2810 1337 κακῶ
2992 1304 2995 1344 ζ

1650 1379 1723 1407 του
1756 1358 1949 1424 πολέμου
1974 1379 2048 1407 του
2071 1359 2177 1424 πρὸς
2203 1359 2513 1420 {sometimes
2496 1353 2590 1426 ενῷ
2621 1359 2778 1425 Πάχης
2810 1308 2890 1408 ἔλα
2991 1354 2995 1363 ’

1648 1432 1726 1490 τὴν
1751 1433 1875 1480 πόλιν
1901 1434 2060 1480 αὐτῶν.
2084 1432 2360 1498 Τιμοφάνους
2391 1432 2475 1498 γὰρ
2499 1435 2584 1480 τῶν
2610 1432 2801 1498 εὐπόρων
2831 1431 2946 1488 τινὸς
2992 1446 2994 1448 ’

1649 1505 1962 1560 καταλιπόντος
1985 1505 2061 1553 δύο
2087 1499 2323 1570 θυγατέρας
2338 1543 2350 1564 ,
2372 1509 2395 1553 ὁ
2416 1506 2668 1569 περιωσθεὶς
2685 1504 2761 1553 καὶ
2783 1525 2833 1554 ου
2862 1507 2943 1553 λα-

1651 1577 1738 1626 ὅὼν
1762 1580 1847 1633 τοῖς
1864 1577 1996 1626 υιέσιν
2021 1579 2151 1626 αὐτοῦ
2180 1577 2415 1643 Δόξανδρος
2434 1572 2535 1644 ἠρξε
2557 1582 2634 1638 τῆς
2656 1577 2850 1632 στάσεως
2865 1597 2940 1626 και

1649 1650 1744 1704 τοὺς
1762 1651 2010 1710 Ἀθηναίους
2032 1651 2258 1718 παρώξυνε
2271 1688 2283 1710 ,
2306 1650 2504 1717 πρόξενος
2520 1649 2579 1698 ὢν
2596 1655 2674 1710 τῆς
2694 1650 2876 1707 πόλεως.

1715 1727 1787 1772 Ib.
1807 1728 1878 1770 ΙΙΙ
1895 1760 1907 1782 ,
1939 1725 1967 1771 8
1985 1760 1997 1783 ,
2026 1732 2052 1780 4
2084 1743 2095 1770 ε
2121 1727 2424 1772 Athenienses
2443 1727 2658 1784 Lesbios,
2676 1727 2747 1771 uti
2767 1724 2946 1780 Samios

1650 1808 1695 1844 et
1721 1800 1861 1845 Chios
1879 1797 2172 1845 ἐταπείνωσαν
2191 1796 2313 1863 παρὰ
2335 1796 2411 1850 τὰς
2431 1796 2659 1855 συνθήκας.
2680 1797 2700 1861 ]

2073 1900 2518 1964 [ΑΝΤΙΣΣΑ]ΩΝ.]

2219 1993 2375 2058 [173]

1716 2088 1734 2151 [
1757 2091 1949 2134 Aristot.
1988 2091 2090 2135 Pol.
2129 2093 2185 2148 V,
2215 2105 2240 2134 2
2259 2125 2271 2147 ,
2307 2107 2323 2135 1
2339 2107 2357 2135 1
2387 2107 2398 2135 ι
2422 2086 2684 2137 Ἀντισσαῖοι
2705 2088 2799 2143 τοὺς
2823 2087 2943 2142 Χίων

1650 2159 1842 2226 φυγάδας
1863 2159 2152 2223 εἰσδεξάμενοι
2174 2159 2244 2208 διὰ
2266 2160 2412 2225 μάχης
2434 2157 2682 2229 ἐξέὸαλον.]

1719 2469 1810 2541 [Id.
1825 2472 1927 2519 Pol.
1942 2473 1998 2528 V,
2016 2469 2063 2529 5,
2092 2487 2112 2517 1
2125 2487 2144 2516 1
2167 2487 2179 2516 ε
2196 2469 2368 2518 Πολλαὶ
2380 2467 2509 2517 δὲκαὶ
2527 2467 2654 2516 διὰτὸ
2665 2468 2775 2532 ἄγαν
2790 2430 2967 2549 &cmg

1706 2604 1824 2645 Multi
1837 2606 1958 2645 etiam
1977 2606 2189 2657 propterea
2204 2604 2312 2656 quod
2328 2615 2495 2656 corpore
2512 2605 2681 2644 verbera
2693 2603 2951 2655 pertulissent

1650 2669 1766 2719 irati,
1783 2671 1978 2719 tanquam
2006 2671 2171 2720 accepta
2201 2669 2468 2720 contumelia,
2488 2662 2669 2709 summos
2696 2666 2950 2721 magistratus

1650 2735 1691 2772 et
1705 2733 1903 2784 principes
1922 2745 2016 2774 cum
2042 2733 2150 2784 regia
2165 2734 2365 2784 potestate
2383 2734 2454 2773 aut
2472 2732 2708 2774 occiderunt
2729 2734 2800 2773 aut
2819 2731 2948 2777 adorti

1650 2799 1758 2837 sunt.
1789 2800 1843 2837 Ut
1863 2798 2062 2848 Mytilenis
2085 2797 2300 2848 Megacles,
2323 2797 2430 2837 sacta
2458 2807 2550 2836 cum
2577 2795 2718 2838 amicis
2744 2795 2947 2849 conspira-

1649 2862 1781 2912 tione,
1801 2861 2046 2901 Penthilidas
2067 2861 2138 2911 qui
2152 2861 2448 2901 circumeuntes
2463 2859 2587 2899 clavis
2602 2870 2805 2911 quemque
2819 2859 2949 2904 oaede·

1647 2924 1767 2974 bant,
1792 2924 2007 2966 interemit.
2041 2926 2092 2965 Et
2111 2925 2248 2975 postea
2267 2923 2441 2965 Smerdis
2469 2921 2722 2975 Penthilum,
2745 2923 2870 2976 plagis
2898 2925 2950 2965 ab

1649 3000 1698 3030 eo
1721 2989 1893 3040 acceptIs
1917 2991 1957 3029 et
1971 2989 2022 3037 ab
2045 2999 2175 3028 uxore
2191 2989 2422 3039 extractus,
2443 2986 2616 3027 necavit.

1703 3053 1941 3104 Mytilenaeis
1961 3054 2055 3092 nata
2075 3064 2126 3094 ex
2155 3052 2298 3103 puellis
2313 3051 2420 3091 orbis
2443 3053 2483 3091 et
2502 3051 2664 3102 patrum
2689 3049 2949 3103 locupletium

1651 3117 1876 3158 haeredibus
1887 3148 1897 3168 ,
1917 3117 2082 3167 seditio,
2103 3116 2326 3156 multorum
2341 3115 2541 3156 malorum
2565 3115 2606 3154 et
2619 3114 2714 3155 belli
2729 3125 2819 3162 cum
2835 3116 2950 3159 Athe·

1651 3183 1856 3224 niensibus
1873 3183 2068 3234 suscepti,
2090 3182 2132 3221 in
2152 3193 2233 3232 quo
2254 3181 2404 3221 Paches
2421 3180 2720 3221 Atheniensium
2736 3180 2951 3233 imperator

1651 3248 1793 3287 urbem
1816 3248 1935 3298 cepit,
1948 3246 2187 3298 principium
2204 3245 2290 3285 suit.
2314 3247 2415 3285 Nam
2428 3255 2557 3296 quum
2577 3243 2844 3297 Timophanes
2856 3246 2947 3298 qui-

1652 3311 1762 3362 dam,
1776 3322 1880 3351 unus
1903 3322 1955 3352 ex
1970 3310 2240 3362 locupletibus
2252 3339 2264 3360 ,
2285 3308 2384 3348 duas
2403 3308 2506 3348 filias
2526 3308 2760 3360 superstites
2774 3301 2916 3363 reliqu·

1652 3378 1737 3427 set,
1770 3376 2065 3427 Doxanderque
2086 3375 2157 3426 qui
2183 3385 2251 3414 eas
2279 3374 2372 3414 filiis
2399 3374 2482 3414 suis
2507 3385 2656 3415 uxores
2677 3374 2922 3429 poposcisset
2945 3395 2955 3406 ‹-

1654 3443 1853 3493 repulsam
1882 3441 2061 3492 tulisset,
2086 3440 2292 3481 seditionis
2321 3441 2466 3480 auctor
2498 3439 2597 3490 suit,
2625 3440 2670 3497 ‘et
2694 3439 2922 3493 Athenin,-
2945 3438 2949 3446 ⁸

1654 3509 1793 3546 contra
1808 3506 1978 3556 patriam
1998 3499 2235 3555 c'oncitavit,
2252 3513 2427 3554 quorum
2449 3501 2622 3544 civitatis
2636 3503 2722 3544 erat
2735 3513 2936 3555 proxenus

1706 3570 1963 3611 Athenienses
1984 3564 2168 3617 Lesbios,
2193 3569 2238 3607 ut
2271 3566 2426 3607 Samios
2447 3566 2489 3606 et
2509 3565 2634 3623 Chios
2663 3562 2805 3608 contra
2814 3565 2819 3570 '
2834 3569 2937 3618 pact

1654 3634 1945 3684 depresserunt.
1965 3632 1982 3684 ]

2033 3707 2567 3767 [ANTISSAEORUM.]

2229 3802 2366 3860 [173]

1707 3888 1910 3942 [Antissaei
1922 3888 2112 3928 Chiorum
2128 3887 2265 3928 exules
2274 3888 2313 3928 in
2328 3887 2531 3928 civitatem
2545 3889 2724 3940 receptos
2738 3887 2856 3941 signis
2885 3869 2952 3937 ἰ’ἷζ

1658 3954 1746 3994 latis
1763 3953 1978 4003 eiecerunt.
2001 3951 2017 4004 1
2938 3956 2944 3967 .

2122 4021 2482 4086 [effloRUM.]

2235 4125 2377 4178 [174]

1706 4209 1720 4261 [
1739 4207 1875 4250 Multae
1888 4206 2114 4258 oligarchiae
2125 4237 2136 4257 ‚
2161 4207 2255 4258 quia
2272 4207 2521 4250 nimifferant
2546 4215 2664 4246 ssa-va!
2675 4235 2687 4256 ,
2705 4205 2746 4245 et
2763 4202 2889 4244 ‘dorn'
2901 4199 2952 4239 '³-
