3008 4542
278 281 367 320 514

274 394 472 437 rumque
493 377 618 437 apud
643 378 757 421 alios
790 377 925 422 fuisse
952 376 1055 421 alia.
1126 378 1269 438 Quid⁷
1297 378 1427 437 quod
1456 376 1572 421 nihil

274 453 442 496 horum
481 451 689 494 omnium
739 451 905 495 sinceri
939 451 1090 510 sigillo
1132 452 1191 494 ita
1231 460 1295 495 est
1336 460 1569 503 notatum,

274 533 326 567 ut
359 540 446 583 pro
472 538 579 566 vere
616 521 977 566 Manethoniano
1010 522 1249 566 cordatior
1269 524 1434 581 aliquis
1453 538 1569 565 ven-

274 597 422 640 ditare
456 595 503 639 id
538 597 668 640 ausit.
739 595 891 639 Causae
930 594 1065 653 hujus
1091 596 1323 639 varietatis
1358 610 1568 652 quaenam

273 669 471 723 fuerint,
499 669 547 710 in
576 669 843 711 universum
878 668 981 711 satis
1009 675 1159 726 patet,
1193 682 1475 725 quamquam
1511 666 1569 710 de

271 741 460 799 singulis
488 740 756 799 quibusque
773 740 999 783 rationem
1034 737 1232 782 reddere
1255 737 1381 781 haud
1406 739 1565 796 possis.

270 812 496 857 Videlicet
519 812 669 857 Judaei
694 822 739 856 et
762 812 1006 856 Christiani
1041 817 1181 867 atque
1216 808 1404 852 fortasse
1430 811 1567 853 etiam

270 885 499 929 Helladici
530 885 750 949 Χρονικῶν
775 892 987 928 auctores
1010 882 1248 942 AEgyptias
1277 882 1569 926 Manethonis

270 959 484 1003 historias
499 958 728 1002 mutando
747 966 790 1002 et
812 954 1142 1016 interpolando
1162 970 1268 998 cum
1287 955 1356 998 sui
1371 956 1566 1014 quisque

269 1031 433 1089 populi
458 1031 763 1090 chronologia
799 1029 1046 1073 conciliare
1070 1026 1331 1072 studebant.
1359 1027 1567 1071 Probant

269 1102 366 1146 haec
391 1104 594 1147 auctoris
613 1104 758 1146 nostri
781 1101 949 1145 famam
970 1109 1015 1144 et
1039 1099 1376 1155 auctoritatem,
1396 1099 1565 1144 exinde

270 1172 398 1217 illam
422 1174 745 1231 derivandam,
779 1173 911 1232 quod
933 1174 1111 1232 primus
1134 1169 1358 1215 Manetho
1394 1173 1568 1216 exstitit

271 1245 514 1305 AEgyptius
534 1256 580 1290 et
598 1247 719 1290 inter
744 1246 988 1305 AEgyptios
1006 1243 1246 1298 sacerdos,
1270 1244 1352 1302 qni
1372 1258 1429 1287 ex
1450 1252 1567 1287 tem-

268 1319 459 1376 plorum
502 1320 769 1381 ἀναγραφαῖς
822 1318 1091 1376 continuam
1147 1317 1350 1375 aliquam
1403 1332 1566 1377 regum

271 1392 481 1434 omnium
503 1393 667 1435 seriem
702 1392 751 1434 in
779 1406 914 1434 usum
947 1390 1106 1435 Graece
1133 1389 1423 1448 loquentium
1451 1405 1567 1432 con-

269 1465 464 1520 texerit,
491 1465 632 1523 idque
662 1480 767 1508 cum
794 1464 1005 1524 religiosa
1032 1464 1114 1506 ist'a
1139 1471 1184 1506 et
1210 1477 1342 1521 paene
1367 1462 1566 1507 dixerim

270 1536 504 1581 fastidiosa
525 1534 723 1599 ἀκριὸείᾳ
739 1571 750 1592 ,
775 1537 866 1595 qua
890 1552 987 1579 non
1009 1550 1155 1579 annos
1184 1536 1336 1579 solum
1359 1536 1566 1596 AEgyptii

269 1618 436 1653 notant
458 1610 537 1654 sed
561 1625 738 1654 menses
759 1624 948 1668 quoque
969 1608 1159 1667 diesque
1173 1644 1185 1665 ,
1210 1608 1378 1666 quibus
1396 1609 1563 1669 singuli

269 1684 510 1742 regnarint
547 1700 556 1726 :
586 1683 730 1741 quid,
759 1682 890 1741 quod
918 1682 966 1725 in
994 1697 1178 1741 papyro
1210 1681 1454 1725 Turinensi
1490 1683 1566 1726 vel

271 1753 470 1799 deorum
487 1771 631 1816 regna
651 1756 711 1800 ad
732 1770 936 1800 mensem
958 1764 1096 1813 atque
1118 1754 1243 1798 diem
1261 1763 1561 1813 exputantur.

267 1828 450 1884 Deinde
462 1843 577 1872 vero
594 1829 900 1888 reliquiarum
915 1828 1050 1871 color
1068 1828 1222 1871 varius
1234 1828 1354 1871 viam
1365 1828 1567 1872 ostendit

269 1915 371 1959 quae
385 1902 433 1944 in
451 1902 728 1945 tractatione
738 1911 898 1946 earum
908 1901 965 1944 sit
981 1899 1198 1945 ineunda.
1216 1900 1446 1944 Nimirum
1460 1909 1566 1945 ante

270 1973 427 2017 omnia
461 1974 647 2032 anquiri
682 1973 823 2018 debet
854 1987 1066 2031 quaenam
1093 1971 1230 2029 hujus
1259 1974 1414 2031 operis
1437 1974 1567 2032 quasi

267 2039 556 2090 recensiones
578 2061 831 2104 earumque
852 2045 1033 2090 indoles
1055 2044 1243 2088 fuerint.
1316 2045 1455 2103 Quod
1483 2061 1568 2089 ne-

269 2119 450 2178 gotium
464 2119 550 2162 rite
568 2118 760 2177 quidem
779 2118 836 2161 ab
854 2118 983 2161 omni
997 2126 1131 2177 parte
1149 2119 1311 2178 peragi
1323 2119 1486 2177 nequit
1503 2118 1566 2163 ob

268 2190 636 2250 fragmentorum
668 2192 898 2236 rationem
921 2205 1134 2234 mancam
1160 2200 1299 2250 atque
1315 2192 1566 2238 raritatem.

269 2262 361 2306 Sed
381 2272 509 2306 tanto
530 2264 757 2308 curiosius
777 2262 1037 2323 premenda
1059 2271 1166 2307 sunt
1187 2278 1337 2323 pauca
1363 2264 1442 2309 illa
1465 2280 1568 2325 quae

270 2351 552 2395 cognoscere
587 2335 740 2380 adhuc
763 2336 886 2385 licet.
957 2335 1107 2395 Igitur
1130 2350 1448 2380 recenseamus
1487 2352 1567 2381 au-

270 2418 446 2465 ctores,
469 2409 549 2467 qui
575 2399 935 2454 Manethoniana
955 2408 1091 2452 nobis
1113 2417 1372 2454 servarunt.

334 2482 690 2540 Antiquissimus
715 2497 880 2527 eorum
910 2483 1094 2527 Flavius
1113 2490 1179 2526 est
1193 2482 1434 2542 Iosephus,
1456 2484 1568 2541 Quae

269 2553 396 2613 apud
424 2554 550 2598 hunc
586 2569 611 2598 e
645 2552 927 2599 Manethone
950 2554 1202 2599 traduntur
1233 2556 1392 2600 omnia
1414 2557 1566 2615 perti-

269 2635 382 2670 nent
410 2627 470 2671 ad
490 2635 732 2686 pastorum
765 2643 908 2688 regna
929 2636 974 2671 et
1001 2627 1062 2671 ad
1084 2627 1417 2686 subsequentes
1454 2627 1568 2673 duas

270 2700 522 2758 dynastias,
552 2715 658 2743 cum
677 2698 949 2744 Judaeor'um
972 2699 1165 2743 historia
1181 2700 1281 2743 illas
1301 2699 1570 2758 conjunctas

274 2771 358 2830 (fr.
386 2777 464 2824 42.
491 2770 567 2815 50.
594 2770 701 2832 52).
729 2772 837 2817 Haec
866 2773 963 2817 sola
1002 2780 1251 2832 supersunt
1284 2771 1565 2832 fragmenta,

273 2858 378 2901 quae
395 2844 453 2888 de
495 2844 646 2888 forma
665 2845 820 2904 operis
847 2845 1197 2888 Manethoniani
1217 2860 1303 2888 nos
1323 2845 1566 2899 edoceant.

271 2917 389 2959 Nam
413 2917 707 2975 saepiusipsa
741 2917 884 2960 verba
919 2918 1120 2969 auctoris
1139 2931 1285 2974 eaque
1323 2926 1390 2960 sat
1425 2919 1570 2962 multa

274 2987 569 3035 exhibent-ur.
589 2988 729 3033 Unde
749 2988 965 3033 discimus
986 2990 1192 3048 primum
1208 3004 1308 3032 non
1323 2989 1571 3034 substitisse

274 3060 604 3105 Manethonem
624 3061 673 3103 in
687 3060 982 3104 recensendis
1004 3075 1167 3119 regum
1191 3061 1462 3105 nominibus
1483 3077 1570 3104 an-

273 3133 438 3191 nisque
456 3166 469 3189 ,
501 3133 582 3177 sed
613 3133 885 3177 continuam
915 3132 1246 3192 AEgyptiorum
1283 3133 1478 3177 texuisse
1499 3134 1570 3176 hi-

276 3208 465 3251 storiam
481 3222 695 3251 sermone
711 3207 909 3266 simplici
923 3216 967 3251 et
981 3208 1229 3266 perspicuo
1243 3221 1256 3265 3
1275 3206 1446 3251 deinde
1459 3223 1570 3252 vero

277 3293 532 3338 regnorum
555 3280 846 3339 singulorum
869 3295 966 3322 non
982 3294 1127 3323 annos
1141 3278 1287 3322 modo
1301 3279 1381 3323 sed
1396 3295 1573 3324 menses

277 3352 415 3394 etiam
441 3359 486 3395 et
521 3351 618 3394 dies
653 3360 865 3395 enotatos
889 3350 1024 3396 fuisse
1063 3367 1119 3396 ex
1161 3366 1293 3395 more
1338 3350 1569 3413 AEgyptio,

276 3423 522 3468 Africanus
553 3432 597 3467 et
628 3425 852 3468 Eusebius
873 3426 1059 3468 nonnisi
1084 3439 1230 3469 annos
1254 3426 1458 3485 integros
1483 3441 1572 3484 po-

278 3503 411 3540 nunt.
439 3497 541 3554 Qua
563 3497 611 3539 in
626 3511 677 3540 re
701 3512 813 3540 num
837 3498 898 3541 ita
921 3507 1044 3541 certe
1069 3499 1274 3557 egerint,
1306 3507 1356 3542 ut
1384 3514 1573 3543 summae

279 3583 510 3612 annorum
533 3568 651 3611 nihil
668 3563 822 3612 tamen
847 3585 872 3612 a
893 3570 1266 3614 Manethonianis
1279 3571 1465 3615 calculis
1483 3571 1572 3615 dif-

280 3642 478 3698 ferrent,
499 3640 604 3698 jure
646 3650 696 3684 tu
718 3656 912 3699 quaeras.
945 3643 1161 3702 Denique
1183 3644 1474 3688 monendum
1509 3654 1575 3688 est

280 3729 409 3775 reges
430 3713 490 3758 ad
504 3715 661 3773 plures
685 3713 914 3772 dynastias
926 3716 1450 3775 pertinentesipsissimis
1466 3733 1572 3761 ver-

279 3789 350 3832 bis
391 3787 684 3832 Manethonis
699 3788 929 3831 recenseri
948 3788 1119 3846 absque
1147 3790 1240 3834 ulla
1261 3789 1573 3848 dynastian-um

282 3860 592 3905 distinctione.
623 3862 716 3904 Aut
743 3860 886 3919 igitur
923 3862 1151 3920 Josephus
1187 3864 1472 3907 mentionem
1497 3879 1575 3907 ea—

284 3948 384 3975 rum
412 3934 592 3987 omisit,
613 3940 690 3976 aut
709 3932 930 3975 Manetho
947 3947 1154 3976 seorsum
1176 3933 1489 3992 dynastiarum
1519 3936 1576 3978 la-

284 4006 485 4048 terculos
502 4006 708 4048 exhibuit
735 4001 805 4064 (*).
834 4030 897 4037 -—
925 4006 1025 4048 Jam
1051 4020 1161 4048 vero
1178 4039 1189 4060 ‚
1216 4015 1268 4048 ut
1292 4007 1400 4049 illuc
1421 4022 1573 4050 rever-

335 4139 385 4190 (*)
403 4139 540 4179 Talem
560 4140 829 4190 dynastiaruni
850 4150 986 4189 regum
1009 4142 1090 4189 AEg.
1109 4140 1327 4190 ἀναγραφὴν
1345 4142 1573 4181 continebat

287 4208 458 4247 papyrus
487 4198 736 4246 Turinensis,
766 4197 880 4247 cujus
904 4199 1092 4237 centones
1107 4201 1329 4247 supersunt.
1356 4202 1578 4239 Documen-

289 4259 373 4293 tum
402 4255 474 4294 hoc
491 4266 595 4294 anno
621 4259 711 4295 1824
734 4255 884 4295 detexit
901 4255 1196 4305 Cliampollion,
1223 4258 1575 4306 A·3gypt‹›log0rum

1184 224 1602 315 MANE'I'HONIS
1637 264 2028 317 SEBENNYTAE

1607 4224 1614 4304 l

2991 331 3008 354 d!

1648 385 1733 430 tar,
1756 378 1831 421 vel
1854 377 2044 436 Josephi
2083 374 2213 420 aetate
2239 373 2293 420 τὰ
2336 372 2610 436 Αἰγυπτιακὰ
2645 374 2937 422 Manethonis
2974 420 2976 422 .

1645 451 1781 493 variis
1803 449 1956 494 modis
1995 447 2274 509 interpolata
2299 463 2407 505 esse,
2430 450 2504 494 vel
2535 449 2737 494 diversas
2770 464 2939 494 eorum

1643 522 1934 566 recensiones
1964 523 2199 580 exstitisse,
2242 530 2452 580 apparet.
2497 522 2680 566 Etenim
2713 522 2942 583 Josephus

1647 592 1720 653 (C.
1742 596 1830 654 Ap.
1852 595 1898 650 I,
1931 599 2004 646 14.
2030 594 2089 638 fr.
2114 593 2198 654 42)
2217 594 2940 654 postquameManethone-nar-
2982 607 2984 610 ·

1642 665 1760 709 ravit
1793 666 1970 722 Hylssos
2008 681 2183 710 nomen
2215 665 2474 726 significare
2513 664 2704 728 βασιλεῖς
2730 655 2942 725 ποιμένας
2991 700 2994 701 ⁷

1646 735 1757 797 (qui
1796 739 1973 783 Arabes
1998 738 2222 797 fuerint),
2247 738 2378 783 addit
2399 754 2410 782 :
2437 736 2523 784 Ἐν
2545 735 2588 783 δ’
2612 735 2758 802 ἄλλῳ
2794 737 2940 783 ἀντι·
2984 796 2986 798 q

1641 807 1829 873 γράφῳ
1855 810 1946 875 (sc,
1975 802 2116 874 εὗρον)
2138 811 2184 856 οὖ
2213 809 2406 872 βαςιλεῖς
2428 807 2810 871 σημαίνεσθαι,...
2827 807 2940 856 ἀλλὰ
2986 848 2989 850 .

1642 881 1947 945 αἰχμαλώτους
1975 883 2207 940 δηλοῦσθαι
2230 881 2454 944 ποιμένας.
2478 882 2687 928 Eandem
2707 882 2942 943 interpre-

1641 957 1864 1001 tationem
1882 973 1996 1001 mox
2015 958 2186 1002 iterum
2204 965 2434 1002 memorat
2449 957 2520 1001 his
2535 956 2718 1003 verbis:
2735 953 2812 1002 Ἓν
2831 952 2943 1017 ἄλλῃ

1642 1025 1686 1073 δέ
1710 1046 1792 1074 τινι
1820 1027 1958 1094 βίὸλῳ
1983 1031 2068 1075 τῶν
2092 1029 2406 1090 Αἰγυπτιακῶν
2432 1029 2644 1076 Μανεθὼν
2672 1026 2798 1075 τοῦτό
2817 1045 2945 1092 φησιν
2987 1068 2990 1083 -.

1641 1096 1755 1152 ἔθνος
1778 1099 1873 1154 τοὺς
1908 1099 2178 1161 καλουμένας
2196 1098 2404 1160 ποιμένας
2434 1098 2740 1164 αἰχμαλώτους
2775 1099 2818 1146 ἐν
2842 1105 2938 1152 ταῖς

1639 1173 1774 1237 ἱεραῖς
1797 1174 1937 1220 αὐτῶν
1964 1173 2128 1238 βίὸλοις
2151 1172 2404 1239 γεγράφθαι.
2424 1176 2483 1218 In
2505 1175 2576 1219 his
2595 1173 2715 1218 illud
2741 1170 2848 1219 ἄλλο
2863 1173 2942 1218 ἀν-

1639 1244 1842 1311 τίγραφον
1882 1248 1965 1308 (se.
1992 1245 2323 1309 Αἰγυπτιακῶν)
2347 1248 2440 1303 vel,
2455 1247 2526 1291 uti
2547 1245 2767 1306 deinceps
2791 1246 2946 1291 minus

1638 1320 1884 1379 perspicue
1904 1318 2040 1377 dicit,
2063 1317 2175 1376 ἄλλη
2199 1337 2262 1371 τις
2287 1318 2596 1380 Αἰγυπτιακῶν
2624 1315 2942 1381 βίὸλος,·εἰςηίο
2975 1342 2978 1349 1

1642 1391 1751 1437 ficat
1774 1408 1784 1435 :
1813 1393 1951 1436 aliud
1958 1393 2043 1437 τῶν
2063 1392 2375 1454 Αἰγυπτιακῶν
2393 1392 2655 1451 exemplar,
2679 1389 2812 1450 quod
2826 1405 2944 1435 con·
2962 1397 2975 1449 J

1639 1464 1817 1508 tinebat
1834 1479 1937 1523 quae
1960 1464 2010 1508 in
2034 1465 2133 1509 aliis
2163 1464 2507 1524 exemplaribus
2525 1479 2625 1507 non
2647 1462 2940 1522 legebantur.

1639 1537 1849 1582 Dubium
1863 1546 2019 1581 autem
2041 1538 2118 1581 vix
2141 1546 2206 1582 est
2224 1539 2341 1596 quin
2358 1537 2567 1581 narratio
2585 1537 2669 1580 ista
2687 1534 2747 1580 de
2764 1534 2947 1595 Hyksos

1641 1610 2003 1671 regibusutpote
2015 1611 2207 1670 captivis
2235 1610 2249 1671 (
2266 1626 2406 1670 quam
2423 1610 2596 1670 probat
2613 1608 2811 1664 Flavius,
2823 1623 2946 1668 quo-
2978 1627 2982 1637 ⁴>

1643 1684 1767 1727 niam
1786 1683 1847 1727 ad
1865 1685 1891 1728 J
1896 1684 2122 1743 osephum
2140 1683 2331 1744 ejusque
2348 1683 2511 1728 fratres
2527 1689 2633 1741 apte
2651 1679 2818 1724 referri
2835 1695 2948 1740 pos-

1639 1754 1716 1815 sit)
1741 1770 1764 1798 a
1785 1755 1949 1800 Judaeo
1971 1756 2293 1800 Alexandrino
2319 1757 2368 1800 in
2395 1756 2542 1800 libros
2563 1753 2860 1799 Manethonis
2885 1754 2946 1796 il-
2981 1747 2989 1791 s

1639 1827 1729 1871 lata
1751 1828 1824 1871 sit.
1849 1828 2023 1872 Contra
2056 1828 2115 1871 ab
2144 1827 2407 1872 adversario
2429 1826 2701 1871 Judaeorum
2733 1825 2948 1884 profecta
2976 1885 2979 1890 ¹

1641 1909 1687 1944 et
1720 1901 2092 1945 Manethonianis
2132 1902 2302 1944 inserta
2331 1900 2578 1944 Boeckhius
2619 1897 2930 1959 probabiliter
2982 1899 3006 1962 Α,

1641 1981 1795 2017 censet
1822 1988 1875 2016 ea
1911 1989 2012 2031 quae
2042 1972 2098 2017 fr.
2132 1970 2190 2017 52
2216 1973 2435 2033 leguntur
2470 1972 2529 2016 de
2566 1971 2739 2016 Judaeis
2767 1970 2939 2033 λεπρῶν

1641 2042 1796 2099 πλήθει
1818 2046 1903 2090 sub
1931 2045 2199 2105 Amenophi
2225 2061 2335 2107 rege
2362 2046 2569 2105 AEgypto
2597 2045 2816 2104 expulsis.
2843 2046 2944 2102 Qua
2983 2100 2986 2101 7

1645 2118 1694 2162 in
1710 2119 1978 2163 narratione
2000 2120 2026 2162 J
2031 2119 2228 2178 osephus
2247 2119 2310 2163 ait
2326 2118 2659 2162 Manethonem
2682 2132 2782 2161 non
2803 2131 2940 2160 secu-

1642 2198 1743 2234 tum
1774 2206 1867 2235 esse
1887 2187 1964 2243 τὰς
1994 2189 2244 2252 Αἰγυπτιῶν
2271 2185 2522 2252 ἀναγραφάς
2538 2225 2550 2246 ,
2578 2189 2662 2234 sed
2684 2190 2835 2249 ipsum
2862 2189 2933 2233 fai-⁷

1644 2264 1728 2308 teri
1744 2257 2002 2308 narrarese
2021 2259 2076 2308 τὰ
2102 2260 2372 2324 μυθευόμενα
2397 2260 2495 2325 περὶ
2513 2262 2598 2307 τῶν
2624 2258 2847 2307 Ἰουδαίων
2864 2261 2940 2306 vel
3007 2253 3008 2256 Ἴ

1642 2333 1696 2382 τὰ
1722 2331 1968 2404 ἆδεσπότιρὶς
1995 2333 2362 2398 μυθολογούμενα.
2400 2362 2465 2369 -
2498 2335 2648 2395 Igitur
2683 2348 2830 2393 quum
2849 2334 2944 2378 Jo-
2992 2339 3006 2400 ²:

1642 2409 1838 2468 sephum
1858 2409 2060 2454 diversas
2077 2408 2284 2467 ejusdem
2319 2408 2474 2468 operis
2492 2407 2787 2451 recensiones
2810 2404 2945 2450 adhi-

1642 2476 1801 2526 buisse
1815 2482 2080 2538 videamus,
2113 2482 2224 2526 hinc
2248 2490 2401 2526 cetera
2438 2493 2630 2539 quoque
2663 2476 2944 2538 explicanda

1643 2556 1908 2613 putaverim
1929 2554 2101 2613 quibus
2122 2554 2381 2614 pugnantia
2398 2553 2522 2596 inter
2537 2565 2632 2595 sese
2646 2550 2846 2610 profert.
2868 2550 2945 2596 Sic
3002 2564 3006 2587 5

1644 2643 1668 2672 e
1703 2629 1894 2688 singulis
1916 2629 2072 2687 regnis
2095 2627 2314 2687 dynastiae
2341 2627 2501 2671 XVIII
2540 2624 2668 2685 apud
2690 2623 2946 2683 Josephum
2977 2623 3004 2687 'g

1647 2696 1729 2763 (fr.
1759 2697 1846 2762 50)
1876 2715 2104 2744 summam
2122 2699 2382 2759 colligimus
2405 2712 2637 2742 annorum
2657 2695 2774 2752 333;
2791 2709 2946 2754 neque
2980 2714 2983 2715 ⁷

1644 2768 1947 2817 librariorum
1964 2787 2176 2816 errorem
2195 2771 2401 2814 numeris
2420 2771 2563 2814 inesse
2582 2784 2639 2813 ex
2659 2767 2830 2812 collato
2855 2766 2945 2811 Eu·
2999 2764 3003 2805 ὲ

1643 2845 1772 2888 sebio
1812 2854 1858 2889 et
1882 2845 2103 2904 Syncello
2128 2844 2433 2903 intelligitur3
2467 2850 2631 2886 contra
2671 2841 2770 2900 ipse
2807 2832 2940 2884 Jose-

1643 2917 1762 2976 phus
1797 2917 1983 2960 duobus
2020 2916 2384 2960 locissummam
2410 2915 2548 2974 'ponit
2571 2928 2805 2958 annorum
2831 2911 2941 2972 393.

1641 2989 1781 3047 Quod
1805 2990 1955 3048 ipsum
1992 3004 2051 3032 ne
2081 2990 2107 3032 J
2112 2989 2273 3047 osephi
2298 2988 2484 3031 calculis
2499 2987 2699 3042 vitiosis,
2718 2985 2799 3030 sed
2821 2986 2943 3029 mix·

1641 3062 1758 3105 tioni
1783 3069 2116 3121 computorum
2134 3060 2412 3114 tribuamus,
2427 3060 2499 3103 vel
2516 3058 2635 3102 illud
2658 3058 2854 3102 suadere
2870 3058 2941 3101 vi·
2967 3117 2969 3120 Α

1642 3134 1794 3190 detur,
1828 3134 1959 3193 quod
1999 3134 2215 3192 proxime
2248 3131 2308 3176 ad
2342 3147 2590 3175 numerum
2635 3130 2726 3191 393
2761 3129 2941 3175 accedit

1642 3196 1807 3250 auctor
1834 3207 2062 3266 Syncelli‚
2081 3207 2163 3265 qui
2188 3220 2334 3249 annos
2361 3203 2454 3263 398
2474 3211 2683 3263 exputat.
2997 3263 2999 3266 v

1708 3279 1962 3338 Josephum
1980 3279 2155 3338 excipit
2178 3275 2440 3333 Asi-Imaus,
2461 3277 2541 3336 qui
2557 3275 2942 3320 Manethonianos

1641 3392 1834 3442 princeps.
1847 3391 1949 3431 Vide
1959 3391 2152 3431 Bullatin
2172 3388 2387 3440 universal
2404 3391 2516 3438 1824,
2530 3390 2584 3428 N⁰
2594 3393 2631 3428 6.
2644 3386 2843 3438 Scriptum
2859 3398 2941 3428 esse

1640 3449 1888 3500 temporibus
1910 3449 2101 3499 dynastiae
2121 3450 2213 3488 XlX
2240 3449 2463 3498 propterea.
2475 3446 2636 3486 censent
2659 3445 2768 3496 quod
2797 3445 2839 3484 in
2867 3445 2940 3485 ob·

1642 3518 1755 3547 versa
1773 3507 1911 3558 papyri
1938 3509 2049 3558 parte
2076 3508 2265 3557 computa
2297 3500 2483 3555 quaedam
2512 3505 2693 3553 exstant,
2725 3504 2766 3543 in
2796 3502 2919 3553 qulbu

1647 3568 1809 3605 Ramsis
1830 3568 1979 3616 Maqm'
2007 3564 2157 3604 mentio
2187 3563 2255 3613 fit,
2288 3561 2430 3603 deiude
2460 3572 2554 3601 vero
2576 3561 2686 3612 quod
2713 3572 2851 3612 regum
2870 3561 2938 3600 no'

1642 3623 1750 3662 mina
1766 3653 1776 3672 ,
1801 3633 1892 3674 quae
1919 3622 2006 3663 erui
2030 3622 2161 3662 adhue
2179 3622 2368 3672 possunt,
2403 3619 2537 3658 omnia
2561 3617 2611 3657 ad
2631 3618 2782 3668 priores
2811 3617 2916 3668 dyna

1641 3682 1738 3721 stias
1764 3683 1944 3721 l-xvll
1959 3681 2155 3732 pertinere
2167 3678 2368 3719 videntur.
2386 3675 2593 3716 seisfertus
2607 3686 2711 3715 anno
2732 3680 2831 3717 1826
2847 3675 2936 3733 reli*

1643 3739 1758 3789 quias
1770 3739 1915 3789 reperit
1930 3738 2139 3778 nominum
2157 3741 2232 3777 200
2252 3738 2293 3776 et
2319 3734 2438 3774 ultra.
2462 3733 2651 3774 Primitus
2666 3733 2784 3774 fuisse
2798 3733 2916 3774 viden
2934 3750 2937 3753 ⁴

1642 3799 1710 3837 tur
1729 3797 1833 3837 eirca
1868 3802 1958 3838 250.
1977 3796 2137 3846 Lepsius
2163 3793 2233 3845 qui
2249 3803 2406 3834 summo
2429 3791 2561 3831 studio
2589 3793 2777 3830 centones
2803 3801 2904 3842 papy

1643 3855 1934 3905 coagmentavit
1963 3853 2251 3905 pristinumque
2287 3850 2336 3890 ad
2371 3849 2550 3889 ordinem
2577 3848 2800 3899 revocavit,
2833 3847 2931 3888 int'
2991 3867 2993 3869 ·

1644 3913 1833 3951 mortales
1853 3921 1961 3961 reges
1983 3911 2169 3949 numerat
2188 3911 2234 3947 34
2249 3937 2259 3956 ,
2281 3907 2350 3958 qui
2372 3906 2594 3957 pertineant
2609 3905 2659 3946 ad
2678 3905 2774 3956 dyn.
2797 3906 2930 3946 1—vf

1645 3977 1694 4010 20
1711 3972 1778 4021 qui
1794 3971 1873 4010 sint
1895 3969 1991 4019 dyn.
2024 3969 2229 4017 vl—-xu;
2255 3971 2304 4006 65
2321 3966 2392 4016 qui
2419 3965 2614 4005 referendi
2638 3964 2717 4004 sint
2736 3963 2787 4004 ad
2810 3974 2880 4015 pas
2907 3962 2929 3995 «Γ

1645 4040 1733 4068 rum
1750 4031 1930 4078 tempora
1944 4027 2028 4066 sive
2047 4025 2097 4065 ad
2120 4025 2214 4076 dyn.
2242 4026 2518 4064 xiil—xvii.
2552 4026 2654 4071 Quae
2689 4021 2869 4062 ‹ie-deor
2909 4037 2913 4050 ·

1644 4086 1772 4137 regnis
1794 4086 1991 4136 leguntur,
2011 4095 2083 4123 suo
2104 4082 2478 4124 locoindicahimuS.
2493 4083 2542 4121 V.
2567 4079 2742 4132 LepsiuS,
2770 4077 2887 4119 Urlcu
2915 4094 2925 4105 ν

1647 4145 1727 4185 den
1745 4143 1828 4183 tab.
1859 4145 1915 4182 111
1948 4152 2053 4191 sqq.,
2088 4142 2247 4180 Bunsen
2267 4140 2294 4179 1.
2323 4140 2348 4179 l.
2377 4150 2413 4190 p.
2444 4143 2493 4179 82
2513 4150 2622 4190 sqq.;
2659 4136 2825 4178 Boeckh.
2861 4135 2925 4193 l.f

1645 4212 1684 4251 p.
1716 4204 1785 4239 114
1817 4199 1951 4248 ibique
1969 4198 2133 4246 citatos,
2162 4196 2440 4246 Champollion
2469 4205 2552 4235 sen.
2579 4194 2620 4234 in
2649 4191 2852 4234 Nouvelle
2901 4216 2925 4262 ,Μ

1648 4270 1727 4299 vua
1745 4256 2119 4307 εηομείοῃόιϋᾳιιε,
2149 4257 2258 4304 1846,
2280 4256 2332 4294 N⁰
2349 4260 2384 4294 2.
