3016 4628
240 301 332 342 220

237 475 324 528 τοῖς
343 471 575 536 Ῥηγίνοις.

558 579 729 630 XXVI.
766 581 808 628 T
810 580 1200 629 APANTINQN.

301 695 415 746 “Ore
436 696 479 744 δὲ
497 694 832 759 Λακεδαιμόνιοι
848 694 1108 753 Μεσσηνίοις
1125 695 1379 758 ἐπολέμουν,
1400 697 1445 743 αἱ
1460 715 1533 759 γυ-

237 777 403 830 ναῖκες,
429 769 627 817 ἀπόντων
655 768 833 828 τούτων,
859 768 1017 823 παῖδάς
1047 788 1164 823 τινας
1193 768 1443 832 ἐγέννησαν,
1465 767 1536 822 οὒς

238 843 282 889 ἐν
307 841 508 908 ὑποψίαις
527 834 642 906 εἶχον
663 844 702 890 οἱ
725 841 910 907 πατέρες
932 845 990 896 ὡς
1010 842 1087 889 οὐκ
1114 840 1237 896 ὄντας
1268 843 1427 904 αὐτῶν,
1461 841 1534 889 καὶ

238 915 471 981 παρθενίας
494 915 690 963 ἐκάλουν·
712 917 750 963 οἱ
771 914 809 962 δ’
827 914 1097 979 ἠγανάκτουν
1109 914 1189 941 *⁴¹*

547 1032 748 1081 XXVII.
789 1029 1222 1079 ΚΟΡΚΥΡΑΙΩΝ.

309 1150 571 1214 Κορκυραῖοι
605 1146 827 1209 Διομήδην
861 1143 1203 1192 ἐπεκαλέσαντο·
1228 1144 1302 1192 καὶ
1330 1144 1402 1192 τὸν
1430 1143 1534 1210 παρ’

239 1222 384 1276 αὐτοῖς
408 1221 618 1287 δράκοντα
644 1219 901 1267 ἀπέκτεινεν·
922 1210 983 1272 οἷς
1000 1216 1074 1264 καὶ
1094 1217 1372 1283 συνεμάχησε
1393 1218 1534 1280 στόλῳ

240 1295 387 1360 πολλῷ
420 1296 478 1348 εἷς
501 1292 727 1356 Ἰαπυγίαν
751 1290 881 1338 ἐλθὼν
915 1292 1176 1354 πολεμοῦσιν
1209 1291 1316 1356 πρὸς
1350 1293 1533 1356 Βρεντε-

240 1365 376 1421 σίους·
398 1366 472 1415 καὶ
494 1368 629 1427 τιμῶν
654 1364 818 1426 ἔτυχεν.

612 1477 832 1527 xxvni.
867 1475 1153 1545 ΘΡᾼΚΩΝ.

306 1598 447 1658 Γαμεῖ
486 1593 660 1648 ἕκαστος
696 1593 806 1658 τρεῖς
841 1592 915 1639 καὶ
950 1590 1188 1657 τέσσαρας,
1215 1592 1299 1641 εἶσὶ
1324 1592 1368 1640 δὲ
1399 1592 1440 1641 οἳ
1462 1593 1535 1642 καὶ

238 1668 490 1734 τριάκοντα·
515 1668 588 1715 καὶ
626 1669 681 1720 ὡς
719 1664 998 1731 θεραπαίναις
1033 1669 1243 1730 χρῶνται.
1274 1666 1364 1714 Καὶ
1387 1669 1434 1714 ἐκ
1457 1687 1535 1714 πε-

240 1740 428 1807 ριουσίας
464 1742 501 1787 οἵ
536 1740 694 1803 γάμοι,
720 1739 793 1786 καὶ
829 1740 877 1785 ἐκ
911 1737 1110 1803 περιόδου
1146 1737 1330 1786 σύνεισιν
1361 1741 1533 1794 αὐταῖς·

237 1813 313 1861 καὶ
333 1813 449 1860 λούει
468 1811 540 1859 καὶ
569 1813 767 1860 διακονεῖ.
797 1810 887 1860 Καὶ
912 1811 1115 1857 πλεῖσται
1140 1810 1251 1873 μετὰ
1273 1810 1351 1868 τὴν
1375 1815 1532 1877 χρῆσιν

236 1886 381 1951 χαμαὶ
408 1889 654 1946 κοιμῶνται.
683 1883 779 1933 Κᾶν
814 1883 1074 1948 δυσχεραίνῃ
1094 1903 1180 1942 τις,
1202 1886 1240 1932 οἱ
1264 1886 1399 1949 γονεῖς
1423 1888 1536 1933 ἀπο-

238 1958 377 2012 δόντες
412 1958 433 2005 ὃ
467 1957 635 2017 ἔλαὸον,
669 1956 990 2020 ἀπεκομίσαντο
1025 1957 1104 2014 τὴν
1138 1956 1378 2022 θυγατέρα·
1403 1957 1534 2020 τιμὴν

237 2031 320 2095 γὰρ
341 2030 632 2091 λαμὸάνοντες
650 2030 936 2078 συνάπτουσιν
959 2029 1109 2083 αὐτάς.
1139 2030 1230 2079 Καὶ
1252 2030 1535 2086 ἀποθανόντος

237 2108 312 2150 τοῦ
337 2103 506 2169 ἀνδρὸς,
528 2103 672 2169 ὥσπερ
690 2104 855 2168 τᾶλλα,
874 2102 985 2150 οὕτω
1008 2101 1083 2150 καὶ
1107 2102 1182 2158 τὰς
1202 2105 1409 2167 γυναῖκας
1432 2106 1534 2163 κλη-

239 2180 502 2240 ρονομοῧσιν.

646 2284 821 2332 ΧΧΙΧ.
859 2284 1119 2333 ΜΙΝΩΩΝ.

301 2397 480 2447 Μινώαν
506 2400 581 2456 τὴν
615 2399 658 2445 ἐν
691 2398 872 2465 Σικελίᾳ
913 2399 1132 2466 Μακάραν
1161 2399 1340 2448 ἐκάλουν
1379 2397 1535 2465 πρότε-

239 2491 325 2537 ρον.
350 2469 536 2519 ’Έπειτα
562 2471 727 2530 Μίνως,
753 2472 920 2520 ἀκούων
946 2472 1161 2521 Δαίδαλον
1184 2474 1395 2535 ἐνταῦθα,
1422 2471 1533 2536 μετὰ

234 2610 322 2660 Iao,
342 2610 408 2650 sed
440 2610 489 2649 de
508 2610 588 2649 filio
612 2611 697 2660 ejus
722 2612 952 2662 Leophron'e
970 2623 1054 2652 rem
1084 2613 1220 2652 narrat
1247 2613 1464 2653 Athenaeus
1489 2614 1533 2662 l,

235 2680 278 2719 p.
291 2672 331 2718 3,
346 2673 375 2708 Α
391 2685 400 2708 :
416 2670 492 2715 Τὴν
508 2670 714 2720 πανήγυριν
727 2674 855 2710 πᾶσαν
868 2671 1039 2710 εἱστίασε
1053 2672 1247 2723 Λεώφρων
1259 2671 1532 2722 Ὀλυμπίασιν,

237 2727 419 2766 ἐπινίκιον
438 2727 649 2778 γράψαντος
667 2733 735 2767 τοῦ
753 2731 868 2768 Κείου
888 2730 1118 2781 Σιμωνίδου.
1140 2732 1189 2769 V.
1208 2729 1536 2770 Schneidewinus

237 2784 447 2824 Simonidis
467 2785 621 2835 Reliqq.
648 2797 686 2835 p.
719 2789 768 2825 24
798 2798 885 2837 sqq.
906 2812 956 2820 -
979 2788 1175 2840 θύγατρες]
1197 2790 1395 2840 θυγατέρες
1422 2787 1534 2837 libri,

238 2843 313 2881 nisi
332 2842 439 2892 quod
464 2843 675 2893 θυγατέρων
695 2854 728 2883 e.
747 2869 799 2878 -
818 2846 1005 2897 ἐγένοντο]
1028 2849 1125 2892 ΑΟ;
1146 2858 1226 2886 om·
1249 2847 1415 2897 reliqui;
1443 2857 1535 2896 quae

238 2899 379 2939 deinde
395 2902 613 2948 sequuntur
628 2901 728 2949 ἦσαν
745 2903 784 2941 δὲ
799 2917 839 2941 κ.
856 2903 894 2943 ἄ.
921 2905 1207 2944 δυναστευτικοὶ
1226 2904 1460 2955 (δυναστικοὶ
1477 2903 1533 2954 Α)

238 2972 280 2997 π.
299 2970 336 2996 τ.
360 2959 402 2996 Ρ.
420 2957 575 2996 nonnisi
589 2959 629 2997 in
647 2962 753 2999 ACP
774 2961 814 2999 et
830 2972 937 3000 man.
955 2973 1033 3001 sec.
1052 2962 1093 3001 in
1103 2973 1144 3012 p.
1167 2963 1369 3012 leguntur,
1390 2961 1534 3011 reliqui

239 3015 336 3054 item
353 3013 556 3053 omittunt.
579 3016 766 3055 Ceterum
786 3018 835 3057 de
850 3019 1016 3058 victoria
1036 3020 1214 3059 Anaxilae
1232 3020 1283 3059 cf.
1306 3020 1536 3060 Aristoteles

239 3073 357 3112 Rhet.
378 3074 453 3120 ΙΙΙ,
472 3077 563 3122 2‚p.
585 3078 671 3123 117,
687 3079 730 3113 21
751 3076 868 3115 Bekk.
892 3093 901 3116 ι
923 3078 968 3116 Ὁ
989 3078 1218 3129 Σιμωνίδης,
1240 3078 1304 3118 ὅτε
1322 3079 1389 3129 μὲν
1410 3078 1534 3119 ἐδίδου

239 3130 375 3182 μισθὸν
404 3130 530 3180 ὀλίγον
554 3131 658 3182 αὐτῷ
679 3134 699 3170 ὁ
721 3134 879 3179 νικήσας
894 3140 971 3180 τοῖς
995 3137 1160 3186 ὀρεῦσιν,
1178 3137 1250 3176 οὐκ
1268 3137 1378 3184 ἤθελε
1393 3140 1533 3187 ποιεῖν,

239 3192 292 3233 ὡς
315 3189 572 3239 δυσχεραίνων
594 3192 647 3235 εἰς
677 3190 855 3241 ἡμιόνους
885 3196 1020 3232 ποιεῖν·
1052 3195 1132 3233 ἐπεὶ
1162 3194 1194 3233 δ’
1213 3195 1344 3234 ἱκανὸν
1372 3194 1533 3245 ἔδωκεν,

239 3246 412 3292 ἐποίησε·
435 3246 641 3298 Χαίρετ’,
662 3248 971 3290 ἀελλοπόδων
992 3251 1227 3303 θύγατρες
1247 3253 1428 3292 ἵππων·
1451 3253 1534 3292 καί·

238 3318 299 3343 τοι
317 3305 383 3342 καὶ
402 3308 479 3342 τῶν
508 3304 605 3343 ὄνων
626 3306 823 3358 Θυγατέρες
852 3308 965 3355 ἦσαν.
990 3309 1050 3348 Ad
1070 3310 1156 3349 haec
1175 3310 1500 3351 Schneidewinus
1523 3327 1532 3351 ε

242 3378 263 3395 «
291 3361 478 3411 Lepidam
497 3364 835 3404 narratiunculam
864 3366 915 3405 ab
939 3368 1169 3418 Aristotele,
1187 3370 1232 3408 ut
1253 3369 1320 3417 fit,
1346 3370 1467 3409 etiam
1494 3369 1535 3409 in

240 3422 334 3470 Rep.
350 3420 617 3470 Rheginorum
640 3423 842 3462 memoriae
869 3425 1064 3473 proditam
1085 3427 1226 3478 fuisse,
1245 3428 1428 3468 meliores
1443 3428 1536 3468 libri

239 3477 356 3518 nobis
383 3477 640 3528 persuadent,
665 3480 734 3529 qui
760 3491 810 3520 ex
831 3482 982 3522 laciniis
997 3484 1144 3524 codicis
1158 3486 1362 3536 archetypi
1381 3498 1461 3526 non
1479 3487 1533 3526 si-

240 3537 384 3575 verunt
398 3535 460 3575 vel
477 3536 643 3575 verbum
670 3539 809 3587 perire.
837 3542 938 3579 Nam
955 3541 1169 3583 deteriores
1195 3555 1322 3594 quum
1344 3545 1385 3584 in
1404 3546 1534 3587 ἵππων

239 3604 340 3633 voce
361 3592 566 3642 desinunt,
597 3595 851 3645 religiosiores
880 3598 943 3637 vel
978 3598 1151 3648 ἐγένοντο
1182 3600 1532 3654 pinxerunt,'quo

241 3652 455 3702 conspecto
471 3652 605 3692 statim
621 3653 799 3693 divinare
815 3655 957 3705 subiit,
980 3657 1076 3706 quid
1089 3658 1129 3697 id
1141 3661 1195 3698 rei
1210 3662 1323 3700 esset.
1339 3663 1534 3713 Namque,

240 3709 340 3749 mihi
365 3708 503 3757 crede,
526 3708 656 3749 fraudi
691 3711 765 3750 suit
788 3711 954 3752 librariis
980 3714 1316 3757 homoeoteleuton
1340 3734 1349 3757 ε
1371 3718 1534 3769 scripse-

240 3768 304 3807 rat
324 3767 549 3807 Aristoteles
579 3784 588 3807 ι
621 3769 747 3808 καίτοι
778 3771 843 3808 καὶ
874 3771 1068 3821 θυγατέρες
1090 3773 1187 3812 ὄνων
1218 3775 1413 3826 ἐγένοντο,
1441 3788 1533 3826 quoe

241 3826 365 3866 verba
387 3828 547 3877 propter
573 3827 769 3878 θυγατέρες
792 3829 921 3867 ἵππων
953 3829 1094 3870 omissa
1118 3834 1223 3871 sunt.
1257 3835 1316 3873 lta
1345 3835 1534 3885 singulari

241 3885 413 3923 fortunae
430 3882 564 3923 favore
581 3884 776 3923 sententia
792 3886 926 3924 nostra
939 3885 988 3925 de
1008 3888 1233 3928 Aristotelia
1253 3891 1374 3931 libelli
1386 3892 1535 3943 origine

240 3941 537 3981 firmamentum
561 3942 802 3981 nanciscitur
821 3943 925 3982 unde
944 3955 1024 3983 non
1042 3948 1378 3995 exspectaveram.
1409 3966 1428 3985 »
1459 3950 1533 3990 Mi-

241 4011 318 4039 nus
330 3999 527 4049 ingeniose
542 3999 610 4039 sed
626 3999 791 4039 sortasse
806 4001 951 4040 rectius
966 4002 1172 4051 suspiceris
1186 4004 1359 4052 ἐγένοντο
1375 4017 1458 4047 esse
1473 4008 1533 4047 al-

241 4058 368 4095 teram
392 4057 602 4096 lectionem
618 4057 727 4097 vocis
745 4058 942 4108 sequentis
963 4059 1076 4107 ἦσαν.

294 4116 435 4154 XXVI.
466 4130 484 4148 «
514 4116 598 4155 Hoc
618 4117 710 4155 loco
736 4116 891 4156 codices
906 4118 1059 4166 ponunt
1078 4128 1168 4168 quae
1186 4119 1226 4157 in
1246 4120 1335 4159 edd.
1357 4122 1534 4171 legeban-

241 4172 310 4209 tur
329 4182 446 4221 supra
461 4171 501 4211 in
518 4172 596 4212 sine
618 4172 1002 4214 Lacedaemoniorum
1021 4175 1205 4215 civitatis.
1234 4180 1277 4216 ln
1307 4189 1338 4228 p
1362 4179 1410 4217 ad
1429 4191 1534 4219 mar·

243 4228 372 4278 ginem
402 4230 557 4280 signum
589 4231 739 4282 exstat,
761 4243 841 4283 quo
867 4232 1125 4274 admoneatur
1155 4234 1203 4274 de
1233 4236 1534 4286 transpositione

1378 287 1776 341 HERACLIDES

237 399 503 464 [Ἐγένοντο]
540 390 688 447 ηδἨσαν
726 395 772 445 δὲ
808 396 882 445 καὶ
917 395 1041 444 ἄλλοι
1073 397 1390 446 δυναστευτικοὶ
1414 396 1536 464 παρὰ
1606 407 1784 447 Fuerunt
1799 406 1935 447 autem
1955 406 2076 447 etIam
2091 406 2157 447 alii
2173 406 2279 458 apud
2303 406 2524 458 Rheginos,
2548 405 2623 458 qui
2637 401 2906 469 principatum

1606 478 1649 518 in
1667 479 1870 530 republica
1885 479 1959 520 sibi
1974 479 2240 519 vindicarunt.

1883 582 2059 631 XXVI.
2100 581 2629 632 TARENTINORUM.

1659 706 1972 747 Lacedaemoniis
1992 707 2097 748 bello
2112 707 2306 747 adversus
2323 708 2540 749 Messenios
2554 708 2781 761 occupatis,
2801 720 2908 750 uxo·
2992 709 2996 762 ζ

1608 790 1671 819 res
1688 790 1827 819 eorum
1855 780 2002 819 liberos
2027 780 2272 831 genuerunt,
2299 791 2402 831 quos
2427 782 2561 831 patres
2588 783 2637 822 ut
2666 781 2913 824 adulterinos
2948 811 2949 815 ,

1607 853 1811 902 suspectos
1829 852 2030 892 habebant
2050 853 2090 892 et
2111 852 2344 892 ParthenIas
2368 853 2582 895 vocabant.
2619 855 2738 902 Quod
2761 855 2820 896 illi
2845 855 2908 896 in·
2994 840 2997 844 v

1607 924 1724 975 digne
1741 927 1923 971 tulerunt
1941 927 2005 948 ***

2399 966 2410 978 ⁰
2454 968 2475 986 st

1880 1038 2076 1087 XXVII.
2115 1037 2634 1089 CORCYRAEORUM.

1659 1158 1860 1209 Corcyraei
1889 1160 2125 1200 Diomedem
2156 1160 2425 1212 advocarunt,
2457 1161 2528 1213 qui
2557 1161 2772 1204 draconem
2803 1163 2911 1215 apud
2932 1156 2953 1174 ”

1607 1234 1676 1264 eos
1705 1226 1935 1267 saevientem
1957 1228 2129 1267 necavit.
2161 1229 2320 1275 Quibus
2342 1229 2465 1270 etiam
2496 1230 2712 1272 auxiliatus
2740 1232 2800 1272 est
2828 1243 2912 1272 non
2938 1215 2956 1286 ‘g
2997 1275 3000 1278 ,

1608 1295 1749 1346 exigua
1770 1296 1893 1336 classe
1908 1298 2110 1348 appellens
2123 1298 2166 1337 in
2182 1299 2384 1350 Iapygiam
2405 1300 2546 1340 contra
2564 1300 2809 1342 Brundusios
2828 1301 2911 1344 bel-
2996 1297 2998 1301 ⁴

1608 1367 1692 1407 lum
1710 1368 1958 1419 gerentibus,
1979 1380 2060 1419 quo
2076 1370 2238 1409 nomine
2251 1369 2423 1411 honores
2439 1371 2476 1411 ei
2492 1371 2642 1413 decreti
2662 1373 2774 1415 sunt.
2942 1362 2951 1370 ξ
2997 1362 3000 1373 ’

1977 1478 2204 1527 XXVIII.
2242 1479 2573 1528 THRACUM.

1660 1598 1837 1646 Quilibet
1866 1599 2067 1639 Thracum
2094 1600 2178 1640 tres
2209 1600 2452 1650 quattuorve
2477 1610 2625 1641 uxores
2650 1600 2832 1653 ducunt,
2861 1614 2912 1646 ac

1607 1665 1790 1704 nonnulli
1812 1665 1933 1705 etiam
1954 1666 2115 1716 trigInta
2127 1696 2138 1716 ‚
2156 1665 2302 1716 quibus
2320 1666 2514 1717 tanquam
2533 1667 2688 1708 ancillis
2720 1668 2907 1710 utuntur.

1608 1729 1766 1779 Nuptiae
1783 1729 1948 1780 (coitus)
1963 1741 2015 1769 ex
2030 1729 2275 1769 abundantia
2286 1729 2404 1779 fiunt,
2414 1730 2455 1770 et
2466 1730 2605 1770 ordine
2613 1730 2786 1781 quodam
2798 1733 2914 1783 quasi

1608 1805 1678 1844 per
1691 1795 1886 1834 circulum
1902 1805 1994 1834 cum
2011 1795 2058 1835 iis
2074 1795 2398 1846 congrediuntur.
2414 1796 2462 1835 Et
2479 1806 2570 1847 quae
2583 1797 2730 1837 marito
2743 1797 2913 1850 potitur,

1608 1858 1715 1898 lavat
1741 1869 1835 1898 eum
1856 1858 1972 1909 eique
1993 1859 2205 1899 ministrat.
2227 1859 2417 1900 Plurimae
2439 1870 2578 1911 earum
2593 1889 2605 1908 ‚
2627 1862 2843 1912 postquam
2863 1862 2914 1909 iis

1607 1923 1741 1962 mariti
1761 1924 1844 1974 usi,
1861 1924 1975 1963 humi
1993 1924 2167 1964 dormire
2183 1926 2394 1974 coguntur.
2419 1925 2571 1972 Quodsi
2589 1937 2671 1976 qua
2689 1926 2848 1979 indigne
2870 1927 2911 1969 id

1608 1986 1729 2036 ferat,
1746 1987 1936 2036 poterunt
1955 1988 2139 2036 parentes
2162 1987 2376 2027 refundere
2394 1988 2568 2038 pretium
2590 1991 2846 2031 numeratum
2864 2001 2915 2031 ae
2928 1989 2939 2017 's

1607 2047 1774 2086 domum
1794 2047 1982 2087 reducere
2004 2047 2142 2087 filiam.
2174 2048 2305 2088 Pretio
2333 2048 2438 2088 enim
2457 2050 2622 2100 accepto
2646 2049 2820 2101 jungunt
2840 2061 2910 2092 eas
2947 2059 2951 2062 ·

1607 2109 1876 2158 matrimomo,
1891 2109 2134 2158 mortuoque
2148 2109 2235 2148 viro
2247 2139 2258 2157 ,
2272 2110 2377 2149 sicut
2391 2120 2455 2151 res
2470 2111 2635 2162 ceterae,
2647 2121 2797 2153 uxores
2807 2122 2913 2164 quo-

1607 2180 1687 2220 que
1706 2169 1882 2209 defuncti
1898 2168 2130 2208 haereditate
2143 2169 2422 2220 acquIruntur.

1971 2279 2145 2327 XXIX.
2183 2279 2556 2330 MINOORUM.

2935 2319 2955 2354 .

2933 2354 2955 2416 i

1660 2406 1839 2446 Minoam
1870 2405 2015 2447 Siciliae
2044 2406 2188 2447 urbem
2221 2408 2332 2458 prIus
2364 2409 2564 2448 Macaram
2605 2410 2910 2461 nuncuparunt.
2932 2421 2954 2452 a

1606 2477 1738 2518 Minos
1760 2479 1894 2518 autem
1926 2489 2054 2529 quum
2084 2479 2344 2520 intellexisset
2371 2479 2583 2521 Daedalum
2608 2481 2665 2521 ibi
2690 2492 2797 2539 esse,
2818 2492 2918 2527 cum

1612 2611 1843 2651 verborum.
1870 2615 1915 2651 In
1938 2614 1997 2662 Cp
2016 2611 2206 2662 praecedit
2231 2615 2535 2663 Corcyraeorum
2557 2624 2684 2664 resp„
2705 2605 2857 2665 quaein
2878 2625 2912 2667 p
2933 2599 2957 2650 τ’

1609 2671 1739 2709 exstat
1750 2670 1792 2708 in
1808 2670 1983 2720 margine
1994 2670 2192 2710 inferiore.
2210 2686 2230 2705 υ
2250 2671 2703 2711 Schneidewin.—‘'O·rs
2717 2673 2757 2712 δὲ
2770 2671 2840 2724 Δ.]
2854 2673 2915 2722 ἐξ
2939 2711 2957 2722 .,

1609 2728 1667 2767 ὅτι
1683 2730 1733 2768 Λ.
1753 2728 1826 2773 dc,·
1844 2729 1901 2767 ὄτι
1915 2731 1950 2767 οἱ
1963 2731 2014 2768 A.
2025 2741 2077 2779 q,-
2092 2729 2149 2768 ὅτι
2163 2729 2227 2768 ὅτε
2241 2730 2290 2768 Λ.
2302 2729 2458 2780 reliqui.
2469 2751 2522 2758 -
2533 2732 2573 2770 αἱ
2587 2729 2698 2782 γυν.]
2711 2733 2909 2782 corayns;

1608 2799 1692 2836 γυν.
1715 2786 1850 2835 codd-3
1866 2797 1958 2826 mox
1975 2789 2026 2833 ὡς
2043 2799 2124 2827 om.
2147 2787 2464 2838 0.-παρθενίας]
2485 2790 2630 2839 Coray.
2648 2789 2838 2840 παρθένοις
2851 2791 2910 2844 4,

1608 2845 1814 2895 παρθένους
1837 2846 1889 2894 0,
1906 2845 2128 2896 παρθενίους
2142 2845 2302 2895 reliqui,
2316 2847 2361 2885 ut
2377 2845 2549 2886 videtur.
2566 2867 2615 2878 -—
2626 2849 2809 2887 Mancam
2820 2857 2910 2886 nar-

1608 2904 1803 2942 rationem
1817 2906 1865 2941 ex
1889 2903 2050 2952 Ephoro
2065 2912 2130 2953 ap.
2145 2903 2329 2943 Strabon.
2348 2906 2403 2942 VI
2416 2933 2427 2952 ,
2445 2914 2486 2954 p.
2503 2907 2577 2944 280
2596 2903 2762 2954 aliisque
2772 2905 2911 2946 multiS

1610 2960 1724 3000 facile
1737 2961 1918 3011 supplere
1933 2957 2040 3001 licet.
2070 2962 2132 3001 Cf.
2154 2961 2389 3000 Lorentzius
2407 2963 2462 3001 De
2483 2962 2581 3012 orig.
2606 2962 2705 3002 vett.
2730 2963 2910 3003 Tarenti-

1608 3029 1768 3058 norum.
1787 3016 1960 3058 Berolin‘.
1981 3022 2095 3059 1837.

1661 3078 1823 3117 XXVII.
1852 3079 2138 3125 Fragmentum
2156 3076 2235 3116 hoc
2250 3076 2393 3126 legitur
2413 3076 2455 3116 in
2475 3077 2508 3116 A
2529 3078 2561 3117 C
2580 3079 2616 3117 P
2633 3078 2676 3117 et
2695 3087 2820 3128 marg.
2840 3087 2873 3130 p
2887 3093 2906 3129 ,-

1610 3133 1752 3184 reliqui
1767 3135 1975 3174 omittunt.
1991 3155 2042 3163 -—
2059 3133 2299 3185 πολεμοῦσι]
2319 3136 2404 3184 ΑΟ,
2421 3135 2666 3185 πολεμοῦσαν
2683 3137 2762 3186 Pp
2782 3146 2811 3176 a
2827 3135 2852 3177 b
2866 3137 2911 3186 e}

1609 3187 1774 3243 reliqui,
1807 3194 1853 3231 ut
1881 3191 2054 3232 videtur.
2071 3217 2123 3225 -
2140 3191 2412 3243 Βρεντεσίους]
2437 3194 2476 3232 Ρ
2497 3202 2552 3243 p,
2573 3192 2818 3244 βρεντησίους
2845 3190 2907 3246 Αἰ,

1610 3251 1841 3303 βερτεισίους
1854 3279 1865 3300 ,
1887 3261 1990 3290 corr.
2023 3250 2287 3303 βρεντεισίουφ
2310 3252 2357 3290 0.
2385 3271 2438 3280 ——
2460 3252 2622 3291 Tzetzes
2636 3251 2688 3292 ad
2706 3252 2808 3303 Lyc.
2828 3256 2907 3295 01⁵

1609 3320 1661 3349 ex
1681 3307 1832 3349 Timaeo
1848 3310 1888 3349 et
1907 3311 2016 3360 Lyco
2027 3310 2164 3349 narrat
2183 3325 2192 3348 ε
2210 3308 2482 3360 Παρεγένετο(
2494 3309 2716 3360 Διομήδης)
2737 3311 2791 3356 εἰς
2805 3310 2906 3352 ’Ita-

1608 3367 1693 3406 λίαν
1707 3376 1718 3387 ·
1737 3368 1857 3414 εὑρὼν
1877 3367 1918 3406 δὲ
1938 3371 2150 3415 τηνικαῦτα
2171 3368 2238 3407 τὸν
2258 3367 2452 3417 Κολχικὸν
2470 3367 2661 3418 δράκοντα
2681 3368 2908 3422 λυμαινόμ-

1608 3438 1672 3465 νον
1692 3425 1762 3472 τήν
1785 3425 1984 3466 Φαιακίδα
2002 3426 2158 3466 ἔκτεινε.
2189 3426 2402 3476 Propterea
2421 3435 2523 3476 quos
2547 3424 2653 3477 apud
2672 3426 2907 3469 Daunius&

1609 3483 1723 3524 Italia
1738 3483 1908 3524 honores
1921 3484 2161 3534 obtinuerit,
2178 3483 2270 3524 vide
2282 3482 2443 3523 ibidem.
2458 3485 2506 3524 In
2520 3482 2582 3532 his
2595 3483 2717 3534 igitur
2730 3483 2908 3529 Daunio-

1609 3553 1699 3582 rum
1730 3541 1837 3592 regio
1859 3536 2036 3583 Phaeacis
2068 3542 2304 3594 appellatur,
2323 3541 2430 3592 quod
2449 3545 2523 3581 cur
2546 3543 2704 3582 Tzetzae
2726 3551 2906 3588 errem

1607 3611 1692 3640 esse
1710 3600 1807 3640 nihil
1827 3601 1887 3641 est
1906 3611 1977 3640 cur
1991 3602 2194 3652 putemus.
2215 3602 2276 3640 De
2290 3599 2566 3650 Argonauticis
2581 3599 2729 3640 fabulis
2745 3599 2788 3640 in
2806 3602 2907 3646 Corb

1607 3670 1742 3709 cyram
1759 3661 1834 3699 ins.
1855 3659 2058 3700 translatis
2071 3669 2112 3699 v.
2146 3661 2196 3699 G.
2219 3657 2376 3698 Mt’nller.
2394 3659 2456 3698 De
2471 3659 2635 3709 Corcyr.
2658 3668 2743 3709 rep.
2767 3657 2822 3709 p?
2835 3662 2904 3702 57.

1606 3720 1666 3758 De
1696 3718 2002 3767 Corcyraeorum
2028 3717 2168 3756 contra
2194 3714 2470 3756 Brundusinos
2495 3714 2601 3755 bello
2627 3714 2787 3769 aliunde
2822 3714 2904 3761 noh

1607 3777 1777 3815 constat.
1803 3776 1934 3826 Vulgo
1954 3775 2120 3815 Dauniis
2149 3773 2368 3824 opitulatus
2389 3782 2475 3813 esse
2498 3773 2710 3814 Diomedes
2729 3770 2902 3826 dicitur&

1607 3833 1752 3873 horum
1774 3833 1872 3885 socii
1903 3833 2054 3872 suerint
2079 3831 2302 3882 Corcyraei,
2326 3830 2359 3872 si
2389 3841 2508 3871 sanus
2527 3832 2662 3871 noster
2687 3831 2803 3872 locus
2827 3834 2888 3874 est

1607 3893 1654 3931 In
1670 3891 1899 3930 universum
1916 3890 1966 3931 de
1979 3889 2181 3930 Diomedis
2195 3889 2338 3929 sabulis
2348 3888 2468 3929 variis
2482 3900 2523 3928 v.
2540 3889 2726 3929 Clausen.
2741 3891 2800 3930 AE
2843 3905 2846 3910 ’
2862 3910 2869 3923 1

1607 3959 1652 3989 u.
1681 3948 1750 3988 die
1769 3950 1962 3988 Penaten
1986 3950 2023 3988 II
2038 3977 2050 3998 ,
2068 3958 2108 3998 p.
2134 3951 2228 3987 1188
2249 3958 2336 3998 sqq.
2896 3960 2898 3964 ⁷

1658 4008 1839 4047 XXVIII.
1867 4004 1968 4045 cod.
1994 4007 2038 4046 C.
2066 4004 2198 4058 jungit
2237 4004 2323 4044 haec
2356 4003 2682 4045 antecedentibus
2710 4018 2722 4044 ι
2750 4003 2884 4057 ἔτυχε

1609 4068 1772 4118 Θρᾳκῶν
1789 4068 1905 4116 γαμεῖ
1919 4064 2080 4110 ἕκαστος
2104 4065 2187 4103 κτλ.
2209 4065 2266 4104 De
2288 4063 2512 4114 polygamla
2532 4063 2735 4103 Thracum
2751 4073 2794 4102 v.
2820 4061 2890 4112 Μ

1608 4123 1758 4163 nander
1769 4133 1832 4172 ap.
1852 4121 2039 4162 strabon.
2053 4131 2090 4171 p.
2108 4124 2183 4162 297
2213 4120 2408 4171 (Meinek.
2428 4123 2473 4162 P.
2500 4123 2617 4161 Com.
2642 4123 2721 4172 IV,
2738 4125 2881 4177 p.,23

1609 4182 1648 4221 et
1665 4180 1889 4220 Herodotus
1909 4182 1968 4227 V,
1991 4183 2014 4219 5
2033 4178 2169 4229 ibique
2185 4179 2430 4229 interpretes.
2660 4179 2663 4182 “
2754 4182 2761 4187 “
2865 4174 2896 4235 Ῐ

1661 4240 1805 4280 XXIX.
1834 4237 2011 4279 'situlum
2027 4239 2170 4289 praeter
2186 4238 2218 4289 Α
2233 4247 2315 4279 om.
2334 4235 2727 4288 (ώσω-Μακάραν]
2741 4236 2840 4277 forta
