3016 4628
1046 302 1372 350 noMERlCA
1414 301 1771 349 INSTlTUTA.

112 413 356 478 παρακαλεῖ
391 411 500 458 πιεῖν
531 409 792 466 σπείσαντα,
823 407 1146 472 προτρεπομένη
1171 409 1229 460 εἷς
1253 411 1388 466 θυμη-

112 485 220 532 δίαν.
243 483 296 533 Ὁ
318 484 354 531 δ’
379 482 647 548 ὑπερτίθεται
661 518 674 539 ,
692 482 798 545 πρὸς
820 480 973 546 πρᾶξιν
999 479 1132 534 ἐξιών.
1159 478 1244 527 Καὶ
1267 482 1294 535 ἡ
1315 478 1390 540 μὲν

112 553 442 619 ἀπερισπάστως
477 553 644 601 ἐπαινεῖ
664 551 734 598 τὸν
766 543 899 608 οἶνον,
924 554 946 598 ὃ
973 550 1016 597 δὲ
1039 549 1148 611 μετὰ
1177 550 1392 612 ἄσθματος

50 661 55 669 ·
110 625 229 684 ἥκων
263 627 520 672 ἀπωθεῖται·
559 623 635 671 καὶ
667 627 694 681 ἡ
733 621 810 685 μὲν
848 621 959 677 ἀξιοῖ
991 622 1226 669 σπείσαντα
1254 623 1392 680 πιεῖν,

60 692 61 697 “
111 699 134 744 ὁ
154 695 198 744 δὲ
220 695 547 759 καθῃμαγμένος
573 694 722 748 ἀσεὸὲς
751 698 915 756 ἠγεῖτο.
940 686 1045 743 Οἶδε
1072 693 1114 740 δὲ
1143 696 1164 739 ὁ
1188 691 1392 758 ’Όμηρος

112 768 185 817 καὶ
203 768 252 817 τὸ
273 768 489 835 ὠφέλιμον
513 766 586 814 καὶ
606 767 654 814 τὸ
688 765 934 831 σύμμετρον
958 770 1033 812 τοῦ
1069 764 1181 812 οἴνου
1197 802 1210 827 ,
1240 758 1299 818 οἶς
1321 765 1392 812 τὸν

112 839 267 905 χανδὸν
291 839 467 888 ἕλκοντα
492 838 619 887 αὐτὸν
646 839 913 904 βλάπτεσθαι
936 837 1056 902 φησί.
1088 837 1177 886 Καὶ
1199 836 1392 901 κράσεων

112 912 157 960 δὲ
191 912 290 976 γένη
329 911 508 977 διάφορα
529 910 781 957 ἐπίσταται·
817 912 894 957 οὐκ
919 908 968 955 ἂν
994 909 1077 972 γὰρ
1105 907 1322 972 Ἀχιλλεὺς
1345 908 1393 955 τὸ

113 984 341 1049 ζωρότερον
375 983 585 1047 κεραίρειν
611 982 839 1040 διέστειλε,
868 982 928 1039 μὴ
953 980 1081 1039 οὔσης
1111 981 1222 1034 τινὸς
1253 985 1393 1038 καθη-

111 1059 284 1120 μερινῆς
299 1055 507 1121 κράσεως.
525 1053 653 1108 Ἴσως
672 1047 743 1101 οῦν
763 1055 840 1102 οὔκ
857 1053 1083 1116 ἐγίνωσκεν
1103 1054 1230 1099 αὐτὸν
1252 1053 1394 1100 εὐδια-

111 1126 290 1191 φόρητον
310 1126 407 1173 ἄνευ
422 1125 668 1190 στερεμνίου
687 1124 819 1172 σιτίου
834 1123 1049 1187 μίγματος
1065 1159 1076 1180 ,
1092 1121 1114 1169 ὃ
1133 1123 1218 1175 τοῖς
1237 1124 1394 1186 ἰατροῖς

110 1195 179 1242 διὰ
202 1195 280 1254 τὴν
303 1196 457 1262 τέχνην
483 1197 573 1244 ἐστὶ
599 1199 725 1254 δῆλον
740 1215 750 1224 ·
783 1204 872 1250 τοῖς
892 1200 991 1259 γοῦν
1014 1195 1259 1260 καρδιακοῖς
1285 1194 1394 1256 μετὰ

105 1266 220 1315 οἴνου
244 1270 418 1322 σιτῶδες
454 1268 739 1330 ἀναμίσγουσί
763 1288 804 1315 τι
826 1267 930 1332 πρὸς
954 1267 1145 1330 κατοχὴν
1169 1270 1245 1323 τ’ἧς
1268 1265 1396 1313 δυνά-

106 1358 236 1402 μεως.
262 1339 376 1387 Ἀλλ’
398 1341 555 1393 ἐκεῖνος
573 1343 632 1404 τῷ
659 1339 735 1402 μὲν
755 1341 959 1403 Μαχάονι
985 1341 1080 1399 μετ’
1113 1338 1291 1402 ἀλφίτου
1320 1337 1394 1384 καὶ

108 1415 234 1476 τυροῦ
259 1410 414 1459 δέδωκε
434 1411 504 1458 τὸν
533 1403 642 1459 οἶνον
659 1447 672 1469 ,
696 1410 765 1457 τὸν
796 1411 832 1457 δ’
861 1408 1076 1458 Ὀδυσσέα
1117 1412 1231 1455 ποιεῖ
1259 1409 1395 1456 συνά-

108 1501 268 1530 πτοντα
288 1482 366 1541 τὴν
390 1483 475 1530 ἀπὸ
498 1486 581 1530 τῶν
606 1482 750 1530 σιτίων
775 1483 848 1529 καὶ
865 1482 988 1529 οἴνων
1009 1480 1242 1546 ὠφέλειαν·

216 1578 282 1627 Ὃς
303 1580 343 1621 δέ
359 1580 396 1620 κ’
413 1581 504 1632 ἀνὴρ
520 1581 637 1620 οἴνοιο
654 1580 932 1631 κορεσσάμενος
949 1580 1014 1618 καὶ
1036 1579 1201 1638 ἐδωδῆς(

105 1666 189 1729 Τῷ
210 1665 252 1712 δὲ
276 1662 607 1728 κωθωνιζομένῳ
636 1663 783 1710 δίδωσι
810 1663 880 1710 τὸν
906 1662 1138 1721 ἡδύποτον,
1162 1660 1272 1709 οὕτω
1307 1681 1392 1710 κτι-

107 1734 239 1790 λέσας
259 1736 408 1783 αὐτόν·

213 1833 277 1875 Ἐν
295 1835 335 1874 δὲ
361 1834 468 1873 πίθοι
485 1835 607 1873 οἴνοιο
623 1835 792 1873 παλαιοῦ
808 1834 1030 1881 ἡδυπότοιο,

175 1922 303 1971 Ποιεῗ
339 1919 384 1968 δὲ
419 1919 622 1987 ”Ομηρος
659 1922 732 1969 καὶ
759 1923 836 1976 τὰς
867 1923 995 1987 κόρας
1025 1923 1099 1971 καὶ
1130 1922 1206 1978 τὰς
1237 1930 1393 1987 γυναῖ-

105 1998 188 2048 οιας
220 1993 427 2047 λουούσας
463 1993 559 2047 τοὺς
594 1993 756 2052 ξένους,
793 1997 857 2048 ὡς
894 1994 990 2042 οὔτε
1025 1994 1268 2059 φλεγμονὴν
1299 1994 1395 2042 οὔτε

39 2111 42 2114 .
107 2065 325 2131 ἀκρασίαν
344 2068 428 2112 τῶν
453 2058 500 2112 εἷ
526 2066 794 2130 βεὸιωκότων
824 2067 899 2114 καὶ
936 2067 1164 2132 σωφρόνως
1199 2067 1394 2130 ἇπτομέ·

7 2139 9 2145 ’
40 2151 46 2166 ²
110 2156 200 2192 νας.
226 2137 425 2202 Ἀρχαῖον
451 2137 496 2184 δὲ
516 2138 639 2185 τοῦτο
655 2138 758 2192 ἔθος.
786 2139 973 2186 Λούουσι
997 2143 1097 2202 γοῦν
1122 2139 1195 2186 καὶ
1221 2141 1265 2186 αἱ
1293 2142 1392 2187 Κω-

106 2210 245 2257 ικάλου
267 2210 518 2274 θυγατέρες,
539 2213 596 2264 ὡς
615 2210 916 2273 νενομισμένον
929 2249 942 2273 ,
963 2210 1036 2258 τὸν
1057 2213 1182 2258 Μίνω
1201 2230 1393 2275 παραγε-

103 2357 190 2386 uon
209 2345 328 2385 modo
358 2346 404 2385 ut
430 2346 515 2386 sitis
542 2346 782 2397 remedium,
802 2347 869 2387 sed
891 2359 971 2397 quo
996 2359 1081 2387 sese
1108 2348 1253 2398 largius
1272 2348 1395 2388 etiam

108 2410 326 2461 ingurgitet
349 2425 359 2449 ι
377 2410 483 2448 certe
504 2412 714 2460 postquam
726 2411 792 2450 ille
803 2411 886 2460 jam
906 2411 1028 2460 bibit,
1045 2412 1228 2450 hortatur
1244 2412 1331 2462 liic,
1349 2414 1398 2451 ut

72 2507 76 2511 .
105 2473 267 2514 assidue
302 2472 344 2512 id
366 2473 483 2522 agat:
511 2475 596 2520 Tu,
627 2473 778 2523 inquit,
809 2474 903 2514 sede
927 2474 1114 2525 bibeque.
1150 2476 1398 2525 caseumque

105 2539 318 2588 caprinum
330 2535 583 2575 deradentem
600 2536 708 2585 facit,
726 2537 1117 2588 insuperquecepam
1131 2538 1396 2589 adjicientem,

47 2603 51 2610 ’
105 2603 220 2654 quod
253 2602 411 2652 potioni
440 2603 541 2640 esset
573 2601 817 2652 obsonium,
850 2613 931 2652 quo
969 2603 1166 2652 copiosius
1197 2602 1349 2643 biberet
1386 2620 1395 2643 :

53 2715 56 2719 ¹
111 2676 341 2719 quanquam
355 2664 449 2704 alibi
479 2664 599 2715 dicit,
613 2667 757 2705 vinum
770 2666 985 2705 exsolvere
1000 2668 1124 2716 vires,
1142 2668 1182 2706 et
1197 2676 1399 2707 enervare

55 2736 60 2738 “
110 2730 329 2770 hominem.
351 2727 449 2776 Sed,
475 2728 583 2778 quod
609 2727 660 2767 ad
690 2730 902 2768 Hectorem
924 2731 1101 2779 spectat,
1126 2741 1217 2770 eum
1237 2730 1399 2780 quidem

113 2787 280 2835 Hecuba
292 2822 303 2842 ,
326 2794 524 2843 reliquum
542 2791 620 2831 diei
636 2793 677 2831 in
697 2791 795 2831 urbe
815 2803 973 2831 manere
989 2793 1174 2843 cupiens,
1195 2793 1246 2833 ad
1261 2794 1399 2832 biben-

112 2859 208 2899 dum
228 2858 370 2898 invitat
388 2857 675 2907 libandumque
686 2886 696 2906 ,
711 2858 751 2896 et
763 2856 812 2895 ad
829 2856 1009 2896 laetitiam
1028 2857 1210 2897 hortatur
1223 2871 1236 2908 ;
1253 2858 1375 2897 atille
1387 2887 1398 2906 ‚

112 2923 163 2963 ad
185 2921 414 2962 conflictum
433 2910 752 2968 reversurus,'in
767 2921 875 2960 aliud
898 2923 1056 2971 tempus
1070 2921 1215 2961 dissert.
1247 2923 1296 2962 Et
1311 2922 1399 2961 haec

112 2986 271 3037 quidem
290 2985 554 3024 indesinenter
579 2984 717 3023 laudat
738 2984 901 3032 vinum;
926 2986 967 3023 at
988 2985 1076 3035 ille,
1093 2985 1305 3026 anhelosus
1326 2997 1398 3025 ve-

114 3049 243 3100 niens,
260 3049 424 3099 respuit.
446 3049 496 3088 Et
510 3047 630 3087 instat
646 3047 805 3097 quidem
822 3048 931 3098 haec,
951 3050 998 3087 ut
1020 3048 1117 3087 libet
1129 3049 1342 3099 bibatque3
1358 3051 1402 3089 at

113 3112 205 3160 ine.
231 3115 370 3165 utpote
397 3123 538 3152 cruore
567 3123 793 3162 respersus,
821 3114 880 3152 sas
902 3123 987 3152 esse
1006 3114 1135 3163 negat.
1161 3114 1282 3153 Novit
1304 3125 1399 3153 vero

114 3180 309 3219 Homerus
323 3178 490 3218 modum
517 3177 638 3217 etiam
653 3178 758 3226 vini,
776 3179 817 3217 et
833 3179 1033 3228 quatenus
1051 3178 1149 3217 illud
1178 3179 1397 3228 conducat;

70 3276 73 3277 γ
115 3243 432 3294 quandoquidem
466 3242 638 3282 avidius
677 3241 946 3282 trahentibus
982 3254 1130 3283 nocere
1165 3244 1235 3283 ait.
1269 3247 1399 3295 Atque

76 3310 104 3348 ἐ·
114 3307 231 3346 etiam
246 3307 355 3346 varia
370 3306 617 3358 temperandi
631 3306 712 3345 vini
729 3317 871 3356 genera
883 3306 995 3346 novit
1013 3322 1023 3345 ε
1046 3317 1127 3346 non
1143 3309 1249 3347 enim
1265 3319 1402 3347 mera·

84 3399 89 3402 -
114 3371 206 3409 cius
241 3369 564 3421 temperandum
588 3369 754 3408 dixisset
779 3362 971 3418 Achilles,
992 3370 1033 3408 ni
1058 3370 1195 3410 suisset
1217 3371 1401 3421 quaedam

69 3458 77 3473 -,
107 3431 340 3487 quotidiana
362 3434 659 3486 temperatura„
673 3433 725 3473 At
740 3431 916 3472 fortassis
934 3432 1101 3472 nescivit
1120 3437 1234 3483 poeta
1250 3464 1260 3483 ,
1290 3434 1402 3474 facile

60 3527 62 3529 .
83 3493 235 3546 *ssidigeri
251 3497 390 3536 vinum
420 3507 467 3536 ac
485 3496 762 3546 divanescere,
779 3495 963 3535 solidiore
989 3496 1078 3535 cibo
1094 3508 1175 3535 non
1198 3497 1377 3537 admixto
1388 3512 1400 3547 ;

102 3558 220 3609 „quod
245 3559 408 3600 medicis
425 3571 495 3611 per
519 3562 646 3600 artem
663 3560 913 3610 compertum
932 3560 1005 3599 est.
1045 3561 1185 3609 ltaque
1212 3561 1402 3600 cardiacis

115 3620 157 3661 hi
171 3622 306 3662 vinum
321 3623 376 3663 ita
390 3624 590 3674 praebent,
603 3625 650 3663 ut
669 3634 812 3674 panem
836 3624 907 3662 aut
931 3623 1103 3673 aliquem
1127 3634 1174 3661 ex
1190 3633 1236 3662 eo
1259 3634 1402 3673 genere

114 3684 248 3726 eibum
275 3687 542 3736 admisceant,
560 3686 611 3727 ad
631 3686 878 3727 retinendam
898 3686 982 3726 vini
1004 3686 1101 3726 vim.
1123 3688 1175 3726 At
1191 3686 1256 3726 ille
1283 3687 1401 3727 etiam

79 3749 83 3794 ἶ
115 3749 318 3789 Machaoni
337 3760 430 3789 cum
450 3751 608 3800 polenta
623 3751 664 3790 et
679 3760 793 3789 caseo
809 3750 918 3790 dedit
935 3750 1095 3798 vinum;
1114 3749 1293 3800 Ulyssem
1307 3762 1402 3791 vero

117 3811 192 3853 cibi
206 3823 252 3852 ac
268 3813 438 3864 potionis
452 3813 664 3854 utilitatem
677 3814 983 3864 ,conjungentem
997 3813 1090 3853 facit
1110 3829 1118 3853 z

159 3909 388 3954 Quicumque
406 3909 464 3945 vir
477 3909 565 3946 vino
581 3911 731 3946 satiatus
746 3912 784 3946 et
799 3909 897 3945 cibo.

116 3993 368 4043 compotanti
389 4004 484 4034 vero
498 3993 652 4044 tribuit,
665 4005 786 4045 quem
807 3994 952 4034 ducem
966 3995 1048 4034 sive
1066 4005 1239 4034 suavem
1252 3997 1400 4043 potum

121 4057 235 4096 vex-at
256 4071 266 4096 z

61 4143 85 4214 x
165 4142 216 4180 lbi
232 4153 321 4180 voro
339 4144 435 4182 dolia
451 4147 526 4182 vini
543 4147 677 4182 veteris
692 4147 821 4182 dulcis.

171 4227 283 4277 Apud
310 4228 478 4268 eundem
515 4231 731 4270 Homerum
780 4230 947 4279 virgines
974 4231 1095 4278 atque
1129 4228 1283 4268 feminae
1325 4229 1390 4266 lio-

2653 314 2738 353 195

1465 406 1638 468 νόμενον
1694 410 1750 459 εἰς
1798 407 2018 454 Σικελίαν.
2063 410 2153 462 Τἧς
2198 408 2328 469 μέθης
2376 408 2418 455 δὲ
2468 411 2747 476 κατατρέχων

1468 481 1490 524 ὃ
1510 475 1717 535 ποιητὴς,
1754 477 1824 524 τὸν
1849 480 2098 534 τηλικοῦτον
2130 479 2354 525 Κύκλωπα
2383 482 2464 528 ὑπὸ
2491 488 2641 546 μικροῦ
2663 483 2750 530 σώ-

1470 568 1603 611 ματος
1624 548 1692 595 διὰ
1717 547 1877 605 ταύτην
1901 548 2195 610 ἀπολλύμενον
2215 550 2476 615 παρίστησι,
2505 554 2579 600 καὶ
2610 557 2751 619 Εὐρυ-

1465 622 1596 668 τίωνα
1633 620 1704 667 τὸν
1740 619 2009 684 Κένταυρον·
2045 620 2141 674 τούς
2167 638 2213 668 τε
2248 621 2367 686 παρὰ
2408 624 2546 688 Κίρκῃ
2582 626 2753 681 λέοντας

1467 694 1580 740 ποιεῖ
1599 693 1672 739 καὶ
1692 692 1869 750 λύκους,
1893 693 1986 746 ταῖς
2005 693 2180 750 ἡδοναῖς
2199 695 2642 752 ἐπακολουθήσαντας.
2663 698 2752 746 Τὸν

1467 764 1511 811 δὲ
1537 763 1750 813 Ὀδυσσέα
1787 764 2010 830 σώζε-ι,τῷ
2046 763 2213 828 Ἑρμοῦ
2249 764 2363 829 λόγῳ
2397 767 2647 814 πεισθέντα·
2685 771 2749 816 διὸ

1467 837 1541 883 καὶ
1566 837 1733 892 ἀπαθὴς
1752 836 1933 898 γίνεται.
1965 835 2220 902 Ἐλπήνορα
2237 836 2304 896 δὲ,
2329 836 2531 901 πάροινον
2556 838 2659 886 ὄντα
2680 842 2754 887 καὶ

1467 909 1697 973 τρυφερὸν,
1740 909 2098 973 κατακρημνίζει.
2145 908 2233 957 Καὶ
2273 908 2479 964 Ἀντίνοος
2511 910 2583 969 δὲ,
2620 911 2755 974 λέγων

1467 980 1570 1046 πρὸς
1591 980 1807 1029 Ὀδυσσέα
1830 1003 1847 1022 τι
1866 973 1992 1035 Οἷνός
2013 1000 2059 1028 σε
2085 980 2212 1045 τρώει
2231 981 2438 1043 μελιηδής
2461 1004 2480 1022 υ
2501 1018 2513 1040 ,
2532 982 2657 1036 αὐτὸς
2681 986 2757 1030 οὐκ

1469 1054 1675 1118 ἀπείχετο
1698 1058 1772 1101 τοῦ
1797 1052 2027 1116 πώματος·
2065 1053 2130 1100 διὸ
2159 1053 2234 1100 καὶ
2255 1052 2430 1118 τρωθεὶς
2455 1054 2673 1114 ἀπώλετο,
2697 1057 2759 1104 ἔτι

1469 1129 1641 1190 κρατῶν
1667 1124 1717 1172 τὸ
1755 1125 1976 1190 ποτήριον.
2015 1128 2141 1174 Ποιεῑ
2167 1125 2210 1173 δὲ
2240 1126 2314 1173 καὶ
2354 1126 2450 1181 τοὺς
2472 1124 2693 1185 Ἕλληνας
2717 1131 2758 1176 ἐν
2815 1150 2818 1152 ·

1469 1201 1530 1264 τῷ
1555 1197 1739 1264 ἀπόπλῳ
1763 1198 2015 1260 μεθύοντας,
2041 1197 2197 1246 διὸκαὶ
2223 1200 2550 1255 στασιάζοντας·
2568 1200 2660 1247 ὅθεν
2684 1202 2758 1248 καὶ

1472 1271 1751 1318 ἀπόλλυνται.
1787 1269 1974 1334 Ἱστορεῖ
2011 1268 2056 1316 δὲ
2091 1269 2166 1317 καὶ
2205 1270 2277 1318 τὸν
2313 1271 2547 1319 δεινότατον
2585 1273 2757 1321 Αἰνείαν

1469 1347 1553 1391 τῶν
1577 1343 1741 1409 Τρώων
1768 1346 1809 1390 ἐν
1835 1347 1897 1408 τῷ
1937 1341 2238 1406 βουλεύεσθαι,
2278 1343 2347 1390 διὰ
2382 1343 2460 1400 τὴν
2493 1347 2535 1392 ἐν
2562 1349 2626 1409 τῇ
2644 1345 2760 1410 μέθῃ

1470 1414 1719 1481 παρρησίαν
1739 1414 1814 1462 καὶ
1841 1414 1914 1469 τὰς
1934 1413 2114 1468 ἀπειλὰς
2127 1451 2139 1472 ,
2158 1413 2206 1468 ἃς
2220 1415 2394 1479 Τρωσὶν
2416 1414 2630 1479 ὑπέσχετο
2649 1419 2761 1464 οἶνο-

1469 1487 1686 1547 ποτάζων,
1706 1486 1999 1549 ὑπομείναντα
2017 1484 2093 1544 τὴν
2109 1485 2336 1550 Ἀχιλλέως
2355 1486 2492 1552 ὁρμὴν
2510 1487 2585 1534 καὶ
2606 1492 2759 1553 μικροῦ

1468 1555 1871 1622 παραπολλύμενον.
1900 1558 1988 1607 Καὶ
2019 1558 2301 1622 Ἀγαμέμνων
2327 1557 2370 1606 δὲ
2402 1558 2517 1623 λέγει
2550 1578 2635 1607 που
2659 1560 2758 1624 περὶ

1470 1633 1600 1677 αὑτοῦ
1615 1649 1627 1660 ·

1567 1748 1663 1787 Ἀλλ’
1680 1750 1760 1788 ἐπεὶ
1778 1748 1958 1799 ἀασάμην
1971 1778 1982 1796 ,
1999 1749 2105 1799 φρεσὶ
2125 1749 2352 1798 λευγαλέῃσι
2368 1749 2534 1795 πιθήσας
2547 1777 2558 1795 ,

1571 1808 1595 1853 ἢ
1614 1808 1707 1858 οἴνῳ
1726 1808 1873 1858 μεθύων
1887 1836 1898 1855 ,
1916 1808 1941 1854 ἦ
1958 1807 2001 1857 μ’
2020 1807 2190 1857 ἔὸλαψαν
2207 1807 2283 1846 θεοὶ
2304 1806 2428 1846 αὐτοί.

1475 1924 1533 1976 εἷς
1563 1921 1639 1980 τὴν
1667 1923 1800 1981 αὐτὴν
1822 1923 1950 1977 τιθεὶς
1990 1923 2239 1987 πλάστιγγα
2268 1922 2347 1981 τὴν
2373 1922 2505 1985 μέθην
2529 1926 2582 1987 τῇ
2611 1922 2762 1988 μανίᾳ.

1469 2024 1534 2030 -
1560 1994 1690 2044 Οὕτω
1718 1995 1763 2043 δὲ
1795 1995 1849 2042 τὰ
1875 1995 1956 2054 ἔπη
1975 2000 2112 2043 ταῦτα
2133 1995 2428 2062 προηνέγκατο
2458 1995 2763 2059 Διοσκουρίδης

1469 2070 1491 2114 ὃ
1511 2067 1784 2132 Ἰσοκράτους
1807 2067 2020 2131 μαθητής·
2049 2096 2113 2104 -
2145 2068 2232 2116 Καὶ
2254 2071 2276 2115 ὁ
2309 2066 2530 2132 Ἀχιλλεὺς
2561 2067 2597 2114 δ’
2655 2069 2762 2114 ὀνει-

1470 2139 1593 2195 δίζων
1632 2142 1692 2204 τῷ
1727 2140 2035 2204 Ἀγαμέμνονι,
2077 2139 2230 2205 φησίν·

1576 2227 1807 2278 Οἰνοὸαρὲς,
1827 2228 1940 2272 κυνὸς
1962 2227 2104 2278 ὄμματ’
2118 2227 2232 2277 ἔχων.

1475 2349 1596 2399 spites
1622 2350 1780 2399 lavant3
1819 2361 1892 2390 nec
1913 2351 1992 2400 illi,
2016 2351 2061 2389 ut
2080 2350 2147 2400 qui
2178 2350 2299 2388 vitam
2327 2350 2433 2388 recte
2473 2349 2762 2398 instituerunt,

1484 2412 1646 2452 libidine
1671 2413 1994 2462 inflammantur;
2025 2416 2065 2452 et
2103 2413 2166 2452 liae
2202 2413 2289 2451 illos
2328 2412 2504 2450 modeste
2532 2413 2759 2451 attrectant.

1475 2478 1634 2517 Priscus
1649 2478 1756 2517 enim
1769 2479 1835 2518 ille
1852 2490 1938 2517 mos
1957 2478 2045 2518 suit.
2070 2480 2172 2517 Sane
2190 2476 2327 2516 Cocali
2351 2476 2442 2515 filiae
2456 2504 2468 2524 ‚
2483 2487 2555 2526 pro
2571 2478 2762 2516 consueto

1473 2552 1583 2582 more
1593 2572 1607 2593 ,
1623 2542 1796 2583 Minoem
1811 2544 1946 2582 lavant
1960 2543 2000 2582 in
2017 2542 2189 2582 Siciliam
2202 2541 2495 2581 adventantem.
2522 2540 2764 2580 Ebrietatem

1473 2616 1566 2643 vero
1587 2605 1814 2656 vituperans
1843 2608 1958 2657 poeta
1973 2636 1983 2655 ,
2001 2606 2215 2655 cyclopem
2234 2606 2318 2644 tam
2333 2606 2492 2643 vastum
2508 2603 2560 2643 ob
2582 2614 2671 2643 eam
2686 2604 2763 2643 fin-

1473 2668 1528 2717 git
1539 2668 1589 2707 ab
1600 2669 1866 2709 homuncione
1880 2669 2023 2720 pusillo
2033 2669 2332 2718 interemptum,
2347 2666 2564 2717 eademque
2579 2666 2628 2706 de
2644 2677 2764 2707 causa

1474 2731 1729 2781 Eurytionem
1755 2734 2002 2772 Centaurum
2029 2730 2188 2781 periisse
2210 2741 2219 2768 :
2253 2731 2293 2769 et
2314 2729 2422 2779 apud
2445 2729 2586 2768 Circen
2613 2729 2764 2778 Ulyssis

1473 2795 1600 2834 socios
1618 2795 1660 2834 in
1675 2796 1865 2835 leoneset
1887 2795 2001 2845 lupos
2013 2795 2187 2833 mutatos
2203 2793 2317 2842 facit,
2335 2793 2523 2842 quoniam
2542 2793 2766 2842 voluptates

1472 2860 1606 2901 essent
1637 2859 1789 2909 secuti;
1828 2859 2008 2909 Ulyssem
2044 2868 2140 2896 vero
2174 2857 2399 2906 servatum,
2430 2855 2540 2906 quod
2580 2857 2764 2895 Mercurii

1474 2913 1671 2962 mandatis
1699 2922 1916 2973 paruisset,
1941 2932 2019 2972 qua
2036 2920 2245 2970 prudentia
2259 2920 2405 2959 illacsus
2423 2919 2559 2958 evasit.
2589 2922 2680 2959 Jam
2704 2920 2762 2959 El·

1473 2997 1611 3036 penor,
1626 2986 1720 3025 vino
1743 2986 1907 3025 madens
1923 2987 1962 3024 et
1975 2986 2073 3023 luxu
2090 2984 2266 3032 solutus,
2291 2993 2466 3033 praeceps
2484 2983 2566 3022 ruit
2591 2999 2599 3022 :
2619 2986 2659 3022 et
2683 2988 2763 3023 An·

1474 3050 1608 3090 tinous
1622 3081 1633 3100 ‚
1650 3051 1706 3090 sic
1721 3051 1901 3100 Ulyssem
1919 3049 2078 3089 adfatus
2089 3077 2101 3096 ‚

1584 3141 1724 3176 Vinum
1741 3143 1778 3176 te
1793 3140 1895 3176 laedit
1909 3139 2115 3178 mellitum:

1474 3235 1599 3275 quum
1621 3224 1672 3263 ab
1688 3224 1772 3274 ejus
1788 3225 1885 3274 potu
1904 3223 1986 3273 ipse
1998 3233 2079 3261 non
2103 3221 2371 3269 abstinuisset,
2389 3221 2588 3260 sauciatus
2608 3221 2763 3260 interiit

1474 3299 1595 3327 manu
1614 3288 1746 3327 adhuc
1757 3289 1896 3327 tenens
1913 3286 2118 3337 poculum.
2133 3288 2295 3325 Graecos
2321 3284 2441 3323 etiam
2453 3313 2464 3332 ,
2483 3294 2606 3334 quum
2633 3284 2765 3323 classis

1475 3351 1663 3391 solvenda
1680 3352 1803 3396 esset,
1825 3350 2049 3389 vinolentos
2067 3348 2279 3396 describit,
2303 3348 2343 3387 et
2362 3346 2510 3385 idcirco
2536 3346 2764 3396 seditiosos-5

1475 3417 1584 3467 quod
1606 3418 1680 3456 suit
1697 3417 1772 3455 illis
1790 3415 2020 3455 exitiosum.
2042 3415 2185 3455 Narrat
2207 3413 2311 3452 idem
2326 3442 2337 3461 ,
2366 3413 2528 3451 AEneam
2543 3442 2555 3461 ,
2572 3412 2763 3461 Trojano-

1477 3491 1566 3519 rum
1579 3480 1756 3519 omnium
1767 3478 2119 3524 consultissimum,
2135 3477 2187 3516 ob
2202 3487 2329 3525 suam,
2343 3485 2467 3525 quum
2477 3476 2570 3514 vino
2582 3475 2766 3514 madidus

1474 3545 1602 3593 esset,
1625 3543 1666 3582 in
1692 3542 1859 3581 dicendo
1876 3541 2097 3580 libertatem
2116 3541 2155 3579 et
2173 3538 2379 3578 audaciam
2392 3567 2404 3586 ,
2424 3549 2529 3578 acea
2551 3549 2642 3587 quae
2663 3539 2764 3576 inter

1476 3608 1620 3658 pocula
1635 3607 1743 3658 apud
1761 3608 1953 3656 Troianos
1979 3605 2154 3644 minatus
2174 3604 2323 3644 Graecis
2344 3604 2472 3642 suerat
2486 3633 2497 3652 ,
2515 3602 2674 3642 Achillis
2690 3602 2762 3639 im-

1477 3675 1613 3722 petum
1643 3670 1904 3710 sustinentem
1934 3679 2048 3719 paene
2067 3666 2314 3707 occubuisse.
2347 3667 2398 3705 Et
2430 3669 2761 3716 Agamemnonem

1475 3735 1621 3776 alicubi
1633 3735 1685 3774 de
1703 3735 1937 3774 temulentia
1960 3734 2016 3773 sic
2039 3733 2268 3783 loquentem
2284 3730 2433 3769 inducit
2452 3745 2461 3768 ε

1519 3820 1591 3856 Sed
1604 3820 1777 3865 quoniam
1792 3819 1943 3865 peccavi
1956 3844 1964 3860 ,
1982 3819 2107 3854 animo
2126 3818 2322 3853 obsecutus
2334 3815 2539 3860 pernicioso
2550 3840 2558 3855 ,

1518 3877 1599 3912 sive
1612 3876 1757 3919 ebrius,
1777 3876 1852 3912 sive
1870 3876 1974 3910 laesus
1990 3873 2129 3910 coelesti
2145 3871 2306 3908 numinis
2327 3872 2379 3905 ira
2400 3883 2408 3903 ι

1475 3955 1615 3996 eadem
1641 3955 1683 3994 in
1709 3955 1823 3994 lance
1851 3954 2065 4004 ponentem
2092 3951 2322 3991 ebrietatem
2352 3950 2390 3987 et
2417 3947 2534 3985 animi
2566 3946 2757 3985 furorem.

1475 4022 1488 4069 (
1508 4019 1575 4059 Sic
1597 4019 1703 4058 enim
1737 4027 1877 4057 versus
1901 4016 1990 4056 illos
2011 4015 2176 4066 protulit
2203 4010 2469 4058 Dioscorides,
2502 4008 2678 4047 isocratis
2697 4009 2756 4046 di-

1475 4084 1659 4135 scipulus.
1676 4083 1690 4134 )
1710 4085 1760 4123 Et
1776 4082 2057 4133 Agamemnoni
2076 4080 2246 4120 Achilles
2261 4079 2315 4117 sic
2331 4074 2571 4114 conviciatur
2595 4090 2602 4110 ς

1518 4169 1615 4203 Vino
1630 4167 1752 4212 gravis
1766 4192 1775 4209 ‚
1789 4167 1848 4202 cui
1864 4166 2016 4201 caninus
2031 4167 2085 4200 est
2099 4162 2240 4198 oculus.

1528 4228 1621 4266 Haec
1637 4226 1851 4276 disputavit
1867 4223 2094 4264 Thessalum
2112 4220 2321 4270 sophisma.

2517 4317 2577 4353 125.
