<?xml version="1.0" encoding="UTF-8"?>
<!DOCTYPE html PUBLIC "-//W3C//DTD XHTML 1.0 Transitional//EN"
    "http://www.w3.org/TR/xhtml1/DTD/xhtml1-transitional.dtd">
<html xmlns="http://www.w3.org/1999/xhtml" xml:lang="en" lang="en">
 <head>
  <title>
</title>
<meta http-equiv="Content-Type" content="text/html;charset=utf-8" />
  <meta name='ocr-system' content='tesseract 3.04.00' />
  <meta name='ocr-capabilities' content='ocr_page ocr_carea ocr_par ocr_line ocrx_word'/>
</head>
<body>
  <div class='ocr_page' id='page_1' title='image "./fragmentahistori02mueluoft_0324.png"; bbox 0 0 3016 4628; ppageno 0'>
   <div class='ocr_carea' id='block_1_1' title="bbox 272 253 362 292">
    <p class='ocr_par' dir='ltr' id='par_1_1' title="bbox 272 253 362 292">
     <span class='ocr_line' id='line_1_1' title="bbox 272 253 362 292; baseline -0.022 0"><span class='ocrx_word' id='word_1_1' title='bbox 272 253 362 292; x_wconf 77' lang='lat'><em>272</em></span> 
     </span>
    </p>
   </div>
   <div class='ocr_carea' id='block_1_2' title="bbox 262 409 1554 3428">
    <p class='ocr_par' dir='ltr' id='par_1_2' title="bbox 265 409 1539 623">
     <span class='ocr_line' id='line_1_2' title="bbox 266 409 1538 485; baseline -0.008 -16"><span class='ocrx_word' id='word_1_2' title='bbox 266 423 350 475; x_wconf 80' lang='grc' dir='ltr'>τοῖς</span> <span class='ocrx_word' id='word_1_3' title='bbox 366 421 572 485; x_wconf 80' lang='grc' dir='ltr'>θεάτροις·</span> <span class='ocrx_word' id='word_1_4' title='bbox 600 422 655 471; x_wconf 82' lang='grc' dir='ltr'><em>ὡς</em></span> <span class='ocrx_word' id='word_1_5' title='bbox 674 437 721 465; x_wconf 94' lang='grc' dir='ltr'><em>ου</em></span> <span class='ocrx_word' id='word_1_6' title='bbox 723 437 755 481; x_wconf 52' lang='grc' dir='ltr'><em>Α</em></span> <span class='ocrx_word' id='word_1_7' title='bbox 772 409 860 464; x_wconf 69' lang='grc' dir='ltr'>οἶόν</span> <span class='ocrx_word' id='word_1_8' title='bbox 882 436 928 464; x_wconf 86' lang='grc' dir='ltr'><em>τε</em></span> <span class='ocrx_word' id='word_1_9' title='bbox 946 414 991 463; x_wconf 86' lang='grc' dir='ltr'>ὂν</span> <span class='ocrx_word' id='word_1_10' title='bbox 1012 415 1163 473; x_wconf 80' lang='grc' dir='ltr'>πλήθει</span> <span class='ocrx_word' id='word_1_11' title='bbox 1179 434 1225 461; x_wconf 84' lang='grc' dir='ltr'><em>τε</em></span> <span class='ocrx_word' id='word_1_12' title='bbox 1251 414 1341 475; x_wconf 88' lang='grc' dir='ltr'><em>ἅμα</em></span> <span class='ocrx_word' id='word_1_13' title='bbox 1363 413 1538 478; x_wconf 85' lang='grc' dir='ltr'>ἀρεστὸν</span> 
     </span>
     <span class='ocr_line' id='line_1_3' title="bbox 266 484 1539 578; baseline -0.007 -38"><span class='ocrx_word' id='word_1_14' title='bbox 266 498 373 540; x_wconf 81' lang='grc' dir='ltr'>εἶναι</span> <span class='ocrx_word' id='word_1_15' title='bbox 409 512 482 540; x_wconf 83' lang='grc' dir='ltr'><em>και</em></span> <span class='ocrx_word' id='word_1_16' title='bbox 520 493 699 555; x_wconf 71' lang='grc' dir='ltr'>ἀρχαῖον</span> <span class='ocrx_word' id='word_1_17' title='bbox 746 489 824 547; x_wconf 81' lang='grc' dir='ltr'><em>τὴν</em></span> <span class='ocrx_word' id='word_1_18' title='bbox 857 487 1118 578; x_wconf 82' lang='grc' dir='ltr'>ἐπιστήμην.</span> <span class='ocrx_word' id='word_1_19' title='bbox 1158 486 1438 551; x_wconf 84' lang='grc' dir='ltr'>Ἀριστόξενος</span> <span class='ocrx_word' id='word_1_20' title='bbox 1462 484 1539 546; x_wconf 83' lang='grc' dir='ltr'>μὲν</span> 
     </span>
     <span class='ocr_line' id='line_1_4' title="bbox 265 557 1537 623; baseline -0.007 -11"><span class='ocrx_word' id='word_1_21' title='bbox 265 585 336 611; x_wconf 87' lang='grc' dir='ltr'><em>ουν</em></span> <span class='ocrx_word' id='word_1_22' title='bbox 356 565 431 612; x_wconf 79' lang='grc' dir='ltr'><em>καὶ</em></span> <span class='ocrx_word' id='word_1_23' title='bbox 456 568 592 611; x_wconf 77' lang='grc' dir='ltr'>ταῦτα</span> <span class='ocrx_word' id='word_1_24' title='bbox 622 561 890 620; x_wconf 79' lang='grc' dir='ltr'>ἐπιτήδευσιν</span> <span class='ocrx_word' id='word_1_25' title='bbox 911 558 1066 623; x_wconf 85' lang='grc' dir='ltr'>μετιὼν</span> <span class='ocrx_word' id='word_1_26' title='bbox 1090 557 1324 621; x_wconf 86' lang='grc' dir='ltr'>δημοτικὴν</span> <span class='ocrx_word' id='word_1_27' title='bbox 1346 557 1448 622; x_wconf 81' lang='grc' dir='ltr'>παρ’</span> <span class='ocrx_word' id='word_1_28' title='bbox 1467 559 1537 604; x_wconf 84' lang='grc' dir='ltr'><em>οὐ·</em></span> 
     </span>
    </p>

    <p class='ocr_par' dir='ltr' id='par_1_3' title="bbox 265 627 1543 1196">
     <span class='ocr_line' id='line_1_5' title="bbox 266 627 1538 719; baseline -0.008 -35"><span class='ocrx_word' id='word_1_29' title='bbox 266 637 334 684; x_wconf 85' lang='grc' dir='ltr'>δὲν</span> <span class='ocrx_word' id='word_1_30' title='bbox 370 640 551 684; x_wconf 82' lang='grc' dir='ltr'>ἐποιεῖτο</span> <span class='ocrx_word' id='word_1_31' title='bbox 574 633 710 697; x_wconf 79' lang='grc' dir='ltr'>δήμου</span> <span class='ocrx_word' id='word_1_32' title='bbox 740 634 812 682; x_wconf 78' lang='grc' dir='ltr'><em>καὶ</em></span> <span class='ocrx_word' id='word_1_33' title='bbox 836 633 966 698; x_wconf 86' lang='grc' dir='ltr'>ὄχλου</span> <span class='ocrx_word' id='word_1_34' title='bbox 991 630 1238 719; x_wconf 76' lang='grc' dir='ltr'>ὑπεροψίαν.</span> <span class='ocrx_word' id='word_1_35' title='bbox 1310 630 1396 678; x_wconf 84' lang='grc' dir='ltr'><em>Καὶ</em></span> <span class='ocrx_word' id='word_1_36' title='bbox 1417 631 1453 675; x_wconf 82' lang='grc' dir='ltr'><em>εἷ</em></span> <span class='ocrx_word' id='word_1_37' title='bbox 1478 627 1538 691; x_wconf 80' lang='grc' dir='ltr'><em>μὴ</em></span> 
     </span>
     <span class='ocr_line' id='line_1_6' title="bbox 265 701 1542 774; baseline -0.008 -18"><span class='ocrx_word' id='word_1_38' title='bbox 265 708 453 774; x_wconf 60' lang='grc' dir='ltr'>ὑπάρχοι</span> <span class='ocrx_word' id='word_1_39' title='bbox 478 707 569 768; x_wconf 82' lang='grc' dir='ltr'><em>ἅμα</em></span> <span class='ocrx_word' id='word_1_40' title='bbox 592 713 678 761; x_wconf 86' lang='grc' dir='ltr'>τοῖς</span> <span class='ocrx_word' id='word_1_41' title='bbox 706 725 751 753; x_wconf 84' lang='grc' dir='ltr'><em>τε</em></span> <span class='ocrx_word' id='word_1_42' title='bbox 775 706 917 768; x_wconf 88' lang='grc' dir='ltr'>νόμοις</span> <span class='ocrx_word' id='word_1_43' title='bbox 937 709 1014 762; x_wconf 71' lang='grc' dir='ltr'><em>τῆς</em></span> <span class='ocrx_word' id='word_1_44' title='bbox 1034 705 1186 767; x_wconf 86' lang='grc' dir='ltr'>τέχνης</span> <span class='ocrx_word' id='word_1_45' title='bbox 1216 701 1438 764; x_wconf 82' lang='grc' dir='ltr'>ἐμμένειν,</span> <span class='ocrx_word' id='word_1_46' title='bbox 1467 719 1542 747; x_wconf 91' lang='grc' dir='ltr'><em>και</em></span> 
     </span>
     <span class='ocr_line' id='line_1_7' title="bbox 267 771 1543 846; baseline -0.009 -18"><span class='ocrx_word' id='word_1_47' title='bbox 267 782 354 835; x_wconf 83' lang='grc' dir='ltr'>τοῖς</span> <span class='ocrx_word' id='word_1_48' title='bbox 390 782 564 834; x_wconf 82' lang='grc' dir='ltr'>πολλοῖς</span> <span class='ocrx_word' id='word_1_49' title='bbox 598 780 712 846; x_wconf 80' lang='grc' dir='ltr'>ᾅδειν</span> <span class='ocrx_word' id='word_1_50' title='bbox 747 775 1064 842; x_wconf 79' lang='grc' dir='ltr'>κεχαρισμένα,</span> <span class='ocrx_word' id='word_1_51' title='bbox 1097 775 1173 831; x_wconf 86' lang='grc' dir='ltr'><em>τὴν</em></span> <span class='ocrx_word' id='word_1_52' title='bbox 1214 774 1369 837; x_wconf 83' lang='grc' dir='ltr'>τέχνην</span> <span class='ocrx_word' id='word_1_53' title='bbox 1406 771 1543 818; x_wconf 77' lang='grc' dir='ltr'>εἵλετο</span> 
     </span>
     <span class='ocr_line' id='line_1_8' title="bbox 267 850 1543 919; baseline -0.007 -18"><span class='ocrx_word' id='word_1_54' title='bbox 267 854 363 901; x_wconf 79' lang='grc' dir='ltr'>ἀντι</span> <span class='ocrx_word' id='word_1_55' title='bbox 396 857 471 911; x_wconf 75' lang='grc' dir='ltr'><em>τῆς</em></span> <span class='ocrx_word' id='word_1_56' title='bbox 499 850 828 919; x_wconf 76' lang='grc' dir='ltr'>φιλανθρωπίας.</span> <span class='ocrx_word' id='word_1_57' title='bbox 867 854 906 896; x_wconf 95' lang='grc' dir='ltr'><em>Ι.</em></span> <span class='ocrx_word' id='word_1_58' title='bbox 941 867 981 896; x_wconf 88' lang='lat' dir='ltr'><em>e.</em></span> <span class='ocrx_word' id='word_1_59' title='bbox 1017 854 1312 895; x_wconf 72' lang='lat' dir='ltr'><em>Aristoxenus</em></span> <span class='ocrx_word' id='word_1_60' title='bbox 1349 853 1543 892; x_wconf 80' lang='lat' dir='ltr'><em>musicus</em></span> 
     </span>
     <span class='ocr_line' id='line_1_9' title="bbox 267 918 1542 984; baseline -0.009 -11"><span class='ocrx_word' id='word_1_61' title='bbox 267 930 519 972; x_wconf 67' lang='lat' dir='ltr'><em>molliorem</em></span> <span class='ocrx_word' id='word_1_62' title='bbox 554 933 661 984; x_wconf 69' lang='lat' dir='ltr'><em>sam</em></span> <span class='ocrx_word' id='word_1_63' title='bbox 714 923 932 982; x_wconf 75' lang='lat' dir='ltr'><em>effectam</em></span> <span class='ocrx_word' id='word_1_64' title='bbox 987 927 1205 966; x_wconf 70' lang='lat' dir='ltr'><em>musicam</em></span> <span class='ocrx_word' id='word_1_65' title='bbox 1258 918 1542 963; x_wconf 87' lang='lat' dir='ltr'><em>corroborare</em></span> 
     </span>
     <span class='ocr_line' id='line_1_10' title="bbox 265 995 1535 1056; baseline -0.009 -11"><span class='ocrx_word' id='word_1_66' title='bbox 265 1002 500 1054; x_wconf 80' lang='lat' dir='ltr'><em>nitebatur,</em></span> <span class='ocrx_word' id='word_1_67' title='bbox 533 1010 624 1044; x_wconf 85' lang='lat' dir='ltr'><em>tum</em></span> <span class='ocrx_word' id='word_1_68' title='bbox 658 1002 807 1056; x_wconf 76' lang='lat' dir='ltr'><em>magis</em></span> <span class='ocrx_word' id='word_1_69' title='bbox 837 998 998 1040; x_wconf 83' lang='lat' dir='ltr'><em>viriles</em></span> <span class='ocrx_word' id='word_1_70' title='bbox 1035 995 1188 1038; x_wconf 82' lang='lat' dir='ltr'><em>modos</em></span> <span class='ocrx_word' id='word_1_71' title='bbox 1225 996 1319 1052; x_wconf 73' lang='lat' dir='ltr'><em>ipse</em></span> <span class='ocrx_word' id='word_1_72' title='bbox 1349 1007 1535 1047; x_wconf 80' lang='lat' dir='ltr'><em>amans,</em></span> 
     </span>
     <span class='ocr_line' id='line_1_11' title="bbox 267 1064 1542 1132; baseline -0.009 -15"><span class='ocrx_word' id='word_1_73' title='bbox 267 1083 359 1116; x_wconf 73' lang='lat' dir='ltr'><em>tum</em></span> <span class='ocrx_word' id='word_1_74' title='bbox 382 1074 613 1132; x_wconf 79' lang='lat' dir='ltr'><em>discipulis</em></span> <span class='ocrx_word' id='word_1_75' title='bbox 633 1074 722 1113; x_wconf 85' lang='lat' dir='ltr'><em>suis</em></span> <span class='ocrx_word' id='word_1_76' title='bbox 733 1071 1029 1128; x_wconf 81' lang='lat' dir='ltr'><em>proecipiens,</em></span> <span class='ocrx_word' id='word_1_77' title='bbox 1059 1076 1128 1120; x_wconf 88' lang='lat' dir='ltr'><em>ut,</em></span> <span class='ocrx_word' id='word_1_78' title='bbox 1154 1065 1333 1121; x_wconf 80' lang='lat' dir='ltr'><em>abjecta</em></span> <span class='ocrx_word' id='word_1_79' title='bbox 1351 1064 1542 1106; x_wconf 82' lang='lat' dir='ltr'><em>mollitie</em></span> 
     </span>
     <span class='ocr_line' id='line_1_12' title="bbox 271 1138 1537 1196; baseline -0.009 -9"><span class='ocrx_word' id='word_1_80' title='bbox 271 1159 578 1196; x_wconf 84' lang='lat' dir='ltr'><em>numerorum,</em></span> <span class='ocrx_word' id='word_1_81' title='bbox 622 1157 693 1184; x_wconf 66' lang='lat' dir='ltr'><em>sce</em></span> <span class='ocrx_word' id='word_1_82' title='bbox 685 1140 907 1184; x_wconf 75' lang='lat' dir='ltr'><em>er10r1bus</em></span> <span class='ocrx_word' id='word_1_83' title='bbox 939 1138 1274 1180; x_wconf 82' lang='lat' dir='ltr'><em>delectarentur</em></span> <span class='ocrx_word' id='word_1_84' title='bbox 1305 1139 1353 1178; x_wconf 81' lang='lat' dir='ltr'><em>in</em></span> <span class='ocrx_word' id='word_1_85' title='bbox 1386 1145 1537 1180; x_wconf 84' lang='lat' dir='ltr'><em>cantu.</em></span> 
     </span>
    </p>

    <p class='ocr_par' dir='ltr' id='par_1_4' title="bbox 265 1208 1545 1992">
     <span class='ocr_line' id='line_1_13' title="bbox 267 1208 1531 1274; baseline -0.009 -14"><span class='ocrx_word' id='word_1_86' title='bbox 267 1217 382 1259; x_wconf 81' lang='lat' dir='ltr'><em>Fam</em></span> <span class='ocrx_word' id='word_1_87' title='bbox 407 1221 542 1274; x_wconf 79' lang='lat' dir='ltr'><em>igitur</em></span> <span class='ocrx_word' id='word_1_88' title='bbox 557 1229 691 1273; x_wconf 82' lang='lat' dir='ltr'><em>quum</em></span> <span class='ocrx_word' id='word_1_89' title='bbox 716 1218 902 1267; x_wconf 63' lang='lat' dir='ltr'><em>interro„</em></span> <span class='ocrx_word' id='word_1_90' title='bbox 884 1219 1009 1252; x_wconf 86' lang='lat' dir='ltr'><em>aret</em></span> <span class='ocrx_word' id='word_1_91' title='bbox 1012 1208 1325 1265; x_wconf 76' lang='lat' dir='ltr'><em>familiarium</em></span> <span class='ocrx_word' id='word_1_92' title='bbox 1343 1208 1531 1265; x_wconf 79' lang='lat' dir='ltr'><em>aliquis,</em></span> 
     </span>
     <span class='ocr_line' id='line_1_14' title="bbox 269 1280 1541 1346; baseline -0.009 -15"><span class='ocrx_word' id='word_1_93' title='bbox 269 1289 395 1344; x_wconf 81' lang='lat' dir='ltr'><em>de</em></span> <span class='ocrx_word' id='word_1_94' title='bbox 402 1302 546 1346; x_wconf 84' lang='lat' dir='ltr'><em>porro</em></span> <span class='ocrx_word' id='word_1_95' title='bbox 568 1286 779 1328; x_wconf 78' lang='lat' dir='ltr'><em>utilitatis</em></span> <span class='ocrx_word' id='word_1_96' title='bbox 796 1296 1049 1338; x_wconf 79' lang='lat' dir='ltr'><em>consequar,</em></span> <span class='ocrx_word' id='word_1_97' title='bbox 1076 1284 1115 1322; x_wconf 83' lang='lat' dir='ltr'><em>si</em></span> <span class='ocrx_word' id='word_1_98' title='bbox 1138 1280 1370 1338; x_wconf 79' lang='lat' dir='ltr'><em>negligam</em></span> <span class='ocrx_word' id='word_1_99' title='bbox 1389 1294 1541 1321; x_wconf 83' lang='lat' dir='ltr'><em>recea-</em></span> 
     </span>
     <span class='ocr_line' id='line_1_15' title="bbox 268 1354 1540 1415; baseline -0.007 -14"><span class='ocrx_word' id='word_1_100' title='bbox 268 1369 357 1402; x_wconf 87' lang='lat' dir='ltr'><em>tem</em></span> <span class='ocrx_word' id='word_1_101' title='bbox 405 1362 742 1415; x_wconf 73' lang='lat' dir='ltr'><em>suavioremque</em></span> <span class='ocrx_word' id='word_1_102' title='bbox 783 1364 962 1397; x_wconf 81' lang='lat' dir='ltr'><em>cantum</em></span> <span class='ocrx_word' id='word_1_103' title='bbox 1007 1367 1332 1412; x_wconf 74' lang='lat' dir='ltr'><em>exerceamque</em></span> <span class='ocrx_word' id='word_1_104' title='bbox 1371 1366 1443 1394; x_wconf 88' lang='lat' dir='ltr'><em>me</em></span> <span class='ocrx_word' id='word_1_105' title='bbox 1493 1354 1540 1392; x_wconf 80' lang='lat' dir='ltr'><em>in</em></span> 
     </span>
     <span class='ocr_line' id='line_1_16' title="bbox 267 1423 1535 1487; baseline -0.008 -13"><span class='ocrx_word' id='word_1_106' title='bbox 267 1432 475 1474; x_wconf 76' lang='lat' dir='ltr'><em>vetusto?</em></span> <span class='ocrx_word' id='word_1_107' title='bbox 493 1432 605 1483; x_wconf 88' lang='lat' dir='ltr'><em>Hoc,</em></span> <span class='ocrx_word' id='word_1_108' title='bbox 636 1431 797 1487; x_wconf 84' lang='lat' dir='ltr'><em>inquit,</em></span> <span class='ocrx_word' id='word_1_109' title='bbox 827 1436 874 1469; x_wconf 89' lang='lat' dir='ltr'><em>ut</em></span> <span class='ocrx_word' id='word_1_110' title='bbox 893 1429 1041 1469; x_wconf 74' lang='lat' dir='ltr'><em>rarius</em></span> <span class='ocrx_word' id='word_1_111' title='bbox 1075 1428 1122 1467; x_wconf 82' lang='lat' dir='ltr'><em>in</em></span> <span class='ocrx_word' id='word_1_112' title='bbox 1146 1423 1338 1467; x_wconf 75' lang='lat' dir='ltr'><em>theatris</em></span> <span class='ocrx_word' id='word_1_113' title='bbox 1369 1437 1535 1477; x_wconf 45' lang='lat' dir='ltr'><em>canam</em></span> 
     </span>
     <span class='ocr_line' id='line_1_17' title="bbox 267 1496 1537 1561; baseline -0.006 -17"><span class='ocrx_word' id='word_1_114' title='bbox 267 1507 399 1561; x_wconf 75' lang='lat' dir='ltr'><em>quasi</em></span> <span class='ocrx_word' id='word_1_115' title='bbox 405 1502 513 1559; x_wconf 84' lang='lat' dir='ltr'><em>fieri</em></span> <span class='ocrx_word' id='word_1_116' title='bbox 527 1517 614 1544; x_wconf 81' lang='lat' dir='ltr'><em>non</em></span> <span class='ocrx_word' id='word_1_117' title='bbox 619 1503 776 1559; x_wconf 80' lang='lat' dir='ltr'><em>possit,</em></span> <span class='ocrx_word' id='word_1_118' title='bbox 798 1508 847 1541; x_wconf 88' lang='lat' dir='ltr'><em>ut</em></span> <span class='ocrx_word' id='word_1_119' title='bbox 855 1503 952 1556; x_wconf 78' lang='lat' dir='ltr'><em>quis</em></span> <span class='ocrx_word' id='word_1_120' title='bbox 963 1505 1171 1555; x_wconf 78' lang='lat' dir='ltr'><em>acceptus</em></span> <span class='ocrx_word' id='word_1_121' title='bbox 1180 1496 1537 1549; x_wconf 79' lang='lat' dir='ltr'><em>sitmultitudini‚</em></span> 
     </span>
     <span class='ocr_line' id='line_1_18' title="bbox 266 1569 1540 1631; baseline -0.005 -14"><span class='ocrx_word' id='word_1_122' title='bbox 266 1583 313 1616; x_wconf 83' lang='lat' dir='ltr'><em>et</em></span> <span class='ocrx_word' id='word_1_123' title='bbox 331 1575 448 1617; x_wconf 87' lang='lat' dir='ltr'><em>idem</em></span> <span class='ocrx_word' id='word_1_124' title='bbox 467 1576 718 1631; x_wconf 79' lang='lat' dir='ltr'><em>antiquiore</em></span> <span class='ocrx_word' id='word_1_125' title='bbox 735 1571 870 1614; x_wconf 79' lang='lat' dir='ltr'><em>simul</em></span> <span class='ocrx_word' id='word_1_126' title='bbox 885 1570 1088 1612; x_wconf 77' lang='lat' dir='ltr'><em>doctriua</em></span> <span class='ocrx_word' id='word_1_127' title='bbox 1116 1569 1339 1611; x_wconf 75' lang='lat' dir='ltr'><em>excultus.</em></span> <span class='ocrx_word' id='word_1_128' title='bbox 1371 1570 1540 1626; x_wconf 87' lang='lat' dir='ltr'><em>Itaque</em></span> 
     </span>
     <span class='ocr_line' id='line_1_19' title="bbox 267 1639 1543 1703; baseline -0.005 -15"><span class='ocrx_word' id='word_1_129' title='bbox 267 1648 560 1689; x_wconf 55' lang='lat' dir='ltr'><em>Aristoxenus</em></span> <span class='ocrx_word' id='word_1_130' title='bbox 593 1639 920 1703; x_wconf 79' lang='lat' dir='ltr'><em>quantumlibet</em></span> <span class='ocrx_word' id='word_1_131' title='bbox 950 1642 1220 1699; x_wconf 73' lang='lat' dir='ltr'><em>popularem</em></span> <span class='ocrx_word' id='word_1_132' title='bbox 1253 1640 1543 1699; x_wconf 71' lang='lat' dir='ltr'><em>profiteretur</em></span> 
     </span>
     <span class='ocr_line' id='line_1_20' title="bbox 266 1714 1540 1777; baseline -0.003 -17"><span class='ocrx_word' id='word_1_133' title='bbox 266 1729 428 1772; x_wconf 82' lang='lat' dir='ltr'><em>artem,</em></span> <span class='ocrx_word' id='word_1_134' title='bbox 457 1734 542 1777; x_wconf 85' lang='lat' dir='ltr'><em>pro</em></span> <span class='ocrx_word' id='word_1_135' title='bbox 560 1717 710 1760; x_wconf 76' lang='lat' dir='ltr'><em>nihilo</em></span> <span class='ocrx_word' id='word_1_136' title='bbox 721 1726 869 1759; x_wconf 81' lang='lat' dir='ltr'><em>tamen</em></span> <span class='ocrx_word' id='word_1_137' title='bbox 891 1714 1084 1757; x_wconf 79' lang='lat' dir='ltr'><em>ducebat</em></span> <span class='ocrx_word' id='word_1_138' title='bbox 1094 1715 1258 1772; x_wconf 83' lang='lat' dir='ltr'><em>populi</em></span> <span class='ocrx_word' id='word_1_139' title='bbox 1281 1714 1540 1757; x_wconf 84' lang='lat' dir='ltr'><em>multitudi—</em></span> 
     </span>
     <span class='ocr_line' id='line_1_21' title="bbox 266 1784 1545 1848; baseline -0.002 -17"><span class='ocrx_word' id='word_1_140' title='bbox 266 1795 423 1848; x_wconf 81' lang='lat' dir='ltr'><em>nisque</em></span> <span class='ocrx_word' id='word_1_141' title='bbox 440 1787 687 1846; x_wconf 64' lang='lat' dir='ltr'><em>fastidium</em></span> <span class='ocrx_word' id='word_1_142' title='bbox 713 1804 727 1830; x_wconf 93' lang='lat'><em>.·</em></span> <span class='ocrx_word' id='word_1_143' title='bbox 750 1797 906 1846; x_wconf 82' lang='lat' dir='ltr'><em>atque,</em></span> <span class='ocrx_word' id='word_1_144' title='bbox 930 1784 1101 1842; x_wconf 79' lang='lat' dir='ltr'><em>ubisas</em></span> <span class='ocrx_word' id='word_1_145' title='bbox 1136 1801 1224 1829; x_wconf 84' lang='lat' dir='ltr'><em>non</em></span> <span class='ocrx_word' id='word_1_146' title='bbox 1257 1795 1379 1840; x_wconf 87' lang='lat' dir='ltr'><em>erat,</em></span> <span class='ocrx_word' id='word_1_147' title='bbox 1406 1786 1545 1829; x_wconf 79' lang='lat' dir='ltr'><em>simul</em></span> 
     </span>
     <span class='ocr_line' id='line_1_22' title="bbox 266 1858 1539 1918; baseline -0.003 -13"><span class='ocrx_word' id='word_1_148' title='bbox 266 1873 312 1905; x_wconf 80' lang='lat' dir='ltr'><em>et</em></span> <span class='ocrx_word' id='word_1_149' title='bbox 332 1866 441 1905; x_wconf 86' lang='lat' dir='ltr'><em>artis</em></span> <span class='ocrx_word' id='word_1_150' title='bbox 470 1876 644 1904; x_wconf 63' lang='lat' dir='ltr'><em>semare</em></span> <span class='ocrx_word' id='word_1_151' title='bbox 665 1862 806 1918; x_wconf 79' lang='lat' dir='ltr'><em>leges,</em></span> <span class='ocrx_word' id='word_1_152' title='bbox 835 1869 880 1902; x_wconf 89' lang='lat' dir='ltr'><em>et</em></span> <span class='ocrx_word' id='word_1_153' title='bbox 896 1858 1111 1901; x_wconf 75' lang='lat' dir='ltr'><em>adhibere</em></span> <span class='ocrx_word' id='word_1_154' title='bbox 1142 1861 1188 1901; x_wconf 80' lang='lat' dir='ltr'><em>in</em></span> <span class='ocrx_word' id='word_1_155' title='bbox 1218 1858 1422 1901; x_wconf 75' lang='lat' dir='ltr'><em>canendo</em></span> <span class='ocrx_word' id='word_1_156' title='bbox 1439 1874 1539 1902; x_wconf 89' lang='lat' dir='ltr'><em>mo—</em></span> 
     </span>
     <span class='ocr_line' id='line_1_23' title="bbox 265 1931 1542 1992; baseline -0.002 -17"><span class='ocrx_word' id='word_1_157' title='bbox 265 1935 347 1977; x_wconf 84' lang='lat' dir='ltr'><em>dos</em></span> <span class='ocrx_word' id='word_1_158' title='bbox 369 1938 448 1992; x_wconf 84' lang='lat' dir='ltr'><em>qui</em></span> <span class='ocrx_word' id='word_1_159' title='bbox 467 1935 702 1992; x_wconf 84' lang='lat' dir='ltr'><em>placerent</em></span> <span class='ocrx_word' id='word_1_160' title='bbox 722 1931 1030 1974; x_wconf 83' lang='lat' dir='ltr'><em>multitudini:</em></span> <span class='ocrx_word' id='word_1_161' title='bbox 1050 1933 1217 1973; x_wconf 78' lang='lat' dir='ltr'><em>sectari</em></span> <span class='ocrx_word' id='word_1_162' title='bbox 1240 1945 1296 1972; x_wconf 85' lang='lat' dir='ltr'><em>ar</em></span> <span class='ocrx_word' id='word_1_163' title='bbox 1297 1939 1384 1972; x_wconf 89' lang='lat' dir='ltr'><em>tem</em></span> <span class='ocrx_word' id='word_1_164' title='bbox 1402 1931 1542 1973; x_wconf 85' lang='lat' dir='ltr'><em>male-</em></span> 
     </span>
    </p>

    <p class='ocr_par' dir='ltr' id='par_1_5' title="bbox 265 2003 1262 2064">
     <span class='ocr_line' id='line_1_24' title="bbox 265 2003 1262 2064; baseline -0.003 -16"><span class='ocrx_word' id='word_1_165' title='bbox 265 2007 363 2058; x_wconf 85' lang='lat' dir='ltr'><em>bat,</em></span> <span class='ocrx_word' id='word_1_166' title='bbox 399 2022 579 2064; x_wconf 62' lang='lat' dir='ltr'><em>quam„</em></span> <span class='ocrx_word' id='word_1_167' title='bbox 561 2009 753 2048; x_wconf 72' lang='lat' dir='ltr'><em>oratiam</em></span> <span class='ocrx_word' id='word_1_168' title='bbox 777 2003 1003 2046; x_wconf 69' lang='lat' dir='ltr'><em>homimem</em></span> <span class='ocrx_word' id='word_1_169' title='bbox 1024 2006 1262 2062; x_wconf 79' lang='lat' dir='ltr'><em>aucupari.</em></span> 
     </span>
    </p>

    <p class='ocr_par' dir='ltr' id='par_1_6' title="bbox 262 2073 1554 3428">
     <span class='ocr_line' id='line_1_25' title="bbox 330 2073 1541 2135; baseline -0.004 -14"><span class='ocrx_word' id='word_1_170' title='bbox 330 2078 511 2135; x_wconf 78' lang='lat' dir='ltr'><em>Optime</em></span> <span class='ocrx_word' id='word_1_171' title='bbox 531 2092 634 2120; x_wconf 90' lang='lat' dir='ltr'><em>cum</em></span> <span class='ocrx_word' id='word_1_172' title='bbox 653 2077 721 2119; x_wconf 89' lang='lat' dir='ltr'><em>his</em></span> <span class='ocrx_word' id='word_1_173' title='bbox 744 2075 944 2119; x_wconf 86' lang='lat' dir='ltr'><em>concinit</em></span> <span class='ocrx_word' id='word_1_174' title='bbox 965 2089 1149 2117; x_wconf 88' lang='lat' dir='ltr'><em>morum</em></span> <span class='ocrx_word' id='word_1_175' title='bbox 1166 2073 1378 2132; x_wconf 89' lang='lat' dir='ltr'><em>quaedam</em></span> <span class='ocrx_word' id='word_1_176' title='bbox 1394 2083 1541 2117; x_wconf 88' lang='lat' dir='ltr'><em>auste-</em></span> 
     </span>
     <span class='ocr_line' id='line_1_26' title="bbox 265 2144 1543 2205; baseline -0.001 -14"><span class='ocrx_word' id='word_1_177' title='bbox 265 2150 371 2192; x_wconf 86' lang='lat' dir='ltr'><em>ritas</em></span> <span class='ocrx_word' id='word_1_178' title='bbox 394 2164 451 2193; x_wconf 90' lang='lat' dir='ltr'><em>ne</em></span> <span class='ocrx_word' id='word_1_179' title='bbox 485 2149 635 2192; x_wconf 89' lang='lat' dir='ltr'><em>dicam</em></span> <span class='ocrx_word' id='word_1_180' title='bbox 669 2148 925 2201; x_wconf 79' lang='lat' dir='ltr'><em>morositas,</em></span> <span class='ocrx_word' id='word_1_181' title='bbox 979 2161 1119 2205; x_wconf 85' lang='lat' dir='ltr'><em>quam</em></span> <span class='ocrx_word' id='word_1_182' title='bbox 1151 2144 1355 2190; x_wconf 85' lang='lat' dir='ltr'><em>AElianus</em></span> <span class='ocrx_word' id='word_1_183' title='bbox 1391 2146 1543 2190; x_wconf 85' lang='lat' dir='ltr'><em>verbis</em></span> 
     </span>
     <span class='ocr_line' id='line_1_27' title="bbox 262 2219 1542 2281; baseline -0.002 -17"><span class='ocrx_word' id='word_1_184' title='bbox 262 2236 397 2279; x_wconf 86' lang='lat' dir='ltr'><em>supra</em></span> <span class='ocrx_word' id='word_1_185' title='bbox 410 2221 504 2277; x_wconf 88' lang='lat' dir='ltr'><em>jam</em></span> <span class='ocrx_word' id='word_1_186' title='bbox 525 2220 721 2264; x_wconf 85' lang='lat' dir='ltr'><em>laudatis</em></span> <span class='ocrx_word' id='word_1_187' title='bbox 743 2220 919 2274; x_wconf 90' lang='lat' dir='ltr'><em>innuit,</em></span> <span class='ocrx_word' id='word_1_188' title='bbox 948 2220 1279 2263; x_wconf 86' lang='lat' dir='ltr'><em>Aristoxenum</em></span> <span class='ocrx_word' id='word_1_189' title='bbox 1304 2219 1462 2263; x_wconf 89' lang='lat' dir='ltr'><em>dicens</em></span> <span class='ocrx_word' id='word_1_190' title='bbox 1481 2219 1542 2281; x_wconf 79' lang='grc' dir='ltr'><em>τῷ</em></span> 
     </span>
     <span class='ocr_line' id='line_1_28' title="bbox 263 2287 1540 2353; baseline -0.002 -18"><span class='ocrx_word' id='word_1_191' title='bbox 263 2289 415 2352; x_wconf 85' lang='grc' dir='ltr'>γέλωτι</span> <span class='ocrx_word' id='word_1_192' title='bbox 440 2288 518 2336; x_wconf 82' lang='grc' dir='ltr'>ἀνὰ</span> <span class='ocrx_word' id='word_1_193' title='bbox 552 2288 702 2353; x_wconf 88' lang='grc' dir='ltr'>κράτος</span> <span class='ocrx_word' id='word_1_194' title='bbox 733 2288 939 2350; x_wconf 86' lang='grc' dir='ltr'>πολέμιον</span> <span class='ocrx_word' id='word_1_195' title='bbox 970 2287 1180 2350; x_wconf 85' lang='grc' dir='ltr'>γενέσθαι.</span> <span class='ocrx_word' id='word_1_196' title='bbox 1207 2291 1421 2335; x_wconf 87' lang='lat' dir='ltr'><em>Ceterum</em></span> <span class='ocrx_word' id='word_1_197' title='bbox 1447 2299 1540 2333; x_wconf 85' lang='lat' dir='ltr'><em>stu-</em></span> 
     </span>
     <span class='ocr_line' id='line_1_29' title="bbox 266 2363 1543 2423; baseline -0.001 -16"><span class='ocrx_word' id='word_1_198' title='bbox 266 2363 447 2407; x_wconf 83' lang='lat' dir='ltr'><em>diorum</em></span> <span class='ocrx_word' id='word_1_199' title='bbox 493 2365 585 2408; x_wconf 84' lang='lat' dir='ltr'><em>haec</em></span> <span class='ocrx_word' id='word_1_200' title='bbox 609 2365 819 2408; x_wconf 87' lang='lat' dir='ltr'><em>severitas</em></span> <span class='ocrx_word' id='word_1_201' title='bbox 843 2364 891 2406; x_wconf 90' lang='lat' dir='ltr'><em>in</em></span> <span class='ocrx_word' id='word_1_202' title='bbox 914 2363 1130 2423; x_wconf 84' lang='lat' dir='ltr'><em>gliscente</em></span> <span class='ocrx_word' id='word_1_203' title='bbox 1170 2363 1254 2406; x_wconf 85' lang='lat' dir='ltr'><em>aevi</em></span> <span class='ocrx_word' id='word_1_204' title='bbox 1281 2364 1349 2406; x_wconf 90' lang='lat' dir='ltr'><em>sui</em></span> <span class='ocrx_word' id='word_1_205' title='bbox 1374 2378 1543 2406; x_wconf 82' lang='lat' dir='ltr'><em>corru-</em></span> 
     </span>
     <span class='ocr_line' id='line_1_30' title="bbox 263 2435 1544 2495; baseline 0 -17"><span class='ocrx_word' id='word_1_206' title='bbox 263 2437 444 2494; x_wconf 89' lang='lat' dir='ltr'><em>ptione,</em></span> <span class='ocrx_word' id='word_1_207' title='bbox 465 2445 601 2495; x_wconf 87' lang='lat' dir='ltr'><em>atque</em></span> <span class='ocrx_word' id='word_1_208' title='bbox 622 2445 914 2495; x_wconf 89' lang='lat' dir='ltr'><em>contemptus</em></span> <span class='ocrx_word' id='word_1_209' title='bbox 929 2436 1006 2480; x_wconf 89' lang='lat' dir='ltr'><em>ille</em></span> <span class='ocrx_word' id='word_1_210' title='bbox 1019 2451 1140 2480; x_wconf 86' lang='lat' dir='ltr'><em>aurae</em></span> <span class='ocrx_word' id='word_1_211' title='bbox 1157 2436 1398 2495; x_wconf 89' lang='lat' dir='ltr'><em>popularis</em></span> <span class='ocrx_word' id='word_1_212' title='bbox 1417 2435 1544 2479; x_wconf 87' lang='lat' dir='ltr'><em>haud</em></span> 
     </span>
     <span class='ocr_line' id='line_1_31' title="bbox 267 2507 1545 2566; baseline 0 -15"><span class='ocrx_word' id='word_1_213' title='bbox 267 2522 438 2566; x_wconf 85' lang='lat' dir='ltr'><em>paucos</em></span> <span class='ocrx_word' id='word_1_214' title='bbox 478 2510 648 2552; x_wconf 86' lang='lat' dir='ltr'><em>Nostro</em></span> <span class='ocrx_word' id='word_1_215' title='bbox 688 2509 989 2552; x_wconf 80' lang='lat' dir='ltr'><em>excitaverint</em></span> <span class='ocrx_word' id='word_1_216' title='bbox 1021 2508 1337 2564; x_wconf 78' lang='lat' dir='ltr'><em>adversarios3</em></span> <span class='ocrx_word' id='word_1_217' title='bbox 1375 2507 1545 2566; x_wconf 86' lang='lat' dir='ltr'><em>quibus</em></span> 
     </span>
     <span class='ocr_line' id='line_1_32' title="bbox 266 2570 1545 2635; baseline 0.002 -13"><span class='ocrx_word' id='word_1_218' title='bbox 266 2579 428 2623; x_wconf 88' lang='lat' dir='ltr'><em>deberi</em></span> <span class='ocrx_word' id='word_1_219' title='bbox 462 2580 678 2624; x_wconf 85' lang='lat' dir='ltr'><em>videntur</em></span> <span class='ocrx_word' id='word_1_220' title='bbox 701 2581 855 2624; x_wconf 88' lang='lat' dir='ltr'><em>Procli</em></span> <span class='ocrx_word' id='word_1_221' title='bbox 887 2581 964 2623; x_wconf 85' lang='lat' dir='ltr'><em>illa</em></span> <span class='ocrx_word' id='word_1_222' title='bbox 994 2596 1004 2624; x_wconf 83' lang='lat'>2</span> <span class='ocrx_word' id='word_1_223' title='bbox 1031 2576 1137 2626; x_wconf 70' lang='lat' dir='ltr'><em>“Ort</em></span> <span class='ocrx_word' id='word_1_224' title='bbox 1158 2579 1205 2624; x_wconf 78' lang='grc' dir='ltr'><em>οὐ</em></span> <span class='ocrx_word' id='word_1_225' title='bbox 1226 2576 1337 2624; x_wconf 88' lang='grc' dir='ltr'>πάνυ</span> <span class='ocrx_word' id='word_1_226' title='bbox 1371 2577 1418 2624; x_wconf 82' lang='grc' dir='ltr'><em>τὸ</em></span> <span class='ocrx_word' id='word_1_227' title='bbox 1447 2570 1545 2635; x_wconf 69' lang='grc' dir='ltr'>ἦθος</span> 
     </span>
     <span class='ocr_line' id='line_1_33' title="bbox 268 2649 1543 2714; baseline 0.001 -19"><span class='ocrx_word' id='word_1_228' title='bbox 268 2649 374 2714; x_wconf 79' lang='grc' dir='ltr'>ἀνὴρ</span> <span class='ocrx_word' id='word_1_229' title='bbox 410 2650 562 2703; x_wconf 82' lang='grc' dir='ltr'>ἐκεῖνος</span> <span class='ocrx_word' id='word_1_230' title='bbox 598 2650 819 2711; x_wconf 78' lang='grc' dir='ltr'>μουσικὸς,</span> <span class='ocrx_word' id='word_1_231' title='bbox 846 2649 938 2696; x_wconf 81' lang='grc' dir='ltr'>ἀλλ’</span> <span class='ocrx_word' id='word_1_232' title='bbox 963 2650 1076 2703; x_wconf 85' lang='grc' dir='ltr'>ὅπως</span> <span class='ocrx_word' id='word_1_233' title='bbox 1108 2649 1157 2696; x_wconf 78' lang='grc' dir='ltr'>ἂν</span> <span class='ocrx_word' id='word_1_234' title='bbox 1190 2649 1288 2713; x_wconf 85' lang='grc' dir='ltr'>δόξῃ</span> <span class='ocrx_word' id='word_1_235' title='bbox 1324 2669 1364 2696; x_wconf 90' lang='grc' dir='ltr'><em>τι</em></span> <span class='ocrx_word' id='word_1_236' title='bbox 1399 2649 1543 2696; x_wconf 85' lang='grc' dir='ltr'>καινὸν</span> 
     </span>
     <span class='ocr_line' id='line_1_34' title="bbox 270 2719 1546 2785; baseline 0.001 -19"><span class='ocrx_word' id='word_1_237' title='bbox 270 2719 407 2783; x_wconf 83' lang='grc' dir='ltr'>λέγειν</span> <span class='ocrx_word' id='word_1_238' title='bbox 453 2721 752 2785; x_wconf 76' lang='grc' dir='ltr'>πεφροντικώς.</span> <span class='ocrx_word' id='word_1_239' title='bbox 796 2725 914 2769; x_wconf 89' lang='lat' dir='ltr'><em>Talis</em></span> <span class='ocrx_word' id='word_1_240' title='bbox 960 2740 1104 2783; x_wconf 86' lang='lat' dir='ltr'><em>quum</em></span> <span class='ocrx_word' id='word_1_241' title='bbox 1142 2724 1406 2768; x_wconf 81' lang='lat' dir='ltr'><em>Aristoxeni</em></span> <span class='ocrx_word' id='word_1_242' title='bbox 1440 2738 1546 2768; x_wconf 83' lang='lat' dir='ltr'><em>mu-</em></span> 
     </span>
     <span class='ocr_line' id='line_1_35' title="bbox 271 2794 1548 2855; baseline 0.003 -18"><span class='ocrx_word' id='word_1_243' title='bbox 271 2795 350 2838; x_wconf 89' lang='lat' dir='ltr'><em>sici</em></span> <span class='ocrx_word' id='word_1_244' title='bbox 388 2794 565 2839; x_wconf 85' lang='lat' dir='ltr'><em>indoles</em></span> <span class='ocrx_word' id='word_1_245' title='bbox 598 2796 761 2851; x_wconf 84' lang='lat' dir='ltr'><em>fuerit,</em></span> <span class='ocrx_word' id='word_1_246' title='bbox 797 2797 973 2854; x_wconf 89' lang='lat' dir='ltr'><em>optima</em></span> <span class='ocrx_word' id='word_1_247' title='bbox 998 2811 1192 2854; x_wconf 88' lang='lat' dir='ltr'><em>quaeque</em></span> <span class='ocrx_word' id='word_1_248' title='bbox 1218 2811 1402 2855; x_wconf 82' lang='lat' dir='ltr'><em>sperare</em></span> <span class='ocrx_word' id='word_1_249' title='bbox 1439 2797 1548 2841; x_wconf 85' lang='lat' dir='ltr'><em>licet</em></span> 
     </span>
     <span class='ocr_line' id='line_1_36' title="bbox 272 2863 1545 2922; baseline 0.003 -14"><span class='ocrx_word' id='word_1_250' title='bbox 272 2863 331 2908; x_wconf 86' lang='lat' dir='ltr'><em>de</em></span> <span class='ocrx_word' id='word_1_251' title='bbox 364 2867 638 2910; x_wconf 80' lang='lat' dir='ltr'><em>Aristoxeno</em></span> <span class='ocrx_word' id='word_1_252' title='bbox 671 2868 915 2922; x_wconf 86' lang='lat' dir='ltr'><em>historico,</em></span> <span class='ocrx_word' id='word_1_253' title='bbox 943 2869 1220 2912; x_wconf 85' lang='lat' dir='ltr'><em>narrationis</em></span> <span class='ocrx_word' id='word_1_254' title='bbox 1257 2869 1431 2912; x_wconf 89' lang='lat' dir='ltr'><em>scilicet</em></span> <span class='ocrx_word' id='word_1_255' title='bbox 1454 2869 1545 2913; x_wconf 91' lang='lat' dir='ltr'><em>sin·</em></span> 
     </span>
     <span class='ocr_line' id='line_1_37' title="bbox 273 2937 1550 2999; baseline 0.004 -19"><span class='ocrx_word' id='word_1_256' title='bbox 273 2938 504 2981; x_wconf 81' lang='lat' dir='ltr'><em>ceritatem</em></span> <span class='ocrx_word' id='word_1_257' title='bbox 526 2947 570 2981; x_wconf 89' lang='lat' dir='ltr'><em>et</em></span> <span class='ocrx_word' id='word_1_258' title='bbox 586 2937 810 2995; x_wconf 86' lang='lat' dir='ltr'><em>judicium</em></span> <span class='ocrx_word' id='word_1_259' title='bbox 844 2938 957 2996; x_wconf 86' lang='lat' dir='ltr'><em>juste</em></span> <span class='ocrx_word' id='word_1_260' title='bbox 983 2955 1209 2984; x_wconf 89' lang='lat' dir='ltr'><em>severum.</em></span> <span class='ocrx_word' id='word_1_261' title='bbox 1235 2942 1397 2999; x_wconf 86' lang='lat' dir='ltr'><em>Neque</em></span> <span class='ocrx_word' id='word_1_262' title='bbox 1421 2941 1550 2985; x_wconf 83' lang='lat' dir='ltr'><em>aliud</em></span> 
     </span>
     <span class='ocr_line' id='line_1_38' title="bbox 277 3008 1550 3070; baseline 0.005 -19"><span class='ocrx_word' id='word_1_263' title='bbox 277 3008 468 3052; x_wconf 86' lang='lat' dir='ltr'><em>suadent</em></span> <span class='ocrx_word' id='word_1_264' title='bbox 506 3010 726 3068; x_wconf 65' lang='lat' dir='ltr'><em>reliquiae.</em></span> <span class='ocrx_word' id='word_1_265' title='bbox 765 3012 1054 3070; x_wconf 88' lang='lat' dir='ltr'><em>Quamquam</em></span> <span class='ocrx_word' id='word_1_266' title='bbox 1076 3022 1182 3056; x_wconf 87' lang='lat' dir='ltr'><em>sunt</em></span> <span class='ocrx_word' id='word_1_267' title='bbox 1204 3013 1454 3069; x_wconf 89' lang='lat' dir='ltr'><em>nonnulla,</em></span> <span class='ocrx_word' id='word_1_268' title='bbox 1491 3013 1550 3057; x_wconf 89' lang='lat' dir='ltr'><em>de</em></span> 
     </span>
     <span class='ocr_line' id='line_1_39' title="bbox 275 3079 1550 3142; baseline 0.004 -19"><span class='ocrx_word' id='word_1_269' title='bbox 275 3095 476 3138; x_wconf 90' lang='lat' dir='ltr'><em>quorum</em></span> <span class='ocrx_word' id='word_1_270' title='bbox 496 3080 587 3126; x_wconf 84' lang='lat' dir='ltr'><em>fide</em></span> <span class='ocrx_word' id='word_1_271' title='bbox 608 3079 981 3127; x_wconf 68' lang='lat' dir='ltr'><em>haud&#39;immerito</em></span> <span class='ocrx_word' id='word_1_272' title='bbox 1004 3085 1261 3129; x_wconf 87' lang='lat' dir='ltr'><em>dubitatum</em></span> <span class='ocrx_word' id='word_1_273' title='bbox 1283 3086 1363 3142; x_wconf 90' lang='lat' dir='ltr'><em>sit;</em></span> <span class='ocrx_word' id='word_1_274' title='bbox 1385 3087 1454 3129; x_wconf 91' lang='lat' dir='ltr'><em>uti</em></span> <span class='ocrx_word' id='word_1_275' title='bbox 1473 3086 1550 3128; x_wconf 89' lang='lat' dir='ltr'><em>illa</em></span> 
     </span>
     <span class='ocr_line' id='line_1_40' title="bbox 277 3151 1554 3219; baseline 0.006 -26"><span class='ocrx_word' id='word_1_276' title='bbox 277 3168 376 3210; x_wconf 80' lang='lat' dir='ltr'><em>quae</em></span> <span class='ocrx_word' id='word_1_277' title='bbox 398 3152 455 3196; x_wconf 92' lang='lat' dir='ltr'><em>de</em></span> <span class='ocrx_word' id='word_1_278' title='bbox 474 3151 591 3197; x_wconf 90' lang='lat' dir='ltr'><em>Indo</em></span> <span class='ocrx_word' id='word_1_279' title='bbox 613 3169 717 3196; x_wconf 89' lang='lat' dir='ltr'><em>cum</em></span> <span class='ocrx_word' id='word_1_280' title='bbox 741 3155 925 3199; x_wconf 83' lang='lat' dir='ltr'><em>Socrate</em></span> <span class='ocrx_word' id='word_1_281' title='bbox 950 3158 1244 3215; x_wconf 88' lang='lat' dir='ltr'><em>colloquente</em></span> <span class='ocrx_word' id='word_1_282' title='bbox 1271 3157 1358 3219; x_wconf 86' lang='lat' dir='ltr'><strong>(fr.</strong></span> <span class='ocrx_word' id='word_1_283' title='bbox 1389 3158 1443 3202; x_wconf 82' lang='lat'><em>31</em></span> <span class='ocrx_word' id='word_1_284' title='bbox 1467 3156 1482 3219; x_wconf 92' lang='lat'>)</span> <span class='ocrx_word' id='word_1_285' title='bbox 1508 3166 1554 3202; x_wconf 88' lang='lat' dir='ltr'><em>et</em></span> 
     </span>
     <span class='ocr_line' id='line_1_41' title="bbox 277 3223 1553 3290; baseline 0.006 -24"><span class='ocrx_word' id='word_1_286' title='bbox 277 3223 335 3267; x_wconf 88' lang='lat' dir='ltr'><em>de</em></span> <span class='ocrx_word' id='word_1_287' title='bbox 385 3225 583 3268; x_wconf 84' lang='lat' dir='ltr'><em>Platonis</em></span> <span class='ocrx_word' id='word_1_288' title='bbox 619 3226 983 3284; x_wconf 80' lang='lat' dir='ltr'><em>expeditionibus</em></span> <span class='ocrx_word' id='word_1_289' title='bbox 1024 3227 1107 3288; x_wconf 84' lang='lat' dir='ltr'><em>(fr,</em></span> <span class='ocrx_word' id='word_1_290' title='bbox 1143 3227 1228 3290; x_wconf 77' lang='lat'><em>31)</em></span> <span class='ocrx_word' id='word_1_291' title='bbox 1276 3239 1553 3286; x_wconf 84' lang='lat' dir='ltr'><em>nar1·antur;</em></span> 
     </span>
     <span class='ocr_line' id='line_1_42' title="bbox 278 3295 1554 3355; baseline 0.006 -17"><span class='ocrx_word' id='word_1_292' title='bbox 278 3295 445 3339; x_wconf 87' lang='lat' dir='ltr'><em>deinde</em></span> <span class='ocrx_word' id='word_1_293' title='bbox 477 3312 584 3339; x_wconf 87' lang='lat' dir='ltr'><em>vero</em></span> <span class='ocrx_word' id='word_1_294' title='bbox 610 3295 737 3355; x_wconf 89' lang='lat' dir='ltr'><em>quod</em></span> <span class='ocrx_word' id='word_1_295' title='bbox 761 3313 863 3341; x_wconf 90' lang='lat' dir='ltr'><em>cum</em></span> <span class='ocrx_word' id='word_1_296' title='bbox 885 3300 980 3343; x_wconf 84' lang='lat' dir='ltr'><em>aliis</em></span> <span class='ocrx_word' id='word_1_297' title='bbox 999 3302 1151 3345; x_wconf 87' lang='lat' dir='ltr'><em>multis</em></span> <span class='ocrx_word' id='word_1_298' title='bbox 1175 3302 1367 3346; x_wconf 85' lang='lat' dir='ltr'><em>tradidit</em></span> <span class='ocrx_word' id='word_1_299' title='bbox 1394 3302 1453 3346; x_wconf 89' lang='lat' dir='ltr'><em>de</em></span> <span class='ocrx_word' id='word_1_300' title='bbox 1477 3303 1554 3346; x_wconf 87' lang='lat' dir='ltr'><em>bi-</em></span> 
     </span>
     <span class='ocr_line' id='line_1_43' title="bbox 278 3369 1554 3428; baseline 0.007 -19"><span class='ocrx_word' id='word_1_301' title='bbox 278 3370 425 3427; x_wconf 80' lang='lat' dir='ltr'><em>gamia</em></span> <span class='ocrx_word' id='word_1_302' title='bbox 445 3369 663 3428; x_wconf 79' lang='lat' dir='ltr'><em>Socratis3</em></span> <span class='ocrx_word' id='word_1_303' title='bbox 689 3384 824 3427; x_wconf 87' lang='lat' dir='ltr'><em>quam</em></span> <span class='ocrx_word' id='word_1_304' title='bbox 843 3371 902 3414; x_wconf 89' lang='lat' dir='ltr'><em>ob</em></span> <span class='ocrx_word' id='word_1_305' title='bbox 924 3387 1019 3415; x_wconf 88' lang='lat' dir='ltr'><em>rem</em></span> <span class='ocrx_word' id='word_1_306' title='bbox 1036 3375 1256 3418; x_wconf 88' lang='lat' dir='ltr'><em>Luzacius</em></span> <span class='ocrx_word' id='word_1_307' title='bbox 1276 3376 1554 3419; x_wconf 87' lang='lat' dir='ltr'><em>Aristoxeno</em></span> 
     </span>
    </p>
   </div>
   <div class='ocr_carea' id='block_1_3' title="bbox 299 3459 2922 3479">
    <p class='ocr_par' dir='ltr' id='par_1_7' title="bbox 299 3459 2922 3479">
     <span class='ocr_line' id='line_1_44' title="bbox 299 3459 2922 3479; baseline 0 1149"><span class='ocrx_word' id='word_1_308' title='bbox 299 3459 2922 3479; x_wconf 95' lang='lat' dir='ltr'><em> </em></span> 
     </span>
    </p>
   </div>
   <div class='ocr_carea' id='block_1_4' title="bbox 284 3503 1530 3627">
    <p class='ocr_par' dir='ltr' id='par_1_8' title="bbox 284 3503 1530 3627">
     <span class='ocr_line' id='line_1_45' title="bbox 284 3503 1530 3626; baseline 0.01 -78"><span class='ocrx_word' id='word_1_309' title='bbox 284 3503 319 3546; x_wconf 86' lang='lat' dir='ltr'>V</span> <span class='ocrx_word' id='word_1_310' title='bbox 333 3504 432 3550; x_wconf 81' lang='lat' dir='ltr'><em>iTA</em></span> <span class='ocrx_word' id='word_1_311' title='bbox 494 3505 653 3551; x_wconf 80' lang='grc' dir='ltr'><strong>ΡΥΤΗ</strong></span> <span class='ocrx_word' id='word_1_312' title='bbox 665 3505 1205 3626; x_wconf 50' lang='lat' dir='ltr'><em>AGOIEoAEngJUSQUE</em></span> <span class='ocrx_word' id='word_1_313' title='bbox 1253 3511 1530 3560; x_wconf 90' lang='lat' dir='ltr'><em>DlSClPU·</em></span> 
     </span>
     <span class='ocr_line' id='line_1_46' title="bbox 966 3580 1032 3627; baseline -0.015 0"><span class='ocrx_word' id='word_1_314' title='bbox 966 3580 1032 3627; x_wconf 91' lang='lat' dir='ltr'><em>M.</em></span> 
     </span>
    </p>
   </div>
   <div class='ocr_carea' id='block_1_5' title="bbox 897 3658 935 3696">
    <p class='ocr_par' dir='ltr' id='par_1_9' title="bbox 897 3658 935 3696">
     <span class='ocr_line' id='line_1_47' title="bbox 897 3658 935 3696; baseline 0 0"><span class='ocrx_word' id='word_1_315' title='bbox 897 3658 935 3696; x_wconf 83' lang='lat'><em>1.</em></span> 
     </span>
    </p>
   </div>
   <div class='ocr_carea' id='block_1_6' title="bbox 281 3720 1553 3902">
    <p class='ocr_par' dir='ltr' id='par_1_10' title="bbox 281 3720 1553 3902">
     <span class='ocr_line' id='line_1_48' title="bbox 338 3720 1551 3778; baseline 0.008 -20"><span class='ocrx_word' id='word_1_316' title='bbox 338 3720 598 3771; x_wconf 69' lang='lat' dir='ltr'><em>Pythagoras,</em></span> <span class='ocrx_word' id='word_1_317' title='bbox 620 3721 832 3760; x_wconf 72' lang='lat' dir='ltr'><em>Mnesarchi</em></span> <span class='ocrx_word' id='word_1_318' title='bbox 854 3722 956 3762; x_wconf 83' lang='lat' dir='ltr'><em>filius</em></span> <span class='ocrx_word' id='word_1_319' title='bbox 971 3754 981 3772; x_wconf 93' lang='lat'>,</span> <span class='ocrx_word' id='word_1_320' title='bbox 1003 3725 1176 3774; x_wconf 87' lang='lat' dir='ltr'><em>Samius,</em></span> <span class='ocrx_word' id='word_1_321' title='bbox 1198 3728 1242 3765; x_wconf 89' lang='lat' dir='ltr'><em>ut</em></span> <span class='ocrx_word' id='word_1_322' title='bbox 1265 3728 1319 3766; x_wconf 89' lang='lat' dir='ltr'><em>ait</em></span> <span class='ocrx_word' id='word_1_323' title='bbox 1351 3728 1551 3778; x_wconf 72' lang='lat' dir='ltr'><em>ltippobo-</em></span> 
     </span>
     <span class='ocr_line' id='line_1_49' title="bbox 282 3784 1553 3843; baseline 0.008 -20"><span class='ocrx_word' id='word_1_324' title='bbox 282 3787 371 3834; x_wconf 56' lang='lat' dir='ltr'><em>tum</em></span> <span class='ocrx_word' id='word_1_325' title='bbox 391 3784 608 3824; x_wconf 76' lang='lat' dir='ltr'><em>secundum</em></span> <span class='ocrx_word' id='word_1_326' title='bbox 633 3784 904 3824; x_wconf 77' lang='lat' dir='ltr'><em>Aristoxenum</em></span> <span class='ocrx_word' id='word_1_327' title='bbox 925 3787 963 3825; x_wconf 87' lang='lat' dir='ltr'><em>in</em></span> <span class='ocrx_word' id='word_1_328' title='bbox 991 3787 1090 3826; x_wconf 85' lang='lat' dir='ltr'><em>libro</em></span> <span class='ocrx_word' id='word_1_329' title='bbox 1116 3789 1164 3827; x_wconf 88' lang='lat' dir='ltr'><em>de</em></span> <span class='ocrx_word' id='word_1_330' title='bbox 1180 3790 1274 3829; x_wconf 88' lang='lat' dir='ltr'><em>Vita</em></span> <span class='ocrx_word' id='word_1_331' title='bbox 1301 3792 1553 3843; x_wconf 70' lang='lat' dir='ltr'><em>Pythagorae,</em></span> 
     </span>
     <span class='ocr_line' id='line_1_50' title="bbox 281 3848 1323 3902; baseline 0.007 -17"><span class='ocrx_word' id='word_1_332' title='bbox 281 3851 322 3887; x_wconf 81' lang='lat' dir='ltr'><em>et</em></span> <span class='ocrx_word' id='word_1_333' title='bbox 347 3849 607 3889; x_wconf 78' lang='lat' dir='ltr'><em>Aristarchum</em></span> <span class='ocrx_word' id='word_1_334' title='bbox 624 3851 663 3887; x_wconf 86' lang='lat' dir='ltr'><em>et</em></span> <span class='ocrx_word' id='word_1_335' title='bbox 678 3848 971 3900; x_wconf 78' lang='lat' dir='ltr'><em>Theopompum</em></span> <span class='ocrx_word' id='word_1_336' title='bbox 991 3853 1216 3902; x_wconf 85' lang='lat' dir='ltr'><em>Tyrrhenus</em></span> <span class='ocrx_word' id='word_1_337' title='bbox 1237 3855 1323 3894; x_wconf 82' lang='lat' dir='ltr'><em>suit.</em></span> 
     </span>
    </p>
   </div>
   <div class='ocr_carea' id='block_1_7' title="bbox 334 3912 1556 3965">
    <p class='ocr_par' dir='ltr' id='par_1_11' title="bbox 334 3912 1556 3965">
     <span class='ocr_line' id='line_1_51' title="bbox 334 3912 1556 3965; baseline 0.007 -15"><span class='ocrx_word' id='word_1_338' title='bbox 334 3912 592 3962; x_wconf 77' lang='lat' dir='ltr'><em>Pythagoras,</em></span> <span class='ocrx_word' id='word_1_339' title='bbox 612 3913 658 3951; x_wconf 83' lang='lat' dir='ltr'><em>ut</em></span> <span class='ocrx_word' id='word_1_340' title='bbox 687 3913 945 3952; x_wconf 82' lang='lat' dir='ltr'><em>Aristoxenus</em></span> <span class='ocrx_word' id='word_1_341' title='bbox 961 3914 1039 3963; x_wconf 85' lang='lat' dir='ltr'><em>uit,</em></span> <span class='ocrx_word' id='word_1_342' title='bbox 1065 3917 1290 3965; x_wconf 88' lang='lat' dir='ltr'><em>Tyrrhenus</em></span> <span class='ocrx_word' id='word_1_343' title='bbox 1315 3919 1387 3957; x_wconf 84' lang='lat' dir='ltr'><em>suit</em></span> <span class='ocrx_word' id='word_1_344' title='bbox 1407 3931 1455 3958; x_wconf 87' lang='lat' dir='ltr'><em>ex</em></span> <span class='ocrx_word' id='word_1_345' title='bbox 1477 3931 1556 3959; x_wconf 88' lang='lat' dir='ltr'><em>una</em></span> 
     </span>
    </p>
   </div>
   <div class='ocr_carea' id='block_1_8' title="bbox 284 3973 1555 4225">
    <p class='ocr_par' dir='ltr' id='par_1_12' title="bbox 284 3973 1541 4225">
     <span class='ocr_line' id='line_1_52' title="bbox 284 3973 1503 4025; baseline 0.009 -14"><span class='ocrx_word' id='word_1_346' title='bbox 284 3975 498 4015; x_wconf 73' lang='lat' dir='ltr'><em>insularum</em></span> <span class='ocrx_word' id='word_1_347' title='bbox 513 4003 524 4023; x_wconf 85' lang='lat'>,</span> <span class='ocrx_word' id='word_1_348' title='bbox 542 3984 641 4025; x_wconf 77' lang='lat' dir='ltr'><em>quas</em></span> <span class='ocrx_word' id='word_1_349' title='bbox 658 3973 791 4023; x_wconf 83' lang='lat' dir='ltr'><em>ejectis</em></span> <span class='ocrx_word' id='word_1_350' title='bbox 808 3976 1017 4025; x_wconf 82' lang='lat' dir='ltr'><em>Tyrrhenis</em></span> <span class='ocrx_word' id='word_1_351' title='bbox 1040 3978 1290 4019; x_wconf 78' lang='lat' dir='ltr'><em>Athenienses</em></span> <span class='ocrx_word' id='word_1_352' title='bbox 1305 3982 1503 4022; x_wconf 86' lang='lat' dir='ltr'><em>tenebant.</em></span> 
     </span>
     <span class='ocr_line' id='line_1_53' title="bbox 900 4043 943 4082; baseline 0 0"><span class='ocrx_word' id='word_1_353' title='bbox 900 4043 943 4082; x_wconf 81' lang='lat'><em>2.</em></span> 
     </span>
     <span class='ocr_line' id='line_1_54' title="bbox 338 4107 1555 4162; baseline 0.007 -15"><span class='ocrx_word' id='word_1_354' title='bbox 338 4107 592 4147; x_wconf 70' lang='lat' dir='ltr'><em>Aristoxenus</em></span> <span class='ocrx_word' id='word_1_355' title='bbox 614 4108 669 4147; x_wconf 85' lang='lat' dir='ltr'><em>ait</em></span> <span class='ocrx_word' id='word_1_356' title='bbox 691 4108 951 4157; x_wconf 77' lang='lat' dir='ltr'><em>Pythagoram</em></span> <span class='ocrx_word' id='word_1_357' title='bbox 981 4109 1148 4158; x_wconf 82' lang='lat' dir='ltr'><em>plurima</em></span> <span class='ocrx_word' id='word_1_358' title='bbox 1169 4116 1451 4162; x_wconf 58' lang='lat' dir='ltr'><em>praeceptorum</em></span> <span class='ocrx_word' id='word_1_359' title='bbox 1477 4126 1555 4155; x_wconf 89' lang='lat' dir='ltr'><em>mo-</em></span> 
     </span>
     <span class='ocr_line' id='line_1_55' title="bbox 287 4170 1427 4225; baseline 0.007 -17"><span class='ocrx_word' id='word_1_360' title='bbox 287 4171 423 4209; x_wconf 83' lang='lat' dir='ltr'><em>ralium</em></span> <span class='ocrx_word' id='word_1_361' title='bbox 436 4171 643 4221; x_wconf 68' lang='lat' dir='ltr'><em>sumpsisse</em></span> <span class='ocrx_word' id='word_1_362' title='bbox 658 4181 680 4209; x_wconf 83' lang='lat' dir='ltr'><em>a</em></span> <span class='ocrx_word' id='word_1_363' title='bbox 698 4170 981 4212; x_wconf 68' lang='lat' dir='ltr'><em>&#39;rhemistoezlea</em></span> <span class='ocrx_word' id='word_1_364' title='bbox 999 4173 1212 4213; x_wconf 78' lang='lat' dir='ltr'><em>sacerdote</em></span> <span class='ocrx_word' id='word_1_365' title='bbox 1234 4176 1427 4225; x_wconf 73' lang='lat' dir='ltr'><em>Delphica.</em></span> 
     </span>
    </p>
   </div>
   <div class='ocr_carea' id='block_1_9' title="bbox 1387 234 1766 283">
    <p class='ocr_par' dir='ltr' id='par_1_13' title="bbox 1387 234 1766 283">
     <span class='ocr_line' id='line_1_56' title="bbox 1387 234 1766 283; baseline -0.003 -1.978"><span class='ocrx_word' id='word_1_366' title='bbox 1387 234 1766 283; x_wconf 75' lang='lat' dir='ltr'><em>A&#39;RlSI&#39;OXENl</em></span> 
     </span>
    </p>
   </div>
   <div class='ocr_carea' id='block_1_10' title="bbox 268 335 2903 414">
    <p class='ocr_par' dir='ltr' id='par_1_14' title="bbox 268 335 2903 414">
     <span class='ocr_line' id='line_1_57' title="bbox 268 335 2903 414; baseline -0.005 -18"><span class='ocrx_word' id='word_1_367' title='bbox 268 353 309 397; x_wconf 79' lang='grc' dir='ltr'><em>δε</em></span> <span class='ocrx_word' id='word_1_368' title='bbox 296 347 551 396; x_wconf 71' lang='grc' dir='ltr'><em>ὲπαλαιαν</em></span> <span class='ocrx_word' id='word_1_369' title='bbox 529 344 857 402; x_wconf 69' lang='grc' dir='ltr'>οιαπονήσαντι,</span> <span class='ocrx_word' id='word_1_370' title='bbox 868 346 1010 414; x_wconf 77' lang='grc' dir='ltr'><em>Ἀσῄ,</em></span> <span class='ocrx_word' id='word_1_371' title='bbox 1033 342 1164 408; x_wconf 72' lang='grc' dir='ltr'>φησὶ,</span> <span class='ocrx_word' id='word_1_372' title='bbox 1185 340 1472 406; x_wconf 87' lang='grc' dir='ltr'>σπανιώτερον</span> <span class='ocrx_word' id='word_1_373' title='bbox 1495 344 1537 388; x_wconf 83' lang='grc' dir='ltr'>ἐν</span> <span class='ocrx_word' id='word_1_374' title='bbox 1613 345 1682 387; x_wconf 91' lang='lat' dir='ltr'><em>uti</em></span> <span class='ocrx_word' id='word_1_375' title='bbox 1698 343 1879 401; x_wconf 80' lang='lat' dir='ltr'><em>leliquo</em></span> <span class='ocrx_word' id='word_1_376' title='bbox 1894 341 2019 384; x_wconf 90' lang='lat' dir='ltr'><em>omni</em></span> <span class='ocrx_word' id='word_1_377' title='bbox 2022 335 2450 399; x_wconf 83' lang='lat' dir='ltr'><em>peripateticomm</em></span> <span class='ocrx_word' id='word_1_378' title='bbox 2467 340 2608 398; x_wconf 84' lang='lat' dir='ltr'><em>vulgo</em></span> <span class='ocrx_word' id='word_1_379' title='bbox 2621 339 2903 385; x_wconf 81' lang='lat' dir='ltr'><em>exsecrando</em></span> 
     </span>
    </p>
   </div>
   <div class='ocr_carea' id='block_1_11' title="bbox 1589 4089 1600 4218">
    <p class='ocr_par' dir='ltr' id='par_1_15' title="bbox 1589 4089 1600 4218">
     <span class='ocr_line' id='line_1_58' title="bbox 1589 4089 1600 4218; baseline 0 0"><span class='ocrx_word' id='word_1_380' title='bbox 1589 4089 1600 4218; x_wconf 95' lang='lat' dir='ltr'><em> </em></span> 
     </span>
    </p>
   </div>
   <div class='ocr_carea' id='block_1_12' title="bbox 1615 412 2630 475">
    <p class='ocr_par' dir='ltr' id='par_1_16' title="bbox 1615 412 2630 475">
     <span class='ocr_line' id='line_1_59' title="bbox 1615 412 2630 475; baseline -0.01 -16"><span class='ocrx_word' id='word_1_381' title='bbox 1615 414 1904 475; x_wconf 88' lang='lat' dir='ltr'><em>implacabile</em></span> <span class='ocrx_word' id='word_1_382' title='bbox 1918 413 2091 471; x_wconf 86' lang='lat' dir='ltr'><em>juravit</em></span> <span class='ocrx_word' id='word_1_383' title='bbox 2113 412 2293 458; x_wconf 86' lang='lat' dir='ltr'><em>odium.</em></span> <span class='ocrx_word' id='word_1_384' title='bbox 2610 430 2630 449; x_wconf 66' lang='grc' dir='ltr'>ο</span> 
     </span>
    </p>
   </div>
   <div class='ocr_carea' id='block_1_13' title="bbox 2110 550 2411 570">
    <p class='ocr_par' dir='ltr' id='par_1_17' title="bbox 2110 550 2411 570">
     <span class='ocr_line' id='line_1_60' title="bbox 2110 550 2411 570; baseline 0 4058"><span class='ocrx_word' id='word_1_385' title='bbox 2110 550 2411 570; x_wconf 95' lang='lat' dir='ltr'><em> </em></span> 
     </span>
    </p>
   </div>
   <div class='ocr_carea' id='block_1_14' title="bbox 1995 647 2522 704">
    <p class='ocr_par' dir='ltr' id='par_1_18' title="bbox 1995 647 2522 704">
     <span class='ocr_line' id='line_1_61' title="bbox 1995 647 2522 704; baseline 0.002 -3"><span class='ocrx_word' id='word_1_386' title='bbox 1995 649 2149 702; x_wconf 90' lang='grc' dir='ltr'>ΒΙΟΙ</span> <span class='ocrx_word' id='word_1_387' title='bbox 2195 647 2522 704; x_wconf 86' lang='grc' dir='ltr'>ΑΝΔΡΩΝ.</span> 
     </span>
    </p>
   </div>
   <div class='ocr_carea' id='block_1_15' title="bbox 1617 772 2991 925">
    <p class='ocr_par' dir='ltr' id='par_1_19' title="bbox 1617 772 2991 925">
     <span class='ocr_line' id='line_1_62' title="bbox 1617 772 2991 910; baseline 0.001 -71"><span class='ocrx_word' id='word_1_388' title='bbox 1617 791 1762 838; x_wconf 80' lang='grc' dir='ltr'>ΒιοΣ</span> <span class='ocrx_word' id='word_1_389' title='bbox 1797 789 2368 910; x_wconf 45' lang='grc' dir='ltr'>ΠΥΘΑΓοΡοξ1(ΤιὲἢΓΙ</span> <span class='ocrx_word' id='word_1_390' title='bbox 2413 790 2544 839; x_wconf 79' lang='grc' dir='ltr'><em>ΤΩΝ</em></span> <span class='ocrx_word' id='word_1_391' title='bbox 2580 791 2906 842; x_wconf 66' lang='lat' dir='ltr'><em>mnemon</em></span> <span class='ocrx_word' id='word_1_392' title='bbox 2935 798 2946 811; x_wconf 63' lang='lat'><strong>²</strong></span> <span class='ocrx_word' id='word_1_393' title='bbox 2988 772 2991 773; x_wconf 34' lang='lat'><em>*</em></span> 
     </span>
     <span class='ocr_line' id='line_1_63' title="bbox 2217 862 2404 925; baseline -0.021 -50"><span class='ocrx_word' id='word_1_394' title='bbox 2217 862 2232 875; x_wconf 80' lang='grc'><em>.</em></span> <span class='ocrx_word' id='word_1_395' title='bbox 2370 864 2404 925; x_wconf 37' lang='grc'><em>).</em></span> 
     </span>
    </p>
   </div>
   <div class='ocr_carea' id='block_1_16' title="bbox 2246 987 2285 1018">
    <p class='ocr_par' dir='ltr' id='par_1_20' title="bbox 2246 987 2285 1018">
     <span class='ocr_line' id='line_1_64' title="bbox 2246 987 2285 1018; baseline 0.051 -2"><span class='ocrx_word' id='word_1_396' title='bbox 2246 987 2285 1018; x_wconf 90' lang='lat'><em>1.</em></span> 
     </span>
    </p>
   </div>
   <div class='ocr_carea' id='block_1_17' title="bbox 1617 1081 2957 2085">
    <p class='ocr_par' dir='ltr' id='par_1_21' title="bbox 1617 1081 2997 1578">
     <span class='ocr_line' id='line_1_65' title="bbox 1683 1081 2957 1174; baseline 0.002 -48"><span class='ocrx_word' id='word_1_397' title='bbox 1683 1083 1890 1127; x_wconf 90' lang='lat' dir='ltr'><em>Clemens</em></span> <span class='ocrx_word' id='word_1_398' title='bbox 1929 1082 2062 1127; x_wconf 90' lang='lat' dir='ltr'><em>Alex.</em></span> <span class='ocrx_word' id='word_1_399' title='bbox 2091 1081 2261 1126; x_wconf 87' lang='lat' dir='ltr'><em>strom.</em></span> <span class='ocrx_word' id='word_1_400' title='bbox 2297 1082 2346 1137; x_wconf 98' lang='grc' dir='ltr'><em>Ι,</em></span> <span class='ocrx_word' id='word_1_401' title='bbox 2393 1097 2442 1142; x_wconf 93' lang='lat' dir='ltr'><em>p.</em></span> <span class='ocrx_word' id='word_1_402' title='bbox 2476 1098 2566 1143; x_wconf 86' lang='lat'><em>129</em></span> <span class='ocrx_word' id='word_1_403' title='bbox 2597 1082 2671 1126; x_wconf 88' lang='lat' dir='ltr'><em>ed.</em></span> <span class='ocrx_word' id='word_1_404' title='bbox 2697 1082 2847 1174; x_wconf 64' lang='lat' dir='ltr'><em>esylb&#39;</em></span> <span class='ocrx_word' id='word_1_405' title='bbox 2892 1091 2957 1139; x_wconf 54' lang='lat' dir='ltr'><em>:st</em></span> 
     </span>
     <span class='ocr_line' id='line_1_66' title="bbox 1620 1143 2951 1238; baseline 0.002 -38"><span class='ocrx_word' id='word_1_406' title='bbox 1620 1151 1875 1216; x_wconf 84' lang='grc' dir='ltr'>Πυθαγόρας</span> <span class='ocrx_word' id='word_1_407' title='bbox 1911 1151 1964 1214; x_wconf 82' lang='grc' dir='ltr'><em>μὲ</em></span> <span class='ocrx_word' id='word_1_408' title='bbox 1946 1171 1988 1198; x_wconf 91' lang='grc' dir='ltr'>ν</span> <span class='ocrx_word' id='word_1_409' title='bbox 2020 1155 2092 1199; x_wconf 82' lang='grc' dir='ltr'><em>οὖν</em></span> <span class='ocrx_word' id='word_1_410' title='bbox 2127 1150 2424 1217; x_wconf 80' lang='grc' dir='ltr'>Μνησάρχου,</span> <span class='ocrx_word' id='word_1_411' title='bbox 2462 1154 2654 1238; x_wconf 52' lang='lat' dir='ltr'><em>Ejumc,</em></span> <span class='ocrx_word' id='word_1_412' title='bbox 2689 1150 2747 1206; x_wconf 77' lang='grc' dir='ltr'><em>ὥς</em></span> <span class='ocrx_word' id='word_1_413' title='bbox 2779 1171 2911 1220; x_wconf 76' lang='grc' dir='ltr'>φησιν</span> <span class='ocrx_word' id='word_1_414' title='bbox 2936 1143 2951 1197; x_wconf 60' lang='lat' dir='ltr'><em>-f</em></span> 
     </span>
     <span class='ocr_line' id='line_1_67' title="bbox 1619 1220 2942 1314; baseline 0 -41"><span class='ocrx_word' id='word_1_415' title='bbox 1619 1224 1939 1282; x_wconf 71' lang='grc' dir='ltr'>Ἱππόὸοτος,</span> <span class='ocrx_word' id='word_1_416' title='bbox 1917 1243 1974 1277; x_wconf 90' lang='grc' dir='ltr'><em>ως</em></span> <span class='ocrx_word' id='word_1_417' title='bbox 2005 1223 2049 1270; x_wconf 89' lang='grc' dir='ltr'><em>δὲ</em></span> <span class='ocrx_word' id='word_1_418' title='bbox 2071 1223 2402 1289; x_wconf 82' lang='grc' dir='ltr'>Ἀριστόξενος’</span> <span class='ocrx_word' id='word_1_419' title='bbox 2383 1243 2427 1272; x_wconf 89' lang='grc' dir='ltr'>εν</span> <span class='ocrx_word' id='word_1_420' title='bbox 2456 1227 2537 1289; x_wconf 84' lang='grc' dir='ltr'><em>τῶ</em></span> <span class='ocrx_word' id='word_1_421' title='bbox 2551 1224 2802 1314; x_wconf 85' lang='grc' dir='ltr'>Πυθαγόρου</span> <span class='ocrx_word' id='word_1_422' title='bbox 2825 1224 2910 1292; x_wconf 82' lang='grc' dir='ltr'><em>βίῳ</em></span> <span class='ocrx_word' id='word_1_423' title='bbox 2932 1220 2942 1289; x_wconf 14' lang='grc' dir='ltr'><em>’γ</em></span> 
     </span>
     <span class='ocr_line' id='line_1_68' title="bbox 1618 1271 2954 1363; baseline 0.003 -20"><span class='ocrx_word' id='word_1_424' title='bbox 1618 1297 1690 1343; x_wconf 85' lang='grc' dir='ltr'><em>καὶ</em></span> <span class='ocrx_word' id='word_1_425' title='bbox 1709 1297 1984 1362; x_wconf 80' lang='grc' dir='ltr'>Ἀρίσταρχος</span> <span class='ocrx_word' id='word_1_426' title='bbox 2005 1295 2079 1344; x_wconf 82' lang='grc' dir='ltr'><em>καὶ</em></span> <span class='ocrx_word' id='word_1_427' title='bbox 2101 1295 2386 1359; x_wconf 83' lang='grc' dir='ltr'>Θεόπομπος,</span> <span class='ocrx_word' id='word_1_428' title='bbox 2403 1271 2673 1363; x_wconf 41' lang='grc' dir='ltr'>Τυριτρηνὸς</span> <span class='ocrx_word' id='word_1_429' title='bbox 2643 1317 2714 1357; x_wconf 89' lang='grc' dir='ltr'><em>ην.</em></span> <span class='ocrx_word' id='word_1_430' title='bbox 2726 1299 2909 1346; x_wconf 84' lang='lat' dir='ltr'><em>Eadem</em></span> <span class='ocrx_word' id='word_1_431' title='bbox 2950 1291 2954 1316; x_wconf 74' lang='lat'><strong><em>⁷</em></strong></span> 
     </span>
     <span class='ocr_line' id='line_1_69' title="bbox 1617 1368 2946 1436; baseline 0.003 -20.021"><span class='ocrx_word' id='word_1_432' title='bbox 1617 1372 1899 1418; x_wconf 89' lang='lat' dir='ltr'><em>T.heodoret</em></span> <span class='ocrx_word' id='word_1_433' title='bbox 1924 1372 2097 1434; x_wconf 85' lang='grc' dir='ltr'>Θεραπ.</span> <span class='ocrx_word' id='word_1_434' title='bbox 2126 1373 2176 1427; x_wconf 92' lang='lat' dir='ltr'><em>I,</em></span> <span class='ocrx_word' id='word_1_435' title='bbox 2201 1387 2249 1431; x_wconf 88' lang='lat' dir='ltr'><em>p.</em></span> <span class='ocrx_word' id='word_1_436' title='bbox 2276 1371 2385 1424; x_wconf 82' lang='lat'><strong>468.</strong></span> <span class='ocrx_word' id='word_1_437' title='bbox 2412 1370 2502 1418; x_wconf 81' lang='grc' dir='ltr'><em>Καὶ</em></span> <span class='ocrx_word' id='word_1_438' title='bbox 2523 1370 2814 1436; x_wconf 76' lang='grc' dir='ltr'>Ἀριστοτέλης</span> <span class='ocrx_word' id='word_1_439' title='bbox 2834 1370 2911 1420; x_wconf 75' lang='grc' dir='ltr'><em>καὶ</em></span> <span class='ocrx_word' id='word_1_440' title='bbox 2943 1368 2946 1426; x_wconf 36' lang='grc' dir='ltr'><em>ᾗ</em></span> 
     </span>
     <span class='ocr_line' id='line_1_70' title="bbox 1617 1442 2948 1510; baseline 0.002 -19"><span class='ocrx_word' id='word_1_441' title='bbox 1617 1442 1895 1508; x_wconf 75' lang='grc' dir='ltr'>Θεόφραστος</span> <span class='ocrx_word' id='word_1_442' title='bbox 1925 1444 2053 1504; x_wconf 85' lang='lat' dir='ltr'><em>apud</em></span> <span class='ocrx_word' id='word_1_443' title='bbox 2086 1445 2371 1490; x_wconf 81' lang='lat' dir='ltr'><em>Clementem</em></span> <span class='ocrx_word' id='word_1_444' title='bbox 2401 1460 2492 1505; x_wconf 87' lang='lat' dir='ltr'><em>pro</em></span> <span class='ocrx_word' id='word_1_445' title='bbox 2523 1442 2598 1491; x_wconf 76' lang='grc' dir='ltr'><em>καὶ</em></span> <span class='ocrx_word' id='word_1_446' title='bbox 2633 1443 2914 1510; x_wconf 78' lang='grc' dir='ltr'>Ἀρίσταρχος</span> <span class='ocrx_word' id='word_1_447' title='bbox 2942 1444 2948 1467; x_wconf 68' lang='lat'><em>³</em></span> 
     </span>
     <span class='ocr_line' id='line_1_71' title="bbox 1617 1515 2906 1578; baseline 0.002 -15"><span class='ocrx_word' id='word_1_448' title='bbox 1617 1515 1690 1563; x_wconf 83' lang='grc' dir='ltr'><em>καὶ</em></span> <span class='ocrx_word' id='word_1_449' title='bbox 1723 1515 1986 1578; x_wconf 86' lang='grc' dir='ltr'>Θεόπομπος</span> <span class='ocrx_word' id='word_1_450' title='bbox 2018 1517 2158 1561; x_wconf 83' lang='lat' dir='ltr'><em>scribi</em></span> <span class='ocrx_word' id='word_1_451' title='bbox 2179 1518 2329 1562; x_wconf 85' lang='lat' dir='ltr'><em>voluit</em></span> <span class='ocrx_word' id='word_1_452' title='bbox 2349 1519 2543 1566; x_wconf 85' lang='lat' dir='ltr'><em>Preller.</em></span> <span class='ocrx_word' id='word_1_453' title='bbox 2576 1517 2639 1563; x_wconf 90' lang='lat' dir='ltr'><em>ad</em></span> <span class='ocrx_word' id='word_1_454' title='bbox 2660 1518 2906 1566; x_wconf 83' lang='lat' dir='ltr'><em>Polemon.</em></span> 
     </span>
    </p>

    <p class='ocr_par' dir='ltr' id='par_1_22' title="bbox 1618 1659 2922 2085">
     <span class='ocr_line' id='line_1_72' title="bbox 1681 1659 2919 1727; baseline 0.003 -22"><span class='ocrx_word' id='word_1_455' title='bbox 1681 1663 1882 1722; x_wconf 87' lang='lat' dir='ltr'><em>Diogen.</em></span> <span class='ocrx_word' id='word_1_456' title='bbox 1906 1663 1963 1709; x_wconf 91' lang='lat' dir='ltr'><em>L.</em></span> <span class='ocrx_word' id='word_1_457' title='bbox 1990 1663 2130 1718; x_wconf 88' lang='lat' dir='ltr'><strong>VIII,</strong></span> <span class='ocrx_word' id='word_1_458' title='bbox 2162 1678 2181 1706; x_wconf 94' lang='lat'>1</span> <span class='ocrx_word' id='word_1_459' title='bbox 2211 1678 2222 1706; x_wconf 92' lang='lat'><strong>:</strong></span> <span class='ocrx_word' id='word_1_460' title='bbox 2251 1659 2510 1727; x_wconf 87' lang='grc' dir='ltr'>Πυθαγόρας</span> <span class='ocrx_word' id='word_1_461' title='bbox 2538 1698 2568 1711; x_wconf 93' lang='grc'><em>..</em></span> <span class='ocrx_word' id='word_1_462' title='bbox 2590 1664 2648 1716; x_wconf 84' lang='grc' dir='ltr'><em>ὣς</em></span> <span class='ocrx_word' id='word_1_463' title='bbox 2669 1659 2919 1726; x_wconf 55' lang='grc' dir='ltr'>Ἀριστόξεέ</span> 
     </span>
     <span class='ocr_line' id='line_1_73' title="bbox 1618 1731 2913 1799; baseline 0.004 -22"><span class='ocrx_word' id='word_1_464' title='bbox 1618 1750 1684 1784; x_wconf 91' lang='grc' dir='ltr'><em>νος</em></span> <span class='ocrx_word' id='word_1_465' title='bbox 1731 1731 1976 1796; x_wconf 83' lang='grc' dir='ltr'>Τυρρηνὸς,</span> <span class='ocrx_word' id='word_1_466' title='bbox 2018 1731 2105 1779; x_wconf 85' lang='grc' dir='ltr'><em>ἀπὸ</em></span> <span class='ocrx_word' id='word_1_467' title='bbox 2153 1739 2256 1794; x_wconf 84' lang='grc' dir='ltr'>μιᾶς</span> <span class='ocrx_word' id='word_1_468' title='bbox 2296 1735 2381 1780; x_wconf 86' lang='grc' dir='ltr'><em>τῶν</em></span> <span class='ocrx_word' id='word_1_469' title='bbox 2415 1732 2575 1792; x_wconf 81' lang='grc' dir='ltr'>νήσων,</span> <span class='ocrx_word' id='word_1_470' title='bbox 2622 1733 2671 1788; x_wconf 80' lang='grc' dir='ltr'><em>ἃς</em></span> <span class='ocrx_word' id='word_1_471' title='bbox 2699 1732 2913 1799; x_wconf 76' lang='grc' dir='ltr'>κατέσχον</span> 
     </span>
     <span class='ocr_line' id='line_1_74' title="bbox 1619 1803 2917 1871; baseline 0.004 -21"><span class='ocrx_word' id='word_1_472' title='bbox 1619 1804 1831 1862; x_wconf 81' lang='grc' dir='ltr'>Ἀθηναῖοι</span> <span class='ocrx_word' id='word_1_473' title='bbox 1853 1803 2102 1868; x_wconf 79' lang='grc' dir='ltr'>Τυρρηνοὺς</span> <span class='ocrx_word' id='word_1_474' title='bbox 2122 1804 2392 1871; x_wconf 76' lang='grc' dir='ltr'>ἐκὸριλόντες.</span> <span class='ocrx_word' id='word_1_475' title='bbox 2412 1810 2643 1853; x_wconf 86' lang='lat' dir='ltr'><em>Lemnum</em></span> <span class='ocrx_word' id='word_1_476' title='bbox 2665 1809 2753 1853; x_wconf 85' lang='lat' dir='ltr'><em>ins.</em></span> <span class='ocrx_word' id='word_1_477' title='bbox 2775 1807 2917 1856; x_wconf 44' lang='lat' dir='ltr'><em>intel&amp;</em></span> 
     </span>
     <span class='ocr_line' id='line_1_75' title="bbox 1618 1877 2922 1943; baseline 0.003 -21"><span class='ocrx_word' id='word_1_478' title='bbox 1618 1880 1708 1939; x_wconf 81' lang='lat' dir='ltr'><em>lige</em></span> <span class='ocrx_word' id='word_1_479' title='bbox 1725 1914 1738 1939; x_wconf 84' lang='lat'>‚</span> <span class='ocrx_word' id='word_1_480' title='bbox 1765 1895 1902 1938; x_wconf 85' lang='lat' dir='ltr'><em>quam</em></span> <span class='ocrx_word' id='word_1_481' title='bbox 1929 1895 2141 1939; x_wconf 88' lang='lat' dir='ltr'><em>expresse</em></span> <span class='ocrx_word' id='word_1_482' title='bbox 2160 1882 2373 1925; x_wconf 88' lang='lat' dir='ltr'><em>nominat</em></span> <span class='ocrx_word' id='word_1_483' title='bbox 2395 1881 2636 1926; x_wconf 87' lang='lat' dir='ltr'><em>Cleanthes</em></span> <span class='ocrx_word' id='word_1_484' title='bbox 2654 1877 2922 1943; x_wconf 77' lang='lat' dir='ltr'><em>(Neauthes)</em></span> 
     </span>
     <span class='ocr_line' id='line_1_76' title="bbox 1618 1951 2916 2015; baseline 0.004 -20"><span class='ocrx_word' id='word_1_485' title='bbox 1618 1966 1694 2010; x_wconf 86' lang='lat' dir='ltr'><em>ap.</em></span> <span class='ocrx_word' id='word_1_486' title='bbox 1736 1952 1972 2011; x_wconf 83' lang='lat' dir='ltr'><em>Porphyr.</em></span> <span class='ocrx_word' id='word_1_487' title='bbox 1996 1953 2088 1998; x_wconf 86' lang='lat' dir='ltr'><em>vit.</em></span> <span class='ocrx_word' id='word_1_488' title='bbox 2117 1951 2252 2014; x_wconf 87' lang='lat' dir='ltr'><em>Pyth.</em></span> <span class='ocrx_word' id='word_1_489' title='bbox 2282 1953 2384 1998; x_wconf 88' lang='lat' dir='ltr'><em>init.</em></span> <span class='ocrx_word' id='word_1_490' title='bbox 2411 1953 2480 2000; x_wconf 90' lang='lat' dir='ltr'><em>Cf.</em></span> <span class='ocrx_word' id='word_1_491' title='bbox 2505 1954 2746 2015; x_wconf 85' lang='lat' dir='ltr'><em>Menagius</em></span> <span class='ocrx_word' id='word_1_492' title='bbox 2774 1953 2836 1999; x_wconf 84' lang='lat' dir='ltr'><em>ad</em></span> <span class='ocrx_word' id='word_1_493' title='bbox 2852 1953 2916 2011; x_wconf 79' lang='lat' dir='ltr'><strong>h.</strong></span> 
     </span>
     <span class='ocr_line' id='line_1_77' title="bbox 1619 2024 2922 2085; baseline 0.003 -17"><span class='ocrx_word' id='word_1_494' title='bbox 1619 2027 1650 2068; x_wconf 85' lang='lat' dir='ltr'><em>l.</em></span> <span class='ocrx_word' id='word_1_495' title='bbox 1679 2026 1922 2069; x_wconf 83' lang='lat' dir='ltr'><em>etMiiller.</em></span> <span class='ocrx_word' id='word_1_496' title='bbox 1947 2026 2072 2072; x_wconf 76' lang='lat' dir='ltr'><em>Min.</em></span> <span class='ocrx_word' id='word_1_497' title='bbox 2093 2041 2142 2085; x_wconf 89' lang='lat' dir='ltr'><em>p.</em></span> <span class='ocrx_word' id='word_1_498' title='bbox 2171 2024 2336 2078; x_wconf 76' lang='lat'><strong>43811.</strong></span> <span class='ocrx_word' id='word_1_499' title='bbox 2365 2041 2413 2072; x_wconf 93' lang='grc'><em>2.</em></span> <span class='ocrx_word' id='word_1_500' title='bbox 2915 2037 2922 2060; x_wconf 79' lang='lat'><em>‘·</em></span> 
     </span>
    </p>
   </div>
   <div class='ocr_carea' id='block_1_18' title="bbox 2243 2135 2289 2163">
    <p class='ocr_par' dir='ltr' id='par_1_23' title="bbox 2243 2135 2289 2163">
     <span class='ocr_line' id='line_1_78' title="bbox 2243 2135 2289 2163; baseline 0 0"><span class='ocrx_word' id='word_1_501' title='bbox 2243 2135 2289 2163; x_wconf 80' lang='lat'><em>2.</em></span> 
     </span>
    </p>
   </div>
   <div class='ocr_carea' id='block_1_19' title="bbox 1620 2176 2953 2355">
    <p class='ocr_par' dir='ltr' id='par_1_24' title="bbox 1620 2176 2949 2350">
     <span class='ocr_line' id='line_1_79' title="bbox 1685 2176 2949 2276; baseline 0.004 -21.004"><span class='ocrx_word' id='word_1_502' title='bbox 1685 2214 1882 2273; x_wconf 83' lang='lat' dir='ltr'><em>Diogen.</em></span> <span class='ocrx_word' id='word_1_503' title='bbox 1907 2215 1964 2259; x_wconf 87' lang='lat' dir='ltr'><em>L.</em></span> <span class='ocrx_word' id='word_1_504' title='bbox 1995 2215 2133 2274; x_wconf 88' lang='lat' dir='ltr'><strong>VIII,</strong></span> <span class='ocrx_word' id='word_1_505' title='bbox 2161 2213 2230 2258; x_wconf 90' lang='grc'>8.</span> <span class='ocrx_word' id='word_1_506' title='bbox 2266 2211 2391 2270; x_wconf 82' lang='grc' dir='ltr'>Φησὶ</span> <span class='ocrx_word' id='word_1_507' title='bbox 2411 2211 2455 2259; x_wconf 88' lang='grc' dir='ltr'><em>δε</em></span> <span class='ocrx_word' id='word_1_508' title='bbox 2474 2231 2549 2259; x_wconf 87' lang='grc' dir='ltr'><em>και</em></span> <span class='ocrx_word' id='word_1_509' title='bbox 2567 2187 2846 2276; x_wconf 82' lang='grc' dir='ltr'>Ἀριστόξενος</span> <span class='ocrx_word' id='word_1_510' title='bbox 2861 2176 2949 2260; x_wconf 35' lang='grc' dir='ltr'>τὰ,</span> 
     </span>
     <span class='ocr_line' id='line_1_80' title="bbox 1620 2278 2953 2355; baseline 0.006 -28"><span class='ocrx_word' id='word_1_511' title='bbox 1620 2283 1805 2329; x_wconf 84' lang='grc' dir='ltr'>πλεῖστα</span> <span class='ocrx_word' id='word_1_512' title='bbox 1834 2302 1919 2329; x_wconf 88' lang='grc' dir='ltr'><em>των</em></span> <span class='ocrx_word' id='word_1_513' title='bbox 1952 2285 2108 2340; x_wconf 81' lang='grc' dir='ltr'>ἠθικῶν</span> <span class='ocrx_word' id='word_1_514' title='bbox 2129 2284 2366 2347; x_wconf 85' lang='grc' dir='ltr'>δογμάτων</span> <span class='ocrx_word' id='word_1_515' title='bbox 2387 2283 2538 2331; x_wconf 81' lang='grc' dir='ltr'>λαὸεῖν</span> <span class='ocrx_word' id='word_1_516' title='bbox 2557 2283 2628 2332; x_wconf 85' lang='grc' dir='ltr'><em>τὸν</em></span> <span class='ocrx_word' id='word_1_517' title='bbox 2660 2278 2953 2355; x_wconf 70' lang='grc' dir='ltr'>Πυθαγόραν</span> 
     </span>
    </p>
   </div>
   <div class='ocr_carea' id='block_1_20' title="bbox 1622 2354 2575 2494">
    <p class='ocr_par' dir='ltr' id='par_1_25' title="bbox 1622 2354 2575 2494">
     <span class='ocr_line' id='line_1_81' title="bbox 1622 2354 2575 2422; baseline 0.003 -21"><span class='ocrx_word' id='word_1_518' title='bbox 1622 2354 1743 2419; x_wconf 88' lang='grc' dir='ltr'>παρὰ</span> <span class='ocrx_word' id='word_1_519' title='bbox 1770 2358 1845 2412; x_wconf 67' lang='grc' dir='ltr'>τῆς</span> <span class='ocrx_word' id='word_1_520' title='bbox 1867 2355 2211 2418; x_wconf 84' lang='grc' dir='ltr'>Θεμιστοκλείας</span> <span class='ocrx_word' id='word_1_521' title='bbox 2233 2359 2312 2413; x_wconf 75' lang='grc' dir='ltr'><em>τῆς</em></span> <span class='ocrx_word' id='word_1_522' title='bbox 2343 2357 2575 2422; x_wconf 74' lang='grc' dir='ltr'>Δελφικῆς.</span> 
     </span>
     <span class='ocr_line' id='line_1_82' title="bbox 2247 2447 2295 2494; baseline 0.063 -3"><span class='ocrx_word' id='word_1_523' title='bbox 2247 2447 2295 2494; x_wconf 84' lang='grc'><em>3.</em></span> 
     </span>
    </p>
   </div>
   <div class='ocr_carea' id='block_1_21' title="bbox 1623 2510 2968 2679">
    <p class='ocr_par' dir='ltr' id='par_1_26' title="bbox 1623 2510 2968 2679">
     <span class='ocr_line' id='line_1_83' title="bbox 1688 2510 2968 2631; baseline 0.001 -44"><span class='ocrx_word' id='word_1_524' title='bbox 1688 2542 1888 2602; x_wconf 84' lang='lat' dir='ltr'><em>Diogen.</em></span> <span class='ocrx_word' id='word_1_525' title='bbox 1915 2545 1968 2587; x_wconf 92' lang='lat' dir='ltr'><em>L.</em></span> <span class='ocrx_word' id='word_1_526' title='bbox 2005 2545 2050 2599; x_wconf 95' lang='grc' dir='ltr'><em>Ι,</em></span> <span class='ocrx_word' id='word_1_527' title='bbox 2092 2542 2224 2587; x_wconf 89' lang='lat'>118:</span> <span class='ocrx_word' id='word_1_528' title='bbox 2235 2540 2533 2631; x_wconf 38' lang='grc' dir='ltr'>ΜἈριστόξενος</span> <span class='ocrx_word' id='word_1_529' title='bbox 2557 2541 2608 2588; x_wconf 86' lang='grc' dir='ltr'><em>δ’</em></span> <span class='ocrx_word' id='word_1_530' title='bbox 2635 2544 2698 2590; x_wconf 84' lang='grc' dir='ltr'>ἐν</span> <span class='ocrx_word' id='word_1_531' title='bbox 2717 2542 2780 2606; x_wconf 76' lang='grc' dir='ltr'><em>τῷ</em></span> <span class='ocrx_word' id='word_1_532' title='bbox 2814 2537 2956 2615; x_wconf 46' lang='grc' dir='ltr'><em>πτερὼἶ</em></span> <span class='ocrx_word' id='word_1_533' title='bbox 2936 2510 2968 2596; x_wconf 52' lang='grc' dir='ltr'><em>’ἑῖ</em></span> 
     </span>
     <span class='ocr_line' id='line_1_84' title="bbox 1623 2611 2963 2679; baseline 0.003 -20"><span class='ocrx_word' id='word_1_534' title='bbox 1623 2611 1879 2676; x_wconf 84' lang='grc' dir='ltr'>Πυθαγόρου</span> <span class='ocrx_word' id='word_1_535' title='bbox 1906 2612 1982 2659; x_wconf 82' lang='grc' dir='ltr'><em>καὶ</em></span> <span class='ocrx_word' id='word_1_536' title='bbox 2004 2615 2088 2659; x_wconf 81' lang='grc' dir='ltr'><em>τῶν</em></span> <span class='ocrx_word' id='word_1_537' title='bbox 2112 2612 2339 2678; x_wconf 84' lang='grc' dir='ltr'>γνωρίμων</span> <span class='ocrx_word' id='word_1_538' title='bbox 2377 2614 2510 2660; x_wconf 78' lang='grc' dir='ltr'>αὐτοῦ</span> <span class='ocrx_word' id='word_1_539' title='bbox 2545 2612 2649 2679; x_wconf 82' lang='grc' dir='ltr'>φησὶ</span> <span class='ocrx_word' id='word_1_540' title='bbox 2672 2612 2938 2670; x_wconf 75' lang='grc' dir='ltr'>νοσήσαντα</span> <span class='ocrx_word' id='word_1_541' title='bbox 2961 2617 2963 2619; x_wconf 69' lang='grc'><strong>’</strong></span> 
     </span>
    </p>
   </div>
   <div class='ocr_carea' id='block_1_22' title="bbox 1625 2684 2931 3289">
    <p class='ocr_par' dir='ltr' id='par_1_27' title="bbox 1625 2684 2927 2899">
     <span class='ocr_line' id='line_1_85' title="bbox 1625 2684 2920 2752; baseline 0.001 -21"><span class='ocrx_word' id='word_1_542' title='bbox 1625 2684 1753 2732; x_wconf 82' lang='grc' dir='ltr'>αὐτὸν</span> <span class='ocrx_word' id='word_1_543' title='bbox 1788 2684 1893 2748; x_wconf 83' lang='grc' dir='ltr'>(τὸν</span> <span class='ocrx_word' id='word_1_544' title='bbox 1927 2685 2190 2749; x_wconf 82' lang='grc' dir='ltr'>Φερεκύδη)</span> <span class='ocrx_word' id='word_1_545' title='bbox 2233 2685 2315 2732; x_wconf 81' lang='grc' dir='ltr'><em>ὑπὸ</em></span> <span class='ocrx_word' id='word_1_546' title='bbox 2350 2684 2608 2750; x_wconf 88' lang='grc' dir='ltr'>Πυθαγόρου</span> <span class='ocrx_word' id='word_1_547' title='bbox 2646 2703 2837 2752; x_wconf 81' lang='grc' dir='ltr'>ταφηναι</span> <span class='ocrx_word' id='word_1_548' title='bbox 2874 2686 2920 2732; x_wconf 78' lang='grc' dir='ltr'>ἐν</span> 
     </span>
     <span class='ocr_line' id='line_1_86' title="bbox 1625 2756 2927 2820; baseline -0.002 -15"><span class='ocrx_word' id='word_1_549' title='bbox 1625 2756 1776 2820; x_wconf 82' lang='grc' dir='ltr'>Δήλῳ.</span> <span class='ocrx_word' id='word_1_550' title='bbox 2240 2772 2243 2773; x_wconf 71' lang='grc'>’</span> <span class='ocrx_word' id='word_1_551' title='bbox 2923 2760 2927 2764; x_wconf 81' lang='grc'><strong>’</strong></span> 
     </span>
     <span class='ocr_line' id='line_1_87' title="bbox 2247 2850 2292 2899; baseline 0 -11"><span class='ocrx_word' id='word_1_552' title='bbox 2247 2850 2292 2899; x_wconf 78' lang='grc'><em>4.</em></span> 
     </span>
    </p>

    <p class='ocr_par' dir='ltr' id='par_1_28' title="bbox 1629 2934 2931 3289">
     <span class='ocr_line' id='line_1_88' title="bbox 1693 2934 2931 2999; baseline 0 -16"><span class='ocrx_word' id='word_1_553' title='bbox 1693 2940 1923 2998; x_wconf 85' lang='lat' dir='ltr'><em>Porphyr.</em></span> <span class='ocrx_word' id='word_1_554' title='bbox 1954 2940 2046 2984; x_wconf 88' lang='lat' dir='ltr'><em>vit.</em></span> <span class='ocrx_word' id='word_1_555' title='bbox 2079 2939 2214 2998; x_wconf 84' lang='lat' dir='ltr'><em>Pyth.</em></span> <span class='ocrx_word' id='word_1_556' title='bbox 2237 2937 2355 2998; x_wconf 65' lang='grc'><em>59·</em></span> <span class='ocrx_word' id='word_1_557' title='bbox 2386 2934 2600 2999; x_wconf 84' lang='grc' dir='ltr'>Γεγονότα</span> <span class='ocrx_word' id='word_1_558' title='bbox 2626 2935 2663 2982; x_wconf 86' lang='grc' dir='ltr'><em>δ’</em></span> <span class='ocrx_word' id='word_1_559' title='bbox 2691 2936 2798 2983; x_wconf 82' lang='grc' dir='ltr'>ἐτῶν</span> <span class='ocrx_word' id='word_1_560' title='bbox 2826 2954 2931 2995; x_wconf 79' lang='grc' dir='ltr'>τεσ-</span> 
     </span>
     <span class='ocr_line' id='line_1_89' title="bbox 1629 2996 2919 3083; baseline -0.002 -27"><span class='ocrx_word' id='word_1_561' title='bbox 1629 3009 1903 3074; x_wconf 86' lang='grc' dir='ltr'>σαράκοντα,</span> <span class='ocrx_word' id='word_1_562' title='bbox 1927 3008 2055 3072; x_wconf 81' lang='grc' dir='ltr'>φησὶν</span> <span class='ocrx_word' id='word_1_563' title='bbox 2080 3011 2102 3054; x_wconf 87' lang='grc' dir='ltr'><strong>ὁ</strong></span> <span class='ocrx_word' id='word_1_564' title='bbox 2122 3007 2434 3072; x_wconf 83' lang='grc' dir='ltr'>Ἀριστόξενος,</span> <span class='ocrx_word' id='word_1_565' title='bbox 2457 3007 2532 3055; x_wconf 78' lang='grc' dir='ltr'><em>καὶ</em></span> <span class='ocrx_word' id='word_1_566' title='bbox 2556 3010 2723 3083; x_wconf 84' lang='grc' dir='ltr'>ὁρῶντα</span> <span class='ocrx_word' id='word_1_567' title='bbox 2746 2996 2826 3067; x_wconf 86' lang='grc' dir='ltr'><em>τὴν</em></span> <span class='ocrx_word' id='word_1_568' title='bbox 2844 3011 2919 3056; x_wconf 79' lang='grc' dir='ltr'><em>τοῦ</em></span> 
     </span>
     <span class='ocr_line' id='line_1_90' title="bbox 1631 3077 2920 3146; baseline -0.001 -17"><span class='ocrx_word' id='word_1_569' title='bbox 1631 3081 1940 3146; x_wconf 85' lang='grc' dir='ltr'>Πολυκράτους</span> <span class='ocrx_word' id='word_1_570' title='bbox 1983 3077 2228 3146; x_wconf 83' lang='grc' dir='ltr'>τυραννίδα</span> <span class='ocrx_word' id='word_1_571' title='bbox 2256 3079 2574 3144; x_wconf 85' lang='grc' dir='ltr'>συντονωτέραν</span> <span class='ocrx_word' id='word_1_572' title='bbox 2614 3083 2766 3143; x_wconf 87' lang='grc' dir='ltr'>οὖσαν,</span> <span class='ocrx_word' id='word_1_573' title='bbox 2807 3077 2920 3128; x_wconf 73' lang='grc' dir='ltr'>ωστε</span> 
     </span>
     <span class='ocr_line' id='line_1_91' title="bbox 1629 3150 2921 3245; baseline -0.001 -44"><span class='ocrx_word' id='word_1_574' title='bbox 1629 3153 1826 3208; x_wconf 77' lang='grc' dir='ltr'>καλως”</span> <span class='ocrx_word' id='word_1_575' title='bbox 1803 3173 1917 3218; x_wconf 84' lang='grc' dir='ltr'>εχειν</span> <span class='ocrx_word' id='word_1_576' title='bbox 1954 3151 2162 3219; x_wconf 78' lang='grc' dir='ltr'>ἐλευθέρῳ</span> <span class='ocrx_word' id='word_1_577' title='bbox 2198 3152 2350 3245; x_wconf 69' lang='lat' dir='ltr'><em>0³thth</em></span> <span class='ocrx_word' id='word_1_578' title='bbox 2384 3152 2506 3211; x_wconf 80' lang='grc' dir='ltr'>τὴν’</span> <span class='ocrx_word' id='word_1_579' title='bbox 2489 3152 2743 3200; x_wconf 83' lang='grc' dir='ltr'>επιστασίαν</span> <span class='ocrx_word' id='word_1_580' title='bbox 2769 3171 2818 3200; x_wconf 80' lang='grc' dir='ltr'><em>τε</em></span> <span class='ocrx_word' id='word_1_581' title='bbox 2840 3150 2921 3212; x_wconf 54' lang='lat' dir='ltr'><em>aql</em></span> 
     </span>
     <span class='ocr_line' id='line_1_92' title="bbox 1631 3224 2919 3289; baseline -0.002 -15"><span class='ocrx_word' id='word_1_582' title='bbox 1631 3226 1828 3274; x_wconf 60' lang='grc' dir='ltr'>δεσποτέ</span> <span class='ocrx_word' id='word_1_583' title='bbox 1793 3246 1882 3274; x_wconf 60' lang='grc' dir='ltr'>τιαν</span> <span class='ocrx_word' id='word_1_584' title='bbox 1919 3225 1980 3287; x_wconf 84' lang='grc' dir='ltr'><em>μὴ</em></span> <span class='ocrx_word' id='word_1_585' title='bbox 2016 3225 2263 3289; x_wconf 78' lang='grc' dir='ltr'>ὖπομένειν,</span> <span class='ocrx_word' id='word_1_586' title='bbox 2292 3225 2426 3280; x_wconf 76' lang='grc' dir='ltr'>οὕτως</span> <span class='ocrx_word' id='word_1_587' title='bbox 2450 3224 2502 3283; x_wconf 86' lang='grc' dir='ltr'><em>δὴ</em></span> <span class='ocrx_word' id='word_1_588' title='bbox 2535 3224 2613 3284; x_wconf 86' lang='grc' dir='ltr'><em>τὴν</em></span> <span class='ocrx_word' id='word_1_589' title='bbox 2637 3227 2696 3280; x_wconf 85' lang='grc' dir='ltr'><em>εἷς</em></span> <span class='ocrx_word' id='word_1_590' title='bbox 2725 3224 2919 3274; x_wconf 74' lang='grc' dir='ltr'>Ἰταλίαν</span> 
     </span>
    </p>
   </div>
   <div class='ocr_carea' id='block_1_23' title="bbox 1632 3292 2917 3434">
    <p class='ocr_par' dir='ltr' id='par_1_29' title="bbox 1632 3292 2917 3434">
     <span class='ocr_line' id='line_1_93' title="bbox 1632 3292 2917 3365; baseline -0.002 -19"><span class='ocrx_word' id='word_1_591' title='bbox 1632 3299 1819 3365; x_wconf 68' lang='grc' dir='ltr'>ἄπαρσιν</span> <span class='ocrx_word' id='word_1_592' title='bbox 1846 3299 2125 3357; x_wconf 86' lang='grc' dir='ltr'>ποιήσασθαι.</span> <span class='ocrx_word' id='word_1_593' title='bbox 2157 3300 2277 3346; x_wconf 89' lang='lat' dir='ltr'><em>Vide</em></span> <span class='ocrx_word' id='word_1_594' title='bbox 2315 3301 2517 3346; x_wconf 89' lang='lat' dir='ltr'><em>Clinton.</em></span> <span class='ocrx_word' id='word_1_595' title='bbox 2549 3301 2601 3346; x_wconf 88' lang='lat' dir='ltr'><em>F.</em></span> <span class='ocrx_word' id='word_1_596' title='bbox 2630 3292 2690 3344; x_wconf 91' lang='lat' dir='ltr'><strong>H.</strong></span> <span class='ocrx_word' id='word_1_597' title='bbox 2727 3299 2794 3345; x_wconf 87' lang='lat' dir='ltr'><em>ad</em></span> <span class='ocrx_word' id='word_1_598' title='bbox 2807 3315 2917 3346; x_wconf 82' lang='lat' dir='ltr'><em>ann.</em></span> 
     </span>
     <span class='ocr_line' id='line_1_94' title="bbox 1634 3373 2034 3434; baseline -0.003 -16"><span class='ocrx_word' id='word_1_599' title='bbox 1634 3373 1745 3434; x_wconf 85' lang='lat'><em>539</em></span> <span class='ocrx_word' id='word_1_600' title='bbox 1773 3373 1842 3419; x_wconf 89' lang='lat' dir='ltr'><em>Cf.</em></span> <span class='ocrx_word' id='word_1_601' title='bbox 1869 3374 1929 3418; x_wconf 83' lang='lat' dir='ltr'><em>fr.</em></span> <span class='ocrx_word' id='word_1_602' title='bbox 1957 3373 2034 3418; x_wconf 87' lang='grc'><em>23.</em></span> 
     </span>
    </p>
   </div>
   <div class='ocr_carea' id='block_1_24' title="bbox 2257 3513 2299 3553">
    <p class='ocr_par' dir='ltr' id='par_1_30' title="bbox 2257 3513 2299 3553">
     <span class='ocr_line' id='line_1_95' title="bbox 2257 3513 2299 3553; baseline -0.024 0"><span class='ocrx_word' id='word_1_603' title='bbox 2257 3513 2299 3553; x_wconf 88' lang='lat'><em>3.</em></span> 
     </span>
    </p>
   </div>
   <div class='ocr_carea' id='block_1_25' title="bbox 1629 3606 2929 3788">
    <p class='ocr_par' dir='ltr' id='par_1_31' title="bbox 1629 3606 2929 3788">
     <span class='ocr_line' id='line_1_96' title="bbox 1679 3606 2922 3661; baseline -0.002 -11"><span class='ocrx_word' id='word_1_604' title='bbox 1679 3611 1938 3651; x_wconf 81' lang='lat' dir='ltr'><em>Aristoxenus</em></span> <span class='ocrx_word' id='word_1_605' title='bbox 1972 3611 2014 3650; x_wconf 87' lang='lat' dir='ltr'><em>in</em></span> <span class='ocrx_word' id='word_1_606' title='bbox 2048 3610 2151 3650; x_wconf 90' lang='lat' dir='ltr'><em>libro</em></span> <span class='ocrx_word' id='word_1_607' title='bbox 2186 3610 2236 3650; x_wconf 86' lang='lat' dir='ltr'><em>de</em></span> <span class='ocrx_word' id='word_1_608' title='bbox 2263 3611 2485 3661; x_wconf 84' lang='lat' dir='ltr'><em>Pythagora</em></span> <span class='ocrx_word' id='word_1_609' title='bbox 2521 3609 2688 3660; x_wconf 76' lang='lat' dir='ltr'><em>eiusque</em></span> <span class='ocrx_word' id='word_1_610' title='bbox 2717 3606 2922 3659; x_wconf 74' lang='lat' dir='ltr'><em>discipulis</em></span> 
     </span>
     <span class='ocr_line' id='line_1_97' title="bbox 1630 3671 2923 3724; baseline 0 -12"><span class='ocrx_word' id='word_1_611' title='bbox 1630 3674 1908 3724; x_wconf 83' lang='lat' dir='ltr'><em>Pherecydem,</em></span> <span class='ocrx_word' id='word_1_612' title='bbox 1926 3685 2052 3724; x_wconf 90' lang='lat' dir='ltr'><em>quum</em></span> <span class='ocrx_word' id='word_1_613' title='bbox 2068 3685 2120 3714; x_wconf 88' lang='lat' dir='ltr'><em>ex</em></span> <span class='ocrx_word' id='word_1_614' title='bbox 2135 3673 2276 3713; x_wconf 88' lang='lat' dir='ltr'><em>morbo</em></span> <span class='ocrx_word' id='word_1_615' title='bbox 2293 3676 2476 3724; x_wconf 82' lang='lat' dir='ltr'><em>mortuus</em></span> <span class='ocrx_word' id='word_1_616' title='bbox 2490 3675 2606 3723; x_wconf 81' lang='lat' dir='ltr'><em>esset,</em></span> <span class='ocrx_word' id='word_1_617' title='bbox 2629 3673 2670 3712; x_wconf 82' lang='lat' dir='ltr'><em>in</em></span> <span class='ocrx_word' id='word_1_618' title='bbox 2686 3672 2784 3713; x_wconf 85' lang='lat' dir='ltr'><em>Delo</em></span> <span class='ocrx_word' id='word_1_619' title='bbox 2795 3671 2923 3712; x_wconf 69' lang='lat' dir='ltr'><em>insuta</em></span> 
     </span>
     <span class='ocr_line' id='line_1_98' title="bbox 1629 3738 2929 3788; baseline 0.001 -11"><span class='ocrx_word' id='word_1_620' title='bbox 1629 3748 1653 3777; x_wconf 86' lang='lat' dir='ltr'><em>a</em></span> <span class='ocrx_word' id='word_1_621' title='bbox 1675 3738 1898 3788; x_wconf 82' lang='lat' dir='ltr'><em>Pythagora</em></span> <span class='ocrx_word' id='word_1_622' title='bbox 1916 3738 1974 3778; x_wconf 84' lang='lat' dir='ltr'><em>ait</em></span> <span class='ocrx_word' id='word_1_623' title='bbox 1991 3748 2074 3778; x_wconf 86' lang='lat' dir='ltr'><em>esse</em></span> <span class='ocrx_word' id='word_1_624' title='bbox 2093 3739 2306 3788; x_wconf 87' lang='lat' dir='ltr'><em>sepultum.</em></span> <span class='ocrx_word' id='word_1_625' title='bbox 2927 3751 2929 3754; x_wconf 88' lang='lat'>·</span> 
     </span>
    </p>
   </div>
   <div class='ocr_carea' id='block_1_26' title="bbox 2251 3836 2296 3876">
    <p class='ocr_par' dir='ltr' id='par_1_32' title="bbox 2251 3836 2296 3876">
     <span class='ocr_line' id='line_1_99' title="bbox 2251 3836 2296 3876; baseline -0.044 0"><span class='ocrx_word' id='word_1_626' title='bbox 2251 3836 2296 3876; x_wconf 79' lang='lat'><em>4.</em></span> 
     </span>
    </p>
   </div>
   <div class='ocr_carea' id='block_1_27' title="bbox 1631 3921 2909 4220">
    <p class='ocr_par' dir='ltr' id='par_1_33' title="bbox 1631 3915 2917 4220">
     <span class='ocr_line' id='line_1_100' title="bbox 1682 3921 2779 3975; baseline -0.005 -10"><span class='ocrx_word' id='word_1_627' title='bbox 1682 3925 1938 3965; x_wconf 78' lang='lat' dir='ltr'><em>Aristoxenus</em></span> <span class='ocrx_word' id='word_1_628' title='bbox 1980 3925 2100 3964; x_wconf 72' lang='lat' dir='ltr'><em>refert</em></span> <span class='ocrx_word' id='word_1_629' title='bbox 2142 3924 2427 3975; x_wconf 81' lang='lat' dir='ltr'><em>Pythagoram,</em></span> <span class='ocrx_word' id='word_1_630' title='bbox 2469 3930 2596 3962; x_wconf 83' lang='lat' dir='ltr'><em>annos</em></span> <span class='ocrx_word' id='word_1_631' title='bbox 2639 3921 2779 3961; x_wconf 81' lang='lat' dir='ltr'><em>natum</em></span> 
     </span>
     <span class='ocr_line' id='line_1_101' title="bbox 1631 3982 2909 4039; baseline -0.004 -11"><span class='ocrx_word' id='word_1_632' title='bbox 1631 3988 1838 4039; x_wconf 80' lang='lat' dir='ltr'><em>draginta,</em></span> <span class='ocrx_word' id='word_1_633' title='bbox 1875 3998 2002 4038; x_wconf 90' lang='lat' dir='ltr'><em>quum</em></span> <span class='ocrx_word' id='word_1_634' title='bbox 2042 3987 2262 4037; x_wconf 82' lang='lat' dir='ltr'><em>Polycratis</em></span> <span class='ocrx_word' id='word_1_635' title='bbox 2300 3986 2552 4037; x_wconf 85' lang='lat' dir='ltr'><em>tyrannidem</em></span> <span class='ocrx_word' id='word_1_636' title='bbox 2589 3982 2880 4025; x_wconf 69' lang='lat' dir='ltr'><em>vehementiore</em></span> <span class='ocrx_word' id='word_1_637' title='bbox 2896 4024 2909 4033; x_wconf 7' lang='grc' dir='ltr'><em>,Ἰ</em></span> 
     </span>
     <span class='ocr_line' id='line_1_102' title="bbox 1632 4038 2900 4103; baseline -0.003 -11"><span class='ocrx_word' id='word_1_638' title='bbox 1632 4054 1832 4102; x_wconf 72' lang='lat' dir='ltr'><em>cerneret,</em></span> <span class='ocrx_word' id='word_1_639' title='bbox 1853 4063 1974 4103; x_wconf 82' lang='lat' dir='ltr'><em>quam</em></span> <span class='ocrx_word' id='word_1_640' title='bbox 1993 4053 2037 4091; x_wconf 86' lang='lat' dir='ltr'><em>ut</em></span> <span class='ocrx_word' id='word_1_641' title='bbox 2057 4052 2224 4102; x_wconf 84' lang='lat' dir='ltr'><em>ingenuo</em></span> <span class='ocrx_word' id='word_1_642' title='bbox 2244 4051 2393 4091; x_wconf 88' lang='lat' dir='ltr'><em>homini</em></span> <span class='ocrx_word' id='word_1_643' title='bbox 2415 4050 2626 4101; x_wconf 80' lang='lat' dir='ltr'><em>imperium</em></span> <span class='ocrx_word' id='word_1_644' title='bbox 2645 4038 2869 4090; x_wconf 78' lang='lat' dir='ltr'><em>dominatui</em></span> <span class='ocrx_word' id='word_1_645' title='bbox 2886 4087 2900 4100; x_wconf 33' lang='lat' dir='ltr'><em>f</em></span> 
     </span>
     <span class='ocr_line' id='line_1_103' title="bbox 1631 4111 2888 4166; baseline 0 -11"><span class='ocrx_word' id='word_1_646' title='bbox 1631 4127 1711 4166; x_wconf 84' lang='lat' dir='ltr'><em>que</em></span> <span class='ocrx_word' id='word_1_647' title='bbox 1737 4116 1848 4156; x_wconf 87' lang='lat' dir='ltr'><em>istius</em></span> <span class='ocrx_word' id='word_1_648' title='bbox 1869 4117 1969 4156; x_wconf 75' lang='lat' dir='ltr'><em>ferre</em></span> <span class='ocrx_word' id='word_1_649' title='bbox 1996 4116 2153 4166; x_wconf 82' lang='lat' dir='ltr'><em>liceret,</em></span> <span class='ocrx_word' id='word_1_650' title='bbox 2181 4113 2257 4156; x_wconf 86' lang='lat' dir='ltr'><em>hac</em></span> <span class='ocrx_word' id='word_1_651' title='bbox 2291 4114 2500 4156; x_wconf 86' lang='lat' dir='ltr'><em>occasione</em></span> <span class='ocrx_word' id='word_1_652' title='bbox 2525 4114 2566 4155; x_wconf 84' lang='lat' dir='ltr'><em>in</em></span> <span class='ocrx_word' id='word_1_653' title='bbox 2597 4113 2750 4154; x_wconf 81' lang='lat' dir='ltr'><em>ltaliam</em></span> <span class='ocrx_word' id='word_1_654' title='bbox 2774 4111 2828 4153; x_wconf 69' lang='lat' dir='ltr'><em>di.-</em></span> <span class='ocrx_word' id='word_1_655' title='bbox 2866 4127 2888 4158; x_wconf 50' lang='grc' dir='ltr'>ι.</span> 
     </span>
     <span class='ocr_line' id='line_1_104' title="bbox 1637 4180 1744 4220; baseline 0.021 -2"><span class='ocrx_word' id='word_1_656' title='bbox 1637 4180 1744 4220; x_wconf 86' lang='lat' dir='ltr'><em>sisse.</em></span> 
     </span>
    </p>
   </div>
   <div class='ocr_carea' id='block_1_28' title="bbox 2919 0 3016 4628">
    <p class='ocr_par' dir='ltr' id='par_1_34' title="bbox 2919 0 3016 4628">
     <span class='ocr_line' id='line_1_105' title="bbox 2919 0 3016 4628; baseline 0 0"><span class='ocrx_word' id='word_1_657' title='bbox 2919 0 3016 4628; x_wconf 95' lang='lat' dir='ltr'><em> </em></span> 
     </span>
    </p>
   </div>
  </div>
 </body>
</html>
