3016 4628
302 297 387 334 324

297 416 314 431 u
336 390 408 438 καί
422 407 528 435 τισιν
544 386 695 450 ἑτέροις
715 387 797 432 τῶν
816 382 1110 447 σχολαστικῶν
1122 416 1133 436 ,
1151 376 1409 443 πειρώμενος
1426 376 1565 422 αὐτῶν

298 487 314 503 ἰ
336 464 409 517 τῆς
438 459 599 524 σοφίας.
628 457 708 511 Ὡς
732 455 776 503 δὲ
815 454 989 507 πολλοῖς
1025 455 1108 499 τῶν
1145 453 1187 498 ἐν
1221 448 1395 512 παιδείᾳ
1434 466 1568 511 συνῳ·

299 559 314 574 u
335 533 504 590 κείωτο,
527 528 755 595 παρεδίδου
772 547 813 575 τι
834 520 996 590 μᾶλλον
1020 517 1078 572 ὧν
1101 516 1230 586 εἶχεν.
1258 541 1276 565 ι
1305 518 1439 569 Ταῦτ’
1459 517 1578 581 εἴρη*

299 624 369 652 κεν
395 602 688 667 Ἀριστοτέλης
702 599 823 665 παρὰ
842 601 903 665 τῷ
925 596 1163 660 Κλεάρχῳ,
1181 593 1255 641 καὶ
1274 590 1449 657 προσέτι
1467 590 1575 635 πολ·

302 678 380 735 λὴν
407 676 481 723 καὶ
511 674 750 738 θαυμάσιον
776 669 1004 736 καρτερίαν
1028 673 1102 715 τοῦ
1126 663 1334 714 Ἰουδαίου
1361 661 1508 723 ἀνδρὸς
1536 661 1578 706 ἐν

301 753 353 812 τῇ
375 747 516 811 διαίτῃ
533 747 606 794 καὶ
629 743 880 811 σωφροσύνῃ
903 740 1078 796 διεξιών.
1105 740 1279 786 ”Evam
1301 734 1344 782 δὲ
1371 739 1458 786 τοῖς
1480 735 1578 797 βου-

300 819 490 883 λομένοις
507 818 548 874 ἐξ
566 820 694 866 αὐτοῦ
710 817 759 864 τὸ
778 815 905 862 πλέον
928 815 1084 876 γνῶναι
1107 813 1179 857 τοῦ
1206 805 1393 872 βιὸλίου·
1419 803 1579 870 φυλάτ-

301 912 428 955 τομαι
460 891 543 956 γὰρ
578 890 662 953 ἐγὼ
692 889 745 936 τὰ
778 886 912 934 πλείω
938 887 1023 932 τῶν
1060 884 1216 930 ἱκανῶν
1252 875 1576 943 παρατίθεσθαι.

305 963 526 1027 Κλέαρχος
550 962 626 1023 μὲν
642 953 712 1008 οὖν
734 963 775 1008 ἐν
791 955 1054 1022 παρεκὸάσει
1078 952 1196 1000 ταῦτ’
1220 951 1384 1015 εἴρηκεν
1407 947 1478 1013 (τὸ
1497 945 1579 1011 γὰρ

302 1035 577 1099 προκείμενον
612 1035 728 1097 αὐτῷ
764 1025 814 1088 ἧν
850 1029 988 1093 ἕτερον
1010 1025 1048 1090 ),
1082 1024 1214 1077 οὕτως
1250 1025 1374 1084 ἡμῶν
1409 1037 1576 1082 μνημο-

300 1107 467 1160 νεύσας.

366 1181 537 1226 Eadem
559 1195 583 1223 e
607 1178 806 1236 Josepho
827 1173 1046 1218 Eusebius
1065 1173 1115 1215 Ρ.
1134 1172 1184 1215 Ε.
1205 1170 1274 1213 IX
1289 1202 1300 1223 ‚
1326 1166 1370 1223 5,
1389 1182 1439 1225 p.
1470 1170 1576 1224 409.

302 1254 466 1298 Obiter
489 1253 553 1295 rei
582 1249 788 1294 meminit
811 1247 1019 1291 Clemens
1042 1241 1293 1288 Alexandr.
1327 1240 1497 1284 Strom.
1524 1238 1547 1280 I
1562 1270 1574 1291 ‚

304 1341 349 1383 p.
385 1323 494 1378 130,
537 1338 596 1366 20
622 1322 695 1367 ed.
725 1319 850 1377 Sylb.
889 1331 898 1362 :
938 1311 1158 1376 Κλέαρχος
1197 1313 1219 1356 ὁ
1243 1304 1579 1373 περιπατητικὸς

303 1394 455 1441 εἰδέναι
487 1392 590 1457 φησί
626 1409 717 1436 τινα
744 1389 972 1445 Ἰουδαῖον,
1000 1385 1042 1438 ὃς
1080 1380 1362 1447 Ἀριστοτέλει
1402 1377 1577 1441 συνεγέ-

302 1483 412 1513 νετο.
456 1466 592 1524 Quod
632 1465 793 1507 attinet
829 1460 1035 1505 Clearchi
1060 1458 1231 1501 librum
1268 1452 1376 1516 Περὶ
1418 1449 1576 1507 ὕπνου,

303 1540 451 1583 forma
475 1537 702 1595 dialogica
721 1534 941 1592 scriptum
955 1567 967 1588 ‚
986 1533 1033 1574 in
1058 1545 1151 1588 quo
1170 1530 1289 1572 inter
1305 1527 1392 1571 alia
1408 1526 1579 1570 Aristo·

302 1611 437 1654 telem
478 1608 738 1651 convenisse
771 1604 981 1648 Judaeum
1013 1601 1172 1660 fingit,
1204 1614 1308 1643 eum
1342 1612 1435 1642 esse
1472 1611 1578 1656 sup·

301 1681 554 1738 posititium
596 1678 669 1721 vel
707 1677 763 1720 ab
802 1678 899 1735 ipso
936 1674 1137 1732 Josepho
1184 1670 1342 1714 fictum
1383 1682 1578 1713 censue-

301 1760 409 1795 runt
439 1751 618 1794 Jonsius
643 1750 825 1807 Scriptt.
851 1747 956 1793 hist.
989 1745 1103 1805 phil.
1136 1760 1184 1803 p.
1210 1742 1270 1802 98
1296 1751 1340 1786 et
1362 1742 1575 1786 Meiners.

304 1825 474 1868 Histor.
516 1821 714 1865 doctri-n.
756 1827 841 1862 etc.
888 1819 931 1873 Ι,
966 1832 1014 1876 p.
1051 1831 1160 1861 212.
1197 1818 1479 1874 Argumenta
1504 1820 1576 1856 ta-

303 1910 407 1939 men
430 1910 529 1953 quae
562 1893 862 1952 praetulerunt
887 1890 1010 1948 justo
1044 1896 1198 1932 carent
1221 1895 1484 1942 momento,
1507 1886 1577 1928 uti

301 1974 424 2010 recte
461 1967 652 2024 exponit
679 1967 907 2009 Verraert.
934 1978 982 2021 p.
1023 1975 1080 2016 72
1117 1975 1218 2018 sqq.
1252 1959 1577 2003 Commentum

302 2038 420 2081 istud
449 2038 506 2081 de
537 2037 701 2082 Judaeis
726 2051 750 2079 a
770 2033 1166 2094 Gymnosophistis
1197 2031 1407 2075 oriundis
1435 2030 1577 2089 tangit

301 2110 492 2153 Bohlen.
520 2111 610 2152 Alt.
638 2110 799 2151 Imlien
824 2110 871 2162 Ι,
891 2122 941 2166 p.
965 2104 1074 2164 289.

710 2215 854 2261 ΠΕΡΙ
892 2213 1054 2262 ΝΑΡΚ
1064 2212 1158 2259 ΗΣ.

897 2345 970 2385 70.

367 2435 607 2478 Athenaeus
619 2435 718 2489 VII,
731 2449 776 2494 p.
793 2432 817 2477 3
828 2439 899 2489 14,
912 2434 946 2478 C
962 2449 972 2476 :
990 2429 1267 2496 Θεόφραστος
1279 2431 1316 2477 δ’
1331 2432 1373 2477 ἐν
1386 2432 1448 2494 τῷ
1462 2430 1576 2496 Περὶ

300 2506 382 2548 τῶν
407 2503 676 2568 φωλευόντων
708 2502 777 2550 διὰ
804 2502 850 2550 τὸ
880 2502 1014 2568 ψῦχός
1037 2521 1142 2568 φησι
1172 2502 1250 2561 τὴν
1274 2501 1437 2567 νάρκην
1459 2502 1574 2550 κατὰ

298 2579 374 2637 γῆς
394 2575 577 2622 δύεσθαι.
591 2576 669 2624 Ἐν
682 2575 726 2622 δὲ
745 2579 805 2640 τῷ
824 2575 933 2641 Περὶ
945 2578 1029 2622 τῶν
1051 2574 1239 2622 δακέτων
1259 2574 1334 2621 καὶ
1357 2576 1572 2639 βλητικῶν

303 2646 614 2710 διαπέμπεσθαί
645 2667 747 2713 φησι
770 2647 846 2706 τὴν
867 2647 1026 2712 νάρκην
1048 2646 1124 2705 τὴν
1146 2649 1217 2712 ἀφ’
1238 2650 1371 2705 αὓτῆς
1388 2645 1568 2709 δύναμιν

304 2720 373 2765 καὶ
404 2719 472 2766 διὰ
496 2722 577 2766 τῶν
610 2720 740 2775 ξύλων
766 2721 839 2767 καὶ
864 2720 933 2767 διὰ
955 2724 1041 2768 τῶν
1065 2719 1343 2785 τριοδόντων,
1369 2724 1575 2768 ποιοῦσαν

303 2856 419 2895 ciens.
442 2859 567 2907 Atque
581 2887 592 2906 ‚
612 2859 656 2897 ut
671 2868 760 2897 cum
778 2858 959 2909 plurimis
974 2858 1155 2898 doctrina
1170 2858 1450 2910 praestantibus
1465 2857 1577 2898 fami·

305 2921 446 2960 liariter
473 2922 643 2972 vixerat,
664 2923 751 2973 plus
769 2924 968 2974 aliquanto
997 2935 1117 2974 quam
1149 2925 1345 2975 acciperet
1364 2923 1572 2964 nobiscum
1648 2953 1658 2963 ,

307 2984 370 3023 ille
398 2986 724 3026 communicabat.
758 3003 776 3021 n
799 2989 893 3027 Haec
918 2987 1018 3027 dixit
1049 2988 1275 3028 Aristoteles
1303 2987 1411 3039 apud
1437 2988 1576 3027 Clear-

306 3047 446 3094 chum,
470 3049 509 3086 et
527 3059 645 3099 super
674 3049 759 3088 haec
777 3051 942 3090 multam
971 3062 1018 3090 ac
1042 3051 1263 3092 mirabilem
1286 3051 1416 3092 Judaei
1438 3051 1513 3091 viri
1535 3051 1577 3091 in

307 3112 411 3150 victu
427 3114 704 3153 continentiam
720 3117 759 3154 et
774 3115 1040 3155 castimoniam
1060 3119 1207 3158 narrat.
1229 3118 1340 3158 Licet
1356 3118 1490 3157 autem
1507 3127 1574 3157 vo·

308 3175 477 3214 lentibus
494 3177 580 3226 plus
595 3187 645 3216 ex
667 3178 747 3227 ipso
766 3178 865 3218 libro
883 3190 1115 3230 cognoscere
1137 3197 1146 3221 :
1167 3181 1264 3221 mihi
1285 3181 1391 3221 enim
1412 3181 1575 3220 cautum

309 3242 366 3279 et
387 3251 436 3279 ne
462 3241 572 3291 plura
590 3253 709 3292 quam
734 3243 900 3283 sufficiat
915 3245 1105 3294 adjiciam.
1124 3247 1172 3286 Et
1188 3247 1405 3287 Clearchus
1419 3245 1579 3297 quidem

308 3316 353 3343 vx
370 3304 602 3353 digressione
624 3306 696 3346 ista
711 3306 808 3346 dixit
830 3307 955 3357 (aliud
970 3310 1073 3349 enim
1089 3310 1161 3361 ipsi
1183 3311 1433 3362 propositum
1451 3311 1577 3362 erat),

307 3369 427 3407 nostri
450 3369 597 3417 generis
619 3370 666 3408 ad
684 3371 784 3409 hunc
811 3371 969 3411 modum
988 3374 1185 3415 mentione
1207 3375 1322 3415 facta.

696 3484 774 3531 ΠΕ
807 3486 1179 3536 TORPEDINE.

895 3608 965 3646 70.

358 3718 668 3768 Theophrastus,
702 3721 738 3759 in
767 3722 863 3760 libro
892 3726 945 3762 De
974 3725 1236 3777 latitantibus,
1254 3730 1499 3779 torpedinem
1526 3730 1580 3771 ait

308 3784 436 3822 hieme
447 3782 499 3821 ob
512 3783 631 3830 frigus
644 3787 785 3823 terram
802 3786 943 3827 subire.
962 3790 1005 3827 ln
1018 3789 1117 3829 libro
1129 3802 1222 3830 vero
1236 3795 1292 3832 De
1305 3794 1575 3835 animantibus

306 3858 397 3896 quoe
414 3857 545 3886 morsu
562 3849 600 3886 et
621 3847 699 3886 ictu
716 3848 862 3888 leniunt
877 3880 887 3899 ,
904 3851 984 3890 vim
1009 3863 1117 3893 suam
1138 3855 1316 3896 emittere
1332 3858 1386 3898 ait
1404 3859 1578 3910 torpedi-

308 3921 397 3950 uem
413 3911 532 3951 etiam
550 3922 617 3962 per
634 3912 754 3951 fustes
779 3915 817 3951 et
845 3913 995 3964 furcas,
1015 3919 1169 3967 torpere
1184 3920 1390 3962 facientem
1416 3923 1488 3963 hos
1508 3925 1577 3975 qui

310 3976 346 4013 in
379 3974 559 4013 manibus
574 3974 652 4013 tale
674 3974 767 4024 quia
788 3977 935 4016 tenent.
966 3979 1088 4028 Cujus
1107 3982 1159 4019 rei
1189 3993 1344 4023 causam
1365 3986 1579 4036 explicavit

307 4038 517 4078 clearchus
547 4038 716 4078 Solensis
745 4041 783 4078 in
814 4040 912 4079 libro
940 4044 995 4081 De
1025 4044 1246 4095 torpedine5
1268 4048 1335 4087 sed
1357 4050 1476 4090 verba
1495 4050 1580 4101 ejus

307 4113 429 4152 quum
447 4103 658 4152 prolixiora
673 4103 747 4143 sint
761 4134 771 4152 ,
790 4107 977 4145 memoria
997 4117 1074 4147 non
1088 4110 1217 4159 tenore
1242 4122 1362 4161 quare
1380 4114 1427 4153 ad
1448 4115 1575 4165 ipsum

307 4165 451 4204 librum
471 4177 538 4204 vos
556 4166 726 4206 remitto.

1296 268 1606 319 CLEARCHI
1643 260 1936 314 SOLENSlS

1653 375 1814 434 ναρκᾶν
1839 365 1933 419 τοὺς
1965 366 2007 411 ἐν
2031 368 2173 427 χεροῖν
2197 359 2391 422 ἔχοντας.
2431 354 2595 420 Εἴρηκε
2620 353 2662 401 δὲ
2696 353 2772 414 τὴν
2797 352 2939 403 αἰτίᾶν
2965 339 2974 366 ⁴¹

1658 439 1881 504 Κλέαρχος
1900 441 1922 483 ὃ
1948 429 2108 487 Σολεὺς
2126 434 2168 480 ἐν
2187 434 2248 496 τῷ
2267 428 2379 494 Περὶ
2409 426 2586 492 νάρκης.
2612 426 2750 491 Ἃπερ
2775 425 2942 499 μακρᾷ-

1655 531 1757 576 τερα
1781 510 1883 558 ὄντα
1919 505 2234 566 ἐπιλέλησμαι,
2267 503 2378 564 ὑμᾶς
2413 498 2459 546 δὲ
2485 499 2556 546 ἐπὶ
2589 497 2639 545 τὸ
2676 498 2959 571 σύγγραμμα..ἶι

1656 581 1916 644 ἀναπέμπω.

2050 661 2200 710 ΠΕΡΙ
2236 658 2543 708 ΠΑΝΙΚΟΥ.

2203 807 2206 810 .
2260 785 2339 827 71.
2690 804 2694 807 ⁴
2942 807 2966 843 ’ἐ
3010 790 3015 791 ⁷

1719 885 1964 929 Athenaeus
1978 881 2065 936 IX,
2076 895 2124 939 p.
2139 879 2249 939 389,
2259 879 2316 940 E,
2328 878 2366 923 F
2380 891 2392 923 t
2406 873 2632 940 Κλέαρχος
2645 872 2691 922 δὲ
2703 874 2746 923 ἓν
2758 875 2821 939 τῷ
2834 865 2969 942 Περῖἷῖς
3010 891 3013 931 j

1652 960 1727 1004 τοῦ
1756 957 1978 1010 Πανικοῦ,
2005 973 2024 994 «
2052 953 2108 999 Οἱ
2127 948 2324 1015 στρουθοὶ
2354 947 2503 1014 (φησὶ)
2533 948 2606 1013 χοῖ
2639 947 2864 1014 πέρδικες,
2884 946 2961 997 ἔτι
3011 1000 3014 1001 ⁷

1655 1027 1699 1075 δὲ
1723 1030 1762 1075 οἱ
1789 1023 2068 1090 ἀλεκτρυόνες
2093 1021 2168 1070 καὶ
2188 1023 2227 1069 οἱ
2253 1020 2453 1087 ὄρτυγες,
2475 1017 2698 1086 προΐενται
2716 1018 2795 1079 τὴν
2816 1018 2938 1084 γονὴἼ
2958 1038 2973 1086 5

1654 1101 1701 1146 οὗ
1744 1096 1870 1161 μόνον
1907 1095 2065 1148 ἰδόντες
2101 1092 2178 1148 τὰς
2216 1092 2408 1151 θηλείας,
2438 1093 2553 1140 ἀλλὰ
2590 1091 2672 1140 κᾶν
2705 1091 2908 1142 ἁκούσωσ

1654 1174 1792 1218 αὐτῶν
1827 1168 1904 1227 τὴν
1931 1165 2090 1234 φωνήν.
2115 1164 2284 1216 Τούτου
2311 1164 2359 1213 δὲ·
2377 1163 2514 1213 αἴτιον
2547 1167 2576 1224 ἡ
2600 1167 2655 1230 τῇ
2689 1166 2809 1231 ψυχῇ
2828 1165 2955 1230 γινο-

1655 1243 1761 1307 μένη
1798 1239 2012 1307 φαντασία
2045 1238 2144 1306 περὶ
2178 1241 2263 1286 τῶν
2287 1239 2597 1302 πλησιασμῶν.
2624 1237 2969 1306 ΦανερώτατονἸ
3008 1287 3011 1306 ,Ι

1654 1315 1699 1363 δὲ
1722 1314 1884 1378 γίνεται
1905 1311 2005 1378 περὶ
2030 1311 2107 1366 τὰς
2124 1311 2269 1377 ὀχείας
2283 1349 2295 1371 ,
2313 1308 2414 1359 ὅταν
2439 1309 2482 1366 ἐξ
2499 1310 2695 1366 ἐναντίας
2713 1313 2856 1367 αὐτοῖς
2874 1315 2965 1371 θῆς,·
3007 1354 3010 1369 3

1651 1387 1920 1450 κάτοπτρον·
1957 1383 2295 1450 προστρέχοντες
2316 1382 2400 1448 γὰρ
2423 1383 2495 1430 διὰ
2532 1383 2610 1443 τὴν
2636 1381 2824 1450 ἔμφασιν
2852 1364 2963 1451 ἁλί-ζ
3007 1372 3009 1395 ³

1654 1458 1830 1507 σκονταί
1846 1477 1909 1517 ,τε
1943 1457 2016 1504 καὶ
2038 1451 2259 1522 προίενται
2282 1455 2331 1503 τὸ
2355 1456 2562 1518 σπέρμα,
2592 1454 2708 1514 πλὴν
2729 1456 2814 1503 τῶν
2843 1454 2947 1503 ἀλε·
3006 1457 3009 1460 ’

1652 1531 1867 1597 κτρυόνων
1886 1548 1896 1558 ·
1919 1527 2083 1584 τούτοις
2105 1529 2150 1576 δὲ
2170 1532 2199 1586 ἡ
2223 1532 2301 1587 τῆς
2325 1528 2552 1595 ἐμφάσεως
2572 1527 2767 1588 αἴσθησις
2789 1529 2848 1583 εἰς
2869 1527 2950 1591 μά-

1652 1623 1736 1669 χην
1757 1603 1999 1670 προάγεται
2024 1603 2169 1667 μόνον.
2199 1623 2220 1646 ι»
2245 1604 2401 1652 Ταῦτα
2425 1599 2503 1666 μὲν
2526 1605 2550 1650 ὁ
2571 1601 2815 1672 Κλέαρχος.

2027 1725 2181 1774 ΠΕΡΙ
2217 1725 2570 1775 ΣΚΕΛΕΤΩΝ.

2000 1845 2037 1888 Ε
2072 1844 2258 1889 LIBRO
2299 1843 2602 1892 SECUNDO.

2246 1960 2365 2016 72.

1718 2067 1964 2111 Athenaeus
1987 2066 2081 2122 IX,
2102 2081 2151 2126 p.
2172 2065 2293 2126 399,
2308 2067 2374 2113 B:
2395 2062 2624 2130 Κλέαρχος
2638 2064 2677 2111 δ’
2697 2063 2741 2111 ἐν
2765 2061 2950 2132 δευτέρῳ

1658 2136 1768 2202 Περὶ
1809 2137 2022 2184 σκελετῶν
2056 2135 2190 2192 οὕτως
2231 2135 2357 2203 φησί·
2394 2158 2414 2178 ιι
2446 2135 2615 2202 Σάρκες
2649 2135 2820 2200 μυωταὶ
2855 2135 2951 2188 καθ’

1652 2212 1852 2276 ἑκάτερον
1878 2209 2004 2274 μέρος
2035 2210 2048 2272 (
2062 2207 2258 2275 μηρὸνὲ)
2274 2245 2287 2268 ,
2314 2207 2364 2264 ἃς
2384 2209 2424 2256 οἱ
2449 2207 2527 2271 μὲν
2546 2209 2680 2275 ψύας,
2703 2210 2744 2257 οἱ
2767 2205 2812 2256 δὲ
2836 2206 2950 2257 ἅλιξι·

1652 2302 1810 2342 πεκας,
1834 2284 1872 2329 οἱ
1895 2283 1939 2329 δὲ
1960 2281 2256 2348 νεφρομήτρας
2282 2283 2478 2330 καλοῦσι.
2498 2303 2520 2324 ι»
2958 2279 2959 2282 ’

1717 2359 1885 2403 Pollux
1904 2359 1951 2402 ΙΙ
1964 2391 1977 2413 ,
2005 2355 2094 2402 185
2118 2373 2129 2401 ε
2150 2356 2209 2404 Οἱ
2223 2354 2268 2402 δὲ
2282 2353 2446 2402 ἔνδοθεν
2463 2353 2578 2403 κατὰ
2592 2353 2671 2414 τὴν
2683 2353 2818 2421 ὀσφὺν
2838 2357 2951 2418 μῦες-

1651 2430 1885 2475 καλοῦνται
1906 2425 2012 2494 ψόαι
2031 2426 2106 2475 καὶ
2121 2430 2409 2492 νευρομῆτραι
2431 2428 2489 2492 (l.
2510 2425 2814 2493 affamini
2830 2420 2951 2484 W

1653 2519 1796 2554 πεκες.
1827 2499 1883 2548 Ὁ
1913 2499 1957 2548 δὲ
1985 2499 2214 2566 Κλέαρχος
2244 2497 2343 2554 τοὺς
2366 2499 2517 2556 ἔξωθεν
2539 2498 2654 2548 κατὰ
2675 2499 2872 2567 τῆςράχ
2902 2529 2907 2540 ‹
2951 2518 2963 2541 ’

1655 2578 1736 2636 μῦς
1765 2572 1899 2627 οὕτως
1926 2571 2142 2636 ὀνομάζει.
2166 2575 2343 2620 Eadem
2370 2575 2516 2620 habet
2545 2574 2696 2620 Rufus
2727 2574 2961 2636 Ephesiae

1655 2650 1703 2692 in
1735 2649 1895 2692 libello
1924 2650 1997 2693 De
2023 2648 2339 2708 appellatione
2367 2649 2572 2709 partium
2605 2650 2820 2710 corporis
2853 2648 2950 2698 htx-'²‘

1650 2722 1803 2776 mani,
1840 2721 1927 2765 nisi
1959 2721 2092 2780 quod
2125 2736 2217 2780 pro
2243 2721 2470 2767 Clearcho
2503 2734 2756 2782 perperam
2792 2719 2950 2768 laudat

2115 2857 2198 2904 DE
2233 2857 2479 2906 PANICO.

2255 2965 2327 3005 71.
2744 2991 2766 3007 .-

1710 3053 1927 3094 Clearchus
1947 3052 1990 3092 in
2015 3052 2117 3094 libro
2132 3052 2182 3094 de
2205 3053 2349 3093 Panico
2364 3053 2502 3093 scribit
2524 3065 2535 3094 ς
2557 3069 2577 3088 «ι
2602 3055 2783 3096 passeres
2797 3055 2839 3095 et
2855 3065 2926 3107 per

1652 3117 1759 3157 dices
1772 3147 1784 3166 ,
1809 3117 1906 3157 item
1926 3116 2018 3167 galli
2036 3116 2242 3167 gallinacei
2255 3118 2296 3157 et
2317 3117 2564 3168 coturnices,
2581 3127 2717 3159 semen
2733 3119 2944 3170 emittunt,

1652 3192 1734 3221 non
1749 3180 1868 3221 modo
1883 3191 2011 3231 quum
2026 3179 2163 3220 vident
2178 3180 2366 3231 feminas,
2382 3180 2453 3221 sed
2464 3183 2617 3240 etyoce
2632 3175 2792 3223 tantum
2806 3193 2902 3224 eam
2915 3200 2934 3219 ιι

1652 3245 1805 3286 audita.
1824 3244 1948 3295 Cujus
1975 3244 2032 3284 rei
2058 3255 2177 3284 causa
2205 3246 2265 3285 est
2281 3244 2486 3296 ‘impressa
2514 3245 2557 3286 in
2581 3245 2715 3287 animo
2733 3247 2891 3288 veneris
2908 3259 2931 3287 e

1654 3309 1782 3349 coitus
1813 3309 2054 3360 imaginatio.
2085 3308 2150 3349 Fit
2181 3309 2260 3349 hoc
2291 3309 2680 3360 manifestissimum,
2710 3309 2744 3352 si
2772 3311 2883 3364 pruri

1654 3375 1832 3424 tempore
1850 3383 1902 3413 ex
1916 3372 2085 3413 adverso
2101 3372 2270 3418 masculi
2285 3373 2491 3424 speculum
2505 3374 2696 3426 posueris.
2721 3377 2902 3416 Act-,urm

1655 3437 1760 3478 enim
1783 3438 1913 3488 specie
1926 3437 2104 3489 decepti,
2120 3439 2162 3478 et
2176 3437 2264 3490 capi
2282 3448 2326 3488 se
2340 3439 2500 3490 sinunt,
2513 3450 2729 3492 semenque
2743 3441 2912 3485 emitum

1654 3503 1828 3553 exceptis
1859 3504 1994 3542 tamen
2013 3502 2138 3553 gallis.
2161 3502 2212 3543 Hi
2237 3502 2344 3543 enim
2371 3502 2552 3554 imaginis
2577 3506 2742 3555 aspectu
2767 3515 2850 3546 non
2871 3506 2911 3547 ni

1654 3569 1703 3608 ad
1724 3579 1895 3619 pugnam
1915 3560 2155 3608 excitantur.
2175 3582 2196 3602 «
2217 3567 2420 3608 Hactenus
2436 3567 2665 3610 Clearchus.

2078 3662 2164 3711 DE
2199 3661 2509 3711 SCELETIS.

2256 3766 2330 3806 72.

1705 3854 1919 3895 Clearchus
1931 3883 1942 3903 ,
1963 3851 2137 3893 secundo
2155 3851 2257 3892 libro
2270 3853 2330 3892 De
2349 3851 2526 3902 soeletis,
2542 3853 2629 3893 ait:
2648 3867 2671 3889 α
2687 3854 2836 3895 caram
2867 3868 2872 3888 ·
2901 3851 2905 3906 ᾗ

1652 3920 1818 3960 sculosae
1830 3919 1880 3958 ab
1892 3920 2059 3968 utraque
2070 3919 2183 3968 parte
2193 3931 2205 3967 ;
2218 3928 2319 3970 quas
2329 3917 2510 3958 nonnulli
2524 3917 2697 3970 lumbos,
2706 3916 2774 3959 alii
2784 3919 2852 3960 vul
2864 3935 2871 3954 ι
2902 3960 2905 3963 .

1653 3985 1720 4026 alii
1735 3994 1951 4025 nervorum
1975 3985 2124 4023 matres
2137 3983 2350 4034 appellant.
2375 3998 2395 4019 n
2870 4017 2873 4025 ,.
2910 4035 2912 4038 y

1704 4051 1915 4100 Interiores
1930 4050 2036 4090 circa
2049 4048 2233 4090 lumbum
2251 4051 2424 4091 musculi
2443 4051 2638 4092 vocantur
2667 4059 2775 4101 peuoe
2798 4050 2840 4090 et
2869 4042 2886 4053 ”

1653 4127 1795 4157 vorum
1814 4116 1961 4155 matroe
1975 4115 2016 4155 et
2039 4114 2190 4165 vulpes.
2212 4115 2430 4157 Clearchus
2447 4116 2584 4156 autem
2603 4113 2820 4154 exteriores
2848 4134 2855 4139 ι

1653 4182 1805 4233 spinam
1823 4178 2026 4220 musculos
2041 4177 2099 4219 sic
2115 4177 2348 4219 nominavit.
2889 4178 2906 4196 ³
