3016 4628
89 438 103 488 j
127 427 238 482 θέαις
257 427 302 491 [ἡ
323 422 473 488 πόλις]
491 420 758 487 καὶσχολαῗς
777 425 861 475 τοῖς
882 422 1125 484 δημοτικοῖς
1142 422 1404 479 ἀνεπαίσθη-

99 511 105 542 .·
125 518 194 554 τος
218 497 362 559 λιμὸς,
394 494 529 553 λήθην
553 492 831 557 ἐμποιούσαις
850 496 925 550 τῆς
947 495 1032 541 τῶν
1059 492 1188 540 σίτων
1212 511 1405 558 προσφο-

95 617 100 620 ,
126 577 224 635 ρᾶς·
249 568 394 634 ἐφόδια
412 565 496 614 δὲ’
472 585 642 631 εχουσιν
661 564 838 628 οὐδεμία
862 563 1041 621 τοιαύτη
1058 564 1163 629 πρὸς
1177 564 1382 622 ἡδονήν..

87 630 114 690 s
128 639 216 692 Καὶ
233 639 356 703 ἕτερα
377 635 464 685 δὲ(
444 657 470 695 η
492 637 612 690 πόλις
633 634 788 694 ἡδέα*
765 654 854 699 εχει
874 635 948 682 καὶ
970 635 1126 685 πολλά.
1144 635 1234 684 Και
1253 635 1335 701 γὰρ
1361 601 1405 683 «i

48 700 58 746 s
94 755 102 762 ,
115 710 321 774 σύνεγγυς
335 711 463 766 αὐτῆς
473 707 616 762 πόλεις
629 707 864 772 προάστεια
877 709 960 753 τῶν
979 706 1210 765 Ἀθηναίων
1228 707 1368 756 εἰσίν..

95 800 98 802 ·
131 781 182 848 (a)
206 780 375 845 Ἀγαθοὶ
390 781 434 827 δὲ
459 782 496 828 οἱ
514 780 807 832 κατοικοῦντες
828 778 960 836 αὐτὴν
977 798 1106 826 παντι
1125 779 1299 843 τεχνίτῃ
1320 799 1403 826 πε-

90 902 94 906 ,
120 857 340 920 ριποιῆσαι
361 852 482 908 δόξαν
510 852 702 915 μεγάλην
727 850 797 898 ἐπι
819 851 904 904 τοῖς
929 851 1307 915 ἐντυγχανομένοις
1331 854 1400 899 ἐκ·

79 942 91 959 ³
112 924 319 988 δαλόντες
350 923 425 978 τὰς
449 922 698 988 εὐημερίας·
732 922 978 985 θαυμαστὸν
1016 922 1243 970 πλινθίνων
1280 922 1432 979 ζώων

75 1005 100 1054 ζ
109 991 381 1065 [ἅνθρῶπων
393 1002 408 1055 ]
431 997 741 1043 διδασκαλεῖον.

180 1085 216 1119 ⁴.
243 1071 343 1118 Τῶν
387 1068 431 1116 δὲ
466 1066 738 1115 ἐνοικούντων
776 1065 918 1130 οἱμὲν
961 1068 1100 1114 αὐτῶν
1127 1066 1335 1130 Ἀττικοὶ,
1362 1071 1398 1115 οἱ

117 1138 155 1191 δ’
176 1141 402 1206 Ἀθηναῖοι.
429 1143 486 1189 Οἱ
526 1139 578 1203 μὲ
561 1160 602 1187 ν
627 1139 809 1187 Ἀττικοὶ
829 1139 1043 1204 περίεργοι
1079 1146 1171 1194 ταῖς
1206 1142 1398 1199 λαλιαῖς,

82 1200 320 1283 ’.ὕπουλοῃ
359 1210 724 1280 συκοφαντώδεις,
760 1210 1067 1276 παρατηρηταὶ
1107 1214 1191 1258 τῶν
1228 1211 1399 1267 ξενικῶν

69 1288 105 1343 j
113 1271 242 1352 βίων·
277 1286 366 1333 οἱ
343 1288 380 1332 ο’
405 1285 617 1342 Ἀθηναῖοι
655 1283 974 1350 μεγαλόψυχοι,
1011 1284 1148 1331 ἄπλοι
1179 1287 1264 1339 τοῖς
1301 1284 1399 1350 τρό-

20 1352 25 1423 ¹⁵
82 1358 91 1407 f
113 1374 230 1415 ποις,
253 1357 393 1422 φιλίας
417 1357 581 1421 γνήσιοι
605 1357 804 1422 φύλακες.
829 1355 988 1422 Διατρέ
969 1376 1114 1422 χουσι
1145 1357 1190 1403 δέ
1212 1376 1321 1411 τινες
1354 1358 1397 1403 ἐν

19 1466 21 1494 3
59 1438 75 1472 f
113 1433 167 1495 τῇ
192 1432 314 1478 πόλει
337 1430 620 1495 λογογράφοι,
652 1430 834 1484 σείοντες
866 1449 962 1483 τους
990 1431 1398 1494 παρεπιδημοῦντας

70 1562 73 1566 ἡ
115 1501 190 1549 καὶ
214 1504 416 1566 εὐπόρους
434 1506 518 1550 τῶν
536 1497 684 1557 ξένων·
706 1500 774 1555 οὒς
794 1499 894 1548 ὅταν
918 1505 940 1547 ὁ
961 1502 1094 1563 δῆμος
1113 1501 1226 1562 >toton
1240 1538 1251 1558 ,
1270 1502 1400 1559 σκλη·

17 1576 19 1578 ’
64 1603 70 1610 ω
115 1579 208 1638 ραῐς
240 1573 490 1639 περιβάλλει
524 1573 710 1634 ζημίαις.
745 1575 802 1620 Οἱ
838 1570 883 1618 δὲ
917 1574 1154 1636 εἰλικρινεῖς
1189 1572 1398 1630 Ἀθηναῖοι

57 1697 60 1703 ,
114 1646 276 1710 δριμεῖς
315 1649 400 1693 τῶν
441 1648 603 1709 τεχνῶν
645 1641 853 1709 ἀκροαταὶ
888 1644 962 1690 καὶ
1001 1644 1148 1694 θεαταὶ
1191 1645 1395 1708 συνεχεῖς.

117 1716 171 1777 (ιι)
193 1715 257 1764 Τὸ
280 1715 463 1764 καθόλου
481 1716 516 1763 δ’
535 1715 632 1763 ὅσον
657 1717 701 1762 αἱ
713 1714 859 1762 λοιπαὶ
883 1714 1027 1778 πόλεις
1049 1714 1155 1779 πρός
1177 1734 1223 1762 τε
1240 1713 1395 1771 ἡδονὴν

38 1803 39 1807 ’
66 1795 76 1843 J
111 1785 186 1834 καὶ
217 1787 308 1851 βίου
332 1787 552 1852 διόρθωσιν
589 1790 673 1834 τῶν
697 1788 839 1850 ἀγρῶν
876 1783 1145 1850 διαφέρουσιν
1162 1822 1175 1848 ,
1197 1791 1396 1833 τοσοῦτον

46 1854 64 1870 ²
111 1859 197 1904 τῶν
231 1859 392 1906 λοιπῶν
432 1858 598 1904 πόλεων
627 1861 654 1915 ἡ
695 1860 780 1903 τῶν
818 1855 1050 1914 Ἀθηναίων
1085 1859 1394 1922 παραλλάττει.

110 1928 366 1978 Φυλακτέον
387 1931 424 1976 δ’
445 1933 500 1983 ὡς
515 1929 574 1977 ἔνι
594 1928 784 1991 μάλιστα
803 1928 879 1982 τὰς
899 1928 1089 1993 ἑταίρας,
1111 1929 1171 1991 μὴ
1197 1929 1307 1993 λάθῃ
1333 1949 1395 1983 τις

59 1999 91 2047 “s
109 2001 244 2059 ἡδέως
266 2001 542 2064 ἀπολόμενος.
580 2000 638 2050 Ὁ
663 2000 807 2065 στίχος
826 1999 1080 2048 Λυσίππου·

211 2112 258 2151 Εἰ
275 2113 328 2162 μὴ
346 2113 522 2153 τεθέασαι
538 2113 605 2157 τὰς
621 2112 772 2159 Ἀθήνας
783 2142 795 2162 ,
812 2113 990 2163 στέλεχος
1005 2114 1036 2152 εἷ
1050 2125 1058 2134 ·

207 2170 241 2208 εἰ
257 2171 297 2209 δὲ
308 2170 488 2210 τεθέασαι
503 2199 514 2215 ,
539 2172 590 2220 μὴ
609 2172 833 2220 τεθήρευσαι
850 2171 884 2209 δ’
897 2200 907 2219 ,
925 2171 1009 2216 ὄνος
1022 2183 1031 2191 ·

207 2228 240 2266 εἰ
257 2227 290 2266 δ’
304 2229 520 2278 εὐαρεστῶν
534 2229 755 2278 ἀποτρέχεις
766 2257 777 2277 ,
791 2229 1005 2275 κανθήλιος.

101 2349 229 2390 dubio
255 2351 499 2401 excerptoris
517 2351 643 2402 culpa.
663 2353 850 2391 truncata
878 2354 993 2391 sunt.
1019 2355 1122 2392 Ante
1141 2360 1280 2391 vocem
1304 2353 1388 2391 ἀλλ’

75 2406 217 2457 ,ΝΜ
231 2408 516 2448 desiderantur.
536 2408 766 2448 Boissonad.
794 2409 864 2459 (ad
883 2411 953 2459 Ep.
972 2409 1148 2449 Holsten.
1166 2420 1204 2459 p.
1228 2410 1297 2458 14)
1318 2419 1390 2458 pro

94 2463 184 2504 Μ’
198 2465 452 2506 scribendum
468 2466 625 2517 putavit
639 2466 730 2516 ἅμ’;
749 2477 829 2516 quo
849 2467 947 2506 nihil
964 2467 1180 2507 lucramur.
1199 2491 1250 2500 —
1265 2479 1389 2506 συνοι-

92 2524 325 2576 Ἰαιειουμκίνη]
353 2526 571 2565 Vulcanius
606 2527 646 2564 et
676 2526 923 2576 Holstenius;
969 2527 1281 2576 συνοικειουμένη
1323 2528 1388 2566 καὶ

71 2579 353 2633 kBoissonadq
370 2583 646 2632 συνοικουμένη
664 2581 813 2630 codex;
831 2585 1145 2634 συνοικουμέναις
1158 2587 1271 2624 Marx
1282 2613 1294 2632 ,
1313 2584 1386 2634 qui

72 2635 296 2687 ’ἐπιθυμίαι
321 2639 612 2690 συνοικούμεναι
637 2640 917 2690 interpretatur
947 2653 956 2679 :
989 2641 1268 2691 cupiditates,
1291 2646 1388 2692 qui-

70 2704 76 2715 ··
94 2693 181 2733 ‘bus
211 2696 373 2746 aliquis
406 2697 615 2737 obnoxius
635 2700 712 2737 est.
747 2698 888 2738 Obstat
922 2699 1032 2738 verbi
1054 2700 1181 2738 forma
1203 2699 1333 2739 media
1351 2701 1390 2739 et

82 2749 328 2798 dativorum
350 2755 553 2794 acervatio
573 2755 852 2805 inopportuna.
881 2757 1067 2795 Ceterum
1095 2756 1150 2795 ita
1171 2757 1303 2795 locum
1323 2767 1389 2795 ex-

87 2807 228 2859 „plicat
263 2811 439 2851 Marxius
475 2828 483 2851 :
531 2828 550 2847 «
586 2814 758 2852 Fructus
790 2813 925 2853 eximii
959 2817 1052 2854 sunt
1084 2815 1232 2865 vixque
1263 2816 1389 2866 pretio

31 2874 36 2879 “
64 2866 270 2920 f‘aemendi.
297 2868 467 2908 Maxime
497 2870 574 2909 hoc
599 2870 820 2920 hospitibus
840 2871 1158 2921 incommodum,
1176 2872 1320 2923 quibus
1339 2873 1389 2913 ad

79 2924 343 2965 mnfictenda
371 2927 528 2977 negotia
560 2927 771 2967 necessitas
800 2930 860 2968 est
897 2929 1080 2979 imposita
1125 2931 1288 2970 Athenis
1319 2931 1388 2970 diu

44 3023 46 3025 .
100 2983 385 3073 opmmorandi.
427 2984 505 3024 Sed
534 2985 621 3024 haec
659 2986 920 3026 commoratio
956 2989 1049 3037 apta
1086 2988 1289 3038 explendis
1321 3000 1387 3028 cu·

22 3039 23 3048 ’
79 3070 84 3074 .
172 3050 241 3080 ue
259 3041 537 3092 cupiditatibus
565 3042 804 3082 oblivionem
825 3044 1023 3084 servitutis
1043 3045 1218 3085 obducit..
1254 3047 1389 3086 »Gai-

32 3102 33 3105 ’
142 3115 171 3131 ..-
215 3099 370 3139 vertit·
407 3100 524 3140 ‹Sed
563 3101 765 3151 hospitum
798 3103 1058 3142 commoratio
1089 3115 1181 3142 cum
1225 3105 1388 3154 singulis

0 3189 1 3195 ,
31 3184 42 3212 ·.
91 3153 297 3207 Mus)
322 3157 447 3208 facta,
477 3160 526 3198 et
549 3159 739 3210 (eorum)
773 3160 915 3199 studiis
945 3161 1246 3200 accommodata
1272 3172 1385 3201 men-

76 3207 262 3272 'statque
289 3215 450 3256 trahens
471 3216 521 3256 ad
541 3216 744 3266 jucunda,
776 3217 1018 3257 oblivionem
1050 3219 1251 3258 servitutis
1274 3219 1384 3259 indu-

84 3284 129 3310 ,ν
160 3284 211 3310 ,ι
234 3272 430 3311 Revocavi
453 3272 673 3312 versionem
703 3270 906 3323 Stephani
928 3295 981 3303 —-
1000 3273 1047 3324 [ἡ
1075 3275 1248 3326 πόλις]«
1281 3279 1384 3316 Cum

123 3372 129 3379 ¹,
163 3339 168 3358 ι
200 3327 243 3362 ’“ι
279 3328 472 3378 ejicienda
509 3330 597 3370 haec
629 3330 787 3380 J'udico;
823 3333 1047 3382 marginalis
1075 3334 1207 3373 forsan
1246 3335 1385 3374 notula

130 3414 132 3416 -
150 3435 159 3438 μ
186 3413 198 3433 ,
213 3395 305 3436 quae
320 3386 480 3427 doceret
497 3385 579 3438 quo
593 3388 842 3428 referendum
861 3392 964 3429 esset
986 3401 1083 3429 mox
1103 3392 1148 3430 τὸ
1169 3392 1341 3438 τοιαύτη.

23 3449 51 3475 ἃ
96 3469 122 3505 5
228 3443 330 3488 θέαις
345 3446 411 3484 καὶ
431 3449 602 3496 πομπαῖς
619 3459 653 3484 κ.
676 3460 741 3498 σχ.
759 3447 863 3496 conj.
881 3448 1036 3487 Jacobs.
1063 3448 1114 3486 ad
1130 3448 1271 3488 Achill.
1293 3451 1381 3489 Tat.

150 3497 255 3541 'iao
273 3502 611 3555 -ἐμποιούσαις]
637 3506 776 3553 Marx;
798 3506 1013 3556 ἐμποιοῦσα
1029 3505 1170 3545 codex.
1187 3530 1238 3539 -—
1254 3507 1384 3557 ἐφόδια

141 3555 371 3611 ᾱᾙῦοοίιθ
389 3561 418 3601 Ι.
438 3561 473 3601 l.
499 3572 539 3612 p.
561 3565 634 3603 447
652 3563 864 3613 proponit.
884 3563 1014 3612 ἐφόδια
1033 3564 1072 3602 δὲ
1089 3563 1204 3614 ἔχει”
1185 3577 1260 3602 oo«
1282 3565 1382 3604 οὐδε·

143 3623 243 3662 τις
259 3618 355 3667 ἄλλη
373 3620 466 3671 πρὸς
498 3621 649 3668 ἡδονήν.
670 3621 846 3660 Marxius
867 3622 1078 3661 tentavit:
1097 3624 1162 3661 καὶ
1193 3624 1303 3673 ἑτέρα
1323 3638 1380 3669 τις

18 3726 23 3731 ἡ
79 3688 117 3734 ,ξι
170 3675 314 3721 υὴὂὲα
337 3675 416 3728 ἔχει
437 3679 502 3717 καὶ
521 3679 666 3730 πολλά·
682 3679 812 3731 ἐφόδια
829 3679 861 3719 8
879 3680 1033 3730 ἔχουσιν
1051 3680 1136 3719 οὐδε
1120 3679 1209 3730 εμία
1223 3685 1382 3720 τοιαῦτα

0 3731 4 3786 l
27 3736 65 3764 ἱ
158 3732 365 3783 ἢδονήν.
389 3738 575 3788 Frustra,
600 3727 711 3789 puto.
732 3741 919 3779 Ceterum
937 3749 1008 3790 pro
1031 3741 1095 3778 καὶ
1114 3740 1236 3779 πολλὰ
1262 3741 1380 3781 velim

0 3792 22 3799 ’
151 3791 320 3833 πολλα.

20 3806 123 3847 ³⁴
71 3847 122 3884 ἶ
123 3843 188 3885 3.
216 3850 293 3895 τοῖς
323 3850 578 3918 ἐντυγχανομέ
579 3866 656 3898 νοις
696 3855 780 3894 κτλ.
793 3853 808 3905 ]
854 3855 1001 3893 Locum
1030 3856 1262 3912 corruptum
1289 3855 1379 3894 (ledi

95 3900 264 3996 ὁΓηιίαῑ·
247 3912 292 3946 ἰιι
317 3907 475 3959 codice,
502 3909 577 3949 nisi
591 3911 698 3961 quod
720 3922 792 3962 pro
808 3912 1043 3957 ἐκὸαλῶντες
1059 3923 1152 3952 cum
1171 3913 1283 3952 editt.
1306 3924 1378 3952 ex-

154 3962 215 4003 =i'
243 3962 479 4013 ἐκσαλὸντες.
517 3969 728 4014 Quomodo
761 3969 898 4010 locum
935 3970 1219 4019 intellexerim,
1257 3972 1379 4010 latina

140 4019 292 4062 ἘΜ
307 4025 367 4064 tta
382 4035 477 4065 vcro
503 4026 755 4067 scribendum
773 4038 943 4068 censeo:
969 4030 1031 4068 ἐπὶ
1057 4029 1144 4073 τοὺς
1164 4029 1202 4068 ἐν
1225 4043 1265 4068 τε
1269 4042 1376 4079 χναις

83 4075 340 4136 Quo<
355 4081 417 4122 vel
432 4086 511 4128 τοῖς
523 4083 562 4122 ἐν
576 4085 725 4133 τέχναις
741 4085 976 4136 αἰνουμένοις
997 4087 1078 4125 exe.
1094 4100 1129 4124 τ.
1148 4087 1257 4137 εὐημ.
1279 4089 1376 4125 Nam

131 4150 133 4152 ’
170 4154 177 4165 ·
237 4135 431 4188 σωομένοις
445 4141 583 4191 nequit
602 4140 817 4192 significare
839 4148 918 4189 τοῖς
934 4143 1229 4194 ἐντυγχάνουσι,
1249 4144 1376 4183 obviis

20 3620 129 3662 ³

15 3669 37 3683 Ἰι

25 4174 151 4271 ’ὲ
164 4187 357 4245 uiasque,
390 4195 503 4237 sic-uti
538 4198 716 4250 plerique
742 4201 947 4250 putarunt.
987 4202 1027 4242 Si
1063 4200 1267 4241 retinenda
1298 4213 1374 4241 vox
1407 4230 1414 4253 ,

1235 315 1647 365 FRAGMENTA.

2668 338 2757 378 255

1482 430 1865 478 contabulationibus
1892 432 1990 470 adeo
2004 437 2246 493 occupatur,
2278 438 2320 474 ut
2344 438 2485 477 samem
2517 451 2594 478 non
2625 443 2768 482 sentiat

1482 479 1639 529 cibique
1670 474 1965 520 obliviscatur:
1989 482 2035 520 iis
2055 494 2148 521 vero
2178 485 2246 532 qni
2273 487 2412 535 opibus
2444 490 2623 529 instructi
2648 496 2765 541 snut,
2818 524 2821 526 .

1482 530 1591 568 nulla
1609 533 1668 569 est
1688 531 1782 570 urbs
1811 542 1901 580 qnae
1934 513 1994 570 tot
2024 534 2232 582 tantasque
2262 538 2484 592 suppeditet
2517 543 2767 582 amoenitates

1543 580 1892 631 .(Sequebanlur
1910 583 2148 632 exempla.)
2164 584 2239 622 bed
2253 585 2370 624 etiam
2387 588 2459 626 alia
2475 593 2766 639 quamplurima

1480 609 1575 674 urbs
1591 635 1709 674 habet
1724 635 1839 674 valde
1855 636 2066 685 iucunda:
2089 639 2235 676 etenim
2251 640 2394 688 oppida
2418 643 2543 682 vicina
2562 648 2766 696 tamquam

1478 691 1674 730 suburbia
1707 692 1955 731 Athenarum
1997 695 2136 732 sunt..
2182 694 2238 742 (3)
2281 698 2464 736 Ceterum
2513 700 2768 745 Athenienses

1477 747 1669 796 aptissimi
1699 749 1791 786 sunt
1826 747 1874 786 ad
1914 759 2094 810 magnam
2133 749 2277 799 cuique
2309 753 2447 791 artifici
2475 755 2765 814 conciliandam

1479 802 1645 851 famam,
1673 802 1819 851 quippe
1858 802 1927 851 qui
1951 801 1983 841 si
2020 812 2111 851 qnae
2146 804 2291 842 artium
2317 808 2505 854 operatis
2534 810 2764 860 probantur,

1476 855 1634 895 laudem
1660 856 1822 894 artiticis
1845 856 2007 921 prodigo
2030 867 2098 895 ore
2117 858 2364 905 proclament
2398 858 2655 910 efferantquc.
2681 867 2767 908 Quo

1476 914 1640 951 artium
1665 922 1809 950 anzore
1831 915 1873 951 ec
1902 914 1947 951 in
1972 911 2157 960 artisces
2185 913 2473 953 benevolentia
2503 915 2576 954 hoe
2607 928 2768 968 quoque

1463 967 1547 1015 fic,
1567 969 1617 1006 ut
1634 966 1730 1004 urbs
1743 969 1902 1007 statuis
1925 967 2090 1015 referta
2106 969 2231 1018 quasi
2253 979 2508 1018 personarum
2525 971 2765 1020 lapidearum

1473 1023 1531 1060 sit
1551 1020 1813 1071 gymnasium.

1525 1082 1562 1118 4.
1593 1082 1654 1118 Ex
1681 1079 1818 1118 incolis
1847 1079 1913 1118 alii
1942 1079 2034 1118 sunt
2071 1078 2218 1126 Attici,
2254 1079 2321 1118 alii
2351 1079 2626 1120 Athenienses.
2649 1083 2765 1121 Attici

1474 1150 1636 1201 quidem
1666 1150 1820 1190 curiose
1839 1151 2051 1200 loquaces,
2081 1149 2263 1200 subdoli,
2283 1151 2560 1202 sycophantae,
2583 1154 2766 1203 explora-

1472 1225 1578 1262 tores
1590 1223 1682 1262 vitae
1697 1223 1992 1274 peregrinorum
2006 1238 2015 1262 :
2027 1222 2283 1262 Athenienses
2298 1233 2392 1262 vero
2401 1224 2656 1274 magnanimi,
2675 1226 2766 1265 sim-

1475 1296 1595 1345 plices
1614 1295 1815 1344 moribus,
1848 1294 2033 1334 amicitiae
2065 1294 2206 1334 sinceri
2228 1294 2414 1334 cultores.
2439 1295 2608 1342 Quidam
2630 1299 2765 1337 autem

1473 1367 1624 1406 rabulae
1645 1377 1715 1416 per
1738 1367 1878 1406 urbem
1898 1366 2148 1414 discurrunt,
2167 1368 2357 1406 vexantes
2373 1367 2594 1417 peregrinos
2612 1370 2679 1418 qui
2703 1369 2765 1408 di-

1473 1438 1593 1478 tiores
1621 1438 1663 1477 in
1686 1438 1787 1478 urbe
1817 1437 1976 1477 adsunt.
2004 1440 2115 1484 Quos
2147 1437 2314 1478 simulac
2337 1438 2509 1488 populus
2532 1439 2762 1490 prehendit,

1474 1510 1583 1561 gravi
1615 1510 1767 1549 mulcta
1797 1509 2000 1560 opprimit.
2034 1508 2111 1549 Sed
2139 1509 2230 1559 puri
2258 1510 2344 1560 puti
2373 1510 2630 1551 Athenienses
2655 1523 2765 1552 acres

1471 1582 1619 1621 artium
1640 1582 1733 1621 sunt
1751 1581 1952 1621 auditores
1982 1583 2022 1620 et
2040 1582 2281 1631 spectatores
2296 1581 2610 1631 frequentissimi.
2630 1585 2685 1633 (5)
2712 1587 2764 1623 Ut

1471 1665 1567 1693 vero
1585 1654 1816 1693 summatim
1840 1654 1994 1704 loquar,
2017 1654 2213 1703 quantum
2243 1655 2386 1693 ceterae
2403 1654 2523 1694 urbes
2540 1655 2582 1694 in
2606 1655 2652 1695 iis
2671 1667 2763 1705 quae

1471 1726 1522 1765 ad
1539 1726 1784 1776 voluptatem
1799 1727 1840 1765 et
1851 1726 1946 1765 vitae
1961 1725 2280 1766 emendationem
2297 1726 2518 1776 pertinent,
2537 1728 2640 1778 agris
2656 1739 2760 1779 prae-

1471 1799 1601 1847 stant,
1614 1799 1773 1837 tantum
1787 1797 2024 1837 discriminis
2042 1800 2101 1837 est
2116 1798 2219 1838 inter
2240 1798 2539 1838 Atheniensium
2562 1800 2701 1839 urbem
2720 1803 2760 1839 ct

1471 1869 1655 1919 reliquas.
1671 1870 1821 1908 Verum
1836 1879 1993 1908 summa
2009 1868 2051 1908 in
2067 1869 2237 1910 vitandis
2253 1871 2527 1912 meretricibus
2539 1871 2761 1912 adhibenda

1470 1942 1530 1980 est
1545 1941 1771 1991 diligentia,
1789 1952 1839 1980 ne
1863 1941 1953 1991 quis
1980 1953 2049 1992 per
2070 1942 2381 1992 imprudentiam
2404 1945 2510 1984 malo
2536 1945 2648 1984 suavi
2669 1956 2760 1996 per-

1469 2014 1546 2053 eat.
1566 2015 1628 2053 lta
1650 2013 1701 2052 de
1720 2013 1885 2053 Athenis
1909 2014 2099 2064 Lysippus
2122 2030 2130 2053 :

1561 2125 1613 2156 Tu
1632 2123 1785 2157 truncus
1800 2131 1838 2156 es
1854 2122 1883 2156 si
1903 2131 1980 2157 non
2002 2122 2162 2157 Athenas
2177 2122 2340 2164 videris;

1557 2178 1586 2212 si
1608 2178 1695 2213 visae
1719 2178 1873 2213 Athenae
1898 2188 1976 2212 non
1994 2178 2183 2216 inescant,
2205 2180 2327 2214 asinus
2346 2189 2404 2220 es;

1560 2235 1591 2269 si
1607 2243 1685 2269 non
1701 2243 1810 2278 grave
1827 2233 1891 2269 has
1907 2234 2136 2278 relinquere,
2155 2244 2193 2270 es
2205 2236 2428 2271 cantherius-

1464 2352 1725 2403 ἐντυγχάνειν,
1747 2351 2019 2402 proposuerim
2038 2343 2201 2401 potius:
2220 2356 2297 2397 τοῖς
2315 2354 2614 2405 ἐγτυγχάνουσιν
2642 2358 2755 2407 εὐμε-

1463 2413 1536 2453 νῶς
1576 2409 1639 2447 vel
1673 2410 1837 2459 εὐμενεῖς
1874 2409 2117 2453 ἐκοάλλοντες
2146 2409 2215 2454 τὰς
2244 2410 2351 2460 εὐημ.
2383 2414 2458 2450 Im.
2491 2413 2653 2453 Bekker.
2689 2426 2752 2464 ap.

1465 2467 1751 2505 Buttmannum
1769 2466 1870 2515 conj.
1888 2467 2268 2517 ἐπιτυγχανομένοις,
2295 2467 2320 2505 i.
2338 2478 2374 2506 e.
2399 2472 2477 2512 τοῖς
2493 2471 2752 2521 κατορθουμε-

1462 2535 1538 2567 νοις
1559 2523 1782 2573 πράγμασι;
1799 2522 1977 2561 similiter
1997 2523 2200 2562 Marxius:
2220 2522 2260 2561 εὗ
2280 2537 2496 2574 τυγχανομε
2489 2527 2574 2571 ’ςνοι
2585 2532 2751 2577 ‚operi-

1464 2580 1539 2620 bus
1557 2581 1656 2620 bene
1679 2581 1923 2622 elaboratis.
1946 2581 2090 2619 Dubito
2110 2592 2160 2619 an
2190 2581 2240 2620 de
2265 2583 2360 2620 artis
2379 2584 2563 2632 operibus
2583 2585 2751 2634 loquens

1461 2638 1604 2688 aliquis
1619 2638 1692 2677 hac
1715 2649 1814 2677 voce
1833 2649 1930 2677 usus
1951 2639 2080 2677 suerit.
2105 2641 2289 2678 Ceterum
2310 2640 2378 2689 qui
2395 2642 2538 2690 putant
2557 2645 2745 2682 Nostrum

1460 2695 1608 2735 ironice
1633 2697 1741 2746 loqui
1769 2696 1818 2734 de
1849 2695 2178 2746 Atheniensibus,
2206 2698 2351 2748 quippe
2374 2698 2443 2748 qui
2476 2710 2754 2751 quemcunque

1461 2753 1654 2792 artificem
1682 2754 1792 2792 nullo
1822 2753 2048 2793 discrimine
2079 2755 2363 2804 approbarent,
2396 2757 2549 2795 auctori
2575 2759 2753 2807 praehent

1460 2811 1695 2850 sententiam
1722 2811 1879 2850 veritati
1904 2822 2044 2861 parum
2071 2815 2390 2853 consentaneam.
2410 2836 2459 2842 —
2483 2815 2750 2866 ἐκὸάλλοντες,

1459 2868 1769 2916 profundentes
1782 2900 1793 2919 ‚
1810 2869 1982 2920 prodiqe
2000 2869 2286 2910 decernentes.
2310 2872 2372 2912 ef.
2397 2873 2593 2912 ἐκὸάλλειν
2610 2875 2722 2924 λόγον
2737 2906 2747 2921 ,

1460 2925 1682 2977 ἀπόκρισιν,
1700 2927 1836 2977 δόγμα.
1860 2949 1906 2954 -
1925 2928 2126 2978 εὐημερίας
2139 2957 2150 2975 ,
2171 2928 2332 2984 laudem
2348 2931 2387 2968 et
2402 2930 2567 2979 gloriam
2589 2943 2750 2971 sueces-

1459 2998 1548 3037 sus,
1569 2988 1760 3028 victoriae.
1783 2990 1998 3038 Exempla,
2017 2989 2163 3039 quibus
2180 3000 2262 3028 vox
2284 2994 2496 3040 usurpatur
2512 2992 2562 3031 de
2574 2994 2749 3033 victoriis

1461 3046 1523 3084 vel
1545 3047 1745 3096 oratione,
1772 3047 1914 3086 fabulis
1936 3047 2162 3086 dramaticis
2183 3050 2259 3087 etc.
2277 3050 2484 3099 reportatis
2501 3062 2539 3090 v.
2556 3051 2596 3090 in
2613 3054 2747 3103 Steph.

1459 3103 1574 3143 Thes.
1604 3106 1644 3143 et
1675 3115 1738 3154 ap.
1772 3105 1894 3144 Fuhr.
1927 3105 1976 3143 ad
2009 3105 2050 3144 h.
2082 3106 2110 3144 l.
2134 3126 2188 3134 ——
2220 3109 2321 3152 Quae
2357 3111 2577 3157 sequnntur
2603 3111 2749 3160 θαυμα-

1460 3162 1602 3200 στὸν...
1636 3163 1900 3201 διδασκαλεῖον
1926 3173 2018 3201 cum
2050 3163 2373 3203 antecedentibus
2398 3167 2649 3214 grammatice
2667 3169 2748 3216 jam

1457 3228 1537 3257 non
1562 3219 1777 3259 cohaerent.
1800 3220 2063 3259 διδασκαλεῖον
2085 3220 2235 3259 Gailius
2250 3221 2381 3270 dedit,
2398 3222 2440 3261 in
2456 3223 2545 3262 cod.
2574 3227 2635 3263 est
2650 3226 2749 3263 διδα·

1457 3277 1630 3317 σκάλιον.
1664 3277 1842 3316 Solennis
1861 3278 1947 3317 haec
1974 3278 2167 3317 confusio.
2196 3281 2240 3317 V.
2260 3280 2395 3329 Steph.
2425 3281 2540 3320 Thes.
2571 3305 2620 3314 —
2641 3284 2746 3322 πλιν-

1457 3334 1595 3385 θίνων]
1631 3334 1810 3384 Figulina
1830 3338 1932 3384 ζῶα,
1962 3335 2113 3374 etiamsi
2148 3338 2283 3384 erant,
2319 3347 2401 3386 prae
2439 3339 2580 3377 ceteris
2614 3342 2745 3379 tamen

1457 3390 1499 3430 h.
1519 3392 1547 3431 l.
1565 3394 1706 3431 auctor
1721 3393 1914 3442 respicere
1928 3403 2008 3431 non
2026 3393 2177 3442 potuit3
2199 3396 2336 3432 contra
2359 3395 2480 3433 λίθινα
2499 3399 2580 3440 ζῶα
2597 3397 2745 3446 saepius

1457 3449 1601 3500 statuae
1629 3450 1897 3499 appellantur,
1914 3449 2035 3499 idque
2050 3461 2142 3488 cum
2164 3451 2365 3490 Holstenio
2386 3453 2521 3503 reponi
2537 3454 2737 3503 Jusserim.

1456 3501 1639 3556 Suspicor
1657 3510 1791 3547 autem
1814 3508 1855 3546 in
1873 3508 2075 3546 πλινθίνων
2090 3508 2212 3546 latere
2224 3537 2235 3556 ,
2251 3509 2360 3548 πόλιν
2377 3510 2524 3549 λιθίνων
2536 3540 2546 3558 ,
2571 3511 2743 3560 olimque

1455 3564 1647 3614 scriptum
1664 3565 1781 3604 fuisse
1800 3581 1809 3604 ι
1828 3566 1930 3604 ὥστε
1945 3567 2012 3612 τὴν
2032 3565 2140 3604 πόλιν
2157 3566 2306 3605 λιθίνων
2323 3568 2430 3611 ζώων
2446 3568 2540 3607 εἶναι
2558 3569 2740 3607 διδασκα·

1455 3623 1568 3661 λεῖον.
1585 3643 1631 3651 ——
1649 3621 1882 3672 ἀνθρώπων]
1897 3622 1953 3661 sic
1972 3622 2121 3671 codex3
2143 3623 2256 3663 editt.
2279 3624 2440 3673 plurimi
2456 3625 2650 3664 dederunt
2667 3626 2733 3663 ἁν-

1455 3681 1619 3730 θρώπῳ;
1655 3679 1724 3737 sed
1757 3679 1998 3729 probabiHus
2028 3682 2087 3719 est
2117 3680 2324 3731 ἀνθρώπων
2355 3693 2439 3721 esse
2466 3682 2655 3731 glossema
2688 3683 2737 3721 ad

1454 3747 1493 3775 v.
1454 3737 1632 3781 νζώων.
1646 3738 1835 3776 Ceterum
1850 3747 1988 3776 vereor
1998 3747 2050 3776 ne
2062 3739 2169 3776 totus
2181 3737 2246 3775 hic
2258 3738 2368 3776 locus
2379 3738 2469 3777 inde
2480 3748 2503 3776 a
2513 3738 2640 3776 verbis
2650 3739 2737 3786 ἀγα·

1453 3794 1510 3833 θοὶ
1531 3794 1571 3833 δὲ
1590 3805 1670 3833 non
1688 3805 1761 3833 suo
1784 3795 1936 3844 positus
1950 3794 2037 3834 loco
2053 3794 2118 3835 sit.
2140 3794 2268 3834 Multo
2287 3796 2417 3845 aptius
2436 3795 2627 3844 legeretur
2651 3797 2735 3845 post

1453 3850 1575 3890 verba
1593 3863 1602 3889 :
1624 3850 1808 3896 Ἀθηναῖοι
1826 3853 1966 3902 δριμεῖς
1981 3856 2059 3891 τῶν
2073 3856 2218 3902 τεχνῶν
2235 3852 2420 3902 ἀκροαταί
2441 3853 2523 3890 κτλ.

1501 3910 1539 3946 4.
1570 3909 1644 3946 Καὶ
1663 3907 1851 3959 θεαταὶ]θ
1865 3909 2032 3958 conject.
2053 3909 2202 3958 scripsi.
2215 3908 2348 3947 Codex
2371 3909 2574 3957 ιάιιροαταὶ
2591 3907 2653 3945 διὰ
2667 3907 2732 3951 τὰς

1451 3968 1634 4015 συνεχεῖς.
1646 3966 1904 4005 casaubonus
1918 3967 2007 4015 post
2020 3970 2188 4016 συνεχεῖς
2208 3964 2397 4004 excidisse
2414 3965 2550 4003 statuit
2569 3965 2652 4006 θέας
2670 3963 2729 4001 vel

1449 4022 1590 4070 στοάς;
1609 4022 1783 4062 Fuhrius
1803 4024 1932 4074 ἑορτὰς
1944 4052 1956 4071 ,
1976 4025 2151 4062 Marxius
2165 4024 2298 4073 τέχνας
2318 4022 2512 4071 supplent.
2527 4020 2731 4059 Jacobsius

1449 4079 1498 4118 ad
1522 4079 1662 4119 Achill.
1683 4081 1769 4119 Tat.
1788 4091 1827 4130 p.
1849 4085 1922 4120 593
1936 4081 2119 4130 proponit
2139 4096 2147 4118 :
2167 4080 2305 4129 δριμεῖς
2321 4082 2396 4115 τῶν
2415 4081 2558 4126 τεχνῶν
2574 4076 2726 4125 ἐρασταὶ

1448 4137 1511 4176 διὰ
1532 4138 1600 4182 τὰς
1616 4141 1786 4188 συνεχεῖς
1803 4138 2017 4189 ἀκροάσεις.

1500 4202 1536 4235 5.
1563 4195 1735 4247 ἑταίρας]
1751 4195 1879 4245 editt,
1895 4198 2021 4247 ἑτέρας
2038 4195 2124 4234 cod.
2142 4217 2192 4227 -
2211 4193 2407 4238 κανθήλιος
2422 4190 2435 4240 J
2454 4190 2565 4229 editi.
2580 4204 2591 4239 3
2613 4203 2726 4228 σκαν·
