3016 4628
275 270 290 306 Ι
305 269 363 306 88

274 364 507 431 Πριηνεὺς,
537 366 747 430 Πιττακῷ
779 361 1067 424 Ἀντιμενίδας
1090 360 1404 418 καὶἈλκαῖος,
1432 360 1566 408 Ἀνα-

275 438 436 505 ξαγόρα
454 438 667 492 Σωσίὸιος
722 435 796 484 καὶ
823 434 1046 506 Σιμωνίδῃ
1071 436 1112 482 Τ
1116 433 1344 498 ιμοκρέων.

742 545 1099 594 ΠΑΡΟΙΜΙΑΙ.

342 655 583 722 Παροιμίαι
604 655 644 702 α’
661 659 782 702 inter
797 657 966 715 scripta
985 657 1068 700 Ar.
1092 661 1322 697 memorat
1337 652 1569 710 Diogenes

275 734 481 778 laertius
514 734 570 787 V,
598 731 676 776 26.
713 729 946 789 Expressis
972 728 1125 770 verbis
1161 725 1436 784 opusculum
1476 723 1566 764 hoc

275 821 502 865 nusquam
526 804 759 849 laudatur.
785 802 1035 858 Putarique
1061 799 1203 858 possit
1229 798 1451 840 seriorem
1479 794 1566 836 ali-

275 894 414 938 quem
458 876 710 937 proverbia
748 889 849 933 quae
885 874 933 915 in
960 867 1133 915 Politiis
1175 869 1256 928 (fr.
1301 881 1404 910 110.
1460 864 1564 922 1'39.

283 950 520 1005 143.167,
546 937 1567 1003 a.168.170.176.181.193,)‚Rhet0-

275 1024 383 1066 licis
403 1031 449 1066 et
474 1021 644 1065 Ethicis
666 1017 972 1078 philosophus
994 1015 1159 1073 passim
1184 1011 1400 1064 adducit,
1418 1009 1562 1052 colle-

275 1096 391 1154 gisse
417 1103 463 1138 et
485 1093 568 1137 sub
595 1090 851 1135 Aristotelis
876 1088 1062 1130 nomine
1094 1083 1305 1127 edidisse.
1334 1084 1394 1125 At
1428 1081 1565 1123 etiam

277 1167 383 1211 data
407 1181 547 1225 opera
565 1162 855 1208 Aristotelem
872 1174 929 1218 p1
933 1157 1120 1201 overbia
1132 1163 1342 1198 tractasse
1356 1153 1502 1210 liquet
1512 1167 1567 1195 ex

279 1238 503 1282 Athenaeo
519 1239 581 1292 11,
607 1251 655 1294 p.
686 1234 766 1291 60,
794 1234 842 1287 C,
867 1231 948 1273 ubi
966 1231 1056 1272 ita:
1078 1223 1382 1290 Κηφισόδωρος
1408 1225 1429 1268 6
1453 1222 1563 1269 ’·1σο

277 1308 457 1374 κράτους
479 1305 709 1369 μαθητὴς’
692 1324 733 1350 εν
763 1309 848 1355 τοῖς
867 1299 979 1346 κατὰ
1000 1296 1317 1363 Ἀριστοτέλους
1342 1293 1566 1359 (τέσσαρα

279 1381 315 1428 δ’
349 1381 439 1428 ἐστὶ
478 1384 614 1426 ταῦτα
643 1375 820 1441 pimini)
859 1375 1037 1436 επιτιμᾷ
1061 1391 1121 1433 τῳ
1159 1367 1404 1434 φιλοσόφῳ,
1436 1370 1494 1421 ὡς
1518 1369 1565 1413 06

278 1452 506 1510 ποιήσαντι
540 1448 718 1513 λόγου”
692 1447 803 1503 αξιον
835 1445 883 1492 τὸ
908 1442 1142 1508 παροιμίας
1169 1444 1381 1507 ἀθροῖσαι.
1415 1469 1479 1475 --
1498 1443 1564 1487 Cf.

278 1528 534 1573 Aiistotelis
557 1524 778 1569 sententia
817 1537 892 1580 ap.
927 1521 1165 1579 Synesium
1205 1520 1401 1562 Encom.
1439 1518 1565 1564 Calv.

280 1599 342 1659 59
364 1599 438 1645 ed.
474 1601 618 1642 Tuin.
661 1590 856 1644 εΠῶςδ’
882 1589 977 1653 οὐχι
1003 1588 1129 1653 σοφὸν
1153 1592 1178 1645 ἡ
1211 1587 1445 1653 παροιμία,
1468 1607 1567 1652 περι

278 1673 337 1715 ὃν)
360 1667 652 1734 Ἀριστοτέλης
670 1683 810 1731 φησιν,
836 1661 899 1709 ότι
924 1664 1113 1714 παλαιᾶς
1139 1662 1219 1707 εἶσι
1248 1659 1544 1726 φιλοσοφίας’
1525 1680 1568 1707 εν

278 1744 371 1794 ταῖς
397 1739 616 1803 μεγίσταις
633 1735 866 1798 ἀνθρώπων
884 1737 1057 1798 φθοραῖς
1085 1731 1397 1795 ἀπολομένηςί
1380 1751 1567 1796 εγκατα-

279 1813 499 1875 λείμματα
537 1808 747 1874 περισωθέ
749 1827 826 1854 ντα
868 1805 937 1852 διὰ
959 1804 1191 1867 συντομίαν
1215 1804 1290 1852 καὶ
1324 1804 1566 1862 δεξιότητα.

279 1888 347 1930 (If.
390 1885 726 1931 Schneidewin.
763 1881 945 1926 Praefat.
988 1880 1047 1923 ad
1067 1880 1375 1939 Paroemiogr.
1418 1896 1467 1940 p.
1501 1881 1566 1925 II.

279 1962 492 2003 Ceterum
530 1957 628 2000 fieri
662 1956 792 1999 facile
815 1962 967 2013 potest
1000 1962 1050 1995 ut
1084 1967 1203 1996 unus
1238 1953 1312 1996 vel
1347 1954 1464 1996 alter
1501 1954 1569 1996 lo-

281 2048 385 2085 cus,
410 2047 546 2090 quem
568 2029 743 2073 Politiis
767 2027 982 2080 attribui,
1006 2041 1030 2069 e
1056 2025 1423 2068 Proverbiorum
1448 2026 1570 2069 libro

279 2106 448 2163 petitus
466 2105 537 2149 sit.
552 2101 768 2161 Superest
780 2115 899 2143 unus
911 2100 1041 2142 locus
1057 2113 1197 2156 quem
1212 2098 1289 2141 hic
1309 2098 1567 2142 exhibebo:

868 2171 976 2215 280.

346 2249 605 2293 Eustathius
629 2247 688 2291 ad
705 2249 843 2291 Hom.
875 2245 1037 2304 Odyss.
1058 2247 1114 2301 V,
1139 2243 1233 2297 408
1261 2258 1272 2290 :
1296 2241 1352 2290 ‘O
1377 2241 1421 2288 δὲ
1449 2242 1574 2296 αὐτὸς

281 2322 374 2379 (sc.
402 2322 641 2365 Pausanias
678 2319 903 2380 gramm.)
925 2314 1043 2378 λέγει
1064 2315 1138 2362 καὶ
1177 2315 1240 2362 ὅτι
1280 2316 1575 2381 Ἀριστοτέλης

280 2395 442 2455 ἱστορεῖ
478 2394 628 2453 λοιμοῦ
655 2389 948 2455 κατασχόντος
975 2388 1049 2436 καὶ
1074 2389 1272 2454 κοράκων
1295 2392 1467 2437 πολλῶν
1501 2410 1572 2454 γε·

282 2464 468 2526 νομένων
502 2463 596 2517 τοὺς
621 2463 866 2529 ἀνθρώπους
891 2462 1148 2528 θηρεύοντας
1170 2461 1322 2515 αὐτοὺς
1348 2462 1422 2509 καὶ
1447 2482 1574 2528 περι-

282 2536 561 2602 καθαίροντας
587 2537 803 2590 ἐπαοιδαῖς
824 2536 994 2602 ἀφιέναι
1015 2538 1176 2591 ζῶντας
1192 2534 1266 2582 καὶ
1284 2534 1497 2598 ἐπιλέγειν
1513 2539 1575 2600 τῷ

282 2610 443 2674 λοιμῷ·
469 2610 615 2674 φεῦγ’
655 2611 700 2662 ἐς
735 2608 944 2673 κόρακα
961 2629 1000 2662 ς.
1027 2611 1139 2656 Aliae
1164 2611 1408 2669 proverbii
1428 2612 1577 2670 expli-

285 2685 487 2730 cationes
512 2685 541 2728 l.
562 2685 592 2729 1.
618 2683 892 2740 afferuntur,
922 2699 1121 2742 quarum
1152 2699 1245 2727 una
1273 2685 1479 2742 pertinet
1517 2683 1578 2727 ad

270 2757 523 2813 ,historiam
553 2758 824 2800 Boeotorum
854 2757 1177 2801 Thessalorum
1209 2772 1219 2800 :
1254 2754 1509 2808 Παυσανίας
1534 2753 1580 2801 δέ

288 2845 415 2890 φησιν
449 2825 512 2872 ὅτι
532 2827 776 2880 Βοιο)τοῒς”
755 2846 911 2891 εχρησε
894 2830 970 2873 ενδ
989 2826 1079 2880 θεὸς
1104 2826 1202 2874 ἔνθα
1228 2826 1375 2874 λευκοὶ
1400 2827 1580 2891 κόρακες

290 2900 432 2951 αὐτοῖς
451 2901 688 2978 ὀφθῶσιν,’
675 2906 762 2945 εκεῖ
790 2901 1020 2946 κατοικεῖν·
1047 2899 1207 2953 ἰδόντες
1230 2904 1301 2947 οὖν
1326 2919 1432 2965 φησι
1451 2900 1582 2963 κόρα-

290 2983 367 3017 κας
401 2962 657 3025 πετομένους
691 2983 789 3028 περι
826 2964 898 3011 τὸν
917 2961 1253 3056 ''Ismenes-nux&
1297 2966 1474 3024 κόλπον,
1508 2964 1580 3019 οὒς

292 3036 447 3083 ἄκακοι
472 3037 618 3089 παῖδες
642 3035 936 3102 ἐγύψωσαν,”
907 3057 1082 3101 ῳκησαν
1107 3041 1218 3094 ἐκεῖ,
1245 3038 1505 3092 καλέσαντες
1531 3037 1580 3084 τὸ

290 3108 450 3173 χωρίον
487 3108 712 3172 Κόρακας,
748 3109 920 3171 ὕστερον
959 3108 1000 3157 δὲ
1028 3112 1196 3165 Αἰολεῖς
1223 3110 1479 3164 ἐκὸαλόντες
1504 3113 1579 3157 αὖ·

292 3180 387 3234 τοὺς
408 3180 598 3242 ἔπεμπον
625 3183 712 3228 ἐκεῖ
723 3181 817 3236 τοὺς
842 3184 1219 3247 φυγαδευομένους.
1247 3187 1317 3236 Cf.
1332 3188 1526 3231 Photius
1539 3195 1585 3230 et

293 3256 455 3300 Suidas
470 3271 511 3299 ν.
539 3252 609 3306 Ἐς
635 3252 836 3318 κόρακας.
861 3258 997 3301 Plura
1022 3259 1099 3302 dat
1121 3261 1394 3304 Leutschius
1416 3259 1477 3303 ad
1500 3261 1588 3303 Pa-

296 3340 429 3372 roem.
453 3330 500 3382 Ι,
525 3344 574 3386 p.
617 3327 673 3384 78
715 3345 783 3388 sq.
812 3330 880 3375 Cf.
904 3332 1039 3375 etiam
1063 3332 1403 3379 Schneidewin.
1423 3333 1454 3376 l.
1483 3333 1514 3376 l.
1538 3333 1588 3375 in

295 3401 543 3460 praefat.p.
579 3402 667 3446 111.

767 3516 1125 3578 [nssnAoz.]

366 3619 436 3661 De
454 3617 573 3660 libro
599 3619 894 3661 Aristotelico
916 3653 926 3673 ,
954 3621 1033 3676 qui
1057 3617 1228 3671 Πέπλος
1249 3621 1351 3681 (vel
1379 3619 1548 3666 Πέπλοι
1569 3621 1583 3682 )

302 3690 585 3744 inscribitur,
606 3691 863 3734 testimonia
882 3700 1059 3735 exstant
1082 3693 1177 3736 duo
1195 3694 1347 3738 haecce
1374 3710 1384 3737 ε

304 3826 472 3865 minutus
502 3828 694 3875 Cercops;
724 3825 909 3864 defuncto
936 3829 1069 3865 antem
1105 3829 1386 3879 Xenoplianes;
1424 3831 1591 3870 Pindaro

306 3890 398 3927 item
416 3899 508 3927 cum
524 3888 781 3937 Amphitrione
794 3890 876 3927 Coo
889 3890 1087 3929 contentio
1103 3892 1174 3930 snit
1186 3921 1197 3940 ,
1214 3893 1366 3932 Thaleti
1386 3905 1478 3933 cum
1499 3895 1591 3934 i‘lie·

307 3952 446 4002 recyde
461 3982 471 4001 ,
491 3952 698 4002 Biantique
718 3963 810 3991 cnm
827 3952 963 3992 salaro
984 3954 1179 4002 Prienam
1201 3955 1353 3994 Pittaco
1371 3968 1461 3995 cum
1480 3958 1592 3997 Anti-

307 4015 462 4055 menide
477 4018 517 4055 et
548 4015 700 4065 Atcaeo,
730 4020 972 4066 Anaxagorae
1005 4027 1097 4056 cum
1131 4017 1303 4068 Sosibio,
1325 4019 1594 4072 Simonidique

308 4090 401 4118 cnm
431 4079 719 4120 Timocreonte.

1160 249 1565 299 ARISTOTEMS
1611 247 2018 297 FRAGMENTA.

1713 363 1923 405 Socrates
1946 333 2062 401 Hist.
2087 356 2258 400 Eccles.
2285 357 2381 412 III,
2410 357 2490 419 23,
2514 374 2565 418 p.
2596 356 2682 402 165
2705 357 2778 404 cd'.
2795 359 2920 403 Paris

1651 433 1770 476 1686
1797 449 1806 475 :
1837 430 1933 476 Οὔκ
1958 425 2237 490 αἰσχύνονται
2253 426 2440 482 πολλοὺς
2460 427 2709 492 ἀνθρώπους
2735 421 2944 476 ι)ἰποθέιιί)-Α

1644 520 1794 553 σαντες
1817 499 1891 546 καὶ
1916 497 2000 545 εἴθε
2021 517 2070 560 γε
2093 495 2173 545 κᾶν
2190 498 2406 562 χρηστοὺς
2422 499 2494 547 τὸν
2513 500 2673 565 τρόπον
2697 498 2725 558 ἢ
2751 499 2942 554 δικαίους

1643 570 1670 628 ἢ
1707 571 1951 636 σώφρονας,
1982 570 2093 616 ἀλλα
2120 571 2352 633 ἀνάγνους,
2374 571 2567 630 ἀδίκους,
2594 570 2704 635 μέθῃ
2729 572 2938 620 δεδουλω-

1646 662 1818 706 μενους,
1860 641 2106 715 Ἡρακλέας
2145 661 2257 708 φημι
2288 642 2363 689 καὶ
2394 643 2625 698 Διονύσους
2651 643 2724 691 καὶ
2756 643 2951 702 Ἀσκλη-ψ-

1644 714 1786 767 πιούς·
1811 713 1907 761 καθ’
1930 717 1989 760 ων
2033 717 2222 779 συνεχῶς
2246 716 2289 761 ἐν
2321 716 2409 769 τοῖς
2429 717 2560 763 αὐτου
2589 715 2729 779 λόγοις
2768 715 2950 776 ὀμνύων

1646 786 1846 839 memo<
1869 787 1946 833 οὐκ
1967 785 2243 850 αἰσχύνεται·
2264 790 2324 834 ὡν
2358 786 2455 842 τους
2481 786 2727 853 ἀρσενικους
2762 787 2838 834 καὶ
2864 791 2942 846 θη-

1643 857 1839 912 λυκοὺς”
1817 877 1976 924 ερωτας
1999 860 2035 905 εἰ
2062 858 2471 929 ἀπαριθμησαίμην,
2498 860 2663 926 μακρὸς
2685 862 2792 922 ἡμῖν
2801 858 2942 908 ἔσται

1644 934 1666 977 6
1692 950 1769 987 της
1807 930 2124 996 παρεκὸάσεως
2161 931 2313 996 λόγος·
2336 931 2517 997 ἀρκέσαι
2546 933 2591 980 δὲ
2626 937 2764 980 ταῦτα
2783 929 2995 1003 γνῶναιῖἷ

1644 1005 1709 1050 εθε
1701 1003 1856 1050 ’λουσιν
1879 1003 1930 1050 6
1939 1003 2335 1070 Αριστοτέλους
2355 1004 2568 1059 Πέπλος
2592 1025 2667 1053 και
2684 1004 2943 1055 ὃΔιονυσίου

1646 1077 1864 1143 Στέφανος
1898 1097 1974 1124 και
2006 1077 2209 1140 Ῥηγίνου
2237 1080 2259 1124 6
2281 1077 2588 1141 Πολυμνημων
2610 1077 2685 1125 και
2709 1076 2811 1125 τόἶν
2821 1097 2945 1137 ποιη-

1644 1169 1727 1195 των
1750 1148 1797 1196 τὸ
1819 1151 1996 1208 πλῆθος.
2024 1149 2088 1196 Ex
2118 1152 2310 1196 Socrate
2326 1153 2489 1197 eadem
2508 1154 2680 1212 repetit
2709 1152 2990 1213 Nicepho·

1644 1240 1721 1267 rus
1744 1223 1858 1270 llist.
1885 1226 2014 1271 Eccl.
2039 1226 2103 1280 X,
2127 1224 2379 1284 36,v01.1‚
2404 1241 2456 1285 p.
2478 1225 2539 1284 89
2562 1226 2705 1270 Paris.
2738 1224 2877 1272 1630.

1710 1298 1973 1341 Eustathius
1991 1298 2051 1342 ad
2072 1298 2127 1344 11.
2147 1299 2201 1354 B,
2217 1314 2264 1357 p.
2288 1296 2399 1352 285,
2421 1303 2479 1351 24
2501 1300 2672 1344 Rom..
2695 1295 2886 1362 Ἱστορεῖ
2899 1296 2955 1359 δὲ

1645 1370 1666 1414 6
1696 1367 1823 1420 αὐτὸς
1858 1367 2103 1434 Πορφύριος
2126 1369 2201 1416 καὶ
2227 1362 2302 1415 ὅτι
2336 1368 2632 1433 Ἀριστοτέλης
2673 1368 2944 1435 σύγγραμμα
2993 1415 2997 1417 ,

1645 1441 2112 1532 πραγματευσάμενος,
2140 1439 2246 1507 ὅπερ
2271 1442 2430 1500 ἐκλήθη
2470 1441 2545 1489 Π’
2523 1462 2546 1491 ε
2555 1443 2709 1502 πλος,
2739 1446 2948 1505 γενεαλο-

1644 1515 1739 1605 γίας
1755 1534 1801 1561 τε
1819 1513 2039 1578 ἡγεμόνων
2059 1513 2223 1570 ἐξέθετο
2241 1534 2315 1562 και
2338 1518 2445 1562 νεῶν
2464 1514 2658 1562 ἑκαστων
2675 1515 2854 1587 ἀριθμὸν
2869 1517 2945 1565 καὶ
2992 1547 2996 1589 2

1645 1587 1962 1650 ἐπιγράμματα
1987 1589 2044 1642 εἷς
2085 1587 2261 1647 αὐτους,
2300 1587 2327 1634 ἃ
2350 1607 2422 1634 και
2452 1587 2748 1654 ἀναγράφεται
2781 1592 2805 1636 6
2831 1591 2918 1639 Πο

2978 336 2995 955 fflmmww9⁴m·v„*·¹¹·*ff*'‘”''⁴'-·‘r-'—«*-
2986 276 2989 315 ,W
2987 258 2988 263 Α
2986 229 2987 238 a

2984 1014 2997 1162 ἑ

2987 1211 2998 1335 i

2990 1337 2997 1468 l

2991 1465 2997 1544 ι

1646 1660 1791 1726 φύριος
1814 1662 1856 1706 ἐν
1878 1667 1963 1714 τοῖς
1979 1662 2036 1714 εἰς
2069 1659 2139 1707 τὸν
2167 1659 2390 1724 εΌμηρον,
2434 1659 2605 1706 ἁπλᾶ”
2580 1679 2685 1708 οντα
2709 1659 2785 1708 καὶ
2822 1660 2958 1709 οὐδέν

1645 1752 1686 1779 τι
1718 1752 1837 1797 παχυ
1874 1732 1947 1779 καὶ
1969 1734 2230 1798 φλεγμαῖνον
2262 1732 2442 1797 ἔχοντα·
2491 1731 2676 1798 δίστιχα
2703 1732 2748 1780 δὲ
2789 1731 2844 1781 τὰ
2867 1733 2948 1782 ὅλα
2994 1746 2997 1798 [

1646 1807 1788 1853 ἐκεῖνα
1815 1805 1916 1870 δίχα
1941 1826 2016 1854 του
2044 1805 2239 1871 ῥηθέντος
2265 1807 2322 1859 εἷς
2345 1807 2418 1852 τὸν
2449 1804 2639 1855 Αἴαντα.

1713 1882 1892 1939 Quibus
1909 1883 2181 1926 testimoniis
2196 1882 2229 1925 si
2243 1880 2454 1939 junxeris
2478 1882 2735 1942 fragmenta
2762 1885 2919 1944 operis
2933 1891 2958 1942 ,1
2994 1889 2998 1901 “’

1648 1954 1838 2013 colligas
1890 1953 2149 1998 fabularem
2175 1953 2420 2011 deldiis'et
2449 1955 2676 1999 heroibus
2708 1946 2942 2002 historia·'

1648 2027 1698 2070 in
1721 2027 1867 2085 Peplo
1890 2028 2146 2086 expositam
2172 2042 2266 2071 esse
2289 2042 2430 2086 prosa
2451 2029 2682 2083 oratione,
2709 2029 2772 2072 ita
2796 2038 2949 2074 tamen

1649 2108 1701 2142 ut
1723 2099 2014 2159 singulorum
2053 2100 2252 2144 heroum
2267 2100 2474 2144 historiae
2509 2101 2797 2160 epigramma
2833 2102 2948 2146 sub-

1644 2170 1823 2229 jectum
1859 2181 1995 2228 esset,
2032 2174 2231 2231 patriam
2262 2171 2624 2231 uniuscujusque
2657 2181 2703 2217 et
2738 2181 2952 2233 parentes
2997 2179 2999 2181 ’

1652 2244 1911 2303 mortisque
1957 2260 2101 2304 genus
2128 2245 2288 2303 paucis
2327 2244 2748 2303 comprehendens.
2787 2248 2953 2293 Versus
2999 2278 3003 2279 ν

1651 2317 1722 2359 isti
1739 2318 2034 2361 memoriales
2061 2317 2196 2361 fuisse
2228 2317 2278 2360 in
2295 2332 2431 2360 usum
2469 2316 2724 2375 juventutis
2750 2309 2952 2378 putandi

1651 2398 1770 2433 sunt.
1797 2391 1980 2433 Horum
2002 2405 2080 2434 eos
2099 2391 2180 2448 qui
2205 2391 2466 2434 Homericis
2477 2391 2700 2435 heroibus
2715 2391 2953 2438 illustran-

1654 2460 1723 2504 dis
1751 2471 1898 2505 essent
1922 2471 2215 2521 excerpserat
2239 2462 2553 2521 P‘orphyriu53
2590 2477 2648 2506 ex
2686 2465 2954 2526 porphyrio

1654 2532 1945 2593 deprompsit
1967 2535 2245 2589 Eustathius,
2269 2535 2350 2593 qui
2363 2550 2508 2593 quum
2524 2536 2676 2595 ipsum
2695 2538 2956 2585 Aristotelis

1654 2607 1827 2650 librum
1861 2623 1959 2651 non
1979 2608 2189 2663 vidisset,
2213 2617 2388 2651 temere
2411 2610 2687 2667 persuasisse
2714 2610 2802 2654 sibi
2824 2610 2955 2657 vide-

1616 2729 1618 2734 ,
1654 2689 1731 2723 tur
1755 2680 2087 2739 epigrammata
2110 2682 2297 2724 nonnisi
2326 2680 2386 2725 ad
2407 2681 2549 2726 duces
2569 2684 2846 2728 Homericos
2870 2699 2956 2742 na·-

1653 2753 1876 2810 viumque
1894 2753 2152 2811 catalogum
2172 2754 2463 2811 pertinuisse.
2483 2755 2587 2799 Alia
2601 2755 2810 2813 ejusdem
2825 2757 2955 2816 Pepli
2999 2807 3001 2809 ,

1656 2825 1990 2883 epigrammata
2027 2826 2255 2868 nescimus
2300 2840 2326 2868 a
2369 2841 2576 2884 quonam
2599 2836 2816 2888 excerpta
2844 2830 2955 2874 Ste—
3000 2842 3005 2890 j.

1654 2897 1836 2954 phanus
1863 2898 2040 2940 invenit
2060 2897 2109 2940 in
2131 2896 2295 2941 codice
2325 2899 2615 2945 Florentino.
2641 2900 2744 2944 Alia
2775 2902 2970 2945 Tzetzes

1655 2970 1705 3012 in
1728 2969 1913 3013 scholiis
1938 2970 2199 3013 Homericis
2214 2970 2408 3028 praebet.
2434 2969 2552 3015 Hinc
2569 2972 2762 3016 collecta
2785 2973 2956 3018 deinde
3003 2963 3006 2965 ,

1657 3043 1706 3085 in
1730 3043 2038 3102 Anthologias
2076 3042 2366 3101 migrarunt3
2393 3045 2663 3103 nuperrime
2685 3054 2839 3090 autem
2866 3047 2957 3092 exi·

1657 3115 1799 3157 miam
1823 3115 1877 3158 iis
1902 3129 2094 3173 operam
2126 3116 2311 3159 navavit
2334 3116 2718 3161 Schneidewinus
2741 3118 2819 3178 (in
2855 3118 2958 3163 Phi-

1659 3188 1819 3247 lologo
1845 3187 1966 3239 1846
1986 3186 2077 3230 fasc
2122 3203 2231 3246 1,p.
2258 3203 2276 3231 1
2301 3203 2405 3247 sqq.
2423 3187 2457 3248 ),
2480 3188 2700 3248 idemque
2711 3191 2891 3250 primus
2908 3191 2957 3235 in

1659 3261 1891 3304 rationem
1917 3261 2058 3304 totius
2075 3262 2231 3319 operis
2247 3263 2505 3305 accuratius
2523 3262 2778 3321 inquisivit.

1726 3335 1829 3377 Jam
1853 3333 1982 3391 quod
2005 3342 2244 3377 auctorem
2281 3334 2468 3389 attinet,
2493 3334 2874 3380 Schneidewinus
2906 3348 2961 3396 Ρ·

2098 3425 2116 3445 «
2142 3407 2273 3465 Pepli
2298 3407 2475 3451 mentio
2507 3421 2607 3451 non
2644 3406 2698 3451 fit
2730 3409 2780 3451 in
2802 3409 2928 3453 indic
2943 3413 2965 3447 ·.’“

1623 3475 1627 3517 Ι
1661 3479 1941 3539 scriptorum
1954 3478 2220 3537 ,Aristotelis
2240 3492 2314 3532 eo,
2342 3493 2482 3536 quem
2499 3479 2730 3538 Diogenes
2743 3481 2932 3525 Laertiu
2951 3524 2954 3527 Α

1669 3422 1724 3450 10
1766 3407 1829 3450 ita
1861 3406 2002 3450 habet
2045 3421 2055 3449 ε

1662 3552 1875 3609 reliquit;
1902 3566 2065 3594 verum
2082 3550 2259 3593 rettulit
2274 3551 2322 3593 in
2335 3565 2582 3594 numerum
2602 3553 2875 3610 Anonymus
2895 3568 2918 3596 a

1663 3622 1852 3682 AEgidio
1890 3623 2106 3682 Menagio
2148 3622 2355 3681 primum
2387 3621 2537 3666 editus
2579 3622 2706 3692 apud
2736 3624 2909 3669 Buhliu

1664 3697 1803 3740 Arist.
1831 3697 1954 3754 Opp.
1985 3705 2096 3766 tom.
2126 3697 2173 3750 1,
2198 3709 2245 3755 p.
2279 3694 2376 3749 64:
2414 3691 2604 3740 Πέπλον.
2627 3695 2766 3772 'Idem
2789 3698 2910 3742 iteru

2133 3832 2513 3880 PROVERBiA.

2262 3926 2366 3968 280.

1723 4007 1974 4058 Aristoteles,
2016 4007 2210 4054 Pausania
2246 4008 2371 4057 teste,
2413 4010 2571 4057 narrat,
2617 4011 2726 4059 peste
2758 4019 2843 4059 gr.:
2876 4023 2921 4044 221

1670 4082 1798 4121 quum
1830 4072 1940 4111 corvi
1972 4070 2173 4111 adessent
2182 4071 2395 4122 permulti,
2428 4071 2610 4112 hominos
2638 4083 2708 4112 eos
2742 4072 2922 4138 ιιιψῇει)ι

1671 4137 1882 4185 purgantes
1899 4134 2234 4174 incantationibus
2259 4134 2456 4175 dimisisse
2472 4134 2609 4184 vivos,
2632 4135 2836 4186 simulque
2859 4147 2901 4186 1

1673 4199 1843 4240 dixisse:
1863 4202 1899 4240 1
1897 4210 1975 4251 aye
1997 4200 2058 4240 ad
2075 4210 2146 4239 cor
2151 4210 2233 4239 vos,

2920 3872 2922 3874 ’

2911 3951 2953 3986 ἡ).
