3008 4542
267 643 499 704 Diogenes
521 645 576 688 L.
603 641 664 700 V,
699 642 759 688 83
793 657 805 690 :
844 640 1068 703 ςΈὸδομος
1099 643 1189 703 (se.
1228 635 1499 707 Δημήτριος)

199 715 427 771 Βυζάντιος
453 715 529 779 ζ’),
557 717 600 763 ἐν
626 715 906 781 τρισκαίδεκα
941 714 1123 779 βιὸλίοις
1152 717 1377 781 γεγραφὼς
1407 714 1500 774 τὴν

201 791 470 838 Γαλατῶν
502 789 768 838 διοίὸασιν
804 788 854 845 ἐξ
888 787 1163 854 Εὐρώπης
1191 790 1269 840 εἷς
1305 787 1499 847 Ἀσίαν,

197 861 272 909 καὶ
292 865 334 910 ἐν
353 862 498 917 ἄλλοις
516 861 631 910 ὀκτὼ
647 860 709 910 τὰ
730 861 862 926 Περὶ
881 860 1155 924 Ἀντίοχον
1175 859 1266 907 καὶ
1291 861 1498 908 Πτολε-

198 941 361 996 μαῖον
389 934 477 982 καὶ
519 933 615 994 τὴν
650 933 854 992 Λιὸύης
892 936 984 980 ὑπ’
1010 934 1183 980 αὐτῶν
1209 931 1497 990 διοίκησιν.

243 1178 295 1227 (*)
316 1178 622 1229 Distinguendus
637 1178 688 1217 ab
701 1189 748 1217 eo
767 1179 1014 1217 Demetrius
1027 1179 1267 1227 Byzantius
1283 1179 1496 1227 peripate-

193 1239 322 1286 ticus,
340 1247 461 1286 quem
478 1237 641 1276 tertium
664 1238 764 1275 inter
779 1236 910 1276 varios
924 1235 1147 1276 Demetrios
1166 1237 1278 1286 ponit
1299 1236 1493 1276 Laertius.

192 1294 250 1334 Ad
264 1294 370 1333 hunc
388 1295 515 1334 resero
531 1297 625 1348 Περὶ
635 1294 869 1345 »ποιημάτων
885 1293 1008 1333 libros
1019 1303 1118 1344 quos
1130 1294 1267 1333 laudat
1285 1295 1499 1334 Athenaeus

189 1355 224 1392 X
239 1383 250 1401 ‚
268 1364 306 1403 p.
323 1359 413 1401 452,
432 1356 467 1392 D
488 1370 496 1392 :
516 1356 594 1394 Καὶ
613 1355 662 1393 τὰ
680 1354 908 1404 Πυθαγόρου
925 1353 964 1392 δὲ
979 1352 1190 1403 ἀἰνίγματα
1202 1353 1363 1392 τοιαῦτά
1378 1354 1495 1402 ἐστιν,

190 1412 241 1456 ὥς
268 1425 359 1462 φησι
384 1414 598 1464 Δημήτριος
619 1414 641 1452 6
657 1412 858 1458 Βυζάντιος
877 1412 915 1450 ἐν
938 1411 1108 1464 τετάρτῳ
1127 1413 1218 1463 Περὶ
1240 1412 1467 1462 ποιημάτων
1484 1424 1493 1433 ·

191 1486 210 1504 «ι
228 1470 398 1521 Καρδίαν
416 1473 467 1522 μὴ
489 1472 625 1510 ἐσθίειν
648 1487 668 1506 »ι
691 1472 773 1510 ἀντὶ
793 1475 862 1510 τοῦ
883 1500 894 1519 ,
918 1471 1084 1510 ἀλυπίαν
1112 1472 1259 1510 ἀσκεῖν.
1283 1486 1303 1505 «
1321 1473 1404 1522 Πῦρ
1425 1484 1495 1522 μα-

185 1527 307 1580 χαίρᾳ
330 1531 381 1579 μή
401 1530 601 1569 σκαλεύειν
623 1545 644 1565 1·
662 1530 744 1569 ἀντὶ
763 1533 833 1568 τοῦ
857 1530 1127 1580 τεθυμωμένον
1145 1529 1264 1581 ἄνδρα
1282 1530 1334 1580 μὴ
1353 1529 1491 1580 ἐριδαί-

186 1600 275 1627 νειν.
332 1590 415 1638 [lap
446 1589 519 1638 γὰρ
548 1590 569 1627 ὁ
594 1589 734 1639 θυμὸς,
767 1591 791 1635 ἡ
825 1588 867 1627 δὲ
891 1588 965 1639 ἔρις
990 1588 1179 1639 μάχαιρα.
1238 1603 1258 1622 ι(
1285 1589 1408 1638 Ζυγὸν
1441 1589 1493 1639 μή

185 1647 426 1698 ὑπερὸαίνειν
442 1663 461 1681 »
479 1646 564 1685 ἀντὶ
583 1651 652 1686 τοῦ
672 1651 803 1687 πᾶσαν
827 1647 1046 1692 πλεονεξίαν
1063 1648 1214 1698 φεύγειν
1235 1647 1302 1685 καὶ
1319 1651 1489 1697 στυγεῖν,

184 1708 307 1752 ζητεῖν
323 1706 363 1744 δὲ
386 1706 430 1744 τὸ
442 1704 545 1745 ἶσον.
601 1721 620 1740 «
640 1706 867 1757 Λεωφὸρους
886 1706 996 1751 ὁδοὺς
1017 1706 1069 1756 μή
1088 1705 1255 1756 στείχειν
1281 1720 1301 1739 »
1323 1705 1405 1743 ἀντὶ
1423 1709 1491 1744 τοῦ

183 1764 318 1815 γνώμῃ
338 1765 492 1803 πολλῶν
509 1763 563 1814 μὴ
582 1764 803 1803 ἀκολουθεῖν
815 1777 823 1785 ·
840 1765 925 1812 εἰκῆ
950 1764 1024 1815 γὰρ
1048 1765 1211 1809 ἕκαστος
1231 1764 1252 1803 ὅ
1272 1778 1307 1803 τι
1329 1766 1375 1804 ἂν
1399 1764 1488 1815 δόξῃ

183 1822 446 1873 ἀποκρίνεται.
502 1823 583 1870 Τὴν
599 1823 632 1861 δ’
650 1823 797 1862 εὐθεῖαν
816 1823 936 1873 ἄγειν,
955 1821 1116 1872 ἡγεμόνι
1133 1823 1333 1873 χρώμενον
1350 1827 1406 1874 τῷ
1422 1827 1491 1875 νῷ.

185 1897 205 1916 u
231 1882 297 1928 Μὴ
328 1882 518 1928 καθῆσθαι
541 1881 602 1921 ἐπὶ
631 1882 812 1933 χοίνικα,
845 1897 864 1916 υ
894 1881 976 1920 ἀντὶ
995 1884 1064 1920 τοῦ
1089 1882 1141 1931 μή
1174 1885 1334 1935 σκοπεῖν
1355 1882 1404 1921 τὰ
1432 1882 1490 1930 ἐφ’

180 1940 339 1991 ἡμέραν,
374 1939 471 1979 ἀλλὰ
497 1941 566 1987 τὴν
598 1940 784 1979 ἐπιοῦσαν
813 1940 872 1979 ἀεὶ
890 1940 911 1961 *
931 1940 952 1960 *
972 1939 992 1959 ¹*
1020 1940 1320 1990 προσδέχεσθαι.
1373 1941 1492 1992 ’Ὀρια

166 1998 254 2049 γὰρ
280 1998 346 2036 καὶ
362 1997 478 2048 πέρας
495 2001 593 2045 ζωῆς
615 1999 636 2036 6
657 1998 816 2044 θάνατος
831 2010 839 2018 “
863 2001 999 2038 τοῦτον
1019 1997 1086 2037 οὖν
1104 1997 1175 2037 οὐκ
1195 1999 1240 2050 ἐᾷ
1257 1999 1354 2050 μετὰ
1371 2000 1490 2047 λύπης

179 2058 244 2095 καὶ
262 2057 453 2108 φροντίδος
468 2057 710 2108 προσίεσθαι.
741 2057 850 2097 Idem
872 2059 947 2097 XII
963 2085 974 2105 ,
994 2067 1033 2106 p.
1058 2059 1150 2107 548,
1177 2060 1210 2097 D
1231 2073 1241 2097 ι
1268 2061 1486 2111 Δημήτριος

179 2116 220 2154 δὲ
240 2117 261 2154 6
283 2115 484 2161 Βυζάντιος
504 2117 542 2155 ἐν
562 2116 730 2167 τετάρτῳ
747 2118 839 2168 Περὶ
859 2115 1087 2167 ποιημάτων
1106 2132 1126 2150 «
1144 2117 1304 2168 Γοργίας
1324 2119 1337 2167 (
1350 2119 1488 2170 φησὶν)

178 2175 202 2211 6
228 2175 429 2218 Λεοντῖνος
457 2174 682 2224 ἐρωτηθεὶς,
707 2173 743 2212 τί
776 2174 883 2224 αὐτῷ
913 2174 1068 2223 γέγονεν
1098 2172 1220 2212 αἴτιον
1242 2178 1322 2213 τοῦ·
1341 2176 1486 2226 βιῶσαι

176 2231 297 2270 πλείω
316 2236 392 2270 τῶν
410 2233 548 2272 ἑκατὸν
568 2233 678 2279 ἐτῶν,
695 2232 764 2280 ἔφη
781 2261 791 2279 ,
818 2233 873 2271 Τὸ
892 2234 1008 2280 μηδὲν
1033 2232 1193 2271 πώποτε
1213 2234 1342 2284 ἑτέρου
1360 2234 1487 2274 ἕνεκεν

178 2290 439 2336 πεποιηκέναι.
456 2289 566 2329 Idem
582 2292 688 2340 XIV,
707 2301 747 2340 p.
765 2294 856 2339 633,
875 2292 904 2329 Β
921 2289 1131 2329 εἘκάλουν
1148 2289 1187 2329 δὲ
1203 2291 1268 2329 καὶ
1282 2292 1486 2342 χορηγοὺς,

177 2349 357 2399 ὥ;.φησιν
375 2350 396 2387 6
415 2348 619 2394 Βυζάντιος
643 2350 859 2400 Δημήτριος
880 2349 918 2387 ἐν
937 2347 1107 2399 τετάρτῳ
1127 2349 1221 2399 Περὶ
1243 2350 1485 2402 ποιημάτων,

174 2407 248 2457 οὐχ
268 2407 399 2458 ὥσπερ
413 2410 493 2455 νῦν,
512 2407 599 2452 τοὺς
616 2408 890 2459 μισθουμένους
906 2407 993 2452 τοὺς
1009 2407 1148 2458 χοροὺς
1161 2436 1172 2456 ,
1191 2407 1286 2446 ἀλλὰ
1306 2408 1394 2453 τοὺς
1411 2423 1485 2447 κα-

176 2465 430 2516 θηγουμένους
458 2470 528 2504 τοῦ
570 2469 688 2518 χοροῦ
704 2495 715 2514 ,
747 2465 919 2516 καθάπερ
947 2466 1041 2505 αὐτὸ
1076 2466 1247 2515 τοῦνομα
1284 2466 1484 2516 σημαίνει.

175 2525 273 2563 Pars
300 2523 493 2563 librorum
514 2524 565 2564 de
583 2524 713 2575 poetis
738 2526 779 2564 et
802 2523 998 2574 poematis
1022 2525 1136 2563 eruta
1155 2525 1216 2564 est
1248 2525 1480 2565 Herculani.

173 2583 223 2621 V.
243 2582 406 2622 Volum.
429 2584 593 2624 Hercul.
611 2586 688 2623 Ox.
708 2585 807 2622 tom.
826 2586 866 2632 1,
881 2594 922 2633 ρ.
943 2588 1015 2623 106
1031 2594 1120 2633 sqq.

225 2643 286 2679 Ex
308 2640 447 2681 eodem
472 2643 535 2682 vel
563 2653 615 2681 ex
646 2642 724 2681 alio
760 2641 941 2691 ejusdem
977 2652 1097 2692 opere
1125 2641 1258 2680 hausit
1288 2641 1484 2692 Diogenes

175 2701 189 2738 Ι
193 2702 301 2739 aeri.
315 2702 364 2749 V,
380 2705 444 2750 20,
458 2700 508 2740 de
521 2703 682 2741 Socrate
697 2713 706 2739 τ
725 2701 905 2753 Κρίτωνα
917 2700 950 2740 δ’
959 2701 1169 2749 ἀναστῆναι
1187 2701 1302 2740 αὐτὸν
1319 2701 1396 2741 ἀπὸ
1411 2705 1480 2741 τοῦ

173 2758 425 2809 ἐργαστηρίου
441 2762 506 2799 καὶ
522 2761 744 2810 παιδεῦσαι,
758 2765 823 2808 τῆς
841 2760 940 2799 κατὰ
956 2761 1085 2811 ψυχὴν
1103 2759 1257 2811 χάριτος
1274 2760 1482 2811 ἐρασθέντα

172 2817 387 2868 Δημήτριός
399 2831 512 2868 φησιν
526 2819 547 2856 6
567 2818 783 2864 Βυζάντιος.
837 2818 980 2859 Γνόντα
997 2819 1036 2857 δὲ
1053 2820 1120 2866 τήν
1138 2819 1301 2866 φυσικὴν
1319 2818 1480 2869 θεωρίαν

173 2875 290 2925 μηδὲν
310 2876 408 2914 εἶναι
428 2878 520 2928 πρὸς
540 2879 641 2927 ἡμᾶς
654 2908 665 2927 ,
681 2878 730 2917 τὰ
755 2878 870 2926 ἠθικὰ
898 2878 1114 2928 φιλοσοφεῖν
1135 2877 1242 2926 ἄρξαι
1260 2876 1321 2915 ἐπί
1340 2889 1382 2915 τε
1402 2881 1479 2915 τῶν

171 2932 433 2984 ἐργαστηρίων
451 2936 516 2973 καὶ
534 2935 571 2974 ἐν
588 2940 635 2986 τῇ
654 2936 776 2986 ἀγορᾷ
790 2949 798 2957 ·
817 2936 978 2974 κάκεῖνα
998 2935 1038 2974 δὲ
1055 2934 1215 2984 φάσκειν
1233 2938 1372 2983 ζητεῖν,

273 2991 352 3030 ὄττι
368 3006 426 3032 τοι
447 2993 486 3032 ἐν
503 2994 701 3046 μεγάροισι
722 2995 844 3034 κακόν
863 2994 896 3034 τ’
913 2994 1056 3044 ἀγαθόν
1074 3008 1115 3034 τε
1130 2996 1321 3035 τέτυκται.

630 162 651 309 ἶ
704 210 1517 321 DEMETRIUS
1588 210 2404 328 BYZANTIUS.

2267 626 2272 630 ,
2902 612 2907 620 =-
2957 613 2959 630 .

1641 641 1712 683 De
1726 639 1797 683 his
1815 639 1870 686 G.
1893 626 2199 698 AJSthidt.
2221 639 2321 700 (De
2341 641 2548 687 fontibus
2562 651 2773 690 veterum
2789 646 2887 694 aus-J
2907 636 2911 640 Α
2950 660 2952 662 ’

1576 720 1762 756 ctorum
1796 713 1842 756 in
1880 713 2149 758 enarrandis
2172 714 2392 774 expeditt.
2424 730 2451 760 a
2472 716 2613 762 Gallis
2636 718 2684 762 in
2716 719 2917 766 Mace—*5³
2951 701 2961 752 's
3005 722 3008 727 '

1577 783 1767 830 doniam
1801 793 1940 844 atque
1964 785 2190 831 Graeciam
2213 788 2451 847 susceptis.
2489 789 2696 835 Berolini
2726 787 2874 850 1834,
2913 778 2915 799 ³
2951 778 2956 788 ³

1573 872 1623 916 p.
1666 857 1755 919 14)
1782 866 1973 903 annotat
1997 858 2097 902 haec
2125 874 2136 902 ε
2175 878 2195 900 «
2225 861 2392 905 Noster
2414 870 2584 920 praeter
2608 863 2726 908 illud
2759 873 2840 925 op·

1574 930 1645 972 De
1669 929 1937 975 Galatarum
1959 931 2156 974 transitu
2178 926 2228 974 in
2248 933 2428 991 Asiam,
2451 935 2590 978 etiam
2617 944 2726 980 octo
2746 931 2889 984 libris
2956 943 2962 960 ⁸

1574 1002 1795 1046 Antiochi
1828 1011 1874 1047 et
1906 1002 2146 1047 Ptolemaei
2186 1012 2312 1063 gesta
2348 1013 2395 1049 et
2434 1007 2678 1065 quomodo
2712 1023 2879 1057 eorum
2890 1043 2898 1065 22
2918 1039 2923 1050 π

1574 1082 1789 1134 tempore
1811 1090 1886 1119 res
1903 1075 2090 1134 Libycae
2109 1090 2155 1118 se
2171 1076 2439 1134 habuerint,
2459 1079 2656 1139 scripsit.
2672 1082 2894 1144 Nemini,¹
2959 1077 2965 1123 3

1575 1147 1718 1191 credo
1735 1181 1749 1207 ,
1771 1147 1970 1191 dubium
1993 1148 2082 1192 erit
2097 1182 2109 1204 ‚
2131 1148 2230 1193 haec
2256 1149 2317 1194 ad
2347 1151 2626 1197 seditionem
2656 1168 2684 1198 a
2711 1155 2877 1216 Maga,
2962 1211 2966 1221 .,

1576 1221 1814 1265 Ptolemaei
1825 1221 1967 1266 fratre
1980 1237 2223 1282 germano,
2241 1223 2434 1283 Cyrenis
2445 1233 2638 1282 motam,
2650 1234 2697 1271 et
2707 1227 2877 1274 adbel·
2892 1263 2893 1266 ,
2963 1227 2967 1274 ἶ

1573 1293 1670 1336 lum
1688 1302 1920 1352 spectare,
1947 1294 2079 1353 quod
2096 1294 2173 1339 hic
2193 1304 2240 1339 et
2261 1305 2423 1355 postea
2441 1310 2565 1342 uxor
2583 1297 2680 1357 ejus
2699 1300 2877 1361 Apame

1573 1380 1662 1410 una
1681 1381 1790 1410 cum
1807 1365 1950 1410 fratre
1967 1367 2202 1412 Antiocho
2228 1367 2273 1414 ll
2285 1403 2297 1426 ,
2312 1369 2453 1428 Syriae
2470 1385 2581 1431 rege
2595 1405 2607 1427 ,
2623 1371 2734 1416 inde
2750 1372 2809 1418 ab
2828 1389 2873 1421 a.
2894 1403 2895 1407 =
2968 1361 2970 1392 ³

1573 1438 1666 1483 266
1687 1454 1835 1499 usque
1857 1439 1918 1483 ad
1938 1454 1980 1484 a.
2010 1437 2102 1484 252
2130 1448 2294 1485 contra
2318 1443 2622 1488 Ptolemaeum
2639 1444 2877 1492 Philadel-
2898 1437 2906 1461 ³

1569 1511 1717 1570 phum
1755 1519 2004 1572 gesserant.
2046 1512 2163 1558 Inde
2199 1514 2316 1558 mihi
2354 1515 2547 1574 quidem
2582 1518 2876 1565 Demetrium

1569 1593 1788 1628 nostrum
1816 1584 1902 1628 sub
1932 1583 2240 1645 Philadelpho
2260 1595 2306 1631 et
2324 1588 2582 1648 Euergeta‚
2608 1589 2923 1637 (ἱειΙειιῑειιἾιῐιιωἸ

1568 1659 1722 1718 regnis
1751 1659 1801 1702 in
1830 1657 2026 1702 Thracia
2049 1667 2191 1718 atque
2220 1661 2329 1705 Asia
2357 1662 2628 1718 exstructis,
2665 1660 2876 1710 floruisse
2908 1650 2929 1671 '³'

1566 1732 1672 1775 satis
1693 1730 1942 1791 probabile
1962 1730 2041 1789 fit3
2060 1734 2318 1792 praesertim
2340 1749 2487 1793 quum
2509 1735 2590 1780 illa
2610 1735 2706 1783 duo
2731 1752 2875 1798 opera
2908 1750 2930 1798 „Q

1567 1812 1663 1848 tam
1677 1806 1897 1865 speciales
1911 1820 2003 1862 res,
2023 1814 2069 1850 et
2090 1814 2159 1850 tot
2179 1806 2372 1866 quidem
2391 1808 2521 1852 libris
2537 1810 2751 1869 amplexa
2765 1811 2872 1869 sint,

1565 1885 1620 1920 ut
1634 1879 1712 1922 vix
1728 1878 1787 1922 ab
1807 1878 1906 1922 ullo
1926 1879 2029 1934 alio*
2042 1880 2128 1922 nisi
2145 1894 2172 1923 a
2191 1887 2304 1924 teste
2325 1880 2534 1939 quodam
2556 1882 2744 1927 oculato
2761 1917 2774 1940 ,
2799 1884 2876 1929 v'el

1567 1965 1623 1994 eo
1645 1951 1806 1995 saltem
1832 1959 2048 2011 tempore
2073 1953 2338 2012 conscripta
2359 1952 2626 2010 videantur,
2660 1970 2758 2014 quo
2796 1963 2876 2000 re*-
2899 1944 2936 1999 ³.‘

1564 2038 1673 2067 rum
1705 2025 1900 2068 istarum
1923 2025 2152 2069 memoria
2183 2024 2337 2069 adhuc
2365 2026 2616 2072 novissima
2641 2036 2755 2074 erat.
2781 2026 2874 2073 Sed

1564 2095 1679 2139 mihi
1707 2095 1992 2155 persuadere
2024 2112 2208 2157 nequeo
2223 2131 2236 2154 ‚
2263 2097 2318 2141 ut
2339 2097 2604 2155 Diodorus,
2628 2101 2811 2160 Trogus
2827 2109 2873 2146 et
2907 2092 2911 2099 ’

1564 2169 1809 2214 Pausanias
1832 2169 1893 2214 ad
1923 2179 2132 2215 nostram
2161 2185 2265 2214 rem
2289 2170 2645 2217 describendam
2665 2181 2761 2218 tam
2789 2189 2873 2220 va-
2918 2179 2941 2202 ÷·=;.

1563 2250 1686 2287 stum
1707 2252 1753 2287 et
1772 2244 1973 2303 speciale
1993 2259 2112 2305 opus
2126 2243 2433 2304 perlegerint,
2451 2245 2708 2303 praesertim
2725 2260 2873 2305 quum

1562 2323 1745 2360 tantum
1764 2317 1977 2362 laborem
1993 2306 2263 2376 tantamque
2285 2316 2574 2377 diligentiam
2593 2333 2759 2363 eorum
2772 2319 2873 2364 nul·
2911 2311 2951 2382 ζ

1562 2388 1633 2432 lus
1654 2389 1751 2433 ulla
1772 2391 2017 2434 occasione
2038 2389 2305 2435 adhibuisse
2328 2388 2564 2446 videatur,
2592 2398 2639 2435 et
2661 2391 2717 2438 iis
2741 2390 2881 2436 haud.
2915 2384 2952 2425 23¹

1562 2459 1706 2505 dubie
1727 2461 1806 2506 alii
1829 2461 1939 2506 libri
1962 2471 2131 2522 praesto
2152 2461 2329 2506 fuerint
2343 2494 2355 2517 ,
2375 2461 2503 2506 unde
2527 2477 2609 2506 sua
2630 2463 2781 2508 multo
2800 2462 2871 2509 fa-
2950 2493 2957 2526 ³,

1560 2534 1693 2579 cilius
1710 2534 1999 2594 >depromere
2019 2543 2223 2596 possent.
2246 2552 2266 2574 »
2286 2534 2566 2595 Fragmenta
2587 2550 2685 2579 non
2702 2550 2870 2596 super·
2918 2534 2930 2593 'j
2955 2551 2961 2592 ὲ,

1558 2616 1683 2654 sunt.
2939 2603 2964 2623 Ὗ

1557 2698 1749 2745 Πολλάκις
1775 2699 1816 2739 δὲ
1837 2699 2050 2751 βιαιότερον
2067 2698 2106 2738 ἐν
2121 2700 2205 2743 ταῖς
2221 2698 2407 2746 ζητήσεσι
2424 2698 2710 2750 διαλεγόμενον,
2729 2700 2866 2741 κονδυ·
2920 2691 2953 2743 J·

1555 2756 1722 2802 λίζεσθαι
1743 2758 1808 2797 καὶ
1833 2758 2155 2810 παρατίλλεσθαι,
2174 2757 2220 2809 τὸ
2244 2757 2359 2795 πλέον
2388 2769 2430 2795 τε
2453 2758 2638 2805 γελᾶσθαι
2672 2771 2866 2810 καταφρο-
2936 2800 2945 2809 Ἴ,

1554 2816 1751 2867 νούμενον,
1761 2817 1828 2855 καὶ
1843 2816 1968 2855 πάντα
1981 2821 2103 2856 ταῦτα
2119 2816 2242 2867 φέρειν
2261 2814 2507 2860 ἀνεξικάκως.
2525 2816 2639 2855 ’Όθεν
2652 2817 2717 2856 καὶ
2729 2817 2863 2862 λακτιτ
2928 2864 2930 2866 v

1554 2875 1715 2923 σθέντα,
1742 2875 1872 2922 ἐπειδὴ
1896 2876 2081 2926 ἠνέσχετο
2094 2904 2105 2923 ,
2125 2876 2225 2919 τινὸς
2245 2873 2512 2924 θαυμάσαντος
2527 2904 2538 2923 ,
2556 2876 2675 2914 εἰπεῖν
2690 2889 2700 2899 ·
2731 2891 2752 2910 «ι
2769 2876 2802 2916 εἰ
2821 2875 2864 2916 δέ
2951 2876 2953 2878 ’

1554 2949 1601 2985 με
1627 2936 1713 2980 ὄνος
1737 2935 1936 2985 ἐλάκτισε,
1950 2935 2058 2982 δίκην
2075 2935 2122 2974 ἂν
2140 2933 2245 2984 αὐτῷ
2263 2932 2475 2984 ἐλάγχανον
2484 2945 2502 2983 ;.
2526 2949 2545 2969 »
2563 2934 2640 2973 Καὶ
2656 2937 2778 2973 ταῦτα
2794 2933 2863 2986 μὲν

1552 2995 1780 3045 Δημήτριος.
