3016 4628
254 287 345 328 118

238 455 418 518 ’δένδρεα
450 458 585 501 ταῦτα
630 457 683 519 τῇ
710 453 857 502 Ἰνδῶν
874 456 993 518 φωνῇ
1026 452 1199 503 Τάλα·
1244 451 1317 498 καὶ
1351 450 1532 515 φύεσθαι

239 527 314 573 ἐπ’
350 529 488 573 αὐτῶν
523 526 718 590 κατάπερ
742 529 826 574 τῶν
856 524 1053 591 φοινίκων
1076 523 1146 572 ἐπὶ
1167 528 1266 587 τῇσι
1298 526 1530 588 κορυφῇσιν

248 591 315 646 οἷά
340 618 420 663 περ
460 598 664 652 τολύπας.
702 597 928 648 Σιτέεσθαι
971 595 1015 645 δὲ
1053 596 1237 644 καὶτῶν
1262 594 1418 659 θηρίων
1452 594 1532 641 ὅσα

243 670 375 718 ἕλοιεν
401 669 755 735 ὠμοφαγέοντας,
779 670 879 734 πρὶν
913 667 963 726 δὴ
989 669 1190 716 Διόνυσον
1225 667 1359 714 ἐλθεῖν
1394 669 1434 719 ἐς
1455 665 1531 722 τὴν

244 742 389 807 χώρην
412 746 495 790 τῶν
522 743 681 793 Ἰνδῶν.
707 743 909 791 Διόνυσον
929 740 972 788 δὲ
1008 739 1204 797 ἐλθόντα,
1239 742 1295 792 ὡς
1320 737 1533 801 «καρτερὸς

244 814 410 878 ἐγένετο
437 815 600 873 Ἰνδῶν,
638 814 790 868 πόλιάς
813 833 858 861 τε
889 816 1060 870 οἰκῆσαι
1098 812 1171 858 καὶ
1204 810 1356 872 νόμους
1387 810 1531 856 θέσθαι

243 892 343 951 τῇσι
363 887 547 946 πόλισιν,
564 887 674 935 οἴνου
692 906 736 934 τε
761 889 919 950 δοτῆρα
945 885 1088 936 Ἰνδοῖς
1113 881 1310 946 γενέσθαι
1335 881 1530 944 κατάπερ

243 960 458 1020 εἘλλησι,
478 960 550 1008 καὶ
577 960 765 1024 σπείρειν
805 957 970 1012 διδάξαι
1004 956 1080 1013 τὴν
1101 959 1180 1018 γῆν
1210 954 1378 1002 διδόντα
1405 953 1529 1000 αὐτὸν

246 1034 501 1099 σπέρματα·
528 1034 555 1089 ἢ
580 1035 655 1080 οὐκ
680 1032 909 1083 ἐλάσαντος
945 1027 1079 1091 ταύτῃ
1104 1024 1436 1092 Τριπτολέμου,
1461 1024 1531 1072 ὅτε

244 1126 325 1170 περ
377 1128 423 1155 εκ
454 1105 681 1170 Δημητρος
712 1104 902 1177 ἐστάλη
914 1100 1099 1164 σπείρειν
1134 1099 1210 1156 τὴν
1240 1118 1318 1161 γην
1357 1106 1528 1160 πᾶσαν,

243 1177 272 1235 ἢ
304 1197 387 1242 προ
419 1176 719 1240 Ιριπτολέμου
760 1194 822 1228 τις
854 1179 971 1226 οὗτος
999 1172 1197 1224 Διόνυσος
1230 1168 1417 1217 επελθὼν
1453 1170 1530 1228 τὴν

243 1226 391 1297 Ινδῶν
415 1254 494 1311 γῆν
534 1247 762 1338 σπέρματά
798 1266 940 1312 σφισιν
963 1245 1094 1292 ἔδωκε
1115 1247 1281 1307 καρποῦ
1309 1261 1381 1288 του
1420 1242 1529 1304 ἦμέ-

237 1341 342 1386 pou·
370 1323 470 1385 βόας
494 1340 537 1368 τε
559 1323 629 1366 ὑπ’
662 1319 828 1384 ἀρότρῳ
852 1317 991 1374 ζευξαι
1019 1315 1222 1365 Διόνυσον
1249 1317 1432 1378 πρῶτον,
1457 1314 1530 1361 καὶ

246 1397 456 1458 ἀροτηρας
493 1392 585 1439 ἀντι
610 1391 804 1454 νομάδων
835 1394 1012 1448 ποιῆσαι
1051 1389 1189 1437 Ἰνδων
1225 1386 1320 1440 τους
1348 1385 1531 1440 πολλοὺς

245 1485 317 1512 και
344 1466 516 1512 ὁπλίσαι
544 1464 713 1511 όπλοισι
737 1467 867 1510 τοῖσιν
900 1458 1104 1526 ἀρηίοισι.
1141 1459 1225 1508 Καὶ
1250 1457 1365 1512 θεους
1389 1458 1485 1505 <rt-:¹65
1470 1478 1528 1506 ειν

239 1537 309 1584 ὅτι
327 1537 486 1590 ἐδίδαξε
512 1536 709 1588 Διόνυσος
729 1535 880 1588 ἄλλους
906 1554 950 1580 τε
976 1553 1050 1580 και
1079 1532 1268 1595 μάλιστα
1294 1531 1389 1589 δὴς
1373 1530 1529 1578 εωυτὸν

235 1611 581 1670 ’κυμὸαλίζοντας
598 1627 669 1656 και
699 1607 1056 1669 τυμπανίζοντας·
1073 1604 1146 1652 καὶ
1167 1604 1344 1668 ὄρχησιν
1371 1603 1414 1650 δὲ
1456 1606 1528 1651 ἐκ·

190 1738 194 1740 -
244 1680 500 1737 διδάξαιτὴν
522 1678 772 1744 σατυρικὴν,
790 1678 858 1725 τὸν
884 1678 1073 1741 κόρδακα
1101 1680 1204 1741 παρ’
1229 1674 1422 1734 Ἕλλησι
1450 1695 1527 1723 κα-

244 1754 462 1814 λεόαενον·
488 1773 560 1799 και
584 1759 723 1809 κομᾶν
762 1750 917 1805 Ἰνδοὺς
940 1753 1001 1815 τῷ
1031 1753 1137 1814 θεῷ,
1163 1748 1460 1815 μιτρηφορέειν
1484 1769 1528 1796 τε

243 1825 457 1879 ἀναδεῖξαι
486 1825 557 1871 καὶ
583 1825 729 1890 μύρων
755 1822 929 1888 ἀλοιφὰς
954 1822 1193 1884 ἐκδιδάξαι,
1232 1821 1342 1870 ὥστε
1374 1821 1448 1870 καὶ
1473 1825 1529 1876 εἷς

238 1893 510 1962 Ἀλέξανδρον
535 1898 597 1944 ἔτι
622 1896 703 1943 ὑπὸ
724 1895 956 1958 κυμέάλων
974 1915 1019 1941 τε
1043 1895 1115 1941 καὶ
1142 1894 1375 1957 τυμπάνων
1396 1897 1437 1949 ἐς
1454 1895 1530 1949 τὰς

244 1971 387 2034 μάχας
406 1970 528 2019 Ἰνδοὶ
549 1969 819 2018 καθίσταντο.

304 2045 353 2091 C.
374 2060 410 2091 8.
437 2041 632 2090 Ἀπιόντα
654 2041 697 2088 δὲ
713 2043 760 2088 ἐκ
784 2045 858 2099 τῆς
883 2041 1025 2089 Ἰνδῶν
1042 2045 1140 2103 γῆς,
1163 2038 1219 2094 ὥς
1239 2043 1276 2088 οἱ
1293 2046 1429 2087 ταῦτα
1451 2060 1527 2087 κε-

239 2114 468 2175 κοσμέατο,
494 2118 763 2172 καταστῆσαι
784 2113 962 2178 βασιλέα
973 2118 1048 2172 τ’ῆς
1066 2113 1211 2179 χώρης
1236 2113 1527 2176 Σπατέμὸαν,

238 2190 319 2233 τῶν
342 2186 519 2245 ἑταίρων
540 2185 612 2232 ἕνα
634 2185 705 2233 τὸν
731 2185 1086 2250 βακχωδέστατον
1102 2205 1111 2214 ·
1129 2185 1463 2243 τελευτήσαντος
1481 2186 1524 2233 δὲ

237 2259 481 2320 Σπατέμὸα
522 2258 598 2316 τὴν
646 2259 874 2323 βασιληίην
915 2258 1164 2313 ἐκδέξασθαι
1208 2258 1402 2307 Βουδύαν
1452 2259 1525 2306 τὸν

237 2334 384 2380 τούτου
423 2333 581 2378 παῖδα·
615 2331 687 2378 καὶ
722 2330 791 2378 τὸν
829 2330 906 2392 μὲν
931 2330 1196 2388 πεντήκοντα
1225 2331 1298 2378 καὶ
1335 2331 1408 2379 δύο
1429 2330 1526 2379 ἔτεα

240 2407 490 2465 βασιλεῦσαι
509 2404 668 2462 Ἰνδῶν,
696 2402 767 2450 τὸν
802 2405 995 2467 πατέρα·
1027 2402 1097 2450 τὸν
1127 2403 1171 2450 δὲ
1195 2405 1331 2450 παῖδα
1368 2403 1526 2452 εἴκοσιν

233 2542 567 2591 quemadmodum
590 2544 630 2582 et
659 2543 845 2593 Scythas,
875 2543 942 2593 qui
963 2543 1181 2582 arationem
1205 2554 1284 2582 non
1317 2546 1528 2594 exercent,

235 2605 303 2645 sed
325 2607 363 2645 in
386 2607 569 2656 plaustris
597 2606 780 2657 degentes
808 2606 969 2647 incertis
990 2606 1148 2646 sedibus
1167 2609 1377 2657 vagantur,
1399 2620 1530 2658 neque

236 2671 354 2710 urbes
375 2671 574 2720 incolunt,
592 2682 719 2720 neque
739 2672 887 2722 templa
902 2671 1066 2711 deorum
1094 2672 1244 2711 colunt.
1302 2675 1363 2712 lta
1396 2684 1527 2724 neque

241 2736 345 2777 ludis
371 2736 487 2776 urbes
513 2736 629 2777 ruisse
655 2748 783 2788 neque
810 2739 959 2788 templa
989 2738 1063 2778 diis
1082 2739 1311 2788 exstructa,
1333 2738 1402 2778 sed
1424 2737 1527 2778 fera-

239 2812 327 2840 rum
349 2813 446 2852 quas
472 2803 684 2843 occiderint
724 2803 878 2844 exuviis
897 2815 938 2843 se
959 2804 1164 2845 vestivisse
1196 2815 1207 2845 :
1229 2804 1420 2844 arborum
1441 2816 1528 2845 cor-

239 2866 382 2906 licibus
400 2867 503 2906 vesci
523 2868 656 2908 solitos
682 2868 799 2908 fuisse
814 2869 975 2918 svocari
1005 2871 1141 2910 autem
1161 2882 1300 2910 eorum
1313 2870 1448 2921 lingua
1463 2882 1529 2911 eas

241 2932 398 2971 arbores
428 2934 521 2972 Tala
544 2936 584 2973 et
613 2934 761 2974 innasci
785 2934 851 2985 iis,
878 2935 1218 2985 quemadmodum
1246 2936 1288 2975 in
1311 2936 1529 2976 verticibus

242 2997 462 3046 palmarum
474 3026 484 3044 ,
500 2998 621 3037 veluti
637 2999 786 3049 glomos
803 3000 985 3039 lanarum
1010 3002 1253 3051 carptarum.
1271 3001 1388 3042 Vesci
1407 3001 1524 3041 etiam

241 3063 375 3102 solitos
405 3063 520 3119 tuisse
546 3065 637 3104 ieris
655 3077 751 3115 quas
769 3069 915 3106 venatu
935 3067 1110 3117 ceperint
1125 3066 1281 3116 crudis,
1296 3066 1527 3117 priusquam

241 3127 357 3166 Liber
376 3127 426 3166 ad
448 3127 562 3167 indos
591 3129 771 3168 venisset.
792 3132 934 3179 Quem,
957 3125 1166 3181 postquam
1188 3131 1352 3171 venerat
1382 3141 1529 3180 eosque

239 3189 451 3240 devicerat,
474 3192 588 3231 urbes
609 3191 796 3231 Indorum
813 3193 1043 3244 condidisse,
1060 3194 1185 3244 iisque
1203 3195 1307 3245 leges
1325 3194 1499 3233 sanxisse
1518 3209 1527 3233 ε

242 3253 321 3294 vini
351 3256 467 3293 etiam
498 3266 613 3294 usum
635 3256 737 3296 lndis
759 3256 931 3306 dedisse,
951 3259 996 3297 ut
1025 3260 1065 3297 et
1096 3258 1265 3308 Graecis,
1294 3258 1389 3298 dato
1409 3258 1529 3298 etiam

240 3317 389 3356 semine
406 3319 592 3358 rationem
615 3319 766 3359 serendi
780 3331 847 3360 eos
870 3321 1047 3361 docuisse
1072 3339 1081 3361 ι
1099 3323 1182 3362 sive
1203 3322 1312 3373 quod
1330 3322 1528 3372 Triptole-

242 3394 355 3432 mus,
386 3395 510 3433 quum
534 3395 557 3423 a
576 3386 718 3426 Cerere
747 3386 795 3425 ad
822 3387 1102 3427 conserendam
1132 3388 1358 3427 universam
1378 3390 1527 3428 terram

242 3447 383 3486 missus
399 3448 546 3498 suisset,
563 3449 611 3487 ad
631 3461 717 3488 eain
731 3451 926 3500 regionem
942 3463 1021 3491 non
1041 3452 1292 3502 pervenerit;
1310 3452 1394 3492 sive
1416 3452 1527 3503 quod

242 3513 334 3550 ante
357 3512 639 3561 Triptolemum
665 3513 728 3552 bic
755 3514 882 3564 Liber,
911 3516 1086 3566 quisquis
1115 3516 1188 3566 sit,
1213 3516 1263 3555 ad
1289 3516 1406 3556 Indos
1433 3527 1528 3567 pro-

244 3575 369 3615 fectus
397 3577 552 3626 frugum
580 3577 735 3616 mitium
766 3579 914 3618 semina
948 3580 995 3619 iis
1017 3580 1182 3620 dederit.
1210 3582 1387 3620 Primum
1410 3581 1530 3620 etiam

243 3639 429 3680 Liberum
452 3641 574 3680 boves
599 3643 727 3680 aratro
752 3643 948 3693 junxisse,
967 3646 1006 3683 et
1035 3645 1240 3694 plerosque
1270 3644 1458 3684 Indorum
1479 3656 1531 3684 ex

245 3705 453 3744 erronibus
481 3708 655 3746 aratores
682 3707 817 3747 secisse
833 3737 843 3756 ,
872 3709 1100 3758 martiisque
1133 3710 1254 3748 armis
1276 3710 1493 3750 armavisse
1517 3726 1526 3750 z

245 3771 285 3808 et
304 3769 455 3809 cultum
482 3780 606 3819 quum
631 3770 798 3810 alioruin
815 3771 979 3811 deorum
995 3774 1083 3811 tum
1099 3773 1157 3811 sui
1176 3772 1296 3822 ipsius
1319 3773 1501 3813 docuisse
1515 3803 1527 3823 ,

246 3843 365 3881 quem
401 3835 673 3884 cymbalorum
709 3838 748 3874 et
778 3838 1052 3886 tympanorum
1083 3838 1196 3887 pulsu
1229 3838 1314 3878 fieri
1353 3839 1526 3888 Jusserit.

245 3899 503 3939 saltationem
515 3901 633 3939 etiam
652 3900 861 3949 satyricam
883 3900 1104 3949 induxisse,
1125 3913 1247 3951 quam
1274 3904 1402 3943 Groeci
1428 3906 1530 3944 Cor-

244 3961 343 4001 daca
362 3965 519 4004 vocant.
543 3962 600 4003 Ad
622 3963 708 4002 baec
727 3974 881 4003 comam
899 3964 972 4002 deo
1003 3964 1174 4011 nutrire,
1201 3965 1360 4006 mitram
1392 3978 1527 4017 gerere

250 4028 533 4078 unguentisque
549 4027 606 4067 uti
625 4028 840 4068 ostendisse
859 4029 1054 4068 Bacchum
1082 4044 1091 4067 ε
1110 4029 1208 4068 adeo
1229 4032 1274 4069 ut
1292 4031 1341 4069 ad
1359 4033 1524 4072 Alexan-

246 4092 307 4130 dri
332 4104 455 4142 usque
470 4096 648 4143 tempora
668 4104 760 4133 cum
787 4093 975 4143 cymbalis
994 4096 1033 4133 et
1052 4094 1247 4143 tympanis
1282 4096 1416 4145 praelia
1446 4098 1529 4138 lndi

250 4155 420 4196 inierint.

303 4219 571 4259 hisi-edentem
594 4231 685 4259 vero
701 4231 749 4260 ex
773 4220 882 4260 ludia
902 4219 1104 4268 Liberum,
1127 4221 1242 4261 rebus
1260 4221 1313 4261 ita
1339 4224 1531 4263 constitu-

253 4282 317 4330 tis,
336 4294 461 4332 regi-m
492 4284 599 4323 indis
619 4284 836 4334 praefecisse
856 4283 1130 4334 Spateinbam,
1154 4295 1276 4324 unum
1308 4297 1356 4325 ex
1374 4287 1530 4337 amicis,

1348 268 1642 320 MEGASTH
1655 266 1788 318 ENis

242 386 414 430 ’τέεσθαι
453 380 495 428 ’δὲ
523 384 606 428 τῶν
632 379 835 445 δενδρέων
855 379 926 427 τὸν
959 378 1125 445 φλοιόν·
1161 378 1388 428 καλέεσθαι
1414 377 1456 425 δὲ
1480 378 1533 424 τὰ
1568 378 1577 418 Ι
1613 376 1724 422 ἔτεα·
1749 375 1823 424 καὶ
1847 375 1996 422 τούτου
2011 374 2146 420 παῖδα
2166 372 2507 431 ἐκδέξασθαιτὴν
2531 374 2760 438 βασιληίην
2779 373 2908 440 Κρα·

1612 447 1758 494 δεύαν·
1784 446 1858 493 καὶ
1880 446 1928 492 τὸ
1946 444 2032 491 ἀπὸ
2055 446 2177 491 τοῦδε
2205 443 2255 491 τὸ
2274 443 2382 492 πολὺ
2398 443 2477 507 μὲν
2501 444 2616 492 κατὰ
2638 445 2758 508 γένος
2779 446 2909 509 ἀμεί-

1611 519 1698 566 ὅειν
1721 519 1797 574 τὴν
1833 515 2078 582 βασιληίην,
2109 510 2259 562 παῖδα
2279 515 2401 581 παρὰ
2425 517 2587 582 πατρὸς
2608 517 2910 583 ἐκδεκόμενον·

1611 593 1647 637 εἷ
1677 589 1721 637 δὲ
1746 589 1934 637 ἐκλείποι
1962 589 2012 636 τὸ
2034 588 2179 652 γένος,
2210 588 2322 635 οὕτω
2338 586 2391 648 δὴ
2431 589 2676 656 ἀριστίνδην
2700 592 2915 641 καθίστα-

1611 666 1709 710 σθαι
1733 663 1906 711 Ἰνδοῖσι
1925 661 2141 726 βασιλέας.

1677 734 1899 800 Ἡρακλέα
1923 733 1994 792 δὲ,
2013 733 2156 782 ὅντινα
2181 735 2222 788 ἐς
2242 733 2402 790 Ἰνδοὺς
2419 736 2647 801 ἀφικέσθαι
2682 735 2806 800 λόγος
2828 756 2911 787 καφ
2943 799 2947 801 Α
2999 741 3004 757 ’

1609 807 1881 871 τέχει,·τταρ’
1910 808 2099 854 αὐτοῖσιν
2123 807 2300 856 Ἰνδοῖσι
2327 808 2512 871 γηγενέα
2542 807 2759 872 λέγεσθαι.
2795 811 2910 858 Τοῖἰ-
2948 819 2950 822 “
2999 807 3003 831 ³

1608 897 1679 926 τον
1702 879 1773 926 τὸν
1801 877 2023 944 Ἡρακλέα
2049 879 2239 938 μάλιστα
2271 880 2377 945 πρὸς
2397 884 2688 946 Σουρασηνῶν
2710 881 2909 948 γεραίρεν

1609 956 1707 999 σθαι
1732 952 1913 999 Ἰνδικοῦ
1952 951 2164 1010 ἔθνεος,“
2146 972 2215 1000 ινα
2240 953 2316 1001 δύο
2349 953 2493 1008 πόλιες
2517 954 2706 1018 μεγάλαι
2731 953 2947 1023 Μέθορά
2956 964 2958 969 “
2998 948 3003 979 ξ

1607 1042 1653 1070 τε
1673 1023 1748 1070 καὶ
1775 1023 2064 1089 Κλεισόὸορα,
2084 1025 2158 1072 καὶ
2175 1026 2368 1088 ποταμὸς
2381 1026 2616 1103 Ἰωὸάρης
2607 1026 2774 1082 πλωτὸς
2789 1028 2953 1094 διαρ-
2996 1071 3001 1085 2

1610 1115 1692 1159 ρ.ει
1711 1096 1788 1154 την
1813 1096 1961 1161 χώρην
1987 1099 2144 1149 αὐτῶν.
2173 1102 2267 1156 Τὴν
2293 1098 2448 1158 σκευὴν
2492 1100 2536 1147 δὲ
2569 1104 2686 1154 οὗτος
2720 1103 2744 1148 ὃ
2766 1098 2958 1166 ἫΗρα·
2948 1125 2949 1129 ’

1607 1166 1775 1224 κλέης
1756 1187 1905 1225 ηντινα
1935 1170 2105 1234 ἐφόρεε,
2139 1173 2186 1218 Μ
2201 1189 2258 1233 εγ
2272 1170 2401 1218 ασθέ
2416 1191 2510 1229 νης
2529 1170 2647 1236 λέγει
2669 1170 2734 1220 ὅτι
2753 1171 2907 1236 ὁμοίην
2943 1174 2954 1230 J
2996 1185 3001 1214 f

1607 1242 1668 1304 τῷ
1689 1240 1876 1306 Θηὸαίῳ
1902 1240 2139 1306 Ἡρακλέϊ,
2164 1246 2221 1297 ὡς
2238 1243 2359 1291 αὐτοὶ
2378 1243 2504 1292 Ἰνδοὶ
2529 1243 2814 1308 ἀπηγέονται·
2831 1244 2908 1293 καὶ
2946 1275 2947 1278 =
2995 1257 3000 1279 ῑ’

1606 1311 1744 1378 τούτῳ
1767 1312 1949 1375 ἄρσενας
1972 1315 2048 1376 μὲν
2083 1317 2241 1370 παῖδας
2268 1315 2453 1370 πολλοὺς
2475 1316 2616 1381 κάρτα
2639 1315 2836 1380 γενέσθαι
2861 1320 2906 1366 ἐν

1606 1386 1660 1446 τῇ
1682 1383 1828 1431 Ἰνδῶν
1849 1389 1930 1450 γῇ,
1961 1388 2177 1474 (πρλλῇσι
2199 1386 2282 1454 γὰρ
2306 1387 2358 1446 δὴ
2383 1388 2570 1452 γυναιξὶν
2601 1391 2642 1443 ἐς
2660 1389 2798 1453 γάμον
2831 1391 2908 1437 ἔλ-

1608 1456 1693 1503 θεῖν
1722 1457 1794 1504 καὶ
1820 1471 1990 1506 τουτον
1997 1458 2071 1506 τὸν
2076 1459 2362 1536 <Ηρακλέα,
2382 1462 2397 1524 )
2426 1460 2639 1526 θυγατέρα
2664 1460 2710 1510 δὲ
2751 1481 2906 1525 μουνο-

1606 1532 1782 1592 γενέην·
1802 1530 1963 1596 οὔνομα
1985 1532 2028 1580 δὲ
2061 1538 2169 1580 εἶναι
2207 1554 2276 1598 τῃ
2285 1533 2407 1581 παιδὶ
2444 1533 2691 1595 Πανδαιην,
2715 1534 2790 1583 καὶ
2827 1534 2906 1594 τὴν

1607 1602 1755 1667 χώρην
1778 1602 1848 1650 ίνα
1866 1623 1911 1651 τε
1939 1604 2104 1668 εγένετο
2131 1605 2204 1652 καὶ
2225 1610 2397 1664 ἧστινος
2417 1605 2647 1673 ἐπέτρεψεν
2668 1606 2851 1666 adt-hv*
2822 1626 2903 1677 αρ-

1606 1694 1699 1740 χειν
1724 1675 1778 1724 Η
1786 1676 1996 1742 ρακλεης,
2033 1678 2276 1737 Πανδαίην,
2300 1682 2375 1736 τῆς
2394 1677 2544 1733 παιδὸς
2568 1679 2812 1743 ἐπώνυμον·
2830 1679 2906 1727 καὶ

1607 1748 1744 1814 ταύτῃ
1770 1748 2004 1815 ἐλέφαντας
2046 1749 2124 1812 μὲν
2153 1750 2392 1813 γενέσθαι’
2373 1771 2422 1799 εκ
2442 1756 2516 1799 τοῦ
2535 1751 2700 1818 πατρὸς
2732 1754 2774 1807 ἐς
2792 1771 2898 1817 πεν-

1607 1821 1856 1885 τακοσίους,
1874 1820 2005 1870 ἵππον
2027 1821 2072 1870 δὲ
2093 1825 2132 1877 ἐς
2147 1823 2515 1889 τετρακισχιλίην,
2537 1827 2676 1880 πεζῶν
2701 1822 2746 1873 δὲ
2771 1826 2815 1880 ἐς
2829 1823 2907 1880 τὰς

1607 1901 1717 1959 τρεῖς
1736 1896 1809 1942 καὶ
1831 1895 1934 1943 δέκα
1953 1896 2180 1961 μυριάδας.
2209 1897 2299 1946 Καὶ
2336 1897 2437 1944 τάδε
2464 1895 2726 1963 μετεξέτεροι
2757 1897 2907 1949 Ἰνδῶν

1610 1968 1709 2032 περὶ
1744 1968 1984 2033 Ἡρακλέος
2010 1969 2229 2033 λέγουσιν·
2254 1969 2486 2019 ἐπελθόντα
2509 1969 2639 2018 αὐτὸν
2660 1977 2805 2017 πᾶσαν
2825 1973 2908 2033 γῆν

1605 2040 1680 2088 καὶ
1708 2041 1932 2089 θάλασσαν
1956 2041 2030 2089 καὶ
2055 2035 2308 2109 καθήραντα
2331 2041 2358 2090 ὅ
2377 2062 2420 2090 τι
2439 2062 2522 2109 περ
2546 2042 2682 2091 κακὸν
2705 2042 2906 2106 κίναδος,

1606 2113 1786 2179 ἐξευρεῖν
1811 2116 1854 2161 ἐν
1876 2118 1931 2179 τῇ
1957 2114 2156 2180 θαλάσσῃ
2176 2114 2336 2177 κόσμον
2353 2115 2618 2179 γυναικήϊον·
2634 2114 2803 2180 [ὅντινα
2831 2114 2907 2163 καὶ

1606 2188 1664 2241 εἷς
1701 2191 1827 2235 τοῦτο
1866 2186 1928 2234 ἔτι
1963 2186 2007 2235 οῗ
2025 2207 2072 2235 τε
2093 2187 2135 2243 ἐξ
2159 2188 2307 2237 Ἰνδῶν
2342 2192 2419 2246 τῆς
2450 2187 2596 2254 χώρης
2625 2186 2680 2236 τὰ
2705 2187 2907 2252 ἀγώγιμα

1604 2262 1707 2324 παρ’
1734 2260 1871 2323 ἡμέας
1895 2260 2131 2324 ἀγινέοντες
2165 2263 2332 2326 σπουδῇ
2357 2260 2587 2324 ὠνεόμενοι
2607 2261 2907 2325 ἐκκομίζουσι·
2925 2272 2933 2311 j

1604 2332 1679 2379 καὶ
1704 2331 1928 2390 Ἑλλήνων
1959 2332 2004 2381 δὲ
2028 2333 2167 2381 πάλαι
2192 2333 2267 2381 καὶ
2293 2333 2528 2397 Ῥωμαίων
2555 2337 2628 2381 νῦν
2653 2332 2745 2382 ὅσοι
2767 2333 2904 2381 πολυ-

1604 2405 1774 2453 κτέανοι
1798 2406 1872 2453 καὶ
1893 2406 2159 2470 εὐδαίμονες,
2192 2405 2337 2470 μέζονι
2369 2407 2432 2455 ἔτι
2457 2406 2622 2472 σπουδῇ
2649 2406 2854 2457 ὠνέονται
2868 2406 2903 2471 J

1603 2557 1739 2586 rerum
1756 2547 2041 2587 Bacchicarum
2060 2548 2355 2598 peritissimum.
2375 2540 2464 2593 Quo
2481 2549 2639 2586 mortuo
2658 2546 2709 2586 ad
2724 2546 2907 2599 Budyam

1604 2612 1690 2661 ejus
1709 2612 1835 2652 filium
1857 2624 2023 2664 regnum
2045 2614 2258 2654 transiisse.
2293 2615 2342 2654 Et
2361 2612 2619 2663 Spatembam
2645 2610 2809 2662 quidem
2829 2621 2904 2651 an·

1604 2688 1678 2716 nos
1692 2689 1746 2717 nu
1758 2677 1864 2718 Indis
1878 2679 2093 2729 imperasse
2112 2677 2320 2730 :Budyarn
2337 2688 2418 2717 non
2435 2677 2526 2728 plus
2539 2688 2609 2716 xx.
2633 2675 2762 2726 Huius
2777 2674 2906 2716 filium

1605 2743 1829 2784 Gradeuam
1868 2745 1910 2784 in
1944 2755 2110 2795 regnum
2136 2743 2393 2792 successisse3
2420 2743 2473 2792 (3)
2505 2743 2625 2792 atque
2651 2740 2796 2782 exinde
2818 2740 2904 2792 ple-

1603 2819 1776 2859 rumque
1805 2810 2053 2850 successione
2080 2821 2247 2860 regnum
2277 2819 2301 2848 a
2321 2809 2500 2859 patribus
2531 2808 2571 2847 in
2587 2807 2693 2847 filios
2719 2817 2790 2857 per
2816 2816 2904 2848 ma·
2975 2851 2978 2853 ,

1603 2885 1680 2914 nus
1694 2886 1778 2915 esse
1790 2875 1997 2915 traditum.
2020 2876 2061 2916 Si
2086 2886 2181 2916 vero
2218 2885 2350 2925 regem
2373 2873 2525 2924 absque
2554 2872 2688 2913 liberis
2707 2870 2901 2913 decedere
2939 2900 2941 2903 -
2975 2884 2979 2904 1

1603 2939 1870 2989 contingeret,
1894 2939 2067 2990 optimos
2085 2949 2268 2989 quosque
2281 2937 2332 2978 ab
2349 2936 2456 2978 Indis
2471 2947 2579 2987 reges
2599 2935 2753 2976 creatos
2774 2944 2876 2974 esse.
2934 2992 2936 2994 v
2974 2987 2978 2994 ἶ

1655 3004 1870 3043 Herculem
1898 3013 2018 3053 porro
2034 3032 2046 3052 ‚
2069 3013 2191 3054 quem
2219 3001 2270 3041 ad
2300 3001 2419 3041 indos
2433 2999 2656 3051 pervenisse
2683 2999 2796 3043 fama,
2819 3000 2902 3048 est,
2934 3003 2936 3005 ’
2974 3000 2977 3007 ‘

1603 3067 1840 3119 terrigenam
1854 3066 1959 3117 ipsos
1974 3065 2092 3108 Indos
2106 3076 2269 3117 vocasse
2282 3095 2293 3115 ,
2311 3066 2433 3116 atque
2448 3065 2556 3103 hunc
2571 3074 2594 3103 a
2607 3062 2813 3104 Surasenis
2831 3065 2901 3102 ln-

1604 3131 1689 3172 dica
1703 3134 1820 3182 gente
1850 3131 2053 3182 praecipue
2069 3130 2169 3180 coli,
2201 3129 2270 3180 qui
2294 3128 2456 3180 quidem
2476 3127 2576 3167 duas
2598 3137 2758 3177 magnas
2785 3125 2904 3167 urbes

1603 3196 1772 3246 habent,
1790 3195 2013 3236 Methoram
2037 3195 2077 3234 et
2095 3194 2356 3235 Clisoboram.
2388 3191 2554 3233 Jobares
2580 3190 2727 3232 ssuvius
2741 3186 2902 3243 naviga-

1603 3260 1692 3300 bilis
1707 3271 1778 3311 per
1791 3271 1929 3299 eorum
1953 3259 2152 3309 regionem
2169 3257 2270 3297 ssuit.
2290 3257 2364 3298 Hic
2391 3256 2580 3296 Hercules
2594 3283 2607 3305 ,
2622 3257 2670 3296 ut
2688 3255 2829 3295 auctor
2841 3254 2903 3296 est

1603 3325 1898 3375 Megasthenes,
1920 3323 2061 3363 eodem
2085 3322 2199 3362 cultu
2218 3321 2395 3372 corporis
2414 3331 2494 3371 quo
2521 3319 2737 3360 Thebanus
2756 3321 2902 3359 llercu-

1602 3387 1660 3428 les
1675 3388 1877 3437 utebatur,
1897 3385 2007 3437 quod
2023 3384 2110 3425 Indi
2131 3385 2203 3435 ipsi
2229 3385 2420 3433 narrant;
2437 3384 2664 3434 multosque
2685 3382 2901 3423 admodum

1603 3452 1639 3491 ei
1659 3452 1803 3492 liberos
1818 3462 1948 3491 mares
1962 3450 2004 3490 in
2018 3449 2128 3490 india
2160 3449 2278 3489 ruisse
2301 3448 2426 3488 dicit:
2451 3447 2601 3487 multas
2630 3446 2737 3486 enim
2757 3456 2902 3487 uxores

1603 3516 1787 3556 habuisse
1802 3515 1922 3558 etiam
1935 3515 2042 3554 hunc
2054 3513 2288 3554 Herculem:
2307 3512 2428 3552 tiliam
2439 3521 2536 3558 vero
2551 3509 2725 3560 unicam,
2742 3510 2892 3566 nomin
2906 3531 2907 3534 =

1606 3581 1815 3621 Pandaeam
1836 3581 2059 3631 :regionem
2079 3587 2239 3630 quoque
2254 3578 2294 3618 in
2309 3589 2390 3629 qua
2415 3578 2508 3617 nata
2530 3578 2589 3616 est
2602 3607 2614 3626 ,
2635 3577 2675 3616 et
2696 3574 2879 3627 cujusim
2902 3619 2906 3622 ,

1603 3646 1712 3697 perio
1725 3656 1813 3685 eam
1829 3645 2006 3696 praefecit
2030 3645 2219 3684 Hercules
2233 3673 2244 3692 ,
2266 3641 2478 3682 Pandaeam
2495 3651 2519 3680 a
2541 3639 2631 3680 [iliae
2653 3638 2816 3680 nomine
2829 3649 2870 3679 a

1603 3709 1788 3760 pellatam
1809 3725 1817 3748 :
1837 3719 2007 3759 eamque
2021 3706 2238 3758 possedisse
2253 3706 2304 3746 ab
2317 3707 2429 3756 patre
2443 3704 2676 3755 elephantos
2694 3714 2735 3753 n,
2748 3701 2842 3754 equi

1604 3775 1652 3814 ad
1670 3786 1726 3814 nn
1748 3787 1810 3824 M.,·
1843 3773 1993 3824 pedites
2013 3771 2168 3812 circiter
2186 3781 2209 3810 c
2238 3781 2322 3810 xxx
2348 3781 2391 3810 ra.
2409 3770 2512 3810 Sunt
2541 3771 2581 3808 et
2607 3767 2717 3818 lndi,
2733 3767 2898 3823 συὶ-Μ

1603 3850 1765 3890 quoque
1785 3839 1836 3879 de
1864 3836 2033 3879 Hercule
2067 3835 2240 3875 narrent.
2279 3837 2413 3882 Quum
2445 3833 2669 3872 universam
2687 3832 2835 3880 terram

1606 3914 1714 3943 mare
1730 3902 1987 3953 peragrasset,
2003 3901 2044 3940 et
2063 3895 2257 3949 quidquid
2265 3899 2350 3937 erat
2367 3896 2563 3936 malarum
2578 3895 2793 3935 bestiarum
2809 3895 2881 3942 suf<

1603 3968 1785 4016 tulisset,
1809 3967 1995 4006 ornatum
2009 3961 2209 4014 quendam
2235 3960 2470 4001 muliebrem
2489 3959 2530 3999 in
2563 3958 2663 3998 mari
2694 3968 2808 4009 repet
2828 3962 2883 3993 ::'

1606 4035 1732 4078 Quem
1749 4031 1868 4071 etiam
1888 4030 1929 4069 in
1945 4029 2052 4068 hunc
2066 4027 2173 4078 diem
2192 4026 2260 4077 qui
2290 4036 2442 4066 merces
2460 4036 2512 4064 ex
2540 4023 2651 4064 india
2673 4021 2724 4063 ad
2745 4033 2819 4062 nos
2852 4047 2861 4074 3

1608 4096 1740 4135 ferunt
1754 4124 1765 4144 ,
1797 4104 1940 4143 magno
1960 4091 2093 4132 studio
2108 4092 2286 4131 ementes
2301 4090 2512 4140 exportant
2529 4098 2541 4127 ε
2566 4086 2636 4128 sed
2649 4087 2690 4127 et
2704 4087 2827 4137 quotq
2841 4103 2861 4147 «ἶ
2879 4128 2889 4146 ,-

1606 4158 1713 4208 apud
1736 4160 1898 4199 Graecos
1930 4156 2026 4197 olim
2053 4156 2094 4195 et
2127 4164 2235 4194 nunc
2251 4153 2359 4204 apud
2380 4145 2578 4194 Romanos
2603 4149 2764 4190 ditiores
2779 4161 2824 4190 su
2843 4150 2886 4169 '³‘

1607 4224 1757 4273 majore
1775 4223 1907 4262 adhuc
1925 4221 2059 4262 studio
2075 4223 2215 4261 emunt
2237 4218 2430 4259 marinam
2465 4216 2718 4268 margaritam
2749 4215 2833 4266 (m
2848 4267 2858 4274 „

1607 4285 1715 4337 qaia
1733 4286 1893 4335 indice)
1915 4286 1967 4326 ita
2001 4284 2188 4326 ludorum
2211 4283 2344 4335 lingua
2362 4282 2524 4323 dictam.
2546 4280 2758 4322 Herculem
2774 4274 2853 4319 eni*
