3008 4542
171 234 187 273 δ

276 217 368 256 560

335 309 474 368 Quod
507 308 677 352 deiude
715 309 878 353 attinet
903 311 1382 370 Heracleopolitarum
1421 310 1564 369 dyna-

268 383 372 425 stias
396 380 489 442 (IX
515 390 559 426 et
581 381 672 441 X),
690 383 866 442 regiam
891 398 1057 427 eorum
1076 382 1210 426 fuisse
1249 382 1567 440 Heracleopo-
1646 379 1689 433 ὃς
1709 382 1880 440 codd.)
1905 379 1989 428 ὑπὸ
2008 383 2254 445 Αἰγυπτίων
2281 383 2391 448 μετὰ
2416 380 2592 450 Ὄσιριν
2612 389 2782 450 πρῶτον
2811 406 2938 449 νομι-

268 454 334 496 lin
352 469 542 512 parvam
565 455 614 496 in
634 454 869 498 Sethroito
891 471 1035 499 nomo
1060 471 1159 499 non
1174 456 1313 515 longe
1333 471 1357 497 a
1384 456 1564 498 Pelusio

267 535 628 570 consentaneum
673 534 766 581 est,
802 541 948 585 quum
990 527 1341 586 Heracleopolis
1367 541 1531 585 magna
1549 560 1562 581 ,

264 612 415 658 prope
439 599 700 657 Memphin,
725 600 917 644 alteram
939 601 1138 660 regiam,
1155 601 1238 643 sita
1271 599 1490 657 assignari
1512 599 1566 642 iis

266 680 480 729 nequeat.
513 671 767 729 Utriusque
792 671 1011 730 dynastiae
1032 686 1162 730 reges
1184 670 1318 713 fuisse
1346 669 1564 713 dicuntur

263 742 553 802 undeviginti
586 758 596 786 ε
621 743 763 786 altera
802 744 1012 802 regnavit
1043 757 1130 800 per
1169 755 1313 785 annos
1341 738 1455 796 1853
1483 741 1565 799 qui

264 815 458 872 quidem
479 816 655 875 optime
677 816 931 858 concinunt
962 831 1067 858 cum
1085 816 1216 858 annis
1246 811 1333 857 185
1359 812 1372 872 (
1391 820 1480 866 142
1497 818 1564 868 —l-

265 886 376 946 43),
396 902 514 947 quos
529 888 747 931 Manetho
770 888 933 931 tribuit
966 886 1183 945 dynastiae
1206 887 1293 930 VII
1321 894 1367 928 et
1387 886 1475 928 XI.
1503 888 1563 930 At

263 959 379 1017 quid
417 960 554 1004 facies
578 961 708 1004 annis
730 964 822 1018 409
861 960 1031 1018 prioris
1062 958 1446 1003 Heracleotarum
1463 957 1552 1016 -dy-

261 1033 447 1076 nastiae?
468 1034 590 1077 Num
608 1033 729 1076 forte
753 1040 927 1076 temere
960 1031 1073 1075 duas
1111 1030 1341 1089 dynastias
1370 1031 1576 1077 Heracl-

261 1105 471 1149 distinxit
488 1105 706 1149 Manetho
718 1137 731 1157 ,
758 1119 903 1163 quum
915 1102 1241 1162 novemdecim
1259 1118 1422 1146 eorum
1439 1103 1559 1162 regi-

262 1178 350 1222 bus
373 1179 430 1222 ab
449 1179 546 1223 aliis
570 1183 665 1236 409
679 1211 691 1233 ,
712 1178 770 1221 ab
791 1178 888 1221 aliis
910 1175 998 1221 185
1024 1191 1171 1221 annos
1193 1176 1337 1219 tribui
1357 1177 1559 1234 reperis-

258 1251 356 1294 set?
378 1251 633 1294 Bunscnius
656 1266 706 1309 p.
726 1249 819 1301 264
841 1252 905 1293 ita
920 1249 1081 1294 turbas
1105 1249 1370 1307 componit,
1391 1257 1444 1293 ut
1459 1250 1557 1307 pri-

257 1339 386 1367 mum
410 1338 499 1383 pro
539 1327 632 1381 409
669 1322 810 1366 scribi
845 1321 1009 1379 jubeat
1039 1336 1133 1380 209
1168 1319 1276 1381 (ΕΘ
1299 1336 1390 1380 pro
1423 1320 1557 1382 ΥΘ),

258 1395 430 1440 deinde
450 1405 698 1454 utramque
719 1395 975 1455 dynastiam
990 1395 1182 1438 alteram
1190 1394 1323 1452 juxta
1345 1394 1555 1450 alteram,

257 1461 461 1520 denique
484 1462 532 1504 in
549 1471 748 1519 utraque
771 1462 930 1520 plures
960 1475 1090 1520 reges
1113 1475 1206 1504 una
1230 1474 1442 1520 regnasse
1462 1469 1557 1505 sta—

257 1543 371 1581 tuat.
399 1535 616 1579 Ceterum
642 1535 799 1578 omnia
831 1535 927 1578 haec
952 1543 1049 1578 tum
1077 1534 1266 1578 demum
1290 1533 1557 1592 probabili-

258 1609 360 1651 tatis
381 1608 582 1666 speciem
614 1608 814 1666 aliquam
840 1622 936 1666 prae
959 1622 1006 1650 se
1041 1606 1163 1650 ferre
1186 1614 1342 1665 patet,
1370 1606 1407 1648 si
1429 1605 1557 1648 illam

256 1679 316 1723 de
336 1679 650 1738 dynastiarum
674 1680 1027 1739 synchronismo
1047 1679 1323 1723 sententiam
1347 1678 1558 1736 quamvis

255 1751 314 1795 ab
350 1752 451 1810 ipso
486 1752 768 1796 Manethone
804 1745 996 1811 prorsus
1045 1752 1269 1806 alienam,
1303 1759 1459 1794 tamen
1496 1750 1557 1793 ad

254 1840 374 1869 verae
391 1826 595 1869 historiae
620 1826 974 1885 chronologiam
999 1824 1372 1869 adumbrandam
1395 1824 1554 1883 aliquo

252 1897 400 1942 modo
415 1931 428 1954 ,
455 1899 754 1942 necessariam
772 1913 865 1946 esse
883 1898 1174 1945 concesseris.
1196 1923 1260 1931 —-
1278 1897 1554 1941 Idem-Run-

251 1972 405 2016 senius
425 1987 475 2030 p.
501 1971 620 2029 267,
645 1970 905 2026 Ochthoen,
933 1973 1106 2032 prioris
1126 1971 1311 2017 Heracl.
1335 1970 1555 2030 dynastiae

253 2052 520 2101 auctorem,
548 2060 705 2104 regem
730 2046 1047 2102 saevissimum,
1075 2045 1277 2089 eundem
1307 2060 1399 2089 esse
1422 2054 1556 2104 putat

254 2132 360 2160 cum
382 2119 618 2171 Actisane‚
646 2133 787 2176 quem
810 2118 1048 2162 Diodorus
1074 2117 1119 2178 (I
1135 2152 1146 2174 ,
1174 2118 1259 2173 60,
1287 2117 1343 2178 2)
1370 2118 1553 2162 AEthio-

252 2205 361 2248 pem
376 2226 389 2246 ‚
418 2206 669 2251 regemque
684 2190 984 2248 justissimum
999 2224 1012 2247 ,
1037 2199 1177 2250 atque
1200 2192 1376 2235 Amasis
1399 2207 1556 2250 aequa-

253 2266 345 2308 lem
372 2263 581 2328 (Amasin
602 2280 715 2309 vero
739 2265 896 2309 multis
926 2265 1091 2309 seculis
1111 2274 1219 2324 post
1251 2265 1555 2309 Sesostridem

251 2338 487 2399 regnasse)
528 2338 654 2382 dicit.
690 2335 784 2382 Sed
826 2353 994 2397 parum
1029 2338 1127 2382 haec
1157 2338 1424 2382 verisimilia
1461 2354 1555 2383 esse

251 2412 366 2455 mihi
396 2411 633 2455 videntur.
666 2412 784 2455 Nam
809 2411 941 2470 quod
964 2410 1205 2456 Diodorus
1231 2420 1389 2455 narrat
1425 2414 1556 2456 Acti-

252 2498 407 2527 sanem
440 2483 651 2527 homines
672 2482 907 2528 maleficos
937 2499 963 2527 e
989 2491 1087 2527 tota
1106 2485 1310 2544 AEgypto
1338 2484 1556 2538 collectos

252 2558 301 2599 in
332 2557 521 2600 ultimos
548 2557 681 2616 regni
705 2555 821 2601 fines
850 2557 1138 2616 deportasse,
1169 2557 1330 2617 ibique
1366 2558 1554 2602 Rhino-

250 2629 466 2673 coluram
499 2629 762 2674 condidisse
778 2664 790 2686 ,
816 2629 927 2674 inde
953 2645 1092 2675 nemo
1115 2629 1356 2691 collegerit
1379 2633 1556 2693 regiam

250 2704 475 2766 Actisaiiis
497 2718 594 2747 non
614 2703 753 2763 longe
777 2702 974 2748 abfuisse
998 2719 1024 2748 a
1047 2705 1396 2750 Rhinocoluris.

569 2899 783 2952 LIBER
822 2898 1231 2956 SECUNDUS.

530 3036 610 3079 DU
619 3035 893 3082 oDEclMA
958 3039 1277 3084 DYNASTIA.

861 3152 936 3205 34.

529 3267 862 3316 SECUNDUM
896 3271 1275 3317 AFRICANUM.

318 3368 515 3426 Syncell.
535 3383 586 3426 p.
611 3367 696 3427 69,
724 3370 758 3413 C
783 3386 791 3413 :
816 3368 1080 3434 Δευτέρου
1101 3370 1263 3432 τόμου
1287 3374 1535 3421 Μανεθῶ.

319 3434 610 3495 Δωδεκάτη
641 3440 944 3487 δυναστεία
994 3446 1367 3492 Διοσπολιτῶν
1402 3450 1552 3510 βασι-

255 3509 383 3557 λέων
412 3509 561 3558 ἑπτά.

320 3583 361 3629 α’
398 3582 736 3647 Σεσόγχοσις
772 3585 859 3650 (5ἰο
884 3589 943 3648 Β,
970 3586 1245 3653 Σεσόγχωρις
1265 3595 1351 3647 A.)
1381 3591 1549 3654 Ἀμμα-

252 3654 383 3716 νέμου
400 3655 486 3708 υἱὸς
507 3653 580 3711 ἔτη
604 3656 697 3717 μς’.

322 3726 360 3791 β’
399 3726 756 3791 Ἀμμανέμης
798 3728 870 3788 ἔτη
911 3731 996 3788 λη’,
1026 3730 1071 3784 ’ὃς
1098 3735 1178 3779 ὑπὸ
1208 3736 1292 3781 τῶν
1327 3736 1445 3784 ἰδίων
1480 3739 1551 3784 εὐ-

253 3799 418 3862 νούχων
440 3798 641 3864 ἀνῃρέθη.
902 3797 914 3806 ”

320 3871 359 3934 γ’
398 3869 706 3935 Σέσωστρις
749 3872 1011 3938 (Σέσοστρις
1032 3879 1139 3925 cod.
1172 3881 1206 3923 B
1233 3879 1246 3938 )
1285 3877 1358 3938 ἔτη
1394 3879 1484 3942 μη’,
1508 3881 1552 3936 ὃς

255 3942 715 4008 ἅπασαν-ἐχειρώσατο
737 3944 815 4003 τὴν
843 3945 986 3993 Ἀσίαν
1020 3950 1062 3993 ἐν
1089 3950 1294 4004 ἐνιαυτοῖς
1319 3952 1454 4012 ἐννέα,
1478 3954 1550 4001 καὶ

254 4018 330 4072 τῆς
355 4015 567 4080 Εὐρώπης
587 4015 641 4064 τὰ
666 4016 795 4082 μέχρι
812 4016 1007 4084 Θρᾴκης,
1030 4021 1278 4084 πανταχόσε
1298 4025 1551 4086 μνημόσυνα

256 4086 419 4150 ἐγείρας
443 4090 518 4145 τῆς
557 4092 640 4135 τῶν
677 4091 806 4137 ἐθνῶν
851 4089 1040 4154 σχέσεως
1071 4093 1409 4158 [κατασχέσεως
1452 4098 1550 4162 m.]

258 4159 327 4206 ἐπὶ
352 4157 429 4220 μὲν
453 4166 539 4214 τοῖς
561 4160 768 4223 γενναίοις
787 4162 966 4227 ἀνδρῶν,
989 4162 1061 4209 ἐπὶ
1083 4162 1126 4210 δὲ
1151 4171 1237 4219 τοῖς
1262 4166 1453 4230 ἀγεννέσι
1479 4189 1552 4233 γυ-

1147 207 1571 256 MANETHONIS
1609 206 2010 257 SEBENNYTAE

1584 3027 1587 3030 ’
1630 3024 1817 3070 (limbus.
1839 3026 1890 3067 Is
1906 3028 2163 3067 universam
2183 3025 2348 3067 Asiam
2379 3040 2604 3069 annorum
2629 3040 2786 3069 novem
2816 3041 2927 3086 spa-

1643 310 1800 354 ναικῶν
1825 307 1954 375 μόρια
1967 315 2060 363 ταῖς
2072 310 2250 368 στήλαις
2265 313 2565 378 ἐγχαράσσων,
2582 315 2639 368 ὡς
2661 314 2745 375 (ita
2762 332 2937 377 ηψπ-90,
2953 334 2987 362 :r

1645 456 1813 501 σθ““’ναι.

1698 472 1747 572 7δ’
1782 524 2046 590 Λαχάρης
2069 526 2143 585 ἔτη
2167 529 2227 587 η’,
2247 528 2291 583 ὃς
2311 528 2382 576 τὸν
2410 531 2452 576 ἐν
2477 526 2715 596 Ἀρσινοΐτῃ
2735 531 2937 598 λαὸύριν-

1642 599 1712 642 θον
1731 599 1872 662 ἑαυτῷ
1893 597 2028 662 τάφον
2050 600 2362 650 κατεσκεύασε.
2606 659 2611 665 ¹
2955 599 2995 637 '³⁶'

1706 668 1739 715 ε’
1777 668 1826 716 ’A
1841 687 1901 732 με
1917 667 2005 733 ρὴς
2049 669 2295 738 (Ἀμμερὴς
2318 675 2425 743 cod.
2447 675 2521 737 A)
2550 673 2624 733 ἔτη
2645 675 2704 733 η’.

1706 741 1748 794 ς’
1785 741 2093 804 Ἀμενέμης
2121 745 2421 810 (Ἀμμενέμης
2444 751 2486 794 Α
2508 754 2518 808 j
2545 747 2619 807 ἔτη
2641 750 2700 806 η’.

1707 813 1741 869 ζ’
1778 816 1930 876 Σκεμ
1946 813 2148 879 ίοφρις,
2180 818 2360 885 ἀδελφή,
2379 819 2453 878 ἔτη
2478 821 2535 869 δ’.

1706 885 1847 948 Ὁμοῦ
1864 886 1940 946 ἔτη
1967 884 2046 952 ρξ’.
2575 904 2585 910 ”

2245 985 2329 1033 35.

1943 1084 2274 1132 SECUNDUM
2310 1083 2634 1132 EUSEBIUM.

1699 1169 1830 1214 Idem
1845 1185 1896 1229 p.
1916 1170 1993 1226 60,
2015 1172 2073 1216 C:
2094 1171 2237 1217 Δωδε
2252 1170 2383 1227 κοίτη
2405 1171 2940 1226 δυναστείαΔιοσπο·
2971 1191 3005 1213 ··

1635 1237 1800 1285 λιτῶν
1827 1239 2100 1303 βασιλέων
2122 1233 2395 1290 ,md->vm
2430 1245 2452 1290 ὁ
2472 1246 2640 1308 πρῶτος
2665 1244 2940 1311 Σεσόγχωσις
2969 1259 2972 1262 ’

1636 1309 1908 1374 Ἀμμενέμου
1932 1311 2019 1366 υἱὸς
2035 1311 2110 1367 ἔτη
2131 1313 2220 1374 μς’.
2706 1375 2709 1378 .
2930 1309 2950 1334 ‘¹

1703 1381 1743 1445 β’
1780 1383 2105 1447 Ἀμμανέμη
2120 1405 2138 1439 ς
2163 1384 2236 1444 ἔτη
2259 1386 2350 1449 λη’,
2376 1384 2420 1440 ὃς
2441 1386 2523 1434 ὑπὸ
2545 1389 2631 1453 τῶν
2656 1381 2774 1438 ἰδίων
2795 1391 2938 1440 εὖνού·

1633 1474 1723 1518 χων
1749 1457 1954 1520 ἀνῃρέθη.
2970 1471 2979 1478 ’

1699 1527 1741 1591 γ’
1776 1528 2090 1594 Σέσωστρις
2117 1529 2192 1588 ἔτη
2213 1529 2309 1592 μη’,
2337 1529 2380 1584 ὃς
2396 1531 2568 1596 λέγεται
2586 1532 2805 1598 γεγονέναι
2841 1554 2930 1594 πη-
2966 1525 2971 1528 .

1633 1601 1724 1662 χῶν
1746 1600 1806 1663 δ’,
1851 1602 2110 1648 παλαιστῶν
2130 1601 2190 1664 γ’,
2219 1601 2441 1650 δακτύλων
2462 1603 2524 1668 β’.
2551 1602 2637 1658 ‘⁸04
2659 1608 2940 1672 πᾶσαν.ἑχει-
2959 1633 2968 1638 ’

1635 1671 1805 1737 ρώσατο
1826 1672 1906 1731 τὴν
1929 1673 2075 1721 Ἀσίαν
2100 1676 2142 1721 ἐν
2164 1676 2370 1730 ἐνιαυτοῖς
2404 1675 2552 1737 ἐννέα,
2573 1676 2649 1724 καὶ
2673 1667 2766 1736 τῆξ,
2784 1679 2938 1745 Εὐρώ·
2973 1722 2975 1727 .

1635 1764 1720 1803 πης
1747 1745 1802 1792 τὰ
1827 1746 1958 1813 μέχρι
1980 1745 2186 1812 Θρᾴκης,
2214 1748 2464 1812 πανταχόσε
2491 1749 2747 1812 μνημόσυνα
2769 1752 2938 1817 ἐγείρας

1631 1821 1707 1876 τῆς
1727 1821 1811 1865 τῶν
1836 1820 1964 1866 ἐθνῶν
1985 1821 2306 1884 κατασχέσεως,
2332 1821 2401 1868 ἐπὶ
2423 1821 2500 1883 μὲν
2521 1828 2609 1877 τοῖς
2631 1820 2837 1885 γενναίοις
2861 1827 2938 1871 ἀν-
2964 1878 2966 1883 ,
3002 1819 3004 1843 5

1633 1891 1759 1956 δρῶν,
1786 1891 1856 1939 ἐπὶ
1871 1891 1915 1939 δὲ
1938 1896 2025 1948 τοῖς
2048 1892 2242 1959 ἀγεννέσι
2265 1896 2479 1959 γυναικῶν
2498 1893 2630 1961 μόρια
2650 1903 2745 1952 ταῖς
2761 1896 2939 1956 στήλαις

1633 1963 1932 2032 ἓγχαροίσσων,
1956 1969 2013 2022 ὡς
2034 1967 2115 2030 (sic
2139 1986 2225 2027 m.‚
2243 1967 2287 2022 ὃς
2307 1969 2469 2032 codd.)
2497 1968 2571 2016 καὶ
2593 1968 2673 2017 ὑπὸ
2691 1974 2776 2018 τῶν
2800 1974 2935 2035 Αἷγυ-
3002 1983 3006 2028 ᾗ·

1630 2038 1766 2085 πτίων
1795 2039 1992 2105 (πρῶτον
2017 2042 2128 2089 add.
2155 2046 2251 2103 m.)
2278 2040 2389 2103 μετὰ
2405 2038 2581 2107 Ὄσιριν
2598 2046 2868 2105 νομισθῆναι.

1698 2112 1809 2159 Μεθ’
1834 2110 1879 2158 ὃν
1899 2112 2064 2174 Λάμα
2082 2131 2162 2177 ρις
2197 2113 2427 2178 (Λάὸαρις
2466 2114 2637 2179 Goar.)
2679 2114 2754 2174 ἔτη
2790 2117 2856 2178 η’,
2893 2111 2952 2172 ὃς

1630 2181 1708 2240 τὴν
1749 2185 1792 2230 ἐν
1838 2182 2083 2252 Ἀρσενοΐτῃ
2134 2185 2389 2251 λαὸύρινθον
2432 2187 2574 2251 ἑαυτῷ
2615 2186 2749 2253 τάφον
2803 2207 2937 2245 κατεή
2967 2187 2970 2191 ’
3004 2191 3006 2228 ῗ

1632 2254 1854 2305 σκεύασεν.
2306 2300 2311 2304 .

1698 2330 1755 2376 Οἱ
1778 2327 1822 2376 δὲ
1847 2327 1995 2377 τούτου
2034 2329 2228 2396 διάδοχοι
2259 2329 2330 2378 ἐπὶ
2356 2330 2430 2389 ἔτη
2453 2329 2557 2393 μθ,
2583 2329 2625 2378 οἳ
2646 2331 2804 2388 πάντες
2827 2332 2936 2380 ἐὸα-
3004 2392 3005 2395 ¹

1636 2399 1842 2449 σίλευσαν
1860 2402 1972 2450 ἔτεσι
1992 2402 2093 2467 σμέ.
2609 2387 2624 2406 “

2242 2500 2321 2548 36.

1696 2588 1862 2632 Euseb.
1883 2589 2059 2634 Chron.
2081 2605 2132 2648 p.
2155 2589 2218 2648 98
2236 2604 2247 2632 ε
2271 2589 2555 2633 Duodea-ima
2574 2589 2790 2648 dynastia
2806 2590 2936 2637 Dios·
2967 2600 2971 2603 ’

1625 2662 1878 2719 politarum
1900 2663 2009 2705 VII
2026 2677 2206 2720 regum,
2233 2677 2420 2721 quorum
2439 2665 2617 2720 primus
2642 2661 2950 2709 Sesonchosis·

1630 2735 1943 2778 Ammenemis
1959 2734 2097 2791 filius
2125 2738 2262 2778 annis
2291 2735 2472 2778 XLVI.
2496 2737 2816 2780 Ammenemes
2842 2753 2935 2792 an·-

1631 2809 1702 2849 nis
1724 2807 1888 2863 XXX
1884 2808 2022 2851 VIII
2026 2841 2037 2862 ,
2066 2812 2145 2866 qui
2160 2823 2190 2850 a
2205 2811 2300 2851 suis
2313 2806 2534 2851 eunuchis
2551 2799 2813 2852 interemtus
2825 2819 2909 2854 est.

1696 2880 1913 2924 Sesostris
1941 2884 2075 2923 annis
2108 2881 2360 2934 XLVIII,
2396 2885 2525 2937 cujus
2547 2895 2759 2924 mensura
2774 2878 2937 2937 fiertur
2973 2917 2974 2920 η

1630 2953 1880 2996 cubitorum
1905 2961 2124 3010 quattuor,
2139 2953 2493 3011 palmarumque
2509 2955 2640 2996 trium
2653 2967 2754 2996 cum
2773 2942 2939 3012 digitis=
2975 2957 2978 2960 ⁴

1631 3099 1690 3139 tio
1724 3095 1816 3139 sibi
1853 3096 2067 3150 subdidit,
2111 3100 2307 3155 itemque
2337 3098 2538 3156 Europae
2574 3106 2756 3156 partem
2793 3113 2933 3158 usque
2977 3113 2982 3159 ⁷,

1635 3169 1701 3210 ad
1727 3168 1994 3212 Thraciam.
2014 3168 2148 3211 Idem
2170 3178 2216 3211 et
2235 3184 2332 3211 suoe
2361 3172 2406 3211 in
2433 3171 2640 3227 singulas
2675 3174 2834 3230 gentes
2853 3171 2931 3215 do-

1629 3244 1895 3284 minationis
1914 3250 2207 3284 monumenta
2223 3241 2387 3300 ubique
2406 3239 2659 3295 constituit}-
2684 3242 2815 3301 apud
2821 3257 2928 3302 gen-

1629 3322 1694 3355 tes
1710 3314 1888 3372 quidem
1917 3323 2126 3357 strenuas
2147 3315 2332 3368 virilia,
2362 3315 2493 3373 apud
2503 3329 2615 3358 vero
2632 3315 2838 3358 imbelles
2837 3312 2928 3371 fe-

1629 3390 1784 3429 minea
1802 3386 2024 3445 pudenda
2047 3390 2318 3447 ignominie&
2345 3401 2485 3429 causa
2513 3388 2737 3430 columnis
2759 3388 2927 3430 inscul-

1623 3473 1753 3517 pens.
1787 3458 1942 3515 Quare
1967 3462 2005 3501 is
2031 3459 2092 3502 ab
2114 3450 2346 3519 AEgyptiis
2370 3463 2609 3518 proximos
2635 3468 2745 3518 post
2771 3459 2926 3503 Osirin

1627 3530 1819 3574 honores
1836 3533 1952 3577 tulit.
2915 3586 2918 3590 .
2956 3543 2958 3548 '

1692 3603 1878 3646 Secutus
1890 3613 1958 3646 est
1971 3605 2241 3662 Lampares,
2259 3607 2396 3646 annis
2416 3604 2561 3650 VIII.
2575 3604 2665 3647 Hic
2677 3607 2726 3647 in
2740 3606 2927 3649 Arsino-

1628 3679 1690 3719 ite
1726 3673 1814 3738 (sc.
1849 3675 2019 3736 nomo)
2057 3674 2370 3733 labyrinthum
2405 3690 2694 3720 cavernosum
2730 3676 2823 3720 sibi
2849 3685 2924 3720 tu·-

1627 3750 1797 3791 mulum
1815 3747 1954 3804 fecit.
1990 3749 2312 3807 Regnaverant
2354 3762 2629 3791 successores
2658 3752 2758 3805 ejus
2787 3751 2925 3792 annis
2949 3788 2951 3790 .

1625 3822 1792 3864 XLII.
1834 3821 2026 3864 Summa
2072 3823 2292 3863 universoe
2333 3820 2664 3864 dominationis
2700 3834 2920 3864 annorum

1628 3893 1849 3938 CCXLV
1874 3891 1993 3953 (248
2012 3887 2274 3952 Samuelis).
2954 3880 2960 3888 ⁵

1691 3966 1987 4023 Exputantur
1999 3964 2108 4008 anni
2139 3961 2247 4008 182.
2263 3965 2428 4023 Itaque
2446 3972 2525 4007 aut
2541 3979 2765 4010 numerus
2783 3964 2916 4009 XLII

1626 4045 1705 4080 aut
1724 4036 1922 4083 CCXLV
1953 4043 2200 4095 corruptus
2226 4045 2306 4082 est.
2338 4036 2485 4094 Majus
2510 4046 2615 4082 ante
2641 4037 2777 4082 XLII
2801 4038 2915 4080 inse·
2949 4035 2953 4038 ⁴

1626 4109 1720 4152 ruit
1743 4123 1906 4152 vocem
1923 4112 2136 4168 quisque;
2166 4122 2326 4152 verum
2360 4119 2457 4153 tum
2480 4124 2655 4154 summa
2688 4122 2915 4154 annorum

1627 4173 1749 4218 foret
1766 4171 1876 4217 266.
