3016 4628
250 263 308 303 ὃ,
1362 231 1597 283 ΗιΡΡυΕ
1635 227 1778 279 ssLm

307 356 414 400 Haec
441 367 496 396 ex
515 348 746 410 prooemio
769 341 1120 390 declamationis
1135 338 1341 397 alicujus.
1362 362 1422 369 -—
1438 337 1530 379 Lo-

241 427 378 472 beck.
404 423 633 484 Aglaoph.
657 436 708 480 p.
737 418 830 476 337
854 434 864 462 :
893 436 913 457 «
951 414 1132 460 Horum
1157 421 1398 456 auctorem
1421 422 1529 452 eum

242 514 335 545 esse
351 498 431 556 qui
452 495 709 556 praefertur,
724 491 839 535 nihil
853 489 1035 534 dubitat
1051 486 1248 531 Ebertus
1266 481 1282 544 (
1294 483 1411 527 Diss.
1435 480 1526 524 Sic.

243 586 294 631 p.
322 568 350 614 8
372 569 407 630 ),
431 566 648 627 equidem
670 571 886 624 praestare
910 560 1071 604 nolim.
1114 577 1132 598 υ
1156 555 1327 601 Judicii
1352 567 1531 597 causam

243 658 339 687 non
348 640 600 701 perspicio.
619 638 835 683 Ceterum
848 635 976 677 locus
996 633 1026 678 l.
1054 630 1114 675 ad
1129 626 1430 687 judicandam
1444 640 1523 668 ra—

247 715 424 758 tionem
465 726 558 772 qua
592 716 863 771 argumenta
899 720 980 750 sua
1021 701 1259 748 tractarint
1288 698 1528 757 sophistae,

250 786 461 846 apprime
484 780 879 829 accommodatus.

866 918 910 958 7.

313 1034 585 1093 Argument.
612 1026 670 1073 ad
686 1024 934 1085 Sophoclis
952 1020 1070 1067 OEd.
1096 1020 1205 1077 Tyr.
1236 1032 1247 1059 :
1269 1010 1401 1061 Ἴδιον
1419 1009 1465 1056 δέ
1489 1027 1530 1055 τι

248 1101 509 1150 πεπόνθασιν
548 1101 587 1147 οἱ
622 1098 714 1161 μεθ’
748 1096 951 1157 σΟμηρον
989 1087 1166 1146 ποιηταὶ
1204 1084 1300 1138 τοὺς
1321 1082 1404 1148 πρὸ
1446 1084 1533 1128 τῶν

247 1175 454 1239 Τρωικῶν
483 1172 673 1236 βασιλεῖς
707 1165 993 1231 τυράννους
1016 1155 1427 1225 προσαγορεύοντες,
1455 1151 1534 1218 ὀψέ

249 1264 354 1293 ποτε
375 1244 497 1292 τοῦδε
510 1247 584 1290 τοῦ
608 1239 813 1302 ὀνόματος
832 1239 888 1290 εἷς
907 1233 1001 1287 τοὺς
1015 1232 1236 1288 (Έλληνας
1255 1225 1534 1289 διαδοθέντος,

250 1315 365 1365 κατὰ
382 1315 477 1369 τοὺς
499 1312 750 1378 Ἀρχιλόχου
775 1308 972 1374 χρόνους,
993 1302 1190 1366 καθάπερ
1213 1299 1390 1354 Ἱππίας
1413 1302 1437 1346 6
1457 1317 1534 1346 σο·-

250 1388 403 1454 φιστής
425 1405 568 1453 φησιν.
590 1412 656 1422 -
673 1385 743 1431 Cf.
775 1382 937 1429 Suidas
951 1397 995 1423 v.
1020 1375 1254 1442 Τύραννος.

317 1464 524 1508 Primum
541 1456 740 1522 τύραννον
762 1456 913 1499 innuit
934 1454 1094 1512 Gygen
1111 1445 1431 1512 (Ἀρχίλοχοςὸ
1446 1444 1538 1493 Πά·

255 1552 340 1598 ριος
358 1530 471 1580 κατὰ
494 1533 565 1578 τὸν
590 1528 714 1576 αὐτὸν
729 1563 740 1584 ,
764 1544 826 1572 sc.
851 1541 943 1586 quo
961 1525 1108 1584 Gyges
1126 1522 1361 1582 regnavit,
1384 1516 1537 1583 χρόνον

252 1604 474 1670 γενόμενος
495 1603 725 1650 Herodot.
750 1603 793 1657 1,
820 1598 919 1660 12).
947 1598 1090 1642 Clem.
1118 1595 1252 1639 Alex.
1288 1594 1461 1638 Strom.
1489 1595 1536 1650 I,

253 1695 304 1739 p.
334 1678 425 1739 389
441 1676 570 1738 Sylb.
600 1693 609 1720 :
638 1669 858 1735 Εὐφορίων
883 1671 925 1715 ἐν
949 1669 1011 1733 τῷ
1034 1663 1134 1730 περὶ
1160 1663 1399 1712 Ἀλευαδῶν
1425 1661 1540 1711 κατὰ

256 1749 400 1814 Γύγην
439 1747 565 1795 αὐτὸν
609 1742 847 1808 (εὈμηρον)
885 1741 1026 1799 τίθησι
1061 1737 1301 1803 γεγονέναι·
1327 1737 1369 1792 ὃς
1409 1742 1539 1803 βασι-

254 1820 392 1870 λεύειν
426 1818 582 1885 ἤρξατο
606 1815 690 1862 ἀπὸ
715 1819 789 1872 τῆς
819 1813 874 1870 ιη’
907 1810 1225 1874 Ὀλυμπιάδος·
1257 1808 1302 1857 ὃν
1334 1810 1409 1857 καὶ
1434 1809 1540 1876 φησὶ

260 1895 427 1956 πρῶτον
453 1888 698 1953 ὠνομάσθαι
721 1886 939 1952 τύραννον.
968 1886 1038 1932 Cf.
1066 1886 1227 1930 Ebert.
1255 1882 1400 1929 Sicut.
1427 1901 1475 1944 p.
1514 1901 1533 1929 1

258 1975 302 2011 et
326 1983 355 2027 9
378 1982 479 2027 sqq.

320 2177 410 2220 vit.
438 2172 630 2218 Homeri
665 2171 739 2217 ed.
777 2171 942 2215 Iriarte
976 2184 1026 2230 p.
1071 2166 1165 2214 233
1193 2184 1217 2227 ,ε
1255 2164 1434 2220 Ἱππίας
1468 2167 1544 2214 καὶ

257 2245 440 2310 Ἔφορος
463 2246 656 2303 Κυμαῖον
681 2240 775 2304 (τὸν
799 2238 1004 2305 *Ὀμηρόν
1029 2257 1136 2305 φησι
1158 2237 1425 2302 γεγονέναι).

323 2320 485 2364 Eleum
509 2317 751 2377 Hippiam,
791 2330 944 2374 neque
975 2315 1147 2370 alium,
1186 2314 1546 2375 intelligendum

257 2407 350 2437 esse
372 2401 497 2438 recte
521 2389 764 2436 contendit
799 2388 1038 2434 VVelcker.
1076 2387 1204 2443 Cycl.
1225 2403 1273 2447 p.
1306 2387 1416 2448 143,
1439 2397 1543 2433 not.

263 2465 369 2522 167.
396 2488 451 2496 —
472 2465 679 2510 Fortasse
700 2463 798 2507 haec
832 2462 977 2522 petita
998 2469 1105 2505 sunt
1141 2475 1200 2505 ex
1237 2461 1452 2506 oratione
1486 2461 1547 2507 de

258 2537 419 2582 studiis
449 2537 615 2596 quibus
645 2535 865 2594 juvenem
899 2533 1174 2579 incumbere
1206 2531 1366 2590 decet,
1404 2549 1543 2593 quam

258 2610 481 2654 habuerat
491 2607 835 2654 Lacedaemone.
851 2608 906 2654 V.
919 2607 1051 2652 Plato
1065 2606 1211 2665 Hipp.
1226 2604 1336 2663 maj.
1354 2621 1401 2665 p.
1416 2622 1496 2668 97,
1510 2608 1547 2652 F

263 2681 415 2742 (286),
431 2680 514 2725 ubi
528 2680 722 2739 Hippias
739 2679 950 2738 loquitur
967 2679 1093 2724 hunc
1109 2679 1160 2723 in
1178 2677 1372 2722 modum
1397 2694 1409 2722 ε
1435 2675 1546 2741 Περὶ

263 2751 309 2798 δὲ
333 2748 682 2812 ἐπιτηδευμάτων
699 2751 842 2797 καλῶν
861 2747 936 2796 καὶ
959 2747 1138 2813 ἔναγχος
1162 2748 1308 2796 αὐτόθι
1335 2749 1546 2815 (Spartae)

263 2822 534 2885 ηὐδοκίμησα
556 2820 715 2876 διεξιὼν
744 2820 773 2868 ἃ
801 2818 887 2886 χρὴ
906 2819 978 2868 τὸν
994 2820 1086 2868 νέον
1115 2820 1396 2879 ἐπιτηδεύειν.
1415 2819 1551 2870 Ἔστι

264 2894 347 2958 γάρ
373 2913 445 2956 μοι
465 2893 564 2958 περὶ
587 2895 726 2940 αὐτῶν
749 2893 970 2957 πάγκαλος
992 2891 1115 2956 λόγος
1150 2912 1200 2941 συ
1231 2893 1448 2955 κείμενος,
1473 2894 1549 2942 καὶ

267 2967 406 3020 ἄλλως
430 2958 477 3012 εὗ
498 2966 759 3027 διακείμενος
785 2964 861 3012 καὶ
884 2971 973 3019 τοῖς
993 2912 1478 3031 ὀνόμασαἯΪρόσχημα
1504 2966 1551 3014 δέ

269 3038 344 3101 μοί
363 3039 454 3085 ἐστι
474 3036 547 3084 καὶ
566 3035 679 3102 ἀρχὴ
703 3036 843 3085 τοιάδε
866 3057 930 3092 τις
947 3043 1021 3085 τοῦ
1040 3038 1188 3103 λόγου·
1201 3037 1347 3097 ἐπειδὴ
1366 3043 1394 3097 ἡ
1409 3038 1548 3106 Τροία

267 3110 383 3169 ἥλω,
412 3108 529 3172 λέγει
565 3112 587 3156 6
610 3108 733 3172 λόγος
768 3108 833 3156 ὅτι
866 3110 1166 3174 Νεοπτόλεμος
1190 3110 1389 3176 Νέστορα
1413 3110 1551 3177 ἔροιτο

268 3180 373 3229 ποῖά
407 3182 499 3228 ἐστι
522 3179 636 3227 καλὰ
661 3179 1004 3244 ἐπιτηδεύματα,
1045 3182 1072 3228 ἃ
1094 3182 1144 3229 ἄν
1169 3203 1232 3237 τις
1265 3182 1550 3241 ἐπιτηδεύσας

269 3253 360 3307 νέος
392 3249 450 3299 ὢν
475 3250 762 3314 δοκιμώτατος
791 3252 972 3325 γένοιτο.
1013 3254 1140 3302 Μετὰ
1174 3260 1310 3303 ταῦτα
1336 3247 1549 3320 δὴ’λέγων

324 3461 549 3503 Notandum
567 3463 626 3502 est
651 3464 788 3512 poetas
812 3463 1121 3513 posthomericos
1151 3475 1260 3514 reges
1289 3466 1558 3516 antetrojanos

271 3526 468 3578 appellare
484 3527 702 3576 tyrannos,
718 3537 842 3576 quum
858 3537 945 3567 sero
962 3526 1121 3568 demum
1144 3528 1267 3568 hocce
1285 3540 1431 3570 nomen
1453 3529 1557 3580 apud

273 3595 436 3633 Groecoe
461 3591 753 3643 percrebuerit,
777 3592 996 3632 Archilochi
1022 3594 1291 3643 temporibus,
1318 3596 1378 3635 uti
1400 3593 1560 3646 Hippias

271 3656 449 3709 sophista
463 3655 599 3697 tradit.

889 3725 931 3765 8.

327 3790 488 3842 Hippias
508 3791 550 3831 et
576 3788 756 3840 Ephorus
787 3791 1003 3830 Homerum
1034 3793 1258 3831 Cumanum
1286 3792 1403 3832 ruisse
1427 3792 1559 3843 perhi-

275 3855 382 3895 imit.

892 3921 921 3961 9

328 3991 551 4039 Lycurgum
580 3986 741 4038 Hippias
762 3952 936 4037 sophista·
950 3987 1045 4027 dicit
1073 3987 1411 4029 bellicosissimum
1439 3991 1559 4040 atque

276 4052 416 4105 peritia
436 4050 686 4102 imperatoria
709 4050 897 4098 insignem
923 4050 1055 4090 fnisse.

888 4119 957 4159 10.

330 4187 556 4228 Aristoteles
571 4188 610 4227 et
630 4187 786 4238 Hippias
806 4185 967 4226 tradunt
985 4186 1189 4227 Thaletem
1208 4188 1326 4227 otiam
1349 4189 1465 4228 rebus
1481 4190 1557 4229 ina·

1603 327 1717 376 ἐστὶν
1743 330 1765 375 6
1784 325 1965 390 Νέστωρ
1985 322 2061 371 καὶ
2086 319 2386 383 ὑποτιθέμενος
2411 320 2529 380 αὐτῷ
2553 317 2796 382 πάμπολλα
2823 318 2892 367 νό-
2920 367 2922 369 ,

1605 419 1719 463 μιμα
1740 399 1814 446 καὶ
1831 396 2054 459 πάγκαλα.
2071 394 2254 441 Deinde
2275 393 2390 437 dicit
2409 409 2420 437 :
2438 393 2489 437 in
2502 392 2667 437 eadem
2683 394 2898 439 oratione
2912 388 2958 411 '‘
3010 389 3014 406 ⁴

1604 472 1679 520 καὶ
1705 471 1818 518 ἄλλα
1846 466 1988 516 πολλὰ
2013 465 2088 514 καὶ
2113 461 2369 511 παντοδαπὰ
2388 461 2676 510 ἐπιδέδεικται
2698 461 2774 511 καὶ
2797 461 2915 529 περὶἸ
2939 462 2959 522 ἦ

1605 546 1794 601 ποιητῶν
1814 541 1888 588 καὶ
1909 539 2050 586 ἄλλων
2075 537 2150 583 καὶ
2169 535 2268 599 περὶ
2281 534 2496 599 Ὁμήρου.
2512 562 2577 572 -
2591 538 2664 582 Ex
2680 537 2901 601 hocloco
2921 562 2929 601 ⁴.
2952 562 2964 602 Ξ

1603 633 1684 662 sua
1707 616 1884 661 effinxit
1900 614 2201 658 Philostratus
2221 611 2315 656 Vit.
2349 610 2498 670 Soph.
2523 611 2573 667 1,
2590 625 2642 655 11
2658 643 2674 667 ‚
2694 625 2744 670 p.
2768 607 2864 670 495
2885 625 2901 671 ‚²
2921 653 2923 657 y
2955 633 2959 635 -

1604 685 1734 735 Ἔστι
1751 686 1795 733 δὲ
1815 686 1931 749 αὐτῷ
1950 679 2141 746 (Ἱππία)
2162 679 2237 727 καὶ
2252 679 2449 746 Τρωικὸς
2468 674 2900 744 διάλογος,οὖλόγ9ς
2924 734 2927 738 ¹

1606 764 1628 808 6
1646 760 1825 824 Νέστωρ
1846 761 1889 805 ἐν
1917 756 2056 823 Τροία
2074 775 2117 803 κ.
2140 775 2179 802 τ.
2200 758 2244 803 λ.
2270 759 2327 803 V.
2354 758 2486 805 Geel.
2508 773 2562 818 p.
2598 773 2712 818 191,
2732 758 2909 816 Osann,
2967 788 2971 801 2

1607 836 1639 880 l.
1664 836 1695 881 l.
1718 850 1767 894 p.
1798 832 1906 878 508.
2400 838 2405 844 ’
2900 850 2907 857 .
2932 853 2935 857 .

2231 932 2279 978 9.

1674 1036 1909 1082 Plutarch.
1925 1037 2132 1095 Lycurg.
2157 1049 2199 1078 c.
2230 1031 2290 1078 23
2317 1025 2337 1076 εΔ
2351 1027 2493 1096 Αὐτὸν
2510 1026 2556 1076 δὲ
2568 1026 2641 1078 τὸν
2658 1030 2909 1095 Λυκοῦργον
2970 1041 2979 1089 g

1611 1106 1790 1161 Ἱππίας
1820 1105 1898 1169 μὲν
1924 1108 1946 1152 6
1967 1103 2172 1170 σοφιστὴς
2191 1099 2546 1165 πολεμικώτατόν
2573 1118 2689 1166 φησι,
2711 1095 2911 1167 γενέσθαι
2942 1125 2946 1131 ’
2970 1136 2981 1175 ,ι

1608 1179 1684 1228 καὶ
1707 1180 1878 1227 πολλῶν
1902 1177 2106 1244 ἔμπειρον
2123 1178 2409 1243 στρατηγιῶν.
2947 1183 2949 1185 ’

2199 1311 2274 1340 10.

1681 1419 1881 1478 Diogen.
1905 1419 1961 1464 L.
1991 1419 2040 1474 Ι,
2068 1414 2150 1474 25,
2177 1415 2238 1460 de
2262 1416 2455 1461 Thalete
2484 1430 2495 1459 :
2533 1412 2830 1479 Ἀριστοτέλης
2865 1412 2915 1463 δὲ
2949 1462 2952 1466 ,

1611 1487 1685 1536 καὶ
1708 1486 1885 1542 Ἱππίας
1907 1487 2035 1549 φασὶν
2062 1486 2191 1534 αὐτὸν
2210 1485 2285 1534 καὶ
2309 1491 2400 1540 τοῖς
2423 1484 2609 1552 ἀψύχοις
2632 1485 2911 1551 μεταδιδόναι
2985 1507 2991 1534 i

1613 1560 1781 1628 ψυχὰς,
1812 1559 2151 1626 τεκμαιρόμενον
2193 1560 2242 1606 ἐκ
2274 1561 2352 1617 τ’ἤς
2383 1557 2504 1607 λίθου
2541 1562 2619 1618 τῆς
2652 1557 2914 1623 μαγνήτιδος
2988 1602 2992 1627 5

1612 1633 1772 1682 καὶτοῦ
1786 1632 2014 1699 ἠλέκτρου.
2037 1637 2088 1682 V.
2105 1633 2316 1679 Brandis.
2340 1633 2505 1678 Gesclz.
2529 1634 2574 1678 d.
2590 1648 2665 1692 gr.
2683 1633 2857 1680 Philos.
2874 1633 2915 1690 Ι,
2951 1627 2959 1686 ζ
2988 1630 2995 1660 ²

1612 1725 1663 1769 p.
1697 1725 1715 1752 1
1730 1724 1803 1768 19.

2231 1817 2307 1848 11.

1689 1918 1846 1967 Schol.
1870 1920 2000 1963 Arat.
2037 1919 2195 1963 Phaen.
2230 1933 2320 1976 172
2361 1934 2372 1984 ς
2401 1914 2580 1970 Ἱππίας
2603 1914 2648 1963 δὲ
2676 1914 2752 1964 καὶ
2782 1915 2917 1980 Φερε·
2995 1887 3005 1962 {

1616 1989 1748 2048 κύδης
1775 1991 1858 2050 (fr.
1882 1990 1968 2052 46)
1993 1987 2027 2045 ζ’
2055 1989 2282 2053 (Hyadas
2305 2006 2398 2037 esse
2419 1989 2632 2054 dicunt).
2999 1996 3001 2004 ⁴

2235 2136 2310 2166 12.

1686 2254 1849 2303 schol.
1875 2255 2176 2316 Pind.1>yth.
2211 2257 2301 2313 lv,
2339 2254 2433 2300 288
2469 2271 2480 2300 :
2516 2251 2696 2312 Ταύτην
2734 2254 2920 2317 (Phrixi
2990 2210 3010 2278 'i

1619 2328 1894 2391 novercam)
1933 2329 1956 2373 6
1985 2324 2062 2389 μὲν
2103 2325 2320 2391 Πίνδαρος
2352 2328 2397 2374 ἐν
2428 2324 2616 2388 ”Υμνοις
2655 2327 2922 2388 Δημωτικήν
2979 2362 2981 2366 1

1620 2419 1777 2466 φησιν,
1798 2399 1976 2454 Ἱππίας
2001 2398 2047 2446 δὲ
2084 2400 2331 2464 Γοργῶπιν.
2367 2401 2437 2448 Cf.
2462 2400 2724 2463 Pherecyd.
2748 2401 2804 2448 fr.
2828 2399 2888 2446 52
2904 2435 2919 2459 ,
3007 2393 3013 2477 ’γ

1620 2475 1705 2521 ubi
1727 2491 1818 2536 pro
1843 2485 2036 2520 matt-em
2058 2475 2210 2520 scribe
2232 2489 2488 2523 novercam.

2236 2609 2312 2656 13.

1693 2731 1908 2782 Stobaeus
1937 2737 2067 2782 Flor.
2106 2737 2383 2793 XXXVIII,
2413 2735 2500 2792 32,
2525 2751 2582 2782 ex
2616 2735 2868 2782 Plutarcho
2905 2752 2917 2782 τ

1625 2806 1804 2861 Ἱππίας
1826 2806 1945 2870 λέγει
1966 2806 2040 2854 δύο
2058 2798 2166 2855 εἶναι
2190 2806 2386 2872 φθόνους,
2410 2805 2480 2853 τὸν
2503 2803 2582 2867 μὲν
2608 2805 2796 2863 δίκαιον,
2821 2804 2926 2868 ὅταν
2985 2828 3010 2862 .g

1625 2900 1689 2935 τις
1707 2880 1794 2934 τοῖς
1812 2886 1963 2934 κακοῖς
1985 2883 2116 2945 φθονῇ
2150 2879 2429 2943 τιμωμένοις,
2452 2878 2524 2929 τὸν
2556 2877 2601 2929 δὲ
2624 2879 2795 2936 ἄδικον,
2819 2877 2923 2930 ὅταν

1626 2960 1713 3007 τοῖς
1733 2956 1928 3017 ἀγαθοῖς·
1948 2952 2024 3000 καὶ
2041 2954 2173 3000 διπλᾶ
2193 2955 2277 3000 τῶν
2302 2951 2446 3000 ἄλλων
2464 2953 2503 2999 οἱ
2527 2951 2720 3017 φθονεροὶ
2740 2954 2939 3000 κακοῦν-·

1625 3044 1721 3074 ται·
1746 3027 1793 3073 οὗ
1813 3023 1896 3090 γὰρ
1921 3023 2050 3085 μόνον
2069 3024 2156 3078 τοῖς
2172 3024 2341 3079 οἰκείοις
2360 3024 2508 3079 κακοῖς
2525 3023 2751 3088 ἄχθονται,
2774 3022 2923 3088 ὥσπερ
2996 3071 2997 3077 ,

1625 3096 1799 3154 ἐκεῖνοι,
1817 3097 1932 3144 ἀλλὰ
1947 3096 2021 3145 καὶ
2041 3098 2129 3154 τοῖς
2147 3096 2385 3163 ἀλλοτρίοις
2409 3099 2598 3161 ἀγαθοῖς.
2620 3097 2691 3146 Cf.
2717 3097 2922 3159 AEschyl.
2996 3151 2997 3155 Ἰ

1625 3173 1788 3234 Agam.
1814 3171 1926 3226 843.

1628 3395 1790 3436 nimatis
1819 3396 1972 3436 animas
1999 3396 2206 3446 tribuisse,
2231 3397 2272 3436 et
2298 3396 2578 3446 argumentum
2612 3395 2697 3446 ejus
2721 3394 2928 3438 enitentia
2987 3412 3008 3447 .'

1629 3461 1786 3511 petiisse
1801 3471 1826 3500 a
1839 3462 2024 3511 magnete
2039 3459 2168 3511 lapide
2182 3461 2223 3501 et
2237 3459 2288 3500 ab
2304 3461 2465 3501 electro.

1682 3596 1844 3648 Hippias
1859 3597 1900 3636 et
1916 3566 2164 3647 Pherecydes
2185 3530 2338 3646 sepissrii
2358 3593 2518 3645 Hyadas
2532 3603 2617 3635 esse
2638 3591 2793 3634 dieunt.

1683 3732 1821 3772 Phrixi
1833 3741 2046 3772 novercam
2063 3663 2256 3771 Pindaru}
2264 3664 2311 3770 ξι]
2329 3725 2496 3780 Hymnis
2506 3726 2756 3780 Demoticen‚
2767 3727 2929 3787 Hippias

1633 3796 1832 3847 Gorgopin
1849 3805 1934 3835 esse
1948 3793 2060 3834 dicit.
2877 3806 2881 3811 ·

1682 3928 1844 3981 Hippias
1858 3928 1915 3969 ait
1938 3928 2119 3968 duoesse
2144 3860 2502 3978 genss‘invidiaez
2527 3924 2699 3965 alterum
2721 3924 2866 3976 iustae,
2892 3923 2926 3966 si
3003 3911 3007 3931 ³

1631 3994 1720 4045 quis
1735 3993 1850 4034 malis
1864 3994 2054 4034 ettamen
2070 3989 2276 4032 honoratis
2293 3989 2490 4038 invideat3
2507 3989 2678 4030 alterum
2693 3989 2875 4040 injustae,
2893 3989 2925 4028 si
2998 3990 3016 4042 ,i

1631 4059 1721 4109 quis
1745 4057 1860 4098 bonis
1889 4056 2079 4097 invideat.
2129 4059 2186 4096 Ac
2219 4054 2367 4105 duplici
2391 4053 2496 4094 malo
2527 4052 2652 4093 invidi
2669 4052 2922 4103 afficiuntur3
2971 4033 3016 4105 [ᾖ

1631 4133 1723 4162 nam
1739 4132 1819 4162 non
1842 4121 1973 4162 solum
1999 4131 2070 4161 sua
2085 4118 2230 4160 damna
2249 4117 2406 4167 dolent,
2424 4117 2483 4157 uti
2514 4116 2681 4167 reliqui,
2706 4115 2775 4157 sed
2790 4116 2922 4157 etiam
2969 4123 2975 4128 ’
3003 4122 3016 4162 ,4

1631 4187 1734 4226 bona
1750 4186 1892 4227 aliena.
3002 4181 3016 4199 ‘'
