3016 4628
318 324 408 364 260

907 442 985 487 66.

376 547 574 590 Laetam.
598 545 707 590 Inst.
727 544 834 600 Vll,
858 543 912 587 13
934 558 945 587 :
974 544 1118 587 Falsa
1140 552 1208 586 est
1218 557 1326 603 ergo
1341 540 1596 585 Democriti

309 629 357 662 et
371 619 558 677 Epicuri
570 627 617 660 et
635 615 902 660 Dicoearchi
916 616 974 659 de
993 619 1166 659 animoe
1180 615 1474 658 dissolutione
1487 627 1588 655 sen-

310 694 451 733 tentia
487 705 503 731 .·
542 693 621 748 qui
637 686 846 748 profecto
876 703 966 731 non
996 688 1218 731 auderent
1242 686 1300 729 cle
1328 689 1585 728 animarum

309 765 493 805 interitu
512 776 651 819 mago
663 763 817 821 aliquo
827 770 1056 820 proesente
1070 760 1304 812 disserere,
1330 761 1409 817 qui
1425 761 1579 810 sciret,

307 838 439 877 certis
457 834 731 877 carminibus
753 837 866 876 cieri
884 833 944 875 ab
970 830 1130 889 inseris
1153 834 1335 873 animas
1361 838 1409 872 et
1427 829 1586 870 adesse

306 916 354 949 et
383 903 592 965 praebere
627 920 675 948 se
710 904 924 947 humanis
946 905 1088 947 oculis
1124 902 1347 947 videndas
1381 909 1429 943 et
1460 901 1585 956 loqui

305 977 521 1032 afutura
540 978 820 1038 proedicere,·
851 985 895 1019 et
915 980 957 1018 si
978 976 1213 1027 auderent,
1247 989 1297 1016 re
1315 978 1416 1032 ipsa
1436 981 1483 1015 et
1501 972 1583 1014 do-

305 1056 523 1095 cumentis
545 1049 850 1110 praesentibus
888 1052 1179 1092 vincerentur.
1217 1046 1313 1089 Sed
1345 1049 1456 1104 quia
1489 1059 1580 1112 non

296 1125 597 1184 pervidebant
618 1127 790 1166 animce
820 1126 1065 1173 rationem,
1109 1135 1214 1179 quae
1250 1128 1343 1162 tam
1376 1118 1574 1171 subtilis,

305 1206 354 1239 ut
382 1198 532 1240 oculos
550 1196 765 1238 humanoe
785 1197 946 1236 mentis
964 1190 1188 1253 effugiat,
1230 1194 1417 1234 interire
1439 1191 1581 1233 dixe-

305 1278 422 1314 runt.
448 1267 518 1313 Cf.
546 1270 751 1312 Osannus
774 1266 804 1311 l.
830 1266 861 1308 1.
887 1280 938 1325 p.
969 1263 1046 1309 52.

893 1372 973 1427 67.

535 1479 648 1542 [DE
680 1480 966 1535 INTERITU
1002 1475 1348 1538 HOMINUM.]

367 1583 528 1626 Cicero
553 1583 622 1625 De
647 1578 767 1624 offic.
792 1581 862 1634 11,
890 1577 915 1623 5
942 1591 953 1624 :
979 1578 1065 1620 Est
1080 1576 1345 1620 Dicoearchi
1379 1576 1493 1619 liber
1521 1574 1578 1617 (le

302 1659 485 1698 interitu
508 1654 739 1698 hominum
755 1685 769 1703 ‚
801 1652 1099 1710 Peripatetici
1122 1653 1285 1707 magni
1304 1658 1352 1692 et
1371 1651 1539 1708 copiosi
1551 1680 1561 1702 ,

299 1731 397 1784 qui,
422 1727 621 1769 collectis
643 1727 802 1768 ceteris
824 1727 991 1778 causis,
1018 1723 1250 1776 eluvionis,
1274 1723 1565 1787 pestilentiae,

298 1803 539 1852 vastitatis,
567 1796 815 1842 belluarum
834 1800 973 1840 etiam
990 1799 1245 1854 repentinoe
1269 1794 1576 1838 multitudinis

302 1872 315 1930 (
335 1886 522 1930 quarum
558 1874 725 1928 impetu
748 1869 881 1912 docet
908 1868 1123 1926 quoedam
1148 1866 1381 1910 hominum
1401 1880 1575 1923 genera

304 1958 400 1986 esse
429 1940 743 2001 consumpta),
771 1941 937 1983 deinde
957 1948 1212 2000 comparat,
1242 1948 1410 1998 quanto
1420 1940 1575 1998 plures

297 2016 437 2058 deleti
453 2024 558 2058 sunt
584 2013 787 2058 homines
809 2012 1039 2056 hominum
1060 2016 1253 2071 impetu,
1288 2013 1339 2054 id
1356 2021 1425 2055 est
1442 2012 1572 2055 bellis

296 2096 377 2130 aut
389 2087 690 2140 seditionibus,
723 2099 858 2145 quam
881 2087 1004 2129 omni
1019 2085 1194 2143 reliqua
1214 2085 1492 2127 calamitate.
1516 2104 1534 2122 »

886 2177 964 2224 68.

356 2280 484 2325 Idem
513 2279 681 2324 Consol
721 2278 779 2323 ad
798 2279 916 2324 Tull.
937 2278 1012 2324 ed.
1045 2279 1144 2337 Bip.
1174 2287 1206 2325 t.
1239 2278 1326 2331 IX,
1360 2293 1410 2337 p.
1442 2275 1529 2322 351
1555 2295 1567 2323 ε

293 2354 543 2412 ἦΙενὶτοᾳιιε
565 2351 861 2395 Dicoearchus
899 2355 947 2395 in
979 2366 1032 2394 eo
1058 2352 1190 2405 libro,
1229 2366 1359 2410 quem
1395 2352 1453 2395 de
1481 2351 1570 2396 ho-

292 2430 421 2469 minis
449 2428 626 2468 interitu
658 2425 927 2467 luculentum
962 2433 1007 2466 et
1037 2424 1258 2466 eruditum
1290 2426 1567 2481 conscripsit,

291 2497 407 2540 nihil
427 2497 593 2540 habere
615 2497 904 2540 dubitationis
921 2499 1114 2555 putavit,
1158 2499 1264 2555 quin
1298 2498 1439 2539 multo
1454 2497 1570 2555 plu-

291 2585 361 2613 res
398 2573 608 2613 exstincti
644 2573 732 2612 sint
765 2568 967 2612 homines
999 2572 1099 2627 ipsa
1133 2568 1367 2612 hominum
1392 2573 1570 2612 sax-vitia

292 2652 339 2684 et
367 2643 631 2696 acerbitate,
672 2657 807 2701 quam
838 2646 963 2686 omni
988 2642 1159 2700 reliquo
1187 2656 1358 2700 genere
1382 2643 1569 2686 calami·

293 2719 412 2757 tatis.
430 2714 492 2758 Cf.
515 2715 649 2757 etiam
672 2713 834 2774 fragm.
858 2702 882 2757 3
902 2729 959 2758 ex
982 2714 1252 2758 Censorino.
1279 2715 1495 2759 Ceterum
1518 2715 1571 2758 li-

292 2785 375 2828 ber
391 2787 459 2828 De
475 2789 648 2829 interitu
664 2786 891 2830 hominum
907 2802 1005 2830 non
1021 2786 1226 2830 diversus
1239 2784 1374 2830 fuisse
1386 2786 1572 2831 videtur

293 2855 362 2900 vel
386 2872 410 2900 a
439 2858 669 2914 Lesbiaco,
708 2860 781 2903 vel
805 2874 830 2902 a
854 2858 1161 2903 Corinthiaco.
1200 2859 1408 2904 Osannus
1426 2875 1475 2919 p.
1510 2864 1565 2912 41

294 2929 458 2972 librum
494 2938 701 2974 nostrum
728 2947 833 2974 cum
866 2931 1157 2975 Corinthiaco
1191 2931 1569 2990 componendum

293 3016 383 3045 csse
396 3012 559 3048 censet.
578 3004 758 3047 Scilicet
774 3019 917 3063 quum
934 3000 1094 3049 Cicero
1113 3004 1234 3048 dicat
1248 3005 1566 3048 Dicaearchum

296 3074 341 3115 in
362 3073 479 3116 libro
509 3075 577 3117 De
600 3079 781 3118 interitu
803 3077 923 3119 inter
943 3090 1020 3130 ea,
1043 3091 1145 3134 quae
1163 3091 1384 3135 magnum
1406 3077 1567 3119 homi-

296 3161 404 3187 num
429 3161 670 3190 numerum
695 3147 849 3191 delere
867 3149 1065 3203 soleant,
1093 3149 1229 3192 etiam
1249 3150 1475 3192 eluviones
1489 3163 1567 3192 re—

298 3218 516 3260 censuisse
534 3256 544 3277 ¹
571 3218 692 3262 idem
713 3235 824 3263 vero
849 3220 1008 3264 Cicero
1037 3219 1121 3279 (fr.
1150 3220 1209 3264 62
1230 3219 1243 3280 )
1272 3230 1463 3264 moneat
1481 3221 1566 3265 Di-

297 3289 547 3331 caearclmm
566 3290 611 3332 in
625 3290 801 3335 duobus
818 3292 1099 3335 Corinthiaci
1114 3292 1242 3336 libris
1259 3271 1561 3337 dissere‘ntem

299 3358 587 3404 introducere
607 3362 924 3407 Pherecratem
955 3364 1220 3409 Phthiotam
1241 3381 1272 3408 a
1291 3367 1571 3410 Deucalione
1645 3383 1707 3417 τις
1727 3362 1780 3410 ἂν
1801 3362 1872 3410 ἐπὶ
1894 3361 1972 3420 τὴν
1996 3361 2231 3420 Ἀθηναίων
2253 3363 2377 3410 πόλιν
2399 3361 2710 3428 ἀφικνούμενος
2726 3358 2840 3408 κατὰ
2859 3358 2913 3416 τὴ
2932 3373 2934 3375 ’

297 3439 439 3473 ortum
455 3447 469 3472 .·
490 3434 738 3491 suspicatur
757 3436 1288 3482 Osannusl‘herecratem
1306 3439 1430 3482 hunc
1442 3440 1569 3482 Deu-

887 3590 959 3628 70.

350 3648 574 3689 Aristoteles
596 3653 634 3690 et
653 3651 896 3693 Dicaearchus
912 3666 976 3694 eas
1001 3657 1129 3694 solum
1146 3657 1408 3698 divinationes
1428 3658 1571 3698 admit-

299 3714 389 3751 tunt
406 3724 496 3763 quw
514 3715 640 3752 surore
656 3715 842 3754 (livinitus
859 3717 1029 3757 immisso
1041 3748 1051 3767 ,
1072 3721 1111 3758 et
1123 3731 1214 3769 quae
1226 3721 1428 3761 insomniis
1443 3722 1568 3761 ruunt:

298 3775 468 3815 animam
488 3787 565 3815 non
589 3778 849 3817 immortalem
871 3790 974 3830 esse,
1003 3782 1070 3820 sed
1095 3782 1228 3822 divina
1247 3785 1417 3835 quadam
1435 3796 1477 3825 re
1491 3785 1570 3824 im-

300 3839 431 3891 pertiri
453 3842 584 3879 tuiiicn
604 3842 830 3880 mutientes.

366 3932 429 3980 ΙΝ
465 3932 810 3981 TROPllONil
844 3934 1110 3984 ANTRUM
1142 3938 1502 3990 DESCENSUS.

893 4039 966 4079 71.

679 4113 715 4161 E
751 4113 938 4162 LIBRO
969 4115 1186 4164 PRIMO.

361 4211 610 4253 Dicaearchus
637 4213 735 4254 libro
755 4214 880 4265 primo
911 4218 965 4255 Dc
987 4216 1174 4257 descensu
1206 4218 1243 4257 in
1267 4220 1477 4270 Trophonii
1498 4232 1570 4260 au·

1273 310 1634 359 DlCAEARCHl
1675 309 1975 359 MESSENH.

1664 418 1944 463 calionidam
1968 416 2026 460 de
2043 414 2221 459 diluvio
2250 411 2543 459 Deucalionis
2563 431 2633 460 sui
2659 420 2949 477 exposuisse,

1663 505 1718 534 eo
1746 492 1917 534 scilicet
1943 487 2135 532 consilio
2163 495 2216 530 ut
2239 485 2296 530 ab
2320 486 2406 529 hac
2431 489 2702 533 narratione
2725 502 2949 550 progres-

1660 577 1732 605 sus
1752 560 2103 620 comprobaret,
2120 573 2265 619 genus
2279 558 2561 615 humanum,
2581 562 2665 604 etsi
2681 561 2740 606 ab
2760 561 2962 622 interius.

1659 634 1874 692 proxime
1896 630 2131 675 interdum
2154 631 2332 675 abesset
2348 628 2628 691 ,nunquam
2649 632 2804 678 tamen
2817 623 2970 693 pror-{2

1659 720 1731 748 sus
1750 704 1920 748 deleri·
1909 703 2148 763 ,singulos
2173 703 2361 746 interire
2379 702 2608 760 homines,
2629 720 2773 766 genus
2785 705 2969 761 huma-.

1659 793 1771 821 num
1787 792 1879 821 esse
1898 775 2184 831 immortale3
2207 774 2378 820 eodem
2399 775 2546 820 modo
2561 777 2701 823 etiam
2716 777 2776 823 de
2795 772 2967 825 animai-

1658 849 1950 893 statuendum
1970 863 2080 895 esse.
2949 829 2965 853 ⁵

2014 960 2129 1021 (DE
2151 961 2598 1024 DIVINATIONE.)

2256 1071 2337 1131 69·
2923 1127 2925 1130 Α

1721 1169 1883 1214 Cicero
1910 1170 1980 1214 De
2012 1167 2158 1215 divin.
2183 1170 2226 1225 Ι,
2253 1168 2279 1214 3
2304 1185 2320 1213 .·
2343 1170 2643 1216 Dicaearchus
2667 1170 2969 1233 Peripateti-*1²
3012 1216 3014 1219 ,

1654 1262 1732 1290 cus
1752 1257 1903 1291 cetera
1931 1248 2224 1291 divinationis
2244 1262 2420 1306 genera
2443 1250 2652 1308 sustulit,
2675 1255 2969 1299 somniorum-³

1654 1329 1700 1363 et
1703 1317 1883 1377 furoris
1902 1321 2097 1379 reliquit.
2966 1315 2967 1322 ί

1718 1392 1842 1439 Ibid.
1862 1408 1913 1438 ·c.
1943 1391 2004 1436 50
2025 1408 2036 1436 ε
2063 1394 2164 1438 Nec
2188 1406 2298 1440 vero
2320 1409 2520 1454 unquam
2547 1398 2730 1440 animus
2751 1395 2956 1442 hominis*
3010 1398 3013 1435 ἶ

1653 1467 1931 1508 naturaliter
1946 1465 2148 1520 divinat,
2176 1469 2270 1509 nisi
2289 1482 2427 1525 quum
2444 1471 2513 1512 ita
2531 1460 2704 1513 sotiatus
2716 1478 2852 1515 estet
2863 1459 2961 1517 vans

1652 1553 1778 1591 cuus,
1809 1547 1856 1580 ut
1881 1540 1924 1581 ei
1943 1539 2090 1596 plane
2115 1537 2240 1581 nihil
2261 1543 2327 1582 sit
2354 1554 2456 1583 cum
2486 1555 2674 1600 corpore
2683 1555 2700 1599 3
2721 1542 2846 1601 quod
2867 1551 2971 1587 aut

1651 1610 1832 1655 vatibus
1857 1614 2082 1670 contingit
2100 1620 2186 1654 aut
2203 1611 2544 1659 dormientibus.
2581 1615 2748 1674 Itaque
2776 1628 2835 1659 ea
2856 1615 2969 1660 duo·
3008 1650 3010 1654 »

1648 1698 1823 1741 genera
1836 1698 1869 1726 a
1889 1683 2169 1728 Dicoearcho
2186 1684 2443 1743 probantur
2454 1693 2523 1739 et,
2551 1693 2604 1729 ut
2617 1685 2740 1741 dixi,
2770 1700 2804 1730 a
2824 1685 2947 1731 Cra-
3007 1688 3011 1695 ὲ

1651 1758 1775 1814 tippo
1790 1764 1960 1802 nostro,
2961 1760 2966 1818 J

1717 1827 1840 1873 Ibid.
1867 1843 1906 1872 c.
1941 1829 2009 1883 ΙΙ,
2046 1826 2102 1872 51
2135 1829 2245 1885 :At
2274 1838 2433 1874 nostra
2457 1832 2646 1874 interest
2663 1833 2805 1885 scire,
2838 1845 2948 1889 quoe

1653 1910 1849 1946 ventura
1866 1904 1970 1946 sint.
1999 1902 2212 1959 Magnus
2232 1901 2498 1946 Dicoearchi
2518 1902 2633 1946 liber
2650 1911 2722 1947 est
2771 1907 2948 1948 nescire
2961 1902 2966 1918 ³

1648 1988 1706 2016 ea
1729 1974 1889 2017 melius
1911 1989 2008 2018 esse
2023 1989 2160 2034 quam
2177 1977 2314 2024 scire.
2365 1973 2368 1975 ’

2253 2076 2337 2119 70.

1713 2148 1987 2193 Plutarchus
2008 2149 2134 2194 Plac.
2153 2147 2273 2209 phil.
2295 2151 2346 2205 V,
2379 2164 2416 2205 1,
2449 2153 2494 2206 4,
2515 2164 2566 2209 p.
2591 2153 2704 2208 904,
2728 2149 2805 2195 F:
2830 2145 2942 2212 Ἇρι·
2963 2140 2966 2145 ¹

1649 2218 1852 2278 στοτέλης
1877 2219 1952 2267 καὶ
1989 2218 2254 2286 Δικαίαρχος
2276 2219 2326 2267 τὸ
2349 2219 2446 2267 κατ’
2470 2217 2777 2283 ἐνθουσιασμον
2813 2218 2948 2282 μόνον

1651 2292 1966 2356 παρεισάγουσι
1986 2291 2060 2339 καὶ
2078 2311 2176 2346 τους
2197 2291 2408 2358 ὀνείρους,
2434 2291 2646 2340 ἀθάνατον
2671 2290 2750 2355 μὲν
2766 2283 2875 2340 εἶναι
2890 2292 2942 2340 οὗ

1647 2364 1888 2428 νομίζοντες
1910 2364 1988 2423 τὴν
2012 2364 2173 2431 ψυχὴν,
2195 2365 2310 2413 θείου
2336 2363 2382 2413 δέ
2397 2384 2510 2420 τινος
2533 2364 2732 2431 μετέχειν
2756 2363 2911 2424 αὐτήν.

1833 2482 1937 2529 ΕΙΣ
1970 2481 2344 2530 ΤΡΟΦΩΝΙΟΥ
2378 2481 2772 2532 ΚΑΤΑΒΑΣΙΣ.·

2255 2599 2336 2640 71.
2382 2602 2385 2605 ·

2029 2671 2067 2713 E
2111 2671 2301 2717 LIBRO
2342 2671 2555 2719 PRIMO.

1713 2755 2093 2811 AthenaeusXIV,
2105 2771 2156 2815 p.
2171 2755 2233 2809 64
2244 2772 2284 2814 1,
2297 2757 2351 2812 Ε,
2366 2759 2425 2804 F:
2438 2754 2705 2820 Δικαίαρχος
2717 2753 2754 2802 δ’
2765 2755 2808 2802 ἐν
2818 2753 2940 2819 πρώ-

1646 2845 1708 2891 τῳ
1736 2829 1813 2884 τῆς
1837 2827 1893 2879 εἷς
1913 2826 2166 2892 Τροφωνίου
2189 2826 2475 2881 καταὸάσεώς
2494 2845 2623 2892 φησιν
2647 2825 2806 2880 οὕτως·
2832 2849 2853 2868 ιι
2873 2822 2962 2890 ‘113

1645 2917 1693 2962 γε
1731 2897 1810 2957 τὴν
1838 2898 2004 2955 πολλὴν
2041 2897 2288 2956 δαπάνην’
2268 2919 2310 2946 εν
2349 2899 2436 2953 τοῖς
2469 2898 2650 2952 δείπνοις
2681 2898 2956 2964 παρέχουσαιι
2988 2923 2991 2930 ¹

1649 2970 1826 3037 δευτέρα
1848 2970 2042 3036 τράπεζα
2062 2970 2368 3036 προσεγένετο,
2392 2971 2466 3019 καὶ
2491 2969 2694 3037 στέφανοι
2713 2970 2789 3019 καὶ
2809 2970 2950 3086 51:59oe
2948 3011 2962 3046 ,³
2987 2973 2993 2994 ³

1649 3045 1724 3091 και
1747 3042 2002 3107 θυμιάματα
2049 3042 2123 3091 καὶ
2143 3042 2199 3090 τὰ
2222 3044 2387 3099 τούτοις
2407 3043 2622 3092 ἀκόλουθα
2646 3043 2823 3094 πάντα.
2988 3041 2989 3044 “

2285 3149 2334 3179 2.

1709 3219 1844 3264 Idem
1855 3219 2050 3279 X111‚p.
2065 3216 2175 3280 594,
2192 3149 2334 3275 E,7F
2315 3233 2327 3265 ε
2347 3215 2613 3280 Δικαίαρχος
2628 3214 2668 3262 δ’
2679 3217 2723 3264 ἐν
2731 3221 2819 3270 τοῖς
2829 3215 2920 3277 Περ

1644 3294 1720 3348 τῆς
1739 3291 1798 3344 εἷς
1813 3291 2064 3355 Τροφωνίου
2082 3288 2367 3344 καταὸάσεώς
2383 3308 2514 3354 φησι·
2539 3311 2562 3332 ι
2579 3291 2621 3337 Τ
2623 3287 2728 3336 αὐτὸ
2742 3286 2787 3335 δὲ
2806 3286 2919 3336 πάθο

1647 3437 1724 3482 ἀπ’
1750 3434 1998 3489 Ἐλευσῖνος
2024 3433 2104 3494 τὴν
2137 3433 2255 3500 ἱερὰν
2286 3434 2381 3482 ὁδὸν
2405 3433 2692 3496 καλουμένην.
2728 3429 2934 3500 Καὶ-γὲ

1645 3589 1755 3627 trum
1771 3588 1827 3628 ita
1845 3588 1983 3628 scribit
2007 3604 2016 3628 :
2035 3603 2055 3622 α
2075 3587 2218 3628 Aderat
2235 3587 2356 3628 etiam
2370 3597 2463 3638 quae
2482 3570 2716 3637 magnarum
2739 3585 2814 3625 im
2832 3599 2885 3619 w:
2898 3562 2928 3626 εἷ,

1647 3665 1735 3693 rum
1751 3654 1792 3693 in
1811 3653 1935 3693 coenis
1950 3664 2070 3693 causa
2085 3655 2169 3702 est,
2190 3652 2366 3693 secunda
2387 3662 2523 3692 mensa
2547 3653 2591 3692 et
2611 3660 2773 3693 coronoe
2789 3651 2832 3692 et
2858 3661 2886 3690 n
2899 3668 2916 3685 ιἸ

1645 3719 1792 3768 guenta
1815 3721 1856 3758 et
1870 3716 2030 3757 suffitus
2048 3718 2089 3757 et
2112 3727 2204 3768 quae
2228 3716 2290 3757 his
2303 3715 2418 3767 ,iungi
2439 3716 2569 3757 solent
2587 3714 2735 3756 omnia.
2758 3729 2780 3750 ιο
2913 3717 2916 3723 ’

2253 3813 2326 3854 72.

1698 3896 1956 3937 Dicaearchus
1979 3894 2021 3934 in
2046 3894 2150 3935 libro
2174 3896 2235 3935 De
2257 3894 2450 3936 descensu
2477 3892 2519 3933 in
2537 3890 2756 3944 Trophonii
2776 3892 2867 3931 antr
2893 3903 2896 3922 τ

1646 3961 1703 4000 ait
1732 3977 1742 4001 ι
1774 3975 1793 3994 «
1819 3959 1955 4000 Simile
1980 3958 2078 4010 quid
2105 3959 2294 3999 acciderit
2307 3959 2368 4009 ei,
2387 3957 2457 4009 qui
2471 3957 2522 3997 ad
2543 3953 2842 3997 Atheniensium

1647 4026 1739 4066 bem
1764 4025 1972 4065 accesserit
2003 4024 2203 4065 Eleusinia
2229 4024 2317 4074 via,
2351 4034 2445 4074 quae
2473 4026 2595 4063 Sacra
2616 4020 2803 4082 vocatur.
2867 4039 2869 4042 .

1647 4091 1701 4131 ibi
1726 4092 1834 4131 stans
1855 4089 1922 4130 ubi
1948 4091 2124 4141 primum
2151 4100 2290 4130 versus
2305 4089 2481 4130 Athenas
2498 4084 2724 4138 respicienti
2739 4084 2781 4125 in
2809 4100 2816 4119 ι
2848 4099 2874 4142 1'.

1645 4154 1819 4194 occurrit
1852 4155 2048 4204 templum
2084 4156 2124 4194 et
2157 4164 2253 4204 arx,
2285 4153 2403 4203 juxta
2421 4152 2547 4203 ipsam
2579 4149 2686 4189 viam
2720 4142 2920 4210 comest}

1646 4219 1898 4260 exstructum
1928 4219 2256 4268 monumentum,
2285 4217 2402 4268 cuius
2422 4226 2516 4257 cum
2543 4211 2815 4266 magnitudine
2871 4208 2886 4218 “’
