3008 4542
1269 225 1678 274 FRAGMENTA.

99 336 123 369 ff·
170 342 311 404 igitur
337 354 583 386 numerum
605 337 850 383 Boeckhius
873 337 1125 396 genuimun
1159 350 1252 378 esse
1285 343 1455 378 censet.

169 416 343 461 Contra
367 426 614 456 numerum
633 423 864 454 annorum
885 421 1004 450 2121
1033 405 1142 449 libri
1158 401 1348 449 secundi
1370 419 1460 463 pro

169 491 395 545 corrupto
413 482 578 536 habet3
603 495 712 524 nam
736 494 794 523 ex
827 478 957 522 annis
985 477 1270 536 singularum
1316 475 1461 534 dyna-

144 557 359 611 γ1511310111
399 552 630 598 conflatur
655 565 831 596 summa
875 563 1102 593 annorum
1144 563 1314 604 2222„
1344 561 1464 606 quos

100 630 121 688 ,ζ
158 626 412 672 -Boe'ckhius
426 639 515 685 pro
533 639 560 668 2
571 639 625 668 12
636 639 654 666 1
678 620 974 681 reponendos
987 635 1079 664 esse
1096 620 1269 664 statuit.
1286 619 1461 663 Secun-

102 695 122 747 ‚²
169 698 281 743 dum
299 698 396 741 haec
411 697 553 757 igitur
574 695 794 741 Manetho
811 693 1004 736 inlibris
1020 693 1110 736 suis
1137 692 1284 735 tribus
1298 705 1461 734 recena

89 819 109 837 -.-
142 809 146 812 .
169 759 260 816 suit
273 756 1079 829 annos5375(23oo42222÷853
1095 759 1128 824 ).
1148 761 1399 808 Alexandri
1415 763 1465 804 in

110 891 111 894 ,
170 844 374 903 AEgypto
395 840 580 900 imperii
603 853 750 883 annus
770 838 949 897 primus
959 837 1124 895 incipit
1147 835 1222 879 die
1254 839 1307 887 14
1336 836 1457 879 Nov.

168 930 244 960 au.
273 913 363 958 332
387 928 430 956 a.
453 913 504 958 C.
532 908 636 956 Per.
660 911 774 970 Jul.3
797 910 938 969 igitur
959 907 1101 954 Menae
1123 923 1269 951 annus
1290 907 1466 966 primus

99 1005 103 1033 τ
148 1023 152 1027 .
168 1001 226 1031 ex
242 984 762 1042 Manethoniscomputo
775 982 938 1039 incipit
957 979 1032 1023 die
1049 995 1109 1023 20
1128 980 1237 1023 Julii
1252 994 1324 1024 an.
1340 977 1462 1035 5702

168 1072 217 1103 a.
256 1057 308 1102 C.
330 1057 434 1102 Per.
466 1055 557 1100 Jul.
589 1053 736 1115 (Vide
755 1054 931 1098 Canon.
963 1047 1172 1095 Boeckhii
1210 1050 1270 1094 ad
1293 1051 1466 1094 calcem

91 1146 100 1171 5
168 1125 583 1189 fragmentorum).
619 1125 745 1169 Illud
768 1140 879 1168 vero
907 1124 1044 1168 simul
1068 1131 1134 1166 est
1160 1122 1342 1165 initium
1374 1137 1463 1180 pe-

168 1200 294 1244 riodi
327 1197 553 1243 8011113οω
591 1198 851 1256 proleptice
897 1203 1168 1255 exputatum
1211 1192 1463 1253 (2><1460

169 1282 275 1316 31110
297 1271 418 1316 1322
445 1287 486 1315 3.
515 1272 564 1316 C.
583 1271 618 1331 ).
646 1272 754 1314 Haec
779 1270 920 1329 igitur
945 1268 1177 1327 quadrant
1201 1267 1394 1326 optime.

233 1347 338 1390 Jam
359 1345 394 1389 si
415 1345 597 1398 initium
614 1358 775 1403 regum
793 1342 1061 1386 mortalium
1081 1341 1143 1384 ita
1159 1341 1363 1399 positum
1384 1349 1465 1400 est,

100 1416 105 1430 '¹
172 1427 224 1462 ut
248 1418 424 1462 incidat
460 1418 509 1460 in
539 1418 723 1460 initium
760 1415 1124 1465 astronomicum
1159 1412 1343 1472 periodi
1377 1414 1466 1457 So-

172 1491 331 1534 thiacae
345 1525 357 1546 ,
377 1490 528 1533 multo
546 1490 683 1533 etiam
699 1487 990 1546 probabilius
1014 1495 1080 1529 est
1103 1500 1249 1529 annos
1276 1490 1434 1544 24900
1451 1518 1464 1540 ‚

91 1574 98 1594 -·
171 1577 288 1620 quos
314 1560 654 1620 immortalibus
675 1559 893 1604 Manetho
913 1558 1096 1613 tribuit,
1119 1566 1296 1600 certum
1319 1573 1466 1615 quen·

172 1634 279 1678 dam
319 1632 638 1692 periodorum⁴
670 1646 919 1676 numerum
954 1629 1218 1685 involvere,
1264 1628 1468 1687 ideoque

175 1705 463 1750 revocandos
497 1719 590 1748 esse
621 1704 681 1748 ad
704 1718 849 1748 annos
878 1701 1034 1758 34837
1064 1702 1157 1745 51νο
1188 1701 1464 1759 17><1461,

174 1780 243 1822 uti
273 1777 519 1822 Boeckhius
547 1777 732 1819 monuit
764 1783 903 1833 atque
931 1775 1030 1832 ipse
1055 1773 1192 1817 statui
1222 1773 1273 1815 in
1301 1772 1465 1832 fragm.

171 1851 345 1912 Chron.
376 1864 424 1908 p.
458 1863 565 1908 191.
603 1850 658 1892 In
680 1848 948 1892 mortalium
970 1846 1124 1906 regnis
1150 1846 1370 1889 Manetho
1393 1860 1466 1889 50-

171 1916 378 1966 cundum
396 1921 667 1965 Boeckhium
689 1921 794 1965 satis
812 1920 976 1963 11311011
987 1919 1126 1978 primi
1147 1918 1266 1977 regis
1283 1919 1467 1961 initium

171 1996 234 2038 ita
252 1994 499 2038 collocasse
515 2028 528 2051 ,
549 2001 602 2036 ut
621 1994 670 2036 in
695 1992 812 2051 cycli
829 1990 1100 2035 canicularis
1122 1988 1349 2033 incideret
1375 1990 1468 2032 ini-

94 2076 97 2129 }
171 2067 315 2122 tium3
354 2080 507 2124 neque
537 2079 676 2109 omne
706 2063 976 2108 mortalium
1007 2070 1191 2119 tempus
1226 2061 1468 2118 cyclorum

173 2149 302 2183 certo
347 2153 547 2181 numero
589 2137 808 2191 absolvit,
852 2149 1004 2193 neque
1022 2131 1204 2177 efficere
1216 2132 1393 2176 studuit
1415 2142 1469 2176 111

174 2213 221 2254 111
251 2211 515 2269 antiquiore
538 2211 698 2254 saltem
730 2209 938 2252 historia<
957 2197 1063 2250 finis.
1090 2205 1274 2264 periodi
1304 2206 1465 2264 primae

175 2299 282 2326 cum
311 2281 405 2327 fine
436 2283 654 2341 dynastiae
685 2280 875 2338 alicujus
898 2284 1195 2338 congrueret.

176 2355 384 2399 Boeckhii
407 2363 632 2413 computo
669 2354 854 2397 initium
886 2349 1097 2396 secundae
1129 2349 1316 2408 periodi
1346 2349 1470 2393 cadit

173 2428 222 2470 in
245 2442 418 2471 annum
445 2442 498 2483 71
529 2426 720 2485 Phiopis
737 2425 860 2485 regis
882 2423 1099 2483 dynastiae
1115 2423 1202 2476 V1;
1224 2421 1368 2465 tertiae
1383 2436 1467 2480 pe-

173 2499 299 2543 riodi
331 2499 515 2542 initium
553 2500 603 2541 in
646 2512 820 2542 annum
845 2511 1041 2551 ,nonum
1078 2493 1296 2552 dynastiae
1331 2494 1467 2549 XIV;

98 2606 102 2610 .
175 2580 349 2630 quartae
373 2572 558 2614 initium
578 2571 628 2614 in
650 2585 824 2614 annum
849 2569 1063 2628 quintum
1096 2565 1209 2625 dyn.
1243 2566 1362 2610 XIX
1393 2567 1470 2610 in·-

177 2643 310 2702 011111.
344 2637 348 2643 ’

241 2715 404 2759 Nullus
443 2730 531 2775 ego
568 2714 733 2758 dubito
769 2714 884 2772 quin
915 2714 1012 2756 haec
1053 2727 1194 2770 quam
1228 2711 1472 2755 Boeckhius

176 2788 390 2846 exposuit
409 2787 726 2846 chronologiae
749 2785 995 2829 adornatio
1019 2784 1204 2827 latuerit
1219 2785 1268 2826 in
1293 2798 1344 2826 ea
1371 2783 1470 2829 Ma·

177 2860 393 2904 nethonis
430 2860 727 2914 recensione,
754 2873 893 2917 quam
923 2857 1166 2902 Africanus
1218 2857 1253 2900 si
1285 2871 1382 2899 non
1421 2858 1470 2900 in

177 2932 366 2992 singulis
381 2931 656 2990 quibusque,
674 2939 829 2974 tamen
845 2931 894 2973 in
908 2929 1122 2988 plurimis
1140 2936 1264 2972 certe
1287 2943 1471 2986 expres·

177 3004 252 3050 sit.
274 3004 397 3047 Num
414 3018 526 3047 vero
541 3003 602 3057 ab
619 3004 719 3062 ipso
739 3001 1021 3046 Manethone
1039 3001 1140 3044 talis
1158 2999 1367 3059 profecta
1397 3002 1469 3055 sit,

180 3089 436 3119 asseverare
451 3090 549 3118 non
563 3076 725 3119 ausim.
741 3075 893 3117 Immo
915 3072 1272 3132 deprehendisse
1286 3073 1334 3115 in
1350 3072 1472 3116 Afri·

180 3162 299 3191 cano
318 3148 434 3191 mihi
452 3147 635 3203 videor,
661 3161 766 3205 quae
782 3147 918 3190 aliam
938 3146 1312 3200 adornationem,
1335 3161 1474 3204 quam

181 3219 492 3278 antiquiorem
513 3233 606 3263 esse
626 3219 856 3273 duxerim,
880 3218 1098 3261 exstitisse
1117 3226 1328 3277 arguant.
1349 3217 1473 3275 Quid

181 3291 371 3334 sentiam
395 3291 554 3349 paucis
577 3290 841 3334 declarabo.

249 3361 434 3407 Etenim
453 3377 559 3406 usus
583 3362 821 3420 cyclorum
852 3362 1180 3405 Sothiacorum
1212 3362 1260 3402 in
1284 3361 1475 3403 historia

183 3427 358 3486 duplex
384 3435 477 3471 esse
496 3428 666 3486 potuit.
693 3428 788 3470 Aut
809 3428 933 3470 enim
968 3427 1030 3469 ita
1053 3426 1265 3469 adhiberi
1301 3426 1471 3483 potuit,

183 3507 237 3543 ut
250 3500 453 3544 historiae
469 3500 652 3543 initium
669 3500 742 3543 vel
758 3500 896 3543 etiam
911 3499 1100 3557 epochae
1117 3497 1213 3555 ejus
1230 3498 1473 3555 praecipuae

185 3587 292 3616 cum
308 3573 449 3616 initiis
465 3573 782 3616 astronomicis
795 3572 1033 3630 cyclorum
1049 3577 1445 3628 componerentur
1461 3583 1472 3622 ;

185 3653 265 3690 aut
283 3645 380 3702 hog:¹
397 3652 574 3688 tantum
594 3652 860 3703 spectarunt
879 3643 1157 3702 chronologi
1174 3644 1186 3696 3
1203 3650 1256 3684 ut
1272 3641 1328 3684 ab
1342 3640 1475 3682 initio

186 3717 387 3760 historiae
398 3731 544 3775 usque
559 3715 619 3760 ad
637 3725 814 3760 certum
832 3714 1071 3774 quoddam
1089 3713 1184 3771 ejus
1199 3709 1475 3774 παράπηγμα

189 3795 262 3832 101
291 3796 650 3832 numerarentur
675 3788 809 3843 anni,
836 3795 951 3845 quot
976 3786 1213 3844 cyclorum
1234 3792 1362 3828 certo
1390 3799 1475 3826 nu·

187 3875 318 3904 mero
329 3860 704 3907 continebantur.
720 3860 893 3905 Prioris
904 3859 1096 3903 rationis
1109 3858 1369 3915 exemplum
1383 3870 1478 3898 non

47 3919 63 3927 Π
84 3943 86 3946 “
145 3969 151 3972 .
189 3933 297 3975 novi
317 3940 486 3991 praeter
504 3932 658 3976 illuda
677 3932 899 3976 Boeckhio
921 3932 1213 3990 propositum
1228 3946 1240 3983 ;
1255 3929 1479 3983 posterior

191 4003 308 4046 ratio
325 4003 450 4062 apud
469 4004 712 4048 historicos
727 4003 1094 4062 frequentissima
1114 4010 1194 4047 est.
1214 4003 1316 4044 Hoc
1334 3996 1478 4042 modo

192 4076 327 4133 graeci
361 4076 639 4136 chronologi
664 4077 754 4120 suis
789 4077 928 4134 cyclis
951 4083 1174 4130 utuntur;
1209 4074 1307 4120 ,1100
1333 4072 1477 4115 modo

193 4148 330 4191 etiam
359 4149 596 4194 Sothiacus
621 4153 774 4207 cyclus
811 4148 870 4192 ad
907 4148 1130 4207 temporis
1164 4147 1357 4205 spatium
1397 4160 1480 4203 per

1266 2279 1382 2321 Nam
1412 2293 1468 2322 ex
1490 2270 1493 2283 ”

2711 236 2803 276 519

1538 334 1667 392 quod
1709 349 1902 394 regnum
1927 337 2215 393 Assyriorum
2237 337 2405 380 stetisse
2432 337 2604 380 dicitur
2629 340 2816 382 transla-

1537 413 1609 449 tus
1618 414 1683 449 est
1703 404 1769 469 (v.
1784 406 1969 466 Fragm.
1983 407 2157 453 Chron.
2179 424 2225 466 p.
2259 407 2344 451 163
2357 408 2391 467 );
2411 407 2501 452 hoc
2518 408 2664 453 modo
2682 411 2817 454 etiam

1538 479 1712 523 Veteris
1734 475 1951 522 Chronici
1965 487 2128 522 auctor
2147 480 2285 538 egisse
2303 480 2454 526 debet.
2472 483 2516 524 Is
2531 483 2669 537 enim,
2688 483 2819 526 sicuti

1538 549 1755 593 Manetho
1772 550 1955 592 initium
1976 543 2214 608 cycli'cum
2229 551 2375 594 Menae
2388 553 2506 611 regis
2526 568 2648 596 anno
2664 554 2818 611 primo

1539 622 1803 680 componit3
1823 629 1950 680 patet
1969 635 2086 665 .vero
2110 620 2228 664 illud
2262 622 2377 679 cycli
2403 624 2582 666 initium
2606 639 2703 667 11011
2727 639 2821 669 0550

1539 694 1921 739 astronomicum.
1950 693 2123 738 Contra
2153 693 2187 735 si
2225 696 2541 750 supputaveris
2573 711 2718 739 annos
2741 699 2821 755 qui

1540 765 1760 821 labuntur
1782 780 1807 809 a
1842 766 1977 809 Mene
1998 779 2144 823 usque
2175 763 2234 807 ad
2269 762 2409 806 finem
2433 764 2647 823 dynastiae
2673 769 2791 812 XIX
2809 804 2818 821 ‚

1541 853 1636 895 quo
1659 837 1700 883 T
1703 837 1802 895 roja
1823 844 2082 896 expugnata
2108 844 2174 878 est
2195 834 2449 878 secundum
2474 837 2818 891 Manethonem‚

1544 925 1690 953 unum
1712 909 1976 953 obtinemus
2007 908 2186 966 cyclum
2213 906 2501 962 Sothiacum3
2527 907 2644 951 adeo
2669 918 2719 952 ut
2743 910 2824 953 du-

1541 983 1671 1026 bium
1709 984 1788 1026 vix
1821 984 1877 1026 sit
1911 996 2048 1024 aeram
2085 980 2121 1022 T
2124 977 2331 1036 rojanam
2369 994 2458 1037 pro
2504 992 2826 1040 parapegmate

1541 1053 1676 1099 fuisse
1712 1063 1852 1113 atque
1891 1053 2164 1106 terminum,
2198 1065 2223 1093 a
2263 1065 2357 1108 quo
2398 1051 2551 1108 cyclus
2589 1061 2827 1110 exputatus

1541 1128 1611 1170 sit.
1638 1155 1694 1160 -—
1721 1128 1894 1184 Quidni
1915 1125 2082 1170 eodem
2105 1122 2248 1166 modo
2274 1123 2410 1166 etiam
2429 1124 2647 1167 Manetho
2667 1127 2826 1184 egerit,

1543 1201 1623 1258 qui
1647 1215 1929 1258 quamquam
1953 1196 2191 1257 AEgyptius
2214 1195 2374 1251 homo,
2399 1203 2554 1246 tamen
2577 1211 2722 1255 graece
2747 1197 2828 1240 do-

1543 1280 1642 1315 ctus
1667 1280 1789 1328 erat,
1817 1281 1863 1315 et
1883 1272 1930 1314 in
1947 1283 2079 1313 usum
2099 1267 2370 1312 Graecorum
2391 1267 2723 1327 chronologica
2747 1284 2825 1312 sua

1544 1344 1827 1401 composuit,
1854 1351 1900 1386 et
1923 1341 1996 1384 vel
2016 1355 2071 1383 eo
2094 1337 2226 1396 quod
2245 1338 2498 1381 secundum
2519 1337 2825 1400 Αἰγυπτιακῶν

1543 1415 1716 1459 librum
1740 1430 1887 1474 usque
1919 1414 1978 1458 ad
2009 1426 2182 1456 annum
2205 1410 2377 1454 excidii
2400 1410 2585 1468 Trojani
2609 1411 2825 1465 deduxit,

1542 1489 1770 1532 rationem
1794 1489 1995 1546 aliquam
2023 1483 2331 1529 celeberrimae
2346 1483 2482 1542 hujus
2501 1500 2599 1527 aerae
2621 1485 2830 1528 habuisse

1543 1570 1750 1619 apparet.
1773 1561 2011 1605 Faciamus
2031 1557 2097 1602 rei
2120 1557 2398 1615 periculum.
2428 1557 2656 1615 Dynast'iae
2679 1557 2829 1601 unde-

1542 1636 1706 1696 viginti
1722 1652 1824 1695 quae
1838 1637 1992 1695 primo
2014 1643 2059 1678 et
2077 1630 2283 1676 secundo
2302 1633 2425 1677 libro
2443 1640 2758 1689 recensentur,
2781 1635 2828 1678 in

1545 1707 1658 1752 duas
1679 1718 1834 1767 partes
1857 1708 2114 1768 dispescere
2146 1703 2278 1762 licet,
2313 1721 2415 1764 quae
2437 1714 2708 1764 separantur
2730 1721 2832 1749 me—

1543 1781 1759 1824 morabili
1782 1781 1859 1825 illa
1873 1780 2079 1839 dynastia
2099 1781 2291 1838 septima
2304 1811 2315 1833 ‚
2343 1779 2390 1820 in
2415 1791 2506 1834 qua
2523 1791 2582 1831 70
2605 1791 2731 1836 reges
2748 1791 2833 1834 per

1548 1867 1606 1908 70
1646 1852 1743 1896 dies
1778 1867 1986 1912 regnasse
2021 1851 2256 1897 dicuntur.
2295 1850 2429 1894 Prior
2450 1863 2557 1907 pars
2595 1849 2687 1891 sive
2718 1848 2830 1906 dyn.

1544 1925 1694 1970 I-VI
1712 1940 1858 1968 unum
1882 1926 2062 1983 cyclum
2077 1958 2089 1979 ‚
2115 1926 2258 1968 altera
2277 1938 2382 1983 pars
2401 1923 2495 1965 sive
2519 1920 2630 1979 dyn.
2653 1921 2830 1965 VIII—
2898 1934 2901 1940 ’

1544 1997 1615 2040 IX
1653 1996 1774 2041 duos
1811 1997 1965 2055 cyclos
2006 1997 2117 2039 olim
2161 1995 2412 2057 explevisse
2447 1993 2562 2036 mihi
2599 1992 2831 2037 videntur.

1543 2070 1726 2112 Etenim
1746 2085 1772 2112 a
1796 2069 2004 2128 dynastia
2034 2070 2146 2113 VIII
2168 2083 2314 2127 usque
2349 2066 2407 2109 ad
2435 2064 2575 2108 finem
2616 2064 2833 2123 dynastiae

1544 2141 1612 2184 XI
1626 2176 1637 2196 ‚
1661 2157 1762 2200 quae
1784 2139 2016 2200 postrema
2039 2150 2105 2185 est
2120 2142 2226 2185 libri
2245 2139 2407 2199 primi,
2429 2137 2666 2195 Syncellus
2689 2151 2831 2196 expu-

1545 2222 1609 2258 tat
1633 2229 1778 2258 annos
1814 2213 1905 2257 803
1934 2211 2330 2273 (2300-1497).
2358 2212 2414 2252 In
2446 2207 2651 2252 secundo
2679 2216 2833 2252 autem

1545 2287 1667 2330 libro
1684 2287 1901 2331 Manetho
1925 2286 2202 2330 recensuisse
2224 2282 2494 2343 perhibetur
2516 2295 2660 2324 annos
2684 2295 2804 2324 2121
2819 2316 2829 2324 .

1544 2359 1614 2405 Ne
1636 2359 1761 2403 hunc
1785 2374 2028 2403 numerum
2061 2358 2358 2401 librariorum
2390 2355 2525 2412 culpa
2558 2362 2833 2412 corruptum

1542 2441 1730 2491 putem,
1754 2431 1947 2492 impedit
1964 2431 2093 2491 quod
2113 2446 2210 2474 non
2229 2428 2374 2473 modo
2403 2425 2530 2486 apud
2563 2425 2833 2470 Africanum

1545 2505 1778 2565 Syncelli‚
1811 2505 1892 2549 sed
1927 2506 2064 2549 etiam
2105 2503 2231 2563 apud
2266 2500 2519 2546 Eusebium
2551 2500 2750 2557 Syncelli
2789 2509 2833 2542 et

1544 2579 1766 2622 versionis
1788 2578 2068 2621 Armeniacae
2086 2575 2344 2620 exhibetur.
2365 2572 2485 2617 Fieri
2503 2578 2655 2630 potest
2669 2579 2721 2613 ut
2740 2571 2834 2629 ipse

1547 2650 1787 2695 Africanus
1803 2650 2001 2693 diversas
2018 2648 2306 2692 recensiones
2326 2646 2373 2688 h.
2398 2645 2428 2689 l.
2446 2642 2725 2688 confuderit.
2746 2644 2835 2686 Ut-

1548 2737 1732 2781 cunque
1758 2723 1836 2778 sit,
1858 2722 2040 2764 numeri
2067 2719 2159 2764 803
2180 2728 2224 2762 01
2242 2734 2294 2761 21
2308 2733 2362 2760 21
2387 2730 2609 2759 summam
2627 2713 2834 2758 efficiunt

1548 2811 1777 2839 annorum
1802 2799 1926 2854 2924
1945 2828 1956 2848 ,
1980 2792 2072 2837 sive
2097 2792 2215 2835 duos
2240 2791 2392 2849 cyclos
2415 2787 2654 2834 Sothiacos
2679 2785 2831 2846 (2922

1548 2866 1649 2929 an.)
1692 2867 1878 2911 duobus
1910 2864 2281 2911 redundantibus
2321 2862 2463 2906 annis,
2496 2860 2607 2916 Quae
2634 2858 2835 2901 duorum

1549 2955 1779 2984 annorum
1799 2940 2080 2984 abundantia
2111 2939 2157 2980 in
2192 2945 2319 2979 tanto
2355 2947 2552 2977 numero
2586 2930 2681 2974 fere
2710 2931 2834 2972 nulla

1550 3021 1633 3059 est.
1667 3040 1730 3045 --
1758 3014 1977 3071 Superest
1999 3020 2050 3054 ut
2070 3009 2306 3052 videamus
2327 3007 2384 3050 de
2417 3004 2635 3063 dynastiis
2666 3003 2831 3048 I—-VI.

1550 3085 1792 3129 Africanus
1815 3086 1877 3128 ita
1900 3084 2039 3127 habet
2060 3097 2069 3127 :

1650 3208 1686 3252 I.
1726 3205 1753 3248 8
1790 3205 2036 3249 Thinitae...
2074 3219 2148 3246 an.
2186 3201 2412 3262 26335ec.
2439 3196 2635 3256 Syncell.
2678 3194 2770 3238 253

1624 3280 1684 3324 ΙΙ.
1727 3294 1755 3336 9
1892 3302 1956 3308 —
2191 3273 2279 3316 302
2449 3295 2505 3302 —-
2681 3267 2769 3310 302

1605 3350 1688 3392 ΙΙΙ.
1725 3364 1754 3407 9
1794 3347 2051 3405 Memphitae
2190 3350 2280 3395 214
2452 3369 2513 3373 -—
2680 3344 2770 3390 214

1617 3423 1690 3464 IV.
1731 3413 1758 3463 8
1893 3444 1958 3452 -
2187 3416 2278 3466 284
2449 3439 2512 3447 -
2680 3417 2768 3466 27(¹

1640 3496 1693 3538 V.
1734 3509 1763 3551 9
1798 3491 2085 3550 Elephantini
2190 3488 2282 3539 248
2448 3512 2512 3518 -
2682 3482 2771 3534 248

1620 3567 1695 3610 VI.
1737 3566 1764 3608 6
1803 3564 2064 3623 Memphitae
2193 3561 2283 3603 203
2451 3583 2514 3591 -
2680 3554 2769 3597 203

2662 3645 2777 3696 1492

2191 3734 2308 3786 1514
2363 3739 2470 3797 (sec.
2509 3731 2614 3786 Syn.
2660 3725 2814 3784 1497)

1622 3854 1776 3896 Ρ1·11110
1796 3851 1983 3895 obtuitu
2001 3865 2166 3908 parum
2199 3849 2294 3890 haec
2319 3842 2549 3888 sententiae
2579 3847 2743 3881 nostrae
2765 3836 2805 3878 fa
2824 3860 2835 3865 ο

1555 3942 1662 3970 vere
1683 3925 1915 3968 videntur.
1935 3925 2037 3967 Jam
2055 3937 2166 3964 vero
2197 3917 2430 3977 Syncellus
2449 3930 2495 3972 p.
2524 3911 2601 3964 54,
2624 3912 2683 3960 D,
2708 3922 2836 3965 reges

1556 3998 1772 4056 dynastiae
1803 3995 2014 4040 secundae
2052 3992 2233 4036 nonnisi
2261 3996 2430 4046 septem
2457 3989 2689 4032 numerat,
2719 3994 2836 4034 quo-

1558 4087 1660 4114 rum
1691 4085 1715 4113 e
1740 4070 1891 4128 regnis
1915 4081 2089 4111 summa
2111 4063 2341 4120 colligitur
2365 4069 2590 4101 annorum
2619 4056 2735 4100 224;
2764 4064 2837 4090 10-

1558 4158 1634 4201 ges
1654 4150 1841 4185 octavus
1870 4149 1915 4183 et
1938 4153 2085 4181 nonus
2110 4151 2210 4179 cum
2228 4132 2356 4196 annis
2379 4130 2437 4186 78
2463 4128 2551 4170 3110
2577 4124 2711 4182 plane
2736 4122 2836 4163 loco
