3016 4628
185 423 376 469 photius
405 421 526 467 Βί1)1.
561 421 669 466 cod.
697 422 842 467 CLXI
873 422 1014 466 tradit·
1041 422 1290 481 Sopatrum
1321 437 1395 464 so-

62 480 316 562 'jssrphistam
340 509 366 539 e
384 494 507 539 libro
531 503 661 539 sexto
690 493 864 538 decimo
886 494 971 538 τῶν
997 490 1264 553 Συμμίκτων
1298 493 1411 537 ὑπο-

74 563 357 628 ,μνημάτων
389 567 515 611 varia
536 565 776 626 paradoxa
806 573 852 609 et
881 563 1211 623 improbabilia
1252 564 1396 608 colle-

71 622 249 701 ³3¹}jj'sgisse.
265 637 419 697 Quare
433 639 525 683 huc
541 637 696 683 refero
712 637 868 682 locum
881 644 1166 694 sequentem,
1187 636 1267 694 qui
1283 635 1400 696 fugit

89 710 365 788 .'5Mahnium.

83 815 90 835 ,-
119 814 121 817 ·
712 781 793 838 87.

74 863 103 908 ξ’
178 880 385 926 AElianus
400 882 455 927 N.
471 882 527 928 A.
550 881 683 937 VIII,
704 896 764 938 7:
785 877 1065 943 Ἀριστόξενος
1083 877 1128 925 δέ
1144 877 1226 925 πού
1248 896 1395 943 φησιν,

67 943 247 1018 ἄνδρα
273 956 366 1006 ταῖς
397 949 596 1016 χερσὶν”
569 969 664 1016 οφιν
686 949 781 998 τινὰ
807 951 1086 1014 ἀποκτεῖναι,
1110 950 1184 998 καὶ
1220 949 1281 1014 μὴ
1315 951 1406 1009 δη-’

107 1022 268 1070 θέντα
287 1021 405 1085 ὅμως
424 1021 594 1086 θιγόντα
616 1025 857 1070 ἀποθανεῖν·
873 1021 947 1071 καὶ
967 1021 1045 1081 τὴν
1069 987 1227 1081 ἓσθητα
1248 1022 1292 1070 δὲ
1317 1023 1396 1069 αὖ-

51 1087 55 1094 ἷ
85 1087 184 1142 τοῦ
201 1130 214 1154 ,
237 1093 346 1152 ἦν’
321 1113 448 1160 ετυχε
470 1096 610 1159 φορῶν
635 1093 705 1142 ὅτε
730 1094 801 1142 τὸν
824 1094 916 1162 ὅφιν
945 1095 1114 1161 ἀνῄρει,
1140 1094 1213 1142 καὶ
1233 1095 1397 1155 ἐκείνην

71 1169 303 1225 σαπῆναι
323 1169 371 1214 οὐ
397 1186 451 1231 με
434 1166 507 1214 vt&
525 1166 708 1233 μακρόν.

712 1256 790 1304 88.

67 1286 125 1324 327

176 1361 455 1420 Apollonius
494 1363 610 1406 Hist.
641 1362 807 1409 Mirab.
834 1377 875 1406 c.
905 1362 964 1407 30
993 1378 1003 1406 ε
1040 1358 1319 1424 Ἀριστόξενος
1353 1358 1398 1407 δὲ

61 1439 79 1488 J
113 1432 137 1478 6
162 1431 362 1494 μουσικὸς
385 1429 741 1495 τεταρταΐζοντας
773 1430 852 1490 τὴν
873 1431 1037 1489 ἑλξίνην
1063 1431 1189 1498 φησὶν
1215 1432 1397 1496 βοτάνην

112 1501 222 1564 μετὰ
252 1502 394 1550 ἐλαίου
429 1502 686 1568 τριὸομένην
727 1504 801 1552 καὶ
844 1503 1156 1570 συγχριομένην
1195 1503 1277 1569 πρὸ
1319 1507 1394 1562 τῆς

0 1574 2 1613 ἶ
111 1572 279 1639 ληψεως
303 1574 504 1621 ἀπολύειν
525 1579 597 1622 τοῦ
621 1574 795 1630 πάθους.

58 1643 63 1646 ’
175 1647 198 1691 6
235 1645 470 1710 μουσικός]
498 1649 579 1712 οὐχ
615 1651 636 1694 6
661 1666 787 1707 μουσ.
817 1651 1040 1695 Meursius
1075 1650 1135 1694 ad
1161 1650 1396 1695 medicum

64 1767 87 1793 ¹
58 1708 446 1780 Herophileum
467 1735 567 1765 rem
593 1721 818 1777 referen53
840 1723 936 1767 sine
960 1738 1129 1767 caussa.

718 1821 798 1882 89

511 1925 593 1971 lA
631 1925 988 1974 ΣΠοΡΑΔΗΝ.

24 2019 27 2022 ’
162 2015 306 2078 Diog.
328 2019 381 2062 L.
398 2019 444 2073 l,
476 2033 586 2077 107,
611 2018 669 2063 de
693 2021 920 2079 Mysone:
947 2017 1229 2083 Ἀριστόξενος
1253 2017 1297 2064 δέ
1318 2036 1394 2082 φη-

72 2085 176 2150 ιιι-,ξιν
211 2089 254 2134 ἐν
278 2090 364 2142 τοῖς
395 2088 643 2154 Σποράδην,
667 2091 714 2136 οὗ
755 2089 900 2156 πόρρω
924 2090 1124 2153 Τίμωνος
1155 2090 1282 2138 αὐτὸν
1320 2091 1392 2137 καὶ

28 2173 30 2178 “
76 2157 389 2250 Ἇπημάντου
418 2159 656 2225 γεγονέναι·
681 2167 998 2255 μισανθρωπεῖν
1022 2162 1121 2228 γάρ.
1180 2163 1392 2228 Ὀφθηναι

141 2235 207 2279 ’ὗν
226 2233 268 2280 ἐν
291 2232 585 2295 Λακεδαίμονι
600 2233 725 2296 μόνον
747 2234 815 2280 ἐπ’
835 2235 1016 2299 ἐρημίας
1033 2253 1081 2298 γε
1063 2236 1250 2282 ελῶντα·
1273 2234 1392 2302 ἄφνω

115 2301 154 2350 ἐ
183 2319 292 2358 τινος
322 2304 572 2359 ἐπιστάντος
612 2305 687 2352 καὶ
720 2305 991 2396 πυθομένου,
1031 2304 1100 2352 διὰ
1133 2305 1176 2352 τί
1214 2305 1393 2367 μηδενὸς

32 2373 45 2410 f
88 2374 311 2445 παρόντος
326 2378 448 2442 γελᾷ,
469 2378 620 2443 φάναι,
635 2400 654 2421 α
677 2378 728 2425 δι’
747 2378 850 2425 αὐτὸ
867 2397 1050 2427 τουτο.»
1073 2376 1196 2435 Φησὶ
1218 2378 1254 2424 δ’
1280 2377 1393 2441 Ἀρι-

165 2445 367 2507 ’ξενος,”
341 2467 406 2495 οτι
433 2448 547 2496 ἔνθεν
581 2468 655 2496 και
694 2442 890 2504 ἄδοξος
874 2453 942 2508 ἠν,
973 2453 1037 2497 ὅτι
1062 2452 1170 2512 μηδὲ
1205 2457 1391 2509 πόλεως,

92 2487 217 2567 ἶιι’λλὰ
243 2519 418 2582 κώμης,
437 2520 510 2568 καὶ
529 2541 668 2568 ταυτα
695 2523 901 2587 ἀφανους·
923 2521 1064 2570 ὅθεν
1041 2521 1110 2569 οιὰ
1129 2522 1204 2579 τὴν
1223 2521 1392 2577 ἀδοξίαν

91 2621 111 2651 {5
138 2590 238 2657 υτοῢ
261 2591 336 2640 καὶ
372 2592 426 2639 τὰ
448 2595 579 2640 αὐτοῦ
602 2593 719 2648 τινὰς
750 2595 1051 2661 Πεισιάτράτῳ
1072 2599 1304 2660 περιθεῖναι
1332 2598 1392 2659 τῷ

36 2676 37 2681 ’
111 2670 122 2678 ”
157 2661 316 2730 ράννῳ,
345 2665 475 2729 χωρὶς
495 2665 729 2720 Πλάτωνος
748 2669 820 2713 τοῦ
846 2664 1094 2732 φιλοσόφου.

687 2810 776 2866 437.

96 2925 119 2943 ,Ἰ
154 2887 412 2928 Aristoxenus
445 2889 619 2939 quodam
650 2890 738 2930 loco
769 2890 865 2930 dicit
899 2891 1029 2930 virum
1061 2891 1131 2940 qui
1170 2892 1390 2940 serpentem

102 2945 135 2980 '⁸
161 2952 306 2992 andam
324 2953 508 2994 manibus
530 2955 811 3004 interfecisset,
840 2955 954 2995 nullo
984 2966 1120 2995 morsu
1143 2955 1194 2994 ab
1217 2966 1264 2995 ea
1290 2955 1389 2994 asse-

101 3019 161 3047 -’·ι.
185 3031 204 3050 ,ι
217 3045 231 3066 ,
247 3026 298 3056 ex
312 3017 396 3056 solo
411 3018 522 3057 tactu
534 3018 658 3058 vitam
677 3018 875 3059 amisisse:
893 3019 1075 3068 illiusque
1087 3019 1252 3068 vestem,
1269 3028 1390 3068 quam

44 3108 51 3129 7-
92 3079 104 3102 Ἴ
124 3079 143 3102 '⁷
172 3081 350 3131 tempore
365 3092 492 3131 quum
507 3084 729 3133 serpentem
745 3082 1018 3132 interimebat,
1033 3083 1226 3133 gestaret,
1241 3093 1321 3121 non
1336 3082 1392 3120 ita

44 3154 53 3180 1
159 3159 163 3174 ·
189 3143 231 3183 to
251 3145 340 3194 post
355 3144 567 3195 putruisse.

709 3223 781 3262 88.

123 3297 412 3341 A:aristoxenus
425 3300 602 3355 musicus
617 3311 685 3340 eos
707 3301 776 3352 qui
799 3302 982 3342 laborant
995 3305 1194 3352 quartana
1204 3333 1215 3353 ‚
1235 3303 1392 3343 liberari

130 3374 174 3421 ,⁷⁵³
192 3358 245 3401 bo
260 3361 456 3413 affirmat,
476 3363 510 3403 si
539 3364 726 3404 helxinen
754 3365 916 3405 herbam
938 3367 1030 3406 ante
1053 3377 1254 3406 accessum
1275 3367 1393 3407 febris

139 3425 155 3432 ”
175 3440 192 3456 ³¹
211 3440 238 3469 '.‹
262 3426 296 3464 t
314 3427 469 3476 corpori
487 3426 628 3467 tritum
651 3437 744 3467 cum
764 3429 867 3469 oleo.

711 3510 784 3551 89.

141 3582 411 3626 ristoxenus
427 3584 562 3628 autem
583 3589 624 3628 in
644 3590 764 3628 Varia
790 3590 988 3640 Historia,
1011 3592 1116 3631 hunc
1136 3593 1148 3640 (
1163 3593 1389 3642 Mysonem)

44 3702 47 3705 .
104 3695 118 3705 ,Ι
248 3648 325 3688 nis
339 3651 380 3689 et
402 3651 609 3701 Apemanti
629 3652 806 3693 moribus
825 3664 904 3692 non
921 3655 1092 3694 multum
1110 3655 1282 3695 abfuisse
1299 3667 1391 3706 per-

48 3738 55 3760 2
149 3721 195 3755 3st
222 3739 236 3762 ,
260 3713 405 3765 quippe
432 3715 503 3766 qui
526 3716 734 3756 hominum
762 3728 852 3757 osor
881 3718 1014 3758 fuerit.
1045 3720 1108 3760 Sic
1135 3723 1391 3770 conspectum

151 3778 266 3811 “v-m·
316 3789 393 3819 one
411 3781 542 3820 solum
568 3782 611 3821 in
642 3782 853 3823 solitudine
878 3784 1095 3834 ridentem,
1119 3787 1160 3824 et
1185 3785 1393 3836 interroga·

183 3838 266 3886 ab
298 3841 458 3894 aliquo,
477 3844 546 3895 qui
571 3844 783 3896 derepente
809 3849 1112 3898 supervenerat,
1141 3859 1212 3887 cur
1234 3849 1392 3888 nemine

220 3906 493 3951 ··tcrideret:
519 3910 570 3950 At
589 3910 641 3950 ob
660 3911 902 3962 hocipsum,
923 3912 1082 3963 dixisse,
1100 3913 1224 3953 rideo.
1245 3916 1392 3954 Auctor

153 3966 472 4022 Aristoxenus
495 3983 588 4012 eum
613 3974 655 4014 et
668 3976 877 4025 propterea
891 3976 1069 4026 ignotum
1095 3977 1265 4017 latuisse.
1283 3977 1392 4027 quod

194 4039 266 4071 cx
280 4032 400 4084 urbe,
419 4034 489 4075 sed
506 4045 558 4076 ex
571 4036 662 4076 vico
681 4048 810 4088 eoque
827 4038 1019 4088 obscuro,
1051 4041 1169 4079 natus
1191 4042 1320 4080 esset:
1339 4041 1391 4080 ob

143 4091 166 4104 Ὗ
227 4136 233 4140 ,
262 4111 271 4130 ·-
237 4095 586 4152 ignobilitatem,
603 4104 694 4152 quae
708 4102 830 4152 ipsius
844 4105 950 4154 sunt,
961 4105 1174 4145 nonnullos
1190 4105 1391 4145 Pisistrato

61 4222 98 4232 ..⁷
210 4173 267 4193 ”-σ
295 4161 488 4214 tribuere,
516 4166 660 4216 praeter
681 4167 885 4208 Platonem
901 4168 1194 4219 philosophum.

65 4244 86 4279 ,ς
167 4239 190 4280 5,
885 4250 888 4252 v

911 311 1517 362 COMMENTARIORUM
1555 312 1958 362 FRAGMENTA.

2661 330 2750 373 291

1738 468 2070 515 ΣΥΜΜΙΚΤΑ
2111 469 2495 520 ΣΥΜΠΟΤΙΚΑ.

2077 612 2154 655 9⁰·

1540 710 1785 754 Athenaeus
1813 709 1937 764 XIV,
1967 724 2016 769 p.
2056 708 2149 753 632
2168 744 2180 766 ‚
2203 713 2243 755 A
2266 724 2276 756 :
2303 708 2458 776 Διόπερ
2485 711 2759 778 Ἀριστόξενος

1474 782 1517 828 ἐν
1535 785 1621 833 τοῖς
1634 778 1902 841 Συμμίκτοις
1921 786 2259 842 συμποτικοῖς,α
2271 779 2472 843 “Ὀμοιον,
2487 803 2605 849 φησι,
2623 794 2761 836 ποιοῦ-

1477 870 1555 915 μεν
1597 849 1960 904 Ποσειδωνιάταις
2001 853 2089 905 τοῒς
2131 852 2174 898 ἐν
2213 855 2275 899 τῶ
2316 855 2573 943 Τυρσηνικῶ
2607 858 2759 924 κόλπῳ

1472 927 1758 971 κατοικοῦσιν.
1794 915 1874 977 Οἷς
1908 922 2066 982 συνέὸη
2103 923 2159 971 τὰ
2192 923 2269 987 μὲν
2302 924 2344 980 ἐξ
2377 927 2513 991 ἀρχῆς
2548 926 2760 988 ’Έλλησιν

1473 989 1590 1043 ουσιν
1593 994 2045 1086 ,ἐκὸεὸαρὸαρῶσθαῃ
2070 995 2352 1062 Τυρρηνοῖςῆ
2379 997 2614 1060 Ῥωμαίοις
2637 1021 2759 1065 γενο-

1471 1067 1586 1127 νόσι,
1618 1067 1692 1115 καὶ
1728 1066 1806 1127 τήν
1829 1086 1875 1115 τε
1900 1067 2044 1134 φωνὴν
2077 1068 2448 1131 μεταὸεὸληκέναι
2467 1070 2522 1118 τά
2551 1090 2598 1118 τε
2631 1074 2761 1120 λοιπὰ

1472 1142 1557 1188 τῶν
1595 1138 1965 1204 ἐπιτηδευμάτων,
2001 1139 2119 1202 ἄγειν
2151 1158 2198 1188 τε
2239 1139 2342 1203 μίαν
2373 1140 2468 1188 τινὰ
2493 1142 2644 1197 αὐτους
2676 1147 2759 1192 τῶν

1472 1215 1628 1279 ἑορτῶν
1655 1215 1739 1260 τῶν
1764 1212 2034 1272 Ἑλληνικῶν
2074 1211 2135 1260 ἔτι
2170 1212 2244 1260 καὶ
2275 1217 2368 1276 νῦν,
2403 1216 2445 1261 ἐν
2479 1207 2510 1278 ἧ
2547 1216 2757 1271 συνιόντες

1474 1285 1874 1349 ἀναμιμνήσκονται
1886 1288 1970 1332 τῶν
1989 1285 2183 1350 ἀρχαίων
2201 1284 2371 1333 ἐκείνων
2384 1285 2602 1346 ὀνομάτων
2622 1308 2668 1335 τε
2687 1290 2761 1336 καὶ

1472 1358 1681 1421 νομίμων,
1705 1357 1779 1405 καὶ
1804 1356 2178 1423 ἀπολοφυράμενοι
2203 1357 2313 1422 πρὸς
2333 1357 2544 1415 ἀλλήλους
2566 1360 2639 1407 καὶ
2658 1363 2759 1408 ἀπο-

1473 1430 1760 1495 δακρύσαντες
1783 1429 2062 1495 ἀπέρχονται.
2169 1429 2302 1478 Οὕτω
2326 1430 2377 1487 δὴ
2415 1423 2507 1493 οὗν,
2533 1431 2662 1496 φησὶ,
2685 1433 2760 1480 καὶ

1470 1503 1622 1564 ἡμεῖς,
1650 1501 1797 1560 ἐπειδὴ
1823 1500 1968 1549 καὶτὰ
1991 1501 2150 1566 θέατρα
2176 1501 2558 1568 ἐκὸεὸαρὸάρωται
2574 1541 2587 1562 ,
2609 1503 2682 1550 καὶ
2703 1507 2762 1559 εἷς

1473 1572 1666 1637 μεγάλην
1707 1571 1938 1638 διαφθορὰν
1981 1573 2271 1638 προελήλυθεν
2313 1577 2339 1630 ἡ
2386 1573 2610 1638 πάνδημος
2649 1574 2759 1635 αὕτη

1473 1645 1682 1707 μουσικὴ,
1715 1645 1812 1693 καθ’
1835 1644 1988 1699 αὑτοὺς
2012 1644 2232 1709 γενόμενοι
2267 1644 2401 1709 ὀλίγοι
2425 1647 2758 1710 ἀναμιμνησκό-

1473 1721 1598 1778 μεθα,
1624 1716 1692 1763 οἵα
1709 1710 1761 1774 ἦν
1783 1720 1810 1774 ἡ
1830 1716 2033 1779 μουσική.
2060 1738 2078 1759 »
2101 1719 2255 1764 Ταῦτα
2283 1716 2358 1779 μὲν
2385 1720 2406 1763 6
2426 1717 2721 1783 Ἀριστόξενος.

2077 1857 2158 1899 91.

1535 1947 1810 1991 Plutarchus
1828 1950 1898 1991 De
1914 1962 2030 1992 mus
2054 1963 2095 1991 c.
2118 1946 2254 2006 43,p.
2281 1964 2298 1991 1
2314 1947 2419 2004 146,
2439 1949 2474 1992 F
2495 1964 2505 1991 :
2524 1945 2777 1996 ΣυνέὸοιινιιΔ

1469 2014 1552 2080 γὰρ
1597 2014 1840 2077 εἰσάγεσθαι
1883 2015 2111 2078 μουσικὴν,
2148 2019 2205 2071 ὡς
2242 2017 2393 2077 ἱκανὴν
2433 2020 2645 2065 ἀντισπᾶν
2683 2018 2758 2066 καὶ

1469 2084 1672 2152 πραΰνειν
1707 2087 1784 2145 τὴν
1815 2093 1889 2136 τοῦ
1921 2088 2032 2136 οἴνου
2068 2089 2305 2154 ὑπόθερμον
2331 2088 2526 2152 δύναμιν·
2563 2089 2756 2154 καθάπερ

1470 2179 1551 2207 που
1590 2160 1697 2225 φησὶ
1731 2160 1807 2207 καὶ
1842 2163 1864 2207 6
1904 2158 2107 2226 ὑμέτερος
2141 2159 2445 2226 Ἀριστόξενος”
2484 2162 2639 2216 ἐκεῖνος
2672 2161 2756 2226 γὰρ

1470 2233 1631 2292 ἔλεγεν,
1667 2231 1911 2294 εἰσάγεσθαι
1956 2232 2165 2295 μουσικὴν
2202 2235 2307 2298 παρ’
2345 2233 2441 2280 ὅσον
2477 2237 2500 2281 6
2538 2234 2615 2297 μὲν
2646 2228 2754 2286 οἶνος

1470 2304 1673 2368 σφάλλειν
1707 2303 1874 2369 πέφυκε
1904 2307 1988 2351 τῶν
2025 2304 2131 2362 ἄδην
2157 2307 2273 2370 αὐτῷ
2309 2306 2596 2370 χρησαμένων
2621 2307 2675 2353 τά
2708 2325 2754 2352 τε

1470 2376 1653 2437 σώματα
1673 2376 1840 2431 καὶτὰς
1867 2376 2052 2431 διανοίας
2066 2395 2076 2406 ·
2102 2381 2129 2434 ἡ
2151 2375 2195 2423 δὲ
2217 2376 2401 2439 μουσικὴ
2419 2381 2471 2442 τῇ
2496 2377 2595 2443 περὶ
2618 2377 2752 2436 αὐτὴν

1469 2452 1582 2504 τάξει
1616 2468 1662 2496 τε
1689 2448 1764 2496 καὶ
1790 2448 2035 2514 συμμετρίᾳ
2063 2450 2121 2502 εἷς
2157 2447 2234 2506 τὴν
2270 2450 2462 2496 ἐναντίαν
2490 2449 2754 2498 κατάστασιν

1471 2520 1565 2583 ἄγει
1587 2539 1634 2567 τε
1657 2519 1731 2567 καὶ
1755 2515 1950 2584 πραΰνει.
1993 2520 2122 2586 Παρὰ
2157 2526 2307 2568 τοῦτον
2342 2514 2414 2568 οὗν
2435 2522 2506 2568 τὸν
2530 2521 2677 2588 καιρὸν
2698 2525 2756 2576 ὡς

1473 2590 1717 2655 βοηθήματι
1739 2594 1793 2652 τῇ
1831 2595 2017 2655 μουσικῇ
2038 2590 2134 2646 τοὺς
2158 2592 2362 2657 ἀρχαίους
2392 2592 2495 2658 φησὶ
2520 2597 2755 2658 κεχρῆσθαι

1467 2661 1682 2730 ιΌμηροςο

1424 2819 1431 2879 Ι
1662 2818 2113 2867 MISCELLANEA
2148 2818 2551 2867 CONVIVALIA.

2068 2931 2141 2971 90.

1516 3018 1771 3057 Aristoxenus
1782 3018 1823 3056 in
1835 3017 2091 3057 Miscellaneis
2099 3018 2393 3067 convivalibus,
2409 3034 2426 3052 «
2446 3021 2524 3058 Nos
2540 3018 2594 3068 id,
2610 3018 2751 3068 inquit,

1466 3083 1653 3132 facimus,
1678 3082 1787 3133 quod
1815 3082 2078 3122 Posidoniatae
2109 3083 2160 3122 ad
2182 3083 2470 3134 Tyrrhenicum
2498 3084 2632 3123 sinum
2659 3083 2750 3131 siti,

1465 3147 1533 3197 qui
1548 3149 1664 3186 antea
1683 3146 1812 3187 Graeci
1838 3147 1877 3186 in
1898 3147 2195 3196 Tyrrhenorum
2214 3149 2284 3186 aut
2315 3150 2584 3187 Romanorum
2609 3146 2751 3186 barba·

1466 3211 1562 3250 riem
1586 3210 1684 3261 lapsi
1702 3211 1867 3250 mutatis
1888 3221 1986 3250 voce
2009 3212 2048 3250 et
2070 3210 2286 3260 institutis,
2307 3222 2432 3250 unum
2457 3213 2591 3250 tamen
2609 3211 2751 3250 festum

1467 3275 1741 3315 Graecanicum
1760 3277 1882 3326 agunt
1897 3275 1947 3314 ad
1964 3275 2070 3314 hunc
2083 3285 2207 3325 usque
2225 3275 2351 3325 diem,
2369 3286 2449 3326 quo
2466 3285 2544 3314 una
2559 3275 2750 3324 congreaei

1464 3339 1505 3378 in
1527 3339 1760 3378 memoriam
1780 3339 1854 3378 sibi
1875 3339 2066 3378 revocant
2091 3338 2217 3388 prisca
2246 3338 2312 3377 illa
2339 3338 2501 3378 nomina
2526 3339 2567 3378 et
2584 3344 2750 3377 ‘consue-

1464 3401 1621 3442 tudinae
1645 3402 1865 3447 :lacrimati
1900 3412 1996 3441 vero
2030 3403 2150 3452 atque
2176 3403 2325 3441 sortem
2349 3412 2463 3441 suam
2482 3403 2623 3440 mutuo
2654 3411 2750 3439 con-

1464 3466 1593 3516 questi
1613 3465 1834 3506 discedunt.
1857 3465 1920 3506 Sic
1935 3466 1975 3504 et
1989 3476 2061 3504 nos
2072 3494 2083 3513 ‚
2102 3465 2231 3515 inquit
2245 3495 2256 3514 ,
2282 3466 2489 3515 postquam
2506 3465 2660 3504 theatra
2677 3474 2750 3502 no-

1463 3531 1548 3568 stra
1569 3529 1735 3567 barbara
1751 3528 1854 3567 sacta
1868 3532 1975 3577 sunt,
1996 3529 2037 3567 et
2054 3527 2195 3567 misere
2210 3530 2397 3578 corrupta
2411 3538 2475 3568 ars
2493 3528 2581 3566 haec
2600 3527 2750 3565 musica

1464 3592 1504 3629 et
1529 3591 1739 3641 prostituta
1769 3592 1848 3641 est,
1871 3590 2054 3641 privatim
2074 3591 2142 3641 qui
2162 3593 2356 3631 restamus
2387 3591 2528 3641 pauci,
2560 3590 2749 3629 memoria

1464 3656 1680 3706 repetimus
1701 3657 1830 3706 qualis
1854 3656 1949 3695 olim
1975 3656 2094 3696 tuerit
2111 3654 2276 3696 musica.

1513 3791 1608 3831 ldeo
1623 3792 1766 3843 quippe
1789 3793 1981 3832 musicam
2010 3792 2203 3832 conviviis
2221 3791 2399 3831 adhiberi
2426 3791 2628 3839 receptum
2646 3787 2718 3826 suit
2733 3815 2746 3832 ,

1463 3853 1571 3904 quod
1595 3855 1772 3894 animum
1795 3866 1984 3896 revocare
2001 3857 2042 3895 et
2063 3855 2145 3894 vim
2173 3855 2342 3894 calidam
2364 3853 2445 3892 vini
2470 3851 2648 3900 mitigare
2673 3859 2746 3887 va-

1463 3917 1576 3956 leret.
1606 3919 1652 3957 In
1679 3929 1802 3968 quam
1827 3919 2065 3958 sententiam
2091 3919 2210 3958 etiam
2238 3918 2493 3957 Aristoxenus
2523 3914 2652 3952 vester
2670 3910 2744 3949 ali·

1463 3981 1554 4020 cubi
1580 3980 1704 4029 dixit,
1740 3983 1933 4023 musicam
1964 3983 2230 4023 introductam
2260 3983 2300 4021 in
2329 3990 2459 4019 coenas
2496 3987 2601 4025 esse;
2636 3973 2743 4025 quod

1463 4043 1566 4083 sieut
1594 4044 1733 4084 vinum
1762 4045 1885 4086 nimio
1919 4046 2005 4096 ipso
2032 4046 2230 4085 utentium
2264 4046 2304 4084 et
2333 4043 2485 4081 ammos
2513 4041 2553 4078 et
2579 4046 2743 4087 corpora

1462 4106 1701 4178 laqet'actat,
1719 4109 1774 4148 ita
1789 4109 1940 4149 musica
1957 4120 2029 4149 suo
2044 4108 2182 4149 ordine
2199 4109 2237 4147 et
2254 4102 2541 4146 concinnitate
2530 4112 2570 4140 ιιι
2586 4102 2744 4140 contra·

1462 4171 1566 4210 rium
1584 4171 1734 4211 statum
1760 4172 1926 4212 abducit
1940 4173 2061 4222 atque
2076 4170 2201 4210 sedat.
2227 4173 2284 4209 Ea
2299 4167 2413 4217 igitur
2428 4164 2743 4215 opportunitate,

1467 4236 1662 4274 Homerus
1676 4234 1746 4284 ait,
1757 4236 1906 4285 priscos
1914 4234 2063 4274 musica
2071 4235 2258 4281 tanquam
2268 4228 2438 4269 remedio
2447 4226 2620 4277 quodam
2637 4235 2741 4265 usos.

2518 4304 2571 4334 ιο.

2306 3673 2324 3691 υ
2350 3657 2447 3696 Haec
2470 3656 2743 3696 Aristoxenus.
