3016 4628
77 457 83 465 .
128 404 507 473 οεςῘ-Ιριιικλεώταις
531 398 732 462 ἐτέθησαν
759 401 912 455 εἰκόνες
927 402 1118 465 χαλκαῖ,
1140 400 1214 447 καὶ
1230 400 1357 462 νόμος

62 490 66 496 ’
91 479 244 549 ράφη
260 516 274 544 ,
299 477 463 542 μηδένα
491 476 682 525 ἐλαύνειν
711 495 784 523 του
809 477 959 522 λοιπου
983 472 1183 539 πρόὸατα
1209 475 1357 520 συνδε-

75 555 126 602 2²³2
163 551 250 601 ένα.
1390 549 1397 607 Ι

76 571 408 688 '·[‘''⁹l1poepuei;]
427 619 656 686 προσφυεὶς
671 619 930 682 Legrandq
949 619 1183 679 vulgatam
1203 626 1359 662 tuetur

78 703 198 750 ast.
216 703 321 756 post
343 696 563 741 Abresch.
580 696 728 739 Lectt.
751 693 961 738 Aristaen.
983 707 1032 750 p.
1065 689 1172 734 151.
1202 687 1360 734 -ὓπό

93 783 150 813 ·«υ
172 768 256 813 τῶν
278 764 379 829 Ἥρ.
403 783 497 828 τυρ.
514 765 532 828 ]
559 785 580 806 «
608 765 714 812 cod.
741 773 786 809 et
807 764 1032 820 Cornar.;
1057 758 1140 807 υπὸ
1162 765 1235 806 τοῦ
1250 762 1360 806 Gale

71 860 105 879 w
146 839 376 900 Legrand.
419 841 581 899 Margo
617 837 791 883 codicis
827 837 1074 896 ascriptum
1109 835 1250 879 habet
1285 836 1359 879 τοῦ

93 897 329 975 ,ρχελάου,
351 910 481 970 quod
497 911 709 955 Cornarii
725 909 1046 968 interpretatio
1065 908 1145 951 lat.
1170 921 1362 966 expres-

72 978 103 1062 g}
113 987 151 1028 t.
167 1001 188 1024 ν
206 984 390 1030 Passov.
407 1009 472 1017 —
491 982 565 1027 Ad
583 983 899 1027 narrationem
915 980 974 1026 de
988 980 1152 1024 ovibus
1167 994 1242 1039 ap.
1260 980 1359 1024 He·-

79 1055 323 1117 οξεΙοοιιεοε
347 1056 574 1115 colligatis
589 1053 933 1105 Schneiderus:
962 1054 1078 1096 «An
1098 1052 1191 1096 huc
1212 1052 1362 1111 perti-

66 1120 97 1184 »ff
103 1126 290 1172 tlocus
303 1128 522 1173 Varronis
534 1129 603 1171 De
619 1141 671 1171 1e
683 1134 796 1170 rust.
813 1127 884 1181 II,
901 1141 947 1185 9,
969 1124 1027 1170 6?
1041 1126 1111 1169 De
1128 1124 1360 1168 Heracleae

56 1186 134 1257 ζει·
159 1199 284 1242 corio
323 1208 369 1243 et
406 1198 572 1243 ovibus
605 1197 819 1242 deductis
854 1201 940 1248 τοῖς
978 1193 1055 1251 τὴν
1096 1192 1360 1257 Ἡράκλειαν

90 1267 94 1270 ’
142 1269 813 1332 ·ῧσιΤυρρηνοῖς,Τ]ιουΡ1ι1·ειεῐ.
831 1269 946 1313 Hist.
964 1268 1111 1327 plant.
1130 1266 1217 1323 IX,
1243 1266 1358 1312 16.»

66 1341 89 1412 (f
460 1381 613 1430 ΠΕΡΙ
651 1379 956 1429 ΠΟΙΗΤΩΝ.

677 1502 750 1543 17.

416 1597 452 1640 Ε
488 1596 671 1641 LIBRO
706 1595 997 1641 SECUNDO.

134 1705 379 1750 Athenaeus
397 1706 534 1761 VIII,
559 1721 608 1765 p.
633 1705 740 1762 352,
770 1706 803 1750 C
824 1721 834 1750 ε
862 1702 1032 1757 Φανίας
1051 1702 1088 1749 δ’
1116 1704 1138 1748 6
1162 1702 1357 1767 Περιπα·

122 1774 238 1830 τικὸς
251 1777 293 1823 ἐν
313 1774 496 1840 δευτέρῳ
517 1775 627 1839 Περὶ
642 1778 831 1834 ποιητῶν
853 1797 872 1817 «
899 1774 1182 1838 Στρατόνικος
1200 1774 1357 1842 (φησιν)

62 1877 72 1895 ι,
91 1845 376 1906 Ἀθηναῖος
350 1853 467 1894 οοκεῖ
487 1847 566 1904 τὴν
589 1847 881 1912 πολυχορδίαν
899 1849 959 1902 εἷς
981 1846 1059 1904 τὴν
1082 1846 1212 1912 ψιλὴν
1238 1845 1358 1893 κιθά-

56 1939 84 1970 s
94 1936 176 1966 ισιν
208 1921 376 1984 πρῶτος
408 1921 689 1984 εἰσενεγκεῖν,
717 1919 791 1966 καὶ
829 1938 999 1984 πρῶτος
1040 1917 1236 1981 μαθητὰς
1273 1921 1358 1965 τῶν

103 1993 306 2053 μονικῶν
329 1989 488 2054 ἔλαὸε,
525 1991 598 2039 καὶ
631 1990 887 2056 διάγραμμα
925 1990 1236 2052 συνεστήσατο.
1268 1983 1356 2038 ’Ἦν

72 2029 101 2097 ἲ
131 2062 205 2110 καὶ
225 2064 268 2110 ἔν
300 2066 360 2110 τῶ
387 2062 539 2129 γελοίῳ
559 2065 637 2111 οὐκ
661 2062 880 2117 ἀπίθανος.
911 2063 1083 2121 »Φησὶ
1108 2062 1152 2109 δὲ
1179 2062 1251 2109 καὶ
1285 2082 1356 2110 τε·

66 2155 71 2158 ⁴
101 2137 270 2194 τῆ-σαι
291 2135 418 2184 αὐτὸν
447 2134 518 2184 δια
538 2135 618 2194 τὴν
653 2138 697 2184 ἐν
731 2137 792 2201 τῶ
810 2135 963 2200 (ελοίῴ
999 2137 1244 2200 παρρησίαν
1268 2135 1350 2181 ὑπὸ

66 2266 76 2277 ..
81 2206 327 2262 ιιι-οκλέους
357 2227 430 2256 του
463 2208 673 2274 Κυπρίων
703 2207 909 2273 βασιλέως
933 2208 1160 2273 φάρμακον
1183 2206 1358 2264 πιόντα,

28 2320 29 2323 ,
169 2279 218 2327 τὸ
244 2278 440 2328 σκώπτεν
477 2283 606 2329 αὖτου
626 2280 722 2334 τοὺς
756 2279 885 2334 υιούς.
909 2283 978 2328 Cf.
1013 2283 1260 2329 Clearchus
1283 2297 1356 2340 ap.

73 2387 88 2414 ⁴·
109 2355 236 2400 then.
257 2370 308 2414 p.
338 2354 431 2400 350
447 2389 461 2414 ,
481 2358 540 2401 A.
713 2419 740 2464 8

64 2432 67 2435 .
685 2436 702 2463 1
747 2455 756 2465 ·

72 2524 273 2590 q.³.‘.Clem.
305 2531 437 2577 AleX.
463 2532 513 2590 Ι,
537 2546 613 2587 21,
632 2546 682 2590 p.
724 2535 839 2585 144,
863 2529 891 2574 8
929 2546 938 2573 :
970 2526 1224 2581 Ἑλλάνικος
1257 2526 1357 2590 ’γοῦν

75 2601 222 2647 οῦτον
236 2598 326 2663 (τὸν
337 2599 636 2666 Τέρπανδρον)
659 2602 820 2665 ἱστορεῖ
831 2599 943 2646 κατὰ
964 2599 1107 2647 Μίδαν
1123 2598 1356 2662 γεγονέναι,

69 2688 104 2725 ,ῤ’
119 2670 239 2726 ανίας
264 2669 308 2718 δὲ
324 2671 408 2736 πρὸ
425 2671 703 2737 Τερπάνδρου
726 2671 852 2726 τιθεὶς
870 2670 1045 2735 Λέσχην
1061 2670 1134 2718 τὸν
1160 2670 1360 2730 Assem,

68 2762 95 2783 w
121 2742 323 2808 ρχιλόχου
338 2742 542 2809 νεώτερον
567 2743 684 2808 φέρει
707 2743 779 2791 τὸν
800 2743 1100 2809 Τέρπανδρον,
1126 2743 1354 2805 διημιλλῆ·

31 2939 33 2942 ⁴
81 2889 164 2918 ι
183 2881 331 2920 statum
358 2881 398 2920 et
426 2882 653 2921 libertatem
674 2882 882 2932 restituta,
905 2883 1066 2932 utrique
1092 2881 1199 2931 apud
1230 2884 1353 2921 Hera-

75 2947 77 2951 ’
114 2943 214 2983 tas
231 2954 354 2983 aeneae
376 2945 519 2984 statuae
548 2946 641 2984 sunt
671 2946 837 2994 erectae,
865 2955 913 2984 ac
934 2945 1001 2985 lex
1031 2946 1178 2995 scripta
1201 2947 1283 2993 est,
1306 2956 1356 2984 ne

84 3063 86 3066 Ι
107 3006 156 3046 is
173 3007 376 3059 colligatas
389 3018 484 3048 oves
502 3008 544 3047 in
562 3009 765 3059 posterum
786 3009 933 3058 ageret.

523 3094 610 3142 DE
652 3095 893 3144 POETIS.

401 3201 440 3249 E
476 3202 664 3251 LIBRO
699 3201 1011 3252 SECUNDO.

678 3312 748 3354 17.

106 3436 109 3437 ⁷
256 3391 548 3441 Peripaticus
559 3391 733 3432 secundo
743 3391 846 3432 libro
857 3393 916 3433 De
934 3391 1058 3442 poetis
1072 3391 1122 3432 de
1134 3391 1356 3432 stratonico

127 3453 336 3499 nni-ibit
359 3469 381 3490 «
401 3455 647 3495 stratonicus
667 3455 914 3496 Atheniensis
931 3455 1106 3504 primum
1124 3454 1354 3505 perhibetur

135 3515 231 3557 'ada
240 3516 403 3557 citharas
413 3517 634 3574 pulsatione
645 3517 861 3558 instituisse
871 3519 917 3557 ut
925 3518 1058 3568 plures
1069 3518 1186 3557 simul
1199 3517 1358 3558 chordae

99 3558 172 3628 Γ-ι-’ω
204 3572 336 3630 entur,
368 3580 623 3632 primumque
658 3582 874 3622 concentus
903 3581 1075 3621 musicos
1107 3581 1287 3621 docuisse
1316 3582 1358 3620 et

124 3641 246 3700 gjlam
265 3643 457 3684 musicam
476 3643 742 3696 descripsisse.
761 3647 857 3684 Erat
875 3655 972 3684 vero
989 3644 1138 3684 etiam
1128 3656 1169 3684 ιιι
1188 3644 1357 3684 ridicule

167 3716 280 3746 non
298 3706 545 3748 absurdus.»
568 3708 790 3758 scribitque
805 3707 910 3749 idem
932 3709 1087 3758 auctor,
1107 3708 1358 3748 interfectum

124 3768 222 3810 ob
240 3780 355 3810 suam
384 3771 427 3811 in
456 3771 620 3812 dicendo
643 3773 867 3813 libertatem
889 3783 913 3812 a
939 3772 1100 3812 Nicoele
1119 3772 1356 3822 Cypriorum

109 3841 188 3886 ·,ο,
116 3843 400 3936 vecitiienum
420 3834 554 3875 bibere
583 3838 791 3886 coactum,
823 3835 961 3887 quod
950 3847 991 3875 ιιι
1010 3835 1111 3876 filios
1130 3835 1213 3885 ejus
1228 3846 1358 3875 scom-

152 3905 232 3946 ,ιο
286 3898 419 3937 tasset.

32 3731 34 3734 ’
92 3719 157 3776 15³⁴*

682 3975 750 4014 18.

31 4096 33 4098 ξ
131 4088 154 4090 ,
174 4044 350 4086 ianicus
359 4047 631 4098 Terpandrum
641 4047 756 4088 Midae
768 4047 1010 4098 temporibus
1023 4047 1168 4086 vixisse
1183 4047 1253 4097 ait,
1267 4048 1359 4086 Pha·

93 4132 94 4135 =
112 4102 125 4133 '²
143 4129 156 4140 ›·
200 4114 296 4148 vero
329 4105 423 4150 ante
464 4110 736 4162 Terpandrum
774 4111 952 4151 Leschen
982 4110 1166 4151 Lesbium
1209 4121 1359 4160 ponens

111 4168 337 4263 hilocho'
323 4174 520 4223 juniorem
537 4175 630 4214 facit
645 4175 943 4226 Terpandrum,
964 4174 1137 4215 Leschen
1154 4185 1251 4213 vero
1267 4184 1359 4214 cum

188 4245 244 4274 o
264 4238 434 4278 certasse
447 4238 735 4289 victoriamque
757 4238 807 4278 de
825 4249 872 4278 eo
895 4240 1114 4288 reportasse
1132 4239 1280 4278 narrat.

1186 294 1602 344 FRAGMENTA.

2625 309 2717 351 299

1431 406 1528 448 σθαι
1546 401 1590 449 δὲ
1609 401 1679 448 τὸν
1694 402 1814 466 Λέσχ
1814 421 1865 459 ην
1884 403 2087 467 Ἀρκτίνῳ
2112 404 2184 450 καὶ
2204 406 2479 463 νενικηκέναι.
2507 410 2574 454 Cf.
2591 411 2719 454 Wei-

1431 477 1554 521 ckei.
1579 476 1703 527 Crcl.
1721 493 1770 536 p.
1796 492 1906 523 212.

1697 577 1866 624 ΠΡΟΣ
1910 577 2075 624 ΤΟΥΣ
2111 575 2452 625 ΣΟΦΙΣΤΑΣ.

1498 685 1568 731 Cf.
1590 686 1929 731 W'estermann.
1959 686 2075 730 Hist.
2099 686 2239 748 Eloq.
2264 686 2345 730 Gr.
2372 687 2398 746 5
2421 687 2501 744 78,
2524 689 2567 732 3.

2045 794 2117 838 19·

1498 873 1945 958 AthenaeusXIV‚p.
1966 870 2075 926 638,
2093 872 2157 916 Β·
2177 868 2506 932 Καιμοχθηρῶν
2520 870 2601 917 δὲ’
2578 873 2720 937 ασμά-

1422 962 1517 990 ’των
1537 942 1736 1007 γεγόνασι
1753 961 1944 1000 ποιηται,
1972 960 2027 988 πε
2030 940 2114 1006 ρὶ
2089 960 2148 988 ων
2163 940 2267 1005 φησὶ
2291 940 2462 994 Φανίας
2483 944 2504 988 6
2529 941 2721 1005 Ἐρέσιος

1433 1018 1476 1063 ἐν
1493 1017 1578 1069 τοῖς
1596 1015 1712 1080 Πρὸς
1727 1013 1824 1068 τους
1842 1011 2062 1078 σοφιστὰς,
2085 1010 2262 1077 γράφων
2285 1011 2433 1064 ούτως·
2460 1012 2722 1069 «Τελένικος

1433 1091 1455 1134 6
1478 1088 1731 1146 Βυζάντιος,
1770 1085 1834 1133 ἔτι
1870 1084 1915 1133 δὲ
1944 1085 2096 1150 Ἀργᾶς
2132 1082 2311 1142 ποιηταὶ
2342 1087 2570 1149 μοχθηρῶν
2606 1084 2722 1140 ὄντες

1433 1159 1601 1224 νόμων,
1639 1159 1744 1224 πρὸς
1765 1158 1842 1221 μὲν
1880 1157 1950 1204 τὸν
1971 1157 2076 1204 ἴδιον
2107 1159 2369 1221 χαρακτῆρα
2401 1160 2477 1214 τῆς
2510 1155 2722 1214 ποιήσεως

1433 1232 1664 1298 εὐπόρουν,
1704 1234 1787 1278 τῶν
1829 1229 1872 1277 δὲ
1913 1229 2194 1294 Τερπάνδρου
2225 1227 2299 1275 καὶ
2336 1228 2545 1292 Φρύνιδος
2581 1228 2721 1291 νόμων

1434 1303 1528 1352 οὐδὲ
1546 1303 1659 1351 κατὰ
1684 1301 1834 1368 μικρὸν
1858 1301 2067 1359 ἠδύναντο
2095 1303 2350 1366 ἐπιψαῦσαι.
2383 1322 2403 1342 »

1509 1399 1527 1418 «
1556 1378 1687 1423 Dicat
1709 1377 1874 1434 aliquis
1899 1376 2120 1419 Phaniam
2143 1375 2344 1419 fortassis
2362 1375 2632 1434 loquentem
2664 1376 2722 1420 de

1433 1446 1743 1510 sophistarum
1775 1448 1938 1507 plausu
1972 1446 2228 1491 adductum
2268 1446 2421 1490 videri
2450 1461 2543 1491 esse
2571 1457 2626 1491 ut
2650 1449 2722 1491 vel

1433 1522 1665 1565 malorum
1689 1528 1935 1563 cantorum
1947 1519 1996 1561 in
2013 1532 2098 1561 suo
2115 1532 2284 1578 genere
2301 1533 2555 1562 successum
2572 1534 2722 1578 oppo-

1435 1601 1582 1638 neret.
1605 1611 1625 1632 ι»
1643 1590 1795 1637 Ebert.
1814 1606 1862 1650 p.
1889 1590 1967 1635 83.

1750 1690 1769 1752 [
1789 1691 1939 1740 ΠΕΡΙ
1975 1690 2409 1752 ΦΙΛΟΣΟΦΩΝ.]

1682 1799 1837 1847 ΠΕΡι
1866 1798 1999 1846 ΤΩΝ
2037 1798 2474 1846 ΣΩΚΡΑΤΙΚΩΝ.

2040 1911 2118 1942 20.

1497 1993 1729 2051 Diogenes
1763 1993 1818 2036 L.
1845 1991 1933 2046 vl,
1960 1989 2006 2046 8,
2035 1989 2093 2034 de
2115 1990 2389 2034 Antisthene
2426 2006 2437 2034 :
2466 1987 2725 2053 Ἐρωτηθεὶς

1432 2061 1516 2108 ὑπό
1538 2080 1612 2108 του
1630 2060 1767 2123 (καθά
1791 2079 1894 2124 φησι
1919 2059 2092 2113 Φανίας
2113 2062 2156 2107 ἐν
2176 2063 2236 2125 τῷ
2256 2060 2354 2125 περὶ
2378 2062 2719 2125 Σωκρατικῶν),

1432 2133 1474 2180 τί
1513 2135 1647 2179 ποιῶν
1683 2132 1816 2185 καλὸς
1853 2129 2038 2194 κάγαθὸς
2068 2131 2235 2196 ἔσοιτο,
2274 2132 2353 2198 ἔφη
2385 2155 2403 2176 α
2437 2135 2492 2182 Εἰ
2522 2132 2576 2180 τὰ
2608 2134 2724 2181 κακὰ

1435 2205 1462 2251 ἃ
1486 2204 1623 2269 ἔχεις,
1649 2204 1714 2251 ὅτι
1735 2204 1897 2269 φευκτά
1922 2207 2013 2251 ἐστι
2030 2240 2042 2262 ,
2071 2205 2220 2266 μάθοις
2240 2204 2359 2270 παρὰ
2379 2209 2462 2252 τῶν
2491 2206 2703 2271 εἰδότων..

2038 2307 2114 2338 21.

1501 2386 1570 2430 Id.
1597 2385 1713 2428 ibid.
1731 2385 1794 2441 II,
1816 2385 1894 2442 65,
1915 2385 1973 2429 de
1992 2386 2228 2444 Aristippo
2251 2400 2262 2428 :
2286 2376 2425 2436 Οὗτος
2442 2384 2723 2449 σοφιστεύσας

1437 2452 1513 2515 (ὥς
1527 2473 1630 2519 φησι
1647 2454 1816 2508 Φανίας
1831 2458 1851 2501 6
1871 2453 2220 2518 Περιπατητικὸς
2231 2453 2440 2519 Ἐρέσιος)
2459 2459 2624 2520 πρῶτος
2640 2460 2723 2503 τῶν

1434 2529 1727 2591 Σωκρατικῶν
1753 2525 1925 2588 μισθοὺς
1950 2524 2253 2589 εἰσεπράξατο,
2285 2526 2359 2573 καὶ
2379 2527 2603 2574 ἀπέστειλε
2621 2528 2732 2591 χρή-

1435 2618 1554 2662 ματα
1572 2601 1633 2664 τῷ
1655 2597 1915 2662 διδασκάλῳ.
1946 2597 2035 2646 Καί
2057 2616 2159 2643 ποτε
2187 2597 2364 2663 πέμψας
2385 2600 2502 2663 αὐτῷ
2527 2606 2634 2660 μνᾶς
2661 2598 2723 2646 εἴ-

1434 2690 1548 2732 κοσι,
1563 2670 1878 2734 παλινδρόμους
1893 2669 2062 2728 ἔλαῧεν,
2075 2669 2264 2722 εἰπόντος
2281 2669 2558 2735 Σωκράτους,
2571 2669 2618 2716 τὸ
2637 2671 2723 2716 δαι-

1392 2745 1394 2786 ;
1436 2741 1577 2805 μόνιον
1593 2745 1708 2807 αὐτῷ
1732 2741 1792 2804 μὴ
1807 2743 2046 2806 ἐπιτρέπειν
2059 2761 2069 2771 ·
2090 2741 2363 2806 ἐδυσχέραινε
2383 2741 2465 2806 γὰρ
2487 2741 2557 2788 ἐπὶ
2569 2742 2720 2807 τούτῳ.

1751 2882 2008 2930 CONTRA
2043 2881 2408 2930 SOPHISTAS.

1481 3045 1609 3082 Fuere
1635 3053 1754 3092 porro
1775 3042 1918 3081 vilium
1950 3043 2198 3082 canticorum
2231 3043 2358 3091 poetae
2389 3042 2468 3091 illi,
2500 3041 2550 3081 de
2575 3042 2724 3091 quibus

1428 3107 1595 3147 Phanias
1608 3107 1767 3147 Ercsius
1786 3106 1952 3146 inlibris
1970 3108 2121 3147 Contra
2137 3107 2340 3156 sophistas
2359 3107 2538 3156 loquitur
2558 3107 2612 3145 ita
2628 3106 2719 3146 scri-

1429 3170 1526 3209 bens
1553 3186 1563 3210 z
1597 3186 1617 3204 α
1651 3170 1861 3210 Telenieus
1885 3172 2148 3220 Byzantinus,
2179 3170 2277 3210 item
2297 3173 2441 3226 Argus,
2468 3170 2608 3209 vilium
2630 3181 2717 3208 mo-

1428 3235 1569 3274 dorum
1597 3235 1751 3286 poetae,
1779 3235 1847 3286 qui
1873 3236 1914 3274 in
1933 3246 2007 3275 suo
2034 3234 2196 3286 quidem
2215 3246 2378 3285 poeseos
2396 3245 2537 3284 genere
2560 3245 2717 3274 succes-

1429 3311 1519 3339 sum
1553 3300 1752 3349 habuere,
1791 3299 1862 3340 sed
1895 3299 2111 3350 Terpandri
2155 3301 2226 3339 aut
2259 3299 2471 3349 Phrynidis
2501 3299 2639 3338 modos
2669 3309 2720 3339 ιιο

1428 3364 1618 3414 attingere
1639 3364 1799 3414 quidem
1819 3365 1904 3404 ausi
1925 3366 2030 3405 sunt.
2049 3380 2070 3400 »

1822 3444 1904 3491 DE
1938 3442 2320 3492 SOCRATICIS.

1480 3593 1729 3632 Antisthenes
1759 3592 1840 3642 (uti
1861 3593 2032 3632 Phanias
2048 3593 2151 3632 libro
2173 3594 2232 3631 De
2253 3592 2462 3632 Socraticis
2485 3593 2563 3640 ait)
2581 3602 2602 3629 a
2618 3603 2714 3641 quo-

1428 3655 1521 3695 dam
1540 3656 1803 3706 interrogatus
1817 3656 1914 3707 quid
1929 3656 2074 3696 faciens
2096 3657 2158 3695 vir
2183 3657 2312 3696 bonus
2330 3667 2377 3695 ac
2393 3657 2539 3706 probus
2559 3656 2717 3693 futurus

1430 3722 1553 3770 esset,
1571 3721 1772 3771 respondit
1795 3738 1804 3761 ι
1825 3737 1844 3756 «
1864 3722 1904 3761 Si
1920 3722 2026 3761 mala
2045 3733 2137 3772 quae
2157 3722 2278 3762 habes
2300 3721 2481 3770 fugienda
2505 3730 2587 3758 esse
2609 3718 2710 3757 didi-

1430 3786 1530 3826 ceris
1547 3786 1598 3825 ab
1612 3787 1660 3826 iis
1679 3786 1748 3836 qui
1764 3788 1972 3827 noverunt.
1997 3803 2017 3821 »

2039 3856 2109 3895 2¹.

1479 3919 1699 3970 Aristippus
1709 3951 1720 3970 ,
1737 3922 1838 3960 teste
1851 3921 1999 3960 Phania
2018 3921 2274 3971 Peripatetico
2288 3920 2420 3958 Eresio
2430 3948 2439 3964 ‚
2450 3917 2709 3965 sophistarum

1430 3995 1541 4024 more
1554 3984 1709 4034 primus
1724 3985 1828 4024 inter
1843 3985 2064 4025 Socraticos
2080 3983 2302 4023 mercedem
2318 3994 2341 4021 a
2356 3980 2550 4030 discipulis
2565 3979 2707 4028 exegit,

1428 4047 1613 4098 idemque
1625 4048 1813 4098 magistro
1826 4059 1898 4088 suo
1913 4049 2100 4099 pecunias
2111 4048 2230 4087 misit.
2245 4044 2464 4095 Aliquando
2478 4054 2569 4082 vero
2585 4054 2709 4091 quum

1423 4110 1564 4160 viginti
1579 4110 1706 4151 minas
1717 4112 1752 4150 ei
1767 4111 1949 4162 misisset,
1960 4111 2110 4151 remisit
2126 4111 2194 4149 has
2210 4110 2402 4155 Socrates,
2419 4106 2551 4144 dicens
2566 4105 2710 4142 daenio-

1423 4175 1539 4214 nium
1558 4175 1653 4226 ipsi,
1674 4177 1721 4215 ut
1741 4177 1977 4226 acceptaret,
1995 4175 2099 4215 haud
2123 4173 2363 4224 permittere.
2385 4168 2576 4209 Nimirum
2603 4179 2706 4217 argi-e

1431 4249 1513 4277 rem
1535 4241 1714 4278 Socrates
1732 4239 1834 4278 tulit.
