3016 4628
247 276 335 317 1⁴4

787 371 830 434 [ι
846 389 862 418 1
874 378 898 427 4
909 372 941 434 .]

299 466 395 528 [ld.
415 467 516 512 Pol.
539 469 622 526 VI,
642 472 686 524 4,
710 466 737 511 5
757 481 768 514 2
791 466 886 523 Τὴν
908 463 951 512 δὲ
974 466 1201 526 μετάδοσιν
1218 464 1407 527 γίνεσθαι
1425 462 1516 530 (δεῖ)

231 540 293 601 τῷ
310 537 465 596 πλήθει
481 542 554 585 τοῦ
565 535 873 601 πολιτεύματος
887 537 1030 595 ἤτοι...
1054 538 1141 590 τοῖς
1156 537 1205 583 τὸ
1222 536 1392 598 τίμημα
1410 554 1517 582 κτω-

234 607 389 670 μένοις,
405 606 433 667 ἢ
450 609 648 675 καθάπερ
667 609 894 669 Θηὸαίοις,
918 609 1228 674 ἀποσχομένοις
1250 606 1402 672 χρόνον
1423 605 1517 653 τινὰ

236 683 320 727 τῶν
348 681 614 744 βαναύσων”
592 701 743 747 εργων.

300 754 816 813 P01.111‚3‚4·'Ev
842 752 1014 811 Θήὸαις
1035 751 1079 799 δὲ
1099 750 1223 814 νόμος
1248 745 1298 809 ην
1315 749 1386 797 τὸν
1411 748 1515 796 δέκα

238 826 344 872 ἐτῶν
367 824 428 888 μὴ
455 825 756 891 ἀπεσχημένον
782 830 858 885 τῆς
882 828 1037 890 ἀγορᾶς
1061 822 1120 886 μὴ
1145 822 1341 887 μετέχειν
1363 824 1514 886 ἀρχῆς.

300 900 402 946 Pol.
427 903 482 955 V,
498 916 544 957 2,
563 901 625 947 6:
643 899 726 947 Διὰ
749 897 1064 962 καταφρόνησιν
1087 893 1130 941 δὲ
1148 913 1220 941 και
1239 892 1517 946 στασιαζουσι

236 968 311 1016 καὶ
336 970 641 1019 ἐπιτίθενται...
652 974 710 1018 ἐν
728 990 819 1023 ταις
844 966 1153 1032 δημοκρατίαις
1178 969 1215 1012 οἵ
1244 965 1416 1028 εὔποροι
1439 982 1516 1009 κα-

240 1041 562 1107 ταφρονήσαντε
566 1063 583 1096 ς
602 1046 676 1100 τῆς
700 1041 873 1096 ἀταξίας
903 1039 976 1087 καὶ
1011 1037 1233 1102 ἀναρχίας,
1271 1040 1360 1083 οἷον
1381 1053 1454 1081 και
1474 1035 1516 1080 ἐν

237 1113 410 1171 Θήὸαις
434 1113 543 1173 μετὰ
578 1113 655 1172 τὴν
678 1115 719 1160 ἐν
755 1111 1003 1177 Οἰνοφύτοις
1035 1110 1181 1174 μάχην
1220 1128 1362 1162 κακως
1391 1108 1518 1154 πολι-

238 1185 480 1248 τευομένων
504 1190 532 1243 ἡ
553 1184 821 1250 δημοκρατία
849 1183 1073 1248 διεφθάρη.
1097 1183 1115 1245 ]

646 1299 1085 1349 ΟΡΧΟΜΕΝΙΩΝ.

823 1407 927 1454 115.

303 1507 481 1549 Tzetzes
497 1504 556 1549 ad
575 1504 763 1549 Hesiod.
787 1505 987 1547 Prooem.
1010 1516 1059 1560 p.
1086 1516 1109 1557 7
1143 1515 1212 1558 sq.
1240 1499 1317 1546 ed.
1340 1498 1470 1545 Gsfd.
1503 1513 1513 1541 ε

240 1574 532 1640 Ἀριστοτέλης
554 1575 635 1640 γὰρ
660 1578 715 1622 6
705 1573 925 1640 φιλόσοφος
955 1572 1142 1635 (μαλλον
1170 1570 1213 1616 δὲ
1233 1575 1359 1633 οἶμαι
1378 1573 1400 1617 6
1424 1568 1519 1624 τους

244 1650 309 1696 Π
293 1647 443 1701 έπλους
467 1645 742 1709 συντάξας)
724 1665 766 1691 εν
788 1652 844 1720 τῇ
866 1641 1159 1709 Ὀρχομενίων
1179 1642 1375 1708 πολιτείᾳ
1400 1645 1523 1700 Στη-

246 1718 416 1784 σίχορον
434 1719 503 1766 τὸν
526 1717 749 1780 μελοποιὸν
774 1717 880 1763 εἶναί
898 1736 1000 1782 φησι
1016 1714 1104 1761 υἱὸν
1119 1713 1353 1777 Ησιόδου,
1377 1734 1426 1762 εκ
1445 1735 1521 1772 της

243 1792 469 1853 Κλυμένης
496 1792 610 1854 αὐτῳ
637 1788 886 1851 γεννηθέντα
911 1791 984 1845 τῆς
1006 1786 1292 1852 Ἀμφιφάνους
1321 1786 1395 1834 και
1422 1788 1519 1834 Ια-

239 1864 438 1928 νύκτορος
473 1864 674 1927 ἀδελφῆς,
710 1861 912 1925 θυγατρὸς
947 1860 990 1907 δὲ
1015 1859 1215 1922 Φηγέως.
1247 1889 1313 1895 -
1340 1860 1519 1921 Κλυμέ-

239 1937 360 1999 νης.]
381 1940 483 1984 Mss.
509 1933 737 1996 κτημένης.
766 1956 784 1976 «
803 1934 1157 1979 Emendavimus
1179 1944 1287 1993 post
1298 1937 1521 1994 Wytten-

239 2011 371 2054 bach.
405 2010 465 2053 ad
500 2009 728 2053 Plutarch.
766 2023 814 2067 p.
863 2007 949 2051 162
988 2021 1045 2050 ex
1080 2007 1250 2050 Proclo
1293 2006 1353 2051 ad
1386 2003 1518 2069 Ἔργ.

249 2081 356 2126 268.
382 2101 401 2120 »
433 2080 599 2127 GAISF.

303 2154 492 2196 Proclus
511 2152 569 2196 ad
587 2151 781 2198 Hesiod.
813 2152 901 2210 Op.
923 2159 968 2194 et
990 2151 1047 2195 D.
1071 2148 1162 2193 631
1193 2164 1203 2195 ε
1229 2146 1449 2207 Ἀοίκητον
1475 2149 1519 2196 δὲ

240 2221 343 2267 αὐτὸ
360 2222 561 2283 (Ascram
589 2221 892 2283 oppidulum)
919 2223 940 2266 6
962 2218 1247 2284 Πλούταρχος
1263 2222 1426 2286 ἴστορε
1413 2241 1521 2269 ικαι

239 2292 334 2340 τότε
365 2298 490 2355 εἰναι,
516 2292 739 2342 Θεσπιέων
762 2292 996 2339 ἀνελόντων
1021 2290 1118 2345 τοὺς
1137 2294 1382 2355 οἰκοῦντας,
1404 2294 1517 2384 Ὀρ-

237 2366 446 2430 χομενίων
471 2364 514 2413 δὲ
545 2364 642 2419 τοὺς
673 2363 884 2418 σωθέντας
923 2363 1188 2425 δεξαμένων·
1217 2363 1312 2411 ὅθεν
1346 2385 1420 2413 και
1444 2365 1519 2413 τὸν

237 2438 327 2484 θεὸν
349 2436 647 2502 Ὀρχομενίοις
666 2436 905 2501 προστάξαι
928 2435 983 2484 τὰ
1001 2435 1206 2483 Ἡσιόδου
1226 2436 1412 2502 λείψανα
1430 2439 1517 2485 λα·-

241 2509 346 2567 Εεῖν,
371 2510 444 2556 καὶ
467 2509 600 2575 θάψαι
618 2509 717 2573 παρ’
733 2509 898 2571 αὐτοῖς,
919 2511 976 2562 ὡς
994 2507 1068 2556 καὶ
1082 2508 1376 2573 Ἀριστοτέλης
1393 2510 1517 2575 φησὶ,

239 2581 413 2646 γράφων
433 2581 509 2639 τὴν
537 2580 830 2646 Ὀρχομενίων
851 2580 1089 2629 πολιτείαν.

303 2655 368 2700 Cf.
393 2658 573 2700 Tzetzes
591 2657 622 2702 l.
648 2657 678 2700 l.
700 2671 711 2698 t
732 2651 1010 2717 Ὀρχομένιοι
1028 2651 1072 2699 δὲ
1094 2650 1268 2717 ὕστερον
1288 2653 1402 2701 κατὰ
1417 2674 1522 2720 χρη-

239 2724 345 2786 σμὸν
360 2725 595 2788 ἐνεγκόντες
614 2725 668 2772 τὰ
685 2725 886 2773 Ἡσιόδου
904 2726 1012 2772 ὀστᾶ
1031 2723 1266 2773 θάπτουσιν
1281 2727 1323 2773 ἐν
1338 2726 1450 2793 μέσῃ
1467 2732 1520 2792 τῇ

241 2799 403 2861 ἀγορᾷ,
425 2797 498 2844 καὶ
520 2798 765 2864 ἐπέγραψαν
790 2798 913 2845 τάδε·

339 2895 478 2947 Ἄσκρη
498 2896 562 2946 μὲν
578 2897 708 2946 πατρὶς
724 2897 926 2943 πολυλήϊος
938 2925 948 2944 ,
968 2897 1063 2936 ἀλλὰ
1091 2897 1267 2942 θανόντος

392 2953 516 2992 ὀστέα
539 2955 764 3000 πληξίππων
792 2959 841 3005 γῆ
861 2957 1016 2994 Μινυῶν
1033 2957 1190 3006 κατέχει

807 3084 945 3136 [114]

290 3151 599 3203 [communicari
615 3163 706 3192 cum
723 3154 974 3194 multitudine
990 3154 1216 3204 reipublicae
1231 3152 1519 3193 administratio

240 3216 357 3255 debet
374 3218 440 3265 ut,
461 3217 794 3266 quemadmodum
824 3219 942 3258 antea
971 3218 1127 3257 dictum
1154 3219 1238 3268 est,
1261 3229 1354 3257 cum
1377 3217 1425 3257 iis
1451 3217 1521 3267 qui

241 3290 400 3319 censum
417 3279 567 3329 justum
582 3281 687 3320 nacti
713 3282 881 3325 suerint,
909 3283 979 3321 aut
1000 3293 1110 3322 more
1126 3283 1407 3323 Thebanorum
1429 3292 1522 3321 cum

241 3343 309 3390 iis,
336 3342 401 3392 qui
422 3345 529 3382 certo
545 3345 778 3395 temporeab
789 3346 953 3395 opificiis
972 3343 1255 3385 abstinuerinl.

293 3405 437 3444 Thebis
458 3406 523 3444 lex
541 3407 646 3456 erat,
671 3418 742 3457 ne,
770 3409 839 3457 qui
865 3419 946 3447 non
963 3408 1102 3448 decem
1131 3419 1256 3448 annos
1279 3409 1366 3448 foro
1386 3419 1522 3448 rerum

243 3468 443 3507 venalium
464 3468 734 3519 abstinuisset,
763 3471 1038 3520 magistratum
1061 3476 1202 3522 caper-'e
1224 3474 1372 3522 posset.

296 3532 457 3580 Propter
476 3533 745 3582 contemptum
758 3534 987 3574 seditionem
1003 3535 1181 3574 excitant
1197 3538 1236 3574 et
1248 3535 1402 3586 impetu
1418 3535 1523 3575 facto

243 3596 282 3635 in
308 3595 403 3636 alios
428 3596 670 3636 invadunt...
704 3598 741 3635 ir·
773 3597 1023 3639 democratiis
1050 3601 1269 3650 locupletes
1291 3602 1522 3650 contempta

244 3660 472 3700 confusione
490 3663 529 3699 et
546 3662 841 3711 perturbatione
864 3674 995 3703 rerum
1013 3665 1246 3715 imperiique
1265 3681 1274 3704 ε
1301 3665 1523 3715 cujusmodi

243 3723 430 3774 quiddam
446 3726 483 3763 et
504 3724 647 3763 Thebis
664 3724 805 3764 accidit
821 3728 907 3775 post
921 3738 1092 3777 pugnam
1104 3729 1144 3768 in
1161 3729 1400 3779 OEnophytis
1415 3740 1524 3769 com-

244 3787 404 3826 missam
435 3802 444 3826 :
462 3798 541 3837 «quo
557 3788 755 3837 tempore,
776 3789 880 3837 quod
909 3791 1127 3839 respublica
1151 3792 1254 3832 male
1270 3792 1522 3834 administra-

244 3847 352 3885 retur
366 3856 390 3884 a
406 3845 551 3896 populo
562 3875 573 3894 ,
591 3844 830 3884 democratia
846 3847 1021 3887 funditus
1035 3860 1218 3914 oppressa
1234 3852 1308 3890 est.
1326 3850 1339 3900 ]

595 3937 1166 3990 ORCHOMENIORUM.

836 4042 932 4083 115.

295 4130 521 4170 Aristoteles
541 4130 796 4181 philosophus
827 4131 913 4179 (vel
943 4132 1096 4182 potius,
1126 4143 1214 4173 mea
1243 4135 1404 4184 quidem
1434 4147 1519 4176 sen·

243 4195 389 4245 tentia,
412 4195 520 4247 Pepli
535 4197 702 4247 auctor)
720 4197 759 4237 in
776 4197 1128 4238 Orchomeniorum
1149 4200 1365 4250 Republica
1393 4202 1519 4242 Stesi-

1125 262 1543 314 Amsro‘rnus
1576 238 1986 328 FRAGMENTA.

1694 370 1892 418 Ἡσιόδου,
1908 373 1977 408 τοῦ
1996 369 2175 407 πλεῖστον
2195 366 2232 405 ἐν
2252 366 2465 416 ἀνθρώποις
2478 367 2588 413 κλέος
2605 368 2728 417 ἐστὶν,

1745 428 1889 478 ἀνδρῶν
1915 426 2146 477 κρινομένων
2164 427 2202 464 έν
2218 425 2402 475 βασάνοις
2425 425 2575 476 σοφίης.

1593 522 1699 570 ἐΕπ
1682 521 1840 586 ’γραψε
1864 520 1908 567 δὲ
1933 519 2006 567 καὶ
2033 519 2268 583 Πίνδαρος·
2306 519 2445 584 Χαῖρε
2474 518 2537 573 δὶς
2558 521 2656 570 κτλ.
2685 515 2902 602 Pausanf'v

1591 598 1690 655 IX,
1719 595 1806 652 38,
1837 594 1862 638 3
1880 629 1894 654 ,
1922 595 2005 637 ubi
2037 593 2165 636 idem
2187 593 2471 653 epigramma
2506 593 2715 639 affertur.
2890 622 2902 643 ,ς

1658 667 1910 726 Appendix
1924 664 2152 710 Proverb.
2171 665 2252 720 IV,
2269 681 2350 724 92,
2374 680 2425 724 p.
2449 663 2541 717 456
2568 665 2643 713 ed.
2664 657 2909 713 Leutscht:
2960 677 2964 695 ‘

1592 733 2615 800 0180111101ᾶοπ..ΤὸΗσιοδειονγηρας
2646 735 2838 801 Ἀριστο
2867 738 2890 803 ᾗ

1591 810 1721 865 λης’
1702 828 1745 855 εν
1787 806 2084 899 Ὀρχομενίων
2109 806 2305 854 πολιτεία
2346 808 2406 862 δὶς
2439 807 2646 873 τεθάφθαι
2680 807 2786 874 φησὶ
2812 807 2909 858 τὸν

1593 878 1808 939 Ἡσίοδον,
1831 880 1905 927 καὶ
1930 879 2257 944 ἐπιγράμματος
2279 881 2406 927 τοῦδε
2426 897 2603 945 τυχειν·

1721 986 1838 1034 Χαῖρε
1851 985 1904 1029 δὶς
1917 984 2067 1031 ἡὸήσας
2091 986 2158 1024 καὶ
2179 986 2234 1031 δὶς
2253 986 2375 1035 τάφου
2390 985 2645 1033 ἀντιὸολήσας
2629 1013 2661 1034 ς,
2699 1011 2719 1041 3
2774 964 2782 973 γ’
2800 1018 2804 1021 .
2867 959 2891 994 ².

1771 1041 1915 1081 Ἡσίοδ’
1925 1071 1936 1091 ,
1950 1042 2163 1092 ἀνθρώποις
2183 1043 2319 1094 μέτρον
2331 1043 2433 1095 ἔχων
2449 1043 2585 1094 σοφίης
2595 1054 2607 1064 ·
2715 1040 2721 1043 ’
2879 1037 2888 1046 ’

1592 1142 1782 1207 παρόσον
1806 1143 1855 1191 τό
1879 1162 1924 1190 τε
1951 1146 2086 1228 γ’ῆρας
2112 1142 2285 1203 ἀπέὸη,
2308 1144 2382 1192 καὶ
2407 1143 2466 1198 δὶς
2483 1143 2637 1208 ἐτάφη.
2763 1194 2767 1200 ,
2879 1196 2910 1204 J

1658 1218 1865 1263 Pindaro
1899 1220 2185 1279 epigramma
2221 1220 2386 1262 tribuit
2427 1235 2547 1263 011111
2567 1220 2715 1267 501101.
2751 1221 2861 1267 etia
2870 1227 2906 1261 ἱ

1594 1289 1774 1336 Suidas.
1795 1294 1850 1337 V.
1875 1292 2067 1336 Boeckh.
2101 1293 2284 1351 Explic.
2319 1291 2509 1337 l’indar.
2538 1307 2585 1351 p.
2615 1289 2725 1349 554.
2751 1292 2886 1341 Cete
2896 1330 2913 1346 ,2

1594 1378 1700 1406 rum
1722 1365 1905 1408 Tzetzes
1932 1380 2080 1423 quum
2103 1366 2387 1425 epigramma
2405 1379 2462 1408 ex
2484 1365 2744 1409 Aristotelis
2780 1366 2790 1376 '
2807 1378 2823 1404 ι’

1593 1436 1664 1478 De
1714 1436 2054 1496 rebuspublicis
2105 1438 2296 1482 allatum
2341 1438 2607 1497 repeiiret,
2663 1415 2910 1496 ejusmodi

1595 1508 1929 1568 epigrammata
1947 1525 2061 1554 vero
2082 1510 2257 1555 sciebat
2269 1505 2361 1570 leg'i
2380 1508 2432 1554 in
2447 1510 2593 1569 Peplo
2612 1505 2913 1571 Aristotelis,

1593 1595 1684 1638 pro
1721 1579 1888 1638 judicii
1926 1581 2116 1627 levitate
2155 1598 2236 1627 sua
2269 1583 2452 1642 putavit
2484 1583 2642 1642 ipsum
2672 1582 2798 1628 istud
2842 1604 2851 1620 ⁶

1594 1653 1803 1698 Hesiodo
1825 1653 2111 1715 epigramma
2151 1672 2176 1700 e
2199 1656 2345 1715 Peplo
2368 1656 2568 1716 petitum
2591 1667 2702 1700 esse.
2723 1657 2797 1701 Ac
2811 1668 2918 1714 neq-2

1596 1727 1692 1770 scio
1723 1742 1783 1770 an
1815 1743 1980 1772 revera
2006 1729 2145 1772 etiam
2172 1729 2222 1771 in
2251 1729 2398 1788 Peplo
2431 1729 2588 1788 legere
2615 1727 2916 1794 01οῐ..(]01·ζοῖ;
2941 1719 2953 1764 r*

1595 1800 1729 1843 novit
1766 1801 2054 1861 epigramma
2084 1811 2299 1846 nostrum
2327 1802 2460 1862 Pepli
2488 1807 2672 1858 auctor,
2711 1801 2793 1860 qui
2822 1795 2902 1848 itu
2938 1810 2955 1824 f

1597 1875 1937 1920 consarcinavit
1959 1876 2247 1936 epitaphium
2276 1876 2529 1935 ,Ascalaphi
2553 1891 2564 1919 ι
2895 1862 2899 1866 .

1699 1985 1941 2037 Ἀσκαλάφου
1957 1986 2075 2038 Τροίῃ
2095 1988 2276 2038 φθιμένου
2291 1967 2364 2026 καὶΔ
2374 1986 2584 2038 Ἰαλέμοιο,

1749 2045 1866 2085 ὀστέα
1883 2045 2109 2092 πληξίππων
2134 2050 2185 2095 γῆ
2213 2047 2370 2085 Μινυῶν
2385 2046 2556 2095 κατέχει.
2901 2082 2917 2102 ,q
2951 2088 2956 2117 φ

1662 2143 1877 2188 Ceterum
1906 2151 2058 2199 recte,
2098 2151 2243 2202 puto,
2277 2143 2460 2187 Tzetzes
2495 2140 2629 2201 Pepli
2652 2135 2905 2187 auctorem]

1595 2230 1622 2259 a
1643 2215 2120 2274 Rerumpublicarum
2141 2215 2369 2274 scriptore
2405 2213 2640 2258 diversum
2659 2227 2754 2258 esse
2779 2225 2907 2262 0011-

1595 2296 1677 2333 set.
1717 2288 1995 2346 Quanquam
2017 2287 2151 2331 aliter
2181 2288 2331 2331 visum
2361 2285 2732 2332 Schneidewiuo
2759 2279 2917 2369 (Ρ1114

1595 2360 1795 2420 Iologus,
1818 2359 1927 2404 fasc.
1961 2376 1980 2404 1
2003 2358 2142 2421 init.)

2193 2469 2300 2514 116.

1662 2579 1832 2624 Pollux
1853 2580 1929 2640 X,
1974 2577 2063 2624 165
2095 2593 2107 2625 :
2140 2575 2229 2625 Καὶ
2259 2574 2360 2623 ὅταν
2382 2578 2446 2624 ’ἐν
2484 2574 2761 2666 Ἀχαρνεῦσιν
2791 2575 2959 2714 εἴτηγῖ

1598 2648 1903 2715 Ἀριστοφάνης
1935 2649 2143 2713 ἀχάνας
2167 2647 2398 2713 χρυσίου
2423 2685 2436 2707 ,
2484 2647 2534 2695 τὸ
2573 2649 2775 2712 ἀγγεῖον
2790 2648 2929 2707 ἴσως.

1600 2721 1830 2786 Περσικόν·
1855 2721 1956 2769 ἔνιοι
1975 2722 2019 2769 δὲ
2042 2719 2119 2778 τὴν
2132 2719 2341 2785 θεωρικὴν
2360 2719 2512 2779 κίστην
2529 2719 2640 2767 ούτω
2659 2719 2927 2777 κεκλησθαι

1598 2794 1865 2882 νομίζουσιν·
1891 2796 1934 2841 ἐν
1959 2793 2004 2841 δὲ
2028 2792 2343 2858 Ἀριστοτέλους
2379 2792 2675 2857 Ὀρχομενίων
2698 2784 2953 2856 πολιτείᾳῖξῖᾗξ

1602 2866 1753 2932 μέτρον
1778 2866 1868 2915 ἐστι
1887 2866 2205 2931 τετταράκοντα
2229 2863 2356 2912 πέντε
2372 2864 2600 2928 μεδίμνους
2615 2869 2784 2930 χωροῦν
2805 2863 2902 2914 Ἀτῦ-
2942 2904 2943 2907 ,

1603 2938 1758 2993 τικούς.

1597 3081 1764 3120 chorum
1781 3080 1949 3129 lyricum
1965 3079 2022 3118 ait
2038 3078 2166 3118 filium
2192 3088 2277 3117 esse
2303 3075 2462 3118 Hesiodi
2481 3086 2504 3116 e
2526 3069 2719 3127 Clymene
2737 3077 2940 3126 natum,

1595 3144 1882 3195 Amphiphanis
1901 3144 1941 3183 et
1965 3142 2200 3194 Ganyctoris
2225 3151 2381 3190 sorore,
2398 3140 2622 3191 Phegeique
2636 3139 2732 3180 filia.
2941 3183 2945 3196 Ι

1650 3214 1814 3250 Ascram
1829 3209 1947 3249 etiam
1979 3210 2081 3248 tunc
2095 3207 2296 3248 desertam
2322 3207 2442 3247 fuisse
2462 3205 2708 3247 Plutarchus
2722 3192 2894 3254 narrat3·
2935 3198 2943 3222 '¹

1598 3273 1738 3314 incolis
1756 3285 1780 3313 a
1799 3272 2104 3324 Thespiensibus
2118 3271 2351 3322 trucidatis,
2365 3271 2495 3322 iisque
2510 3269 2581 3321 qui
2603 3271 2776 3320 stragem
2790 3268 2893 3311 effu·

1597 3340 1756 3389 gerant,
1788 3339 1840 3378 ab
1873 3336 2151 3378 Orchomeniis
2180 3336 2220 3376 in
2251 3336 2394 3376 urbem
2421 3335 2603 3386 receptis.
2627 3334 2747 3375 Unde
2770 3331 2891 3375 etiam

1596 3404 1716 3444 deum
1738 3403 2015 3444 Orchomeniis
2030 3402 2267 3453 imperasse,
2290 3403 2334 3442 ut
2349 3401 2510 3442 Hesiodi
2529 3400 2707 3452 reliquiis
2718 3399 2891 3450 potiren-

1597 3471 1664 3508 tur
1693 3479 1843 3518 easque
1876 3466 1983 3518 apud
2020 3467 2125 3517 ipsos
2157 3465 2344 3516 sepulcro
2377 3464 2608 3505 conderent.
2645 3462 2783 3504 Tradit
2812 3461 2892 3506 hoe

1596 3533 1719 3572 etiam
1771 3531 2027 3583 Aristoteles,
2077 3529 2147 3580 qui
2191 3527 2554 3569 Orchomeniorum
2602 3526 2891 3579 rempublicam

1595 3596 1912 3700 8οΓ41ῗ151οῐ0105·
1900 3658 1941 3698 in
1966 3655 2321 3707 Orchomeniorum
2353 3664 2437 3705 rep.
2465 3652 2680 3694 Hesiodum
2702 3652 2799 3693 dicit
2820 3650 2891 3693 bin

1595 3723 1819 3775 sepultum,
1835 3723 1957 3773 atque
1968 3722 2092 3762 hocce
2106 3721 2271 3760 nactum
2282 3718 2523 3769 epigramma
2545 3727 2658 3758 0550.

1683 3821 1799 3865 salve,
1818 3821 1955 3856 iterum
1966 3818 2170 3864 pubescens
2192 3825 2235 3852 ac
2254 3815 2310 3851 bis
2324 3813 2486 3857 condite,
2501 3797 2619 3857 salve,

1729 3876 2097 3931 Hesiode2humanae
2118 3873 2182 3919 qut
2197 3871 2329 3908 modus
2351 3879 2391 3907 es
2405 3869 2576 3927 sophiae..

2195 3969 2295 4010 116.

1646 4073 1807 4114 Acbane
1865 4072 1908 4112 in
1969 4057 2191 4111 Aristotelis
2250 4062 2469 4117 Republica
2528 4060 2841 4104 orchomenioru

1594 4148 1781 4178 mensura
1812 4136 1894 4187 est,
1911 4145 2004 4186 quac
2035 4132 2212 4173 continet
2243 4127 2504 4182 quadraginta
2529 4127 2707 4179 quinque
2733 4122 2860 4201 modi·¹
2884 4183 2887 4202 ἰ

1598 4202 1764 4244 Atticos.
