3016 4628
248 273 339 314 460

244 372 415 415 dorum
449 378 635 413 centum
664 368 985 430 duodeviginti
1015 367 1091 428 (⁴¹).
1118 364 1333 412 Diodoro
1357 369 1532 427 pariter

243 452 295 480 ac
313 435 562 479 Plutarcho
581 443 692 479 teste
710 435 943 483 Menelaus
961 450 1070 478 cum
1084 435 1316 493 sexaginta
1338 433 1532 477 navibus

246 507 475 551 Salamine
494 506 710 562 inclusus,
727 521 754 551 a
776 507 1028 551 Ptolemaeo
1058 507 1248 560 accitur,
1273 503 1400 563 apud
1415 504 1529 547 Dio-

241 580 412 624 dorum
438 588 594 624 autem
617 577 749 640 (XX,
779 575 862 638 49)
894 594 991 623 non
1018 594 1074 623 eo
1103 578 1296 622 consilio
1313 611 1324 631 ,
1351 585 1404 619 ut
1426 571 1528 619 ὅταν

241 650 431 711 μάλιστα
466 649 672 696 σύστασιν
710 652 733 696 ὃ
772 651 887 712 ἀγὼν
929 648 1008 714 ἔχῃ
1050 652 1276 709 impetum
1314 650 1364 691 in
1401 655 1528 706 terga

239 726 443 768 hostium
475 725 647 769 faceret
670 721 926 782 (Plutarch.
953 726 1088 767 Dem.
1129 738 1168 765 c.
1204 718 1308 777 16).
1336 721 1391 762 Et
1415 720 1528 762 Dio·

239 798 383 842 dorus
402 806 556 842 tamen
573 806 618 841 et
631 791 908 841 ⁸Plutarchus
929 795 1090 838 decem
1107 793 1301 837 navibus
1319 790 1530 850 produnt

238 871 463 914 Demetrii
486 870 773 925 Menelaum,
799 868 1049 927 quominus
1079 880 1218 924 opem
1243 864 1383 907 ferret
1415 863 1527 906 Pto-

239 944 429 1002 lemaeo,
460 941 767 1002 praepeditum
797 955 907 984 esse.
934 942 1003 983 De
1039 939 1176 980 classe
1211 945 1364 979 autem
1389 935 1527 993 AEgy·

236 1015 386 1074 ptiaca
417 1030 442 1059 a
464 1014 679 1059 Diodoro
702 1013 814 1067 XX,
838 1010 895 1054 52
930 1010 1234 1069 quadraginta
1256 1021 1395 1049 naves
1421 1005 1525 1065 (τῶν

237 1087 416 1149 μακρῶν
437 1082 688 1147 αὔτανδροι)
710 1093 856 1142 captae
872 1097 963 1126 esse
984 1081 1213 1134 feruntur,
1234 1093 1260 1122 a
1277 1077 1525 1121 Plutarcho

238 1157 399 1221 (Dem.
448 1159 527 1219 16)
565 1157 862 1216 septuaginta.
901 1153 993 1198 Sed
1031 1151 1301 1196 Plutarchus
1345 1158 1398 1192 ut
1428 1149 1527 1192 aliis

235 1233 375 1276 etiam
396 1231 663 1276 auctoribus
683 1243 822 1287 quam
845 1226 1083 1271 Diodorus
1105 1238 1216 1267 usus
1240 1237 1332 1266 esse
1355 1231 1525 1266 statua-

236 1313 330 1359 tur,
352 1303 412 1348 ad
435 1303 634 1348 eundem
669 1311 823 1344 tamen
858 1300 953 1342 haec
973 1313 1058 1341 nos
1087 1296 1263 1339 fontem
1287 1295 1520 1354 rejiciunt.

234 1379 304 1420 De
326 1378 576 1421 Ptolemaeo
598 1376 679 1435 qui
695 1375 873 1434 regium
892 1380 997 1431 post
1032 1370 1250 1430 proelium
1278 1368 1402 1412 istud
1436 1369 1522 1427 Cy·

233 1451 388 1508 prium
409 1465 581 1493 nomen
598 1448 806 1507 accipere
831 1461 928 1488 non
949 1444 1255 1497 dubitaverit,
1282 1441 1524 1486 Diodorus

233 1524 345 1578 XX,
373 1522 467 1567 53:
493 1520 548 1569 ‘O
569 1519 612 1567 δὲ
628 1514 1022 1579 Πτολεμαῖοςούδὲν
1042 1518 1093 1578 τῇ
1112 1516 1230 1579 ψυχῇ
1249 1514 1523 1567 ταπεινωθεὶς

233 1591 303 1639 διὰ
326 1586 544 1651 τὴνῆτταν
561 1593 676 1642 κτλ.·
666 1592 958 1655 ,Plutarchus
972 1589 1105 1634 Dem.
1126 1605 1168 1632 c.
1192 1588 1275 1632 18:
1301 1589 1358 1639 ὡς
1373 1584 1432 1648 μὴ
1456 1587 1524 1632 δο-

233 1670 322 1712 κεῖν
335 1671 407 1713 τοῦ
418 1666 684 1732 φρονήματος
699 1663 891 1728 ὑφίεσθαι
906 1662 974 1708 διὰ
995 1659 1070 1718 τὴν
1087 1665 1220 1718 ἡτταν
1245 1660 1278 1719 i*
1283 1660 1341 1722 *).
1356 1664 1426 1706 De
1442 1677 1522 1706 ex-

229 1734 470 1792 peditione
480 1735 536 1778 ab
548 1734 780 1793 Antigono
792 1733 841 1774 in
853 1731 1105 1789 AEgyptum
1117 1729 1234 1772 facta
1251 1729 1409 1787 Pluta1
1412 1728 1523 1771 chus

234 1815 277 1845 c.
310 1814 400 1858 19:
434 1797 557 1849 αὐτὸς
588 1796 663 1859 μὲν
696 1796 810 1859 ἄγων
834 1798 939 1858 πεζῇ
960 1793 1038 1850 τὴν
1061 1791 1255 1853 δύναμιν,
1282 1790 1522 1857 Δημητρίῳ

235 1869 278 1917 δὲ
301 1870 475 1935 μεγάλω
499 1869 636 1945 στόλῳ
661 1866 1007 1932 παραπλέοντος,
1029 1867 1268 1912 Diodorus
1282 1868 1397 1927 XX,
1425 1867 1516 1924 73:

234 1945 358 1997 αὐτὸς
392 1942 468 2006 μὲν
502 1935 572 1990 οῧν
605 1962 678 1990 του
702 1944 829 1996 πεζοῦ
866 1938 1186 2004 στρατεύματος
1225 1937 1521 2002 ἀφηγούμενος

231 2020 392 2080 προῆγε
413 2015 483 2062 διὰ
495 2019 570 2072 τ’ἧς
592 2015 778 2072 κοίλης
751 2012 922 2076 μυρίας,
945 2012 1055 2076 ἔχων
1076 2009 1227 2067 πεζους
1251 2010 1328 2073 μὲν
1345 2011 1520 2067 πλείους

229 2092 312 2135 τῶν
347 2088 706 2153 ὀκτακισμυρίων,
757 2089 903 2139 ἱππεῖς
942 2085 986 2132 δὲ
1022 2084 1120 2148 περὶ
1155 2084 1517 2150 ὀκτακισχιλίους,

230 2160 459 2226 ἐλέφαντας
485 2161 528 2208 δὲ
560 2160 671 2225 τρισὶ
705 2159 875 2211 πλείους
911 2161 995 2205 τῶν
1037 2157 1318 2221 ὀγδοήκοντα.
1359 2159 1437 2223 Τῷ
1472 2156 1517 2204 δὲ

227 2233 464 2298 Δημητρίῳ
477 2231 693 2297 παραδοὺς
709 2231 779 2278 τὸν
795 2230 944 2278 στόλον
966 2228 1165 2285 συνέταξε
1183 2231 1517 2295 συμπαραπλεῖν

229 2304 322 2366 ἅμα
356 2304 619 2370 πορευομένῃ
644 2308 695 2365 τῇ
723 2303 931 2365 δυνάμει,
972 2302 1393 2368 παρεσκευασμένων
1431 2304 1515 2348 τῶν

227 2378 405 2424 ἁπασῶν
425 2381 528 2424 νεῶν
549 2379 725 2441 μακρῶν
747 2375 824 2438 μὲν
845 2375 996 2422 ἑκατὸν
1022 2374 1288 2432 πεντήκοντα
1309 2377 1406 2424 κτλ.
1442 2377 1511 2424 Cf.

226 2454 386 2496 etiam:
406 2449 656 2515 Δημητρίου
673 2452 855 2513 χειμῶνι
876 2448 949 2495 καὶ
964 2448 1150 2496 κλύδωνι
1173 2448 1351 2514 μεγάλῳ
1370 2450 1516 2495 κινδυ-

225 2521 450 2578 νεύσαντος
467 2526 524 2577 εἷς
543 2523 695 2576 τόπους
720 2521 946 2584 ἀλιμένους
962 2522 1035 2569 καὶ
1053 2521 1273 2586 χαλεποὺς
1290 2523 1516 2588 ἐκριφῆναι

226 2598 350 2657 apud
369 2599 666 2643 Plutarchum
691 2614 798 2642 cum
819 2597 1020 2643 Diodor.
1046 2598 1160 2656 XX,
1186 2603 1264 2655 74.
1294 2599 1373 2654 76.

291 2690 311 2710 α
332 2674 401 2715 De
420 2672 661 2716 obsidione
692 2672 886 2715 civitatis
899 2670 1200 2715 Rhodiorum
1221 2686 1247 2716 a
1269 2673 1513 2716 Demetrio

225 2753 429 2803 suscepta
451 2746 710 2789 consentire
740 2744 960 2788 videntur
983 2745 1224 2790 Diodorus
1254 2761 1308 2789 ac
1327 2746 1513 2803 ,Plutar-

227 2817 338 2859 chus
361 2826 482 2860 certe
499 2819 547 2860 in
569 2833 651 2873 eo,
678 2818 808 2876 quod
829 2819 1004 2877 singula
1037 2818 1115 2862 ille
1134 2819 1361 2878 helepolis
1389 2821 1516 2863 istius

228 2888 367 2932 latera
391 2886 564 2950 πήχεων
595 2887 744 2950 σχεδὸν
776 2887 1040 2944 πεντήκοντα
1055 2925 1067 2948 ,
1093 2891 1170 2934 hic
1187 2924 1199 2946 ,
1223 2893 1427 2936 auctoris
1445 2894 1514 2936 sui

226 2961 366 3003 verba
391 2960 589 3005 fortassis
626 2963 881 3022 religiosius
913 2972 1115 3018 secutus,
1141 2960 1254 3008 ὀκτὼ
1285 2961 1360 3009 καὶ
1383 2982 1510 3009 τετα-

177 3061 182 3066 -
229 3029 413 3093 ράκοντα
438 3031 612 3095 πήχεων
632 3034 765 3078 fuisse
789 3035 1005 3090 tradidit,
1037 3036 1095 3080 de
1120 3037 1336 3081 tabulatis
1357 3047 1512 3082 autem

229 3106 448 3151 machinae
482 3105 597 3163 ejus,
638 3122 841 3164 quorum
876 3109 925 3150 in
965 3109 1259 3153 altitudinem
1297 3111 1515 3155 circuitus

228 3180 510 3221 contractior
545 3178 677 3223 fuisse
702 3179 894 3236 dicitur,
928 3196 1044 3226 voce
1076 3192 1275 3242 uterque
1300 3180 1513 3228 συννεύειν

228 3263 333 3293 115115
357 3258 421 3293 est
448 3248 560 3311 (***).

295 3339 312 3358 e«
331 3322 387 3364 In
409 3322 587 3379 reliqua
606 3324 827 3367 Demetrii
843 3326 955 3380 vita,
982 3327 1167 3384 qualem
1191 3327 1319 3386 apud
1336 3327 1511 3374 Plutar-

229 3393 368 3436 chum
388 3392 662 3452 descriptam
690 3397 930 3452 habemus‚
957 3401 1058 3456 quis
1083 3415 1190 3443 usus
1230 3401 1369 3444 fuerit
1410 3403 1516 3446 Hie-

230 3466 411 3523 ronymi
426 3466 652 3522 Cardiani,
672 3469 717 3510 in
734 3469 887 3513 medIO
909 3472 1267 3530 relinquendum
1281 3489 1372 3518 esse
1385 3474 1515 3518 vide-

230 3547 322 3581 tur.
351 3539 419 3580 De
448 3539 536 3580 vita
556 3548 706 3582 autern
728 3542 890 3598 Pyrrhi
914 3558 1010 3586 non
1042 3546 1311 3590 Plutarchus
1334 3557 1515 3591 tantum

229 3625 335 3652 cum
350 3609 571 3663 laudavit,
590 3610 670 3653 sed
690 3613 825 3655 ctiam
838 3615 1090 3660 Pausanias.
1104 3619 1212 3661 Non
1232 3628 1337 3662 sunt
1362 3629 1516 3664 tamen

229 3683 314 3725 nisi
346 3683 418 3726 vel
453 3684 622 3726 Italicae
647 3681 812 3742 Pyrrhi
848 3687 1166 3744 expeditiones
1200 3692 1273 3734 vel
1307 3701 1514 3737 extrema

281 3795 333 3844 (”)
359 3794 443 3834 ΑΙίο
476 3794 594 3834 etiam
622 3795 729 3834 sonte
749 3807 868 3845 quam
897 3798 1091 3838 Diodorus
1104 3801 1227 3840 utitur
1246 3803 1416 3853 Poiyaen.
1442 3807 1513 3854 lv,

231 3856 268 3902 7,
291 3856 327 3892 7.
347 3855 394 3891 V.
412 3856 597 3903 Droysen.
619 3854 822 3892 amand
842 3865 880 3903 p.
900 3858 988 3896 454.

281 3912 353 3960 (³²⁹¹)
389 3912 416 3949 Ι(
421 3923 444 3949 x
462 3911 599 3950 codem
627 3913 866 3960 Hieronymo
883 3913 1056 3952 hausisse
1070 3915 1227 3955 videtur
1244 3920 1406 3968 Appian.
1425 3923 1511 3970 Syr.

230 3981 264 4006 ι’.
281 3915 363 4008 (542
389 3969 517 4008 ἀνεῖπε
536 3970 575 4008 δὲ
591 3971 655 4008 καὶ
680 3971 912 4019 Πτολεμαῖον
930 3972 951 4009 ὁ
973 3973 1113 4017 οἰκεῖος
1133 3974 1252 4013 αὐτου
1269 3979 1428 4026 στρατὸς
1443 3981 1514 4029 βα-

231 4029 353 4075 6082,
379 4030 429 4072 ὡς
447 4029 498 4077 μή
519 4042 552 4066 ‘tt
573 4029 635 4067 διὰ.
654 4028 761 4074 τὴν
741 4042 867 4075 ησσαν
887 4031 1121 4078 μειονεκτοίη
1142 4037 1217 4071 τῶν
1245 4048 1509 4081 νενικηκῡῒων.

282 4086 337 4131 (**
340 4086 373 4132 *)
393 4088 441 4124 B(-
446 4086 540 4124 1111111
560 4086 632 4124 hoc
644 4088 779 4126 contra
800 4086 969 4125 Rhodios
980 4090 1135 4135 gestum
1162 4091 1355 4130 Diodoius
1380 4104 1513 4133 narra·

233 4144 287 4180 vit
327 4142 519 4181 Rhodium
545 4147 702 4182 secutus
728 4146 953 4191 auctorem,
983 4148 1178 4194 Zenonem
1207 4150 1340 4196 procul
1380 4151 1511 4190 dnbio.

233 4199 328 4238 Vide
344 4202 495 4240 rraesat.
512 4202 558 4240 ad
582 4202 999 4241 Pseudocaliisihenein
1015 4214 1052 4252 p.
1075 4209 1134 4242 23.
1397 4223 1402 4229 ·

1346 259 1781 308 HIERONYMUs
2105 306 2108 308 ,
2911 232 2958 324 ξ

2926 114 2955 137 “i

2909 125 2956 184 {fl

2908 167 2944 190 *²3¹*

2919 185 2956 230 'il

1609 365 1705 423 ejus
1727 367 1829 409 vitae
1857 349 2092 424 tempora,
2123 365 2172 407 in
2195 364 2365 423 quibus
2376 365 2682 425 ‘Hieronymi'
2686 371 2959 429 quaedamt'
2949 351 2959 368 ,·

1606 439 1796 498 vestigia
1818 436 2252 495 deprehenduntur.
2281 438 2444 495 Neque
2469 453 2589 482 unus
2607 441 2656 483 in
2676 442 2765 487 illis
2787 445 2901 490 Hie
2950 431 2955 483 {j

1606 524 1827 568 ronymus
1850 509 2086 553 Plutarchi
2117 517 2283 552 auctor
2305 507 2415 564 fuit,
2451 511 2535 568 qui
2566 513 2735 570 passim
2759 516 2903 562 etiani'

1607 588 1942 624 commemoret
1958 580 2235 638 Dionysium
2244 580 2645 626 Halicarnasseum
2657 593 2703 628 et
2712 601 2818 630 cum
2827 575 2963 643 re}

1606 652 1761 709 liquiis
1775 652 1894 711 ejus,
1920 666 2022 709 quae
2045 659 2238 695 servatae
2256 661 2378 708 sunt,
2406 653 2691 714 plerumque
2709 645 2965 720 conspuss

1605 731 1694 768 ret.
1718 722 1788 770 Cf.
1813 723 1931 768 Plut.
1951 721 2118 780 Pyrrh.
2153 720 2208 765 13
2225 731 2271 766 et
2289 723 2484 782 Dionys.
2509 725 2668 783 XVII,
2703 727 2777 773 13.
2811 734 2919 809 ¹4i

1604 795 1727 840 Plut.
1756 810 1798 838 c.
1825 795 1880 838 16
1902 803 1948 838 et
1972 795 2117 840 Dion.
2134 794 2295 852 XVII,
2316 792 2391 839 15.
2424 795 2508 853 16;
2525 798 2747 846 Plut.16.
2773 817 2869 860 17

1603 867 1745 912 Dion
1766 867 2122 922 xv111‚1-4‚
2142 867 2263 910 Plut.
2286 882 2347 911 20
2364 868 2505 913 Dion.
2521 870 2699 928 xvm,
2719 861 2964 934 8-2635

1603 939 1868 984 Plut.c.13
1886 946 1930 983 et
1952 940 2093 984 Dion.
2118 939 2254 994 XIX,
2278 939 2424 984 6-8.
2449 943 2511 984 At
2529 950 2576 985 et
2594 943 2693 1002 ipse
2711 944 2868 990 forta

1602 1012 1852 1071 Dionysius
1867 1014 2158 1072 Hieronymo
2175 1027 2283 1056 usus
2306 1021 2390 1057 est.
2418 1012 2562 1071 Hujus
2577 1024 2734 1061 tamen
2752 1033 2891 1077 quan
2901 997 2967 1082 i
2961 1004 2966 1006 ”

1604 1098 1746 1141 quam
1771 1086 1962 1130 minime
1979 1085 2226 1146 ignorabat
2246 1085 2476 1142 historias,
2510 1087 2560 1130 in
2581 1087 2722 1133 rebus
2743 1097 2885 1136 tame

1602 1157 1769 1214 Pyrrhi
1791 1158 2141 1202 tradendisvix
2130 1173 2178 1201 m
2187 1172 2321 1201 usum
2335 1173 2521 1202 vocasse
2533 1159 2736 1206 videtur.
2751 1119 2930 1211 Libui-3
2963 1139 2969 1158 Ξ

1601 1229 1750 1285 XIX,
1779 1245 1832 1274 11
1870 1230 1932 1274 ad
1962 1230 2408 1274 commentariorum
2438 1231 2582 1289 ipsius
2615 1233 2736 1293 regis
2757 1242 2911 1295 atqu
2965 1225 2969 1230 ’

1601 1302 1805 1345 Proxeni
1817 1303 2142 1346 auctoritatem
2153 1313 2398 1361 provocat.
2417 1303 2597 1361 Quibus
2607 1311 2766 1351 tamen
2783 1323 2815 1351 n
2902 1326 2924 1352 κ
2925 1262 2974 1364 Z}

1601 1376 1708 1420 solis
1729 1391 1837 1420 usus
1866 1376 2007 1420 fuerit
2031 1376 2300 1432 fontibus,
2284 1391 2390 1434 Jure
2409 1376 2710 1427 dubitaveris.
2744 1377 2929 1446 Ιιιιιιιοξ
2967 1366 2971 1398 ³¹

1600 1449 1686 1492 nisi
1706 1450 1873 1493 miram
1888 1450 2027 1509 plane
2048 1450 2177 1493 istius
2198 1449 2402 1493 Proxeni
2422 1448 2558 1494 fuisse
2574 1453 2929 1505 auctoritatem
2969 1447 2973 1486 ἶ

1599 1529 1786 1578 statuas,
1817 1520 2052 1566 Romanos
2091 1517 2362 1580 Dionysium
2397 1534 2614 1567 auctores
2641 1536 2701 1568 eo
2722 1529 2906 1574 certius,

1601 1602 1667 1636 est
1685 1603 1896 1638 secutum
1919 1607 2012 1636 esse
2026 1626 2038 1647 ‚
2074 1606 2172 1651 quo
2203 1594 2397 1638 uberius
2417 1595 2474 1638 ab
2508 1595 2563 1639 iis
2585 1594 2645 1640 de
2668 1595 2739 1640 his
2757 1598 2916 1650 rebus?
2972 1627 2974 1630 -

1599 1665 1824 1710 traditum
1862 1681 1956 1710 esse
1987 1664 2191 1711 videtur.
2223 1666 2420 1710 Accedit
2448 1666 2580 1726 quod
2612 1677 2897 1720 commenta-4

1598 1738 1780 1782 riorum
1797 1740 2037 1800 regiorum
2057 1739 2376 1782 testimonium
2391 1739 2441 1782 in
2455 1739 2527 1781 his
2549 1736 2912 1798 ipsis'neglexit,‚

1598 1811 1648 1853 in
1671 1813 1841 1870 quibus
1863 1826 2003 1872 grave
2033 1810 2151 1855 illud
2173 1812 2388 1870 inprimis
2413 1819 2460 1855 et
2501 1811 2792 1854 luculentum
2814 1811 2897 1855 ha·

1597 1882 1805 1928 bendum
1828 1893 1940 1929 erat.
1960 1885 2139 1928 Eorum
2168 1883 2292 1939 enim
2314 1883 2463 1941 quiin
2476 1882 2654 1941 proeliis
2672 1897 2700 1927 a
2718 1873 2908 1942 Pyrrho

1599 1972 1707 2001 cum
1727 1958 1952 2002 Romanis
1972 1956 2225 2000 commissis
2242 1955 2512 2017 ceciderint,
2532 1970 2782 2000 numerum
2797 1956 2923 2010 Plu-a,

1597 2024 1783 2068 tarchus
1819 2025 1884 2068 ita
1923 2021 2170 2077 indicavit,
2219 2019 2274 2065 ut
2317 2022 2532 2080 Dionysii
2575 2018 2932 2078 testimonium}

1598 2097 1859 2141 testimonio
1895 2095 2197 2153 Hieronymi,
2231 2094 2391 2153 utqui
2425 2079 2769 2150 commentariis
2802 2087 2933 2165 istis-52¹

1597 2184 1701 2213 usus
1724 2168 1900 2222 fuisset,
1926 2173 2204 2226 opponeret.
2228 2166 2329 2210 Hos
2351 2168 2506 2210 autem
2526 2165 2566 2210 si
2589 2166 2692 2225 quis
2717 2180 2808 2225 pro
2823 2166 2931 2225 je-'f

1595 2242 1704 2300 juna
1728 2241 1933 2301 quadam
1969 2239 2260 2300 singulorum
2297 2239 2528 2283 factorum
2551 2240 2943 2295 enumerationes

1594 2316 1838 2371 habuerit,
1866 2314 1957 2359 ab
1945 2328 2047 2373 1pso
2072 2312 2263 2357 fortasse
2298 2311 2528 2371 Dionysio
2550 2313 2700 2368 XIX,
2729 2327 2782 2357 11
2823 2323 2899 2359 σι’·
2890 2292 2947 2391 '3‘

1593 2389 1711 2433 loris
1734 2388 2055 2432 convincatur.

1658 2475 1679 2494 «ι
1695 2456 1766 2498 Βσ
1792 2453 1932 2498 rebus
1962 2467 1990 2497 a
2007 2451 2187 2511 Pyrrho
2216 2451 2268 2494 in
2286 2450 2441 2495 Sicilia
2461 2450 2620 2511 gestis,
2641 2449 2700 2494 de
2733 2447 2914 2510 quib
2908 2435 2953 2502 ²,

1594 2527 1938 2593 Hieronymum
1955 2540 2055 2569 non
2077 2523 2234 2568 minus
2257 2521 2482 2567 credibile
2502 2531 2568 2567 est
2595 2523 2736 2583 egisse
2759 2538 2870 2582 qu

1593 2599 1652 2644 de
1692 2600 1887 2656 Italicis,
1923 2598 2172 2643 observatu
2211 2604 2338 2641 certe
2377 2611 2478 2642 non
2520 2594 2766 2656 indiguum
2807 2571 2954 2653 atr?
2931 2651 2936 2660 ¹

1591 2673 1894 2717 Plutarchum
1914 2688 1956 2718 c.
1983 2674 2176 2722 22-24
2215 2684 2316 2713 non
2344 2667 2586 2713 dissentire
2609 2683 2636 2713 a
2653 2667 2907 2723 Diodoro,''
2922 2655 2951 2686 '³

1592 2761 1733 2804 quem
1758 2747 2095 2804 Hieronymum
2136 2742 2432 2803 potissimum
2453 2742 2506 2784 in
2545 2741 2645 2785 aliis
2667 2741 2782 2785 locis
2806 2740 2905 2786 sihi
2924 2745 2931 2786 ἶ

1592 2818 1759 2863 ducem
1777 2819 1984 2863 sumsisse
2003 2815 2308 2876 cognovimus
2322 2848 2335 2870 ‚
2356 2821 2520 2858 contra
2537 2814 2652 2858 alios
2662 2813 2900 2857 Justinum

1591 2899 1804 2934 auctores
1827 2889 1992 2933 sectari
2011 2887 2232 2948 (XXIII,
2261 2885 2336 2943 3),
2363 2886 2452 2928 nisi
2477 2884 2768 2944 negligentiae
2797 2883 2900 2942 ejus

1592 2962 1840 3007 tribuenda
1868 2969 1994 3016 sunt,
2015 2961 2066 3004 in
2099 2959 2268 3018 quibus
2299 2958 2388 3001 alia
2411 2972 2551 3015 quam
2581 2956 2660 3000 ille
2682 2955 2894 3002 tradidit.

1590 3035 1660 3080 Cf.
1686 3035 1889 3080 Diodor.
1910 3034 2078 3088 XXII,
2103 3032 2131 3077 8
2151 3046 2256 3090 sqq.
2273 3038 2318 3074 et
2335 3030 2502 3074 Justin.
2527 3029 2718 3084 XXIII,
2746 3027 2791 3075 3.
2940 3084 2942 3086 Ι

1657 3127 1676 3147 α
1686 3110 1741 3152 Ιιι
1751 3106 2051 3167 expeditione
2059 3099 2228 3163 Pyrrhi
2238 3104 2289 3146 in
2297 3103 2671 3161 Peloponnesum
2682 3109 2731 3146 et
2738 3110 2903 3162 morte
2928 3127 2933 3131 κ

1590 3179 1687 3238 ejus
1708 3178 2014 3225 describenda
2035 3193 2151 3221 num
2168 3174 2443 3235 Hieronymi
2459 3173 2753 3234 potissimum
2785 3175 2905 3222 Plu-2<
2926 3174 2946 3207 ’ἑ

1590 3254 1775 3298 tarchus
1789 3253 1978 3312 vestigia
2003 3250 2242 3311 presserit,
2274 3257 2341 3292 est
2363 3248 2552 3292 fortasse
2584 3262 2670 3291 cur
2702 3244 2891 3292 dubite-

1589 3343 1708 3371 mus.
1742 3326 1914 3372 Praeter
1936 3324 2278 3381 Hieronymum
2301 3321 2427 3364 enim
2458 3319 2665 3364 laudavit
2694 3315 2900 3378 Phylen-4·-

1591 3400 1755 3454 chum,
1776 3413 1916 3457 quem
1946 3397 1997 3440 in
2023 3391 2204 3455 Agide
2207 3402 2253 3438 et
2282 3394 2530 3438 Cleomene
2551 3399 2761 3438 secutum
2784 3402 2900 3442 cunrv

1592 3472 1802 3531 inplimis
1840 3485 1933 3515 esse
1966 3475 2162 3513 constat.
2199 3465 2338 3524 Cujus
2371 3465 2545 3511 rationi
2571 3471 2697 3509 certe
2735 3461 2909 3523 laudq

1593 3552 1909 3588 consentaneae
1928 3546 2061 3596 s'unt,
2094 3539 2264 3597 quibus
2286 3537 2413 3597 apud
2446 3535 2748 3581 Plutarchum
2777 3523 2918 3594 ιιιιιὲὲ

1592 3617 1758 3660 lierum
1775 3616 2106 3674 Spartanarum
2128 3610 2358 3655 fortitudo
2383 3609 2642 3671 extollitur,
2667 3599 2917 3668 adjuncti·

1591 3689 1727 3732 simul
1749 3687 1958 3732 Acrotati
1991 3694 2038 3729 et
2060 3682 2327 3729 Chelonidis
2351 3695 2512 3727 amore
2527 3713 2540 3736 ,
2569 3694 2813 3739 quaeque·

1591 3762 1744 3804 minus
1781 3758 1909 3818 apud
1934 3757 2163 3801 ,lustinum
2192 3755 2413 3816 (XXIII,
2452 3749 2504 3814 4)
2536 3753 2774 3812 leguntm,
2818 3770 2840 3789 ι·
2889 3750 2896 3761 ”

1591 3832 1903 3892 Phylarchum
1923 3845 2021 3889 prae
2046 3827 2209 3872 ceteris
2230 3826 2500 3871 auctoribus
2528 3823 2807 3883 expressisse
2818 3815 2900 3870 vin

1593 3904 1767 3961 detur(
1754 3901 1825 3966 (*).
1847 3901 2040 3948 Accedit
2077 3899 2210 3960 quod
2227 3899 2383 3960 (.Plut
2398 3913 2438 3945 c.
2460 3895 2547 3958 27)
2574 3897 2894 3966 Ηίιιιόιιγιιιιρίν

1643 4037 1695 4087 (*)
1718 4039 1886 4076 Pausan.
1911 4037 1952 4084 1,
1979 4039 2049 4082 13,
2069 4039 2102 4073 5.
2128 4039 2179 4083 6
2197 4042 2317 4083 quem
2340 4030 2381 4071 in
2402 4029 2488 4070 aliis
2507 4029 2614 4069 certe
2634 4027 2732 4069 locis
2748 4026 2875 4067 nimo

1591 4106 1710 4144 nymo
1728 4104 1841 4132 usum
1863 4103 1946 4132 esse
1962 4093 2132 4138 constat,
2150 4101 2230 4130 non
2245 4088 2458 4128 mulierum
2475 4084 2783 4137 Spartanarumi
2830 4112 2833 4116 >
2870 4100 2875 4116 ι

1591 4152 1886 4200 tortitudinem,
1915 4150 1983 4190 sed
2006 4148 2190 4199 Antigoni
2206 4147 2424 4187 adventum
2452 4144 2588 4188 secisse
2614 4141 2732 4191 dicit,
2754 4143 2834 4182 ιιι

1590 4215 1653 4260 sp
1654 4212 1730 4251 urta
1751 4209 1922 4260 Pyrrhus
1941 4207 2154 4249 recederet
