3016 4628
48 560 72 588 „1
188 528 376 597 ρώπων.
419 527 546 577 Κατὰ
591 528 635 575 δὲ
660 529 734 583 τὰς
770 529 946 594 ὕστερον
986 529 1214 594 γενομένας
1236 531 1406 594 ἐπικρα-

52 607 65 671 7’
102 618 152 664 *3¹³
175 601 239 656 ίας
264 602 312 649 ἐκ
330 604 406 658 τῆς
429 603 511 647 τῶν
531 599 781 666 ἀλλοφύλων
816 600 1027 663 ἐπιμιξίας
1045 600 1114 647 ἐπί
1133 620 1180 647 τε
1212 605 1288 658 τῆς
1317 604 1402 648 τῶν

99 655 129 707 'P
173 675 306 738 ερσῶν
323 670 551 734 ἡγεμονίας
566 670 639 718 καὶ
658 674 740 717 τῶν
766 671 925 729 ταύτην
949 673 1282 720 καταλυσάντων
1305 674 1405 720 Μα-

92 743 303 798 ,Ὼκεδόνων
338 744 480 790 πολλὰ
509 746 595 790 τῶν
628 743 820 808 πατρίων
851 750 938 797 τοῖς
962 743 1178 797 Ἰουδαίοις
1210 744 1404 805 νομίμων

48 870 58 879 7
90 815 308 876 ’ἢεινήθψ
328 813 435 877 Περὶ
461 813 538 875 μὲν
558 817 641 861 τῶν
661 814 880 862 Ἰουδαίων
897 814 1128 870 Ἑκαταῖος
1154 819 1175 862 δ
1193 815 1405 874 Μιλήσιος

48 911 65 954 7,·
85 877 262 952 ¹ffltieh.
290 884 565 951 Ἀὅδηρίτης)
586 890 724 933 ταῦτα
748 885 990 951 ἱστόρηκεν.

52 1012 61 1020 77
186 960 444 1007 Hecataeum
456 961 684 1004 Milesium
708 959 933 1004 confundi
954 976 1060 1005 cum
1085 960 1308 1006 Abderita
1330 962 1404 1005 vel

53 1022 157 1095 ‘ij
207 1033 262 1077 iis
284 1047 384 1092 quae
423 1031 482 1076 de
509 1031 817 1076 Macedonum
852 1033 1135 1091 temporibus
1169 1033 1402 1088 dicuntur,

51 1136 57 1171 3
74 1095 90 1140 ’ἶ
105 1103 222 1172 v{nce
242 1105 408 1148 clarius
423 1113 502 1149 est.
515 1106 568 1149 V.
595 1105 862 1163 Wesseling.
883 1103 943 1148 ad
961 1105 1010 1151 h.
1031 1105 1062 1148 l.
1086 1105 1240 1149 Alium
1257 1120 1401 1164 quen·

48 1167 51 1174 Ἴ
242 1178 506 1221 Hecataeum
531 1177 782 1231 Milesium,
810 1176 1040 1220 Abderitae
1062 1192 1306 1236 supparem
1331 1179 1400 1220 in-

48 1246 50 1252 ’
91 1245 262 1309 ..³2telligi
316 1249 466 1292 voluit
525 1249 744 1304 Zornius3
801 1248 929 1306 quod
978 1248 1083 1306 jure
1126 1258 1402 1308 respuerunt

42 1317 46 1331 ³
79 1315 440 1380 '⁴Wesselingius
477 1320 510 1366 l.
534 1321 562 1364 Ι.
584 1327 629 1364 et
655 1319 905 1364 Creuzerus
930 1321 1000 1364 De
1022 1322 1183 1366 Hecat.
1221 1321 1398 1364 Milesio

76 1403 97 1451 ,7
114 1406 162 1451 p.
186 1391 261 1437 35.
287 1392 359 1438 Cf:
378 1394 538 1450 Heyne
557 1393 626 1435 De
649 1390 785 1435 fontt.
810 1390 1008 1434 Diodori
1043 1406 1092 1450 p.
1119 1391 1369 1435 LXXXIX
1385 1424 1397 1446 ,

44 1462 45 1466 ’
86 1459 93 1515 J
111 1463 188 1508 ed.
219 1465 316 1524 Bip.
354 1489 413 1497 —-
449 1464 660 1508 Ceterum
699 1462 1005 1522 fragmentum
1046 1463 1105 1507 de
1139 1463 1308 1506 Judaeis
1347 1464 1397 1506 in

52 1595 57 1601 ,
70 1583 72 1587 ι
89 1534 397 1595 ²·AEgyptiacis
409 1536 564 1580 locum
579 1536 788 1580 habuisse
801 1537 961 1579 monui
974 1537 1023 1578 in
1037 1536 1396 1580 introductione.

36 1658 54 1668 77
68 1650 69 1653 ,
84 1606 392 1665 :Subjicimus
408 1607 668 1667 ⁴fragmenta
686 1607 743 1652 de
763 1608 932 1652 Judaeis
947 1641 960 1663 ‚
987 1623 1089 1667 quae
1109 1622 1134 1651 e
1172 1607 1390 1652 Pseudo-

73 1680 107 1734 .7“
131 1684 326 1724 ecataeo
349 1679 482 1724 affert
503 1682 530 1723 J
533 1680 743 1738 osephus.

475 1806 1032 1853 ΨΕΥΔΟΕΚΑΤΑΙΟΣ.

504 1939 652 1986 ΠΕΡΙ
680 1938 997 1986 ΙΟΥΔΑΙΩΝ.

719 2065 789 2112 14.

170 2182 399 2242 *josephus
421 2181 470 2226 C.
493 2182 664 2240 Apion.
690 2182 729 2236 I,
758 2196 816 2224 22
840 2197 849 2224 z
870 2177 1104 2231 Ἑκαταῖος
1125 2178 1168 2226 δὲ
1194 2183 1215 2227 ὃ
1240 2179 1392 2238 268⁷]-

32 2239 35 2259 ³
184 2265 186 2267 ’
209 2271 249 2311 ς,
269 2249 376 2318 ἀνὴρ
400 2250 628 2317 φιλόσοφος
663 2249 755 2315 ἅμα
781 2250 855 2298 καὶ
880 2251 977 2316 περὶ
1002 2250 1076 2306 τὰς
1098 2251 1271 2316 πράξεις
1294 2255 1389 2299 ἱκα-

35 2339 39 2393 7]
97 2318 123 2383 ᾗ
199 2353 209 2387 7.
225 2341 308 2382 τος,
334 2321 594 2388 Ἀλεξάνδρῳ
613 2326 674 2388 τῷ
697 2325 866 2386 βασιλεῖ
882 2322 1163 2386 συνακμάσας
1182 2322 1255 2370 καὶ
1275 2326 1390 2372 Πτο-

92 2395 274 2463 affugit?
307 2398 371 2459 τῷ
405 2395 552 2459 Λάγου
584 2396 888 2459 συγγενόμενος
923 2398 968 2443 οὐ
1003 2396 1252 2461 παρέργως,
1285 2395 1395 2443 ἀλλὰ

44 2527 46 2530 7
94 2478 128 2546 {¹
140 2466 207 2532 ερὶ
235 2468 375 2515 αὐτῶν
399 2458 619 2516 Ἰουδαίων
645 2467 912 2534 συγγέγραφε
939 2467 1123 2532 βιὸλίον,
1147 2467 1187 2523 ἐξ
1209 2460 1256 2514 οῧ
1294 2467 1394 2531 βού-

29 2624 48 2665 ³1
143 2659 147 2661 7
165 2621 182 2640 1⁴
193 2607 292 2647 rent
306 2605 569 2657 pauperiores,
586 2608 821 2658 gentemque
836 2606 1055 2657 redigerent
1067 2606 1115 2645 ad
1132 2607 1384 2656 paucitatem.

32 2720 37 2732 7
90 2667 125 2714 s
181 2671 327 2712 Liberis
351 2672 508 2723 insuper
533 2672 747 2713 educandis
773 2674 819 2712 ut
838 2683 1000 2723 operam
1028 2672 1193 2722 darent,
1220 2671 1388 2722 regionis

36 2737 385 2799 ,7πκυ77ώίιοῐοιεε
411 2737 540 2787 coegit
574 2754 584 2778 ι
617 2749 823 2790 quumque
855 2738 997 2788 exiguo
1016 2731 1189 2788 ‘sumptu
1220 2737 1388 2777 infantes

40 2797 156 2859 7ζῑῖῗ’7
194 2804 276 2853 tur,
303 2814 457 2854 semper
486 2803 722 2844 Judaeorum
751 2804 859 2844 natio
891 2803 1147 2843 multitudine
1180 2803 1386 2842 hominum

30 2912 35 2916 ,
78 2860 116 2910 's
143 2887 163 2915 -·,
179 2869 240 2910 ··t.
292 2869 408 2916 Quod
429 2869 480 2908 ad
505 2869 755 2909 matrimonia
781 2871 822 2909 et
847 2871 1097 2909 mortuorum
1123 2867 1388 2908 funerationes

45 2975 55 2979 ,,
79 2927 104 2959 4·
122 2984 124 2986 7
141 2932 268 2995 7ιιεῑ,
298 2934 344 2972 ut
371 2943 454 2973 suae
483 2945 507 2972 a
535 2935 759 2973 ceterorum
774 2934 982 2973 hominum
1008 2933 1160 2983 legibus
1184 2932 1387 2971 differrent

0 3009 4 3047 ς
28 2999 35 3009 '¹
84 2989 162 3028 2¹52«
208 3007 338 3046 mum,
365 2998 470 3038 fecit.
526 3000 713 3056 Ceterum
739 2999 814 3039 sub
840 2998 1013 3050 imperiis
1038 2997 1244 3049 posteriori
1271 2998 1388 3035 aetate

0 3057 4 3105 {v
32 3090 38 3109 ς
90 3049 171 3123 §³:21
224 3055 272 3112 S,
290 3062 332 3102 in
359 3060 566 3103 Persarum
593 3063 820 3114 dominatu,
846 3066 886 3103 et
908 3063 977 3113 qui
1003 3064 1110 3102 hunc
1133 3063 1386 3109 everterunt,

0 3124 3 3140 '
179 3140 181 3144 ¹
199 3140 228 3160 ⁴·
248 3137 360 3166 num
376 3155 388 3176 ,
407 3137 459 3166 ex
480 3126 762 3166 commixtione
776 3137 868 3166 cum
885 3126 1056 3166 externis
1067 3125 1248 3176 gentibus
1261 3124 1387 3164 multa

33 3183 45 3231 ,ζ’
99 3196 118 3248 {3
144 3182 298 3241 'legum
316 3190 510 3229 avitarum
530 3190 720 3230 institutis
738 3189 844 3240 apud
858 3192 881 3229 J
885 3189 1020 3230 udoeos
1038 3190 1193 3229 mutata
1209 3189 1385 3229 exoleve-

26 3298 28 3301 .
139 3253 215 3330 71711.
234 3251 293 3295 De
308 3255 332 3294 J
336 3253 458 3294 udaeis
477 3254 563 3293 haec
579 3254 756 3294 narravit
773 3247 980 3294 Hecataeus
995 3253 1206 3295 Abderita.

352 3334 358 3353 Ι

386 3373 1060 3428 '‘''PSEUDO·HECATAEUS.

26 3460 30 3477 ,
91 3465 143 3503 77
211 3451 234 3459 ..
361 3461 366 3465 7
443 3449 447 3455 .

20 3551 31 3561 .-
203 3564 208 3568 .
561 3522 640 3569 DE
671 3519 926 3568 JUDAEIS.

706 3608 776 3650 14·

0 3707 1 3750 j
18 3685 35 3749 ξ]
72 3715 106 3746 π,
121 3670 369 3734 *hecataeus
377 3693 577 3743 Abderita,
591 3692 655 3732 vir'
667 3702 747 3731 non
761 3690 878 3730 modo
894 3687 1161 3740 philosophus,
1185 3686 1251 3726 sed
1269 3686 1387 3725 etiam

0 3773 1 3782 ¹
82 3747 213 3813 *iss*
239 3756 416 3809 gerendis
438 3757 675 3808 aptissimus,
688 3753 901 3798 Alexandri
926 3753 1026 3802 regis
1050 3750 1213 3801 aequalis
1240 3752 1280 3790 et
1295 3761 1387 3789 cum

0 3817 2 3852 ί
85 3820 182 3866 {5
204 3822 430 3873 uaioffiagi
459 3822 734 3870 conversatus,
768 3829 848 3858 non
875 3817 1002 3857 obiter
1040 3818 1116 3865 (sc.
1155 3814 1387 3855 Judaeorum

40 3874 43 3887 ’
84 3882 342 3942 'nit)‚
365 3886 434 3928 sed
466 3887 516 3926 de
548 3886 696 3927 Judaeis
732 3885 827 3935 ipsis
865 3883 1011 3922 librum
1044 3881 1301 3931 conscripsit,
1339 3890 1389 3919 ex

20 3975 29 4006 7-
92 3947 133 4010 7,ζῖ’,77
190 3954 194 3956 ’
216 3950 298 3990 olo
313 3950 541 3990 summatim
557 3949 741 3999 quaedam
768 3957 907 3988 eorum
926 3955 1016 3996 quae
1034 3945 1084 3984 ab
1111 3955 1157 3983 eo
1176 3945 1269 3983 sunt
1285 3942 1389 3982 dicta

16 4009 39 4033 ’“
73 4005 153 4074 325⁵
188 4015 630 4065 Διιϊωκιιριίιιιιιιιιιιιιε
645 4011 1033 4063 tempusostendam.
1088 4009 1266 4049 Meminit
1285 4007 1389 4046 enim

84 4084 158 4135 ζμ·
255 4087 336 4129 quo
357 4078 462 4118 circa
488 4080 636 4119 Gazam
656 4077 835 4117 conflixit
865 4075 1100 4116 Ptolemaeus
1127 4083 1220 4113 cum
1240 4075 1386 4112 Deme-

1119 211 1759 263 PSEUDO-HECATAEUS.

80 314 343 390 7ἤῑῖόυδαίων
388 318 555 380 ὑπῆρχε
589 315 935 383 πολυάνθρωπον.
967 317 1052 364 Καὶ
1094 316 1147 364 τὰ
1178 317 1275 382 περὶ
1314 317 1410 371 τοὺς
1475 327 1603 383 λομαι
1636 324 1940 389 κεφαλαιωδῶς
1976 325 2221 387 ἐπιδραμεῖν
2256 327 2343 373 ἔνια
2378 332 2460 375 τῶν
2496 332 2745 394 εἰρημένων,

95 403 98 407 “
134 388 288 459 7άμους
307 385 351 434 δὲ
375 388 446 433 καὶ
466 386 540 441 τὰς
556 389 638 433 τῶν
659 387 953 435 τελευτώντων
973 387 1110 453 ταφὰς
1132 387 1241 435 πολὺ
1264 389 1313 435 τὸ
1329 407 1409 434 πα·
1480 396 1564 441 Καὶ
1588 399 1756 459 πρῶτον
1781 393 1975 448 ἐπιδείξω
2002 396 2073 440 τὸν
2097 396 2260 460 χρόνον·
2283 401 2536 460 μνημονεύει
2570 402 2653 467 γὰρ
2674 409 2750 463 τῆς
2820 387 2822 390 ⁴

135 489 145 499 .
182 458 420 522 λλαγμένον
435 457 547 521 ἔχειν
568 458 739 516 ἐποίησε
757 459 918 520 νόμιμα
942 459 1046 523 πρὸς
1063 458 1118 506 τὰ
1145 463 1229 506 τῶν
1265 460 1407 506 ἄλλων
1475 466 1750 528 Πτολεμαίου
1777 466 1876 529 περὶ
1898 466 2041 520 Γάζαν
2060 466 2165 530 πρὸς
2185 469 2429 533 Δημήτριον
2462 472 2614 536 μάνης.
2642 475 2753 538 “5²⁷1

2665 239 2756 281 ³93

1473 537 1516 583 δὲ
1537 538 1706 603 γέγονεν
1723 537 1936 602 ἑνδεκάτῳ
1958 535 2034 598 μὲν
2058 536 2143 584 ἔτει
2158 541 2230 594 τῆς
2247 538 2515 604 Ἀλεξάνδρου
2535 548 2752 605 τελευτῆς,

1473 610 1543 656 ἐπὶ
1559 609 1604 657 δὲ
1624 609 1918 671 Ὀλυμπιάδος
1930 608 2116 671 ἑὸδόμης
2130 609 2203 656 καὶ
2222 611 2401 668 δεκάτης
2415 614 2488 660 καὶ
2501 617 2751 674 ἑκατοστῆς,

1470 684 1527 735 ὡς
1549 683 1711 747 ἱστορεῖ
1736 681 1943 745 Κάστωρ.
1977 680 2186 746 Προσθεὶς
2202 681 2286 746 γὰρ
2310 683 2468 741 ταύτην
2485 685 2560 741 τὴν
2584 687 2752 750 Ὀλυμ-

1469 753 1604 800 πιάδα
1629 753 1756 819 φησὶν
1772 789 1786 813 ,
1813 752 1919 802 Ἐπὶ
1944 752 2103 812 ταύτης
2128 754 2398 815 Πτολεμαῖος
2416 757 2439 800 ὃ
2468 755 2611 817 Λάγου
2638 760 2752 805 ἐνίκα

1470 823 1583 871 κατὰ
1606 826 1749 881 Γάζαν
1767 823 1890 889 μάχῃ
1910 823 2162 888 Δημήτριον
2181 824 2253 871 τὸν
2272 825 2507 887 Ἀντιγόνου
2523 864 2537 889 ,
2560 827 2631 874 τὸν
2655 832 2751 877 ἐπι-

1470 896 1680 954 κληθέντα
1706 895 2024 961 Πολιορκητήν.
2049 917 2067 938 υ
2090 895 2359 960 Ἀλέξανδρον
2379 895 2422 943 δὲ
2435 898 2630 945 τεθνάναι
2645 901 2753 947 πάν-

1471 987 1538 1022 τες
1550 970 1828 1032 ὁμολογοῦσιν
1849 968 1919 1015 ἐπὶ
1942 972 2015 1025 τῆς
2037 970 2272 1026 ἑκατοστῆς
2291 971 2755 1031 τεσσαρεσκαιδεκάτης

1471 1040 1782 1095 Ὀλυμπιάδος.
1809 1042 1949 1097 Δῆλον
1972 1033 2044 1087 οὗν
2060 1038 2124 1087 ὅτι
2148 1040 2226 1101 καῖ
2247 1042 2342 1086 κατ’
2370 1041 2526 1087 ἐκεῖνον
2550 1042 2622 1087 καὶ
2648 1042 2758 1088 κατὰ

1475 1103 1743 1169 Ἀλέξανδρον
1777 1105 1968 1166 ἤκμαζεν
2001 1109 2124 1167 ἡμῶν
2161 1106 2211 1153 τὸ
2244 1105 2374 1160 ἔθνος.
2446 1108 2572 1166 Λέγει
2614 1113 2750 1157 τοίνυν

1473 1177 1496 1220 ὁ
1519 1174 1748 1229 Ἑκαταῖος
1764 1177 1894 1244 πάλιν
1910 1177 2035 1237 τάδε,
2053 1177 2119 1224 ὅτι
2139 1200 2159 1220 α
2179 1176 2289 1239 μετὰ
2302 1177 2379 1236 τὴν
2399 1182 2441 1227 ἐν
2466 1181 2581 1243 Γάζῃ
2604 1181 2750 1244 μάχην

1473 1250 1495 1293 ὁ
1523 1249 1788 1310 Πτολεμαῖος
1812 1249 1977 1311 ἐγένετο
2009 1252 2093 1296 τῶν
2119 1248 2218 1314 περὶ
2241 1250 2404 1316 Συρίαν
2434 1251 2575 1298 τόπων
2597 1254 2750 1317 ἐγκρα,

1472 1318 1568 1376 τῆς·
1607 1319 1681 1367 καὶ
1723 1320 1873 1368 πολλοὶ
1920 1323 2003 1366 τῶν
2047 1321 2286 1385 ἀνθρώπων
2332 1322 2636 1384 πυνθανόμενοι
2675 1324 2753 1381 τὴν

1471 1389 1687 1448 ἠπιότητα
1722 1390 1795 1436 καὶ
1831 1390 2148 1454 φιλανθρωπίαν
2187 1396 2261 1438 τοῦ
2297 1392 2595 1454 Πτολεμαίου,
2630 1413 2755 1440 συνα-

1473 1460 1640 1525 παίρειν
1665 1465 1722 1515 εἰς
1742 1460 1959 1524 Αἴγυπτον
1980 1463 2097 1526 αὐτῷ
2121 1461 2194 1508 καὶ
2217 1469 2429 1509 κοινωνεῖν
2452 1466 2535 1510 τῶν
2551 1466 2756 1528 πραγμά-

1471 1551 1555 1578 των
1578 1531 1897 1590 ἠὸουλήθησαν.
1914 1524 2003 1580 ῗΩν
2021 1525 2080 1587 εἶς
2095 1525 2166 1595 ἦν,
2183 1533 2326 1598 φησὶν,
2348 1533 2544 1589 Ἐζεκίας
2566 1539 2588 1581 ὁ
2606 1538 2754 1599 ἀρχιε-

1475 1603 1568 1666 ρεὺς
1600 1607 1683 1650 τῶν
1725 1603 1960 1662 Ἰουδαίων,
2002 1602 2220 1668 ἄνθρωπος
2259 1604 2336 1661 τὴν
2370 1605 2447 1666 ’μὲν
2489 1607 2656 1663 ἡλικίαν
2697 1611 2755 1663 ὡς

1473 1674 1678 1733 ἑξήκοντα
1700 1675 1742 1731 ἓξ
1767 1678 1887 1734 ἐτῶν,
1908 1678 1969 1740 τῷ
1991 1676 2025 1722 δ’
2051 1675 2262 1738 ἀξιώματι
2281 1680 2342 1741 τῷ
2361 1677 2480 1742 παρὰ
2502 1681 2587 1732 τοῖς
2609 1680 2755 1740 ὃμοέθ·

1472 1765 1556 1800 νοις
1577 1745 1710 1810 μέγας
1732 1747 1805 1795 καὶ
1828 1747 1905 1806 τὴν
1931 1747 2074 1813 ψυχὴν
2099 1750 2174 1794 οὐκ
2210 1747 2412 1810 ἀνόητος,
2437 1748 2498 1796 ἔτι
2525 1749 2568 1797 δὲ
2588 1744 2664 1797 καῖ
2683 1751 2751 1798 λε’·

1472 1838 1560 1882 γειν
1598 1821 1772 1873 δυνατὸς
1804 1820 1877 1867 καὶ
1901 1821 2008 1884 [τοῖς
2044 1821 2164 1884 περὶ]
2203 1823 2287 1868 τῶν
2315 1821 2599 1886 πραγμάτοιν,
2634 1822 2752 1886 εἴπερ

1471 1911 1534 1945 τις
1556 1891 1711 1950 ἄλλος,
1743 1890 1966 1956 ἔμπειρος·
2003 1891 2166 1950 καίτοι,
2198 1891 2342 1955 φησὶν,
2374 1894 2412 1939 οἱ
2442 1892 2596 1947 πάντες
2630 1895 2753 1957 ἱερεῖς

1470 1967 1554 2010 τῶν
1576 1964 1808 2023 Ἰουδαίων,
1829 1966 1866 2012 οἳ
1890 1962 1965 2022 τὴν
1992 1964 2173 2022 δεκάτην
2199 1968 2282 2011 τῶν
2311 1965 2541 2028 γινομένων
2573 1965 2750 2026 λαμὸά-

1470 2055 1610 2089 νοντες
1622 2073 1634 2096 ,
1662 2035 1736 2082 καὶ
1760 2036 1814 2082 τὰ
1833 2034 1954 2083 κοινὰ
1971 2037 2221 2089 διοικοῦντες
2234 2074 2246 2094 ,
2263 2036 2361 2100 περὶ
2379 2035 2541 2099 χιλίους
2562 2036 2750 2098 μάλιστα

1470 2107 1543 2154 καὶ
1566 2106 1867 2161 πεντακοσίους
1890 2107 2014 2155 εἰσίν.
2047 2130 2064 2149 υ
2101 2106 2242 2156 Πάλιν
2276 2107 2320 2154 δὲ
2344 2112 2415 2154 τοῦ
2441 2108 2750 2171 προειρημένου

1472 2179 1751 2242 μνημονεύων
1786 2179 1961 2245 ἀνδρὸς,
1987 2202 2007 2221 (ι
2035 2173 2197 2237 Οῧτος,
2222 2179 2365 2245 φησὶν,
2390 2182 2412 2226 ὁ
2439 2178 2654 2245 ἅνθρωπος
2675 2199 2750 2228 τε·

1469 2250 1628 2316 τευχὼς
1651 2256 1725 2309 τῆς
1747 2256 1874 2310 τιμῆς
1896 2251 2052 2310 ταύτης
2075 2251 2149 2298 καὶ
2170 2251 2354 2309 συνήθης
2375 2254 2479 2312 ἡμῖν
2502 2250 2747 2313 γενόμενος,

1469 2323 1736 2388 παραλαὸών
1752 2343 1865 2378 τινας
1879 2327 1963 2370 τῶν
1982 2323 2072 2385 μεθ’
2094 2326 2261 2381 ἑαυτοῦ,
2278 2322 2354 2379 τὴν
2369 2321 2569 2387 διαφορὰν
2586 2322 2748 2386 ἀνέγνω

1470 2404 1613 2442 πᾶσαν
1640 2398 1778 2449 αὐτοῖς
1792 2433 1805 2458 ,
1831 2390 1921 2460 εἶχε
1944 2395 2027 2459 γὰρ
2049 2395 2126 2452 τὴν
2150 2394 2395 2452 κατοίκησιν
2422 2395 2558 2440 αὐτῶν
2578 2394 2651 2441 καὶ
2669 2393 2747 2451 τὴν

1472 2467 1688 2514 πολιτείαν
1704 2467 2027 2532 γεγραμμένην.
2054 2488 2073 2510 ι·
2096 2459 2207 2515 Εἶτα
2224 2465 2453 2519 Ἑκαταῖος
2476 2466 2595 2523 δηλοῖ
2618 2466 2746 2512 πάλιν

1462 2606 1698 2656 Alexandri,
1726 2605 1958 2656 Olympiade
1994 2616 2087 2644 vero
2114 2615 2222 2644 cxvii
2240 2633 2251 2652 ,
2278 2603 2394 2643 sicuti
2432 2604 2567 2642 narrat
2591 2604 2732 2643 Castor

1460 2670 1646 2719 Apposita
1672 2669 1776 2708 enim
1799 2669 1873 2708 hac
1898 2667 2154 2718 Olympiade,
2181 2666 2277 2706 dicit
2309 2682 2319 2705 ε
2350 2682 2369 2700 «
2399 2666 2482 2706 sub
2505 2666 2579 2705 hac
2601 2666 2732 2706 Ptole-

1461 2745 1585 2774 maeus
1607 2734 1695 2784 Lagi
1715 2734 1818 2773 circa
1841 2735 1988 2773 Gazam
2014 2731 2149 2781 praelio
2176 2730 2376 2781 superavit
2398 2730 2640 2769 Demetrium
2660 2735 2742 2770 An·

1460 2799 1605 2849 tigoni,
1641 2799 1709 2849 qui
1743 2798 1959 2838 vocabatur
1987 2796 2234 2836 Poliorcetes.
2265 2811 2283 2828 n
2349 2794 2616 2834 Alexandrum
2650 2805 2744 2834 vero

1461 2864 1678 2912 agnoscunt
1696 2862 1865 2901 universi
1885 2859 2115 2910 Olympiade
2132 2867 2222 2898 cxiv
2242 2869 2264 2897 e
2284 2857 2363 2896 vita
2388 2858 2618 2899 excessisse.
2669 2860 2742 2898 Pa·

1462 2929 1540 2968 lam
1558 2939 1648 2977 ergo
1672 2925 1854 2977 estquod
1875 2927 1915 2965 et
1930 2925 2034 2964 illius
2058 2926 2235 2973 tempore
2258 2925 2298 2962 et
2317 2922 2390 2961 suh
2417 2922 2635 2968 Alexandro
2650 2932 2743 2970 geus

1461 2993 1595 3031 nostra
1610 2990 1801 3030 floruerit.
1854 2990 1974 3039 Igitur
1989 2990 2199 3028 Hecataeus
2214 2998 2329 3037 porro
2350 2987 2435 3026 haec
2451 2985 2545 3024 dicit
2564 2998 2574 3024 :
2599 3001 2617 3019 α
2646 2987 2738 3024 Pto·

1461 3055 1646 3095 lemaeum
1661 3055 1750 3105 post
1763 3053 1941 3104 praelium
1959 3053 1999 3091 in
2016 3054 2162 3091 Gazam
2190 3051 2368 3090 locorum
2391 3050 2433 3088 in
2459 3049 2570 3099 Syria
2594 3050 2741 3087 sactum

1462 3129 1545 3158 esse
1581 3110 1829 3168 compotem3
1871 3125 2137 3166 magnumque
2170 3114 2373 3153 hominum
2413 3123 2643 3161 numerum,
2674 3122 2744 3150 co·

1461 3184 1570 3233 gnita
1590 3182 1790 3223 Ptolemaei
1820 3180 2118 3220 mansuetudine
2146 3181 2186 3218 et
2215 3178 2444 3227 clementia,
2469 3188 2561 3216 cum
2588 3187 2635 3216 eo
2659 3186 2743 3226 pro·

1464 3248 1612 3286 fectum
1642 3257 1726 3286 esse
1763 3246 1805 3285 in
1835 3245 2072 3295 AEgyptum,
2103 3254 2151 3283 eo
2183 3244 2339 3291 animo,
2367 3244 2576 3299 uttrerum
2605 3250 2742 3291 geren-

1461 3311 1603 3349 darum
1639 3310 1850 3360 participes
1886 3307 2039 3347 fierent.
2107 3309 2287 3353 Quorum
2324 3315 2450 3353 unus,
2478 3304 2627 3353 inquit,
2658 3304 2742 3342 erat

1460 3375 1620 3415 Ezecias
1647 3374 1824 3424 pontifex
1857 3373 2088 3413 Judoeorum
2111 3387 2120 3411 ι
2154 3371 2273 3410 homo
2299 3372 2417 3410 aetate
2449 3369 2608 3419 quidem
2631 3368 2741 3418 quasi

1461 3449 1655 3478 annorum
1690 3448 1813 3486 axvi,
1832 3437 2021 3486 dignitate
2050 3446 2145 3475 vero
2170 3434 2276 3484 apud
2302 3434 2511 3484 populares
2536 3443 2627 3470 suos
2659 3441 2742 3472 ma·

1461 3512 1583 3550 gnus,
1603 3503 1643 3541 et
1667 3500 1786 3540 animi
1817 3499 2009 3549 sapientia
2038 3509 2117 3537 non
2137 3497 2350 3546 mediocri,
2379 3499 2419 3535 et
2437 3494 2590 3534 dicendi
2613 3493 2738 3532 facul·

1461 3566 1543 3604 tate
1557 3565 1728 3615 pollens,
1746 3565 1809 3613 et,
1825 3563 1858 3602 si
1883 3563 1973 3612 quis
1986 3562 2110 3609 alius,
2141 3571 2273 3600 rerum
2306 3559 2476 3610 peritus:
2493 3566 2714 3607 quanquam
2727 3584 2739 3602 ,

1462 3631 1508 3668 ut
1529 3630 1608 3678 ait,
1631 3639 1769 3668 omnes
1800 3627 2031 3668 Judaeorum
2053 3625 2275 3665 saoerdotoe
2289 3654 2301 3674 ,
2322 3623 2389 3674 qui
2414 3622 2585 3661 decimas
2608 3621 2646 3658 in
2678 3619 2739 3657 lu-

1461 3704 1547 3733 cem
1563 3693 1760 3733 editorum
1789 3692 2009 3742 accipiunt,
2033 3691 2073 3730 et
2095 3701 2156 3729 res
2184 3690 2223 3729 in
2239 3687 2436 3728 communi
2462 3685 2603 3735 positas
2617 3682 2739 3722 admi·

1462 3758 1651 3806 nisti-ant,
1669 3757 1776 3795 mille
1797 3765 1936 3795 omnes
1961 3756 2003 3795 ct
2024 3752 2226 3804 quingenti
2249 3751 2340 3790 sint.
2364 3765 2384 3783 υ
2445 3750 2592 3787 Rursus
2607 3747 2738 3784 antem

1462 3820 1535 3859 viri
1550 3821 1631 3869 jam
1651 3819 1799 3859 laudati
1823 3818 2062 3858 mentionem
2089 3817 2256 3862 faciens,
2283 3829 2303 3848 «ι
2329 3813 2418 3852 Hic,
2441 3809 2587 3859 inquit,
2620 3808 2738 3850 homo

1464 3883 1569 3922 hunc
1595 3883 1786 3921 honorem
1828 3883 2085 3931 assequutus,
2124 3879 2327 3926 factusque
2364 3873 2474 3913 nobis
2516 3870 2735 3914 familiaris,

1463 3945 1530 3984 ubi
1554 3944 1746 3995 quosdam
1762 3953 1784 3983 e
1798 3944 1880 3983 suis
1905 3942 2188 3990 assumpserat,
2208 3935 2466 3977 differentiam
2488 3942 2644 3971 omnem
2662 3930 2737 3968 illis

1461 4008 1668 4058 exposuit,
1704 4009 1744 4046 et
1774 4005 2054 4045 habitationem
2094 4012 2230 4042 eorum
2260 4001 2300 4039 et
2326 3998 2481 4036 civilem
2515 3994 2729 4040 rationem,

1461 4071 1792 4122 quam-scriptam
1820 4068 2013 4115 habebat,
2033 4065 2176 4115 pariter
2211 4060 2408 4101 indicavit.
2429 4074 2448 4092 ι»
2503 4055 2648 4095 Deinde
2664 4065 2732 4104 pa-

16 4133 57 4185 ’νς
160 4132 452 4186 ὁζῖΊΙΙιιιῑνοτο
472 4141 636 4193 contigit
657 4140 866 4182 undecimo
895 4137 1058 4191 quidem
1083 4146 1187 4176 anno
1206 4146 1228 4175 a
1255 4136 1383 4175 morte
1461 4135 1542 4175 lam
1564 4135 1653 4174 lacit
1675 4135 1902 4179 fleeataeus,
1923 4140 2014 4179 erga
2038 4129 2137 4178 leges
2155 4124 2321 4176 qualiter
2343 4121 2493 4161 nosmet
2518 4119 2730 4165 habemus,

14 4189 48 4244 f:
71 4197 95 4235 a,
106 4223 111 4227 7
