3008 4542
116 737 258 783 n-is
291 722 435 777 fratre
462 720 674 765 mirabile
711 719 954 778 quoddam
990 720 1124 764 affert
1163 720 1221 764 de
1243 722 1432 767 homine

125 793 173 847 Ᾰζῗ
206 795 216 806 ’
234 795 337 839 vitae
356 808 477 839 anno
498 793 695 852 septimo
721 807 860 836 canus
879 806 1040 847 senex,
1062 793 1235 836 relictis
1256 794 1430 849 liberis,

110 869 159 907 Ὁ
189 881 274 913 em
283 880 552 925 supremum
573 863 743 908 obierit
767 864 777 913 (
797 864 853 908 fr.
890 863 945 907 18
964 867 994 917 l.
1025 864 1270 922 Cujusnam
1293 881 1436 926 gene-

102 944 142 958 '’
156 936 200 989 'Vs
221 939 444 997 scriptum
466 937 557 998 hoc
587 951 614 979 a
637 935 893 995 Phlegonte
929 935 1168 979 laudatum
1191 936 1352 991 fuerit,
1379 951 1435 980 ex

39 1043 45 1083 ὲ
95 998 276 1063 &unico
293 1010 372 1053 illo
390 1008 650 1069 fragmento
670 1023 769 1051 non
788 1009 893 1051 satis
913 1008 1078 1066 liquet.
1103 1009 1265 1066 Neque
1285 1009 1435 1052 aliun—

43 1122 46 1123 .
82 1076 113 1115 Γ
139 1082 200 1130 de
218 1081 277 1127 de
307 1082 498 1131 Cratero
524 1082 752 1139 scriptore
786 1082 867 1139 qui
891 1075 1114 1140 Antigoni
1141 1081 1264 1140 regis
1294 1081 1435 1124 frater

94 1187 113 1214 :-
138 1153 300 1209 suerit,
331 1152 554 1196 traditum
585 1152 765 1211 aliquid
799 1153 1079 1211 accepimus.
1110 1152 1188 1196 Sin
1224 1151 1436 1195 Niebuh—

33 1271 35 1274 .
106 1225 384 1290 h1'ium(l(l.
412 1223 646 1282 Sclaerfftetz
668 1241 716 1284 p.
742 1223 861 1285 225)
883 1224 1066 1280 audias,
1091 1224 1231 1267 frater
1250 1225 1326 1268 ille
1348 1227 1434 1268 An·

82 1298 225 1354 ·='3<{·.›³·5e
243 1299 281 1345 i'
307 1298 434 1343 idem
457 1306 524 1342 est
553 1298 794 1353 Craterus,
833 1297 964 1355 cujus
999 1293 1111 1357 Περὶ
1147 1294 1435 1359 ψηφισμάτων

91 1367 100 1376 ”
232 1384 284 1416 os
303 1371 379 1415 vel
402 1367 720 1433 llsvjcptcuoitwv
745 1365 999 1431 συναγωγὴν
1025 1370 1186 1428 saepius
1207 1383 1437 1428 gramma-

163 1479 178 1496 „
202 1439 205 1466 3
251 1443 468 1488 excitant.
512 1444 616 1487 Hoc
657 1458 805 1502 quum
837 1457 990 1501 neque
1026 1440 1247 1485 affirmari
1285 1456 1437 1500 neque

119 1548 121 1551 -
141 1507 146 1510 ¹
179 1508 296 1559 Fui-i
316 1515 484 1574 possit,
509 1516 559 1558 in
577 1514 735 1559 medio
758 1530 843 1558 nos
875 1514 1199 1572 relinquimus.
1224 1514 1352 1572 Opus
1376 1514 1435 1556 il-

95 1596 125 1650 [μ
191 1604 212 1626 ·’·
250 1584 359 1649 Περὶ
383 1583 673 1650 ψηφισμάτων
694 1587 800 1630 satis
824 1586 1032 1644 amplum
1051 1585 1154 1628 fuit.
1177 1585 1295 1629 Nam
1316 1599 1437 1644 prae-

21 1676 35 1724 ²5
70 1691 86 1723 1‘-
111 1665 120 1669 Α
135 1667 215 1705 ter,
232 1659 407 1704 librum
429 1660 643 1716 tertium,
674 1659 756 1717 qui
775 1659 825 1701 in
847 1658 961 1701 belli
983 1657 1157 1701 Medici
1178 1657 1253 1700 vel
1281 1657 1330 1700 in
1358 1658 1437 1702 Ci-

135 1732 290 1782 monis
311 1726 603 1791 temporibus
628 1731 918 1784 versabatur,
943 1729 1125 1773 laudari
1148 1729 1359 1773 videmus
1377 1730 1437 1773 li—

20 1794 32 1813 *
83 1799 118 1866 ξ’(
134 1803 278 1851 hrum
289 1799 493 1860 nonum,
512 1819 569 1848 ex
584 1819 681 1864 quo
701 1818 804 1862 quae
821 1803 1082 1847 afferuntur
1101 1801 1160 1845 ad
1180 1803 1438 1861 posteriora

90 1900 125 1911 ν
139 1884 351 1937 tempora
391 1876 504 1921 belli
545 1877 928 1936 Peloponnesiaci
967 1875 1216 1934 pertinent.
1262 1874 1438 1932 Quodsi

134 1948 280 2011 igitur
291 1957 455 1995 auctor
467 1949 631 1995 eadem
651 1943 866 1993 ubertate
884 1948 944 1992 ad
956 1963 1086 1992 suam
1100 1962 1245 2005 usque
1261 1955 1439 1991 aetatem

139 2021 389 2069 scribendo
407 2036 680 2082 progressus
709 2029 799 2076 est,
826 2019 1088 2079 pergrande
1117 2034 1234 2078 opus
1269 2019 1437 2062 condi-

16 2091 98 2109 '¹
141 2093 259 2141 disse.
275 2095 433 2140 debet.
457 2095 770 2154 Psephismata
784 2094 881 2136 haec
900 2092 1065 2151 populi
1089 2092 1438 2136 Atheniensium

21 2175 94 2232 1225.
118 2176 286 2219 erant.
311 2169 417 2212 Non
442 2168 599 2211 omnia
617 2175 772 2210 tamen
799 2179 953 2223 neque
979 2164 1319 2222 qualiacunque
1350 2163 1437 2207 de·-

0 2231 87 2299 “Of
141 2248 266 2285 creta
289 2241 505 2286 Craterus
535 2239 796 2299 collegisse,
824 2237 905 2281 sed
930 2236 1163 2280 delectum
1196 2236 1438 2280 instituisse

138 2326 306 2356 eorum
328 2312 565 2372 putandus
590 2319 680 2366 est,
705 2325 807 2369 quae
827 2309 886 2353 ad
908 2309 1151 2352 historiam
1170 2307 1438 2366 reipublicae

28 2398 36 2414 ³
139 2385 514 2440 Atheniensium,
555 2385 649 2427 sive
692 2382 1140 2427 administrationem
1179 2380 1300 2440 ejus,
1345 2381 1438 2424 sive

62 2449 100 2508 ,ii
122 2454 263 2500 bella
279 2463 324 2500 et
340 2455 532 2511 foedera,
553 2456 647 2499 sive
664 2455 899 2498 clarorum
912 2452 1003 2496 fata
1018 2453 1230 2496 virorum
1245 2460 1434 2511 spectes,

16 2557 19 2559 >
61 2555 71 2590 ²,
139 2529 366 2571 momenti
386 2528 580 2585 alicujus
604 2541 696 2570 esse
719 2528 953 2585 poterant.
979 2526 1088 2568 Haec
1110 2524 1275 2567 ordine
1300 2524 1440 2568 chro-

139 2601 360 2660 nologico
394 2608 635 2643 auctorem
659 2598 961 2657 disposuisse,
998 2604 1044 2640 et
1081 2595 1311 2640 addidisse
1337 2611 1438 2654 quae

10 2665 86 2712 =T
140 2673 453 2732 intelligentiae
467 2687 632 2715 eorum
651 2671 927 2714 inservirent
939 2702 951 2724 ,
967 2676 1131 2728 sponte
1147 2668 1434 2727 intelligitur.

140 2745 303 2803 Neque
322 2759 436 2788 vero
454 2745 506 2802 in
520 2745 594 2788 his
614 2743 832 2788 Craterus
854 2757 900 2786 se
922 2741 1166 2784 continuit.
1188 2742 1306 2784 Nam
1326 2741 1439 2783 Plu—

36 2821 81 2867 Ἴ
144 2817 333 2862 tarchus
360 2818 371 2874 (
384 2816 577 2860 Aristid.
605 2813 752 2874 (³²6)
768 2822 1015 2874 postquam
1036 2828 1093 2856 ex
1116 2812 1304 2856 Cratero
1320 2827 1441 2855 non—

16 2833 76 2964 }
143 2889 270 2933 nulla
285 2889 500 2949 apposuit
521 2887 580 2932 de
601 2886 818 2931 Aristidis
837 2885 1226 2929 condemnatione
1243 2883 1440 2942 fatisque

21 2951 88 3010 ἣν
143 2961 410 3019 postremis,
437 2958 568 3003 addit
591 2974 602 3001 ε
630 2954 809 3004 Τούτων
831 2955 870 3000 δ’
894 2952 1014 3000 οὐδὲν
1037 2952 1247 3017 ἔγγραφον
1271 2954 1292 2997 ὃ
1318 2953 1440 3012 Κρά-

2 3014 82 3086 f}
145 3048 266 3094 τερος
290 3030 522 3093 τεκμήριον
555 3026 792 3093 παρέσχεν,
815 3025 912 3074 οὔτε
939 3025 1058 3083 δίκην
1090 3023 1186 3072 οὔτε
1210 3023 1437 3088 ψήφισμα,

11 3086 89 3172 {-
146 3100 302 3165 καίπερ
323 3100 479 3155 εἰωθὼς
499 3101 695 3153 ἐπιεικῶς
717 3098 893 3164 γράφειν
922 3097 976 3144 τὰ
995 3102 1171 3144 τοιαῦτα
1196 3096 1269 3142 καὶ
1294 3114 1440 3159 παρα-

22 3170 62 3238 ³}
147 3173 337 3220 τίσεσθαι
368 3170 464 3226 τοὺς
483 3173 774 3236 ἱστοροῦντας
806 3172 986 3230 Quibus
1012 3171 1166 3215 verbis
1186 3186 1331 3229 quum
1353 3170 1441 3213 du-

0 3234 71 3307 ἦ
149 3247 283 3291 bium
297 3262 398 3316 pon
410 3247 469 3290 sit
488 3245 686 3289 indicari
701 3245 829 3288 illam
847 3244 992 3302 ipsam
1006 3238 1318 3304 Ψηφισμάτων
1338 3258 1439 3289 συν·-

14 3309 53 3351 ἕ
151 3315 340 3380 αγωγὴν,
366 3334 422 3363 ex
449 3333 542 3377 qua
578 3317 706 3361 idem
734 3316 1011 3362 Plutarchus
1040 3315 1087 3360 in
1116 3318 1319 3362 Cimonis
1341 3318 1443 3362 Vita

150 3388 389 3453 ἀντίγραφα
414 3389 632 3444 συνθηκῶν
662 3392 999 3434 commemorat
1031 3405 1041 3432 :
1065 3398 1129 3433 eo'
1147 3388 1440 3442 deducimur,

148 3472 201 3505 ut
221 3462 462 3506 Craterum
482 3468 733 3506 statuamus
755 3462 1022 3505 continuam
1042 3461 1281 3504 historiam
1300 3461 1445 3504 Athe-

149 3534 377 3578 niensium
394 3533 407 3594 (
420 3549 517 3577 non
526 3534 584 3577 ab
601 3534 926 3592 antiquissimis
943 3533 1051 3576 inde
1063 3533 1242 3586 seculis,
1255 3533 1442 3591 opinor,

150 3606 232 3650 sed
257 3605 366 3650 inde
394 3621 420 3650 a
442 3605 735 3650 Medicorum
759 3605 854 3649 fere
874 3605 1109 3648 bellorum
1131 3600 1443 3662 temporibus)

151 3678 215 3722 ita
238 3679 549 3732 contexuisse,
572 3686 625 3721 ut
648 3674 702 3722 τὰ
727 3674 988 3739 ψηφίσματα
1018 3677 1145 3735 quasi
1166 3675 1446 3719 fundamen-

153 3757 252 3793 tum
276 3751 432 3810 operis
449 3751 808 3805 constituerent,
837 3750 894 3795 ab
920 3750 1066 3807 iisque
1091 3748 1327 3806 inscriptio
1351 3747 1447 3803 ejus

83 3862 86 3866 ,
154 3829 461 3879 repeteretur,
479 3820 648 3865 deinde
663 3835 777 3865 vero
797 3822 936 3865 etiam
955 3821 1042 3864 alia
1058 3826 1357 3863 monumenta
1367 3834 1448 3877 pu-

77 3943 83 3948 ,
154 3891 301 3947 blica,
329 3908 430 3951 quae
449 3893 730 3959 illustrandae
756 3894 954 3936 historiae
975 3900 1146 3946 essent,
1167 3891 1448 3935 verbotenus

742 215 1475 330 CRATERUS
1561 217 2176 333 MACEDO.

40 658 41 661 ’
116 627 559 720 [723]‘'1'²h1eg0n(Mi1-.
577 647 656 709 32)
677 662 733 692 ex
748 648 939 692 Cratero
955 647 1429 710 Antigoni(Gonatae)
1506 660 1865 710 apponerentur,
1899 653 2078 711 reliqua
2102 653 2301 712 denique
2331 670 2384 699 ex
2413 655 2504 701 fide
2534 651 2781 703 historico-

1503 738 1635 778 rum,
1653 739 1783 782 ‘quos
1804 726 2079 768 nominatim
2111 727 2413 785 utplurimum
2444 738 2603 773 auctor
2631 731 2752 775 intro
2763 756 2782 762 -·

1506 794 1731 854 ducebat,
1774 797 2113 856 supplerentur.
2158 823 2222 831 —
2267 800 2559 859 Quantopere
2604 802 2782 858 jactura

1505 866 1731 924 ejusmodi
1757 870 1908 927 operis
1931 868 2134 913 dolenda
2156 870 2237 925 sit,
2260 885 2353 913 non
2374 879 2437 913 est
2461 872 2589 929 quod
2613 873 2779 919 dicam.

1504 940 1668 983 Nullus
1699 956 1811 984 vero
1836 940 2002 985 dubito
2030 941 2143 999 quin
2167 940 2290 983 haud
2312 956 2457 999 pauca
2485 942 2542 985 de
2572 958 2627 986 eo
2652 960 2778 988 com-

1507 1020 1638 1068 perta
1651 1012 1940 1068 haberemus,
1956 1014 1991 1055 si
2006 1013 2245 1056 rhetorum
2263 1022 2644 1058 commentatores
2661 1031 2783 1074 quae-

1509 1099 1692 1143 cunque
1719 1099 1775 1127 ex
1808 1084 1997 1128 Cratero
2026 1086 2297 1139 hauserunt,
2325 1085 2459 1128 etiam
2483 1087 2666 1129 nomine
2691 1087 2787 1143 ejus

1507 1156 1725 1215 insignire
1762 1157 2024 1202 voluissent.
2061 1158 2178 1200 Nam
2215 1156 2575 1214 frequentissime
2606 1158 2705 1201 illos
2728 1160 2785 1202 ad

1509 1227 1686 1274 Crateri
1717 1229 1953 1272 thesauros
1989 1229 2219 1272 accessisse
2259 1229 2585 1283 consultantes,
2623 1230 2694 1272 vel
2733 1246 2788 1275 ex

1509 1301 1878 1359 Harpocratione
1908 1300 1992 1360 (fr.
2019 1299 2073 1359 8)
2102 1301 2311 1359 colligas,
2337 1302 2441 1359 qui,
2461 1301 2596 1344 allato
2619 1303 2788 1345 Demo-

1507 1373 1676 1417 sthenis
1695 1373 1799 1416 loco
1822 1373 1880 1417 de
1898 1373 2033 1432 pictis
2051 1374 2098 1415 in
2114 1373 2281 1416 Poecile
2300 1373 2618 1416 Plataeensibus
2639 1374 2789 1418 Mara-

1509 1445 1852 1499 thonomachis,
1878 1444 2115 1503 subjungit
2132 1444 2228 1487 haec
2253 1459 2263 1486 :
2286 1441 2438 1494 Οὐδεὶς
2460 1445 2583 1488 τοῦτο
2601 1440 2786 1505 εἴρηκεν,

1509 1514 1602 1561 οὐδὲ
1630 1517 1667 1563 K
1676 1515 1846 1580 ροίτερος
1862 1517 1903 1561 ἐν
1923 1518 1974 1577 τῇ
1998 1517 2081 1561 τῶν
2104 1513 2413 1578 Ψηφισμάτων
2437 1518 2678 1577 συναγωγῇ.

1576 1590 1793 1634 Ceterum
1809 1590 1867 1634 ad
1889 1591 2027 1633 talem
2042 1596 2451 1632 monumentorum
2472 1588 2790 1632 collectionem

1511 1670 1638 1706 tanto
1671 1662 1895 1720 majorem
1915 1661 2081 1719 judicii
2113 1662 2399 1704 severitatem
2429 1668 2474 1702 et
2502 1674 2693 1705 acumen
2715 1661 2790 1703 hi-

1510 1736 1705 1779 storicus
1734 1734 1900 1778 afferre
1931 1733 2092 1785 debet,
2125 1741 2298 1791 quanto
2323 1731 2499 1775 facilius
2526 1731 2714 1785 accidit,
2742 1741 2792 1774 ut

1510 1807 1618 1850 falsa
1639 1815 1684 1850 et
1702 1805 1987 1865 supposititia
2010 1820 2097 1864 pro
2117 1806 2236 1848 veris
2252 1813 2297 1848 et
2319 1804 2526 1864 genuinis
2549 1803 2792 1846 venditen-

1511 1886 1601 1925 tur.
1628 1879 1700 1922 Ab
1737 1894 1792 1926 eo
1824 1885 1978 1922 autem
2004 1877 2213 1935 periculo
2249 1891 2342 1920 non
2379 1877 2483 1919 satis
2506 1875 2589 1919 sibi
2628 1876 2793 1920 cavisse

1512 1950 1725 1997 Craterus
1764 1950 1966 1995 videtur.
2007 1949 2124 1992 Nam
2157 1946 2394 2010 ἀντίγραφα
2433 1948 2509 1991 illa
2546 1949 2786 2005 συνθηκῶν,

1511 2038 1625 2082 quas
1650 2023 1840 2067 Cimone
1864 2029 2052 2065 auctore
2089 2021 2384 2064 Athenienses
2419 2034 2523 2061 cum
2555 2020 2793 2063 Persarum

1509 2110 1618 2154 rege
1641 2095 1864 2154 pepigisse
1903 2093 2121 2137 dicuntur
2147 2090 2228 2154 (sr.
2254 2107 2277 2147 7
2303 2088 2346 2152 ),
2382 2091 2563 2133 nonnisi
2594 2105 2618 2134 e
2637 2092 2793 2149 spurio

1509 2176 1811 2211 monumento
1849 2166 2046 2210 describi
2085 2171 2316 2223 poterant.
2354 2165 2534 2206 Revera
2577 2164 2793 2206 exstitisse

1511 2233 1822 2277 adulterinum
1847 2230 2071 2289 ejusmodi
2096 2230 2426 2273 documentum
2448 2243 2471 2270 e
2492 2228 2791 2286 Theopompo

1511 2313 1704 2350 constat.
1749 2305 1901 2360 Quare
1936 2303 2051 2356 nihil
2076 2302 2222 2360 cogit,
2253 2314 2335 2343 cur
2365 2315 2470 2342 cum
2504 2298 2792 2342 Dahlmanno

1514 2376 1859 2437 (Forsclumgen
1876 2373 2021 2432 aufd.
2047 2374 2230 2418 Gebiete
2242 2373 2288 2414 d.
2307 2370 2571 2415 Gesclziclne
2589 2371 2682 2428 1‚p.
2703 2375 2789 2428 9⁰)

1511 2463 1772 2502 censeamus
1804 2449 2071 2501 Craterum,
2098 2446 2187 2489 seri
2215 2445 2295 2487 aevi
2320 2443 2582 2495 hominem,
2610 2441 2794 2484 decreta

1510 2537 1590 2565 sua
1611 2537 1634 2565 e
1657 2521 1899 2564 rhetorum
1920 2528 1965 2563 et
1983 2518 2312 2562 historicorum
2336 2515 2513 2573 scriptis
2538 2514 2789 2571 collegisse.

1511 2593 1650 2650 Quod
1684 2592 1852 2636 deinde
1884 2606 1936 2635 ea
1962 2591 2122 2634 attinet
2146 2604 2246 2647 quae
2273 2603 2365 2630 non
2388 2602 2443 2630 ex
2466 2594 2793 2628 monumento-

1511 2681 1617 2709 rum
1647 2663 1739 2708 fide
1760 2664 1841 2707 sed
1869 2678 1925 2707 ex
1954 2662 2225 2706 auctoritate
2255 2660 2582 2702 historicorum
2614 2657 2791 2710 attulit,

1511 2738 1649 2781 etiam
1668 2738 1713 2779 in
1732 2736 1802 2779 his
1815 2751 1911 2779 non
1932 2735 2119 2794 optimis
2138 2746 2316 2791 semper
2331 2747 2376 2774 se
2394 2729 2583 2773 testibus
2598 2728 2790 2771 addixit.

1513 2809 1568 2852 Id
1589 2808 1719 2867 quod
1741 2809 2007 2852 narratione
2031 2807 2108 2850 illa
2129 2805 2187 2849 de
2215 2802 2424 2848 Aristidis
2447 2808 2596 2844 morte
2623 2799 2705 2859 (fr.
2733 2800 2759 2842 6
2779 2799 2792 2858 )

1507 2881 1617 2934 ¹satis
1629 2881 1979 2939 comprobatur.

1743 2991 2177 3041 ΨΗΦΙΣΜΑΤΩΝ
2218 2987 2563 3036 ΣΥΝΑΙῺΙῊ.

1908 3104 1944 3146 Ε
1973 3101 2158 3146 LIBRO
2192 3100 2430 3147 TERTIO.

2140 3228 2180 3258 1.

1582 3312 1835 3371 Stephanus
1848 3312 1956 3369 Byz.
1984 3323 1994 3351 :
2016 3302 2213 3368 Καρήνη,
2228 3300 2347 3351 πόλις
2371 3297 2554 3348 Μυσίας.
2572 3295 2796 3357 Ἡρόδοτος

1518 3383 1695 3446 ἑὸδόμῃ.
1726 3382 1789 3430 Τὸ
1814 3379 1974 3428 ἐθνικὸν
2003 3375 2272 3441 Καρηναῖος,
2297 3375 2354 3425 ὡς
2381 3369 2594 3434 Κράτερος
2614 3368 2652 3428 γ’
2690 3366 2796 3428 Περὶ

1519 3455 1808 3522 ψηφισμάτων
1825 3471 1835 3482 ·
1852 3474 1870 3494 α
1893 3453 2085 3515 Γρυνεῒς,
2105 3446 2330 3496 Πιταναῒοι
2343 3480 2356 3504 ,
2382 3444 2634 3503 Καρηναῑοι.
2668 3460 2685 3478 υ
2704 3441 2796 3482 He—

1477 3513 1485 3529 *
1516 3530 1714 3574 rodotus
1736 3529 1846 3582 VII,
1870 3532 1928 3579 42
1956 3521 2146 3587 Καρίνην
2184 3522 2296 3580 (sic;
2323 3533 2415 3559 non
2441 3511 2670 3574 Καρήνην)
2697 3525 2794 3553 me—

1517 3610 1668 3645 morat
1704 3602 1751 3643 in
1788 3597 2095 3656 descriptione
2118 3593 2314 3643 itineris,
2349 3602 2443 3645 quo
2480 3587 2656 3628 Xerxes
2692 3596 2793 3623 cum

1519 3674 1724 3718 exercitu
1751 3669 1973 3716 Sardibus
1989 3666 2206 3726 Abydum
2231 3661 2392 3706 tendit.
2414 3657 2586 3703 Crateri
2608 3667 2795 3713 quoquc

1519 3747 1648 3789 locus
1693 3743 1752 3787 ad
1790 3751 2002 3800 tempora
2051 3738 2161 3781 belli
2196 3732 2362 3777 Medici
2397 3727 2685 3788 pertinuerit.
2722 3723 2789 3766 Cf.

1520 3825 1671 3860 tamen
1687 3822 1785 3857 not.
1806 3813 1865 3857 ad
1888 3813 1943 3858 fr.
1965 3827 2008 3856 2.
2033 3807 2169 3868 Apud
2191 3805 2387 3849 Plinium
2406 3802 2460 3844 H.
2486 3800 2541 3841 N.
2563 3800 2612 3849 V,
2634 3796 2678 3847 3,
2706 3810 2790 3837 122

1525 3890 1703 3933 Carene
1727 3892 1990 3930 recensetur
2016 3883 2134 3925 inter
2152 3878 2288 3921 urbes
2309 3889 2409 3932 quae
2429 3868 2757 3914 interciderint.

1472 3955 2792 3993 *de-...d-

1066 4027 1500 4076 DECRETORUM
1537 4027 1617 4074 CO
1628 4024 1900 4071 LLECTlO.

1525 4123 1564 4161 1.

213 4203 364 4242 emen&
377 4232 387 4251 2
403 4202 497 4240 ffl'bS
517 4201 666 4258 Mysiae.
687 4201 842 4242 Gentile
859 4203 1087 4250 Carenaeus,
1105 4202 1148 4240 ut
1165 4202 1350 4240 Craterus
1377 4198 1476 4237 libro
1494 4196 1610 4236 tertio
1628 4199 1685 4235 De
1702 4194 1867 4233 decretis
1888 4209 1894 4231 :
1916 4209 1931 4225 α
1946 4195 2165 4240 (ln->nenses
2185 4190 2341 4227 Pitana-i
2359 4217 2369 4234 ‚
2392 4184 2582 4225 caten-(ei.
2607 4199 2623 4215 u
