3016 4628
212 272 304 311 430

210 373 293 417 τῶν
319 366 445 415 ὅλων.
473 367 568 413 Οὐκ
598 363 688 412 ἔστι
748 365 782 411 δ’
805 362 900 411 οὔτε
925 369 1080 426 γαμεῖν
1106 361 1149 416 ἐξ
1175 362 1307 408 ἄλλου
1332 361 1473 424 γένους
1489 397 1500 419 ,

210 442 295 489 οὔτ’
320 439 587 500 ἐπιτήδευμα
618 437 708 486 οὔτ’
744 435 948 503 ἐργασίαν
985 434 1336 499 μεταλαμὸάνειν
1370 434 1505 492 ἄλλην

210 514 253 569 ἐξ
291 513 446 569 ἄλλης,
484 511 579 558 οὐδὲ
628 510 799 564 πλείους
841 508 1211 574 μεταχειρίζεσθαι
1250 506 1323 553 τὸν
1362 504 1504 562 αὐτὸν,

208 585 323 643 πλὴν
350 586 386 632 εἷ
409 587 494 630 τῶν
518 583 760 649 φιλοσόφων
780 602 843 636 τις
863 581 952 641 εἴη·
977 584 1127 629 ἐᾶσθαι
1157 579 1240 644 γὰρ
1269 582 1416 625 τοῦτον
1452 578 1506 622 δι’

210 657 386 724 ἀρετήν.

282 752 301 771 «
329 730 472 791 Apud
495 730 771 775 Strabonem
797 739 841 773 et
865 727 1130 774 Diodorum
1157 725 1305 769 tribus
1341 722 1506 782 appel-

210 807 366 849 lantur
384 801 520 865 μέρη,
541 803 668 863 apud
686 804 936 847 Arrianum
955 799 1096 861 γενεαί
1113 834 1125 858 ,
1142 799 1204 841 ita
1223 805 1276 840 ut
1294 797 1369 840 illa
1389 809 1506 838 voce

213 878 528 938 Megasthenes
542 891 648 920 usus
672 891 766 919 esse
777 875 1006 918 videatur.
1023 871 1338 931 Megasthenes
1354 877 1507 911 autem

212 966 359 1009 quum
400 949 550 994 tribus
587 947 770 992 Indicas
805 953 1063 998 enarraret,
1113 944 1163 986 in
1206 956 1263 985 eo
1311 941 1507 996 erravit,

212 1021 347 1081 quod
399 1030 447 1066 et
487 1021 645 1066 Graeca
685 1020 866 1063 ratione
901 1025 946 1060 et
1008 1016 1066 1059 ab
1116 1014 1221 1058 aula
1267 1010 1514 1071 Pat'alipu-

219 1095 336 1139 trica
358 1094 479 1138 hanc
503 1108 603 1136 rem
624 1090 933 1150 perlustravit.
965 1089 1071 1132 Sine
1093 1086 1180 1129 hac
1204 1085 1346 1128 altera
1380 1099 1515 1128 causa

215 1168 294 1210 vix
314 1164 417 1210 fieri
434 1173 644 1224 poterat,
662 1172 715 1206 ut
735 1171 909 1205 sextam
937 1169 982 1203 et
1003 1159 1245 1217 septimam
1267 1157 1441 1199 tribum
1465 1157 1515 1199 in

217 1239 355 1282 istum
374 1236 569 1281 modum
586 1242 903 1293 componeret.
922 1231 1013 1276 Sed
1036 1229 1343 1289 Megasthenis
1367 1228 1517 1282 tribus

216 1309 279 1355 ad
305 1309 486 1354 Indicas
520 1316 740 1367 quattuor
768 1318 988 1349 revocare
1023 1302 1296 1346 facillimum
1329 1310 1411 1345 est.
1446 1303 1514 1345 Ita

219 1384 345 1427 enim
366 1397 472 1426 cum
493 1382 646 1425 alteris
670 1381 822 1424 alterae
847 1385 1112 1437 congruunt
1136 1389 1148 1421 :

285 1456 444 1498 Prima
472 1454 618 1498 tribus
641 1452 917 1496 Brahmanas
940 1450 1172 1503 continet,
1191 1462 1345 1507 neque
1362 1456 1518 1492 tamen

217 1542 408 1583 omnes,
434 1524 514 1568 sed
536 1540 614 1568 eos
646 1532 849 1578 tantum,
879 1521 960 1580 qui
998 1522 1136 1565 sacris
1168 1529 1389 1579 praesunt.
1433 1521 1519 1566 Cui

222 1599 366 1643 tribui
383 1599 722 1658 Megasthenem
740 1605 908 1640 ascetas
924 1595 1036 1638 falso
1054 1593 1287 1638 addidisse
1299 1628 1312 1650 ,
1328 1603 1523 1653 apparet

222 1687 278 1715 ex
301 1672 392 1715 hoc
415 1671 601 1716 Arriani
632 1670 738 1713 loco
767 1684 778 1712 ι
810 1668 979 1713 Μοῦνον
1010 1663 1152 1729 σφίσιν
1179 1665 1366 1723 ἀνεῖται,
1398 1684 1520 1729 σοφι-

218 1740 323 1799 στὴν
340 1744 388 1789 ἐκ
411 1739 569 1792 παντὸς
583 1738 722 1803 γένεος
742 1736 954 1801 γενέσθαι.
974 1739 1079 1783 Ind.
1106 1754 1181 1794 12,
1203 1754 1250 1798 9.
1268 1739 1338 1784 Cf.
1363 1739 1520 1786 strab.

216 1832 266 1875 p.
300 1832 323 1872 7
337 1832 353 1858 1
366 1815 405 1860 3.
424 1818 583 1859 Altera
601 1815 750 1858 tribus
773 1812 1038 1872 Vaicjarum
1055 1821 1240 1871 partem
1265 1827 1430 1872 agrum
1443 1828 1522 1856 co-

218 1890 415 1944 lentem,
442 1892 582 1931 tertia
616 1889 824 1945 impuros
861 1884 1088 1943 quosdam
1126 1885 1352 1928 continet.
1397 1886 1523 1931 Man.

218 1962 279 2007 X.
305 1959 509 2020 48-49,
532 1961 714 2018 Quarta
729 1959 941 2002 homines
953 1957 1152 2002 duarum
1165 1957 1372 2001 tribuum
1391 1972 1524 2001 com-

217 2033 489 2092 prehendit,
518 2042 563 2077 et
582 2031 758 2092 Vaicjas
793 2029 947 2094 (φόρον
973 2028 1236 2091 τελοῦντας)
1271 2039 1318 2074 et
1348 2030 1526 2090 Qudras

221 2106 233 2169 (
250 2105 410 2157 ἀτελεῖς
430 2104 503 2150 καὶ
526 2102 675 2166 μισθὸν
687 2101 1146 2168 ’προσλαμὸάνοντας).
1176 2105 1352 2162 Quinta
1372 2105 1527 2150 tribus

220 2194 324 2223 cum
343 2177 504 2222 Indica
529 2179 671 2222 altera
695 2178 927 2222 convenit.
956 2179 1013 2220 In
1033 2187 1167 2221 sextu
1203 2178 1375 2221 iterum
1405 2177 1526 2221 dua—

219 2266 324 2295 rum
360 2251 567 2294 tribuum
603 2259 757 2309 partes
780 2251 1042 2294 commixtae
1067 2258 1197 2306 sunt,
1232 2259 1278 2294 et
1314 2250 1527 2311 vulgares

219 2331 519 2382 spectatores,
555 2339 672 2381 quos
709 2338 866 2383 regem
883 2323 1045 2367 Indica
1067 2324 1141 2368 lex
1167 2338 1223 2367 ex
1244 2324 1374 2367 omni
1396 2324 1523 2367 tribu

224 2397 446 2456 colligere
486 2395 622 2453 jubet
660 2395 746 2456 (cf.
792 2398 919 2440 Man.
956 2397 1070 2453 VII,
1116 2394 1231 2451 154,
1276 2405 1321 2440 et
1365 2396 1528 2440 Cullu—

221 2468 455 2513 cab’at’t’ae
486 2468 906 2530 commentarium),
927 2477 972 2513 et
995 2484 1098 2526 eos,
1123 2470 1205 2529 qui
1225 2469 1286 2514 ad
1310 2467 1531 2513 officiales

222 2540 533 2600 inspiciendos
565 2542 911 2588 emittebantur.
952 2542 1026 2587 Ad
1058 2542 1179 2586 hanc
1203 2543 1395 2586 alteram
1413 2557 1530 2601 par-

226 2621 323 2657 tem
342 2615 486 2659 solam
506 2615 739 2674 pertinere
754 2624 950 2674 possunt
971 2616 1068 2659 haec
1086 2616 1326 2660 Strabonis
1347 2615 1492 2659 verba
1513 2627 1526 2659 ε

226 2683 503 2731 καθίστανται
529 2686 564 2731 δ’
590 2687 628 2732 οἱ
647 2684 813 2752 ἄριστοι
856 2685 930 2732 καὶ
965 2685 1238 2734 πιστότατοι.
1271 2688 1527 2748 Septimam

229 2759 404 2802 tribum
451 2759 719 2804 Brahmanae
762 2761 794 2803 ii
833 2759 1064 2818 efficiunt,
1119 2777 1238 2821 quos
1281 2761 1330 2804 in
1380 2762 1533 2820 prima

230 2830 356 2873 tribu
406 2832 633 2877 collocare
683 2834 997 2894 Megasthenes
1038 2835 1209 2879 omisit.
1262 2834 1532 2879 «Schwart-

237 2903 426 2947 beckius.

817 3014 875 3058 36
912 3031 952 3060 a.

299 3118 464 3162 Strabo
483 3120 585 3176 XV,
601 3135 651 3179 p.
677 3103 765 3178 7o7
784 3125 939 3184 pergit
958 3140 969 3169 z
994 3125 1095 3172 Τῶν
1113 3123 1149 3170 δ’
1163 3122 1385 3189 ἀρχόντων
1401 3125 1439 3171 οἱ
1455 3124 1532 3185 μέν

237 3189 341 3234 εἰσιν
364 3189 636 3253 ἀγορανόμοι,
657 3193 695 3238 οἱ
713 3192 747 3238 δ’
767 3194 1013 3257 ἀστυνόμοι,
1027 3198 1065 3244 οἷ
1084 3196 1120 3243 δ’
1137 3194 1306 3244 ἐπὶτῶν
1317 3215 1530 3261 στρατιω·

237 3263 337 3306 τῶν·
357 3253 416 3307 ῶν
434 3263 471 3307 οἱ
492 3260 567 3322 μὲν
581 3264 795 3326 ποταμοὺς
815 3265 1127 3331 ἐξεργάζονται,
1150 3268 1225 3316 καὶ
1241 3271 1532 3335 ἀναμετροῦσι

239 3398 280 3435 et
303 3397 557 3447 magistratus
583 3401 622 3438 et
645 3400 792 3450 judicia
820 3407 858 3443 et
883 3416 1014 3445 rerum
1041 3408 1221 3447 omnium
1252 3408 1541 3452 administratio

241 3461 400 3509 geritur.
427 3464 514 3502 Non
537 3463 628 3503 lieet
647 3476 694 3503 ex
719 3467 795 3506 alio
822 3479 961 3518 genere
983 3471 1025 3521 in
1040 3472 1146 3512 aliud
1167 3474 1423 3513 matrimonio
1440 3485 1535 3513 con-

245 3526 438 3564 trahendo
455 3528 641 3578 transire,
669 3533 737 3570 aut
752 3532 802 3571 ab
830 3536 945 3574 unius
972 3538 1125 3586 generis
1151 3539 1344 3579 institutis
1370 3539 1422 3578 ad
1441 3539 1543 3579 alius

244 3589 502 3640 descendet-m
520 3602 647 3641 neque
674 3593 789 3634 simul
809 3598 1046 3646 pluribusse
1073 3601 1168 3642 dare
1194 3602 1439 3654 tractandiS,
1466 3603 1541 3643 nisi

246 3652 503 3704 philosophus
518 3655 607 3704 quis
621 3657 690 3705 sit;
710 3657 801 3697 huie
818 3660 919 3700 enim
941 3663 992 3701 ob
1014 3664 1202 3706 virtutem
1219 3666 1463 3707 conceditur.

816 3729 886 3769 36.
926 3739 967 3771 a.

301 3783 357 3820 De
386 3782 677 3833 magistratibus
706 3785 770 3824 alii
800 3798 994 3839 annonae,
1016 3791 1082 3831 alil
1111 3794 1222 3845 urbi,
1251 3795 1316 3835 alii
1348 3783 1541 3836 militibus

253 3849 442 3896 praesunt.
504 3852 656 3889 norum
685 3851 802 3902 primi
833 3858 974 3894 curant
1000 3855 1188 3909 ssumlna,
1209 3861 1274 3900 alii
1293 3872 1432 3911 agrum
1455 3872 1535 3901 me·

253 3911 425 3960 tiuntur,
445 3914 489 3952 ut
515 3913 554 3952 in
571 3916 760 3965 Aegypto,
781 3917 820 3955 et
847 3918 987 3958 clausis
1005 3931 1119 3970 aquae
1138 3922 1324 3965 ductibus
1343 3926 1540 3976 praesunt,

253 3975 296 4014 ut
325 3985 374 4013 ex
403 3985 520 4026 oequo
542 3977 727 4017 omnibus
766 3989 960 4029 aquarum
991 3994 1086 4022 usus
1121 3987 1357 4036 suppeditet.
1415 3988 1540 4029 iidem

255 4039 488 4078 venatorum
505 4050 642 4080 euram
659 4044 815 4092 gerunt,
834 4045 873 4082 et
889 4046 1038 4094 praemii
1055 4049 1094 4086 et
1110 4049 1290 4099 supplicii
1307 4062 1376 4101 pro
1390 4052 1545 4092 meritis

255 4103 489 4151 potestatem
521 4104 689 4152 liabent,
722 4107 762 4145 et
790 4106 939 4147 tributa
963 4109 1096 4159 legunt
1126 4113 1167 4150 et
1199 4115 1303 4152 artes
1333 4115 1546 4165 inspiciunt

262 4177 355 4216 qum
372 4168 476 4206 eirca
493 4170 639 4208 terram
653 4174 903 4222 exercentur,
920 4175 966 4212 ut
978 4184 1115 4214 eorum
1129 4176 1198 4225 qui
1212 4177 1313 4226 ligna
1326 4181 1388 4218 vel
1401 4180 1544 4220 domos

259 4230 320 4269 vol
339 4241 393 4269 ωε
411 4232 470 4270 vel
493 4234 650 4273 metalla
669 4240 896 4285 operantur.
927 4237 1152 4280 conficiunt
1171 4241 1290 4280 etiam
1308 4242 1391 4282 vias
1418 4246 1457 4284 et
1478 4255 1546 4295 per

1338 251 1783 303 MEGASTHEMS

1583 362 1660 418 τὴν
1673 364 1776 422 γῆν,
1794 361 1848 410 ὡς
1877 359 1920 404 ἐν
1953 347 2187 419 Λῖγύπτῳ,
2214 355 2287 401 καὶ
2313 355 2384 409 τὰς
2411 357 2611 413 κλειστὰς
2643 358 2858 426 διώρυχας
2912 379 2915 382 ·

1586 432 1657 497 ἀφ’
1688 424 1745 477 ὧν
1772 431 1829 483 εἰς
1852 424 1928 482 τὰξ
1959 428 2152 493 ὀχετείας
2181 428 2432 490 ταμιεύεται
2467 429 2516 477 τὸ
2546 429 2688 497 ὕδωρ-ι,
2714 431 2890 481 ἐπισκο-

1583 508 1734 550 ποῦσιν
1752 501 1866 555 ὅπως
1888 499 1930 555 ἐξ
1946 500 2044 558 ἴσης
2055 507 2188 546 πᾶσιν
2209 503 2236 557 ἡ
2259 503 2344 548 τῶν
2367 501 2532 549 ὑδάτων
2546 505 2707 569 παρείη
2726 509 2894 571 χρῆσις.

1628 579 1642 623 ἱ
1669 576 1704 622 δ’
1731 574 1853 622 αὐτοὶ
1869 573 1942 620 καὶ
1959 577 2043 620 τῶν
2078 577 2293 638 θηρευτῶν
2319 576 2645 637 ἐπιμελοῦνται,
2662 578 2736 630 καὶ
2762 583 2893 643 τιμῆς

1584 648 1656 696 καὶ
1673 647 1890 700 κολάσεως
1913 645 1995 693 εἶσὶ
2019 646 2157 712 κύριοι
2175 650 2260 701 τοῖς
2280 647 2484 704 ἐπαξίοις·
2509 648 2583 697 καὶ
2601 652 2878 716 φορολογοῦσι

1587 719 1655 779 δὲ,
1697 719 1771 767 καὶ
1801 718 1878 772 τὰς
1912 720 2066 784 τέχνας
2103 718 2179 772 τὰς
2212 719 2313 785 περὶ
2345 720 2423 779 τὴν
2453 725 2535 785 γῆν
2575 719 2922 784 ἐπιὸλέπουσιν,

1588 792 1825 854 ὑλοτόμων,
1843 792 2071 851 τεκτόνων,
2082 791 2302 856 χαλκέων,
2319 811 2427 855 μετα
2435 789 2637 842 λλευτῶν·
2653 796 2897 847 ὃδοποιοῦσι

1588 865 1649 925 δὲ,
1670 866 1744 914 καὶ
1755 865 1869 912 κατὰ
1886 865 1988 912 δέκα
2015 866 2170 913 στάδια
2194 865 2358 924 στήλην
2375 865 2565 928 τιθέασι,
2589 866 2666 923 τὰς
2686 864 2898 935 ἐκτροπὰς

1589 938 1663 985 καὶ
1679 938 1734 985 τὰ
1762 937 2039 999 διαστήματα
2064 940 2295 996 δηλοῦσαν.
2323 939 2380 987 Οἱ
2417 940 2454 987 δ’
2491 941 2726 1004 ἀστυνόμοι
2760 944 2820 996 εἷς
2852 940 2896 998 ἓξ

1591 1010 2062 1076 πεντάδαςδιῄρηνται·
2088 1011 2165 1059 καὶ
2183 1014 2221 1060 οἱ
2240 1010 2318 1074 μὲν
2337 1011 2392 1060 τὰ
2411 1012 2699 1079 δημιουργικὰ
2716 1019 2900 1064 σκοποῦ-

1591 1103 1673 1142 σιν,
1698 1087 1737 1132 ot
1770 1084 1814 1131 δὲ
1838 1083 2142 1149 ξενοδοχοῦσιν·
2178 1085 2253 1132 καὶ
2288 1085 2371 1151 γὰρ
2407 1086 2668 1150 καταγωγὰς
2691 1085 2894 1151 νέμουσι,

1592 1157 1667 1204 καὶ
1709 1158 1797 1211 τοῖς
1845 1157 1952 1221 βίοις
1999 1157 2374 1221 παρακολουθοῦσι
2399 1195 2413 1217 ,
2459 1158 2698 1226 παρέδρους
2734 1160 2899 1216 δόντες·

1593 1229 1668 1277 καὶ
1684 1229 2013 1295 προπέμπουσιν
2029 1229 2056 1288 ἢ
2079 1229 2232 1284 αὐτοὺς
2244 1266 2258 1292 ,
2277 1227 2305 1288 ἢ
2326 1230 2381 1277 τὰ
2399 1230 2610 1296 χρήματα
2633 1234 2718 1279 τῶν
2732 1233 2902 1280 ἀποθα-

1593 1302 1772 1349 νόντων·
1817 1301 2054 1349 νοσούντων
2093 1322 2140 1349 τε
2175 1303 2508 1365 ἐπιμελοῦνται,
2554 1303 2629 1350 καὶ
2663 1303 2900 1354 ἀποθανόν-
2932 1329 2935 1334 r

1595 1395 1670 1429 τας
1710 1375 1939 1424 θάπτουσι.
2010 1377 2052 1423 Τ
2056 1375 2162 1440 ρ’ίτοι
2198 1376 2235 1422 δ’
2277 1374 2398 1435 εἰσὶν,
2431 1374 2473 1423 οἳ
2505 1373 2580 1430 τὰς
2607 1376 2794 1439 γενέσεις
2825 1371 2923 1425 καῖ’

1596 1448 1802 1503 θανάτους
1845 1448 2117 1510 ἐξετάζουσι,
2151 1447 2255 1495 πότε
2296 1447 2371 1496 καὶ
2407 1451 2520 1507 πῶς,
2558 1452 2644 1497 τῶν
2680 1470 2726 1498 τε
2761 1451 2902 1518 φόρων
2934 1450 2935 1453 ’

1595 1521 1740 1586 χάριν,
1762 1520 1837 1568 καὶ
1866 1520 1982 1575 ὅπως
2007 1520 2069 1585 μὴ
2096 1523 2271 1588 ἀφανεῖς
2298 1514 2381 1568 εἶεν
2406 1523 2450 1569 αἱ
2475 1523 2692 1588 κρείττους
2709 1523 2784 1572 καὶ
2807 1524 2901 1589 χεί-
2932 1523 2933 1526 ’

1599 1613 1695 1654 ρους
1729 1593 1880 1657 γοναὶ,
1904 1593 1978 1641 καὶ
2001 1593 2193 1643 θάνατοι.
2231 1594 2445 1659 Τέταρτοι
2464 1596 2503 1642 οἱ
2526 1595 2625 1660 περὶ
2649 1594 2726 1651 τὰς
2758 1615 2904 1656 καπη-
2975 1645 2978 1659 ,ἱ

1597 1666 1715 1715 λείας
1739 1666 1814 1713 καὶ
1837 1666 2102 1730 μεταὸολάς·
2122 1659 2183 1721 οἷς
2204 1666 2368 1730 μέτρων
2387 1665 2510 1730 μέλει
2526 1667 2600 1715 καὶ
2616 1671 2701 1716 τῶν
2718 1669 2904 1735 ὡραίων,
2934 1679 2938 1726 J
2976 1675 2979 1697 ί

1598 1739 1714 1793 ὅπως
1739 1738 1824 1786 ἀπὸ
1849 1739 2075 1803 συσσήμου
2103 1742 2308 1790 πωλοῖτο.
2342 1741 2438 1788 Οὖκ
2473 1743 2564 1788 ἔστι
2595 1739 2641 1789 δὲ
2665 1741 2803 1789 πλείω
2831 1742 2903 1790 τὸν
2936 1751 2937 1758 ’

1601 1810 1730 1858 αὐτὸν
1753 1812 2132 1873 μεταὸάλλεσθαι,
2167 1810 2280 1871 πλὴν
2306 1814 2342 1860 εἷ
2368 1811 2533 1867 διττοὺς
2568 1814 2797 1874 ὖποτελοίη
2829 1817 2904 1880 φό-
2936 1807 2937 1810 ¹

1601 1903 1712 1948 ρους.
1738 1883 1944 1946 Πέμπτοι
1963 1886 2002 1932 δ’
2026 1887 2064 1932 οἳ
2087 1888 2353 1950 προεστῶτες
2372 1889 2456 1933 τῶν
2481 1886 2905 1952 δημιουργουμένων,

1600 1956 1676 2003 καὶ
1709 1960 1951 2011 πωλοῦντες
1980 1961 2120 2005 ταῦτα
2158 1957 2244 2020 ἀπὸ
2283 1957 2539 2021 συσσήμου,
2572 1958 2706 2023 χωρὶς
2738 1958 2816 2021 μὲν
2850 1958 2913 2008 τὸ
2980 2018 2981 2021 ¹

1601 2028 1757 2092 καινὰ,
1797 2030 1929 2095 χωρὶς
1956 2028 2002 2077 δὲ
2029 2029 2084 2076 τὰ
2120 2027 2307 2077 :caland-
2339 2031 2401 2094 τῷ
2437 2028 2635 2093 μιγνύντι
2670 2029 2717 2078 δὲ
2751 2030 2906 2096 ζημία.
2984 2032 2987 2033 ’

1600 2101 1757 2148 υΕκτοι
1793 2101 1838 2149 δὲ
1862 2101 1938 2149 καὶ
1965 2100 2140 2149 ὕστατοι
2165 2103 2203 2149 οἱ
2235 2100 2311 2156 τὰς
2340 2100 2523 2156 δεκάτας
2547 2102 2792 2167 ἐκλέγοντες
2819 2105 2906 2153 τῶν

1602 2173 1908 2237 πωλουμένων·
1937 2174 2115 2229 θάνατος
2143 2174 2188 2222 δὲ
2217 2177 2281 2241 τῷ
2308 2174 2516 2242 κλέψαντι
2550 2177 2600 2223 τὸ
2629 2175 2765 2231 τέλος.
2797 2176 2907 2244 Ἰδία

1605 2248 1681 2311 μὲν
1725 2247 1901 2296 ἕκαστοι
1939 2253 2105 2308 ταῦτα,
2143 2252 2264 2313 κοινῇ
2316 2249 2352 2296 δ’
2391 2249 2696 2311 ἐπιμελοῦνται
2735 2251 2822 2298 τῶν
2859 2269 2907 2301 τε

1605 2320 1724 2368 ἰδίων
1773 2321 1847 2368 καὶ
1896 2323 1983 2368 τῶν
2038 2322 2272 2368 πολιτικῶν
2316 2320 2390 2368 καὶ
2431 2324 2506 2379 τῆς
2556 2323 2640 2369 τῶν
2685 2321 2905 2385 δημοσίων

1607 2397 1838 2451 ἐπισκευῆς
1857 2396 1992 2457 τιμῶν
2013 2413 2059 2441 τε
2083 2394 2156 2442 καὶ
2175 2397 2331 2459 ἀγορᾶς
2354 2393 2428 2441 καὶ
2447 2393 2650 2458 λιμένων,
2668 2394 2743 2442 καὶ
2760 2396 2906 2463 ἱερῶν.

1672 2467 1798 2516 Μετὰ
1816 2467 1861 2514 δὲ
1877 2465 1973 2521 τοὺς
1993 2466 2258 2529 ἀστυνόμους
2274 2467 2395 2532 τρίτη
2415 2466 2504 2515 ἐστὶ
2521 2465 2734 2533 συναρχία
2748 2466 2849 2525 ἠπε
2862 2464 2904 2532 pi

1606 2539 1673 2588 τὰ
1712 2539 2113 2615 στρατιωτικὰ,
2157 2539 2231 2587 καὶ
2265 2538 2379 2599 αὕτη,
2414 2540 2507 2593 ταῖς
2545 2540 2748 2588 πεντάσιν
2773 2538 2907 2606 ἑξαχῇ

1609 2612 1894 2680 διωρισμένη·
1915 2617 1974 2660 ὡν
1999 2612 2090 2671 τὴν
2118 2613 2209 2676 μὲν
2232 2612 2341 2676 μετὰ
2359 2618 2433 2660 τοῦ
2451 2611 2668 2679 ναυάρχου
2685 2611 2906 2672 τάττουσι,

1607 2688 1700 2745 τὴν
1727 2686 1781 2734 δὲ
1807 2684 1918 2750 μετὰ
1950 2691 2022 2734 τοῦ
2049 2685 2121 2734 ἐπὶ
2148 2690 2232 2734 τῶν
2260 2689 2418 2752 βοϊκῶν
2447 2689 2622 2750 ζευγῶν,
2657 2686 2712 2734 δι’
2739 2678 2800 2735 ὧν
2834 2684 2908 2751 ὅρ-

1607 2778 1719 2821 γανα
1743 2761 1966 2815 κομίζεται
1990 2758 2064 2806 καὶ
2102 2757 2238 2825 τροφὴ
2263 2761 2406 2813 αὐτοῖς
2428 2778 2476 2806 τε
2514 2759 2588 2808 καὶ
2623 2765 2710 2813 τοῖς
2732 2757 2907 2816 κτήνεσι

1609 2831 1684 2879 καὶ
1704 2831 1759 2879 τὰ
1782 2831 1979 2897 χρήσιμα
2003 2835 2078 2888 τ’ῆς
2098 2831 2343 2896 στρατείας,
2371 2824 2504 2880 Οῧτοι
2527 2830 2572 2878 δὲ
2597 2831 2671 2880 καὶ
2696 2830 2795 2885 τοὺς
2815 2831 2908 2878 δια-

1609 2904 1756 2959 κόνους
1788 2905 2027 2970 παρέχουσι
2062 2902 2364 2966 τυμπανιστὰς
2387 2903 2462 2951 καὶ
2489 2902 2614 2966 (τοὺς)
2649 2901 2909 2968 κωδωνοφό-
2992 2959 2995 2963 ρ

1611 2997 1737 3043 ρους,
1765 2977 1828 3025 ἔτι
1854 2976 1899 3025 δὲ
1934 2976 2010 3024 καὶ
2050 2975 2318 3038 ἱπποκόμους
2356 2976 2431 3023 καὶ
2477 2974 2796 3040 μηχανοποιοὺς
2835 2975 2909 3023 καὶ
2965 3022 2967 3024 ,

1608 3050 1703 3104 τοὺς
1743 3050 1902 3098 τούτων
1932 3049 2170 3114 ὑπηρέτας·
2202 3048 2475 3112 ἐκπέμπουσί
2497 3067 2542 3096 τε
2567 3047 2671 3115 πρὸς
2709 3049 2910 3111 κώδωνας

1607 3122 1703 3177 τοὺς
1747 3122 2049 3188 χορτολόγους,
2093 3125 2200 3187 τιμῇ
2238 3120 2313 3169 καὶ
2356 3121 2534 3169 κολάσει
2578 3122 2627 3168 τὸ
2660 3120 2792 3186 τάχος
2824 3140 2911 3183 και-

1607 3195 1971 3259 τασκευαζόμενοι
2005 3194 2081 3243 καὶ
2117 3193 2195 3252 τὴν
2231 3194 2486 3260 ἀσφάλειαν.
2517 3191 2711 3255 Τρίτοι
2736 3191 2783 3240 δέ
2806 3194 2910 3241 εἶσιν

1609 3271 1648 3317 οἵ
1682 3271 1766 3315 τῶν
1805 3271 1944 3325 πεζῶν
1989 3268 2345 3331 ἐπιμελούμενοι·
2380 3266 2641 3332 τέταρτοι
2681 3265 2717 3314 δ’
2753 3267 2792 3315 οἱ
2829 3261 2912 3313 τῶν
2946 3288 2949 3290 ·

2952 454 2974 1077 mww....„„-s-,-„‚.r--m—-f-.-wa·-·v··!r-·v·nrvz:⁷”·‘¹“¹
2951 408 2961 445 ”””
2959 349 2962 357 ’

2975 1661 2980 1673 ,.
2973 1575 2978 1630 μή..
2964 1084 2981 1557 ὴΝ-«.«,”-μ-ψην-νητωπ-“ηντ·*’“”“””“·”’”“

1613 3408 1713 3449 dena
1723 3408 1850 3449 stadia
1858 3409 2029 3460 lapidem
2041 3408 2178 3448 locant
2187 3407 2432 3448 deverticula
2443 3408 2484 3447 et
2502 3405 2709 3446 distantias
2722 3402 2911 3445 indican-

1615 3475 1712 3514 tem.
2623 3499 2625 3501 ,
2859 3497 2861 3502 Α
2896 3506 2902 3510 ι

1666 3537 1818 3577 Urbani
1837 3536 1971 3577 aediles
1989 3537 2030 3576 in
2049 3547 2119 3576 sex
2135 3535 2435 3587 quinterniones
2461 3536 2556 3575 sunt
2577 3533 2707 3574 divisi.
2724 3535 2826 3574 Nam
2842 3530 2910 3573 ulii

1614 3602 1771 3653 opilieia
1797 3601 2032 3652 inspiciunt,
2068 3600 2135 3640 alii
2161 3600 2361 3651 hospitum
2392 3598 2714 3651 procurationem
2741 3595 2911 3647 gerunt,
2937 3623 2940 3627 -

1616 3666 1785 3715 hospitia
1819 3665 1867 3705 iis
1896 3664 2162 3714 distribuunt,
2194 3666 2236 3704 et
2267 3663 2393 3703 vitam
2421 3673 2562 3720 eorum
2594 3660 2834 3710 observant,
2871 3659 2913 3700 ot

1615 3731 1783 3771 asseclas
1806 3730 1853 3769 iis
1872 3728 1992 3778 dant,
2015 3729 2056 3767 et
2074 3727 2276 3767 deducunt
2294 3727 2358 3767 vel
2376 3724 2481 3776 ipsos
2499 3726 2590 3774 vel,
2609 3724 2640 3764 si
2674 3723 2914 3774 moriantur,-

1614 3806 1708 3846 opes
1717 3804 1868 3833 eorum.
1881 3791 2172 3842 AEgrotantium
2188 3800 2350 3841 quoque
2361 3800 2501 3829 curam
2517 3789 2664 3830 habent
2678 3789 2720 3828 et
2733 3788 2912 3828 mortuos

1615 3859 1823 3911 sepeliunt.
1876 3856 2000 3900 Tertii
2014 3856 2109 3897 sunt
2123 3854 2194 3906 qui
2208 3856 2322 3895 ortus
2336 3859 2376 3895 et
2394 3854 2550 3895 obitum
2566 3854 2713 3894 civium
2732 3853 2896 3894 scruta!
2912 3871 2918 3880 ν

1614 3925 1696 3973 tur,
1724 3920 1883 3973 quando
1903 3921 1943 3960 et
1961 3919 2162 3970 quomodo
2177 3920 2403 3969 evenerint;
2421 3918 2539 3969 idque
2557 3917 2804 3958 tributorum
2818 3925 2889 3967 gra
2914 3911 2919 3945 ὲ

1614 3987 1672 4026 tia
1686 4016 1698 4036 ,
1750 3987 1792 4026 et
1817 3996 1867 4026 ne
1886 3983 1979 4027 boni
1995 3982 2142 4024 malive
2156 3982 2342 4024 nativitas
2359 3985 2400 4023 et
2423 3994 2532 4023 mors
2550 3982 2714 4023 lateant.
2769 3982 2880 4028 Quar
2894 3986 2930 4010 -ι

1617 4051 1722 4090 circa
1741 4060 1942 4101 cauponas
1967 4050 2008 4089 et
2022 4047 2263 4088 commercia
2285 4049 2509 4088 versantur.
2563 4046 2611 4087 Hi
2631 4054 2866 4086 mensuram
2880 4051 2893 4078 ι’
2914 4036 2922 4082 s

1619 4117 2008 4167 frugumqueouram
2023 4114 2172 4155 habent
2185 4143 2197 4163 ,
2222 4114 2268 4154 ut
2283 4113 2511 4164 consignata
2526 4112 2766 4161 vendantur,
2782 4121 2859 4161 neq

1617 4183 1748 4222 sinant
1768 4181 1938 4221 eundem
1959 4181 2072 4231 plura
2086 4181 2334 4220 commutare
2346 4179 2446 4228 ,nisi
2462 4178 2611 4229 duplex
2629 4175 2796 4228 vectigal
2821 4186 2869 4226 pe

1617 4246 1757 4286 solvat.
1813 4245 1951 4292 Quinti
1982 4244 2166 4295 operibus
2193 4243 2369 4283 locandis
2399 4244 2599 4294 praesunt,
2630 4251 2677 4282 ea
2706 4235 2938 4290 obsignati?
