3016 4628
50 2887 55 2897 —
35 2658 76 2878 amu.
29 2406 69 2653 ῥμὲἑιᾘπὲ».
32 2354 63 2398 2⁵:352
24 2221 68 2348 assas
25 1980 65 2215 ‹Mi-‘Gim-
37 1964 61 1973 -2

1287 260 1699 336 FRAGMENTA.

763 415 830 459 Ν6.

206 536 359 596 'Idem
395 550 404 578 ε
431 528 760 590 Ιύναικόπολις,
786 527 907 580 πόλις
932 525 1167 574 Φοινίκων.
1198 526 1253 574 ‘O
1278 525 1454 582 πολίτης

122 651 131 658 ,
164 604 544 662 Γυναικοπολίτης.
564 598 694 650 Ἔστι
714 597 788 647 καὶ
812 597 922 657 ἄλλη
944 595 1180 661 Αἰγύπτου.
1206 592 1454 661 Ἀρισταγό-

164 697 238 743 ρας
257 677 301 724 δὲ
316 713 328 735 ,
353 679 398 724 οὐ
419 676 567 740 πολλῷ
585 672 788 736 νεώτερος
814 669 1070 727 Πλάτωνος,
1087 668 1215 735 φησιν
1233 667 1297 716 ὅτι
1321 665 1454 721 οὕτως

161 748 390 811 ὠνομάσθη
417 744 486 794 διὰ
510 746 621 811 τρεῖς
642 742 806 797 αἰτίας·
835 739 862 799 ἢ
884 742 948 789 ὅτι
973 739 1192 804 πολεμίων
1222 739 1454 788 ἐπιπεσόν-

159 841 245 868 των
273 817 445 868 καὶτῶν
463 814 625 883 ἀνδρῶν
645 819 688 864 ἐν
705 813 931 880 γεωργίαις
948 813 1144 862 ἀπόντων
1160 811 1234 868 τὰς
1252 815 1456 876 γυναῖκας

161 894 376 958 κρατῆσαι
395 889 467 938 τοῦ
485 890 692 952 πολέμου·
713 888 741 946 ἢ
766 887 831 934 ὅτι
853 885 959 951 γυνή
984 907 1046 940 τις
1067 884 1311 951 νομάρχου,
1332 905 1454 950 περι-

164 962 402 1026 σπωμένων
428 964 512 1009 τῶν
542 961 708 1008 παίδων
733 960 865 1018 αὖτ’ἧς
886 957 968 1005 ὑπὸ
1004 963 1077 1006 τοῦ
1105 957 1340 1023 βασιλέως,
1363 955 1456 1019 ἅμα

161 1032 248 1088 τοῖς
283 1032 433 1082 παισὶν
454 1032 734 1096 -ὃπλισαμένη
773 1029 1003 1086 κατεδίωξε
1041 1030 1113 1078 τὸν
1152 1029 1358 1095 βασιλέα,
1382 1030 1457 1078 καὶ

40 1099 43 1102 ’
83 1149 86 1152 ,
162 1104 348 1164 ἐνίκησε·
375 1106 403 1164 ἢ
425 1102 489 1152 ὅτι
512 1107 596 1152 τῶν
617 1107 927 1170 Ναυκρατιτῶν
954 1104 1252 1150 ἀναπλεόντων
1276 1102 1348 1150 τὸν
1376 1122 1457 1149 πο-

161 1177 298 1242 ταμὸν
311 1178 385 1227 καὶ
402 1177 686 1242 κωλυομένων
705 1176 788 1224 ὑπὸ
807 1176 890 1224 τῶν
904 1177 1065 1224 λοιπῶν
1081 1175 1328 1239 Αἰγυπτίων
1349 1177 1457 1222 ἀπο-

164 1243 340 1309 ὅαίνειν,
366 1243 481 1298 οὗτοι
505 1247 854 1312 καταπλαγέντες
874 1248 957 1296 ὑπὸ
983 1245 1209 1313 ἀνανδρίας
1236 1250 1283 1295 οὗ
1306 1245 1457 1295 διεκώ-

162 1324 311 1372 λυσαν.
338 1322 491 1372 Taum
512 1323 587 1371 καὶ
607 1320 918 1388 Ἀρτεμίδωρός
941 1340 1088 1386 φησιν.
1109 1323 1460 1383 Gynaecopolim

164 1397 270 1460 AEg.
295 1398 462 1467 Strabo
493 1414 683 1459 quoque
704 1406 934 1442 memorat
955 1413 1005 1460 p.
1032 1395 1143 1440 803.

794 1528 839 1569 7.

230 1629 467 1674 Plutarch.
490 1631 560 1674 De
585 1630 642 1672 Is.
667 1636 711 1671 et
728 1628 800 1672 Os.
825 1643 866 1671 c.
897 1624 941 1683 5,
963 1641 1013 1685 p.
1043 1625 1132 1678 431
1154 1622 1266 1669 Did.
1295 1638 1306 1670 ε
1335 1625 1392 1670 Οἱ
1417 1622 1461 1668 δὲ

164 1701 291 1766 ἱερεῖς
303 1698 414 1746 οὕτω
427 1697 751 1763 δυσχεραίνουσι
763 1695 840 1754 τὴν
857 1699 941 1744 τῶν
957 1694 1298 1760 περιττωμάτων
1319 1694 1461 1759 φύσιν,

165 1772 277 1820 ὥστε
313 1771 373 1834 μὴ
399 1770 526 1833 μόνον
550 1770 855 1835 παραιτεῖσθαι
878 1771 962 1816 τῶν
993 1767 1182 1833 ὀσπρίων
1208 1767 1261 1815 τὰ
1296 1767 1462 1830 πολλὰ,

166 1843 241 1893 καὶ
264 1847 348 1891 τῶν
380 1846 514 1908 κρεῶν
539 1840 592 1890 τὰ
619 1843 778 1904 μήλεια
802 1841 877 1888 καὶ
913 1841 1030 1900 ὕεια,
1061 1840 1227 1899 πολλὴν
1257 1846 1461 1888 ποιοῦντα

165 1916 437 1983 περίττωσιν,
473 1914 586 1962 ἀλλὰ
618 1915 691 1962 καὶ
724 1914 821 1969 τοὺς
849 1914 957 1969 ἅλας
990 1918 1075 1962 τῶν
1115 1914 1260 1962 σιτίων
1293 1916 1336 1961 ἐν
1371 1921 1464 1968 ταῖς

167 1987 355 2052 ἁγνείαις
379 1989 575 2054 ἀφαιρεῖν
590 2007 602 2017 ·
630 1983 764 2041 ἄλλας
785 2005 832 2034 τε
856 1986 1057 2041 πλείονας
1085 1984 1224 2052 αἷτίας
1259 1985 1461 2051 ἔχοντας,

166 2060 241 2107 καὶ
257 2059 568 2126 ποτικωτέρους
579 2059 654 2107 καὶ
670 2058 1017 2125 βρωτικωτέρους
1029 2066 1166 2107 ποιεῖν
1184 2059 1466 2123 ἐπιθήγοντας

166 2131 244 2191 τὴν
281 2133 435 2198 ὄρεξιν,
469 2133 532 2182 Τὸ
557 2132 666 2198 γὰρ,
693 2136 752 2187 ὡς
790 2131 1098 2198 Ἀρισταγόρας
1132 2131 1277 2195 ἔλεγε,
1312 2129 1381 2179 διὰ
1418 2130 1465 2178 τὸ

167 2206 454 2271 πηγνυμένοις
483 2205 626 2254 πολλὰ
659 2209 745 2253 τῶν
781 2209 946 2270 μικρῶν
979 2205 1100 2271 ζῴων
1129 2204 1464 2262 ἐναποθνήσκειν

172 2279 435 2343 ἁλισκόμενα
458 2277 521 2343 μὴ
548 2279 760 2345 καθαροὺς
778 2279 1021 2343 λογίζεσθαι
1043 2275 1138 2331 τοὺς
1172 2279 1299 2337 ἅλας,
1321 2278 1466 2336 εὔηθές

171 2355 280 2402 ἐστι.

793 2425 840 2470 8.

237 2531 440 2582 AElianus
460 2532 518 2581 N.
538 2534 628 2582 An.
649 2531 740 2595 XI,
763 2547 820 2579 10
840 2551 850 2579 ε
875 2529 1048 2594 Σημεῖα
1067 2529 1111 2578 δὲ
1133 2534 1260 2580 αὐτοῦ
1280 2533 1468 2594 (Apidis

171 2608 314 2669 tauri)
351 2611 425 2663 καὶ
448 2605 728 2671 γνωρίσματα
759 2605 877 2670 λέγει
913 2604 990 2668 μὲν
1033 2603 1106 2653 καὶ
1131 2603 1358 2670 Ἡρόδοτος
1393 2604 1467 2652 καὶ

156 2676 490 2745 Ἀρισταγόρας·
518 2681 600 2743 οὐχ
627 2681 884 2742 ὁμολογοῦσι
903 2677 947 2725 δὲ
973 2678 1118 2732 αὐτοῖς
1144 2675 1389 2742 Αἰγύπτιοι.

240 2749 468 2816 Ἡρόδοτος
491 2769 502 2798 z
530 2773 549 2792 «ι
570 2768 740 2813 nempe
758 2754 848 2810 ΙΙΙ,
868 2753 927 2798 28
940 2788 952 2810 ‚
969 2770 1108 2813 quem
1125 2754 1281 2797 locum
1301 2764 1357 2798 ex
1376 2763 1469 2799 sta-

175 2827 264 2870 tuis
286 2832 331 2870 et
361 2826 499 2886 signis
523 2825 844 2888 superstitibus
868 2826 1114 2870 illustravit
1141 2827 1322 2885 Caylus.
1357 2828 1464 2871 Rec.

172 2899 363 2943 d’AntJ
376 2898 436 2942 ad
450 2898 540 2943 tab.
560 2911 633 2946 12.
647 2898 716 2944 Cf.
736 2899 1010 2958 Jahlonsky.
1025 2897 1190 2945 Panth.
1206 2898 1270 2955 ΙΙ,
1286 2914 1335 2958 Ρ.
1357 2898 1464 2955 1833

173 2967 444 3030 wesseling.
461 2966 522 3014 ad
532 2969 734 3016 Diodor.
753 2968 792 3026 I,
805 2968 884 3015 85.
905 2992 920 3009 »ι
932 2969 1116 3017 Jacobs.
1133 2966 1267 3015 Adde
1283 2970 1468 3015 Creuze-

175 3051 280 3086 rum
301 3041 608 3087 Commentat.
637 3038 868 3088 Herodot.
895 3059 943 3103 p.
975 3042 1063 3088 132
1101 3058 1204 3103 sqq.
1244 3041 1465 3104 (Excurs.

175 3113 235 3158 ad
254 3116 366 3158 Her.
393 3115 426 3158 l.
453 3115 485 3161 l.
511 3114 587 3162 ed.
607 3116 754 3164 Baehr.
778 3121 895 3161 tom.
921 3117 994 3177 ΙΙ,
1017 3132 1067 3176 p.
1090 3112 1213 3178 640)
1235 3124 1282 3160 et
1301 3116 1382 3174 qui
1406 3116 1471 3159 ibi

174 3185 442 3232 laudantur.

809 3415 852 3454 6.

228 3505 524 3555 Gynaecopolis,
545 3505 641 3544 urbs
658 3506 910 3548 Phoenicum.
936 3508 1044 3547 Civis
1067 3507 1379 3557 Gynaecopolita.
1408 3509 1474 3547 Est

50 3582 57 3622 ζ
94 3554 105 3584 ’·
176 3570 299 3612 etiam
317 3571 395 3612 alia
413 3572 500 3622 ej'us
526 3573 699 3619 nominis
727 3575 822 3614 urbs
849 3575 1027 3626 AEgypti‚
1057 3575 1172 3625 cujus
1201 3575 1475 3625 appellationis

179 3638 444 3690 Aristagoras,
462 3639 627 3680 Platone
648 3642 783 3692 paullo
799 3641 948 3692 junior,
967 3643 1048 3682 tres
1074 3643 1190 3682 affert
1217 3652 1371 3681 causas,
1395 3642 1475 3680 Aut

180 3705 284 3746 enim
311 3717 458 3750 nomen
483 3707 589 3747 istud
614 3709 772 3748 nactam
800 3719 885 3748 esse
904 3711 1133 3760 propterea,
1161 3709 1270 3760 quod
1297 3709 1475 3748 hostibus

180 3783 268 3815 eam
298 3774 614 3825 aggredientibus
636 3775 735 3815 dum
757 3776 832 3816 viri
858 3776 897 3816 in
925 3778 1027 3828 agris
1054 3777 1260 3827 abessent,
1288 3777 1474 3816 mulieres

181 3851 308 3893 pugna
334 3842 554 3892 superiores
579 3846 816 3895 evasissent3
837 3847 909 3885 aut
933 3845 1042 3897 quod
1061 3857 1164 3885 uxor
1190 3845 1375 3896 quaedam
1398 3857 1473 3884 no-

56 3934 106 3950 -.,,
182 3907 332 3963 marchi
361 3919 516 3959 regem,
540 3910 611 3960 qui
630 3911 733 3952 filios
757 3912 881 3963 ipsius
908 3914 1138 3953 abstrahere
1159 3914 1372 3964 voluisset,
1395 3925 1475 3953 una

182 3985 273 4027 cum
289 3975 379 4016 filiis
398 3977 576 4017 insecuta
601 3978 834 4031 devicisset;
851 3982 921 4021 aut
939 3982 1047 4032 quod
1072 3991 1200 4032 quum
1219 3981 1472 4021 Naucratitas

174 4053 252 4095 vpei·
266 4044 400 4084 Nilum
414 4045 580 4087 nuvium
591 4047 714 4089 classe
728 4049 985 4090 ascendentes
1007 4061 1057 4090 ne
1079 4053 1120 4090 in
1147 4053 1295 4092 terram
1312 4051 1473 4102 egrede-

54 4086 109 4139 (3
181 4111 320 4154 rentur
351 4112 492 4163 reliqui
513 4115 686 4165 AEgyptii
720 4116 1034 4168 prohibuissent,
1069 4119 1110 4157 hi
1130 4119 1471 4170 (Gynaecopolitae)

183 4180 360 4228 exterriti
376 4182 559 4222 muliebri
584 4183 741 4234 ignavia
763 4196 843 4224 non
873 4187 1107 4236 repulissent
1133 4198 1212 4227 eos».
1241 4189 1371 4238 Atque
1397 4188 1473 4228 hoe

33 4234 87 4299 {23}
186 4248 455 4289 Artemidorus
469 4262 628 4301 quoque
643 4255 790 4292 narrat.

2755 321 2815 362 99

2156 477 2198 518 9-

1595 597 1768 640 Plinius
1796 595 1850 639 ll.
1877 598 1930 639 N.
1952 596 2183 649 XXXVI,
2218 612 2270 638 12
2290 630 2300 650 ‚
2332 614 2380 652 17
2410 615 2418 640 ;
2446 602 2536 654 Qui
2559 603 2615 643 dc
2635 606 2689 644 iis
2711 619 2823 645 scr!-

1524 673 1701 728 pserinc
1723 667 1812 728 (sc,
1835 668 1893 712 de
1913 668 2259 728 pyramidibus)
2277 702 2288 722 ‚
2309 680 2414 712 sant
2429 672 2698 726 Herodotus,
2733 676 2824 717 Eu·-

1529 741 1758 794 hemeras,
1789 742 1930 784 Duris·
1961 740 2167 793 Samius,
2205 743 2517 798 Aristagoras,
2551 745 2819 802 Dionysms,

1531 815 1863 867 Artemidorus,
1919 814 2188 856 Alexander
2235 813 2380 870 Polyle
2388 818 2510 868 istor,
2562 818 2818 872 Butorz‘cles,

1532 886 1846 939 Antisthenes,
1883 886 2161 938 Demetrius,
2202 887 2472 939 Demoteles,
2502 891 2671 946 Apion.
2702 893 2831 934 Inter

1532 973 1689 1002 omnes
1718 973 1793 1002 eos
1813 973 1904 1002 non
1933 967 2112 1002 constat
2129 974 2160 1000 (ι
2180 959 2339 1017 quibus
2351 956 2509 1015 sactoe
2537 965 2651 1014 sint,
2668 967 2831 1018 ,μαίω-

1533 1036 1651 1075 simo
1681 1047 1791 1074 casu
1825 1032 2081 1075 obliteratis
2115 1041 2259 1074 tantoe
2301 1035 2515 1074 vanitatis
2557 1037 2829 1079 auctoribus:

1535 1106 1698 1162 Aliqui
1723 1119 1785 1147 ea:
1814 1103 1885 1146 his
1907 1104 2220 1164 prodiderunt
2251 1108 2298 1146 itz
2332 1103 2566 1163 raphanos
2596 1116 2641 1148 et
2671 1109 2833 1151 allium

1538 1191 1594 1219 ac
1614 1192 1771 1236 caepas
1790 1179 1920 1220 me'lle
1935 1187 2153 1223 sexcenta
2178 1179 2355 1222 talenta
2378 1189 2587 1237 erogata.

1609 1268 1627 1287 «
1666 1250 1735 1292 Ex
1762 1249 1855 1292 istis
1889 1257 2068 1293 aetatem
2102 1251 2271 1294 scimus
2305 1247 2562 1306 Herodoti,
2592 1253 2834 1307 Euemeri,

1534 1319 1726 1364 Duridis
1743 1321 1907 1376 Samii,
1930 1314 2220 1366 Artemidori
2238 1322 2448 1382 Ephesii,
2471 1324 2726 1368 Alexandri
2747 1328 2837 1370 Po-

1536 1394 1769 1452 lyhistoris
1785 1402 1831 1438 et
1852 1396 2061 1453 Apionis.
2082 1397 2238 1453 Quum
2258 1411 2371 1440 vero
2392 1398 2441 1440 in
2459 1413 2537 1441 sex
2560 1399 2654 1442 istis
2670 1415 2838 1443 recen—

1537 1466 1690 1510 sendis
1710 1475 1976 1526 temporum
1991 1469 2111 1512 ratio
2129 1484 2155 1512 a
2168 1469 2320 1513 Plinio
2333 1478 2559 1526 servetur,
2579 1471 2711 1515 facile
2725 1473 2839 1515 milii

1538 1539 1798 1598 persuadeo
1815 1573 1827 1595 ,
1853 1539 1979 1584 idem
2002 1541 2052 1583 in
2076 1555 2154 1584 sex
2179 1542 2332 1585 alteris
2354 1541 2632 1587 observasse.
2661 1544 2841 1602 Quodsi

1540 1620 1632 1671 est,
1659 1612 1830 1655 vixerit
1851 1613 2142 1672 Aristagoras
2168 1615 2290 1658 inter
2312 1615 2543 1659 Duridem
2567 1617 2771 1660 Samium
2794 1629 2839 1662 et

1540 1683 1892 1727 Artemidorum
1907 1685 2158 1743 Ephesium
2170 1687 2242 1729 vel
2256 1687 2521 1731 alterutrius
2538 1687 2678 1732 fuerit
2693 1705 2841 1748 tequa-

1541 1755 1607 1799 lis.
1631 1756 1816 1800 Floruit
1846 1764 2000 1800 autem
2031 1759 2171 1801 Duris
2203 1758 2381 1802 Samius
2401 1759 2485 1802 sub
2508 1761 2838 1822 Philadelpho,

1515 1865 1519 1869 .
1541 1827 1868 1872 Artemidorus
1887 1829 2128 1888 Ephesius,
2146 1830 2216 1873 uti
2235 1836 2281 1873 et
2299 1832 2380 1889 qui
2397 1834 2612 1890 proxime
2632 1837 2842 1894 sequitur

1540 1899 1805 1944 Alexander
1821 1901 2103 1960 Polyhistor,
2121 1903 2313 1960 Lathyri
2332 1912 2544 1962 tempore
2561 1903 2839 1953 floruerunt.

1541 1971 1683 2029 Quod
1699 1971 1758 2016 de
1778 1974 2047 2034 Aristagora
2067 1973 2269 2018 diximus
2282 2009 2294 2030 ,
2314 1975 2439 2019 idem
2463 1977 2620 2021 locum
2638 1977 2779 2022 habet
2797 1980 2842 2021 in

1538 2045 1790 2103 Dionysio,
1825 2047 2035 2104 quisquis
2069 2047 2147 2091 ille
2182 2057 2270 2102 est;
2307 2063 2416 2091 nam
2453 2051 2534 2108 qui
2557 2052 2615 2094 sit
2652 2049 2841 2094 difficile

1541 2115 1670 2160 dictu
1692 2123 1782 2173 est,
1811 2132 1957 2176 quum
1987 2134 2134 2178 usque
2167 2120 2284 2164 adeo
2307 2122 2442 2164 multi
2467 2123 2716 2167 laudentur
2747 2123 2843 2180 ejus

1540 2190 1742 2232 nominis
1761 2191 2026 2249 scriptores.
2050 2192 2272 2236 Similiter
2291 2193 2511 2253 colligere
2537 2195 2716 2250 licebit,
2744 2197 2842 2239 Bu—

1542 2262 1771 2318 toridem,
1811 2263 2156 2319 Antisthenem,
2198 2267 2511 2322 Demetrium,
2551 2269 2840 2312 Demotelem

1541 2349 1627 2378 nec
1644 2335 1896 2379 Ptolemaeo
1913 2337 2120 2394 Lathyro
2137 2338 2425 2395 antiquiores
2443 2354 2536 2383 esse
2549 2373 2559 2393 ,
2580 2354 2665 2384 nec
2678 2340 2840 2397 junio-

1540 2421 1614 2450 res
1646 2407 1837 2451 Tiberio
1880 2408 2078 2464 Caesare,
2118 2408 2247 2466 cujus
2274 2418 2406 2454 aetate
2440 2412 2555 2454 vixit
2595 2413 2766 2470 Apion.
2815 2434 2833 2451 υ

1540 2480 1737 2524 Vossius
1760 2495 1811 2538 p.
1842 2485 1955 2532 400.
1976 2482 2088 2538 Quae
2112 2484 2323 2539 quamvis
2348 2498 2560 2542 magnam
2582 2485 2841 2542 probabili-

1542 2552 1645 2594 tatis
1675 2553 1876 2610 speciem
1909 2568 2006 2612 prae
2038 2569 2084 2597 se
2107 2554 2280 2610 serant,
2307 2555 2653 2614 praeferendum
2689 2567 2843 2602 tamen

1543 2622 1766 2667 disertum
1793 2613 2107 2669 testimonium
2127 2624 2379 2686 Stephani,
2414 2630 2492 2686 qui
2528 2630 2845 2689 Aristagoram

1542 2696 1734 2740 Platone
1768 2710 1868 2740 non
1896 2699 2046 2741 multo
2074 2696 2312 2756 juniorem
2337 2699 2471 2744 fuisse
2494 2699 2607 2745 dicit
2642 2701 2726 2761 (fr.
2764 2703 2843 2763 6).

1543 2768 1695 2812 Multo
1714 2770 1866 2813 minus
1879 2762 2267 2831 chronologicum
2285 2772 2500 2817 ordinem
2518 2774 2692 2827 Plinius
2713 2792 2846 2820 cura·

1543 2841 1611 2884 vit
1628 2841 1676 2884 in
1696 2842 1858 2886 Indice
1875 2839 1958 2886 lib.
1985 2840 2211 2901 XXXVI,
2235 2844 2318 2888 ubi
2335 2846 2580 2889 nominum
2598 2849 2735 2892 series
2750 2849 2847 2892 haec

1545 2923 1614 2958 est
1656 2930 1666 2957 :
1698 2915 1965 2959 Alexander
2004 2916 2286 2975 Polyhistor,
2326 2919 2508 2976 Apion,
2542 2919 2844 2976 Plistonicus‚

1541 2987 1702 3042 Duris,
1724 2985 2010 3043 Herodotus,
2024 2989 2310 3033 Euhemerus
2321 3024 2333 3045 ,
2349 2992 2650 3050 Aristagoras,
2667 2995 2845 3052 Diony-

1542 3058 1632 3103 sius
1645 3093 1657 3116 ,
1677 3060 2024 3123 Artemidorus,
2047 3060 2317 3118 Butorides‚
2337 3065 2651 3120 Antisthenes,
2677 3068 2846 3110 Deme-

1544 3133 1683 3188 trius,
1713 3135 2007 3189 Demoteles,
2045 3136 2234 3194 Lyceas.
2263 3136 2479 3180 Ceterum
2520 3138 2766 3181 Euemerus
2788 3140 2846 3183 de

1543 3205 1867 3264 pyramidibus
1886 3206 2058 3251 dixerit
2077 3209 2126 3251 in
2145 3204 2261 3271 Ἱερᾷ
2280 3208 2525 3271 ἀναγραφῇ.
2553 3210 2718 3268 Operis
2739 3227 2847 3254 vere

1545 3278 1755 3322 historici
1787 3279 1845 3322 ab
1879 3280 2112 3324 Euemero
2152 3282 2400 3339 compositi
2426 3283 2627 3327 certiora
2658 3285 2845 3343 vestigia

2175 3421 2218 3460 7.

1601 3484 1832 3524 Sacerdotes
1856 3488 1989 3526 autem
2018 3487 2074 3527 ita
2091 3488 2310 3529 abhorrent
2340 3491 2391 3529 ab
2414 3494 2758 3531 excrementorum
2779 3504 2841 3531 na-

1549 3547 1639 3586 tura
1650 3577 1661 3596 ‚
1676 3550 1817 3587 utnon
1834 3549 2034 3600 legumina
2046 3552 2166 3591 modo
2186 3553 2374 3604 pleraque
2390 3558 2636 3604 aversentur,
2655 3558 2693 3594 et
2709 3567 2845 3595 carnes

1549 3613 1689 3654 ovillas
1714 3625 1762 3653 ac
1777 3616 1935 3665 suillas,
1955 3629 2045 3668 quae
2062 3620 2237 3658 multum
2254 3619 2535 3670 supervacanei
2554 3620 2718 3671 gignunt
2741 3638 2749 3661 :
2775 3622 2841 3661 sed

1548 3678 1671 3716 salem
1702 3689 1860 3729 quoque
1884 3680 1982 3720 cibis
2007 3681 2218 3722 detrahant
2241 3695 2321 3734 quo
2338 3686 2515 3734 tempore
2530 3686 2664 3723 sancte
2680 3696 2726 3723 ac
2746 3696 2843 3734 pure,

1548 3742 1690 3781 vivunt
1712 3759 1721 3782 z
1744 3755 1871 3794 quum
1894 3745 1981 3786 aliis
2001 3747 2077 3786 hoc
2095 3747 2312 3798 decausis,
2337 3751 2424 3788 tum
2450 3749 2557 3799 quod
2587 3749 2642 3788 sal
2667 3750 2840 3799 appetitu

1548 3807 1777 3846 exacuendo
1800 3808 1925 3858 magis
1945 3809 2102 3850 bibulos
2122 3813 2164 3851 et
2179 3813 2401 3851 voraciores
2424 3812 2564 3852 reddit.
2588 3813 2763 3852 Stultum
2783 3818 2843 3852 est

1548 3869 1654 3908 enim
1672 3871 1794 3910 salem
1810 3874 2018 3922 propterea
2034 3885 2106 3924 pro
2123 3875 2329 3915 immundo
2346 3876 2480 3915 haberi
2494 3905 2503 3920 .
2528 3875 2634 3924 quod
2646 3906 2657 3924 ,
2689 3879 2730 3914 ut
2752 3878 2839 3915 Ari-

1548 3933 1723 3983 stagoras
1744 3935 1821 3984 ait,
1842 3935 1938 3975 dum
1961 3937 1994 3977 is
2009 3940 2179 3989 cogitur,
2195 3940 2322 3979 multa
2341 3938 2578 3978 animalcula
2598 3938 2838 3988 deprehensa

1548 3995 1584 4035 ei
1599 3996 1889 4040 immoriantur.

2172 4071 2198 4109 8

1598 4134 1718 4184 Signa
1733 4137 1773 4174 et
1789 4138 1905 4176 notas
1921 4135 2054 4187 Apidis
2074 4138 2177 4176 tauri
2205 4137 2428 4176 Herodotus
2449 4148 2607 4187 quoque
2623 4140 2662 4177 et
2686 4138 2835 4178 Arista-

1546 4204 1661 4248 goras
1704 4199 1922 4249 explicant,
1959 4211 2052 4239 cum
2096 4200 2242 4250 quibus
2282 4202 2413 4238 tamen
2463 4212 2541 4238 non
2586 4203 2835 4243 consentiunt

1547 4259 1729 4329 AEgyptii.
